4200 6418
1581 423 1927 490 ’.ΞΔΟΠΙΑ
1979 425 2200 487 IX-X.
2260 417 2470 481 ΑΝΝΙ
2511 416 2800 480 813-948.

1813 691 2555 810 ELENCHUS

758 1007 1264 1074 AUCTORUM
1303 1006 1423 1067 ET
1465 1004 1858 1066 OPBRUM
1892 1003 2051 1079 QUI
2101 1002 2201 1063 IN
2235 1000 2416 1063 HOC
2459 997 2718 1061 TOMO
2762 996 2918 1059 CIX
2954 993 3639 1058 CONTINENTUR.

1844 1278 2566 1314 “oo..—

968 1500 1448 1564 SCRIPTORES
1493 1499 1698 1559 POST
1739 1495 2302 1557 THEOPHANEM
2354 1495 2461 1554 EX
2513 1489 2729 1553 EDIT.
2769 1489 2898 1550 FB.
2946 1488 3430 1552 COMBEFISII.

694 1667 1003 1729 ANONYMI
1038 1666 1430 1728 continuatio
1457 1663 1864 1744 Theophanis
1905 1662 2078 1724 libris
2117 1678 2204 1737 Iv,
2230 1657 2622 1723 Constantini
2658 1654 3196 1738 Porphyrogeniti
3227 1655 3384 1736 imp.

768 1770 949 1850 jussu
987 1771 1246 1847 scripta.
3425 1758 3546 1820 col.
3639 1756 3709 1819 15

695 1869 1185 1932 CONSTANTINUS
1245 1872 1868 1932 Ponrnmocemws
1922 1867 2010 1930 De
2066 1865 2189 1928 vita
2243 1870 2305 1928 et
2362 1865 2552 1926 rebus
2603 1864 2796 1942 gestis
2853 1863 2952 1926 avi
3007 1861 3106 1924 sui
3177 1861 3393 1923 Basilii

772 1969 1157 2035 Macedonis.
3598 1962 3712 2024 225

698 2074 1004 2134 ANUNYMI
1043 2074 1187 2136 libri
1243 2075 1368 2136 duo
1403 2076 1489 2136 Dc
1532 2073 1656 2136 vita
1693 2073 1922 2136 Leonis
1961 2069 2356 2151 Phi1050phi,
2391 2070 2727 2133 Alexandri
2767 2077 2829 2133 et
2873 2069 3143 2132 Romani
3165 2069 3388 2150 Juniu-

776 2177 884 2249 ris,
920 2177 1123 2255 impp.
3596 2170 3710 2232 369

705 2281 1015 2340 Amomrm
1048 2280 1414 2341 Dissertatio
1446 2279 1826 2341 steliteutica
1861 2285 2082 2340 contra
2110 2277 2592 2351 Iconomachos,
2632 2279 2868 2360 scripta
2898 2279 3063 2341 circa
3097 2297 3198 2341 an.
3230 2278 3368 2341 745.
3593 2281 3708 2340 1ι99

679 2382 989 2460 βοηωε,
1031 2381 1330 2444 monachi
1371 2381 1956 2461 Hierosolymitani,
1994 2381 2272 2444 narratio
2313 2382 2390 2443 de
2424 2381 2671 2459 origine
2714 2389 3004 2444 motuum
3060 2383 3391 2445 lconocla-

701 2487 706 2494 '
783 2491 1038 2546 starum.
3597 2487 3709 2550 517

699 2588 970 2648 JOANNIS
1003 2589 1392 2667 ῼΑΜΕΝιΑτ-Αε
1434 2589 1719 2651 Narratio
1769 2587 1846 2650 de
1879 2587 2125 2650 excidio
2161 2587 2670 2664 Thessalonica);
2723 2589 3128 2671 prmmittitur
3165 2607 3386 2654 excer-

783 2695 958 2769 ptum
995 2682 1074 2752 ex
1113 2690 1433 2752 miraculis
1467 2692 1528 2751 S.
1559 2691 1859 2753 Demetrii
1895 2691 2206 2769 martyris.
3599 2696 3711 2759 519

704 2792 1023 2853 Gnaoonu
1056 2791 1352 2854 monachi
1391 2809 1468 2853 ex
1499 2793 1633 2853 Vita
1663 2791 1872 2853 Basilii
1899 2793 2201 2855 Junioris.
3596 2799 3712 2859 653

700 2878 1026 2957 Srmsoms
1063 2897 1337 2974 Magistri
1380 2901 1440 2958 et
1488 2896 1854 2974 Logotlietm
1885 2897 2159 2960 Annales
2196 2915 2232 2961 a
2265 2901 2481 2964 Leone
2529 2905 2804 2967 Armeno
2846 2904 2925 2967 ad
2962 2902 3389 2984 Nicephorum

783 3002 1078 3065 Phocam.

3597 3011 3710 3071 663

703 3109 974 3169 Οιεοιιαιι
1015 3107 1314 3171 monachi
1357 3108 1508 3170 Vita)
1541 3108 1962 3172 recentiorum
1993 3108 2478 3188 imperatorum.
3594 3111 3710 3174 823

1787 3275 2182 3339 JOSEPHUS
2217 3276 2624 3339 GENESIUS.

703 3433 974 3496 Historia
1009 3433 1088 3497 de
1118 3435 1308 3497 rebus
1345 3436 2081 3519 Constantinopolitanis.
3597 3441 3712 3505 985

2540 5750 2869 5840 Ρίηίςὶἰεξ-α-
2902 5787 2976 5842 lix
3007 5787 3170 5860 Typis
3200 5788 3341 5844 J.—r.
3381 5791 3609 5845 musa.
