4200 6416
1725 622 2339 741 NOTITIA
2964 558 2971 563 ”

1996 893 2051 936 ιιι

917 1041 1311 1104 ΗΙΞΤΟΒῙᾹΞ
1341 1038 1790 1105 ΒΥΖΑΝΤΙΝιΈ
1831 1036 2304 1102 SCRIPTORES
2338 1040 2530 1103 POST
2563 1041 3112 1107 THEOPHANEM.

1593 1196 1817 1259 (Fame.
1843 1192 2066 1248 Bibliolh.
2092 1197 2180 1248 Gr.
2208 1196 2294 1259 VI,
2317 1194 2452 1260 518.)

446 1500 614 1557 Venit
664 1497 781 1570 jam
837 1497 1240 1554 recensendum
1286 1499 1545 1554 volumen
1603 1499 1937 1569 Scriptorum
1986 1511 2106 1570 post
2146 1501 2536 1568 Theophanem,
2587 1501 2705 1557 sive
2748 1504 2844 1571 qui
2872 1500 3164 1559 historiam
3198 1503 3558 1574 Byzantinam
3594 1506 3667 1560 ah

375 1585 558 1642 [aonie
584 1584 877 1649 Armenio,
902 1584 1062 1638 Mich.
1097 1582 1446 1655 CurOpalatze
1502 1586 1880 1657 imperatoris.
1913 1587 1967 1641 in
2008 1602 2118 1657 quo
2153 1589 2358 1645 desinit
2398 1588 2754 1660 TheOphanis
2783 1588 3124 1659 Chronicon,
3168 1605 3517 1659 successore,
3543 1608 3675 1663 pro-

382 1676 656 1731 duxerunt
700 1688 883 1744 usque
927 1673 998 1729 ad
1032 1672 1405 1745 Nicephorum
1434 1673 1677 1731 Phocam
1731 1676 1864 1747 imp.
1896 1684 1951 1732 et
1988 1693 2055 1732 ex
2100 1693 2239 1734 mss.
2266 1678 2431 1735 codd.
2463 1680 2722 1736 recensiti
2765 1690 2932 1751 atque
2962 1681 3216 1737 versione
3246 1681 3437 1736 donati
3479 1694 3609 1737 sunt
3640 1697 3669 1735 a

385 1761 681 1818 Francisco
723 1761 1026 1826 Comhelis,
1071 1762 1194 1817 ord.
1249 1763 1681 1832 praedicatorum
1750 1767 2195 1836 congregationis
2235 1766 2293 1823 S.
2350 1765 2640 1833 Ludovici,
2672 1768 2769 1824 sed
2800 1769 2978 1825 lucem
3013 1768 3234 1824 demum
3264 1771 3522 1825 viderunt
3547 1773 3673 1839 post

381 1853 503 1917 ejus
573 1850 684 1904 fata
721 1850 822 1923 (α),
887 1850 1073 1907 Paris.
1138 1850 1299 1917 1685,
1352 1851 1490 1919 fo|.;
1550 1852 1697 1909 unde
1753 1854 1920 1909 etiam
1977 1855 2365 1913 adnotationes
2404 1871 2545 1927 quas
2595 1856 2651 1913 in
2687 1857 2789 1913 hos
2820 1858 3122 1931 scriptorcs
3163 1858 3249 1912 vir
3278 1857 3477 1914 doctus
3514 1873 3674 1928 para-

381 1939 497 2005 bat,
529 1938 937 1995 desiderantur.
969 1937 1280 2008 Scriptores
1310 1939 1415 2011 ipsi
1448 1940 1553 1997 hoc
1580 1942 1775 1998 ordine
1803 1944 2061 2015 leguntur
2091 1963 2105 2000 :

461 2028 511 2082 1.
552 2029 794 2082 Amm:
844 2030 1033 2098 (quem
1058 2027 1297 2085 ‘incerta
1336 2029 1661 2100 conjectura
1718 2031 2009 2091 Leontium
2051 2034 2414 2107 Byzantinum
2455 2035 2643 2092 vocari
2668 2034 2829 2091 video
2877 2049 2908 2089 a
2960 2033 3183 2092 Labbeo
3218 2035 3274 2090 in
3313 2033 3669 2103 Protreptico,

386 2130 443 2185 p.
505 2115 571 2169 14
634 2113 795 2183 cliti)
860 2112 1189 2182 Chronicon,
1250 2114 1577 2189 Theophani
1630 2120 2011 2178 continuando
2072 2123 2428 2179 Constantini
2491 2124 3006 2194 Porphyrogenneti
3074 2123 3238 2195 jussu
3285 2124 3671 2192 conscriptum

384 2202 545 2259 libris
577 2218 634 2257 Iv
662 2202 762 2274 (ὁ),
784 2203 851 2258 de
876 2203 1111 2259 totidem
1131 2205 1561 2277 imperatoribus
1590 2222 1603 2259 :
1632 2207 1730 2263 lib.
1754 2224 1792 2273 ι,
1821 2208 1897 2264 De
1934 2209 2107 2266 Leone
2130 2210 2406 2278 Armenio,
2437 2212 2531 2282 qui
2555 2211 2621 2267 A.
2658 2211 2721 2266 C.
2752 2212 2856 2267 8l3
2886 2212 3060 2282 coepit
3093 2211 3451 2281 imperitare;
3483 2211 3582 2266 lib.
3607 2222 3672 2274 tt,

383 2291 462 2346 De
491 2291 755 2346 Michaele
782 2290 987 2357 Balbo;
1022 2292 1118 2347 lib.
1181 2308 1266 2356 tu,
1311 2293 1390 2348 De
1441 2292 1731 2365 Theophilo
1763 2295 2068 2365 Michaelis,
2110 2309 2164 2357 et
2218 2300 2317 2356 lib.
2353 2316 2431 2367 tv,
2467 2299 2533 2356 de
2565 2298 2836 2355 Michaele
2871 2298 3161 2370 TheOphili
3183 2298 3317 2365 ﬁlio,
3343 2313 3504 2369 quem
3540 2312 3676 2353 nece

385 2381 664 2436 sublatum
713 2381 910 2437 scribit
959 2380 1029 2436 24
1063 2379 1216 2452 Sept.
1259 2383 1389 2437 anni
1449 2382 1765 2440 Graecorum
1808 2385 1972 2454 6576,
2006 2391 2112 2447 hoc
2166 2400 2253 2447 est
2281 2390 2489 2448 Christi
2530 2392 2656 2448 868.
2690 2392 2881 2449 Graeca
2923 2380 3303 2459 .Combeiisius
3328 2387 3575 2459 vulgavit
3604 2403 3675 2440 ex

384 2472 703 2543 apograplto
762 2470 1162 2527 Barberiniano
1214 2472 1424 2529 codicis
1463 2489 1569 2528 ms.
1604 2472 1861 2531 Vaticani
1898 2477 1998 2549 (δι),
2025 2479 2170 2549 quod
2209 2477 2529 2536 llolstenius
2567 2481 2739 2538 Roma
2782 2482 3191 2538 transmiserat.
3218 2480 3266 2534 A
3301 2476 3677 2534 Constantino

389 2559 938 2633 Porphyrogenneto,
974 2560 1060 2617 vel
1084 2560 1206 2631 ejus
1247 2564 1472 2619 nomine
1500 2564 1667 2620 verba
1698 2567 1948 2635 quaedam
1980 2570 2187 2625 inserta
2218 2570 2476 2626 videntur
2510 2570 2607 2625 lib.
2647 2587 2708 2638 tt,
2734 2571 2826 2627 ubi
2863 2572 2932 2628 de
2955 2569 3119 2627 Creta
3160 2587 3188 2625 a
3216 2567 3508 2623 Saracenis
3540 2566 3678 2620 iibe—

395 2653 558 2705 randa
588 2666 800 2713 sermo,
836 2668 892 2722 p.
920 2651 1013 2709 51.

458 2738 508 2792 2.
545 2739 963 2795 Cossum-risus
985 2736 1552 2798 PonruvnoccuNt-z'rus
1578 2742 1899 2813 imperator,
1931 2748 1998 2802 A.
2024 2745 2087 2803 C.
2118 2748 2224 2805 959
2260 2751 2585 2819 exstinctus,
2621 2751 2689 2807 de
2715 2751 2829 2807 vita
2866 2750 2952 2806 avi
2994 2749 3080 2806 sui
3105 2748 3295 2804 Basilii
3333 2744 3672 2803 Macedonis.

386 2827 477 2897 qui
509 2824 763 2882 Michaeli
789 2824 1083 2897 Theophili
1123 2827 1235 2883 lilio
1266 2829 1331 2884 A.
1360 2828 1422 2884 C.
1452 2828 1559 2885 868
1591 2833 1887 2899 successit,
1934 2851 2209 2907 quemque
2245 2848 2401 2895 notat
2426 2856 2552 2895 cum
2595 2841 2690 2895 illo
2712 2841 3011 2896 decessore
3041 2852 3144 2894 suo
3176 2836 3441 2892 Michaele
3467 2849 3674 2888 annum

388 2932 555 2971 unum
603 2918 845 2973 habenas
881 2916 1098 2989 imperii
1159 2918 1423 2991 gessisse,
1457 2917 1658 2975 deinde
1683 2936 1816 2976 vero
1864 2923 2003 2981 alios
2036 2940 2213 2982 annos
2268 2927 2610 3001 undeviginti
2650 2928 2828 2984 solum
2890 2943 3075 2983 rerum
3110 2940 3384 2982 summam
3412 2924 3677 2994 praeclare

385 3006 829 3069 administrasse,
868 3021 1043 3077 usque
1072 3005 1140 3060 ad
1171 3020 1379 3061 annum
1411 3006 1673 3062 nimirum
1721 3008 1847 3065 888.
1873 3010 1996 3067 Vita
2027 3014 2131 3070 ista
2166 3016 2279 3085 jam
2314 3017 2489 3072 lucem
2519 3017 2753 3080 viderat,
2793 3031 2916 3070 cum
2952 3015 3154 3071 Leonis
3180 3014 3367 3068 Allatii
3401 3012 3675 3075 versione,

384 3095 440 3150 in
480 3095 604 3164 ejus
632 3095 1004 3165 Συμμίκτοις
1032 3098 1099 3151 A.
1137 3094 1297 3162 1655,
1321 3096 1403 3165 8ο,
1437 3096 1613 3154 divisa
1663 3100 1721 3153 in
1751 3090 2029 3160 sectiones

2018 3119 2029 3159 ἰ
2061 3104 2178 3159 sive
2210 3107 2389 3176 capita
2433 3105 2520 3161 '70.
2556 3104 2664 3160 Sed
2705 3104 3071 3160 Combclisius
3096 3101 3286 3158 Graeca
3328 3100 3396 3155 ad
3419 3101 3527 3169 jam
3560 3116 3677 3154 me—

385 3194 669 3239 moratum
726 3185 1106 3255 apographum
1161 3184 1620 3241 Barberinianum
1662 3190 1967 3253 recensuit,
2017 3206 2216 3246 novam
2264 3192 2515 3263 adjuuxit
2537 3193 2873 3258 versionem,
2905 3201 2959 3246 et
3005 3189 3349 3246 seetionibus
3390 3188 3487 3242 101
3519 3186 3679 3239 aliter

382 3282 551 3343 atque
582 3271 818 3327 Allatius
850 3272 1177 3343 dispescuit,
1207 3289 1333 3345 quze
1384 3273 1604 3330 diversa
1647 3278 1890 3347 capitum
1923 3277 2208 3335 distinctio
2250 3296 2476 3337 crucem
2508 3284 2648 3338 solet
2678 3282 2842 3353 ﬁgere
2874 3282 3171 3338 citantibus
3198 3278 3553 3349 scriptorem,
3586 3275 3674 3329 vel

381 3361 548 3413 citata
583 3360 701 3415 loca
742 3359 1029 3430 inquirere
1056 3361 1627 3431 cupientibus.-Quod
1660 3365 1715 3419 in
1761 3365 1920 3422 titulo
1954 3368 2040 3439 leg

2016 3368 2159 3439 gitur
2190 3386 2205 3423 :
2243 3369 2517 3443 Ἰστορικὴ
2567 3370 2827 3442 διήγησις
2863 3367 2960 3423 τοῦ
2998 3369 3113 3440 βίου
3140 3369 3238 3422 καὶ
3269 3367 3379 3421 τῶν
3412 3366 3675 3437 πράξεων

384 3447 675 3501 Βασιλεὶου
708 3448 803 3503 τοῦ
838 3450 1092 3520 ἀοιδίμου
1119 3450 1409 3521 βασιλέως,
1440 3453 1510 3524 ἣν
1544 3454 1963 3520 Κωνσεαντϊνος
1983 3457 2242 3527 βασιλεὺς
2272 3461 2331 3512 ὲν
2355 3459 2479 3530 Θεῷ
2521 3459 2813 3531 Ῥωμαίων
2846 3460 2875 3512 ὁ
2906 3458 3098 3513 τούτου
3125 3455 3344 3519 υἱωνὸς,
3370 3455 3680 3523 φιλοπόνως

379 3540 492 3593 an;
511 3538 791 3609 διαφόρων
815 3541 1079 3609 ἀθροίσας
1105 3541 1464 3612 διηγημάτων
1498 3541 1579 3613 τῷ
1615 3543 1884 3615 γράφοντι
1916 3563 2038 3617 προ‹

2018 3548 2307 3613 invehere,
2352 3564 2447 3619 per
2483 3550 2578 3603 τὸν
2609 3549 2893 3621 γράφοντα
2932 3548 3178 3617 intellige
3210 3555 3495 3601 auctorem
3534 3560 3677 3615 qua-

378 3639 511 3685 tuor
531 3630 959 3700 piacedentium
980 3630 1271 3695 librorum,
1303 3633 1508 3702 quibus
1551 3634 1693 3690 hanc
1751 3632 1934 3690 Vitam
1983 3635 2129 3691 bona
2160 3639 2319 3692 venia
2353 3638 2705 3707 imperatoris
2760 3636 3081 3703 subnexuit,
3114 3646 3167 3691 et
3210 3650 3318 3705 qua
3359 3643 3591 3689 testatur
3615 3648 3678 3688 se

380 3719 713 3774 deterritum
746 3734 889 3782 esse,
924 3735 992 3775 ne
1029 3728 1083 3774 et
1109 3722 1225 3791 ipse
1250 3718 1433 3777 Vitam
1462 3722 1653 3778 Basilii
1685 3724 1974 3788 scriberet,
2004 3726 2080 3779 ita
2104 3727 2251 3782 enim
2282 3727 2614 3798 ‘Anonymus
2648 3726 2739 3781 ille
2783 3725 3049 3781 Chronici
3094 3725 3335 3794 scriptor
3374 3723 3430 3779 in
3456 3722 3675 3793 prtel‘at.

384 3810 453 3862 ad
489 3809 744 3862 eumdem
778 3806 1230 3873 Constantinum,
1265 3809 1429 3880 cujus
1463 3810 1620 3880 jussu
1657 3812 1725 3866 ad
1753 3810 2143 3884 Theophanem
2190 3815 2637 3870 continuandum
2688 3814 3000 3870 accessisse
3033 3828 3094 3869 se
3136 3811 3424 3883 proﬁtetur
3450 3829 3462 3865 :
3488 3813 3549 3865 Et
3584 3813 3681 3867 καὶ

386 3896 485 3951 τοῦ
518 3897 764 3967 ἀοιδίμου
797 3914 891 3951 σου
924 3898 1174 3966 πάππου,
1200 3898 1296 3953 τοῦ
1323 3901 1383 3952 ὲν
1416 3899 1702 3969 βασιλεῦσι
1726 3901 1986 3966 εὐκλεοῦς
2014 3903 2306 3957 Βασιλεεου
2335 3904 2402 3957 τὰ
2443 3904 2596 3975 παρὰ
2626 3902 2718 3957 σοῦ
2762 3903 3146 3973 ἱστορούμενα,
3184 3901 3280 3955 καὶ
3317 3902 3457 3973 μετὰ
3497 3903 3681 3972 πάσης

402 3985 694 4053 σαφηνείας
724 3986 817 4038 καὶ
844 3985 1005 4055 λόγου
1037 3988 1339 4059 εὐκοσμίας
1391 3988 1536 4041 κατὰ
1585 3988 1647 4041 τὸ
1694 3989 1806 4041 τῶν
1846 3991 2160 4060 γενομένων
2212 3991 2411 4061 ἀληθὲς
2448 3993 2544 4045 καὶ
2587 3990 2882 4061 εἰλικρινὲς
2912 3993 2994 4054 εἰς
3032 3991 3092 4043 τὸ
3127 3988 3366 4061 φανερὸν
3399 3990 3553 4060 παρὰ
3578 3989 3683 4057 τῆς

404 4072 505 4141 σῆς
538 4072 1014 4147 πολυμαθεστάτης
1042 4077 1306 4148 εἰδήσεως
1332 4075 1788 4147 ὲξαγορευθέντα,
1825 4079 2083 4149 περιττὸν
2114 4079 2180 4133 ἂν
2210 4080 2298 4151 εἴη
2329 4078 2606 4133 οὐδοτιοῦν
2638 4079 3034 4150 διηγήσασθαι.
3068 4078 3377 4144 Labbcum,
3410 4078 3505 4147 qui
3540 4078 3684 4130 hanc

398 4160 575 4218 Vitam
602 4178 708 4218 non
734 4180 763 4218 a
794 4164 1165 4222 Constantino
1199 4166 1343 4237 ipso,
1374 4169 1468 4222 sed
1500 4168 1570 4221 ab
1593 4167 1700 4222 alio
1732 4166 1856 4234 ejus
1881 4168 2045 4237 jussu
2090 4167 2356 4234 scriptam
2387 4173 2473 4218 est
2498 4165 2841 4234 suspicatus,
2868 4163 3071 4217 refellit
3096 4162 3361 4218 Martinus
3397 4160 3683 4216 llanckius

385 4252 466 4308 De
493 4252 642 4309 llist.
674 4254 808 4324 Byz.
843 4257 1194 4325 scriptoribus
1234 4273 1286 4326 β.
1323 4256 1452 4317 475.
1507 4264 1674 4327 atque
1721 4257 1876 4313 solus
1906 4255 1997 4311 ille
2032 4251 2302 4326 (lianckio
2349 4267 2452 4309 nec
2486 4252 2642 4309 visus
2692 4251 2984 4322 scriptoris
3025 4249 3289 4320 anouymi
3314 4249 3492 4312 locus,
3540 4265 3680 4304 uou-

380 4342 509 4397 dum
531 4344 683 4399 enim
712 4345 1013 4416 prodierat)
1044 4344 1247 4402 suilicit
1276 4344 1348 4401 ab
1370 4344 1571 4401 Labloei
1595 4355 1651 4401 et
1681 4345 1779 4416 qui
1811 4360 1937 4401 eum
1969 4342 2223 4415 sequitur
2244 4341 2407 4399 Cavei
2440 4343 2555 4413 (ubi
2584 4342 2653 4399 de
2687 4342 2915 4398 Leontio
2941 4340 3071 4412 Byz.
3108 4340 3533 4411 chronographo
3568 4349 3682 4411 agit

378 4433 449 4488 ad
481 4436 551 4488 A.
583 4433 649 4488 C.
672 4433 800 4503 920)
832 4435 1210 4504 conjecturam
1241 4435 1574 4490 elidendam.
2376 4452 2384 4457 ί

457 4522 513 4577 5.
546 4524 841 4579 Διιοκυιυε
864 4522 1034 4595 (alius
1068 4534 1127 4579 ut
1149 4522 1366 4578 videtur
1392 4530 1446 4577 et
1481 4521 1824 4578 succinctior
1846 4535 2012 4593 quam
2036 4523 2129 4594 qui
2168 4522 2416 4594 priorum
2448 4531 2689 4593 quatuor
2726 4522 2995 4577 librorum
3033 4529 3120 4577 est
3154 4519 3375 4589 auctor)
3410 4518 3485 4575 De
3522 4520 3680 4574 rebus

380 4615 575 4671 Leonis
608 4616 940 4685 Philosophi,
970 4619 1063 4689 qui
1102 4616 1291 4674 Basilii
1335 4617 1482 4673 illius
1515 4625 1572 4672 et
1601 4631 1898 4673 successor
1937 4618 2061 4682 fuit.
2109 4633 2232 4688 pag.
2266 4617 2537 4673 217-952.
2568 4616 2643 4672 De
2676 4616 2990 4673 Alexandro
3023 4614 3217 4672 Leonis
3245 4615 3417 4686 fratre
3449 4630 3505 4685 p.
3546 4614 3678 4678 533,

377 4703 510 4759 254.
561 4702 637 4757 De
678 4703 1034 4760 Constantino
1076 4705 1584 4776 Porphyrogenneto
1609 4703 1803 4760 Leonis
1832 4702 1929 4771 F.,
1957 4706 2054 4776 qui
2110 4721 2247 4778 puer
2303 4706 2590 4776 septennis
2628 4705 2884 4777 pervenit
2923 4705 2991 4761 ad
3034 4706 3424 4776 imperiutu,et
3460 4706 3677 4774 primos

383 4801 597 4861 septem
632 4808 811 4850 annos
846 4794 951 4850 sub
969 4792 1198 4851 Nicolao
1246 4794 1565 4865 patriarcha
1603 4802 1659 4849 et.
1704 4794 1831 4851 aliis
1864 4795 2165 4859 tutoribus,
2211 4803 2388 4851 matre
2435 4793 2566 4860 Zoe,
2604 4809 2782 4851 annos
2827 4809 2929 4851 sex
2955 4802 3012 4849 et
3034 4794 3229 4865 viginti
3265 4808 3391 4848 cum
3424 4791 3679 4848 Romano

387 4876 701 4950 Lacapeno,
723 4898 945 4948 socero,
983 4898 1047 4939 ac
1076 4883 1319 4952 denique
1340 4883 1497 4939 solus
1522 4896 1700 4939 annos
1723 4883 2041 4953 quindecim
2071 4882 2310 4955 praefuit,
2334 4892 2501 4955 atque
2526 4884 2601 4938 ita
2630 4898 2729 4954 per
2756 4898 2935 4939 annos
2965 4898 3033 4938 LV
3072 4884 3211 4939 vixit
3241 4882 3680 4951 dignitatemque

386 4972 737 5042 imperatoris
766 4972 935 5043 gessit
963 4990 976 5027 :
1012 4988 1139 5044 pag.
1172 4972 1433 5028 235-292.
1474 4972 1540 5027 Et
1564 4970 1641 5028 De
1671 4970 1915 5029 Romano
1930 4973 2152 5043 juniore
2178 4972 2525 5029 Constantini
2552 4971 3047 5043 Porphyrogenneti
3071 4973 3187 5041 ﬁlio
3205 5012 3221 5037 ,
3252 4986 3376 5041 pag.
3405 4956 3675 5026 293-500.

452 5175 532 5247 (ο)
561 5174 731 5247 Obiit
760 5175 1128 5233 Combciisius
1160 5175 1392 5233 Parisiis
1424 5176 1490 5233 A.
1522 5174 1683 5242 1679,
1710 5175 1783 5230 25
1817 5175 1973 5242 Jun.,
2085 5176 2139 5230 in
2173 5173 2504 5230 Bibliotheca
2524 5175 2844 5244 scriptorum
2861 5172 3368 5235 ecclesiasticarum,
3404 5180 3446 5223 ι.
3486 5169 3673 5235 XVIII,

384 5251 562 5322 aetatis
592 5247 688 5322 h_7_._
718 5246 795 5322 De
838 5250 963 5311 eius
980 5250 1118 5322 Avita
1131 5249 1461 5322 consulendi
1494 5250 1726 5322 Carolus
1757 5247 1979 5322 Peraul-
2085 5262 2211 5322 pag.
2246 5248 2349 5322 9_9_._
2606 5316 2637 5322 __
2704 5318 2713 5322 _
2820 5316 2831 5322 _
3058 5314 3071 5322 _
3134 5313 3144 5322 .

385 5326 475 5390 tus
518 5319 572 5371 in
630 5317 767 5372 Viris
825 5320 1009 5390 saeculi
1036 5318 1087 5372 X
1107 5318 1213 5373 VII
1238 5320 1539 5374 illustribus
1581 5321 1754 5390 quiin
1793 5318 1976 5373 Gallia
2086 5314 2103 5318 ’
2157 5314 2232 5390 (b)
2273 5317 2563 5390 Librorum
2588 5316 2999 5373 distinctionem
3025 5314 3092 5368 ab
3134 5314 3256 5383 ipso
3296 5320 3523 5366 auctore
3556 5327 3680 5367 esse

384 5387 717 5453 claruerunt,
748 5402 898 5445 tonio
924 5389 989 5455 ll,
1036 5406 1159 5461 pag.
1186 5390 1278 5457 48,
1319 5400 1373 5446 et
1405 5390 1543 5447 Lud.
1581 5387 1731 5445 Eiias
1766 5391 1839 5444 du
1868 5391 1965 5444 l’in
2078 5387 2225 5460 patet
2249 5405 2315 5443 ex
2344 5404 2470 5459 pag.
2504 5389 2628 5444 108.

480 5598 541 5659 (⁸)
572 5598 766 5666 «(Ξοὸεξ
790 5599 948 5666 ipse,»
980 5598 1149 5666 inquit
1171 5599 1443 5666 lmmangel
1467 5599 1801 5666 Bekkerusin
1840 5596 2133 5666 Praelatione
2159 5597 2219 5666 ad
2244 5591 2999 5666 editionem__liontiensem_anni
3027 5592 3476 5666 l838,n¢cumipos_t
3490 5596 3677 5666 pacem

382 5649 701 5713 Tolentinam
732 5649 951 5712 Parisios
970 5649 1280 5721 devertisset,
1302 5679 1327 5711 a
1358 5661 1534 5713 Carolo
1561 5649 1834 5712 Benedicto
1857 5660 2005 5710 llasio
2027 5660 2307 5721 descriptus
2336 5668 2414 5724 est
2435 5663 2483 5707 in
2505 5657 2594 5724 illo
2614 5657 2835 5707 codicum
2862 5657 3146 5724 Italicorum
3168 5649 3384 5724 Parisios
3411 5649 3678 5724 translato-

382 5738 492 5787 rum
522 5723 769 5787 catalogo,
796 5736 951 5786 quem
972 5723 1111 5787 gravi
1135 5715 1418 5774 litterarum
1439 5725 1618 5774 damno
1639 5725 1722 5774 diu
1744 5724 2082 5787 desideratum
2105 5715 2306 5771 tandem
2333 5721 2597 5787 aliquando
2620 5733 2880 5782 speramus
2900 5716 3222 5787 proditurum.
3241 5715 3679 5787 lndecompertlttn

382 5786 565 5834 librum
590 5777 739 5848 hujus
760 5777 1070 5849 argumenti.
1102 5788 1234 5848 quod
1260 5789 1490 5849 sciamus,
1521 5791 1720 5836 unicum
1754 5789 1889 5836 inter
1920 5786 2194 5849 Vaticanus
2223 5777 2475 5833 numerari
2496 5783 2587 5849 l6?
2626 5777 2841 5849 esseque
2878 5777 3325 5849 membrauaceym,
3364 5777 3676 5849 quadratum,

379 5850 568 5898 saturio
593 5838 1133 5911 xu'nitidé'scriptum;
1158 5852 1255 5897 line
1282 5838 1533 5910 mutilum,
1556 5856 1757 5907 caetera,
1782 5852 1822 5900 si
1859 5845 2063 5911 primam
2096 5850 2363 5910 exceperis
2397 5848 2643 5909 paginam,
2668 5838 2802 5894 bene
2826 5846 3197 5900 conservatum,
3220 5838 3351 5889 foliis
3379 5838 3478 5888 168.
3499 5852 3516 5884 ι

592 5937 868 5999 Ριτιιοι.
916 5936 1036 6002 Gtt.
1087 5935 1241 6000 CIX.

3238 5926 3266 5990 1
