4200 6416
516 357 579 421 tt
1190 322 1196 327 ’
1975 360 2315 421 NOTiTlA.
3749 366 3812 430 η

512 479 673 532 Plura
707 473 979 547 promittit
1044 472 1136 531 ille
1186 473 1429 544 scriptor
1459 473 1526 529 de
1574 473 1866 547 Theophili
1895 476 2051 531 urbis
2082 474 2326 545 praefecti
2384 480 2462 545 (p.
2501 473 2628 545 9.75)
2659 482 2714 530 et
2753 474 2822 530 de
2850 476 3085 532 aliorum
3132 493 3365 535 summa
3396 478 3451 535 in
3485 480 3611 537 aula
3644 477 3815 535 CPot-

512 565 864 622 auctoritatis
888 568 1136 619 virorum
1163 562 1433 630 moribus,
1467 578 1591 634 quae
1619 579 1734 620 non
1761 572 2005 631 exstant,
2038 571 2194 620 certe
2224 563 2404 620 lucem
2437 578 2549 618 non
2572 563 2852 621 viderunt.

581 675 636 728 4.
674 673 919 727 Auourut
959 670 1279 726 Dissertatio
1331 672 1658 727 stelitcutica
1706 685 1896 728 contra
1948 671 2337 729 Iconomacltos
2370 672 2443 744 (c)
2474 682 2524 728 et
2575 673 2838 743 synodum
2888 668 3402 745 Copronymianam,
3439 681 3646 750 scripta
3668 680 3819 738 circa

512 763 577 815 Α.
605 759 667 816 C.
705 758 830 825 715,
856 768 1021 830 atque
1048 756 1187 813 adeo
1218 767 1347 814 ante
1394 759 1687 825 septimam
1721 760 1996 831 synodum
2035 763 2152 819 sive
2182 762 2458 819 Nicmnam
2488 762 2814 831 secundam,
2842 779 2896 835 p.
2936 766 3200 821 503-5”.
3852 762 3861 805 Ῐ

585 877 638 932 5.
670 878 901 935 domtus
949 877 1195 932 monachi
1226 876 1726 947 Hierosolymitani,
1764 876 2009 930 narratio
2040 876 2106 930 de
2136 873 2338 944 origine
2359 882 2599 927 motuum
2627 870 3115 940 Iconoclastarum,
3157 891 3212 944 p.
3243 874 3371 943 διε,
3391 877 3517 934 315.
3551 877 3700 935 Idem
3730 879 3823 953 hic

510 963 755 1024 Joannes
779 966 1031 1039 (forsitan
1057 964 1449 1038 Hierosolyma:
1465 966 1617 1024 urbis
1635 965 1991 1036 postmodum
2010 961 2325 1035 episcopus)
2353 962 2515 1033 cujus
2535 963 2733 1035 Λόγον
2750 963 3177 1019 ἀποδεικτικὸν
3200 965 3266 1021 de
3291 968 3463 1021 sacris
3489 969 3817 1040 imaginibus

515 1054 582 1108 ad
612 1053 1046 1111 Constantinum
1077 1052 1405 1111 Cabalinum
1435 1055 1551 1109 sive
1589 1053 2001 1127 Copronymum
2021 1053 2195 1109 edidit
2222 1051 2588 1108 Combelisius
2620 1058 2660 1107 t.
2687 1051 2732 1106 ll
2765 1053 3012 1108 Auctarii
3039 1057 3183 1119 navi,
3204 1056 3320 1112 sive
3348 1057 3403 1112 in
3426 1056 3675 1113 Historia
3699 1057 3819 1113 Mo-

508 1142 923 1208 nothelitarum,
957 1161 1082 1216 pag.
1108 1143 1237 1209 665,
1289 1151 1343 1199 et
1395 1158 1561 1215 quam
1601 1143 1826 1200 codices
1864 1145 1955 1198 alii
1978 1143 2231 1198 tribuunt
2266 1139 2465 1196 Joanni
2511 1140 2868 1197 Damasceno.
2904 1143 2978 1199 De
3026 1144 3217 1200 codice
3242 1144 3435 1216 Regio,
3472 1162 3536 1200 es
3563 1160 3675 1214 quo
3704 1145 3818 1201 duo

518 1233 633 1286 haec
661 1232 929 1301 opuscula
961 1231 1322 1287 Combelisius
1342 1230 1661 1301 descripsit,
1693 1240 1748 1286 et
1776 1233 1831 1287 in
1867 1248 1979 1302 quo
2000 1236 2168 1286 etiam
2220 1232 2483 1303 leguntur
2530 1234 2845 1289 testimonia
2898 1232 3121 1289 Patrum
3162 1249 3287 1303 qua:
3336 1251 3435 1304 pro
3482 1235 3819 1305 imaginibus

519 1324 572 1377 in
603 1315 815 1384 synodo
840 1314 1061 1370 Nicaena
1095 1314 1338 1370 secunda
1402 1314 1731 1381 allernntur,
1779 1315 2013 1371 videnda
2077 1317 2369 1375 clarissimi
2420 1318 2794 1377 Montl‘auconi
2850 1319 3258 1392 Palaeographia
3292 1322 3503 1389 Graeca,
3527 1338 3580 1393 p.
3608 1322 3701 1388 65,
3725 1321 3816 1378 66-

524 1401 709 1457 'Videri
728 1414 905 1459 autem
929 1414 1126 1473 potest,
1164 1405 1347 1474 inquit
1368 1404 1757 1469 Combeﬁsius,
1802 1406 2097 1473 praeclarus
2130 1407 2225 1462 ille
2271 1407 2437 1463 codex
2475 1410 2630 1480 quasi
2677 1409 2963 1481 ὁπλοθήκη
2990 1412 3336 1477 universalis,
3360 1412 3586 1467 collecta
3617 1411 3817 1466 habens

516 1494 783 1562 pracipua
816 1510 1036 1565 qumque
1085 1492 1486 1550 Catholicorum
1534 1496 1791 1549 adversus
1819 1494 2096 1550 haretieos
2143 1496 2374 1568 (Christi
2413 1500 2648 1553 maxime
2686 1502 3001 1575 mysterium
3029 1502 3425 1573 impugnantes)
3460 1504 3814 1557 munimenta.

520 1580 605 1634 Ex
634 1582 731 1637 illo
751 1582 981 1637 illustris
999 1582 1193 1638 Petrus
1228 1582 1293 1638 de
1325 1580 1519 1637 Marca
1548 1578 1735 1652 Vigilii
1766 1583 2243 1639 confirmationem
2288 1588 2498 1657 quintae
2550 1587 2755 1660 Synodi
2786 1588 2994 1657 pridem
3038 1578 3293 1657 produxit
3325 1591 3429 1661 (ά),
3470 1592 3683 1645 tametsi
3712 1606 3818 1645 non

517 1672 762 1726 omnibus
796 1673 911 1741 ejus
939 1673 1099 1742 ﬁdem
1123 1674 1267 1744 fecit.
1302 1672 1421 1742 Ipse
1463 1682 1604 1728 certe
1639 1675 1731 1746 qui
1779 1673 1975 1729 librum
2020 1676 2337 1743 composuit,
2366 1685 2618 1746 tantaque
2655 1678 2711 1731 in
2734 1694 2793 1731 eo
2825 1676 3051 1733 Patrum
3094 1696 3155 1733 ac
3180 1679 3535 1734 conciliorum
3564 1679 3813 1750 digessit,

510 1761 581 1815 de
610 1762 1141 1832 haceon/irmatione
1168 1765 1325 1835 quasi
1358 1781 1462 1818 non
1491 1765 1649 1833 plane
1689 1763 1774 1818 illi
1804 1764 2098 1836 explorata
2128 1767 2369 1821 veritatis
2400 1780 2464 1822 ac
2497 1770 2738 1822 nutantis
2765 1767 2911 1837 ﬁdei,
2944 1771 3155 1837 scripsit
3192 1777 3466 1840 repertam
3515 1784 3640 1825 esse
3672 1769 3814 1824 inter

517 1860 642 1904 aeta
675 1852 883 1917 quinta:
909 1852 1204 1922 synodi....
1247 1852 1422 1908 Habet
1452 1854 1538 1907 hic
1576 1852 1739 1908 codex
1781 1852 2073 1910 Leontium
2106 1853 2183 1909 De
2212 1855 2401 1921 sectis,
2435 1856 2587 1927 longe
2636 1855 2798 1912 editis
2823 1859 3267 1924 emendatiorem,
3297 1869 3347 1914 et
3389 1856 3812 1913 auctoritatibus

517 1955 632 2007 qua:
666 1939 781 1994 illic
809 1941 1204 2006 desiderantur,
1244 1944 1559 1998 auctiorem.
1610 1944 1864 2015 Ὀδηγοῦ
1880 1945 2038 2013 plura
2090 1946 2269 2015 capita
2317 1944 2493 2017 (quem
2541 1962 2749 2001 onmem
2789 1945 3049 2017 pluraque
3102 1947 3216 2017 ejus
3262 1947 3652 2018 complectitur)
3683 1962 3818 2001 nova

514 2042 582 2083 ec
608 2029 702 2083 illo
726 2026 903 2100 facere
938 2031 1118 2099 liceat,
1184 2033 1262 2087 sic
1281 2033 1441 2088 editis
1480 2033 1808 2101 laborantia,
1852 2043 1912 2089 ut
1950 2050 2043 2090 nec
2080 2034 2191 2105 ipse
2232 2034 2555 2091 Anastasius
2584 2050 2685 2091 sua
2723 2046 3053 2108 agnosceret,
3084 2038 3184 2093 etsi
3221 2038 3401 2093 omnia
3434 2035 3676 2106 decoquit
3701 2035 3821 2091 vul-

517 2127 676 2188 gator
706 2128 756 2172 et
787 2118 1072 2187 interpres.

589 2228 643 2284 6.
678 2227 764 2282 Ea:
803 2231 1115 2286 narratione
1145 2230 1208 2287 de
1234 2234 1513 2289 miraculis
1533 2233 1592 2289 S.
1620 2233 1873 2289 Demetrii
1903 2234 2162 2309 martyris
2200 2234 2248 2307 (e

2159 2256 2162 2287 ς
2200 2234 2301 2307 (e),
2328 2236 2393 2290 ὲκ
2422 2232 2533 2291 τῶν
2564 2236 2660 2292 τοῦ
2692 2237 3001 2311 ἀθλοφόροι)
3034 2239 3353 2312 Δημητρίου
3394 2240 3454 2294 ὲν
3502 2240 3705 2310 μερικῇ
3730 2237 3818 2293 δι-

517 2317 717 2389 ηγήσει
749 2318 1231 2393 Θαυματουργιῶν.
1264 2322 1630 2394 fragmentum
1654 2323 1721 2379 de
1754 2323 1992 2379 revelata
2024 2325 2091 2380 ab
2122 2326 2176 2398 ip

2155 2342 2243 2397 pso
2271 2326 2556 2382 excisione
2580 2340 2645 2383 ac
2673 2322 2985 2399 direptione
3004 2327 3445 2393 Thessalonica»,
3464 2343 3520 2398 p.
3553 2322 3814 2383 314-516.

595 2405 651 2459 7.
686 2404 916 2463 Josusts
939 2410 1299 2477 Causarum,
1330 2410 1871 2478 Thessalonicensis,
1899 2414 2147 2470 narratio
2178 2413 2385 2470 diserta
2429 2424 2483 2470 et
2526 2415 2755 2487 elegans
2796 2420 2863 2471 A.
2897 2417 2959 2472 C.
2988 2417 3114 2480 904,
3143 2418 3353 2488 scripta
3394 2415 3465 2472 ad
3492 2412 3817 2487 Gregorium

520 2496 928 2567 Cappadocem,
978 2498 1055 2553 De
1088 2497 1483 2556 Thessalonica:
1513 2500 1720 2556 excidio
1782 2501 1870 2556 cui
1905 2503 2146 2574 scriptor
2190 2504 2305 2575 ipse
2348 2502 2624 2570 interfuit,
2652 2514 2707 2561 et
2741 2521 2905 2577 quam
2954 2506 3049 2562 illo
3080 2506 3202 2577 ipso
3253 2520 3404 2562 anno
3430 2503 3656 2577 (Leonis
3684 2502 3817 2558 Phi-

522 2585 737 2655 los0phi
772 2587 890 2656 xu)
927 2588 1072 2658 cepit
1100 2586 1213 2643 Leo
1257 2586 1583 2659 Tripolites,
1623 2589 2007 2660 Agarenorum
2063 2593 2198 2648 dux.
2241 2591 2367 2649 llaec
2406 2594 2559 2664 prius
2597 2610 2723 2651 cum
2767 2593 2951 2650 Allatii
2995 2596 3254 2651 versione
3291 2595 3577 2666 prodierat
3608 2594 3664 2649 in
3699 2593 3822 2662 ejus

522 2675 909 2744 Συμμίκτοις,
934 2676 1176 2747 vulgatis
1208 2691 1239 2732 a
1278 2676 1581 2733 Bartholdo
1613 2677 1852 2736 Nihusio
1914 2681 2077 2743 1655,
2126 2681 2180 2738 8.

2156 2687 2180 2735 ι.
2213 2681 2321 2737 Sed
2367 2682 2733 2740 Combellsius
2766 2684 2967 2740 iterum
2999 2685 3304 2751 recensuit,
3328 2692 3383 2742 et
3415 2699 3615 2741 novam
3638 2680 3815 2739 interc

521 2766 886 2835 pretationem
920 2780 1076 2821 suam
1102 2767 1378 2837 adjunxit,
1409 2767 1718 2840 divisitqne
1768 2771 1821 2825 in
1871 2770 2051 2841 capita
2089 2770 2179 2834 79,
2222 2785 2349 2826 cum
2388 2772 2444 2826 in
2499 2773 2779 2829 Allatiana
2822 2773 3067 2831 editione
3118 2772 3473 2844 dispescatur
3510 2772 3588 2827 iul
3614 2771 3821 2827 sectio-

523 2868 625 2907 nes
659 2853 749 2908 45.
774 2852 875 2908 Hic
896 2851 1240 2921 Cameniata,
1266 2865 1422 2927 patre
1450 2860 1695 2913 exareho
1720 2858 1965 2917 iielladis
1998 2868 2184 2925 natus,
2204 2858 2312 2916 fuit
2333 2861 2387 2915 in
2409 2860 2740 2918 clericorum
2770 2860 2967 2919 ordine
2992 2864 3187 2926 lector,
3220 2869 3274 2917 et
3302 2856 3565 2914 Ecclesia:
3582 2856 3823 2914 Thessa-

539 2941 825 2998 onicensis
858 2943 1234 3007 cubuclesius,
1286 2944 1393 2999 hoc
1417 2946 1612 3017 estqui
1642 2948 2071 3020 metropolitano
2098 2953 2152 3006 in
2185 2952 2468 3025 publicum
2491 2954 2812 3023 procedenti
2854 2950 3053 3024 pedum
3084 2950 3557 3021 archiepiscopale
3590 2947 3822 3021 praefer-

522 3036 627 3085 ret.
684 3030 895 3086 Dicitur
934 3033 1099 3087 etiam
1153 3033 1263 3086 τῶν
1291 3034 1350 3086 ὲν
1396 3038 1512 3098 τοῖς
1552 3037 1723 3101 οἴκοις
1769 3038 1880 3092 τῶν
1937 3040 2181 3111 βασιλεία

2161 3060 2229 3096 ων
2274 3042 2629 3114 τεταγμένων
2672 3036 2775 3107 εἷς.
2800 3036 2934 3097 Vide
2970 3056 3095 3113 cap.
3124 3039 3194 3096 55
3219 3040 3355 3096 edit.
3395 3034 3820 3095 Combeﬁsiana':

522 3117 711 3188 (Allat.
740 3120 832 3189 50)
860 3128 915 3174 et
953 3120 1260 3177 Hattckium
1286 3122 1384 3180 lib.
1420 3140 1437 3180 ι
1470 3125 1545 3180 De
1579 3128 1925 3196 scriptoribus
1945 3128 2092 3189 Hist.
2125 3130 2288 3202 Byz.,
2325 3146 2448 3201 cap.
2473 3131 2567 3188 (ὶὲ.

597 3241 652 3294 8.
692 3237 967 3294 DEIETRII
1024 3239 1283 3305 Cvooslt,
1319 3240 1864 3312 Thessalonicensis,
1903 3244 2162 3302 Monodia
2190 3248 2256 3303 Sil

2161 3288 2162 3293 η
2190 3248 2307 3303 sive
2352 3246 2719 3317 comploratio
2752 3246 2847 3299 ἐπὶ
2882 3247 2999 3311 τοῖς
3050 3248 3109 3302 ὲν
3142 3245 3519 3318 Θεσσαλονίκη
3565 3245 3820 3314 πεσοῦσι,

527 3328 593 3384 de
623 3329 825 3384 civibus
858 3330 947 3399 qui
986 3329 1040 3384 in
1069 3331 1345 3394 dissidiis,
1382 3333 1654 3389 seditione
1682 3349 1745 3390 ac
1778 3338 2015 3391 tumultu
2050 3336 2316 3392 intestino
2360 3334 2756 3391 Thessalonij
2806 3338 2871 3390 A.
2906 3335 2973 3391 C.
3007 3336 3147 3392 1545
3178 3336 3281 3390 sub
3314 3336 3547 3407 imperio
3591 3334 3824 3392 Joannis

528 3417 903 3472 Cantaeuzeni
940 3420 1231 3482 perierunt.
1258 3419 1322 3475 P.
1358 3420 1625 3478 585-392.
1662 3421 1736 3479 De
1759 3424 1853 3480 illo
1889 3425 2127 3479 tumultu
2158 3422 2435 3496 Gregoras
2462 3440 2586 3489 χιιι,
2624 3425 2709 3488 10,
2740 3432 2795 3479 et
2822 3424 3241 3480 Cantaeuzenus
3268 3436 3351 3488 ut,
3382 3424 3472 3480 94.

600 3505 656 3561 9.
689 3504 831 3560 Pars
860 3522 926 3560 ea:
964 3506 1085 3560 i’ita
1117 3505 1314 3563 Basilii
1328 3508 1568 3579 junioris
1602 3514 1945 3567 anachoreta:
1968 3509 2163 3581 CPol.,
2191 3514 2256 3572 A.
2282 3514 2343 3571 C.
2373 3515 2476 3570 914
2518 3515 2604 3570 vel
2632 3512 2741 3569 959
2776 3514 3064 3580 exstincti,
3097 3514 3308 3585 scripta
3337 3528 3368 3568 a
3406 3512 3673 3582 Gregorio
3696 3512 3819 3583 ejus

526 3597 819 3667 discipulo.
857 3597 924 3651 de
955 3596 1307 3655 Constantini
1365 3600 1531 3658 Daca
1579 3603 1732 3659 clade
1778 3611 1834 3659 et
1880 3602 2130 3669 interitu,
2162 3618 2328 3674 quem
2384 3604 2752 3661 Constantino
2783 3603 3316 3675 Porphyrogenneto
3340 3603 3523 3659 adhuc
3548 3614 3724 3672 puero
3748 3604 3816 3656 ad

528 3688 823 3758 imperium
856 3704 1061 3744 vocare
1092 3690 1360 3748 Nicolaus
1392 3693 1463 3763 (ι’)
1498 3694 1815 3764 patriarcha
1851 3704 1906 3749 et
1940 3694 2032 3748 alii
2066 3693 2291 3765 quidam
2326 3694 2709 3759 instituerunt,
2742 3708 2868 3765 pag.
2894 3693 3160 3749 394-599.
3216 3690 3394 3746 Vitam
3441 3691 3588 3747 illam
3625 3689 3821 3747 Basilii

528 3780 886 3836 anachoretae
911 3782 1184 3851 integram
1213 3785 1459 3854 vulgavit
1485 3785 1869 3841 Henschenius
1904 3793 2053 3840 tomo
2085 3783 2152 3839 lll
2176 3785 2303 3839 Aet.
2346 3784 2632 3849 Sanetor.,
2665 3783 2732 3838 ad
2768 3782 2839 3837 26
2876 3782 3082 3849 Martii,
3112 3797 3165 3851 p.
3201 3780 3328 3845 668,
3361 3780 3558 3835 Latine
3594 3796 3661 3835 ex
3701 3796 3827 3836 ver-

529 3869 689 3923 sione
740 3866 1086 3938 Combelisii,
1154 3883 1209 3928 et
1259 3873 1451 3930 Graece
1505 3873 1574 3929 ad
1624 3873 1832 3929 calcem
1876 3873 2178 3931 voluminis
2224 3885 2354 3945 pag.
2413 3871 2506 3939 94,
2560 3886 2630 3929 ex
2687 3886 2793 3927 ms.
2847 3871 3040 3927 codice
3096 3869 3497 3939 Mazariniano,
3537 3869 3823 3941 Autwerp.

530 3957 693 4022 1684,
734 3958 833 4015 fol.
1858 3969 1874 3985 '

604 4072 691 4127 10.
723 4071 997 4127 Summus
1026 4073 1276 4145 magistri
1311 4081 1367 4130 et
1398 4072 1695 4145 logothetee
1742 4071 1981 4128 Annales
2013 4089 2044 4127 a
2076 4070 2252 4126 Leone
2292 4070 2525 4124 Armeno
2556 4084 2721 4140 usque
2748 4067 2818 4122 ad
2851 4068 3212 4138 Nicephorum
3239 4068 3477 4124 Phocum
3512 4070 3658 4140 (pag.
3691 4068 3825 4123 401ο

526 4158 656 4232 198)
697 4175 761 4215 ex
793 4162 987 4215 codice
1019 4178 1125 4217 ms.
1161 4160 1462 4232 Raphaelis
1498 4160 1743 4218 Trichcti
1782 4163 1853 4217 du
1884 4159 2110 4225 Fresne,
2163 4175 2232 4215 ex
2272 4159 2435 4228 cujus
2477 4159 2655 4225 libris,
2691 4158 2811 4229 ipso
2837 4157 3124 4223 defuncto,
3169 4158 3223 4212 in
3260 4168 3450 4226 gazam
3490 4157 3635 4225 regis
3659 4154 3824 4210 Chri-
3854 4206 3857 4208 ,

528 4250 855 4304 stianissimi
882 4258 967 4305 est
994 4252 1266 4321 perlatus.
1293 4251 1532 4320 Scripsit
1555 4250 1797 4323 Symeon
1841 4252 1947 4305 iste
1983 4249 2241 4305 similiter
2286 4247 2521 4303 Annales
2554 4248 2621 4303 ab
2649 4251 2774 4304 orbe
2805 4247 3042 4309 condito,
3069 4246 3163 4316 qui
3198 4246 3467 4300 hactenus
3498 4245 3676 4300 lucem
3712 4257 3822 4298 non

529 4340 808 4403 viderunt,
836 4346 1167 4410 exstantque
1196 4339 1252 4393 in
1277 4340 1450 4394 altero
1491 4354 1555 4392 ac
1588 4340 1787 4410 majori
1833 4340 1990 4410 regio
2035 4339 2231 4395 codice
2285 4338 2379 4407 qui
2440 4337 2495 4392 in
2543 4336 2725 4392 Leone
2767 4335 3008 4390 Armeno
3036 4334 3262 4399 desinit,
3290 4332 3619 4403 videturque
3646 4335 3701 4388 in
3732 4332 3824 4387 illa

530 4429 715 4499 priore
744 4439 921 4500 parte,
947 4429 1152 4484 leviore
1193 4444 1362 4500 opera
1387 4438 1584 4483 auctor
1616 4427 1963 4498 perfunctus,
2000 4438 2054 4482 et
2088 4429 2141 4482 in
2166 4428 2355 4482 multis
2392 4426 2718 4496 Theophani
2764 4433 3061 4487 consonat,
3092 4434 3255 4493 quem
3289 4430 3344 4476 et
3381 4425 3563 4493 ipsum
3605 4430 3827 4478 constat

531 4514 787 4571 desinere
822 4516 877 4569 in
911 4514 1093 4571 Leone
1116 4515 1377 4571 Armeno.
1436 4517 1745 4585 Ascriptum
1796 4516 1998 4586 majori
2023 4515 2105 4571 illi
2132 4516 2303 4571 codici
2330 4514 2511 4586 Regio,
2546 4515 2727 4585 inquit
2765 4512 3157 4577 Combelisius,
3206 4511 3318 4567 alia
3338 4528 3525 4577 manu,
3563 4512 3826 4584 pauloque

530 4604 858 4658 recentiori:
890 4604 982 4658 hic
1041 4614 1127 4660 eet
1182 4602 1631 4674 Metaphrastes;
1696 4604 1851 4674 cujus
1906 4605 2048 4659 tanti
2088 4604 2189 4660 nisi
2214 4613 2337 4659 sunt
2374 4603 2614 4658 Annales
2654 4611 2706 4655 et
2732 4600 3006 4657 Chronica
3033 4600 3328 4673 Hippolyto
3359 4601 3629 4665 Thebano,
3667 4614 3725 4655 ut
3760 4618 3824 4655 ea

532 4692 779 4746 omitibus
858 4702 1169 4762 anteponat.
1234 4690 1371 4747 Vide
1432 4692 1713 4764 ilippolyti
1792 4693 1956 4749 verba
2016 4694 2160 4764 apud
2216 4694 2478 4748 Allatium
2520 4693 2595 4745 De
2667 4690 2974 4747 Simeonum
3026 4694 3263 4763 scriptis,
3336 4708 3391 4763 p.
3435 4688 3528 4756 34,
3576 4693 3671 4761 qui
3738 4690 3826 4746 Si-

532 4794 787 4834 meonem
862 4780 1275 4851 Metaphrasten
1335 4781 1585 4851 magistri
1668 4782 1725 4837 et
1811 4781 2109 4851 logotheta:
2164 4794 2367 4839 cursus
2419 4782 2679 4852 primum,
2751 4789 2867 4835 tum
2937 4785 3103 4836 etiam
3185 4782 3460 4854 generalis
3534 4782 3824 4851 logothette

532 4865 860 4937 dignitatem
915 4867 1157 4938 gessisse
1202 4866 1462 4938 pluribus
1521 4867 1788 4938 disputat.
1854 4868 2091 4925 Exstant
2151 4871 2321 4924 etiam
2367 4869 2423 4924 hi
2479 4867 2761 4925 Simeonis
2812 4867 3055 4928 Annales
3121 4871 3176 4926 in
3226 4871 3367 4925 Bibl.
3437 4870 3711 4938 Caesarea,
3766 4875 3822 4928 in

530 4970 702 5024 quam
762 4956 887 5011 illos
937 4955 1123 5013 intulit
1167 4954 1541 5027 Busbequius,
1600 4966 1659 5011 ut
1699 4965 1951 5013 notatum
1988 4958 2293 5015 Lambecio
2330 4958 2429 5014 lib.
2494 4972 2575 5026 ll,‘
2614 4974 2741 5031 pag.
2779 4959 2908 5016 588.
2931 4960 3205 5027 Quoniam
3268 4969 3455 5017 tamen
3518 4963 3573 5016 in
3632 4963 3825 5019 codice

535 5041 715 5111 Raph.
763 5040 1009 5097 Tricheti
1078 5045 1153 5098 du
1214 5040 1444 5107 Fresne,
1499 5044 1780 5101 Chronico
1833 5044 1963 5101 huic
2021 5056 2369 5117 postremum
2448 5049 2659 5105 inserta
2703 5047 2871 5107 Mich.
2929 5049 3095 5105 Pselli
3147 5049 3404 5116 historia,
3455 5048 3826 5106 Combelisius

532 5141 575 5185 t.
626 5130 671 5195 l,
717 5128 861 5186 Bibl.
914 5129 1142 5185 Patrum
1196 5132 1611 5188 concionatoriur
1691 5134 2012 5204 suspicatur
2068 5134 2303 5194 alterius
2375 5152 2502 5194 esse
2566 5135 2845 5194 Simeonis
2890 5152 3057 5207 quam
3106 5136 3517 5208 Metaphrasue,
3586 5149 3642 5194 et
3712 5140 3824 5194 lor-

532 5231 683 5278 tasse
709 5221 858 5276 illius
899 5224 990 5291 qui
1024 5221 1305 5276 orationes
1353 5237 1483 5275 xxiv
1513 5222 1741 5295 collegit
1787 5238 1853 5277 ex
1887 5223 2148 5292 operibus
2189 5222 2256 5280 S.
2282 5224 2473 5282 Basilii
2506 5244 2520 5283 :
2560 5228 2766 5297 quippe
2797 5216 3201 5296 Metaphrastes
3226 5228 3392 5296 paulo
3418 5241 3549 5285 ante
3584 5228 3823 5283 Psellnm

534 5311 588 5363 in
622 5310 760 5366 vivis
785 5326 908 5366 esse
935 5311 1120 5367 desiit.
1157 5308 1231 5364 Ni
1263 5313 1373 5379 ipse
1404 5309 1639 5379 Psellus,
1682 5311 1963 5382 Symeonis
2004 5311 2086 5365 illi
2139 5311 2517 5387 Chronologite
2557 5330 2623 5371 ea:
2673 5331 2728 5370 rx
2780 5313 3081 5381 historicis,
3132 5331 3186 5370 se
3238 5316 3503 5371 decimum
3548 5317 3824 5389 adjunxit,

609 5489 683 5565 lc)
723 5488 1057 5565 inscribitur
1113 5491 1398 5562 Dialogus.
1460 5493 1567 5548 Sed
1604 5492 1741 5547 nihil
1788 5491 1951 5546 habet
1982 5493 2128 5564 quod
2238 5511 2361 5565 cap.
2395 5495 2481 5549 12.

533 5560 1058 5639 dittlogtttn_t‘eferat.
1145 5634 1155 5639 _
1254 5560 1294 5639 ς
1331 5633 1393 5639 ___
1569 5633 1603 5639 η
1681 5633 1694 5639 _
1787 5634 1912 5639 -.-Α
1998 5560 2013 5564 ’
2112 5636 2123 5639 _
2242 5638 2245 5639 ν
2310 5560 2626 5639 (e)_Deltoc
2659 5566 2938 5622 Demetrio
2964 5566 3087 5622 vide
3124 5565 3424 5621 Baronium
3461 5573 3530 5622 ad
3554 5566 3827 5639 Martyro-

605 5631 768 5707 (djln
794 5631 933 5707 Diss.
971 5635 1040 5707 de
1072 5634 1303 5704 epistola
1331 5633 1541 5705 Vigilii,
1569 5633 1748 5707 Paris.
1778 5634 1938 5698 1612,
1972 5643 2026 5689 et
2060 5636 2127 5690 ad
2238 5631 2349 5707 log.
2374 5634 2669 5707 8__0ctohr.

532 5706 947 5791 calcempperis
976 5704 1063 5787 _De
1098 5703 1423 5791 concordia“
1446 5706 1737 5791 sacerdqtii
1808 5717 1858 5760 et
1919 5708 2128 5791 imperii
2240 5779 2254 5791 _
2282 5703 2785 5791 Idl-Vehementer
2818 5724 2886 5763 eo
2918 5709 3143 5763 nomine
3175 5709 3229 5762 in
3261 5708 3545 5791 Nicolaum
3589 5708 3827 5791 scriptor

532 5777 682 5851 inter
710 5775 1129 5851 dissertationes
1152 5778 1333 5851 varias
1362 5776 1595 5851 Pe_tri__de
1620 5775 1824 5851 Marco,
1852 5793 1972 5848 pag.
1994 5778 2124 5851 207,
2240 5775 2697 5851 hicéinvehitur.
2746 5790 3015 5850 vocatque
3082 5796 3207 5835 eum
3282 5796 3378 5851 per
3428 5775 3827 5851 ignominiam,

532 5846 635 5900 227
666 5861 787 5916 seq.
827 5842 961 5901 Vide
995 5857 1048 5902 et
1078 5845 1362 5903 Baluzium
1386 5847 1450 5903 ad
1485 5848 1578 5901 lib.
1603 5863 1631 5901 ν
1662 5842 1909 5916 ejusdem
1924 5842 2124 5920 'operis

1832 5842 1909 5904 cm
1924 5842 2124 5920 'operis
2238 5867 2292 5921 p.
2327 5848 2452 5913 598,
2484 5848 2837 5920 ἀγρικόλαον,
2874 5842 2937 5908 δι’
2960 5869 3013 5923 p.
3048 5852 3170 5917 599,
3214 5842 3491 5922 ἡτίςίλαοῖῖ.

1931 6409 2305 6416 -π-ι-ῇιοσ-έ--ν-Ῠν
2338 6409 2482 6414 ——
2838 6409 2952 6412 ῃ
