4200 6426
460 391 527 456 i3
1938 386 2208 458 NOTITI
2217 397 2283 455 A.
3705 394 3770 459 14

466 506 564 560 sise
596 501 691 555 alii
722 498 992 557 addidere
1015 518 1036 557 :
1074 517 1208 571 opus
1240 510 1379 557 certe
1402 518 1435 556 a
1464 500 1784 570 Theophane
1838 503 1909 558 ad
1955 486 2280 573 explendam
2331 504 2630 560 Historiam
2667 505 3035 578 Byzantinam
3076 524 3282 562 summe
3313 508 3771 565 necessarium...

472 592 628 647 Pselli
674 590 933 645 Historia
962 592 1101 645 lucis
1134 592 1426 661 plurimum
1449 592 1699 660 accipiat,
1750 608 1817 647 ea:
1868 592 1982 662 ejus
2018 593 2391 663 Epistolarum
2438 595 2576 649 lecta
2605 611 2767 649 manu
2801 594 2871 649 ad
2902 596 3275 664 imperatores,
3316 594 3585 658 Ctesares,
3616 610 3771 650 sum-

467 698 677 751 mosque
701 680 891 735 saeculi
920 681 1196 749 principes
1231 698 1294 735 ac
1340 682 1717 752 magistratus,
1751 683 1821 747 ad
1850 682 2218 751 patriarchas,
2260 683 2655 753 metropolitas,
2698 682 3068 738 Ecclesiarum
3098 684 3366 739 antistites
3400 700 3465 737 ac
3484 682 3768 753 prmities,

468 788 533 825 ne
552 769 716 825 lich.
749 767 1024 824 Cerularii
1054 784 1153 838 pro
1187 770 1385 841 synodo
1405 771 1807 826 accusationem
1826 770 2028 837 dicam,
2058 770 2399 843 ejusdemque
2425 790 2461 828 α
2486 772 2833 828 Constantini
2877 772 3132 829 Lichudis
3162 774 3253 845 qui
3276 773 3360 828 illi
3382 772 3638 843 stt/fectus
3664 781 3770 838 est,

467 876 667 917 necnon
695 856 967 927 Xiphilini
1005 858 1355 928 ἐπιταφίους,
1390 859 1846 914 luculentissimas
1876 861 2077 915 scilicet
2127 861 2182 915 in
2215 877 2304 915 eos
2330 861 2695 925 laudationes,
2738 862 2878 918 viros
2908 863 3165 917 nimirum
3193 863 3524 933 quiutraque
3559 861 3770 916 militia

466 948 641 1004 CPoli
663 949 869 1020 egregie
894 947 1190 1017 fulserunt,
1216 964 1278 1000 ac
1314 947 1409 1001 illo
1440 948 1667 1011 dicente,
1691 950 1784 1019 qui
1806 948 2267 1020 ipsepublicarum
2295 966 2549 1004 curarum
2567 952 2633 1005 iis
2655 953 2856 1017 socius,
2879 968 2942 1006 ac
2958 952 3352 1007 πολιτευόντων
3373 953 3483 1021 fere
3500 968 3768 1018 summus,

465 1038 825 1095 Constantino
855 1037 1160 1106 prazsertim
1190 1034 1546 1091 Honomacho
1572 1039 1916 1106 imperatore,
1951 1038 2020 1101 ad
2060 1056 2218 1115 quem
2251 1052 2299 1109 et
2334 1041 2542 1111 politici
2570 1042 2760 1110 scripti
2795 1058 2902 1097 non
2933 1042 3218 1112 spernendi
3243 1050 3531 1103 tractatus.
3565 1040 3772 1097 Praeter

466 1128 635 1185 κίοι).
666 1126 836 1197 Pselli
873 1125 1178 1182 Historiam
1220 1126 1388 1181 etiam
1428 1124 1633 1182 Leonis
1686 1125 1919 1185 Diaconi
1974 1128 2214 1201 similem
2266 1131 2711 1201 inculti-stionem
2747 1132 2913 1199 edere
2952 1132 3321 1199 Combelisius
3354 1133 3534 1194 altero
3578 1131 3769 1188 statim

464 1216 751 1271 volumine
779 1214 1097 1280 constituit,
1125 1215 1220 1269 sed
1265 1223 1443 1270 morte
1478 1224 1757 1284 praevento
1781 1217 1900 1271 viro
1933 1217 2028 1273 ilio
2074 1220 2311 1274 maxime
2340 1219 2631 1287 industrio,
2666 1236 2828 1276 nemo
2866 1220 2969 1274 fuit
2999 1220 3275 1277 hactenus
3317 1221 3412 1291 qui
3455 1221 3775 1276 litterarum

474 1304 751 1360 studiosos
766 1304 874 1359 hoc
897 1302 1168 1359 beneﬁcio
1188 1301 1457 1372 obligaret
1476 1301 1573 1373 0*).
1604 1301 1663 1356 In
1681 1302 1874 1359 codice
1892 1304 2060 1377 Regis
2099 1305 2133 1361 (Ξ

2114 1305 2289 1363 Gallia
2312 1307 2472 1375 1857,
2494 1316 2691 1379 praeter
2709 1308 2876 1365 Mich.
2907 1308 3090 1373 Pselli,
3115 1307 3425 1377 φιλοσόφων
3445 1307 3773 1379 ὑπερτίμου,

474 1392 737 1462 epistolas
766 1400 822 1448 et
859 1393 927 1447 de
951 1406 1085 1447 casu
1116 1391 1302 1462 templi
1330 1391 1390 1445 S.
1410 1390 1630 1461 Sophia:
1662 1400 1828 1463 atque
1860 1393 1917 1449 in
1938 1392 2209 1455 Joannem
2236 1398 2525 1468 patricium
2562 1396 2872 1465 Monodias,
2902 1396 3220 1464 exstatejus
3250 1394 3408 1450 Varia
3428 1395 3774 1466 Chronogra-

464 1484 871 1555 phiaaBasilio
896 1493 945 1540 et
979 1482 1336 1539 Constantino
1388 1483 1838 1557 Porphyrogeniti
1868 1487 1937 1541 ad
1995 1486 2313 1544 Michaelem
2350 1482 2577 1545 Ducam.
2612 1490 2671 1545 In
2695 1490 2805 1546 alio
2851 1489 3042 1544 codice
3065 1487 3311 1559 ejusdem
3341 1488 3587 1545 thesauri
3616 1484 3772 1560 Regii

467 1576 711 1630 occurrit
739 1573 935 1631 Leonis
959 1572 1189 1629 Diaconi
1218 1572 1467 1628 Historia
1515 1575 1581 1628 ab
1630 1590 1849 1630 excessu
1894 1573 2242 1632 Constantini
2270 1577 2713 1650 Porphyrogeniti
2759 1576 2830 1631 ad
2876 1576 3147 1631 Joannem
3185 1575 3502 1631 Tzimiscem
3525 1577 3627 1633 sub
3662 1594 3772 1649 quo

472 1667 711 1736 scriptor
742 1664 835 1720 ille
853 1663 1008 1720 vixit.
1043 1663 1273 1727 Λέοντος
1300 1663 1556 1718 διακόνου
1604 1664 1815 1737 ἱστορία
1863 1665 2131 1736 ἀρχομέντ

2108 1683 2147 1736 η
2178 1668 2289 1723 ἀπὸ
2330 1667 2431 1736 τῆς
2479 1668 2740 1737 τελευτῆς
2778 1664 2877 1721 τοῦ
2920 1665 3329 1736 αὐτοκράτορας
3365 1665 3461 1719 τοῦ
3509 1665 3767 1737 ἐπιλεγοο

478 1755 642 1824 μένου
676 1753 979 1823 Τςιμισχῆ.
1019 1752 1267 1823 Utroque
1290 1759 1345 1808 et
1374 1752 1557 1808 Psello
1583 1759 1635 1809 et
1660 1752 1844 1817 Leone
1864 1752 2112 1825 Diacono
2149 1772 2255 1813 ms.
2318 1772 2458 1813 usus
2512 1756 2572 1819 in
2617 1754 2905 1815 Glossario
2936 1770 3040 1819 suo
3078 1756 3271 1811 Graeco
3300 1755 3690 1810 concinnando
3713 1762 3771 1811 et

480 1846 535 1898 in
564 1843 690 1898 aliis
718 1842 943 1912 scriptis
984 1841 1101 1899 suis
1143 1841 1442 1912 praeclarus
1460 1841 1722 1914 Congius.
1774 1844 1855 1898 Ex
1891 1842 2175 1899 Chronico
2225 1860 2331 1900 ms.
2382 1844 2791 1901 continuatur-is
2839 1843 3221 1914 Theophanis,
3261 1850 3318 1898 et
3359 1842 3537 1899 altero
3570 1841 3765 1897 itidem

481 1948 588 1988 ms.
615 1930 893 1987 Simeonis
925 1928 1245 2003 Logothetaa
1268 1931 1533 1986 nonnulla
1557 1930 1625 1987 de
1664 1946 1775 1986 xm
1807 1933 2150 2005 martyribus
2190 1932 2613 1989 Amoriensibus
2646 1948 2743 2005 per
2769 1931 3082 1988 Saracenos
3120 1932 3270 1987 circa
3295 1929 3363 1986 A.
3391 1927 3454 1986 C.
3481 1929 3583 1986 8M
3616 1929 3771 1987 occi-

484 2022 563 2076 sis
595 2020 910 2073 referuntur
935 2018 1003 2073 ab
1037 2016 1389 2075 Henschenio
1417 2026 1459 2073 t.
1486 2017 1508 2073 ι
1537 2018 1657 2073 Act.
1680 2018 1934 2074 Sanctor.
1960 2018 2175 2087 Martii,
2202 2036 2326 2092 pag.
2350 2020 2479 2084 466.
2506 2020 2634 2087 467,
2665 2030 2719 2076 et
2743 2019 2934 2076 Graace
2969 2036 3094 2092 pag.
3123 2019 3231 2074 894
3264 2033 3384 2090 seq.

559 2107 645 2161 ii.
684 2106 923 2178 Denique
954 2106 1337 2162 collectionem
1363 2105 1831 2162 Combelisianam
1862 2107 2199 2179 scriptorum
2235 2117 2361 2179 post
2390 2108 2787 2180 Theophanem
2820 2108 3092 2165 claudunt
3114 2106 3350 2164 Gconcn
3374 2108 3623 2162 monachi
3658 2105 3775 2162 Βίοι

486 2199 596 2253 τῶν
625 2198 753 2252 νέων
780 2198 853 2271 (g)
883 2198 1176 2269 βασιλέων,
1210 2196 1343 2253 Vita:
1374 2199 1763 2267 imperatorum
1797 2197 1991 2253 Leonis
2017 2198 2260 2265 Armeni,
2291 2208 2341 2254 et
2365 2199 2456 2269 qui
2494 2208 2612 2269 post
2645 2215 2765 2253 eum
2794 2199 2949 2253 rebus
2981 2198 3335 2268 prwfuerunt,
3357 2212 3535 2267 usque
3567 2196 3634 2251 ad
3664 2195 3778 2250 Ro—

479 2304 707 2343 manum
736 2286 1106 2358 Lacapenum,
1148 2301 1274 2343 cum
1301 2286 1415 2357 jam
1460 2287 1863 2347 Constantinus
1889 2286 2461 2361 Porphyrogennetus
2499 2288 2655 2346 solus
2694 2288 3061 2357 imperitaret,
3098 2287 3428 2342 defunctum
3459 2285 3528 2341 A.
3553 2284 3615 2340 C.
3647 2284 3775 2341 9i8.

483 2379 745 2433 Diversus
768 2385 852 2432 est
877 2377 967 2431 hic
995 2374 1265 2446 Georgius
1292 2390 1323 2429 a
1350 2375 1589 2447 Georgio
1624 2371 1973 2445 Hamartolo,
2007 2376 2170 2449 cujus
2209 2376 2528 2434 Chronicon
2570 2378 2642 2433 ab
2666 2374 2895 2433 exordio
2922 2375 3113 2432 mundi
3147 2376 3213 2431 ad
3250 2374 3568 2432 Michaelem
3599 2372 3781 2430 Theo-

478 2466 615 2537 phili
643 2464 965 2530 lilium,sub
987 2480 1099 2535 quo
1126 2464 1244 2535 ipse
1273 2464 1446 2519 vitam
1471 2465 1693 2536 agebat,
1734 2465 1917 2522 adhuc
1967 2481 2075 2522 ms.
2117 2465 2396 2524 delitescit
2451 2466 2509 2521 in
2564 2466 2737 2521 variis
2769 2464 3142 2521 bibliothecis.
3198 2463 3500 2534 Utriusque
3528 2472 3583 2517 et
3629 2461 3780 2517 tertii

480 2556 709 2624 insuper
737 2552 959 2624 Georgii
988 2552 1592 2610 monachiChronicon
1625 2553 1746 2609 sive
1774 2553 2079 2611 Historiam
2120 2570 2228 2610 ms.
2265 2553 2544 2611 evolvisse
2597 2569 2658 2610 se
2706 2560 2945 2610 testatus
2991 2561 3078 2610 est
3124 2552 3378 2609 Raderus
3400 2552 3458 2607 in
3503 2549 3779 2606 i’iridario

488 2653 740 2707 sanctor.,
770 2642 920 2697 nmis
950 2640 1019 2701 ad
1052 2639 1231 2695 Vitam
1268 2639 1467 2712 lgnstii
1496 2642 1829 2714 patriarcha:
1868 2641 2035 2701 CPol.
2070 2644 2340 2715 scriptam
2362 2660 2391 2698 a
2414 2642 2609 2698 Niceta
2641 2643 2995 2715 Paphlagone
3023 2658 3038 2695 τ
3077 2641 3285 2697 Praeter
3312 2657 3376 2696 ea
3410 2656 3530 2711 qua:
3568 2639 3777 2710 possint

484 2731 559 2783 ad
580 2746 724 2783 oram
754 2729 961 2793 notavi,
994 2727 1193 2796 placuit
1223 2730 1470 2799 quwdam
1497 2740 1714 2785 enatare
1737 2745 1804 2785 ea:
1828 2730 2053 2806 Georgio
2087 2732 2437 2799 Hamartolo,
2469 2733 2561 2805 qui
2590 2732 2834 2787 diversus
2865 2742 2946 2787 est
2991 2748 3025 2786 a
3066 2729 3292 2802 Georgio
3323 2728 3560 2800 syncello
3596 2727 3773 2783 Tara-

480 2819 571 2883 sii,
602 2820 842 2888 quamvis
876 2819 932 2873 in
974 2818 1147 2884 fronte
1173 2835 1361 2874 nomen
1393 2819 1620 2891 syncelli
1645 2821 1901 2890 ιιι-(τίεται
1935 2839 1953 2876 :
1980 2822 2222 2882 diversus
2267 2824 2395 2881 item
2440 2839 2475 2876 a
2523 2819 2752 2891 Georgio
2777 2823 3038 2876 monacho
3067 2821 3158 2892 qui
3199 2819 3505 2875 Chronicon
3533 2818 3779 2886 scripsit,

482 2910 620 2979 quod
652 2927 685 2963 a
719 2908 985 2964 Panvinio
1017 2908 1296 2975 laudatur,
1335 2911 1549 2966 tametsi
1579 2909 1881 2967 Chronicon
1900 2912 2037 2966 illud
2083 2910 2297 2981 Georgii
2325 2926 2518 2964 nomen
2559 2908 2936 2977 praescriptum
2980 2924 3087 2961 non
3121 2906 3335 2961 habeat.
3366 2905 3496 2960 Tres
3525 2904 3667 2958 enim
3693 2904 3784 2958 di-

485 3014 657 3053 versos
707 2998 997 3053 monachos
1047 2999 1441 3068 manuscriptos
1488 3000 1690 3068 partim
1731 3016 1798 3055 ea:
1826 2999 2087 3056 Palatina
2116 2999 2399 3065 Boiorum,
2448 2997 2651 3068 partim
2702 3010 2773 3051 ea:
2818 2998 3134 3067 Augustana
3178 2993 3519 3059 bibliotheca,
3554 2992 3783 3048 ineditos

483 3102 660 3142 omnes
691 3104 783 3142 nec
809 3086 1111 3142 translatos
1144 3088 1397 3143 hactenus
1427 3104 1635 3143 mecum
1660 3089 1826 3147 habeo
1863 3090 2205 3161 confcroque.

552 3268 626 3338 (ρ)
652 3268 794 3323 Hinc
835 3277 1070 3342 apparet
1094 3283 1210 3342 non
1265 3268 1359 3342 diu
1392 3277 1516 3337 post
1538 3267 1766 3325 vixisse.
1794 3266 2068 3325 Caeterum
2104 3282 2209 3342 pag

2123 3283 2228 3342 )ag.
2262 3269 2368 3327 528
2386 3270 2733 3337 adnotatum,
2756 3268 2862 3335 ἕως
2889 3262 2993 3325 ὦδε
3055 3266 3116 3321 τὸ
3142 3263 3411 3338 Χρονικδν
3475 3260 3782 3335 Γεωργίου,

484 3345 572 3395 καὶ
604 3344 715 3395 ἀπὸ
745 3342 857 3397 τῶν
879 3339 985 3397 ὦδε
1024 3338 1120 3393 τοῦ
1155 3339 1480 3410 Λογοθέτου.

569 3485 629 3553 (⁸)
656 3482 762 3553 Hoc
787 3485 1192 3553 munusnostris
1216 3484 1395 3535 diebus
1428 3483 1665 3547 praestitit
1689 3485 1765 3535 vir
1795 3481 2099 3535 clarissimus
2125 3484 2331 3535 (‘arOlus
2356 3484 2661 3535 Benedictus
2684 3483 2888 3544 Hosius,
2910 3480 3133 3533 Instituti
3167 3477 3389 3529 Francia;
3422 3480 3474 3525 et
3506 3474 3789 3529 Academia

476 3544 861 3611 Inscriptionum
882 3544 1079 3597 socius.
1108 3548 1245 3598 Eutr.
