4200 6412
468 368 552 436 ειε
1564 357 2089 423 THEOPHANES
2126 350 2693 417 CONTINUATUS.
3698 348 3766 410 16

490 505 3741 542 ______________________________________.____.._______

1526 664 2733 809 ΧΡΟΝΟΓΡΑΦΙΑ

2004 928 2319 967 ΣΥΓῙῬΛΦΕΠΔ

679 1071 896 1186 ΕΚ
993 1064 2265 1188 ΠΡΟΣΤΑΓΜΑΤΟΣ
2350 1053 3559 1243 ΚΩΝΣΤΑΝΤΙΝΟΥ

1213 1287 1339 1335 ΤΟΥ
1368 1283 1805 1334 ΦΙΛΟΧΡΙΣΤΟΥ
1850 1281 1964 1332 ΚΑΙ
2005 1279 2655 1332 ΠΟΡΦΥΡΟΓΕΝΝΗΤΟΥ
2682 1274 3015 1325 ΔΕΣΠΟΤΟΥ

1877 1407 2047 1463 ΥιοΥ
2077 1406 2417 1478 Ammon,

1346 1550 1478 1602 ΤΟΥ
1502 1548 1890 1602 ΣΟΦΩΤΔΤΟΥ
1915 1548 2246 1600 ΔΕΣΠΟΤΟΥ
2270 1547 2370 1599 ΚΑΙ
2396 1540 2914 1598 ΔΥΤΟΚΡΔΤΟΡΟΣ

482 1661 801 1739 Ἄρχομὲνη
837 1664 853 1695 ¹
884 1660 1038 1718 ὅπου
1066 1658 1252 1728 ἔληξε
1279 1656 1596 1728 Θεοφάνης
1625 1695 1640 1712 .
1674 1696 1690 1713 .
1726 1694 1744 1711 .
1785 1695 1799 1711 .
1832 1696 1846 1713 .
1878 1691 1896 1712 .
1940 1653 2023 1721 τῷ
2042 1654 2304 1721 ,ϐασιλεῖ
2322 1652 2564 1723 Μιχαὴλ
2592 1650 2729 1706 υἱοῦ
2754 1650 3077 1720 Θεοφίλου,
3135 1649 3246 1706 τοῦ
3290 1647 3774 1717 κουροπαιιάτου,

1261 1750 1457 1821 ἤγουν
1502 1750 1624 1806 ἀπὸ
1656 1748 1769 1820 τῆς
1797 1749 2128 1816 βασιλείας
2170 1746 2431 1814 Λέοντος
2492 1744 2600 1800 τοῦ
2622 1744 2941 1814 Ἀρμενίου
2968 1743 3013 1799 ⁸.

766 1874 875 1924 Τῶν
895 1872 948 1923 BI
971 1873 1077 1922 ⁴καθ’
1098 1872 1283 1921 ἕκαστα
1302 1869 1387 1924 τὰς
1410 1868 1661 1922 ὑποθέσεις
1681 1868 1708 1914 ὁ
1731 1865 1874 1922 αὐτὸς
1914 1863 2137 1929 βασιλεὺς
2165 1862 2525 1919 Κωθσταντῖνος
2547 1861 2813 1924 φιλοπόνως
2834 1861 3050 1918 συνέλεξε
3083 1861 3165 1909 καὶ
3197 1859 3500 1915 εὖσυνὸπτως

1306 1956 1505 2016 ἰεέθιτο,
1529 1961 1584 2014 νῆ
1612 1956 1709 2003 τῶν
1734 1953 1775 1999 ι
1800 1953 2055 2014 μετέπειτα
2086 1951 2212 2010 δῆλα
2236 1950 2347 2014 xiv}.
2381 1986 2393 1998 .
2422 1986 2434 1999 .
2460 1985 2474 1998 .
2503 1984 2516 1998 .
2548 1954 2634 2007 τῆς
2657 1946 2902 2013 βασιλείας
2921 1947 2960 1995 δ.

2088 2122 2161 2139 _

1399 2276 2876 2396 CHRONOGRAPHIA

1969 2472 2267 2515 CONSCIHPT
2277 2477 2308 2515 Α

1199 2601 1437 2664 JUSSU
1477 2602 1794 2664 CHRISTI
1833 2602 2176 2663 AMANTIS
2220 2602 2315 2663 AC
2363 2597 3129 2663 PORPHYROGENNETI

1464 2768 1919 2863 DOMINI
1978 2767 2801 2862 CONSTANTINI

1322 2978 1773 3024 SAPIENTISSIMI
1801 2978 2031 3024 DOMINI
2072 2978 2299 3024 LEONIS
2352 2979 2777 3027 IMPERATONIS
2802 2981 2948 3026 FILII

1006 3107 1163 3169 Inde
1197 3107 1432 3169 ducens
1464 3109 1803 3170 exordium
1824 3108 1935 3170 ubi
1972 3108 2376 3188 Theophanes
2431 3108 2621 3172 desiit
2654 3156 2670 3172 .
2717 3154 2733 3171 .
2771 3153 2790 3174 .
2828 3156 2842 3171 .
2881 3157 2895 3172 .
2953 3110 3261 3173 Michaele

558 3217 811 3281 scilicet
847 3211 1184 3292 Theophili
1210 3212 1346 3291 ﬁlio
1372 3212 1770 3293 Curopolata
1794 3214 2201 3294 imperatore,
2241 3214 2357 3275 hoc
2392 3224 2481 3275 est
2511 3234 2549 3274 a
2583 3214 2812 3277 Leonis
2851 3216 3142 3279 Armenii
3202 3218 3491 3297 imperio.
3530 3264 3545 3278 .
3573 3263 3588 3281 .
3625 3262 3642 3281 .
3666 3260 3685 3280 .

484 3348 796 3412 Argumenta
816 3340 1013 3405 singula
1040 3342 1310 3403 imperator
1334 3341 1442 3403 ipse
1460 3338 1819 3392 Constantinus
1841 3340 2067 3391 studiose
2092 3340 2318 3404 collegit,
2340 3349 2394 3391 et
2420 3356 2485 3393 ne
2510 3350 2740 3405 posteros
2760 3348 3075 3408 superiorum
3097 3356 3373 3410 temporum
3398 3356 3541 3413 gesta
3576 3350 3769 3402 lateant

1549 3426 1791 3489 dilucide,
1814 3434 1868 3477 et
1893 3433 1949 3477 ut
1974 3430 2082 3491 capi
2106 3428 2253 3478 facile
2278 3430 2490 3491 possint,
2515 3428 2692 3481 edidit.

563 3738 701 3810 1-3
768 3738 885 3793 Hoc
933 3750 1155 3807 quoque
1214 3701 1460 3799 oinnino,
1500 3734 1905 3805 sapientissime
1936 3736 2090 3807 prin-
2117 3737 2171 3799 Α

2127 3737 2171 3799 Α
2265 3741 2377 3794 Καὶ
2439 3738 2598 3795 τοῦτο
2644 3740 2885 3807 πάντωςο
2913 3742 3023 3796 τῶν
3084 3743 3215 3808 σῶν,
3271 3734 3316 3796 ὦ
3376 3740 3786 3812 φιλοσοφώτατε

487 3848 639 3904 ceps,
673 3832 739 3887 ad
779 3832 884 3886 alia
919 3840 1011 3885 tua
1043 3830 1326 3900 multaque
1358 3830 1474 3900 ipsa
1506 3838 1561 3884 et
1590 3829 1883 3899 magniﬁca
1915 3844 2082 3883 orna-

2189 3829 2433 3901 βασιλεῦ,
2461 3831 2666 3897 καλῶν,
2694 3834 2835 3903 μετά
2885 3850 2949 3902 γε
2979 3833 3194 3887 πολλῶν
3241 3832 3422 3887 ἀλλων
3457 3850 3518 3886 τε
3568 3835 3661 3886 καὶ
3697 3851 3788 3904 μεο

489 3934 672 3980 menta
717 3926 1057 3994 virtutesque
1103 3924 1336 3988 accedit,
1390 3922 1537 3992 quod
1574 3937 1638 3977 ea
1668 3938 1791 3993 quae
1834 3932 2084 3992 tempore

2190 3923 2393 3992 γὰλων,
2424 3924 2486 3977 τὸ
2512 3924 2581 3979 τά
2604 3925 2683 3996 τῷ
2720 3926 2899 3997 χρόνῳ
2932 3926 3333 3998 παραρρυέντα
3376 3927 3473 3980 καὶ
3528 3944 3785 3997 κεχωρη-

487 4016 919 4088 perellluxerunt
964 4017 1193 4086 jamque
1249 4030 1371 4071 esse
1422 4014 1729 4079 desierunt,
1794 4016 1863 4070 ad
1915 4017 2081 4072 vitam

2189 4020 2323 4072 κότα
2355 4019 2493 4089 πρὸς
2520 4019 2581 4073 τὸ
2616 4021 2690 4091 μὴ
2716 4019 2776 4073 ὃν
2820 4019 2959 4090 πρὸς
2992 4020 3330 4085 παλινζωῖαν
3367 4017 3525 4084 αὖθις
3556 4021 3650 4074 καὶ
3678 4037 3786 4072 πα-

487 4112 670 4167 denuo
702 4120 999 4181 ortumque
1036 4125 1240 4164 novum
1262 4107 1317 4180 4
1343 4109 1568 4163 studeas
1600 4125 1883 4178 revocare,
1916 4110 2086 4167 histo-

2187 4110 2540 4181 λιγγενεσιαν
2580 4113 2883 4182 ἀναγαγεῖν
2914 4112 3002 4185 [Ρ.
3036 4111 3118 4185 2],
3153 4114 3249 4165 καὶ
3278 4112 3371 4166 τοῦ
3407 4113 3507 4180 τῆς
3542 4112 3784 4180 ἱστορίας

486 4208 691 4279 τίωψιο
722 4207 925 4262 bonum
959 4221 1090 4260 cura
1133 4204 1513 4276 prosequaris,
1558 4220 1661 4260 nec
1697 4206 1849 4261 velut
1902 4206 1943 4260 ii
1986 4208 2082 4276 qui

2190 4206 2600 4279 ἐπιμεληθῆναι
2625 4205 2819 4272 καλοῦ,
2848 4205 2988 4260 ἀλλά
3022 4206 3097 4275 μὴ
3124 4207 3239 4267 τοῖς
3272 4205 3377 4273 πρὸ
3413 4204 3507 4257 τοῦ
3546 4209 3647 4273 τὴν
3688 4204 3785 4274 βα-

487 4312 615 4355 ante
649 4298 867 4369 imperii
904 4299 1121 4352 clavqu
1158 4294 1426 4352 moderati
1461 4304 1610 4362 sunt,
1656 4297 1755 4352 abs
1796 4308 1849 4353 te
1882 4299 2083 4369 negligi

2192 4299 2409 4371 σιλικὴν
2471 4299 2905 4371 ὲπειλημμένοις
2931 4298 2952 4330 ⁸
2978 4296 3319 4367 ἀμεληθῆναι
3352 4297 3551 4367 ἀρχήν.
3583 4298 3646 4352 Οἱ
3684 4299 3784 4369 μὲν

488 4392 736 4462 patiaris.
787 4391 969 4459 Atque
1009 4392 1206 4444 horum
1259 4388 1507 4458 quidem,
1570 4390 1663 4457 qui
1722 4404 1785 4444 ea
1838 4392 2082 4445 aemulati

2189 4394 2300 4467 γὰρ
2328 4397 2491 4466 ζῆλον
2522 4396 2866 4466 ἐζηλωκότες
2894 4396 3007 4457 τοῖς
3034 4395 3263 4462 ἀγαθοῖς
3306 4394 3584 4466 ἀζήλωτον
3624 4396 3784 4463 ὑπεξ-

483 4495 619 4543 sunt
665 4500 787 4556 quae
822 4499 985 4540 nemo
1016 4485 1194 4540 bonus
1247 4499 1492 4554 unquam
1551 4484 1866 4552 aemuletur,
1933 4487 2084 4543 nulla

2188 4488 2517 4558 ῃρήσθωσαν
2529 4486 2622 4539 τοῦ
2637 4487 2817 4553 λόγου.
2835 4484 2989 4547 Τινὲς
3004 4484 3024 4515 ⁸
3035 4484 3403 4555 διενηνοχέναι
3414 4486 3784 4540 ἐσπουδάκασι

486 4578 651 4633 nobis
707 4576 989 4632 mentione
1039 4576 1249 4641 habita,
1318 4575 1545 4630 {uerunt
1594 4575 1819 4645 quidam
1877 4579 1973 4648 qui
2027 4588 2085 4634 ut

2187 4582 2298 4636 τῶν
2322 4582 2533 4635 πολλῶν
2565 4578 2684 4633 κατ’
2714 4578 2891 4641 οὐδὲν,
2915 4578 2996 4630 ὅτι
3022 4576 3099 4648 μὴ
3131 4575 3294 4646 λόγου
3321 4580 3635 4651 σύντροφοι,
3667 4578 3783 4631 ἀλλ’

487 4685 656 4741 supra
693 4670 893 4745 vulgus
927 4675 1282 4738 praestarent,
1326 4667 1465 4721 nihil
1518 4682 1703 4737 operae
1751 4679 2080 4739 posuerunt,

2189 4676 2482 4746 ἀγροικίας
2519 4672 2779 4741 γεγόνασι
2807 4671 3266 4743 κατεντρὺφημα.
3305 4672 3371 4726 Τί
3406 4673 3515 4744 γὰρ
3538 4671 3782 4727 τοιοῦτον

488 4766 636 4838 quod
682 4780 858 4835 neque
912 4762 1113 4818 litteris
1158 4762 1375 4817 educati
1406 4761 1541 4832 sint,
1598 4760 1696 4816 sed
1757 4762 2083 4820 rusticitatis

2189 4766 2442 4833 ὲξασκεῖν
2496 4764 2879 4837 αὐτοκράτορα
2914 4765 3016 4825 δεῖ.
3061 4764 3089 4818 ὃ
3136 4765 3280 4837 μὴ...
3326 4765 3581 4836 ἐπιφέρει
3624 4766 3644 4797 ⁷
3682 4765 3784 4837 τὴν

487 4858 788 4915 ludibrium
842 4854 1285 4928 prOpudiumque
1338 4853 1676 4909 exstiterint.
1730 4852 1874 4920 Quid
1932 4856 2080 4915 enim

2188 4862 2375 4931 ὄνησιν
2423 4858 2562 4930 μετά
2608 4858 2768 4929 λόγου
2817 4858 3202 4930 γινομένων⁸;
3237 4858 3355 4912 δέον
3401 4859 3783 4930 ἐπιμελεῖσθαι

485 4953 759 5025 ejusmodi
803 4952 1195 5021 imperatorem
1229 4946 1487 5003 excolere
1528 4948 1746 5009 deceat,
1795 4949 1943 5018 quod
1979 4950 2082 5006 ho-

2189 4952 2401 5023 ἀνδρῶν
2444 4952 2540 5005 καὶ
2583 4950 2684 5023 τῆς
2739 4951 2968 5021 λογικῆς
3027 4952 3109 5005 ὅτι
3170 4951 3405 5020 μάλιστα
3443 4950 3778 5023 ἐπιστήμης,

485 5047 620 5103 mini
662 5046 878 5101 ratione
922 5043 1153 5114 praedito
1196 5042 1335 5096 nihil
1363 5041 1642 5096 commodi
1688 5040 1917 5097 aﬂ‘erat?
1951 5059 2078 5099 cum
2114 5097 2144 5114 _

2124 5097 2156 5114 _
2191 5041 2252 5107 ὲξ
2285 5035 2360 5096 ὧν
2407 5042 2470 5096 τὸ
2504 5043 2706 5112 κράτος
2744 5042 3051 5114 βασιλείας,
3076 5042 3151 5102 ὡς
3180 5041 3246 5095 ἂν
3279 5042 3355 5114 μὴ
3394 5043 3610 5097 λάθοιεν
3639 5045 3783 5099 κατὰ

486 5141 662 5211 magis
685 5141 879 5196 deceat
912 5138 1160 5193 virorum
1196 5150 1389 5191 curam
1427 5134 1654 5200 habere,
1688 5137 2079 5207 pmcipueque
2115 5134 2145 5153 ¹⁴

2126 5134 2161 5153 ν
2193 5134 2437 5207 πρανοῦς
2483 5137 2779 5206 φερόμενοι
2836 5134 3208 5204 ἁλογωθέντες
3249 5137 3299 5189 οι
3349 5135 3649 5207 ἄνθρωποι,
3689 5138 3785 5193 καὶ

488 5234 735 5289 scientiae
760 5230 1070 5295 rationalis,
1091 5229 1295 5300 quibus
1325 5226 1545 5296 imperii
1579 5225 1751 5281 robur
1766 5239 2082 5299 praestatur,

2196 5227 2525 5302 κινδυνεύσῃ
2555 5228 2734 5296 τοῦτο,
2770 5223 2815 5298 ᾧ
2856 5228 2966 5282 τῶν
2997 5227 3214 5281 πάντων
3242 5228 3601 5301 διαφέρομεν,
3635 5231 3785 5298 ἀφω-

486 5340 559 5380 ne
602 5325 853 5379 homines
903 5325 959 5379 in
1012 5337 1258 5393 praeceps
1316 5328 1542 5376 ruentes
1578 5322 1845 5391 paulatim
1879 5325 2083 5381 obbru-

1012 5337 1258 5393 prazceps
1316 5328 1542 5376 ruentes
1578 5322 1845 5391 paulatim
1879 5325 2083 5381 obbru-
2194 5322 2285 5395 νίᾳ
2320 5322 2647 5393 παραδοθὲν.

484 5428 724 5486 tescant,
756 5434 821 5474 ac
848 5433 916 5472 ne
946 5418 997 5471 id
1022 5432 1134 5487 quo
1171 5415 1451 5471 universis
1486 5414 1881 5485 pracellimus,
1916 5418 2083 5474 silen-

488 5516 565 5568 tio
599 5513 863 5568 traditum
895 5510 1260 5582 periclitetur.

1787 5606 2021 5666 VARUE
2054 5604 2465 5664 LECTIONES.

557 5709 572 5739 ⁸
602 5705 909 5777 ἀρχομένου
938 5701 981 5755 Ρ
1029 5700 1091 5771 (i.
1127 5715 1178 5755 ε.
1234 5699 1405 5777 editio
1450 5699 1830 5777 Parisignsisi
1861 5702 2067 5777 invito,
2100 5712 2188 5777 put
2222 5700 2437 5777 ῌιιιῄυεΔ
2479 5701 2738 5777 testatur,
2799 5692 3026 5777 codice:
3127 5694 3157 5777 ξ
3207 5702 3330 5777 post
3381 5693 3675 5777 ’ᾼρμενίρυ
3725 5696 3781 5777 in

485 5776 525 5831 Ρ
550 5765 767 5839 lacuna,
792 5788 915 5846 quae
944 5765 1055 5846 noli
1087 5780 1171 5846 est
1203 5786 1256 5846 In
1275 5772 1511 5846 codice.»
1565 5772 1670 5846 "vi;
1698 5765 1831 5846 τῷν]
1856 5772 1949 5827 ἵνα
1976 5765 2074 5846 τῆξ
2100 5775 2159 5831 P.
2238 5774 2261 5804 ⁸
2288 5771 2386 5842 τῆς
2412 5766 2698 5841 βασιλείας
2724 5782 2836 5824 om.
2869 5765 2931 5820 Ρ.
3007 5766 3029 5798 ⁵
3058 5766 3187 5830 τοὺς
3216 5796 3287 5810 --
3309 5766 3786 5839 ἐπειλημμένοι)ςῖ

486 5852 507 5882 ⁸
530 5850 583 5903 οἵ
602 5847 787 5911 τινεςῖ
814 5842 824 5846 ⁷
861 5845 880 5877 ⁷
911 5844 989 5915 μὴ
1020 5842 1205 5913 κοινὴν
1229 5842 1517 5914 ἐπιφέρειῖ
1585 5842 1607 5875 ⁸
1633 5842 1923 5914 γινόμενον
1948 5846 1973 5900 ἳ
2028 5842 2040 5846 ⁷
2320 5864 2323 5865 ⁷
