4200 6434
396 386 464 457 Π
1823 393 2289 457 PROOEMIUM.
3636 399 3706 469 l8

479 497 612 555 Ἀλλ’
646 498 779 555 ὅσον
813 499 920 573 μιν
961 519 1047 556 σοι
1080 501 1410 579 πεπόνηται,
1438 500 1713 574 πραότατε
1741 501 1991 574 βασιλεῦ,

2170 502 2448 570 Quantam
2486 515 2617 558 vero
2674 510 2756 568 tu,
2792 502 3087 561 mitissime
3134 506 3413 579 princeps,
3463 523 3690 580 operam

403 592 528 664 περὶ
570 592 669 664 τὴν
695 591 935 665 λογικὴν
967 595 1065 649 καὶ
1098 595 1200 667 τὴν
1228 594 1342 649 τῶν
1386 595 1599 666 ἀνδρῶν
1648 597 1998 669 ἐπιμέλειαν,

401 686 486 738 ἵνα
505 677 823 750 diu"...
855 685 1202 758 θεωρήσουσι
1237 684 1338 757 μὲν
1371 686 1421 740 οί
1472 688 1649 756 σοφοὶ,
1680 686 1764 742 ὅτι
1795 689 1862 761 δὴ
1907 691 2005 743 καὶ

400 779 491 841 σὺ,
524 777 730 847 μᾶλλον
761 778 822 831 δὲ
869 776 937 849 δὴ
970 778 1038 832 σὺ
1066 778 1282 850 σαφῶς,
1316 781 1399 834 ὅτι
1427 770 1491 849 γε
1519 780 1618 834 καὶ
1662 781 1862 837 ἐκεῖνοι
1909 800 2003 854 σος

397 872 511 941 φοί.
558 870 823 943 Ἰστορεϊς
871 872 930 927 δὲ
971 873 1159 937 αὐτὸς,
1180 875 1343 945 χεῖρα
1387 874 1566 945 μόνως
1595 875 1796 947 ,λαϐὼν
1843 878 2005 950 ἡμῶν

395 963 833 1036 διακονουμένην
886 981 994 1033 σοι,
1027 966 1130 1020 ὅσα
1161 969 1272 1031 τοῖς
1316 967 1424 1039 πρὸ
1455 968 1550 1023 σοῦ
1579 968 1861 1041 βεϐίωται,
1893 972 2002 1027 κᾶν

396 1058 769 1130 ἀποχρώντως
809 1058 979 1129 ἔχωσι
1005 1059 1068 1113 τὸ
1100 1059 1307 1130 φαῦλον
1336 1062 1432 1116 καὶ
1468 1062 1531 1116 ού
1562 1061 1843 1134 λαμπρὸν,
1875 1064 2001 1117 ἐπεὶ

397 1150 493 1204 καὶ
545 1149 761 1205 τούτων
816 1151 996 1206 ἔνεστι
1060 1150 1303 1224 θηρᾶσαι
1364 1155 1479 1219 τοῖς
1552 1154 1865 1219 σπουδαίοις
1935 1156 2003 1211 τὰ

400 1242 671 1315 χρήσιμα.
723 1243 948 1316 ’Δμέλει
1004 1243 1302 1317 τοιγαροῦν
1347 1246 1532 1318 πάσης
1594 1246 1857 1319 ἀσχολίας
1895 1249 1997 1304 καὶ

405 1334 596 1408 ἀργίας
625 1335 731 1407 τὴν
778 1337 911 1408 περὶ
943 1335 1105 1407 λόγου
1138 1338 1560 1410 προτετιμηκὼς
1595 1340 1856 1413 σπουδὴν,
1905 1340 2003 1397 ἅτε

404 1429 463 1500 δὴ
489 1429 683 1484 τούτου
739 1430 984 1502 μάλιστα
1010 1432 1126 1496 τοῖς
1161 1433 1428 1505 ὑπηκόοις
1453 1433 1788 1506 φιλομαθέσι
1822 1452 1884 1490 τε
1909 1436 2005 1492 καὶ

400 1522 815 1606 φιλιστοροῦσιν
872 1521 1038 1595 ζῆλον
1091 1526 1188 1580 καὶ
1239 1525 1444 1600 ἀρετὴν
1503 1527 1893 1598 ἐγγεννῶντος,
1932 1528 2005 1583 τὰ

406 1616 503 1688 μὲν
539 1618 608 1670 ἐκ
627 1616 739 1671 τῶν
768 1619 1201 1690 γεγραμμένων,
1232 1620 1302 1673 τὰ
1331 1620 1388 1675 δὲ
1416 1622 1482 1676 ὲκ
1508 1621 1622 1676 τῶν
1655 1623 1794 1696 ἀκοῇ
1824 1640 2003 1696 παρα-

403 1706 707 1777 δεδομένων
748 1708 1128 1781 συνηθροικὼς
1176 1709 1367 1783 ὥσπερ
1424 1730 1478 1766 τι
1511 1708 1692 1768 κοινὸν
1738 1714 1999 1770 διδασκα-

2107 594 2359 666 posueris
2390 603 2505 650 tum
2543 596 2597 651 in
2628 597 2883 652 rationali
2906 598 3140 655 scientia
3170 608 3288 655 tum
3317 601 3370 655 in
3416 602 3701 659 hominum

2105 703 2259 754 cura,
2311 698 2372 744 ut
2414 688 2522 744 alia
2552 690 2991 760 praetermittam,
3026 694 3547 751 commemorabunt
3577 712 3705 765 qut-

2104 781 2228 837 dem
2264 780 2520 838 homines
2549 783 2851 853 sapientes,
2891 778 3113 854 quando
3141 796 3195 840 et
3219 795 3274 840 tu
3307 788 3444 857 ipse,
3489 786 3573 841 vel
3606 802 3704 857 po-

2104 872 2216 929 tius
2245 878 2308 927 tu
2340 872 2459 942 ipse
2490 872 2693 943 palam,
2744 874 2892 944 quod
2924 881 2979 929 et
3009 874 3087 929 illi
3126 877 3427 945 sapientes.
3483 874 3700 931 Scribis

2104 971 2289 1018 autem
2323 962 2462 1034 ipse,
2516 979 2741 1019 manum
2776 966 3047 1021 duntaxat
3088 976 3335 1023 nostram
3396 969 3495 1024 tibi
3521 968 3700 1022 mini-

2105 1063 2376 1110 strantem
2428 1069 2745 1121 assumens,
2787 1070 3133 1127 quaecunque
3174 1058 3480 1129 superioris
3526 1056 3705 1112 aetatis

2105 1142 2427 1201 hominibus
2481 1154 2635 1218 gesta
2689 1156 3014 1215 noscuntur,
3068 1150 3291 1205 tametsi
3353 1150 3444 1205 illa
3485 1149 3707 1206 ahundc

2105 1238 2308 1295 vitiosa
2330 1240 2441 1296 sint
2468 1254 2570 1296 nec
2590 1240 2814 1295 virtutis
2839 1240 3000 1296 laude
3020 1242 3325 1298 admodum
3353 1243 3704 1314 splendeant,

2105 1332 2253 1403 quod
2303 1332 2434 1388 hinc
2480 1348 2703 1405 quoque
2747 1333 2855 1388 viri
2903 1334 3139 1392 studiosi
3166 1337 3521 1393 commodum
3559 1334 3703 1393 rcfe-

2105 1433 2256 1482 rant.
2316 1426 2464 1482 Sane
2494 1428 2664 1499 igitur
2700 1426 2855 1483 omni
2909 1428 3017 1483 alia
3061 1431 3429 1500 occupatione
3477 1432 3707 1501 otioque

2105 1517 2435 1574 eruditionis
2484 1518 2914 1591 litterarumque
2973 1535 3121 1576 curae
3147 1522 3499 1592 posthabitis,
3560 1524 3706 1593 quod

2108 1609 2373 1666 nimirum
2424 1624 2489 1667 ea
2536 1627 2626 1667 res
2661 1611 2931 1669 doctrinae
2980 1613 3338 1684 historiaeque
3388 1615 3709 1673 amantibus

2110 1703 2461 1759 subditorum
2513 1704 2717 1761 animis
2769 1705 3180 1762 aemulationem
3212 1706 3587 1779 virtutemque
3618 1708 3709 1765 in-

405 1798 545 1854 λεῖον
597 1798 881 1873 προθεῖναι
935 1802 1106 1856 πᾶσιν
1148 1800 1460 1859 ἐϐουλεύσω
1504 1804 1728 1871 καλῶς,
1783 1806 2003 1879 ἐκείνην

2109 1793 2272 1860 ferat,
2321 1810 2388 1850 ex
2434 1796 2500 1851 iis
2536 1795 2587 1867 5
2625 1810 2748 1866 quae
2777 1806 2872 1853 aut
2904 1798 2973 1853 ah
3001 1797 3126 1855 aliis
3154 1797 3359 1869 scripta
3405 1808 3500 1855 aut
3538 1802 3707 1857 audi-

403 1892 610 1964 ταύτης
647 1895 669 1926 ⁹
702 1895 882 1965 ἀρχὴν
910 1889 1053 1949 εἶναι
1078 1896 1308 1969 νομίσας
1340 1897 1443 1968 τῆς
1471 1898 1717 1970 ἱστορίας
1744 1874 2001 1971 ἀρίστην,

2113 1888 2264 1943 tione
2299 1897 2522 1960 accepta
2556 1898 2688 1944 sunt
2731 1906 2902 1945 unum
2937 1906 3141 1962 corpus
3178 1902 3508 1962 contexens,
3550 1908 3709 1951 com-

302 1976 309 1987 ’
404 1988 505 2055 τὴν
526 1988 607 2059 τῷ
631 1989 911 2064 μακαρίτῃ
940 1991 1209 2061 Θεοφάνει
1252 1991 1557 2065 γενομένην
1580 1993 1900 2064 κατάληξιν,
1927 1994 2004 2067 (1)

412 2075 659 2149 [πάντων
696 2081 804 2135 τῶν
843 2082 1117 2153 βασιλέων
1138 2083 1243 2148 ἕως
1269 2084 1367 2138 τοῦ
1400 2087 1522 2140 νυνὶ
1553 2086 1750 2158 καιροῦ
1781 2088 1877 2141 καὶ
1906 2087 2009 2159 τῆς

414 2171 699 2242 βασιλείας
732 2191 825 2228 σου
852 2174 923 2230 τά
963 2177 1339 2248 πεπραγμένα
1364 2178 1455 2233 διὰ
1485 2178 1649 2249 λόγου
1674 2177 1965 2234 συλλαϐεῖν
1989 2197 2005 2213 -

403 2266 457 2318 εί
482 2266 578 2320 καὶ
604 2265 698 2322 τοῦ
720 2268 973 2341 ἀοιδίμου
998 2287 1095 2324 σου
1147 2272 1379 2328 πάππου
1397 2271 1495 2327 τοῦ
1519 2274 1579 2328 ὲν
1608 2272 1894 2344 βασιλεῦσι
1916 2275 2009 2328 εύ-

402 2358 598 2424 κλεοῦς
636 2358 898 2430 βασιλέως
924 2362 1211 2418 Βασιλείω
1239 2364 1306 2419 τά
1327 2364 1482 2437 παρὰ
1504 2365 1598 2419 σοῦ
1628 2366 2007 2439 ἱστορούμενα,

406 2451 500 2503 καὶ
527 2451 672 2522 μετὰ
699 2453 879 2524 πάσης
908 2455 1209 2527 σαφηνείας
1230 2458 1325 2511 καὶ⁵
1350 2457 1511 2527 λόγου
1540 2459 1843 2531 εὐκοσμίας
1865 2460 2010 2515 κατὰ

401 2542 464 2595 τὸ
512 2542 628 2597 τῶν
691 2547 1006 2617 γενομένων
1062 2547 1265 2620 ἀληθὲς
1318 2550 1415 2604 καὶ
1471 2550 1770 2624 εἱλικρινὲς
1821 2553 1905 2616 είς
1947 2552 2010 2608 τὸ

413 2636 641 2706 φανερὸν
686 2639 843 2710 παρὰ
890 2640 991 2710 τῆς
1044 2641 1144 2712 σῆς
1204 2641 1704 2715 πολυμαθεστάτης
1747 2644 2010 2715 είδήσεως

408 2726 863 2801 ὶξαγορευθέντα,
916 2733 1176 2806 περιττὸν
1216 2734 1283 2791 ἂν
1338 2733 1425 2808 εἴη
1486 2736 1765 2793 οὐδοτιοῦν
1818 2738 2012 2812 διηγή-

405 2821 628 2897 σασθαι]
673 2823 735 2879 ὃν
792 2827 939 2882 κατὰ
1004 2828 1332 2898 συγγένειαν
1382 2831 1478 2885 καὶ.
1544 2831 1889 2905 ἀγχιστείαν,
1949 2833 2011 2889 τὸ

406 2910 543 2968 εἶναι
576 2918 776 2983 υίωνὺς
817 2917 1030 2990 λαχὼν,
1056 2921 1460 2995 άποσεμνύνεις
1517 2941 1578 2977 τε
1625 2926 1690 2979 ἐκ
1732 2924 1843 2980 τῶν
1897 2925 2010 2982 σῶν

410 3008 610 3073 ἱκανῶς
659 3011 756 3064 καὶ
808 3011 1244 3085 ἁντιλαμϐάνεις
1281 3010 1443 3083 αὖθις
1492 3017 1624 3091 παρ’
1682 3017 1851 3074 αὑτοῦ
1886 3037 2010 3077 τινα

410 3098 682 3154 εὔκλειαν.

406 3100 682 3159 ιύκλειαν.

483 3366 565 3444 [Ρ.
598 3369 681 3441 3].
731 3368 975 3436 Ἐκεῖνος
1009 3372 1111 3444 μὲν
1140 3372 1234 3428 οὖν
1263 3374 1347 3438 είς
1369 3373 1473 3447 τὴν
1520 3372 1619 3429 τοῦ
1648 3374 2008 3447 κουροπαλά-

412 3477 503 3515 του
530 3462 757 3535 Μιχαὴλ
792 3464 1078 3535 βασιλείαν
1098 3469 1195 3521 καὶ
1217 3464 1392 3542 ἧτταν
1442 3469 1544 3540 τὴν
1573 3470 1640 3523 ὲκ
1677 3469 1788 3527 τῶν
1836 3470 2009 3525 Βουλ-

407 3557 595 3629 γάρων
624 3558 921 3630 συμϐᾶσαν
952 3560 1102 3634 αὐτῷ
1131 3559 1642 3636 καταπροδοθέντος
1682 3565 1729 3599 ⁸ο
1761 3564 1869 3619 ὑπὸ
1897 3565 2011 3620 τῶν

406 3650 607 3704 ἑαυτοῦ
658 3651 960 3723 κατέληγε,
989 3654 1092 3725 τῆς
1148 3654 1243 3709 τοῦ
1279 3656 1511 3721 Λέοντος
1554 3657 1717 3730 μόνον
1748 3659 2012 3730 μνησθεὶς

408 3747 789 3819 ἀναρρήσεως,
826 3748 997 3821 μηδὲν
1023 3750 1153 3821 μήθ’
1175 3749 1299 3806 ὅθεν
1320 3747 1388 3822 ἦν
1440 3753 1569 3825 μήθ’
1594 3754 1745 3819 ὅπως
1792 3755 2010 3828 ἐτράφη

409 3839 573 3910 δῆλον
629 3843 744 3905 τοῖς
784 3843 1227 3912 ἀναγινώσκουσι
1267 3846 1612 3917 πεποιηκώς.
1674 3848 1871 3919 Ἡμεῖς
1916 3848 2009 3916 δὲ,

418 3929 614 4003 ὥσπερ
638 3936 709 4004 τῇ
741 3936 951 4009 κεφαλῇ
984 3936 1056 3991 τὰ
1077 3938 1216 3993 ἄλλα
1242 3941 1385 4011 μέρη
1415 3940 1806 4018 συνάπτοντες,
1838 3942 2012 4014 αὐτήν

431 4042 497 4080 τε
542 4028 645 4097 τὴν
682 4030 915 4102 ἱστορίαν
961 4033 1262 4107 όλόσωμον,
1290 4037 1527 4108 ἀλλὀὐχ
1588 4036 1822 4109 ἡμιτελῆ
1874 4037 2013 4091 ἀπο-

427 4120 747 4192 δείκνυμεν,
791 4124 882 4180 καὶ
942 4127 1081 4201 πρὸς
1134 4129 1227 4182 τὸν
1292 4129 1423 4201 ἑξῆς
1475 4128 1574 4184 καὶ
1614 4131 1770 4186 κάτω
1816 4130 2013 4202 χρόνον

415 4218 534 4280 τοῖς
556 4215 633 4288 μὴ
649 4217 1020 4293 ῥᾳθυμότερον
1051 4220 1188 4286 ζῶσι
1210 4222 1625 4296 διαϐιϐάζομεν,
1657 4223 1870 4296 κέρδος,
1895 4225 2013 4280 ἀλλ’

412 4310 475 4364 ού
512 4310 724 4382 ζημίαν
772 4314 959 4378 αὐτοῖς
1009 4314 1383 4387 ποριζόμενοι,
1416 4317 1534 4386 εῐγε
1580 4316 1643 4387 δὴ
1694 4316 1861 4371 καλὸν
1918 4316 2016 4371 καὶ

415 4402 549 4473 πρὸς
577 4405 887 4473 ἀσφάλειαν
928 4404 1117 4462 εὔοδον
1152 4407 1263 4463 τῶν
1290 4408 1518 4477 άγαθῶν
1561 4426 1623 4463 τε
1668 4408 1768 4466 καὶ
1796 4409 1873 4480 μὴ
1921 4409 2015 4465 τὸν

422 4492 532 4563 βίον
560 4494 975 4567 διαγινώσκειν.

2112 1999 2336 2039 munem
2369 1986 2527 2056 quasi
2552 1986 2804 2042 scholam
2841 1987 3121 2044 universis
3164 2002 3474 2058 proponere
3519 1989 3710 2061 sagaci

2112 2077 2349 2133 consilio
2386 2079 2705 2147 decrevisti,
2751 2080 2920 2150 hujus
2972 2079 3215 2136 historiae
3254 2080 3389 2135 illud
3435 2081 3709 2151 optimum

2113 2177 2269 2227 ratus
2323 2171 2570 2237 initium,
2622 2173 2718 2227 ubi
2768 2172 2945 2229 felicis
3002 2173 3288 2229 memoriae
3340 2172 3711 2244 Theophanes

2114 2263 2391 2321 scribendi
2442 2265 2608 2319 linem
2650 2264 2892 2332 fecisset,
2927 2264 3028 2339 [ita
3057 2266 3318 2321 nimirum
3371 2275 3431 2321 ut
3459 2267 3708 2321 omnium

2114 2357 2513 2428 imperatorum
2545 2357 2614 2414 ad
2648 2358 2793 2414 hanc
2821 2374 2999 2430 usque
3045 2367 3261 2414 aetatem
3302 2368 3573 2430 tuumque
3604 2359 3711 2414 im-

2112 2449 2331 2521 perium
2375 2465 2466 2507 res
2514 2458 2697 2521 gestas
2731 2465 2989 2506 sermone
3041 2450 3464 2520 complectatur.
3523 2449 3711 2518 Quan-

2113 2558 2279 2612 quam
2310 2541 2500 2615 inclyti
2531 2544 2618 2599 avi
2657 2543 2758 2608 tui,
2802 2544 2948 2599 inter
2978 2544 3262 2615 Augustos
3290 2543 3437 2599 fama
3466 2544 3714 2617 celeber-

2113 2636 2267 2700 rimi,
2306 2635 2496 2695 Basilii
2539 2638 2894 2709 imperatoris
2945 2646 3098 2710 gesta
3137 2638 3239 2693 abs
3280 2645 3335 2694 te
3372 2636 3713 2708 conscripta,

2112 2729 2380 2801 omnique
2428 2730 2827 2801 perSpicuitate
2877 2745 2941 2786 ac
3004 2730 3279 2786 sermonis
3329 2740 3527 2785 ornatu
3584 2744 3719 2785 vero

2113 2820 2439 2893 sincereque
2497 2822 2566 2878 ab
2613 2822 2991 2879 eruditissima
3045 2824 3340 2893 prudentia
3392 2832 3508 2889 tua,
3560 2821 3716 2878 omni

2111 2915 2348 2986 denique
2401 2915 2508 2971 ﬁde
2568 2923 2816 2980 narrata,
2880 2915 3220 2986 superﬂuum
3264 2916 3425 2971 nobis
3486 2915 3559 2971 sit
3597 2915 3713 2970 ullo

2113 3003 2278 3058 modo
2297 2999 2623 3075 retraetare]
2658 3018 2819 3073 quem
2851 3004 3141 3074 sanguinis
3173 3002 3581 3059 necessitudine
3625 3001 3717 3075 (il-

2112 3095 2222 3152 lius
2256 3096 2372 3165 ipse
2406 3096 2602 3167 nepos)
2629 3096 2861 3167 propius
2896 3095 3225 3167 contingens
3252 3110 3377 3150 cum
3414 3095 3525 3151 tuis
3548 3110 3715 3151 orna-

2038 3228 2082 3289 ρ
2116 3189 2315 3246 mentis
2342 3188 2561 3244 abunde
2588 3189 2869 3257 honestas,
2925 3198 3040 3244 tum
3096 3202 3291 3244 rursus
3316 3186 3609 3259 quamdam
3643 3188 3715 3245 ah

2114 3298 2181 3340 eo
2207 3283 2512 3339 claritatem
2545 3282 2771 3353 recipis.

2184 3375 2239 3432 ls
2270 3390 2439 3451 porro
2489 3376 2546 3431 in
2602 3374 2885 3432 Michaelis
2928 3375 3278 3448 Curopalatae
3322 3374 3562 3447 imperio
3614 3389 3714 3429 λοι

2114 3481 2383 3541 captaque
2405 3485 2437 3524 a
2466 3469 2719 3540 Bulgaris
2744 3469 2902 3525 clade
2927 3483 3026 3540 per
3055 3484 3287 3526 suorum
3315 3467 3713 3540 proditionem,

2116 3560 2314 3619 Leonis
2350 3563 2624 3619 duntaxat
2678 3563 3010 3635 proclamati
3046 3563 3281 3633 Augusti
3353 3559 3510 3617 evius
3565 3559 3715 3616 facta

2115 3655 2420 3725 mentione,
2450 3655 2735 3712 scribendi
2768 3655 2935 3713 tinem
2968 3653 3119 3722 fecit,
3148 3655 3382 3726 ejusque
3428 3668 3531 3710 nec
3557 3661 3719 3709 nata-

2112 3748 2196 3805 les
2239 3758 2336 3807 aut
2383 3750 2642 3820 patriam,
2679 3765 2783 3807 nec
2827 3749 3212 3805 educationem
3246 3747 3547 3804 lectoribus
3583 3760 3717 3816 ape-

2116 3842 2248 3899 ruit.
2304 3842 2419 3899 Nos
2457 3853 2642 3898 autem
2668 3844 2821 3899 velut
2853 3843 3104 3898 membra
3134 3839 3347 3912 reliqua
3377 3839 3544 3912 capiti
3584 3838 3718 3910 jun-

2116 3942 2311 4005 gentes
2350 3944 2466 3988 tum
2502 3934 2687 4005 ipsum
2729 3933 2979 3989 historiae.
3017 3948 3225 4003 corpus
3264 3932 3563 4003 integrum,
3607 3944 3717 3984 non

2116 4024 2278 4097 quasi
2315 4024 2543 4081 dimidia
2570 4033 2727 4096 parte
2755 4026 3040 4092 mutilum,
3065 4034 3553 4097 repraesentamus,
3601 4032 3719 4077 tuin

2115 4117 2184 4173 ad
2222 4132 2287 4172 ea
2319 4132 2444 4187 quae
2481 4117 2745 4189 deinceps
2792 4119 3112 4189 secutisque
3164 4115 3516 4186 temporibus
3562 4121 3718 4184 gesta

2118 4219 2250 4268 sunt
2275 4210 2643 4277 traducimus,
2682 4227 2799 4267 rem
2828 4211 3045 4267 scilicet
3067 4216 3399 4283 praestantes
3430 4206 3502 4262 iis
3534 4206 3629 4276 qui
3662 4206 3725 4260 in

2118 4305 2232 4361 otio
2255 4314 2311 4361 et
2347 4304 2561 4361 desidia
2586 4305 2771 4361 vivere
2800 4303 3081 4361 noluerint
3109 4303 3325 4369 utilem,
3360 4299 3611 4369 nihilque
3634 4298 3727 4357 eia

2118 4398 2307 4455 damni
2342 4398 2683 4455 aﬂerentem.
2739 4398 2956 4470 Quippe
2980 4396 3189 4453 bonum
3218 4404 3306 4451 est
3328 4402 3384 4450 et
3404 4392 3473 4449 ad
3501 4390 3725 4446 securi—.

2120 4500 2288 4547 tatem
2328 4506 2454 4546 cum
2488 4491 2686 4562 primis
2719 4490 2852 4546 utile
2899 4499 2958 4545 ut
2998 4490 3276 4547 bonorum
3314 4487 3521 4560 pariter
3550 4492 3738 4556 atque-

2120 4585 2401 4640 malorum
2434 4585 2606 4641 vitam
2640 4597 3069 4656 cognoscamus.

1720 4720 1956 4778 νΑῐιιΑῑ
1990 4719 2407 4781 LECTIONES.

495 4816 517 4847 ’
546 4817 749 4889 ταύτην
782 4818 974 4891 vulgo.
1054 4813 1102 4849 ⁸⁸
1129 4815 1596 4887 καταπρώοθὲντι
1622 4815 1645 4869 ?

1928 4909 2160 4969 NOTIE.

471 5010 545 5085 (ι)
577 5013 805 5075 Inclusa
843 5012 1036 5073 addita
1065 5026 1135 5069 ex
1169 5011 1485 5085 conjectura
1519 5009 1587 5067 Β.
1621 5008 1684 5066 Ρ.
1720 5008 1906 5078 Goari,
1936 5023 2112 5082 eaque
2139 5024 2250 5068 non
2280 5010 2409 5080 levi,
2441 5011 2537 5069 sed
2568 5026 2637 5069 ex
2666 5010 2955 5085 scriptoris
2986 5010 3174 5082 ipsius
3195 5007 3380 5066 verbis
3408 5007 3601 5078 petita.
