4200 6412
507 364 577 431 19
1614 379 2124 444 THEOPHANES
2157 380 2729 448 CONTINUATUS.
3729 380 3798 443 90

1852 701 2225 792 ΛΟΓΟΣ
2298 698 2420 790 Λ’.
2522 808 2525 811 ν

1563 878 1724 936 ΠΕΡΙ
1770 878 1907 937 ΤΗΣ
1951 880 2315 941 ΒΑΣΙΛΕΙΑΣ
2378 884 2723 942 ΛΕΟΝΤΟΣ.

1877 1217 2404 1309 LIBER-1.

1639 1405 1892 1464 LEONIS
1912 1406 2202 1464 ARMENII
2236 1406 2602 1466 IMPERIUM.

570 1745 633 1818 Β
670 1742 723 1799 l.
764 1736 898 1823 Ejus
924 1741 1117 1813 itaque
1164 1755 1328 1813 quem
1375 1739 1628 1796 dicebam
1662 1734 1870 1794 Leonis
1912 1735 2088 1807 patria

2266 1735 2351 1811 [P.
2388 1735 2444 1809 ι]
2488 1735 2555 1793 α’.
2590 1737 2799 1809 Πατρὶς
2825 1736 2924 1809 μὲν
2953 1731 3047 1792 οὖν
3073 1734 3168 1791 τοῦ
3195 1735 3531 1810 δηλωθέντος
3555 1738 3795 1803 Λέοντος

502 1832 763 1890 Armenia
788 1830 915 1889 fuit.
939 1830 1127 1888 Genus
1156 1830 1356 1902 partim
1391 1845 1457 1885 ex
1489 1827 1762 1901 Assyriis,
1789 1826 1994 1898 partim
2028 1840 2093 1879 ex

502 1920 641 1997 ipsis
685 1924 963 1981 Armeniis
1003 1932 1370 1995 propagatum
1409 1922 1530 1978 iuit.
1582 1918 1649 1976 ili
1682 1934 1809 1977 cum
1846 1918 2097 1975 scelestae

502 2017 704 2074 mentis
747 2015 1034 2089 proposito
1068 2016 1212 2072 truci
1244 2030 1379 2072 nece
1411 2022 1670 2086 parentes
1711 2011 2095 2076 sustulissent,

500 2109 698 2165 exsilio
732 2108 977 2164 damnati
1009 2116 1161 2175 sunt;
1202 2106 1398 2177 inquo
1426 2106 1576 2160 velut
1604 2102 1845 2175 profugi,
1886 2117 2096 2173 paupe-

500 2212 618 2257 rem
658 2201 962 2257 tolerantes
992 2200 1186 2267 vitam,
1226 2214 1392 2269 quem
1441 2196 1874 2261 numina'vimus,
1921 2194 2096 2250 feram

500 2294 736 2351 bestiam
770 2301 1157 2364 susceperunt.
1216 2290 1339 2347 Jam
1390 2292 1574 2361 itaque
1623 2288 1736 2344 Leo
1786 2286 2097 2358 pubertatis

500 2400 678 2444 annos
711 2387 995 2458 ingressus
1033 2385 1089 2441 in
1134 2385 1393 2457 oppidum
1435 2384 1600 2439 Pidra
1649 2384 1893 2449 nemine,
1948 2379 2096 2453 quod

499 2478 863 2537 Orientalium
899 2478 1163 2535 thematis
1189 2486 1296 2545 est,
1329 2477 1628 2549 migravit:
1667 2475 1765 2532 ubi
1799 2491 1927 2532 cum
1961 2476 2101 2535 virio.

498 2572 582 2630 les
615 2586 790 2629 annos
820 2572 1119 2644 attigisset,
1146 2569 1593 2628 bellicosissimis
1627 2570 1761 2626 viris
1806 2568 2097 2625 truculen-

499 2658 842 2735 tissimisque
862 2672 1319 2728 cunnumeratus,
1342 2661 1552 2718 strenui
1573 2661 1842 2732 fortisque
1858 2658 2098 2731 peetoris

497 2758 605 2813 viri
640 2758 803 2813 laude
833 2756 1056 2813 claruit.
1102 2754 1453 2827 Nicephbrus
1492 2769 1618 2811 cum
1651 2766 1749 2825 per
1788 2754 1843 2809 id
1877 2761 2099 2823 tempus

498 2851 719 2922 imperii
752 2850 1000 2905 habenas
1041 2849 1446 2914 moderaretur,
1502 2847 1558 2903 in
1592 2844 1849 2919 Bulgaria
1894 2844 2100 2916 insigni

500 2938 765 2998 Romanae
794 2940 875 2997 rei
915 2938 1158 2997 ludibrio
1188 2941 1471 2997 occubuit.
1526 2939 1864 3011 Supremum
1906 2939 1956 2995 is
1994 2939 2099 2993 du-

442 3024 453 3031 ’
497 3044 617 3087 cem
636 3024 999 3099 Bardanium,
1023 3037 1391 3101 cognomento
1408 3026 1675 3093 Turcum,
1703 3028 2093 3093 destinaverat,

498 3121 747 3191 quinque
776 3127 911 3175 tunc
952 3118 1306 3174 orientalium
1340 3116 1648 3171 tliematum
1681 3126 1932 3186 agentem
1957 3130 2097 3187 prae-

499 3208 700 3274 sidem,
740 3218 812 3263 ac
846 3220 954 3277 qua
987 3206 1229 3275 pollebat
1272 3205 1470 3260 bellica
1509 3204 1831 3259 fortitudine
1852 3214 1926 3259 ac
1966 3204 2097 3258 reli-

500 3311 736 3367 quarum
754 3286 1021 3351 virtutum
1052 3294 1236 3363 laude,
1261 3293 1489 3365 provida
1520 3306 1650 3347 cura
1674 3296 2094 3363 gubernantem.

496 3387 672 3446 Porro
718 3385 1050 3454 Bardanius,
1087 3398 1152 3442 ut
1203 3385 1293 3442 cui
1350 3385 1592 3443 hostium
1648 3386 1814 3455 potiri
1850 3386 1906 3442 in
1954 3388 2098 3442 votis

498 3489 762 3547 esset,“
791 3496 919 3537 cum
956 3480 1061 3536 sibi
1091 3480 1211 3552 ipse
1244 3480 1493 3551 qumidie
1524 3481 1819 3552 imperium
1853 3481 2099 3537 somnia-

499 3580 606 3640 ret,
630 3572 781 3629 hunc
807 3572 877 3629 de
894 3586 1005 3644 quo
1035 3573 1317 3643 loquimur
1339 3571 1606 3639 Leonem,
1635 3572 1916 3628 hominem
1944 3573 2096 3643 gravi

498 3667 757 3737 trucique
780 3675 1017 3736 aspectu
1044 3666 1101 3736 ’1
1131 3675 1300 3736 atque
1329 3666 1518 3722 animo
1547 3678 1841 3738 generoso,
1891 3666 2097 3739 quique

497 3764 768 3829 praeterea
804 3756 1089 3828 colloquio
1135 3757 1372 3813 blandus
1404 3758 1686 3813 videretur
1730 3759 2097 3831 moribusque

500 3849 768 3915 urbanus,
804 3851 927 3907 suis
956 3860 1073 3905 tum
1111 3851 1441 3907 satellitibus
1474 3866 1538 3906 ac
1563 3851 1837 3908 ministris
1866 3853 2091 3921 adlegit,

496 3952 663 4014 atque
688 3943 794 4000 hoc
811 3944 1074 4015 priorem,
1112 3952 1208 4000 aut
1230 3952 1379 4002 certe
1408 3945 1561 4002 brevi
1588 3954 1732 4017 post,
1760 3944 2089 4003 Michaelem

498 4033 749 4101 Balbum,
807 4050 1026 4091 necnon
1079 4035 1349 4093 Thomam
1398 4038 1622 4095 ‘Gazura
1656 4040 1855 4111 palude
1900 4039 2093 4096 oriun-

495 4126 628 4182 dum
663 4167 680 4195 ,
738 4128 971 4200 abiectae
1035 4136 1230 4187 omnes
1284 4131 1453 4188 sortis
1516 4131 1772 4187 homines
1831 4133 2093 4204 nullaque

497 4219 762 4278 hactenus
796 4222 1043 4280 nominis
1076 4223 1334 4278 claritate
1359 4225 1717 4295 conspicuos,
1749 4239 1813 4279 ac
1845 4226 1939 4296 qui
1975 4234 2090 4280 tum

494 4314 737 4384 primum
787 4316 1110 4371 militarium
1152 4316 1417 4372 ordinum
1470 4318 1708 4375 ducibus
1740 4319 2092 4390 tribunisque

495 4404 887 4459 innotuissent.

564 4539 620 4593 2.
660 4536 726 4591 Hi
765 4553 899 4608 ergo
951 4539 1051 4593 toti
1099 4552 1133 4595 e
1184 4538 1461 4595 Bardanio
1519 4540 1859 4610 pendebant,
1926 4542 2095 4614 inque

495 4649 618 4689 eum
641 4646 836 4688 omnes
866 4647 991 4701 spes
1020 4648 1150 4689 suas
1181 4633 1463 4689 saecularis
1496 4635 1762 4691 claritatis
1787 4636 2090 4705 jactabant.

497 4726 804 4782 Bardanius
832 4741 1002 4796 porro
1030 4726 1247 4796 imperii
1277 4727 1635 4784 nanciscendi
1666 4730 1966 4799 cupiditate
1999 4728 2093 4787 fla-

495 4835 663 4891 grans
692 4819 816 4874 viro
846 4806 1067 4875 cuidam
1090 4818 1147 4876 in
1173 4820 1893 4879 Philomeliomonasticam
1922 4826 2090 4882 vitam

496 4913 684 4984 agenti
719 4913 943 4984 illicque
976 4914 1344 4968 commoranti
1377 4914 1494 4983 ejus
1521 4916 1853 4987 quandoque
1882 4919 2090 4989 adipis-

496 5004 657 5061 cendi
690 5004 941 5059 animum
980 5005 1179 5074 aperit,
1208 5019 1275 5060 ac
1307 5003 1525 5063 confert
1552 5006 1869 5072 consilium,
1901 5019 2091 5078 rogat-

494 5114 602 5167 que
638 5106 698 5153 ut
736 5097 1017 5167 supplices
1046 5097 1115 5151 ad
1157 5097 1333 5152 Deum
1376 5114 1475 5169 pro
1532 5114 1600 5155 eo
1642 5116 1833 5167 preces
1870 5102 2087 5173 fundat,

494 5205 609 5260 quo
636 5189 759 5259 ejus
782 5204 1009 5260 gressus
1039 5189 1349 5260 dirigantur
1377 5206 1557 5262 exque
1590 5194 1705 5248 voti
1738 5196 1953 5250 ratione
1987 5198 2090 5251 im-

494 5283 635 5353 perii
671 5298 906 5352 compos
957 5281 1073 5337 ﬁat.
1125 5282 1209 5338 Ad
1243 5300 1407 5354 quem
1446 5286 1698 5355 protinus
1736 5292 2085 5347 monachus:

494 5376 651 5443 Noli,
685 5376 953 5443 Bardani,
984 5377 1248 5445 ejusmodi
1294 5379 1497 5449 aliquid
1539 5392 1729 5437 temere
1766 5388 1983 5457 aggredi
2026 5405 2089 5441 ac

490 5485 838 5538 prwsumere,
892 5470 1033 5524 unde
1071 5471 1316 5539 futurum
1362 5483 1421 5527 ut
1467 5476 1824 5532 substantiam
1868 5482 2086 5534 amittas

491 5571 543 5614 et
585 5561 728 5615 oculi
770 5562 1099 5631 e/I‘odiantur
1145 5564 1362 5635 aliaque
1407 5565 1505 5619 tibi
1535 5569 1777 5637 infausta
1821 5573 2084 5626 eveniant.

492 5649 597 5705 Sed
634 5653 679 5705 si
709 5656 835 5707 auid
869 5656 1027 5723 probe
1059 5657 1218 5726 inque
1254 5674 1363 5711 rem
1389 5667 1534 5713 tuam
1576 5663 1877 5716 consulenti
1922 5664 2088 5719 obau-

2212 1831 2499 1903 Ἀρμενία,
2528 1832 2685 1901 γένος
2712 1824 2770 1885 δὲ
2802 1830 2863 1885 τὸ
2896 1829 3001 1901 μὲν
3043 1830 3103 1899 ἐξ
3150 1831 3479 1902 Ἀσσυρίων,
3510 1832 3571 1883 τὸ
3603 1831 3663 1886 δὲ
3697 1831 3796 1886 καὶ

2200 1924 2380 1979 αὐτῶν
2438 1923 2765 1997 Ἀρμενίων,
2817 1920 2865 1979 οἳ
2929 1922 3026 1978 καὶ
3078 1924 3206 1989 τοὺς
3253 1924 3420 1986 ίδίους
3468 1923 3528 1988 ἐξ
3575 1924 3795 1977 ἀνοσίου

2199 2016 2431 2089 γνώμης
2490 2019 2674 2088 σφαγῇ
2704 2017 3003 2089 ΐμιαιφόνῳ
3065 2014 3405 2088 παραδόντες
3463 2016 3798 2087 γεννήτορας

2202 2112 2505 2183 ὑπερορίας
2544 2108 3051 2179 κατεδικάσθησαν,
3081 2110 3309 2164 κάκεῖσε
3352 2110 3417 2181 δὴ
3468 2110 3561 2163 τὸν
3584 2110 3797 2179 πένητα

2202 2204 2338 2275 βίον,
2373 2204 2468 2260 ἆτε
2493 2200 2557 2274 δὴ
2588 2204 2685 2258 καὶ
2717 2201 2978 2272 φυγάδες,
3007 2201 3354 2265 διαθλοῢντες
3378 2201 3469 2255 τὸν
3502 2201 3798 2272 εἰρημένον

2201 2292 2343 2367 θῆρα
2389 2296 2678 2349 ἀπέτεκον.
2731 2295 2895 2369 Ἀρτι
2942 2292 3076 2366 γοῦν
3140 2299 3223 2360 εἰς
3273 2295 3516 2366 ἐφήϐους
3562 2297 3592 2349 ὁ
3644 2294 3798 2348 Λέων

2201 2391 2472 2455 ἐτάττετο,
2493 2388 2589 2442 καὶ
2616 2387 2825 2465 κώμην
2867 2386 3075 2461 Πξδραν
3108 2388 3657 2459 κατονομαζομένην,
3690 2388 3798 2439 ὑπὸ

2200 2483 2262 2537 τὸ
2296 2482 2440 2553 θέμα
2483 2480 2750 2537 τελοῦσαν
2796 2478 2908 2536 τῶν
2969 2480 3356 2546 Ἀνατολικῶν,
3392 2482 3492 2551 τῆς
3539 2480 3799 2551 πατρίδος

2200 2575 2532 2631 ἀλλάσσεται
2558 2593 2572 2607 ’
2615 2572 2745 2629 ἔνθα
2780 2574 2845 2647 δὴ
2875 2572 2970 2629 καὶ
3002 2575 3195 2646 ἀνδρὸς
3215 2575 3437 2645 ἠλικίαν
3474 2573 3797 2642 δεξάμενος,

2199 2669 2313 2732 τοῖς
2370 2669 2787 2741 μαχιμωτάτοις
2843 2670 2937 2722 καὶ
2995 2667 3391 2737 φονικωτάτοις
3428 2662 3802 2734 καταριθμού-

2204 2779 2365 2835 μενος
2403 2762 2563 2833 δόξης
2594 2760 2925 2833 εύμοίρησεν
2952 2764 3044 2815 ἐπὶ
3068 2764 3435 2832 γενναιότητι.
3484 2756 3800 2827 Νικηφόρος

2199 2857 2322 2910 τότε
2362 2855 2459 2919 τάς
2517 2856 2615 2927 τῆς
2655 2855 2934 2927 βασιλείας
2985 2852 3168 2908 ἴθυνεν
3232 2853 3412 2925 ἡνίας,
3448 2852 3477 2904 ὁ
3537 2849 3800 2921 τρόπαιον

2201 2942 2260 3002 ἐν
2304 2944 2622 3019 Βουλγαρίᾳ
2674 2946 2990 3020 γενόμενος,
3045 2946 3144 3000 καὶ
3205 2942 3650 3016 μονοστράτηγον
3706 2940 3799 2993 τὸν

2203 3036 2522 3110 Βαρδάνιον,
2623 3039 2871 3111 Τοῦρκος
2920 3038 3182 3107 ἐπίκλην,
3213 3036 3322 3090 τῶν
3353 3038 3513 3089 πέντε
3548 3034 3799 3103 Θεμάτων

2199 3135 2309 3189 τῶν
2342 3136 2485 3189 κατά
2513 3133 2615 3203 τὴν
2662 3130 2959 3202 Ἀνατολὴν
2982 3131 3083 3201 τὴν
3120 3128 3382 3200 ἐφορείαν
3416 3127 3512 3181 καὶ
3540 3129 3799 3198 πρόνοιαν

2200 3227 2575 3297 διοικούμενον
2607 3224 2698 3279 διά
2721 3242 2781 3278 τε
2805 3224 2902 3294 τὴν
2938 3224 2998 3275 ἐν
3036 3222 3296 3292 πολέμοις
3330 3220 3538 3290 τόλμαν
3563 3221 3658 3273 καὶ
3698 3219 3800 3282 τάς

2198 3320 2367 3382 ἄλλας
2393 3316 2737 3381 ἐπανθούσας
2757 3315 2909 3385 αύτῷ
2933 3314 3019 3389 [Ρ.
3038 3314 3096 3386 5]
3125 3313 3325 3387 ἀρετὰς
3344 3312 3757 3378 ἐξαπέσταλκεν
3784 3327 3798 3341 ο

2199 3410 2259 3474 ὃς
2280 3410 2375 3465 ἆτε
2405 3409 2471 3482 δὴ
2501 3408 2610 3462 τῶν
2640 3407 2857 3479 ἐχθρῶν
2880 3405 3112 3476 ἀγαπῶν
3137 3404 3417 3477 κυριεύειν
3449 3404 3543 3457 καὶ
3573 3402 3674 3475 τὴν
3702 3399 3799 3471 βα-

2202 3498 2409 3556 σιλείαν
2467 3501 2733 3556 ἐκάστοτε
2790 3497 3181 3571 ὀνειροπολῶν,
3213 3497 3403 3551 τοῦτόν
3449 3514 3532 3559 τε,
3567 3496 3696 3566 περὶ
3734 3489 3802 3550 οὗ

2199 3598 2227 3651 ὁ
2278 3595 2461 3664 λόγος,
2494 3595 2586 3649 τὸν
2620 3593 2828 3649 Λέοντα
2882 3591 3333 3663 καταπληκτικὸν
3385 3589 3653 3660 βλέποντα
3702 3588 3802 3642 καὶ

2200 3690 2451 3759 γενναῖον
2504 3682 2799 3758 ἀνάστημα
2850 3685 3045 3756 ἔχοντα
3104 3685 3201 3739 καὶ
3252 3682 3431 3748 ἄλλως
3475 3684 3690 3737 ἀστεῖον
3740 3683 3803 3735 ἐν

2196 3783 2320 3846 ταῖς
2351 3780 2588 3853 ὁμιλίαις
2618 3779 2881 3834 δοκοῦντα
2900 3782 3015 3843 τοῖς
3058 3777 3255 3832 ἐαυτοῦ
3285 3778 3601 3849 δορυφόροις
3632 3777 3800 3841 ἐγκα-

2198 3874 2417 3943 ταλέγει
2445 3873 2536 3927 καὶ
2557 3872 2845 3938 διακόνοις,
2876 3872 2971 3925 καὶ
2990 3870 3098 3943 πρό
3128 3888 3191 3939 γε
3214 3868 3457 3938 τούτουῆ
3487 3867 3624 3937 μετά
3637 3864 3799 3918 τοῦτο

2201 3966 2400 4038 μικρὸν
2418 3964 2654 4037 ’Μιχαὴλ
2684 3982 2744 4019 τε
2779 3964 2871 4019 τὸν
2902 3961 3151 4036 Τραυλὺν
3200 3962 3297 4017 καὶ
3324 3961 3529 4032 Θωμᾶν
3558 3959 3649 4013 τὸν
3687 3957 3799 4011 ἀπὸ

2195 4058 2394 4130 λίμνης
2456 4056 2759 4130 Γαζουροῠ,
2816 4056 3110 4119 ταπεινοὺς
3157 4054 3368 4116 πάντας
3422 4052 3800 4123 καὶάζήλους

2195 4148 2356 4212 ὄντας
2388 4147 2487 4202 καὶ
2537 4148 2743 4219 ἀρτίως
2787 4149 2869 4212 εἷς
2917 4144 3120 4216 γνῶσιν
3172 4143 3477 4214 ἀγομένους
3530 4143 3647 4205 τοῖς
3698 4141 3799 4203 τὰς

2198 4242 2506 4312 πολεμικὰς
2540 4240 3048 4314 ἐγκεχειρισμένοις
3076 4237 3273 4309 ἀρχάς.

2276 4558 2342 4629 β’.
2370 4534 2713 4629 Ἐ’κρέμαντο
2724 4552 2817 4609 οὖν
2835 4546 2981 4608 οὗτοι
2994 4552 3087 4606 τοῦ
3119 4552 3196 4607 Βα
3207 4551 3445 4623 ρδανίου,
3465 4551 3562 4607 καὶ
3577 4552 3634 4607 ἐν
3647 4553 3797 4623 αύτῷ

2200 4652 2298 4715 τὰς
2323 4652 2597 4722 κοσμικὰς
2620 4648 2844 4708 ἐλπίδας
2883 4645 3143 4700 ἐσάλευον
3171 4662 3185 4676 ο
3211 4644 3308 4700 καὶ
3331 4637 3487 4709 οὗτος
3514 4645 3613 4715 τῆς
3643 4643 3796 4713 βασι-

2198 4742 2349 4808 λείας
2380 4742 2455 4797 ὣν
2479 4741 2717 4814 ἐραστὴς
2749 4740 2904 4811 ἀνδρί
2933 4756 3040 4793 τινι
3076 4740 3373 4812 μονάζοντι
3402 4736 3544 4791 κατὰ
3572 4735 3665 4789 τὸν
3698 4734 3794 4789 τοῦ

2198 4835 2525 4907 Φιλομηλίου
2554 4833 2733 4904 χῶρον
2755 4832 2850 4885 καὶ
2875 4832 3285 4903 ἐνδιαιτωμένῳ
3297 4831 3398 4903 τὴν
3423 4828 3630 4898 ταύτης
3658 4828 3795 4881 ἀνα·

2199 4924 2478 4981 κοινοῦται
2497 4921 2726 4994 γνώμην
2744 4922 2897 4993 αὐτῷ
2922 4924 3018 4977 καὶ
3032 4922 3355 4992 ἐπιθυμίαν,
3385 4920 3479 4974 καὶ
3507 4919 3643 4991 πρὸς
3661 4917 3794 4972 Θεὸν

2198 5015 2363 5085 εὐχὰς
2396 5012 2711 5084 ίκετηρίους
2740 5013 3045 5085 παρεκάλει
3081 5011 3273 5065 τοῦτον
3318 5010 3691 5079 ἀναπέμπειν,
3725 5008 3797 5061 τά

2198 5107 2367 5163 αὐτοῦ
2404 5106 2729 5177 διαδήματα
2759 5105 3207 5167 κατευθυνούσας
3255 5105 3356 5159 καὶ
3379 5104 3477 5176 τὴν
3512 5102 3793 5173 βασιλείαν

2198 5198 2676 5269 ἐπιϐραϐευούσας
2742 5198 2912 5269 αὐτῷ.
2956 5197 3098 5251 Ἀλλ’
3132 5199 3369 5270 ἤκουσεν
3405 5198 3680 5269 αύΘωρὺν,
3715 5196 3792 5262 ὡς

2202 5294 2285 5346 Οὐ
2313 5290 2438 5346 δέοι
2463 5292 2752 5346 τοιούτων
2798 5290 3190 5359 κατατολμᾷν
3228 5292 3613 5361 πραγμάτων,
3644 5295 3796 5360 Βαρ-

2197 5383 2388 5451 ὃάνιε,
2428 5383 2503 5436 δι’
2537 5377 2626 5437 ὧν
2652 5381 2923 5438 ambis-td
2959 5399 3025 5437 τε
3066 5386 3425 5452 περιουσίας
3475 5386 3573 5439 καὶ
3609 5383 3797 5454 dolui;

2198 5496 2319 5531 των
2347 5478 2647 5546 περικοπὴ
2674 5477 2771 5531 καί
2797 5478 3107 5546 δυστυχία
3127 5477 3329 5545 ἄλλως
3352 5480 3424 5533 οὐ
3466 5480 3668 5544 καλῶς
3695 5495 3793 5532 σοι

2197 5571 2522 5639 γενήσεται
2553 5588 2567 5601 ·
2594 5570 2734 5626 ἀλλ’
2757 5570 2814 5624 ετ
2852 5586 2907 5624 τι
2935 5570 3101 5640 ἔχεις
3126 5570 3458 5641 πεισθῆναι
3503 5588 3604 5626 σοι
3647 5588 3794 5631 συμ-

2199 5666 2574 5732 ϐουλεύοντι,
2629 5664 3045 5733 ἀποπήδησογ
3079 5666 3312 5721 τούτων
3345 5665 3444 5720 διὰ
3477 5667 3789 5736 βραχέων,

491 5747 599 5812 dis,
650 5764 809 5818 quant
845 5751 951 5803 cito
996 5749 1061 5803 ab
1109 5767 1173 5805 ea
1226 5754 1463 5808 animum
1516 5759 1750 5828 transfer
1790 5761 2085 5831 molitione,

496 5834 693 5855 “ulls,”
736 5852 785 5855 ην
822 5854 827 5855 ,
927 5839 961 5855 1·
1014 5854 1035 5855 η
1080 5841 1087 5850 -
1166 5840 1177 5852 ο
1260 5850 1268 5855 .
1472 5846 1481 5855 ι
1577 5846 1587 5855 .

2199 5758 2394 5828 ἀρχήν
2424 5775 2559 5813 τινα
2576 5758 2719 5829 μηδ’
2752 5758 2909 5824 ὅλως
2929 5757 3051 5813 τῶν
3066 5760 3354 5814 τοιούτων
3381 5774 3498 5813 σου
3520 5759 3789 5828 ,τραγ-μά·

494 5834 699 5893 nullam
730 5839 961 5908 parandi
1005 5840 1335 5910 principatus
1366 5846 1741 5915 cogitationem
1788 5866 2085 5921 assumens,

2196 5870 2314 5907 των
2351 5852 2610 5918 βάλλων
2641 5855 2725 5921 εἰς
2748 5854 2922 5910 νοῦν.
2974 5852 3306 5925 Ἐπληρώθη
3335 5852 3638 5926 κατηφείας
3697 5852 3789 5905 καὶ
