  <div class='ocr_page' id='page_1' title='image "/cluster/home/n/w/nwhite01/storage/ocr_20150623/109/coo.31924054870138/018.png"; bbox 0 0 4200 6462; ppageno 0'>
   <div class='ocr_carea' id='block_1_1' title="bbox 384 363 3698 433">
    <p class='ocr_par' dir='ltr' id='par_1_1' title="bbox 384 363 3698 433">
     <span class='ocr_line' id='line_1_1' title="bbox 384 363 3698 433; baseline -0.002 -1"><span class='ocrx_word' id='word_1_1' title='bbox 384 364 455 433; x_wconf 67' lang='grc' dir='ltr'><strong><em>Ἃ</em></strong></span> <span class='ocrx_word' id='word_1_2' title='bbox 1558 368 1709 431; x_wconf 86' lang='lat' dir='ltr'><strong>LIB.</strong></span> <span class='ocrx_word' id='word_1_3' title='bbox 1752 368 1895 430; x_wconf 82' lang='lat' dir='ltr'><strong>I.-</strong></span> <span class='ocrx_word' id='word_1_4' title='bbox 1931 371 2089 433; x_wconf 88' lang='lat' dir='ltr'><strong>LEO</strong></span> <span class='ocrx_word' id='word_1_5' title='bbox 2117 366 2548 432; x_wconf 79' lang='lat' dir='ltr'><strong>ARMENIUS.</strong></span> <span class='ocrx_word' id='word_1_6' title='bbox 3623 363 3698 425; x_wconf 76' lang='grc'><strong>22</strong></span> 
     </span>
    </p>
   </div>
   <div class='ocr_carea' id='block_1_2' title="bbox 401 469 2035 553">
    <p class='ocr_par' dir='ltr' id='par_1_2' title="bbox 401 474 2035 553">
     <span class='ocr_line' id='line_1_2' title="bbox 401 474 2035 553; baseline -0.001 -20"><span class='ocrx_word' id='word_1_7' title='bbox 401 480 583 553; x_wconf 77' lang='grc' dir='ltr'>ἀχλύος</span> <span class='ocrx_word' id='word_1_8' title='bbox 609 478 637 532; x_wconf 96' lang='lat'><strong>6</strong></span> <span class='ocrx_word' id='word_1_9' title='bbox 668 476 769 531; x_wconf 74' lang='grc' dir='ltr'><strong>ἃ.νο</strong></span> <span class='ocrx_word' id='word_1_10' title='bbox 781 491 971 549; x_wconf 80' lang='grc' dir='ltr'><strong>ρωπος</strong></span> <span class='ocrx_word' id='word_1_11' title='bbox 1001 475 1213 531; x_wconf 83' lang='grc' dir='ltr'>τούτων</span> <span class='ocrx_word' id='word_1_12' title='bbox 1236 474 1343 529; x_wconf 88' lang='grc' dir='ltr'><strong>τῶν</strong></span> <span class='ocrx_word' id='word_1_13' title='bbox 1375 474 1553 545; x_wconf 87' lang='grc' dir='ltr'>λόγων</span> <span class='ocrx_word' id='word_1_14' title='bbox 1574 478 1852 550; x_wconf 83' lang='grc' dir='ltr'>ἀκηκοώς.</span> <span class='ocrx_word' id='word_1_15' title='bbox 1886 479 1997 534; x_wconf 77' lang='grc' dir='ltr'>Καὶ</span> <span class='ocrx_word' id='word_1_16' title='bbox 2026 520 2035 545; x_wconf 46' lang='grc' dir='ltr'><strong>γ</strong></span> 
     </span>
    </p>
   </div>
   <div class='ocr_carea' id='block_1_3' title="bbox 2138 469 3701 553">
    <p class='ocr_par' dir='ltr' id='par_1_3' title="bbox 2138 469 3701 549">
     <span class='ocr_line' id='line_1_3' title="bbox 2138 469 3701 549; baseline -0.003 -18"><span class='ocrx_word' id='word_1_17' title='bbox 2138 478 2253 549; x_wconf 81' lang='lat' dir='ltr'><strong>ujus</strong></span> <span class='ocrx_word' id='word_1_18' title='bbox 2289 493 2369 532; x_wconf 74' lang='lat' dir='ltr'><strong>res</strong></span> <span class='ocrx_word' id='word_1_19' title='bbox 2399 492 2453 532; x_wconf 79' lang='lat' dir='ltr'><strong>se</strong></span> <span class='ocrx_word' id='word_1_20' title='bbox 2486 475 2563 531; x_wconf 80' lang='lat' dir='ltr'><strong>ita</strong></span> <span class='ocrx_word' id='word_1_21' title='bbox 2589 472 2840 529; x_wconf 82' lang='lat' dir='ltr'><strong>habeant.</strong></span> <span class='ocrx_word' id='word_1_22' title='bbox 2893 469 3016 539; x_wconf 87' lang='lat' dir='ltr'><strong>Quo</strong></span> <span class='ocrx_word' id='word_1_23' title='bbox 3051 471 3244 527; x_wconf 86' lang='lat' dir='ltr'><strong>audito</strong></span> <span class='ocrx_word' id='word_1_24' title='bbox 3266 470 3527 527; x_wconf 67' lang='lat' dir='ltr'><strong>maestitia</strong></span> <span class='ocrx_word' id='word_1_25' title='bbox 3551 486 3701 541; x_wconf 73' lang='lat' dir='ltr'><strong>qua:-</strong></span> 
     </span>
    </p>
   </div>
   <div class='ocr_carea' id='block_1_4' title="bbox 404 557 1999 647">
    <p class='ocr_par' dir='ltr' id='par_1_4' title="bbox 404 557 1999 647">
     <span class='ocr_line' id='line_1_4' title="bbox 404 557 1999 647; baseline -0.001 -17"><span class='ocrx_word' id='word_1_26' title='bbox 404 576 545 637; x_wconf 70' lang='grc' dir='ltr'>τίλος</span> <span class='ocrx_word' id='word_1_27' title='bbox 575 571 725 643; x_wconf 69' lang='grc' dir='ltr'>ἐξῄει</span> <span class='ocrx_word' id='word_1_28' title='bbox 752 572 852 626; x_wconf 77' lang='grc' dir='ltr'>τοῦ</span> <span class='ocrx_word' id='word_1_29' title='bbox 885 572 1173 646; x_wconf 82' lang='grc' dir='ltr'><strong>δωματίου</strong></span> <span class='ocrx_word' id='word_1_30' title='bbox 1229 557 1448 647; x_wconf 85' lang='grc' dir='ltr'>πλήρης</span> <span class='ocrx_word' id='word_1_31' title='bbox 1478 572 1720 646; x_wconf 80' lang='grc' dir='ltr'><strong>ἀθυμίας</strong></span> <span class='ocrx_word' id='word_1_32' title='bbox 1750 574 1846 627; x_wconf 71' lang='grc' dir='ltr'><strong>καὶ</strong></span> <span class='ocrx_word' id='word_1_33' title='bbox 1877 574 1999 629; x_wconf 80' lang='grc' dir='ltr'>θλί-</span> 
     </span>
    </p>
   </div>
   <div class='ocr_carea' id='block_1_5' title="bbox 2104 562 3703 643">
    <p class='ocr_par' dir='ltr' id='par_1_5' title="bbox 2104 562 3703 643">
     <span class='ocr_line' id='line_1_5' title="bbox 2104 562 3703 643; baseline -0.004 -18"><span class='ocrx_word' id='word_1_34' title='bbox 2104 570 2231 625; x_wconf 89' lang='lat' dir='ltr'><strong>dam</strong></span> <span class='ocrx_word' id='word_1_35' title='bbox 2290 585 2355 625; x_wconf 88' lang='lat' dir='ltr'><strong>ac</strong></span> <span class='ocrx_word' id='word_1_36' title='bbox 2401 568 2578 643; x_wconf 70' lang='lat' dir='ltr'><strong>caligo</strong></span> <span class='ocrx_word' id='word_1_37' title='bbox 2620 566 2900 623; x_wconf 84' lang='lat' dir='ltr'><strong>hominem</strong></span> <span class='ocrx_word' id='word_1_38' title='bbox 2946 565 3194 628; x_wconf 86' lang='lat' dir='ltr'><strong>incessit,</strong></span> <span class='ocrx_word' id='word_1_39' title='bbox 3249 564 3505 633; x_wconf 88' lang='lat' dir='ltr'><strong>tristique</strong></span> <span class='ocrx_word' id='word_1_40' title='bbox 3536 575 3591 619; x_wconf 90' lang='lat' dir='ltr'><strong>et</strong></span> <span class='ocrx_word' id='word_1_41' title='bbox 3619 562 3703 618; x_wconf 89' lang='lat' dir='ltr'><strong>af-</strong></span> 
     </span>
    </p>
   </div>
   <div class='ocr_carea' id='block_1_6' title="bbox 410 655 2035 740">
    <p class='ocr_par' dir='ltr' id='par_1_6' title="bbox 410 665 2003 740">
     <span class='ocr_line' id='line_1_6' title="bbox 410 665 2003 740; baseline 0.003 -21"><span class='ocrx_word' id='word_1_42' title='bbox 410 668 571 738; x_wconf 69' lang='grc' dir='ltr'>ψεως.</span> <span class='ocrx_word' id='word_1_43' title='bbox 610 667 701 731; x_wconf 80' lang='grc' dir='ltr'>Ὧς</span> <span class='ocrx_word' id='word_1_44' title='bbox 725 665 785 720; x_wconf 83' lang='grc' dir='ltr'>δὲ</span> <span class='ocrx_word' id='word_1_45' title='bbox 807 667 941 731; x_wconf 79' lang='grc' dir='ltr'>τοὺς</span> <span class='ocrx_word' id='word_1_46' title='bbox 971 669 1301 740; x_wconf 76' lang='grc' dir='ltr'><strong>εἰρημένους</strong></span> <span class='ocrx_word' id='word_1_47' title='bbox 1331 667 1556 738; x_wconf 74' lang='grc' dir='ltr'>ἄνδρας,</span> <span class='ocrx_word' id='word_1_48' title='bbox 1584 667 1791 725; x_wconf 79' lang='grc' dir='ltr'>Λέοντά</span> <span class='ocrx_word' id='word_1_49' title='bbox 1814 686 1872 729; x_wconf 84' lang='grc' dir='ltr'><strong>τε</strong></span> <span class='ocrx_word' id='word_1_50' title='bbox 1908 670 2003 727; x_wconf 75' lang='grc' dir='ltr'>καὶ</span> 
     </span>
    </p>
   </div>
   <div class='ocr_carea' id='block_1_7' title="bbox 2138 655 3702 740">
    <p class='ocr_par' dir='ltr' id='par_1_7' title="bbox 2138 655 3702 732">
     <span class='ocr_line' id='line_1_7' title="bbox 2138 655 3702 732; baseline -0.004 -17"><span class='ocrx_word' id='word_1_51' title='bbox 2138 666 2254 719; x_wconf 84' lang='lat' dir='ltr'><strong>icto</strong></span> <span class='ocrx_word' id='word_1_52' title='bbox 2282 663 2472 721; x_wconf 86' lang='lat' dir='ltr'><strong>animo</strong></span> <span class='ocrx_word' id='word_1_53' title='bbox 2517 674 2547 714; x_wconf 91' lang='lat' dir='ltr'><strong>e</strong></span> <span class='ocrx_word' id='word_1_54' title='bbox 2585 660 2808 732; x_wconf 78' lang='lat' dir='ltr'><strong>tugurio</strong></span> <span class='ocrx_word' id='word_1_55' title='bbox 2850 659 3044 730; x_wconf 88' lang='lat' dir='ltr'><strong>pedem</strong></span> <span class='ocrx_word' id='word_1_56' title='bbox 3078 656 3268 714; x_wconf 80' lang='lat' dir='ltr'><strong>refert.</strong></span> <span class='ocrx_word' id='word_1_57' title='bbox 3328 655 3471 712; x_wconf 84' lang='lat' dir='ltr'><strong>Tum</strong></span> <span class='ocrx_word' id='word_1_58' title='bbox 3505 671 3702 711; x_wconf 85' lang='lat' dir='ltr'><strong>mona-</strong></span> 
     </span>
    </p>
   </div>
   <div class='ocr_carea' id='block_1_8' title="bbox 404 749 2035 833">
    <p class='ocr_par' dir='ltr' id='par_1_8' title="bbox 404 758 2006 833">
     <span class='ocr_line' id='line_1_8' title="bbox 404 758 2006 833; baseline 0.002 -19"><span class='ocrx_word' id='word_1_59' title='bbox 404 758 633 831; x_wconf 72' lang='grc' dir='ltr'>Μιχαὴλ</span> <span class='ocrx_word' id='word_1_60' title='bbox 678 760 777 813; x_wconf 70' lang='grc' dir='ltr'>καὶ</span> <span class='ocrx_word' id='word_1_61' title='bbox 835 761 1065 832; x_wconf 79' lang='grc' dir='ltr'>Θωμᾶν,</span> <span class='ocrx_word' id='word_1_62' title='bbox 1098 760 1193 815; x_wconf 82' lang='grc' dir='ltr'><strong>τὸν</strong></span> <span class='ocrx_word' id='word_1_63' title='bbox 1229 760 1397 816; x_wconf 84' lang='grc' dir='ltr'>ἵππον</span> <span class='ocrx_word' id='word_1_64' title='bbox 1442 760 1677 831; x_wconf 79' lang='grc' dir='ltr'>ἄγοντας</span> <span class='ocrx_word' id='word_1_65' title='bbox 1733 761 2006 833; x_wconf 79' lang='grc' dir='ltr'>ἀναϐῆναι</span> 
     </span>
    </p>
   </div>
   <div class='ocr_carea' id='block_1_9' title="bbox 2138 749 3703 833">
    <p class='ocr_par' dir='ltr' id='par_1_9' title="bbox 2140 749 3703 828">
     <span class='ocr_line' id='line_1_9' title="bbox 2140 749 3703 828; baseline -0.006 -16"><span class='ocrx_word' id='word_1_66' title='bbox 2140 759 2268 820; x_wconf 86' lang='lat' dir='ltr'><strong>hus,</strong></span> <span class='ocrx_word' id='word_1_67' title='bbox 2296 771 2438 828; x_wconf 88' lang='lat' dir='ltr'><strong>quos</strong></span> <span class='ocrx_word' id='word_1_68' title='bbox 2468 754 2719 811; x_wconf 82' lang='lat' dir='ltr'><strong>dicebam</strong></span> <span class='ocrx_word' id='word_1_69' title='bbox 2761 753 2932 816; x_wconf 86' lang='lat' dir='ltr'><strong>viros,</strong></span> <span class='ocrx_word' id='word_1_70' title='bbox 2975 752 3215 809; x_wconf 83' lang='lat' dir='ltr'><strong>Leonem</strong></span> <span class='ocrx_word' id='word_1_71' title='bbox 3258 750 3471 808; x_wconf 84' lang='lat' dir='ltr'><strong>scilicet</strong></span> <span class='ocrx_word' id='word_1_72' title='bbox 3505 759 3562 805; x_wconf 90' lang='lat' dir='ltr'><strong>et</strong></span> <span class='ocrx_word' id='word_1_73' title='bbox 3596 749 3703 805; x_wconf 79' lang='lat' dir='ltr'><strong>Mi-</strong></span> 
     </span>
    </p>
   </div>
   <div class='ocr_carea' id='block_1_10' title="bbox 400 856 2008 931">
    <p class='ocr_par' dir='ltr' id='par_1_10' title="bbox 400 856 2008 931">
     <span class='ocr_line' id='line_1_10' title="bbox 400 856 2008 931; baseline 0.004 -22"><span class='ocrx_word' id='word_1_74' title='bbox 400 856 580 927; x_wconf 83' lang='grc' dir='ltr'>τούτῳ</span> <span class='ocrx_word' id='word_1_75' title='bbox 610 857 640 910; x_wconf 93' lang='lat'><strong>6</strong></span> <span class='ocrx_word' id='word_1_76' title='bbox 673 856 911 927; x_wconf 75' lang='grc' dir='ltr'>μοναχδς</span> <span class='ocrx_word' id='word_1_77' title='bbox 957 857 1247 923; x_wconf 76' lang='grc' dir='ltr'>ἐθεάσατο,</span> <span class='ocrx_word' id='word_1_78' title='bbox 1273 856 1364 911; x_wconf 79' lang='grc' dir='ltr'><strong>τὸν</strong></span> <span class='ocrx_word' id='word_1_79' title='bbox 1392 859 1704 931; x_wconf 82' lang='grc' dir='ltr'>στρατηγὸν</span> <span class='ocrx_word' id='word_1_80' title='bbox 1740 859 2008 931; x_wconf 79' lang='grc' dir='ltr'>ὑποστρέ-</span> 
     </span>
    </p>
   </div>
   <div class='ocr_carea' id='block_1_11' title="bbox 2106 842 3699 919">
    <p class='ocr_par' dir='ltr' id='par_1_11' title="bbox 2106 842 3699 919">
     <span class='ocr_line' id='line_1_11' title="bbox 2106 842 3699 919; baseline -0.005 -15"><span class='ocrx_word' id='word_1_81' title='bbox 2106 850 2351 913; x_wconf 74' lang='lat' dir='ltr'><strong>cliaelem</strong></span> <span class='ocrx_word' id='word_1_82' title='bbox 2398 856 2454 905; x_wconf 88' lang='lat' dir='ltr'><strong>et</strong></span> <span class='ocrx_word' id='word_1_83' title='bbox 2503 846 2807 919; x_wconf 86' lang='lat' dir='ltr'><strong>Thomam,</strong></span> <span class='ocrx_word' id='word_1_84' title='bbox 2854 859 3060 916; x_wconf 88' lang='lat' dir='ltr'><strong>equum</strong></span> <span class='ocrx_word' id='word_1_85' title='bbox 3113 842 3486 907; x_wconf 75' lang='lat' dir='ltr'><strong>adducentes,</strong></span> <span class='ocrx_word' id='word_1_86' title='bbox 3533 856 3699 912; x_wconf 83' lang='lat' dir='ltr'><strong>quem</strong></span> 
     </span>
    </p>
   </div>
   <div class='ocr_carea' id='block_1_12' title="bbox 401 934 2035 1019">
    <p class='ocr_par' dir='ltr' id='par_1_12' title="bbox 401 947 2005 1019">
     <span class='ocr_line' id='line_1_12' title="bbox 401 947 2005 1019; baseline 0.003 -18"><span class='ocrx_word' id='word_1_87' title='bbox 401 964 533 1017; x_wconf 80' lang='grc' dir='ltr'>φειν</span> <span class='ocrx_word' id='word_1_88' title='bbox 604 947 1013 1019; x_wconf 82' lang='grc' dir='ltr'>παρεκελεύετο</span> <span class='ocrx_word' id='word_1_89' title='bbox 1048 964 1064 979; x_wconf 77' lang='grc' dir='ltr'><strong>ο</strong></span> <span class='ocrx_word' id='word_1_90' title='bbox 1119 949 1219 1005; x_wconf 70' lang='grc' dir='ltr'>καὶ</span> <span class='ocrx_word' id='word_1_91' title='bbox 1275 948 1352 1014; x_wconf 87' lang='grc' dir='ltr'>ὡς</span> <span class='ocrx_word' id='word_1_92' title='bbox 1405 949 1612 1004; x_wconf 83' lang='grc' dir='ltr'>καινῶν</span> <span class='ocrx_word' id='word_1_93' title='bbox 1684 967 1852 1009; x_wconf 77' lang='grc' dir='ltr'>τινων</span> <span class='ocrx_word' id='word_1_94' title='bbox 1908 951 2005 1015; x_wconf 65' lang='grc' dir='ltr'>καὶ</span> 
     </span>
    </p>
   </div>
   <div class='ocr_carea' id='block_1_13' title="bbox 2138 934 3702 1019">
    <p class='ocr_par' dir='ltr' id='par_1_13' title="bbox 2138 934 3702 1008">
     <span class='ocr_line' id='line_1_13' title="bbox 2138 934 3702 1008; baseline -0.006 -9"><span class='ocrx_word' id='word_1_95' title='bbox 2138 943 2525 1008; x_wconf 64' lang='grc' dir='ltr'>οηεοοηόθιδει,</span> <span class='ocrx_word' id='word_1_96' title='bbox 2568 941 2785 1006; x_wconf 87' lang='lat' dir='ltr'><strong>videns,</strong></span> <span class='ocrx_word' id='word_1_97' title='bbox 2834 939 3032 995; x_wconf 88' lang='lat' dir='ltr'><strong>ducem</strong></span> <span class='ocrx_word' id='word_1_98' title='bbox 3060 936 3446 1007; x_wconf 87' lang='lat' dir='ltr'><strong>redirejubet.</strong></span> <span class='ocrx_word' id='word_1_99' title='bbox 3486 934 3535 989; x_wconf 81' lang='lat' dir='ltr'><strong>Is</strong></span> <span class='ocrx_word' id='word_1_100' title='bbox 3571 950 3702 991; x_wconf 79' lang='lat' dir='ltr'><strong>vero</strong></span> 
     </span>
    </p>
   </div>
   <div class='ocr_carea' id='block_1_14' title="bbox 405 1036 2008 1111">
    <p class='ocr_par' dir='ltr' id='par_1_14' title="bbox 405 1036 2008 1111">
     <span class='ocr_line' id='line_1_14' title="bbox 405 1036 2008 1111; baseline 0.002 -19"><span class='ocrx_word' id='word_1_101' title='bbox 405 1038 576 1104; x_wconf 77' lang='grc' dir='ltr'>ξένων</span> <span class='ocrx_word' id='word_1_102' title='bbox 625 1036 959 1092; x_wconf 83' lang='grc' dir='ltr'>ἀκούσεσθαι</span> <span class='ocrx_word' id='word_1_103' title='bbox 1006 1037 1348 1111; x_wconf 87' lang='grc' dir='ltr'>προσδοκῶν,</span> <span class='ocrx_word' id='word_1_104' title='bbox 1382 1037 1578 1093; x_wconf 83' lang='grc' dir='ltr'>θᾶττον</span> <span class='ocrx_word' id='word_1_105' title='bbox 1620 1038 1653 1111; x_wconf 77' lang='grc' dir='ltr'>ἦ</span> <span class='ocrx_word' id='word_1_106' title='bbox 1693 1040 1850 1110; x_wconf 80' lang='grc' dir='ltr'><strong>λόγος</strong></span> <span class='ocrx_word' id='word_1_107' title='bbox 1894 1041 2008 1095; x_wconf 79' lang='grc' dir='ltr'><strong>ὑπ-</strong></span> 
     </span>
    </p>
   </div>
   <div class='ocr_carea' id='block_1_15' title="bbox 404 1124 2007 1202">
    <p class='ocr_par' dir='ltr' id='par_1_15' title="bbox 404 1124 2007 1202">
     <span class='ocr_line' id='line_1_15' title="bbox 404 1124 2007 1202; baseline 0.002 -23"><span class='ocrx_word' id='word_1_108' title='bbox 404 1128 698 1196; x_wconf 80' lang='grc' dir='ltr'>έστρεφεν.</span> <span class='ocrx_word' id='word_1_109' title='bbox 733 1125 876 1179; x_wconf 80' lang='grc' dir='ltr'>Ἀλλ’</span> <span class='ocrx_word' id='word_1_110' title='bbox 894 1127 1108 1179; x_wconf 74' lang='grc' dir='ltr'>ἐκεῖνον</span> <span class='ocrx_word' id='word_1_111' title='bbox 1129 1124 1229 1196; x_wconf 77' lang='grc' dir='ltr'><strong>μὲν</strong></span> <span class='ocrx_word' id='word_1_112' title='bbox 1246 1125 1405 1189; x_wconf 79' lang='grc' dir='ltr'>αὖθις</span> <span class='ocrx_word' id='word_1_113' title='bbox 1427 1127 1742 1202; x_wconf 81' lang='grc' dir='ltr'>ὲξελιπάρει</span> <span class='ocrx_word' id='word_1_114' title='bbox 1767 1128 1844 1202; x_wconf 83' lang='grc' dir='ltr'>μὴ</span> <span class='ocrx_word' id='word_1_115' title='bbox 1869 1129 2007 1200; x_wconf 85' lang='grc' dir='ltr'>πρὸς</span> 
     </span>
    </p>
   </div>
   <div class='ocr_carea' id='block_1_16' title="bbox 405 1216 2008 1293">
    <p class='ocr_par' dir='ltr' id='par_1_16' title="bbox 405 1216 2008 1293">
     <span class='ocr_line' id='line_1_16' title="bbox 405 1216 2008 1293; baseline 0.003 -21"><span class='ocrx_word' id='word_1_116' title='bbox 405 1220 479 1272; x_wconf 75' lang='grc' dir='ltr'>τὰ</span> <span class='ocrx_word' id='word_1_117' title='bbox 508 1217 851 1289; x_wconf 74' lang='grc' dir='ltr'><strong>ἐλπιζόμενα</strong></span> <span class='ocrx_word' id='word_1_118' title='bbox 888 1216 1267 1289; x_wconf 77' lang='grc' dir='ltr'><strong>αὐτομολῆσαι</strong></span> <span class='ocrx_word' id='word_1_119' title='bbox 1293 1218 1442 1274; x_wconf 87' lang='grc' dir='ltr'>δεινὰ</span> <span class='ocrx_word' id='word_1_120' title='bbox 1470 1220 1567 1274; x_wconf 71' lang='grc' dir='ltr'><strong>καὶ</strong></span> <span class='ocrx_word' id='word_1_121' title='bbox 1609 1221 1711 1293; x_wconf 83' lang='grc' dir='ltr'>τὴν</span> <span class='ocrx_word' id='word_1_122' title='bbox 1756 1222 2008 1285; x_wconf 80' lang='grc' dir='ltr'>ἀποῦσαν</span> 
     </span>
    </p>
   </div>
   <div class='ocr_carea' id='block_1_17' title="bbox 414 1311 2009 1387">
    <p class='ocr_par' dir='ltr' id='par_1_17' title="bbox 414 1311 2009 1387">
     <span class='ocr_line' id='line_1_17' title="bbox 414 1311 2009 1387; baseline 0.003 -22"><span class='ocrx_word' id='word_1_123' title='bbox 414 1311 809 1387; x_wconf 75' lang='grc' dir='ltr'>κακοπραγίαν</span> <span class='ocrx_word' id='word_1_124' title='bbox 860 1311 963 1383; x_wconf 78' lang='grc' dir='ltr'>τῆς</span> <span class='ocrx_word' id='word_1_125' title='bbox 1028 1312 1315 1385; x_wconf 79' lang='grc' dir='ltr'>παρούσης</span> <span class='ocrx_word' id='word_1_126' title='bbox 1365 1314 1716 1386; x_wconf 80' lang='grc' dir='ltr'>εὐδαιμονίας</span> <span class='ocrx_word' id='word_1_127' title='bbox 1771 1315 2009 1382; x_wconf 80' lang='grc' dir='ltr'>ἀλλάξα-</span> 
     </span>
    </p>
   </div>
   <div class='ocr_carea' id='block_1_18' title="bbox 420 1404 2013 1483">
    <p class='ocr_par' dir='ltr' id='par_1_18' title="bbox 420 1404 2013 1483">
     <span class='ocr_line' id='line_1_18' title="bbox 420 1404 2013 1483; baseline 0.002 -25"><span class='ocrx_word' id='word_1_128' title='bbox 420 1406 544 1459; x_wconf 81' lang='grc' dir='ltr'>σθαι</span> <span class='ocrx_word' id='word_1_129' title='bbox 572 1422 586 1435; x_wconf 87' lang='grc'><strong>·</strong></span> <span class='ocrx_word' id='word_1_130' title='bbox 615 1406 821 1470; x_wconf 77' lang='grc' dir='ltr'>αὐτοὺς</span> <span class='ocrx_word' id='word_1_131' title='bbox 852 1404 910 1459; x_wconf 84' lang='grc' dir='ltr'>δὲ</span> <span class='ocrx_word' id='word_1_132' title='bbox 946 1405 1176 1471; x_wconf 78' lang='grc' dir='ltr'>τούτους</span> <span class='ocrx_word' id='word_1_133' title='bbox 1205 1407 1503 1481; x_wconf 86' lang='grc' dir='ltr'>προφήτιδι</span> <span class='ocrx_word' id='word_1_134' title='bbox 1530 1406 1753 1483; x_wconf 78' lang='grc' dir='ltr'><strong>γλώττῃ</strong></span> <span class='ocrx_word' id='word_1_135' title='bbox 1778 1407 2013 1481; x_wconf 86' lang='grc' dir='ltr'>διεμαρ-</span> 
     </span>
    </p>
   </div>
   <div class='ocr_carea' id='block_1_19' title="bbox 412 1496 2014 1574">
    <p class='ocr_par' dir='ltr' id='par_1_19' title="bbox 412 1496 2014 1574">
     <span class='ocr_line' id='line_1_19' title="bbox 412 1496 2014 1574; baseline 0.002 -23"><span class='ocrx_word' id='word_1_136' title='bbox 412 1499 629 1568; x_wconf 85' lang='grc' dir='ltr'>τύρετο,</span> <span class='ocrx_word' id='word_1_137' title='bbox 665 1496 905 1568; x_wconf 78' lang='grc' dir='ltr'>βεϐαιῶν</span> <span class='ocrx_word' id='word_1_138' title='bbox 941 1498 1017 1562; x_wconf 84' lang='grc' dir='ltr'><strong>ὡς</strong></span> <span class='ocrx_word' id='word_1_139' title='bbox 1059 1498 1120 1552; x_wconf 89' lang='lat'><strong>&#39;0</strong></span> <span class='ocrx_word' id='word_1_140' title='bbox 1149 1498 1365 1571; x_wconf 88' lang='grc' dir='ltr'>πρῶτος</span> <span class='ocrx_word' id='word_1_141' title='bbox 1398 1500 1609 1556; x_wconf 84' lang='grc' dir='ltr'>τούτων</span> <span class='ocrx_word' id='word_1_142' title='bbox 1633 1504 1726 1555; x_wconf 69' lang='grc' dir='ltr'><strong>καὶ</strong></span> <span class='ocrx_word' id='word_1_143' title='bbox 1757 1501 2014 1574; x_wconf 84' lang='grc' dir='ltr'>δεύτερος</span> 
     </span>
    </p>
   </div>
   <div class='ocr_carea' id='block_1_20' title="bbox 406 1590 2013 1665">
    <p class='ocr_par' dir='ltr' id='par_1_20' title="bbox 406 1590 2013 1665">
     <span class='ocr_line' id='line_1_20' title="bbox 406 1590 2013 1665; baseline 0.002 -20"><span class='ocrx_word' id='word_1_144' title='bbox 406 1592 508 1661; x_wconf 76' lang='grc' dir='ltr'>τῆς</span> <span class='ocrx_word' id='word_1_145' title='bbox 534 1592 618 1645; x_wconf 70' lang='grc' dir='ltr'><strong>σοὶ</strong></span> <span class='ocrx_word' id='word_1_146' title='bbox 631 1594 847 1663; x_wconf 81' lang='grc' dir='ltr'>πεπουη</span> <span class='ocrx_word' id='word_1_147' title='bbox 857 1590 1029 1663; x_wconf 83' lang='grc' dir='ltr'>μένης</span> <span class='ocrx_word' id='word_1_148' title='bbox 1046 1590 1329 1661; x_wconf 80' lang='grc' dir='ltr'>βασιλείας</span> <span class='ocrx_word' id='word_1_149' title='bbox 1350 1592 1674 1665; x_wconf 87' lang='grc' dir='ltr'>γενήσονται</span> <span class='ocrx_word' id='word_1_150' title='bbox 1699 1594 2013 1663; x_wconf 71' lang='grc' dir='ltr'><strong>ἐγκρατεῖς,</strong></span> 
     </span>
    </p>
   </div>
   <div class='ocr_carea' id='block_1_21' title="bbox 414 1685 2015 1761">
    <p class='ocr_par' dir='ltr' id='par_1_21' title="bbox 414 1685 2015 1761">
     <span class='ocr_line' id='line_1_21' title="bbox 414 1685 2015 1761; baseline 0.003 -21"><span class='ocrx_word' id='word_1_151' title='bbox 414 1685 535 1740; x_wconf 79' lang='grc' dir='ltr'>ἀλλ’</span> <span class='ocrx_word' id='word_1_152' title='bbox 564 1686 626 1739; x_wconf 82' lang='grc' dir='ltr'><strong>οὐ</strong></span> <span class='ocrx_word' id='word_1_153' title='bbox 665 1688 751 1752; x_wconf 84' lang='grc' dir='ltr'><strong>σὺ,</strong></span> <span class='ocrx_word' id='word_1_154' title='bbox 780 1687 809 1740; x_wconf 97' lang='lat'><strong>6</strong></span> <span class='ocrx_word' id='word_1_155' title='bbox 835 1686 1019 1757; x_wconf 79' lang='grc' dir='ltr'>τρίτος</span> <span class='ocrx_word' id='word_1_156' title='bbox 1045 1685 1105 1739; x_wconf 80' lang='grc' dir='ltr'>δὲ</span> <span class='ocrx_word' id='word_1_157' title='bbox 1131 1685 1408 1759; x_wconf 77' lang='grc' dir='ltr'>εὐφημίας</span> <span class='ocrx_word' id='word_1_158' title='bbox 1445 1687 1618 1759; x_wconf 85' lang='grc' dir='ltr'>μόνης</span> <span class='ocrx_word' id='word_1_159' title='bbox 1654 1689 1752 1743; x_wconf 77' lang='grc' dir='ltr'><strong>καὶ</strong></span> <span class='ocrx_word' id='word_1_160' title='bbox 1773 1690 2015 1761; x_wconf 74' lang='grc' dir='ltr'>ἀναρρή-</span> 
     </span>
    </p>
   </div>
   <div class='ocr_carea' id='block_1_22' title="bbox 2110 1026 3707 1108">
    <p class='ocr_par' dir='ltr' id='par_1_22' title="bbox 2110 1026 3707 1108">
     <span class='ocr_line' id='line_1_22' title="bbox 2110 1026 3707 1108; baseline -0.007 -16"><span class='ocrx_word' id='word_1_161' title='bbox 2110 1052 2251 1092; x_wconf 82' lang='lat' dir='ltr'><strong>nova</strong></span> <span class='ocrx_word' id='word_1_162' title='bbox 2287 1035 2540 1108; x_wconf 67' lang='lat' dir='ltr'><strong>quaedam</strong></span> <span class='ocrx_word' id='word_1_163' title='bbox 2574 1042 2629 1091; x_wconf 90' lang='lat' dir='ltr'><strong>et</strong></span> <span class='ocrx_word' id='word_1_164' title='bbox 2661 1032 2911 1089; x_wconf 86' lang='lat' dir='ltr'><strong>inaudita</strong></span> <span class='ocrx_word' id='word_1_165' title='bbox 2935 1047 2995 1089; x_wconf 87' lang='lat' dir='ltr'><strong>se</strong></span> <span class='ocrx_word' id='word_1_166' title='bbox 3025 1031 3347 1087; x_wconf 85' lang='lat' dir='ltr'><strong>auditurum</strong></span> <span class='ocrx_word' id='word_1_167' title='bbox 3381 1042 3612 1099; x_wconf 84' lang='lat' dir='ltr'><strong>sperans</strong></span> <span class='ocrx_word' id='word_1_168' title='bbox 3645 1026 3707 1097; x_wconf 78' lang='grc'>8</span> 
     </span>
    </p>
   </div>
   <div class='ocr_carea' id='block_1_23' title="bbox 2111 1122 3706 1191">
    <p class='ocr_par' dir='ltr' id='par_1_23' title="bbox 2111 1122 3706 1191">
     <span class='ocr_line' id='line_1_23' title="bbox 2111 1122 3706 1191; baseline -0.006 -2"><span class='ocrx_word' id='word_1_169' title='bbox 2111 1132 2261 1189; x_wconf 82' lang='lat' dir='ltr'><strong>dicto</strong></span> <span class='ocrx_word' id='word_1_170' title='bbox 2309 1130 2476 1191; x_wconf 83' lang='lat' dir='ltr'><strong>citius</strong></span> <span class='ocrx_word' id='word_1_171' title='bbox 2526 1143 2786 1186; x_wconf 84' lang='lat' dir='ltr'><strong>reversus</strong></span> <span class='ocrx_word' id='word_1_172' title='bbox 2814 1135 2923 1185; x_wconf 88' lang='lat' dir='ltr'><strong>est.</strong></span> <span class='ocrx_word' id='word_1_173' title='bbox 2976 1126 3117 1182; x_wconf 90' lang='lat' dir='ltr'><strong>Tum</strong></span> <span class='ocrx_word' id='word_1_174' title='bbox 3151 1126 3242 1182; x_wconf 91' lang='lat' dir='ltr'><strong>ille</strong></span> <span class='ocrx_word' id='word_1_175' title='bbox 3266 1128 3467 1183; x_wconf 89' lang='lat' dir='ltr'><strong>iterum</strong></span> <span class='ocrx_word' id='word_1_176' title='bbox 3498 1122 3706 1180; x_wconf 85' lang='lat' dir='ltr'><strong>Barda-</strong></span> 
     </span>
    </p>
   </div>
   <div class='ocr_carea' id='block_1_24' title="bbox 2112 1219 3708 1294">
    <p class='ocr_par' dir='ltr' id='par_1_24' title="bbox 2112 1219 3708 1294">
     <span class='ocr_line' id='line_1_24' title="bbox 2112 1219 3708 1294; baseline -0.006 -14"><span class='ocrx_word' id='word_1_177' title='bbox 2112 1225 2270 1280; x_wconf 90' lang='lat' dir='ltr'><strong>nium</strong></span> <span class='ocrx_word' id='word_1_178' title='bbox 2310 1239 2505 1294; x_wconf 80' lang='lat' dir='ltr'><strong>rogare</strong></span> <span class='ocrx_word' id='word_1_179' title='bbox 2533 1237 2600 1279; x_wconf 89' lang='lat' dir='ltr'><strong>ac</strong></span> <span class='ocrx_word' id='word_1_180' title='bbox 2629 1222 2918 1288; x_wconf 88' lang='lat' dir='ltr'><strong>obtestari,</strong></span> <span class='ocrx_word' id='word_1_181' title='bbox 2945 1237 3013 1276; x_wconf 90' lang='lat' dir='ltr'><strong>ne</strong></span> <span class='ocrx_word' id='word_1_182' title='bbox 3049 1223 3166 1291; x_wconf 83' lang='lat' dir='ltr'><strong>ipse</strong></span> <span class='ocrx_word' id='word_1_183' title='bbox 3196 1228 3391 1290; x_wconf 82' lang='lat' dir='ltr'><strong>sponte</strong></span> <span class='ocrx_word' id='word_1_184' title='bbox 3420 1219 3488 1273; x_wconf 88' lang='lat' dir='ltr'><strong>ad</strong></span> <span class='ocrx_word' id='word_1_185' title='bbox 3516 1225 3708 1289; x_wconf 83' lang='lat' dir='ltr'><strong>parata</strong></span> 
     </span>
    </p>
   </div>
   <div class='ocr_carea' id='block_1_25' title="bbox 2112 1302 3707 1386">
    <p class='ocr_par' dir='ltr' id='par_1_25' title="bbox 2112 1302 3707 1386">
     <span class='ocr_line' id='line_1_25' title="bbox 2112 1302 3707 1386; baseline -0.007 -15"><span class='ocrx_word' id='word_1_186' title='bbox 2112 1314 2257 1371; x_wconf 89' lang='lat' dir='ltr'><strong>mala</strong></span> <span class='ocrx_word' id='word_1_187' title='bbox 2282 1302 2593 1386; x_wconf 85' lang='lat' dir='ltr'><strong>procurrat,</strong></span> <span class='ocrx_word' id='word_1_188' title='bbox 2613 1328 2750 1371; x_wconf 83' lang='lat' dir='ltr'><strong>neve</strong></span> <span class='ocrx_word' id='word_1_189' title='bbox 2773 1313 2977 1370; x_wconf 85' lang='lat' dir='ltr'><strong>absens</strong></span> <span class='ocrx_word' id='word_1_190' title='bbox 3004 1310 3373 1365; x_wconf 76' lang='lat' dir='ltr'><strong>infortunium</strong></span> <span class='ocrx_word' id='word_1_191' title='bbox 3406 1323 3533 1365; x_wconf 89' lang='lat' dir='ltr'><strong>cum</strong></span> <span class='ocrx_word' id='word_1_192' title='bbox 3568 1322 3707 1379; x_wconf 62' lang='lat' dir='ltr'><strong>prae-</strong></span> 
     </span>
    </p>
   </div>
   <div class='ocr_carea' id='block_1_26' title="bbox 2115 1406 3707 1473">
    <p class='ocr_par' dir='ltr' id='par_1_26' title="bbox 2115 1406 3707 1473">
     <span class='ocr_line' id='line_1_26' title="bbox 2115 1406 3707 1473; baseline -0.005 -8"><span class='ocrx_word' id='word_1_193' title='bbox 2115 1410 2258 1465; x_wconf 83' lang='lat' dir='ltr'><strong>senti</strong></span> <span class='ocrx_word' id='word_1_194' title='bbox 2295 1424 2481 1465; x_wconf 90' lang='lat' dir='ltr'><strong>rerum</strong></span> <span class='ocrx_word' id='word_1_195' title='bbox 2535 1406 2903 1465; x_wconf 86' lang='lat' dir='ltr'><strong>secundarum</strong></span> <span class='ocrx_word' id='word_1_196' title='bbox 2933 1414 3077 1461; x_wconf 87' lang='lat' dir='ltr'><strong>statu</strong></span> <span class='ocrx_word' id='word_1_197' title='bbox 3108 1410 3454 1461; x_wconf 83' lang='lat' dir='ltr'><strong>commutare</strong></span> <span class='ocrx_word' id='word_1_198' title='bbox 3474 1410 3707 1473; x_wconf 75' lang='lat' dir='ltr'><strong>quaerat.</strong></span> 
     </span>
    </p>
   </div>
   <div class='ocr_carea' id='block_1_27' title="bbox 2116 1498 3713 1575">
    <p class='ocr_par' dir='ltr' id='par_1_27' title="bbox 2116 1498 3713 1575">
     <span class='ocr_line' id='line_1_27' title="bbox 2116 1498 3713 1575; baseline -0.006 -16"><span class='ocrx_word' id='word_1_199' title='bbox 2116 1500 2212 1559; x_wconf 79' lang='lat' dir='ltr'><strong>llis</strong></span> <span class='ocrx_word' id='word_1_200' title='bbox 2242 1510 2430 1559; x_wconf 82' lang='lat' dir='ltr'><strong>autem</strong></span> <span class='ocrx_word' id='word_1_201' title='bbox 2460 1501 2596 1575; x_wconf 82' lang='lat' dir='ltr'><strong>ipsis</strong></span> <span class='ocrx_word' id='word_1_202' title='bbox 2613 1499 2926 1559; x_wconf 87' lang='lat' dir='ltr'><strong>futurorum</strong></span> <span class='ocrx_word' id='word_1_203' title='bbox 2952 1498 3181 1570; x_wconf 66' lang='lat' dir='ltr'><strong>praescia</strong></span> <span class='ocrx_word' id='word_1_204' title='bbox 3213 1498 3399 1568; x_wconf 80' lang='lat' dir='ltr'><strong>lingua</strong></span> <span class='ocrx_word' id='word_1_205' title='bbox 3429 1504 3713 1551; x_wconf 87' lang='lat' dir='ltr'><strong>contesta-</strong></span> 
     </span>
    </p>
   </div>
   <div class='ocr_carea' id='block_1_28' title="bbox 2117 1586 3713 1663">
    <p class='ocr_par' dir='ltr' id='par_1_28' title="bbox 2117 1586 3713 1663">
     <span class='ocr_line' id='line_1_28' title="bbox 2117 1586 3713 1663; baseline -0.004 -14"><span class='ocrx_word' id='word_1_206' title='bbox 2117 1601 2207 1649; x_wconf 85' lang='lat' dir='ltr'><strong>tus</strong></span> <span class='ocrx_word' id='word_1_207' title='bbox 2228 1601 2313 1648; x_wconf 92' lang='lat' dir='ltr'><strong>est</strong></span> <span class='ocrx_word' id='word_1_208' title='bbox 2346 1602 2610 1663; x_wconf 85' lang='lat' dir='ltr'><strong>certoque</strong></span> <span class='ocrx_word' id='word_1_209' title='bbox 2649 1590 2943 1648; x_wconf 79' lang='lat' dir='ltr'><strong>affirmavit</strong></span> <span class='ocrx_word' id='word_1_210' title='bbox 2973 1588 3091 1645; x_wconf 83' lang='lat' dir='ltr'><strong>fore</strong></span> <span class='ocrx_word' id='word_1_211' title='bbox 3121 1599 3182 1645; x_wconf 94' lang='lat' dir='ltr'><strong>ut</strong></span> <span class='ocrx_word' id='word_1_212' title='bbox 3221 1588 3435 1659; x_wconf 89' lang='lat' dir='ltr'><strong>primus</strong></span> <span class='ocrx_word' id='word_1_213' title='bbox 3465 1586 3713 1655; x_wconf 86' lang='lat' dir='ltr'><strong>alterque</strong></span> 
     </span>
    </p>
   </div>
   <div class='ocr_carea' id='block_1_29' title="bbox 2119 1679 3711 1758">
    <p class='ocr_par' dir='ltr' id='par_1_29' title="bbox 2119 1679 3711 1758">
     <span class='ocr_line' id='line_1_29' title="bbox 2119 1679 3711 1758; baseline -0.004 -18"><span class='ocrx_word' id='word_1_214' title='bbox 2119 1685 2358 1758; x_wconf 86' lang='lat' dir='ltr'><strong>imperii,</strong></span> <span class='ocrx_word' id='word_1_215' title='bbox 2407 1685 2556 1758; x_wconf 89' lang='lat' dir='ltr'><strong>quod</strong></span> <span class='ocrx_word' id='word_1_216' title='bbox 2605 1684 2686 1742; x_wconf 91' lang='lat' dir='ltr'><strong>sic</strong></span> <span class='ocrx_word' id='word_1_217' title='bbox 2726 1684 2818 1740; x_wconf 89' lang='lat' dir='ltr'><strong>ille</strong></span> <span class='ocrx_word' id='word_1_218' title='bbox 2847 1682 3145 1754; x_wconf 86' lang='lat' dir='ltr'><strong>deperiret,</strong></span> <span class='ocrx_word' id='word_1_219' title='bbox 3181 1687 3465 1752; x_wconf 85' lang='lat' dir='ltr'><strong>compotes</strong></span> <span class='ocrx_word' id='word_1_220' title='bbox 3492 1679 3711 1735; x_wconf 81' lang='lat' dir='ltr'><strong>tierent.</strong></span> 
     </span>
    </p>
   </div>
   <div class='ocr_carea' id='block_1_30' title="bbox 420 1777 2035 1855">
    <p class='ocr_par' dir='ltr' id='par_1_30' title="bbox 420 1777 2015 1850">
     <span class='ocr_line' id='line_1_30' title="bbox 420 1777 2015 1850; baseline 0.004 -20"><span class='ocrx_word' id='word_1_221' title='bbox 420 1795 558 1842; x_wconf 82' lang='grc' dir='ltr'>σεως</span> <span class='ocrx_word' id='word_1_222' title='bbox 606 1777 900 1849; x_wconf 86' lang='grc' dir='ltr'>μετασχὼν</span> <span class='ocrx_word' id='word_1_223' title='bbox 933 1777 1044 1832; x_wconf 83' lang='grc' dir='ltr'>οὐδ’</span> <span class='ocrx_word' id='word_1_224' title='bbox 1091 1777 1231 1843; x_wconf 81' lang='grc' dir='ltr'>ὅλως</span> <span class='ocrx_word' id='word_1_225' title='bbox 1275 1779 1698 1850; x_wconf 83' lang='grc' dir='ltr'>εὐοδωθήσεται,</span> <span class='ocrx_word' id='word_1_226' title='bbox 1739 1782 1877 1836; x_wconf 83' lang='grc' dir='ltr'>ἀλλὰ</span> <span class='ocrx_word' id='word_1_227' title='bbox 1918 1784 2015 1837; x_wconf 81' lang='grc' dir='ltr'>καὶ</span> 
     </span>
    </p>
   </div>
   <div class='ocr_carea' id='block_1_31' title="bbox 2138 1777 3715 1855">
    <p class='ocr_par' dir='ltr' id='par_1_31' title="bbox 2141 1777 3715 1855">
     <span class='ocr_line' id='line_1_31' title="bbox 2141 1777 3715 1855; baseline -0.004 -15"><span class='ocrx_word' id='word_1_228' title='bbox 2141 1799 2236 1855; x_wconf 91' lang='lat' dir='ltr'><strong>pse</strong></span> <span class='ocrx_word' id='word_1_229' title='bbox 2269 1784 2364 1843; x_wconf 81' lang='lat' dir='ltr'><strong>illo</strong></span> <span class='ocrx_word' id='word_1_230' title='bbox 2407 1799 2693 1854; x_wconf 82' lang='lat' dir='ltr'><strong>nunquam</strong></span> <span class='ocrx_word' id='word_1_231' title='bbox 2726 1783 3021 1855; x_wconf 80' lang='lat' dir='ltr'><strong>potiretur.</strong></span> <span class='ocrx_word' id='word_1_232' title='bbox 3080 1779 3294 1845; x_wconf 70' lang='lat' dir='ltr'><strong>Tertio,</strong></span> <span class='ocrx_word' id='word_1_233' title='bbox 3346 1794 3474 1834; x_wconf 87' lang='lat' dir='ltr'><strong>cum</strong></span> <span class='ocrx_word' id='word_1_234' title='bbox 3530 1777 3715 1833; x_wconf 83' lang='lat' dir='ltr'><strong>fausta</strong></span> 
     </span>
    </p>
   </div>
   <div class='ocr_carea' id='block_1_32' title="bbox 418 1858 2035 1959">
    <p class='ocr_par' dir='ltr' id='par_1_32' title="bbox 418 1870 2017 1959">
     <span class='ocr_line' id='line_1_32' title="bbox 418 1870 2017 1959; baseline 0.003 -34"><span class='ocrx_word' id='word_1_235' title='bbox 418 1871 605 1934; x_wconf 77' lang='grc' dir='ltr'>κακῶς</span> <span class='ocrx_word' id='word_1_236' title='bbox 654 1872 753 1943; x_wconf 79' lang='grc' dir='ltr'>τὴν</span> <span class='ocrx_word' id='word_1_237' title='bbox 786 1870 966 1943; x_wconf 79' lang='grc' dir='ltr'>ψυχὴν</span> <span class='ocrx_word' id='word_1_238' title='bbox 1013 1873 1322 1949; x_wconf 75' lang='grc' dir='ltr'>ἀπορρήξει</span> <span class='ocrx_word' id='word_1_239' title='bbox 1368 1873 1468 1945; x_wconf 84' lang='grc' dir='ltr'>τὴν</span> <span class='ocrx_word' id='word_1_240' title='bbox 1527 1874 1751 1959; x_wconf 74' lang='grc' dir='ltr'>ἑαυτοῦ.</span> <span class='ocrx_word' id='word_1_241' title='bbox 1790 1873 2017 1943; x_wconf 83' lang='grc' dir='ltr'>Τούτοις</span> 
     </span>
    </p>
   </div>
   <div class='ocr_carea' id='block_1_33' title="bbox 2138 1858 3715 1959">
    <p class='ocr_par' dir='ltr' id='par_1_33' title="bbox 2138 1875 3715 1953">
     <span class='ocr_line' id='line_1_33' title="bbox 2138 1875 3715 1953; baseline -0.004 -20"><span class='ocrx_word' id='word_1_242' title='bbox 2138 1877 2311 1933; x_wconf 81' lang='lat' dir='ltr'><strong>)mnia</strong></span> <span class='ocrx_word' id='word_1_243' title='bbox 2346 1877 2741 1953; x_wconf 83' lang='lat' dir='ltr'><strong>publicamque</strong></span> <span class='ocrx_word' id='word_1_244' title='bbox 2777 1875 3230 1931; x_wconf 78' lang='lat' dir='ltr'><strong>acclamationem</strong></span> <span class='ocrx_word' id='word_1_245' title='bbox 3266 1879 3602 1929; x_wconf 82' lang='lat' dir='ltr'><strong>consecutus</strong></span> <span class='ocrx_word' id='word_1_246' title='bbox 3626 1886 3715 1927; x_wconf 84' lang='lat' dir='ltr'><strong>es-</strong></span> 
     </span>
    </p>
   </div>
   <div class='ocr_carea' id='block_1_34' title="bbox 419 1963 2020 2039">
    <p class='ocr_par' dir='ltr' id='par_1_34' title="bbox 419 1963 2020 2039">
     <span class='ocr_line' id='line_1_34' title="bbox 419 1963 2020 2039; baseline 0.004 -23"><span class='ocrx_word' id='word_1_247' title='bbox 419 1963 751 2035; x_wconf 74' lang='grc' dir='ltr'>βιλ).όμενο;</span> <span class='ocrx_word' id='word_1_248' title='bbox 778 1966 881 2036; x_wconf 80' lang='grc' dir='ltr'>τὴν</span> <span class='ocrx_word' id='word_1_249' title='bbox 919 1965 1106 2037; x_wconf 78' lang='grc' dir='ltr'>ψυχὴν</span> <span class='ocrx_word' id='word_1_250' title='bbox 1142 1967 1407 2032; x_wconf 82' lang='grc' dir='ltr'>ποικίλως</span> <span class='ocrx_word' id='word_1_251' title='bbox 1435 1968 1590 2039; x_wconf 76' lang='grc' dir='ltr'>ἠφίει</span> <span class='ocrx_word' id='word_1_252' title='bbox 1639 1967 1789 2023; x_wconf 82' lang='grc' dir='ltr'>κατὰ</span> <span class='ocrx_word' id='word_1_253' title='bbox 1842 1969 2020 2039; x_wconf 89' lang='grc' dir='ltr'>πρόσ-</span> 
     </span>
    </p>
   </div>
   <div class='ocr_carea' id='block_1_35' title="bbox 422 2059 2023 2136">
    <p class='ocr_par' dir='ltr' id='par_1_35' title="bbox 422 2059 2023 2136">
     <span class='ocr_line' id='line_1_35' title="bbox 422 2059 2023 2136; baseline 0.004 -25"><span class='ocrx_word' id='word_1_254' title='bbox 422 2076 575 2113; x_wconf 82' lang='grc' dir='ltr'>ωπον</span> <span class='ocrx_word' id='word_1_255' title='bbox 597 2061 695 2125; x_wconf 77' lang='grc' dir='ltr'>τὰς</span> <span class='ocrx_word' id='word_1_256' title='bbox 723 2059 915 2132; x_wconf 80' lang='grc' dir='ltr'>χροιὰς</span> <span class='ocrx_word' id='word_1_257' title='bbox 936 2062 1031 2115; x_wconf 72' lang='grc' dir='ltr'><strong>καὶ</strong></span> <span class='ocrx_word' id='word_1_258' title='bbox 1050 2060 1207 2125; x_wconf 77' lang='grc' dir='ltr'>αὖθις</span> <span class='ocrx_word' id='word_1_259' title='bbox 1229 2062 1508 2136; x_wconf 74' lang='grc' dir='ltr'>ἀπῄειτὴν</span> <span class='ocrx_word' id='word_1_260' title='bbox 1535 2063 1740 2129; x_wconf 71' lang='grc' dir='ltr'>οἴκαδε,</span> <span class='ocrx_word' id='word_1_261' title='bbox 1760 2063 1897 2135; x_wconf 68' lang='grc' dir='ltr'>ὁμοῦ</span> <span class='ocrx_word' id='word_1_262' title='bbox 1925 2064 2023 2133; x_wconf 80' lang='grc' dir='ltr'><strong>μὲν</strong></span> 
     </span>
    </p>
   </div>
   <div class='ocr_carea' id='block_1_36' title="bbox 435 2149 2027 2228">
    <p class='ocr_par' dir='ltr' id='par_1_36' title="bbox 435 2149 2027 2228">
     <span class='ocr_line' id='line_1_36' title="bbox 435 2149 2027 2228; baseline 0.004 -28"><span class='ocrx_word' id='word_1_263' title='bbox 435 2149 728 2220; x_wconf 72' lang='grc' dir='ltr'>βλάσφημα</span> <span class='ocrx_word' id='word_1_264' title='bbox 752 2169 874 2205; x_wconf 88' lang='grc' dir='ltr'>τινα</span> <span class='ocrx_word' id='word_1_265' title='bbox 901 2152 1046 2206; x_wconf 80' lang='grc' dir='ltr'>κατὰ</span> <span class='ocrx_word' id='word_1_266' title='bbox 1084 2151 1179 2205; x_wconf 77' lang='grc' dir='ltr'>τοῦ</span> <span class='ocrx_word' id='word_1_267' title='bbox 1205 2154 1403 2225; x_wconf 75' lang='grc' dir='ltr'>ἀνδρὸς</span> <span class='ocrx_word' id='word_1_268' title='bbox 1429 2153 1524 2208; x_wconf 79' lang='grc' dir='ltr'><strong>καὶ</strong></span> <span class='ocrx_word' id='word_1_269' title='bbox 1557 2154 1745 2225; x_wconf 80' lang='grc' dir='ltr'>ὖὸρεις</span> <span class='ocrx_word' id='word_1_270' title='bbox 1792 2156 2027 2228; x_wconf 77' lang='grc' dir='ltr'>ἀπορρί-</span> 
     </span>
    </p>
   </div>
   <div class='ocr_carea' id='block_1_37' title="bbox 429 2242 2025 2318">
    <p class='ocr_par' dir='ltr' id='par_1_37' title="bbox 429 2242 2025 2318">
     <span class='ocr_line' id='line_1_37' title="bbox 429 2242 2025 2318; baseline 0.005 -22"><span class='ocrx_word' id='word_1_271' title='bbox 429 2260 605 2307; x_wconf 85' lang='grc' dir='ltr'>πτων,</span> <span class='ocrx_word' id='word_1_272' title='bbox 628 2242 711 2316; x_wconf 78' lang='grc' dir='ltr'><strong>[Ρ.</strong></span> <span class='ocrx_word' id='word_1_273' title='bbox 741 2243 797 2318; x_wconf 82' lang='lat'><em>6]</em></span> <span class='ocrx_word' id='word_1_274' title='bbox 846 2244 987 2315; x_wconf 80' lang='grc' dir='ltr'>ὁμοῦ</span> <span class='ocrx_word' id='word_1_275' title='bbox 1016 2246 1074 2299; x_wconf 88' lang='grc' dir='ltr'>δὲ</span> <span class='ocrx_word' id='word_1_276' title='bbox 1109 2244 1324 2311; x_wconf 88' lang='grc' dir='ltr'>τούτοις</span> <span class='ocrx_word' id='word_1_277' title='bbox 1348 2249 1447 2311; x_wconf 78' lang='grc' dir='ltr'>τὰς</span> <span class='ocrx_word' id='word_1_278' title='bbox 1482 2248 1696 2302; x_wconf 75' lang='grc' dir='ltr'>ἐκείνου</span> <span class='ocrx_word' id='word_1_279' title='bbox 1725 2248 1794 2303; x_wconf 84' lang='grc' dir='ltr'>δι’</span> <span class='ocrx_word' id='word_1_280' title='bbox 1823 2250 2025 2315; x_wconf 79' lang='grc' dir='ltr'>αὐτοὺς</span> 
     </span>
    </p>
   </div>
   <div class='ocr_carea' id='block_1_38' title="bbox 423 2335 2027 2415">
    <p class='ocr_par' dir='ltr' id='par_1_38' title="bbox 423 2335 2027 2415">
     <span class='ocr_line' id='line_1_38' title="bbox 423 2335 2027 2415; baseline 0.007 -27"><span class='ocrx_word' id='word_1_281' title='bbox 423 2335 771 2405; x_wconf 74' lang='grc' dir='ltr'><strong>ἐξαγγέλλων</strong></span> <span class='ocrx_word' id='word_1_282' title='bbox 788 2339 1152 2411; x_wconf 77' lang='grc' dir='ltr'>προρρήσεις,</span> <span class='ocrx_word' id='word_1_283' title='bbox 1179 2340 1271 2399; x_wconf 73' lang='grc' dir='ltr'><strong>καὶ</strong></span> <span class='ocrx_word' id='word_1_284' title='bbox 1301 2339 1517 2409; x_wconf 82' lang='grc' dir='ltr'>γέλωτα</span> <span class='ocrx_word' id='word_1_285' title='bbox 1546 2341 1718 2396; x_wconf 83' lang='grc' dir='ltr'>πολὺν</span> <span class='ocrx_word' id='word_1_286' title='bbox 1739 2342 2027 2415; x_wconf 83' lang='grc' dir='ltr'>καταχέων</span> 
     </span>
    </p>
   </div>
   <div class='ocr_carea' id='block_1_39' title="bbox 424 2428 1616 2501">
    <p class='ocr_par' dir='ltr' id='par_1_39' title="bbox 424 2428 1616 2501">
     <span class='ocr_line' id='line_1_39' title="bbox 424 2428 1616 2501; baseline 0.013 -21"><span class='ocrx_word' id='word_1_287' title='bbox 424 2428 536 2481; x_wconf 87' lang='grc' dir='ltr'><strong>τῶν</strong></span> <span class='ocrx_word' id='word_1_288' title='bbox 563 2429 899 2501; x_wconf 81' lang='grc' dir='ltr'>εἰρημένων.</span> <span class='ocrx_word' id='word_1_289' title='bbox 1614 2451 1616 2454; x_wconf 78' lang='grc'><em>’</em></span> 
     </span>
    </p>
   </div>
   <div class='ocr_carea' id='block_1_40' title="bbox 502 2606 2028 2693">
    <p class='ocr_par' dir='ltr' id='par_1_40' title="bbox 502 2606 2028 2693">
     <span class='ocr_line' id='line_1_40' title="bbox 502 2606 2028 2693; baseline 0.008 -31"><span class='ocrx_word' id='word_1_290' title='bbox 502 2606 572 2675; x_wconf 73' lang='grc' dir='ltr'><strong>γ’.</strong></span> <span class='ocrx_word' id='word_1_291' title='bbox 604 2609 833 2682; x_wconf 79' lang='grc' dir='ltr'>Χαίρειν</span> <span class='ocrx_word' id='word_1_292' title='bbox 885 2607 980 2669; x_wconf 77' lang='grc' dir='ltr'>οὖν</span> <span class='ocrx_word' id='word_1_293' title='bbox 1031 2614 1211 2669; x_wconf 81' lang='grc' dir='ltr'>είπὼν</span> <span class='ocrx_word' id='word_1_294' title='bbox 1275 2616 1392 2681; x_wconf 81' lang='grc' dir='ltr'>τοῖς</span> <span class='ocrx_word' id='word_1_295' title='bbox 1436 2616 1649 2674; x_wconf 71' lang='grc' dir='ltr'>ἐκείνου</span> <span class='ocrx_word' id='word_1_296' title='bbox 1708 2616 1917 2690; x_wconf 84' lang='grc' dir='ltr'>λόγοις,</span> <span class='ocrx_word' id='word_1_297' title='bbox 1958 2621 2028 2693; x_wconf 74' lang='grc' dir='ltr'>τῇ</span> 
     </span>
    </p>
   </div>
   <div class='ocr_carea' id='block_1_41' title="bbox 434 2699 2033 2781">
    <p class='ocr_par' dir='ltr' id='par_1_41' title="bbox 434 2699 2033 2781">
     <span class='ocr_line' id='line_1_41' title="bbox 434 2699 2033 2781; baseline 0.009 -30"><span class='ocrx_word' id='word_1_298' title='bbox 434 2699 885 2777; x_wconf 76' lang='grc' dir='ltr'>ἐννεακαιδεκάτῃ</span> <span class='ocrx_word' id='word_1_299' title='bbox 935 2704 1032 2760; x_wconf 75' lang='grc' dir='ltr'><strong>τοῦ</strong></span> <span class='ocrx_word' id='word_1_300' title='bbox 1094 2706 1319 2765; x_wconf 75' lang='grc' dir='ltr'>Ἰουλίου</span> <span class='ocrx_word' id='word_1_301' title='bbox 1381 2708 1553 2781; x_wconf 84' lang='grc' dir='ltr'>μηνὸς</span> <span class='ocrx_word' id='word_1_302' title='bbox 1616 2709 1716 2781; x_wconf 81' lang='grc' dir='ltr'><strong>τῆς</strong></span> <span class='ocrx_word' id='word_1_303' title='bbox 1778 2717 1848 2766; x_wconf 87' lang='grc' dir='ltr'>ια’</span> <span class='ocrx_word' id='word_1_304' title='bbox 1902 2711 2033 2765; x_wconf 83' lang='grc' dir='ltr'>ίνδι-</span> 
     </span>
    </p>
   </div>
   <div class='ocr_carea' id='block_1_42' title="bbox 426 2794 2033 2877">
    <p class='ocr_par' dir='ltr' id='par_1_42' title="bbox 426 2794 2033 2877">
     <span class='ocr_line' id='line_1_42' title="bbox 426 2794 2033 2877; baseline 0.008 -29"><span class='ocrx_word' id='word_1_305' title='bbox 426 2794 661 2862; x_wconf 80' lang='grc' dir='ltr'>κτιῶνος</span> <span class='ocrx_word' id='word_1_306' title='bbox 689 2799 833 2852; x_wconf 83' lang='grc' dir='ltr'><strong>κατά</strong></span> <span class='ocrx_word' id='word_1_307' title='bbox 855 2797 952 2853; x_wconf 80' lang='grc' dir='ltr'><strong>τοῦ</strong></span> <span class='ocrx_word' id='word_1_308' title='bbox 974 2798 1360 2871; x_wconf 82' lang='grc' dir='ltr'>βασιλεύοντος</span> <span class='ocrx_word' id='word_1_309' title='bbox 1375 2802 1699 2875; x_wconf 77' lang='grc' dir='ltr'>Νικηφόρον</span> <span class='ocrx_word' id='word_1_310' title='bbox 1727 2808 1887 2877; x_wconf 87' lang='grc' dir='ltr'>χεῖρα</span> <span class='ocrx_word' id='word_1_311' title='bbox 1906 2824 2033 2861; x_wconf 89' lang='grc' dir='ltr'>συν-</span> 
     </span>
    </p>
   </div>
   <div class='ocr_carea' id='block_1_43' title="bbox 429 2890 2033 2971">
    <p class='ocr_par' dir='ltr' id='par_1_43' title="bbox 429 2890 2033 2971">
     <span class='ocr_line' id='line_1_43' title="bbox 429 2890 2033 2971; baseline 0.007 -28"><span class='ocrx_word' id='word_1_312' title='bbox 429 2890 697 2961; x_wconf 80' lang='grc' dir='ltr'>αθροίσας</span> <span class='ocrx_word' id='word_1_313' title='bbox 733 2892 959 2964; x_wconf 73' lang='grc' dir='ltr'>πολλὴν,</span> <span class='ocrx_word' id='word_1_314' title='bbox 991 2895 1089 2949; x_wconf 70' lang='grc' dir='ltr'>καὶ</span> <span class='ocrx_word' id='word_1_315' title='bbox 1114 2895 1181 2948; x_wconf 82' lang='grc' dir='ltr'><strong>τὰ</strong></span> <span class='ocrx_word' id='word_1_316' title='bbox 1224 2896 1316 2967; x_wconf 81' lang='grc' dir='ltr'>ὑφ’</span> <span class='ocrx_word' id='word_1_317' title='bbox 1335 2898 1528 2951; x_wconf 78' lang='grc' dir='ltr'>ἑαυτὸν</span> <span class='ocrx_word' id='word_1_318' title='bbox 1547 2897 1791 2971; x_wconf 81' lang='grc' dir='ltr'>τέσσαρα</span> <span class='ocrx_word' id='word_1_319' title='bbox 1821 2899 2033 2971; x_wconf 79' lang='grc' dir='ltr'>θέματα</span> 
     </span>
    </p>
   </div>
   <div class='ocr_carea' id='block_1_44' title="bbox 433 2981 2034 3062">
    <p class='ocr_par' dir='ltr' id='par_1_44' title="bbox 433 2981 2034 3062">
     <span class='ocr_line' id='line_1_44' title="bbox 433 2981 2034 3062; baseline 0.007 -27"><span class='ocrx_word' id='word_1_320' title='bbox 433 2984 546 3046; x_wconf 81' lang='grc' dir='ltr'>τοῖς</span> <span class='ocrx_word' id='word_1_321' title='bbox 607 2981 809 3038; x_wconf 76' lang='grc' dir='ltr'>ἑαυτοῦ</span> <span class='ocrx_word' id='word_1_322' title='bbox 866 2984 1050 3055; x_wconf 85' lang='grc' dir='ltr'>λόγοις</span> <span class='ocrx_word' id='word_1_323' title='bbox 1106 2986 1431 3055; x_wconf 76' lang='grc' dir='ltr'>ὑπαγαγὼν,</span> <span class='ocrx_word' id='word_1_324' title='bbox 1480 2988 1590 3042; x_wconf 85' lang='grc' dir='ltr'><strong>τῶν</strong></span> <span class='ocrx_word' id='word_1_325' title='bbox 1653 2989 2034 3062; x_wconf 83' lang='grc' dir='ltr'>Ἀρμενιακῶν</span> 
     </span>
    </p>
   </div>
   <div class='ocr_carea' id='block_1_45' title="bbox 434 3073 2036 3150">
    <p class='ocr_par' dir='ltr' id='par_1_45' title="bbox 434 3073 2036 3150">
     <span class='ocr_line' id='line_1_45' title="bbox 434 3073 2036 3150; baseline 0.007 -24"><span class='ocrx_word' id='word_1_326' title='bbox 434 3073 606 3144; x_wconf 77' lang='grc' dir='ltr'>χωρὶς</span> <span class='ocrx_word' id='word_1_327' title='bbox 638 3074 783 3145; x_wconf 75' lang='grc' dir='ltr'>(οὐδὲ</span> <span class='ocrx_word' id='word_1_328' title='bbox 818 3074 929 3147; x_wconf 85' lang='grc' dir='ltr'>γὰρ</span> <span class='ocrx_word' id='word_1_329' title='bbox 954 3076 1188 3143; x_wconf 79' lang='grc' dir='ltr'>ύπεῖξαν</span> <span class='ocrx_word' id='word_1_330' title='bbox 1234 3076 1431 3150; x_wconf 81' lang='grc' dir='ltr'>αὐτῷ),</span> <span class='ocrx_word' id='word_1_331' title='bbox 1466 3080 1571 3150; x_wconf 84' lang='grc' dir='ltr'>τῆς</span> <span class='ocrx_word' id='word_1_332' title='bbox 1601 3080 2036 3148; x_wconf 71' lang='grc' dir='ltr'>ἐπαναστάσεως</span> 
     </span>
    </p>
   </div>
   <div class='ocr_carea' id='block_1_46' title="bbox 431 3162 2037 3244">
    <p class='ocr_par' dir='ltr' id='par_1_46' title="bbox 431 3162 2037 3244">
     <span class='ocr_line' id='line_1_46' title="bbox 431 3162 2037 3244; baseline 0.006 -26"><span class='ocrx_word' id='word_1_333' title='bbox 431 3164 689 3235; x_wconf 76' lang='grc' dir='ltr'>ἄρχεται.</span> <span class='ocrx_word' id='word_1_334' title='bbox 729 3165 945 3237; x_wconf 84' lang='grc' dir='ltr'>Ἐμίσει</span> <span class='ocrx_word' id='word_1_335' title='bbox 1001 3167 1102 3239; x_wconf 80' lang='grc' dir='ltr'>μὲν</span> <span class='ocrx_word' id='word_1_336' title='bbox 1145 3162 1241 3222; x_wconf 79' lang='grc' dir='ltr'>οὖν</span> <span class='ocrx_word' id='word_1_337' title='bbox 1295 3169 1420 3223; x_wconf 87' lang='grc' dir='ltr'>τότε</span> <span class='ocrx_word' id='word_1_338' title='bbox 1469 3169 1563 3224; x_wconf 87' lang='grc' dir='ltr'><strong>τὸν</strong></span> <span class='ocrx_word' id='word_1_339' title='bbox 1608 3171 1923 3244; x_wconf 75' lang='grc' dir='ltr'>Νικηφόρον</span> <span class='ocrx_word' id='word_1_340' title='bbox 1973 3174 2037 3230; x_wconf 78' lang='grc' dir='ltr'><strong>τὸ</strong></span> 
     </span>
    </p>
   </div>
   <div class='ocr_carea' id='block_1_47' title="bbox 435 3258 2041 3337">
    <p class='ocr_par' dir='ltr' id='par_1_47' title="bbox 435 3258 2041 3337">
     <span class='ocr_line' id='line_1_47' title="bbox 435 3258 2041 3337; baseline 0.008 -26"><span class='ocrx_word' id='word_1_341' title='bbox 435 3258 682 3330; x_wconf 76' lang='grc' dir='ltr'>ὑπήκοον</span> <span class='ocrx_word' id='word_1_342' title='bbox 706 3259 786 3332; x_wconf 84' lang='grc' dir='ltr'>τῷ</span> <span class='ocrx_word' id='word_1_343' title='bbox 816 3260 976 3333; x_wconf 86' lang='grc' dir='ltr'>βάρει</span> <span class='ocrx_word' id='word_1_344' title='bbox 1001 3261 1326 3333; x_wconf 79' lang='grc' dir='ltr'>πιεζόμενον</span> <span class='ocrx_word' id='word_1_345' title='bbox 1349 3264 1457 3318; x_wconf 86' lang='grc' dir='ltr'><strong>τῶν</strong></span> <span class='ocrx_word' id='word_1_346' title='bbox 1491 3265 1773 3337; x_wconf 81' lang='grc' dir='ltr'>δημοσίων</span> <span class='ocrx_word' id='word_1_347' title='bbox 1793 3267 1986 3336; x_wconf 84' lang='grc' dir='ltr'>τελῶν,</span> <span class='ocrx_word' id='word_1_348' title='bbox 2011 3269 2041 3324; x_wconf 84' lang='grc' dir='ltr'><strong>δ</strong></span> 
     </span>
    </p>
   </div>
   <div class='ocr_carea' id='block_1_48' title="bbox 435 3351 2042 3434">
    <p class='ocr_par' dir='ltr' id='par_1_48' title="bbox 435 3351 2042 3434">
     <span class='ocr_line' id='line_1_48' title="bbox 435 3351 2042 3434; baseline 0.008 -31"><span class='ocrx_word' id='word_1_349' title='bbox 435 3351 632 3417; x_wconf 79' lang='grc' dir='ltr'>γέγονέ</span> <span class='ocrx_word' id='word_1_350' title='bbox 674 3370 797 3417; x_wconf 85' lang='grc' dir='ltr'><strong>πως</strong></span> <span class='ocrx_word' id='word_1_351' title='bbox 829 3354 929 3407; x_wconf 74' lang='grc' dir='ltr'>καὶ</span> <span class='ocrx_word' id='word_1_352' title='bbox 966 3354 1193 3426; x_wconf 84' lang='grc' dir='ltr'>ἀφορμὴ</span> <span class='ocrx_word' id='word_1_353' title='bbox 1247 3355 1346 3411; x_wconf 76' lang='grc' dir='ltr'>καὶ</span> <span class='ocrx_word' id='word_1_354' title='bbox 1378 3355 1685 3431; x_wconf 88' lang='grc' dir='ltr'>σύνδρομον</span> <span class='ocrx_word' id='word_1_355' title='bbox 1713 3359 1912 3434; x_wconf 82' lang='grc' dir='ltr'>ἐκείνῳ</span> <span class='ocrx_word' id='word_1_356' title='bbox 1940 3362 2042 3432; x_wconf 81' lang='grc' dir='ltr'><strong>τῆς</strong></span> 
     </span>
    </p>
   </div>
   <div class='ocr_carea' id='block_1_49' title="bbox 441 3443 2044 3522">
    <p class='ocr_par' dir='ltr' id='par_1_49' title="bbox 441 3443 2044 3522">
     <span class='ocr_line' id='line_1_49' title="bbox 441 3443 2044 3522; baseline 0.009 -28"><span class='ocrx_word' id='word_1_357' title='bbox 441 3443 869 3510; x_wconf 66' lang='grc' dir='ltr'>ἐπαναστάσεως</span> <span class='ocrx_word' id='word_1_358' title='bbox 898 3461 916 3477; x_wconf 90' lang='grc'><strong>·</strong></span> <span class='ocrx_word' id='word_1_359' title='bbox 949 3446 1137 3516; x_wconf 74' lang='grc' dir='ltr'>γέγονε</span> <span class='ocrx_word' id='word_1_360' title='bbox 1168 3448 1225 3502; x_wconf 79' lang='grc' dir='ltr'>δέ</span> <span class='ocrx_word' id='word_1_361' title='bbox 1257 3465 1311 3502; x_wconf 91' lang='grc' dir='ltr'><strong>τι</strong></span> <span class='ocrx_word' id='word_1_362' title='bbox 1364 3450 1460 3505; x_wconf 76' lang='grc' dir='ltr'><strong>καὶ</strong></span> <span class='ocrx_word' id='word_1_363' title='bbox 1490 3449 1682 3522; x_wconf 76' lang='grc' dir='ltr'>ἕτερον</span> <span class='ocrx_word' id='word_1_364' title='bbox 1716 3451 1912 3508; x_wconf 78' lang='grc' dir='ltr'>αἴτιον.</span> <span class='ocrx_word' id='word_1_365' title='bbox 1953 3453 2044 3519; x_wconf 83' lang='grc' dir='ltr'>Ὠς</span> 
     </span>
    </p>
   </div>
   <div class='ocr_carea' id='block_1_50' title="bbox 439 3539 2045 3620">
    <p class='ocr_par' dir='ltr' id='par_1_50' title="bbox 439 3539 2045 3620">
     <span class='ocr_line' id='line_1_50' title="bbox 439 3539 2045 3620; baseline 0.006 -28"><span class='ocrx_word' id='word_1_366' title='bbox 439 3539 547 3609; x_wconf 68' lang='grc' dir='ltr'>γὰρ</span> <span class='ocrx_word' id='word_1_367' title='bbox 582 3539 732 3594; x_wconf 80' lang='grc' dir='ltr'>κατά</span> <span class='ocrx_word' id='word_1_368' title='bbox 772 3540 889 3595; x_wconf 84' lang='grc' dir='ltr'><strong>τῶν</strong></span> <span class='ocrx_word' id='word_1_369' title='bbox 932 3541 1257 3613; x_wconf 82' lang='grc' dir='ltr'>’Δγαρηνῶν</span> <span class='ocrx_word' id='word_1_370' title='bbox 1283 3543 1312 3597; x_wconf 88' lang='lat'><strong>6</strong></span> <span class='ocrx_word' id='word_1_371' title='bbox 1366 3543 1669 3615; x_wconf 83' lang='grc' dir='ltr'>Βαρδάνιος</span> <span class='ocrx_word' id='word_1_372' title='bbox 1697 3546 2045 3620; x_wconf 74' lang='grc' dir='ltr'>ἠνδραγάθη-</span> 
     </span>
    </p>
   </div>
   <div class='ocr_carea' id='block_1_51' title="bbox 440 3632 2049 3713">
    <p class='ocr_par' dir='ltr' id='par_1_51' title="bbox 440 3632 2049 3713">
     <span class='ocr_line' id='line_1_51' title="bbox 440 3632 2049 3713; baseline 0.006 -30"><span class='ocrx_word' id='word_1_373' title='bbox 440 3648 533 3684; x_wconf 74' lang='lat' dir='ltr'><strong>cev</strong></span> <span class='ocrx_word' id='word_1_374' title='bbox 560 3633 661 3685; x_wconf 69' lang='lat' dir='ltr'><strong>stati.</strong></span> <span class='ocrx_word' id='word_1_375' title='bbox 686 3632 789 3705; x_wconf 84' lang='grc' dir='ltr'>τῆς</span> <span class='ocrx_word' id='word_1_376' title='bbox 819 3634 1127 3704; x_wconf 85' lang='grc' dir='ltr'>γενομένης</span> <span class='ocrx_word' id='word_1_377' title='bbox 1158 3634 1362 3707; x_wconf 84' lang='grc' dir='ltr'>πολλῆς</span> <span class='ocrx_word' id='word_1_378' title='bbox 1390 3636 2049 3713; x_wconf 74' lang='grc' dir='ltr'>λαφυραγωγίαςδικαία</span> 
     </span>
    </p>
   </div>
   <div class='ocr_carea' id='block_1_52' title="bbox 440 3723 2049 3804">
    <p class='ocr_par' dir='ltr' id='par_1_52' title="bbox 440 3723 2049 3804">
     <span class='ocr_line' id='line_1_52' title="bbox 440 3723 2049 3804; baseline 0.008 -30"><span class='ocrx_word' id='word_1_379' title='bbox 440 3723 680 3795; x_wconf 67' lang='grc' dir='ltr'>προνοίᾳ.</span> <span class='ocrx_word' id='word_1_380' title='bbox 725 3725 1003 3795; x_wconf 81' lang='grc' dir='ltr'>πεποίηκε</span> <span class='ocrx_word' id='word_1_381' title='bbox 1058 3724 1157 3798; x_wconf 81' lang='grc' dir='ltr'>τὴν</span> <span class='ocrx_word' id='word_1_382' title='bbox 1208 3728 1508 3801; x_wconf 76' lang='grc' dir='ltr'>διανομὴν,</span> <span class='ocrx_word' id='word_1_383' title='bbox 1568 3730 1886 3804; x_wconf 85' lang='grc' dir='ltr'>κατάλληλα</span> <span class='ocrx_word' id='word_1_384' title='bbox 1933 3734 2049 3798; x_wconf 83' lang='grc' dir='ltr'>τοῖς</span> 
     </span>
    </p>
   </div>
   <div class='ocr_carea' id='block_1_53' title="bbox 446 3815 2050 3899">
    <p class='ocr_par' dir='ltr' id='par_1_53' title="bbox 446 3815 2050 3899">
     <span class='ocr_line' id='line_1_53' title="bbox 446 3815 2050 3899; baseline 0.007 -31"><span class='ocrx_word' id='word_1_385' title='bbox 446 3815 880 3887; x_wconf 66' lang='grc' dir='ltr'>ἀγωνιζομένοις</span> <span class='ocrx_word' id='word_1_386' title='bbox 911 3819 969 3874; x_wconf 83' lang='grc' dir='ltr'>ὲν</span> <span class='ocrx_word' id='word_1_387' title='bbox 1002 3820 1226 3893; x_wconf 81' lang='grc' dir='ltr'>πολέμῳ</span> <span class='ocrx_word' id='word_1_388' title='bbox 1250 3821 1368 3876; x_wconf 76' lang='grc' dir='ltr'>ἀλλ’</span> <span class='ocrx_word' id='word_1_389' title='bbox 1391 3823 1452 3876; x_wconf 84' lang='grc' dir='ltr'><strong>ού</strong></span> <span class='ocrx_word' id='word_1_390' title='bbox 1488 3822 1633 3878; x_wconf 83' lang='grc' dir='ltr'>κατὰ</span> <span class='ocrx_word' id='word_1_391' title='bbox 1664 3824 1958 3899; x_wconf 88' lang='grc' dir='ltr'>πρόσωπον</span> <span class='ocrx_word' id='word_1_392' title='bbox 1980 3824 2050 3880; x_wconf 80' lang='grc' dir='ltr'><strong>τὰ</strong></span> 
     </span>
    </p>
   </div>
   <div class='ocr_carea' id='block_1_54' title="bbox 449 3904 2050 3987">
    <p class='ocr_par' dir='ltr' id='par_1_54' title="bbox 449 3904 2050 3987">
     <span class='ocr_line' id='line_1_54' title="bbox 449 3904 2050 3987; baseline 0.007 -26"><span class='ocrx_word' id='word_1_393' title='bbox 449 3904 597 3964; x_wconf 83' lang='grc' dir='ltr'>ἆθλα</span> <span class='ocrx_word' id='word_1_394' title='bbox 649 3911 899 3981; x_wconf 74' lang='grc' dir='ltr'>προθεὶς,</span> <span class='ocrx_word' id='word_1_395' title='bbox 934 3912 1083 3981; x_wconf 77' lang='grc' dir='ltr'>ἔδοξε</span> <span class='ocrx_word' id='word_1_396' title='bbox 1133 3917 1229 3970; x_wconf 74' lang='grc' dir='ltr'><strong>καὶ</strong></span> <span class='ocrx_word' id='word_1_397' title='bbox 1274 3916 1557 3987; x_wconf 86' lang='grc' dir='ltr'>βασιλείας</span> <span class='ocrx_word' id='word_1_398' title='bbox 1620 3918 1835 3985; x_wconf 90' lang='grc' dir='ltr'>τούτοις</span> <span class='ocrx_word' id='word_1_399' title='bbox 1898 3919 2050 3985; x_wconf 78' lang='grc' dir='ltr'>ἄξιος</span> 
     </span>
    </p>
   </div>
   <div class='ocr_carea' id='block_1_55' title="bbox 467 4001 2051 4082">
    <p class='ocr_par' dir='ltr' id='par_1_55' title="bbox 467 4001 2051 4082">
     <span class='ocr_line' id='line_1_55' title="bbox 467 4001 2051 4082; baseline 0.009 -32"><span class='ocrx_word' id='word_1_400' title='bbox 467 4001 823 4071; x_wconf 76' lang='grc' dir='ltr'>μεταλαχεῖν.</span> <span class='ocrx_word' id='word_1_401' title='bbox 850 4004 1013 4060; x_wconf 87' lang='grc' dir='ltr'>Ὅθεν</span> <span class='ocrx_word' id='word_1_402' title='bbox 1043 4006 1382 4080; x_wconf 72' lang='grc' dir='ltr'>ἀναρρηθεὶς</span> <span class='ocrx_word' id='word_1_403' title='bbox 1421 4008 1661 4082; x_wconf 72' lang='grc' dir='ltr'>δημοσίᾳ</span> <span class='ocrx_word' id='word_1_404' title='bbox 1688 4012 1863 4082; x_wconf 76' lang='grc' dir='ltr'>φωνῇ·</span> <span class='ocrx_word' id='word_1_405' title='bbox 1894 4009 2051 4082; x_wconf 88' lang='grc' dir='ltr'>βασι-</span> 
     </span>
    </p>
   </div>
   <div class='ocr_carea' id='block_1_56' title="bbox 470 4089 2054 4172">
    <p class='ocr_par' dir='ltr' id='par_1_56' title="bbox 470 4089 2054 4172">
     <span class='ocr_line' id='line_1_56' title="bbox 470 4089 2054 4172; baseline 0.009 -30"><span class='ocrx_word' id='word_1_406' title='bbox 470 4089 621 4155; x_wconf 76' lang='grc' dir='ltr'>λεὺς,</span> <span class='ocrx_word' id='word_1_407' title='bbox 660 4093 755 4146; x_wconf 73' lang='grc' dir='ltr'><strong>καὶ</strong></span> <span class='ocrx_word' id='word_1_408' title='bbox 791 4094 985 4151; x_wconf 83' lang='grc' dir='ltr'>πολλῶν</span> <span class='ocrx_word' id='word_1_409' title='bbox 1029 4097 1211 4154; x_wconf 78' lang='grc' dir='ltr'>ἄλλων</span> <span class='ocrx_word' id='word_1_410' title='bbox 1243 4099 1607 4155; x_wconf 64' lang='grc' dir='ltr'>ἀπολαύσεάη</span> <span class='ocrx_word' id='word_1_411' title='bbox 1630 4118 1691 4155; x_wconf 84' lang='grc' dir='ltr'><strong>τε</strong></span> <span class='ocrx_word' id='word_1_412' title='bbox 1724 4101 1823 4155; x_wconf 75' lang='grc' dir='ltr'><strong>καὶ</strong></span> <span class='ocrx_word' id='word_1_413' title='bbox 1870 4101 2054 4172; x_wconf 86' lang='grc' dir='ltr'>γερῶν</span> 
     </span>
    </p>
   </div>
   <div class='ocr_carea' id='block_1_57' title="bbox 461 4185 2055 4264">
    <p class='ocr_par' dir='ltr' id='par_1_57' title="bbox 461 4185 2055 4264">
     <span class='ocr_line' id='line_1_57' title="bbox 461 4185 2055 4264; baseline 0.006 -27"><span class='ocrx_word' id='word_1_414' title='bbox 461 4185 531 4237; x_wconf 80' lang='grc' dir='ltr'>ἐκ</span> <span class='ocrx_word' id='word_1_415' title='bbox 570 4185 669 4239; x_wconf 76' lang='grc' dir='ltr'><strong>τοῦ</strong></span> <span class='ocrx_word' id='word_1_416' title='bbox 692 4185 865 4257; x_wconf 79' lang='grc' dir='ltr'>δήμου</span> <span class='ocrx_word' id='word_1_417' title='bbox 897 4191 1280 4259; x_wconf 76' lang='grc' dir='ltr'>καταξιωθεὶς,</span> <span class='ocrx_word' id='word_1_418' title='bbox 1311 4191 1388 4257; x_wconf 85' lang='grc' dir='ltr'>ὡς</span> <span class='ocrx_word' id='word_1_419' title='bbox 1418 4192 1513 4246; x_wconf 74' lang='grc' dir='ltr'>καὶ</span> <span class='ocrx_word' id='word_1_420' title='bbox 1542 4193 1670 4247; x_wconf 78' lang='grc' dir='ltr'>ναὸν</span> <span class='ocrx_word' id='word_1_421' title='bbox 1696 4194 1787 4247; x_wconf 76' lang='grc' dir='ltr'><strong>ἐπ’</strong></span> <span class='ocrx_word' id='word_1_422' title='bbox 1824 4192 2055 4264; x_wconf 84' lang='grc' dir='ltr'>ὀνόματι</span> 
     </span>
    </p>
   </div>
   <div class='ocr_carea' id='block_1_58' title="bbox 455 4276 2054 4358">
    <p class='ocr_par' dir='ltr' id='par_1_58' title="bbox 455 4276 2054 4358">
     <span class='ocr_line' id='line_1_58' title="bbox 455 4276 2054 4358; baseline 0.006 -28"><span class='ocrx_word' id='word_1_423' title='bbox 455 4276 630 4331; x_wconf 82' lang='grc' dir='ltr'>αὐτοῦ</span> <span class='ocrx_word' id='word_1_424' title='bbox 648 4279 935 4354; x_wconf 72' lang='grc' dir='ltr'>ἀνεγεῖραί</span> <span class='ocrx_word' id='word_1_425' title='bbox 964 4301 1029 4337; x_wconf 86' lang='grc' dir='ltr'><strong>τε</strong></span> <span class='ocrx_word' id='word_1_426' title='bbox 1057 4286 1155 4339; x_wconf 80' lang='grc' dir='ltr'><strong>καὶ</strong></span> <span class='ocrx_word' id='word_1_427' title='bbox 1193 4284 1642 4350; x_wconf 84' lang='grc' dir='ltr'>κατασκευάσαι,</span> <span class='ocrx_word' id='word_1_428' title='bbox 1669 4285 1773 4358; x_wconf 80' lang='grc' dir='ltr'><strong>τὴν</strong></span> <span class='ocrx_word' id='word_1_429' title='bbox 1807 4286 1917 4354; x_wconf 63' lang='grc' dir='ltr'>,ἐπὶ</span> <span class='ocrx_word' id='word_1_430' title='bbox 1948 4285 2054 4339; x_wconf 83' lang='grc' dir='ltr'><strong>Νι-</strong></span> 
     </span>
    </p>
   </div>
   <div class='ocr_carea' id='block_1_59' title="bbox 452 4369 2057 4448">
    <p class='ocr_par' dir='ltr' id='par_1_59' title="bbox 452 4369 2057 4448">
     <span class='ocr_line' id='line_1_59' title="bbox 452 4369 2057 4448; baseline 0.006 -25"><span class='ocrx_word' id='word_1_431' title='bbox 452 4369 757 4441; x_wconf 75' lang='grc' dir='ltr'>κομήδειαν</span> <span class='ocrx_word' id='word_1_432' title='bbox 805 4372 1086 4445; x_wconf 80' lang='grc' dir='ltr'>φέρουσαν</span> <span class='ocrx_word' id='word_1_433' title='bbox 1145 4374 1234 4447; x_wconf 66' lang='grc' dir='ltr'><strong>⁴ᾔει</strong></span> <span class='ocrx_word' id='word_1_434' title='bbox 1291 4376 1435 4431; x_wconf 85' lang='grc' dir='ltr'>ὀδόν.</span> <span class='ocrx_word' id='word_1_435' title='bbox 1510 4375 1655 4429; x_wconf 76' lang='grc' dir='ltr'>Ἀλλ’</span> <span class='ocrx_word' id='word_1_436' title='bbox 1720 4375 2057 4448; x_wconf 85' lang='grc' dir='ltr'>ἀποχρῶσαν</span> 
     </span>
    </p>
   </div>
   <div class='ocr_carea' id='block_1_60' title="bbox 457 4465 2057 4542">
    <p class='ocr_par' dir='ltr' id='par_1_60' title="bbox 457 4465 2057 4542">
     <span class='ocr_line' id='line_1_60' title="bbox 457 4465 2057 4542; baseline 0.005 -25"><span class='ocrx_word' id='word_1_437' title='bbox 457 4465 553 4518; x_wconf 75' lang='grc' dir='ltr'>καὶ</span> <span class='ocrx_word' id='word_1_438' title='bbox 576 4466 886 4537; x_wconf 75' lang='grc' dir='ltr'>ἐφάμιλλον</span> <span class='ocrx_word' id='word_1_439' title='bbox 911 4470 939 4522; x_wconf 92' lang='lat'><strong>6</strong></span> <span class='ocrx_word' id='word_1_440' title='bbox 971 4468 1278 4540; x_wconf 89' lang='grc' dir='ltr'>βασιλεύων</span> <span class='ocrx_word' id='word_1_441' title='bbox 1322 4469 1646 4541; x_wconf 87' lang='grc' dir='ltr'>Νικηφόρος</span> <span class='ocrx_word' id='word_1_442' title='bbox 1673 4469 1909 4542; x_wconf 87' lang='grc' dir='ltr'>δύναμιν</span> <span class='ocrx_word' id='word_1_443' title='bbox 1962 4473 2057 4525; x_wconf 84' lang='grc' dir='ltr'><strong>ὲκ-</strong></span> 
     </span>
    </p>
   </div>
   <div class='ocr_carea' id='block_1_61' title="bbox 2123 1963 3720 2040">
    <p class='ocr_par' dir='ltr' id='par_1_61' title="bbox 2123 1963 3720 2040">
     <span class='ocr_line' id='line_1_61' title="bbox 2123 1963 3720 2040; baseline -0.004 -13"><span class='ocrx_word' id='word_1_444' title='bbox 2123 1979 2231 2037; x_wconf 86' lang='lat' dir='ltr'><strong>set,</strong></span> <span class='ocrx_word' id='word_1_445' title='bbox 2264 1970 2401 2026; x_wconf 84' lang='lat' dir='ltr'><strong>nihil</strong></span> <span class='ocrx_word' id='word_1_446' title='bbox 2445 1985 2513 2025; x_wconf 81' lang='lat' dir='ltr'><strong>ex</strong></span> <span class='ocrx_word' id='word_1_447' title='bbox 2560 1978 2691 2027; x_wconf 87' lang='lat' dir='ltr'><strong>voto</strong></span> <span class='ocrx_word' id='word_1_448' title='bbox 2739 1984 2806 2025; x_wconf 85' lang='lat' dir='ltr'><strong>ac</strong></span> <span class='ocrx_word' id='word_1_449' title='bbox 2838 1983 3101 2040; x_wconf 84' lang='lat' dir='ltr'><strong>prospere</strong></span> <span class='ocrx_word' id='word_1_450' title='bbox 3130 1982 3443 2032; x_wconf 86' lang='lat' dir='ltr'><strong>cessurum,</strong></span> <span class='ocrx_word' id='word_1_451' title='bbox 3476 1965 3572 2022; x_wconf 87' lang='lat' dir='ltr'><strong>sed</strong></span> <span class='ocrx_word' id='word_1_452' title='bbox 3602 1963 3720 2021; x_wconf 82' lang='lat' dir='ltr'><strong>fore</strong></span> 
     </span>
    </p>
   </div>
   <div class='ocr_carea' id='block_1_62' title="bbox 2126 2057 3723 2128">
    <p class='ocr_par' dir='ltr' id='par_1_62' title="bbox 2126 2057 3723 2128">
     <span class='ocr_line' id='line_1_62' title="bbox 2126 2057 3723 2128; baseline -0.001 -16"><span class='ocrx_word' id='word_1_453' title='bbox 2126 2067 2187 2112; x_wconf 89' lang='lat' dir='ltr'><strong>ut</strong></span> <span class='ocrx_word' id='word_1_454' title='bbox 2232 2070 2288 2115; x_wconf 92' lang='lat' dir='ltr'><strong>et</strong></span> <span class='ocrx_word' id='word_1_455' title='bbox 2332 2059 2574 2114; x_wconf 87' lang='lat' dir='ltr'><strong>animam</strong></span> <span class='ocrx_word' id='word_1_456' title='bbox 2610 2059 2753 2117; x_wconf 87' lang='lat' dir='ltr'><strong>male</strong></span> <span class='ocrx_word' id='word_1_457' title='bbox 2785 2058 3158 2128; x_wconf 84' lang='lat' dir='ltr'><strong>abrumperet.</strong></span> <span class='ocrx_word' id='word_1_458' title='bbox 3222 2057 3321 2114; x_wconf 82' lang='lat' dir='ltr'><strong>llis</strong></span> <span class='ocrx_word' id='word_1_459' title='bbox 3370 2067 3555 2112; x_wconf 87' lang='lat' dir='ltr'><strong>mente</strong></span> <span class='ocrx_word' id='word_1_460' title='bbox 3600 2071 3723 2125; x_wconf 87' lang='lat' dir='ltr'><strong>per-</strong></span> 
     </span>
    </p>
   </div>
   <div class='ocr_carea' id='block_1_63' title="bbox 2127 2150 3721 2218">
    <p class='ocr_par' dir='ltr' id='par_1_63' title="bbox 2127 2150 3721 2218">
     <span class='ocr_line' id='line_1_63' title="bbox 2127 2150 3721 2218; baseline -0.002 -12"><span class='ocrx_word' id='word_1_461' title='bbox 2127 2151 2319 2208; x_wconf 87' lang='lat' dir='ltr'><strong>culsus</strong></span> <span class='ocrx_word' id='word_1_462' title='bbox 2367 2150 2710 2218; x_wconf 87' lang='lat' dir='ltr'><strong>Bardanius,</strong></span> <span class='ocrx_word' id='word_1_463' title='bbox 2761 2166 2828 2211; x_wconf 85' lang='lat' dir='ltr'><strong>ac</strong></span> <span class='ocrx_word' id='word_1_464' title='bbox 2878 2152 3065 2207; x_wconf 86' lang='lat' dir='ltr'><strong>vultus</strong></span> <span class='ocrx_word' id='word_1_465' title='bbox 3115 2151 3360 2207; x_wconf 85' lang='lat' dir='ltr'><strong>colorem</strong></span> <span class='ocrx_word' id='word_1_466' title='bbox 3420 2150 3721 2206; x_wconf 80' lang='lat' dir='ltr'><strong>identidem</strong></span> 
     </span>
    </p>
   </div>
   <div class='ocr_carea' id='block_1_64' title="bbox 2130 2244 3723 2311">
    <p class='ocr_par' dir='ltr' id='par_1_64' title="bbox 2130 2244 3723 2311">
     <span class='ocr_line' id='line_1_64' title="bbox 2130 2244 3723 2311; baseline -0.003 -10"><span class='ocrx_word' id='word_1_467' title='bbox 2130 2255 2378 2309; x_wconf 85' lang='lat' dir='ltr'><strong>mutans.</strong></span> <span class='ocrx_word' id='word_1_468' title='bbox 2415 2260 2607 2303; x_wconf 80' lang='lat' dir='ltr'><strong>rursus</strong></span> <span class='ocrx_word' id='word_1_469' title='bbox 2640 2245 2867 2301; x_wconf 86' lang='lat' dir='ltr'><strong>domum</strong></span> <span class='ocrx_word' id='word_1_470' title='bbox 2895 2245 3032 2311; x_wconf 87' lang='lat' dir='ltr'><strong>abit,</strong></span> <span class='ocrx_word' id='word_1_471' title='bbox 3054 2245 3220 2303; x_wconf 88' lang='lat' dir='ltr'><strong>simul</strong></span> <span class='ocrx_word' id='word_1_472' title='bbox 3255 2244 3548 2300; x_wconf 79' lang='lat' dir='ltr'><strong>maledicta</strong></span> <span class='ocrx_word' id='word_1_473' title='bbox 3578 2259 3723 2311; x_wconf 62' lang='lat' dir='ltr'><strong>quae-</strong></span> 
     </span>
    </p>
   </div>
   <div class='ocr_carea' id='block_1_65' title="bbox 2129 2336 3724 2409">
    <p class='ocr_par' dir='ltr' id='par_1_65' title="bbox 2129 2336 3724 2409">
     <span class='ocr_line' id='line_1_65' title="bbox 2129 2336 3724 2409; baseline 0 -16"><span class='ocrx_word' id='word_1_474' title='bbox 2129 2336 2254 2395; x_wconf 84' lang='lat' dir='ltr'><strong>dam</strong></span> <span class='ocrx_word' id='word_1_475' title='bbox 2284 2337 2558 2409; x_wconf 88' lang='lat' dir='ltr'><strong>verbaque</strong></span> <span class='ocrx_word' id='word_1_476' title='bbox 2584 2338 2791 2394; x_wconf 86' lang='lat' dir='ltr'><strong>atrocia</strong></span> <span class='ocrx_word' id='word_1_477' title='bbox 2826 2338 2882 2394; x_wconf 92' lang='lat' dir='ltr'><strong>in</strong></span> <span class='ocrx_word' id='word_1_478' title='bbox 2914 2339 3257 2396; x_wconf 85' lang='lat' dir='ltr'><strong>monachum</strong></span> <span class='ocrx_word' id='word_1_479' title='bbox 3281 2336 3724 2408; x_wconf 79' lang='lat' dir='ltr'><strong>jactans,illius-</strong></span> 
     </span>
    </p>
   </div>
   <div class='ocr_carea' id='block_1_66' title="bbox 2130 2430 3727 2504">
    <p class='ocr_par' dir='ltr' id='par_1_66' title="bbox 2130 2430 3727 2504">
     <span class='ocr_line' id='line_1_66' title="bbox 2130 2430 3727 2504; baseline 0.002 -19"><span class='ocrx_word' id='word_1_480' title='bbox 2130 2444 2237 2501; x_wconf 89' lang='lat' dir='ltr'><strong>que</strong></span> <span class='ocrx_word' id='word_1_481' title='bbox 2278 2430 2446 2486; x_wconf 89' lang='lat' dir='ltr'><strong>sicin</strong></span> <span class='ocrx_word' id='word_1_482' title='bbox 2488 2446 2586 2487; x_wconf 89' lang='lat' dir='ltr'><strong>eos</strong></span> <span class='ocrx_word' id='word_1_483' title='bbox 2618 2431 2800 2488; x_wconf 86' lang='lat' dir='ltr'><strong>fausta</strong></span> <span class='ocrx_word' id='word_1_484' title='bbox 2842 2432 3103 2489; x_wconf 84' lang='lat' dir='ltr'><strong>vaticinia</strong></span> <span class='ocrx_word' id='word_1_485' title='bbox 3147 2446 3407 2499; x_wconf 87' lang='lat' dir='ltr'><strong>narrans,</strong></span> <span class='ocrx_word' id='word_1_486' title='bbox 3438 2431 3727 2504; x_wconf 76' lang='lat' dir='ltr'><strong>multoque</strong></span> 
     </span>
    </p>
   </div>
   <div class='ocr_carea' id='block_1_67' title="bbox 2131 2523 3041 2595">
    <p class='ocr_par' dir='ltr' id='par_1_67' title="bbox 2131 2523 3041 2595">
     <span class='ocr_line' id='line_1_67' title="bbox 2131 2523 3041 2595; baseline 0.004 -17"><span class='ocrx_word' id='word_1_487' title='bbox 2131 2526 2247 2579; x_wconf 86' lang='lat' dir='ltr'><strong>risu</strong></span> <span class='ocrx_word' id='word_1_488' title='bbox 2276 2523 2525 2579; x_wconf 84' lang='lat' dir='ltr'><strong>hominis</strong></span> <span class='ocrx_word' id='word_1_489' title='bbox 2549 2523 2698 2579; x_wconf 89' lang='lat' dir='ltr'><strong>dicta</strong></span> <span class='ocrx_word' id='word_1_490' title='bbox 2731 2524 3041 2595; x_wconf 81' lang='lat' dir='ltr'><strong>excipiens.</strong></span> 
     </span>
    </p>
   </div>
   <div class='ocr_carea' id='block_1_68' title="bbox 2204 2606 3732 2688">
    <p class='ocr_par' dir='ltr' id='par_1_68' title="bbox 2204 2606 3732 2688">
     <span class='ocr_line' id='line_1_68' title="bbox 2204 2606 3732 2688; baseline 0 -15"><span class='ocrx_word' id='word_1_491' title='bbox 2204 2617 2259 2675; x_wconf 75' lang='lat'><strong>5.</strong></span> <span class='ocrx_word' id='word_1_492' title='bbox 2301 2616 2433 2687; x_wconf 85' lang='lat' dir='ltr'><strong>Ejus</strong></span> <span class='ocrx_word' id='word_1_493' title='bbox 2466 2619 2657 2688; x_wconf 87' lang='lat' dir='ltr'><strong>itaque</strong></span> <span class='ocrx_word' id='word_1_494' title='bbox 2686 2606 3039 2674; x_wconf 83' lang='lat' dir='ltr'><strong>sermonibus</strong></span> <span class='ocrx_word' id='word_1_495' title='bbox 3062 2617 3246 2673; x_wconf 87' lang='lat' dir='ltr'><strong>valere</strong></span> <span class='ocrx_word' id='word_1_496' title='bbox 3262 2617 3460 2688; x_wconf 82' lang='lat' dir='ltr'><strong>jussis,</strong></span> <span class='ocrx_word' id='word_1_497' title='bbox 3483 2618 3552 2673; x_wconf 82' lang='lat' dir='ltr'><strong>ad</strong></span> <span class='ocrx_word' id='word_1_498' title='bbox 3578 2617 3732 2673; x_wconf 78' lang='lat' dir='ltr'><strong>deci~</strong></span> 
     </span>
    </p>
   </div>
   <div class='ocr_carea' id='block_1_69' title="bbox 2135 2705 3729 2775">
    <p class='ocr_par' dir='ltr' id='par_1_69' title="bbox 2135 2705 3729 2775">
     <span class='ocr_line' id='line_1_69' title="bbox 2135 2705 3729 2775; baseline -0.001 -12"><span class='ocrx_word' id='word_1_499' title='bbox 2135 2722 2283 2763; x_wconf 87' lang='lat' dir='ltr'><strong>mam</strong></span> <span class='ocrx_word' id='word_1_500' title='bbox 2334 2723 2539 2765; x_wconf 87' lang='lat' dir='ltr'><strong>nonam</strong></span> <span class='ocrx_word' id='word_1_501' title='bbox 2587 2705 2717 2764; x_wconf 80' lang='lat' dir='ltr'><strong>Julii</strong></span> <span class='ocrx_word' id='word_1_502' title='bbox 2770 2709 2997 2775; x_wconf 80' lang='lat' dir='ltr'><strong>mensis,</strong></span> <span class='ocrx_word' id='word_1_503' title='bbox 3054 2707 3356 2767; x_wconf 82' lang='lat' dir='ltr'><strong>indictione</strong></span> <span class='ocrx_word' id='word_1_504' title='bbox 3416 2707 3729 2772; x_wconf 84' lang='lat' dir='ltr'><strong>undecima,</strong></span> 
     </span>
    </p>
   </div>
   <div class='ocr_carea' id='block_1_70' title="bbox 2136 2800 3731 2875">
    <p class='ocr_par' dir='ltr' id='par_1_70' title="bbox 2136 2800 3731 2875">
     <span class='ocr_line' id='line_1_70' title="bbox 2136 2800 3731 2875; baseline -0.001 -17"><span class='ocrx_word' id='word_1_505' title='bbox 2136 2802 2346 2875; x_wconf 78' lang='lat' dir='ltr'><strong>ingenti</strong></span> <span class='ocrx_word' id='word_1_506' title='bbox 2385 2802 2653 2860; x_wconf 84' lang='lat' dir='ltr'><strong>adversus</strong></span> <span class='ocrx_word' id='word_1_507' title='bbox 2690 2800 3067 2873; x_wconf 84' lang='lat' dir='ltr'><strong>Nicephorum</strong></span> <span class='ocrx_word' id='word_1_508' title='bbox 3100 2804 3495 2872; x_wconf 84' lang='lat' dir='ltr'><strong>imperatorem</strong></span> <span class='ocrx_word' id='word_1_509' title='bbox 3539 2811 3731 2857; x_wconf 82' lang='lat' dir='ltr'><strong>coacto</strong></span> 
     </span>
    </p>
   </div>
   <div class='ocr_carea' id='block_1_71' title="bbox 2135 2891 3736 2967">
    <p class='ocr_par' dir='ltr' id='par_1_71' title="bbox 2135 2891 3736 2967">
     <span class='ocr_line' id='line_1_71' title="bbox 2135 2891 3736 2967; baseline -0.004 -14"><span class='ocrx_word' id='word_1_510' title='bbox 2135 2894 2408 2962; x_wconf 80' lang='lat' dir='ltr'><strong>exercitu,</strong></span> <span class='ocrx_word' id='word_1_511' title='bbox 2444 2908 2587 2967; x_wconf 87' lang='lat' dir='ltr'><strong>eque</strong></span> <span class='ocrx_word' id='word_1_512' title='bbox 2624 2894 2895 2965; x_wconf 77' lang='lat' dir='ltr'><strong>subjectis</strong></span> <span class='ocrx_word' id='word_1_513' title='bbox 2937 2893 3277 2949; x_wconf 76' lang='lat' dir='ltr'><strong>thematibus</strong></span> <span class='ocrx_word' id='word_1_514' title='bbox 3307 2893 3603 2950; x_wconf 81' lang='lat' dir='ltr'><strong>verborum</strong></span> <span class='ocrx_word' id='word_1_515' title='bbox 3654 2891 3736 2947; x_wconf 84' lang='lat' dir='ltr'><strong>le-</strong></span> 
     </span>
    </p>
   </div>
   <div class='ocr_carea' id='block_1_72' title="bbox 2139 2984 3736 3056">
    <p class='ocr_par' dir='ltr' id='par_1_72' title="bbox 2139 2984 3736 3056">
     <span class='ocr_line' id='line_1_72' title="bbox 2139 2984 3736 3056; baseline -0.002 -13"><span class='ocrx_word' id='word_1_516' title='bbox 2139 2987 2362 3044; x_wconf 88' lang='lat' dir='ltr'><strong>nocinio</strong></span> <span class='ocrx_word' id='word_1_517' title='bbox 2411 2997 2651 3056; x_wconf 87' lang='lat' dir='ltr'><strong>quatuor</strong></span> <span class='ocrx_word' id='word_1_518' title='bbox 2704 2987 2769 3043; x_wconf 89' lang='lat' dir='ltr'><strong>in</strong></span> <span class='ocrx_word' id='word_1_519' title='bbox 2798 2987 3133 3045; x_wconf 84' lang='lat' dir='ltr'><strong>sententiam</strong></span> <span class='ocrx_word' id='word_1_520' title='bbox 3180 2984 3496 3055; x_wconf 85' lang='lat' dir='ltr'><strong>pertractis,</strong></span> <span class='ocrx_word' id='word_1_521' title='bbox 3539 2984 3736 3040; x_wconf 81' lang='lat' dir='ltr'><strong>Arme-</strong></span> 
     </span>
    </p>
   </div>
   <div class='ocr_carea' id='block_1_73' title="bbox 2139 3075 3740 3150">
    <p class='ocr_par' dir='ltr' id='par_1_73' title="bbox 2139 3075 3740 3150">
     <span class='ocr_line' id='line_1_73' title="bbox 2139 3075 3740 3150; baseline -0.004 -13"><span class='ocrx_word' id='word_1_522' title='bbox 2139 3080 2249 3138; x_wconf 90' lang='lat' dir='ltr'><strong>niis</strong></span> <span class='ocrx_word' id='word_1_523' title='bbox 2293 3080 2564 3137; x_wconf 79' lang='lat' dir='ltr'><strong>duntaxat</strong></span> <span class='ocrx_word' id='word_1_524' title='bbox 2608 3080 2665 3135; x_wconf 89' lang='lat' dir='ltr'><strong>in</strong></span> <span class='ocrx_word' id='word_1_525' title='bbox 2720 3079 2827 3135; x_wconf 83' lang='lat' dir='ltr'><strong>fide</strong></span> <span class='ocrx_word' id='word_1_526' title='bbox 2878 3079 3256 3150; x_wconf 80' lang='lat' dir='ltr'><strong>perstantibus</strong></span> <span class='ocrx_word' id='word_1_527' title='bbox 3305 3078 3434 3147; x_wconf 89' lang='lat' dir='ltr'><strong>(nec</strong></span> <span class='ocrx_word' id='word_1_528' title='bbox 3478 3075 3651 3147; x_wconf 60' lang='lat' dir='ltr'><strong>enim:</strong></span> <span class='ocrx_word' id='word_1_529' title='bbox 3677 3084 3740 3131; x_wconf 89' lang='lat' dir='ltr'><strong>ut</strong></span> 
     </span>
    </p>
   </div>
   <div class='ocr_carea' id='block_1_74' title="bbox 2143 3167 3738 3241">
    <p class='ocr_par' dir='ltr' id='par_1_74' title="bbox 2143 3167 3738 3241">
     <span class='ocr_line' id='line_1_74' title="bbox 2143 3167 3738 3241; baseline -0.006 -13"><span class='ocrx_word' id='word_1_530' title='bbox 2143 3170 2418 3229; x_wconf 85' lang='lat' dir='ltr'><strong>Bardauio</strong></span> <span class='ocrx_word' id='word_1_531' title='bbox 2450 3185 2658 3227; x_wconf 91' lang='lat' dir='ltr'><strong>morem</strong></span> <span class='ocrx_word' id='word_1_532' title='bbox 2706 3179 2962 3241; x_wconf 75' lang='lat' dir='ltr'><strong>gererent</strong></span> <span class='ocrx_word' id='word_1_533' title='bbox 3014 3168 3201 3224; x_wconf 89' lang='lat' dir='ltr'><strong>induci</strong></span> <span class='ocrx_word' id='word_1_534' title='bbox 3254 3167 3598 3237; x_wconf 86' lang='lat' dir='ltr'><strong>potuerant),</strong></span> <span class='ocrx_word' id='word_1_535' title='bbox 3651 3180 3738 3225; x_wconf 46' lang='lat' dir='ltr'><strong>re,</strong></span> 
     </span>
    </p>
   </div>
   <div class='ocr_carea' id='block_1_75' title="bbox 2144 3257 3741 3330">
    <p class='ocr_par' dir='ltr' id='par_1_75' title="bbox 2144 3257 3741 3330">
     <span class='ocr_line' id='line_1_75' title="bbox 2144 3257 3741 3330; baseline -0.004 -11"><span class='ocrx_word' id='word_1_536' title='bbox 2144 3264 2442 3319; x_wconf 86' lang='lat' dir='ltr'><strong>bellionem</strong></span> <span class='ocrx_word' id='word_1_537' title='bbox 2467 3263 2704 3321; x_wconf 88' lang='lat' dir='ltr'><strong>orditur.</strong></span> <span class='ocrx_word' id='word_1_538' title='bbox 2742 3261 2876 3319; x_wconf 87' lang='lat' dir='ltr'><strong>Erat</strong></span> <span class='ocrx_word' id='word_1_539' title='bbox 2904 3276 3035 3317; x_wconf 87' lang='lat' dir='ltr'><strong>vero</strong></span> <span class='ocrx_word' id='word_1_540' title='bbox 3076 3260 3426 3330; x_wconf 82' lang='lat' dir='ltr'><strong>Nicephorus</strong></span> <span class='ocrx_word' id='word_1_541' title='bbox 3464 3268 3579 3313; x_wconf 84' lang='lat' dir='ltr'><strong>tum</strong></span> <span class='ocrx_word' id='word_1_542' title='bbox 3607 3257 3741 3313; x_wconf 78' lang='lat' dir='ltr'><strong>sub-</strong></span> 
     </span>
    </p>
   </div>
   <div class='ocr_carea' id='block_1_76' title="bbox 2144 3351 3740 3429">
    <p class='ocr_par' dir='ltr' id='par_1_76' title="bbox 2144 3351 3740 3429">
     <span class='ocr_line' id='line_1_76' title="bbox 2144 3351 3740 3429; baseline -0.004 -18"><span class='ocrx_word' id='word_1_543' title='bbox 2144 3356 2273 3413; x_wconf 90' lang='lat' dir='ltr'><strong>ditis</strong></span> <span class='ocrx_word' id='word_1_544' title='bbox 2316 3371 2546 3421; x_wconf 83' lang='lat' dir='ltr'><strong>exosus.</strong></span> <span class='ocrx_word' id='word_1_545' title='bbox 2597 3356 2746 3427; x_wconf 92' lang='lat' dir='ltr'><strong>quod</strong></span> <span class='ocrx_word' id='word_1_546' title='bbox 2798 3355 3152 3429; x_wconf 86' lang='lat' dir='ltr'><strong>publicorum</strong></span> <span class='ocrx_word' id='word_1_547' title='bbox 3206 3351 3555 3424; x_wconf 75' lang='lat' dir='ltr'><strong>vectigalium</strong></span> <span class='ocrx_word' id='word_1_548' title='bbox 3582 3351 3740 3423; x_wconf 74' lang='lat' dir='ltr'><strong>gravi</strong></span> 
     </span>
    </p>
   </div>
   <div class='ocr_carea' id='block_1_77' title="bbox 2146 3448 3741 3521">
    <p class='ocr_par' dir='ltr' id='par_1_77' title="bbox 2146 3448 3741 3521">
     <span class='ocr_line' id='line_1_77' title="bbox 2146 3448 3741 3521; baseline -0.003 -16"><span class='ocrx_word' id='word_1_549' title='bbox 2146 3463 2316 3505; x_wconf 87' lang='lat' dir='ltr'><strong>onere</strong></span> <span class='ocrx_word' id='word_1_550' title='bbox 2361 3463 2460 3508; x_wconf 88' lang='lat' dir='ltr'><strong>eos</strong></span> <span class='ocrx_word' id='word_1_551' title='bbox 2513 3450 2875 3521; x_wconf 86' lang='lat' dir='ltr'><strong>opprimeret.</strong></span> <span class='ocrx_word' id='word_1_552' title='bbox 2929 3448 3067 3506; x_wconf 89' lang='lat' dir='ltr'><strong>Hinc</strong></span> <span class='ocrx_word' id='word_1_553' title='bbox 3118 3448 3506 3504; x_wconf 82' lang='lat' dir='ltr'><strong>novandarum</strong></span> <span class='ocrx_word' id='word_1_554' title='bbox 3556 3461 3741 3501; x_wconf 88' lang='lat' dir='ltr'><strong>rerum</strong></span> 
     </span>
    </p>
   </div>
   <div class='ocr_carea' id='block_1_78' title="bbox 2147 3537 3743 3611">
    <p class='ocr_par' dir='ltr' id='par_1_78' title="bbox 2147 3537 3743 3611">
     <span class='ocr_line' id='line_1_78' title="bbox 2147 3537 3743 3611; baseline -0.003 -16"><span class='ocrx_word' id='word_1_555' title='bbox 2147 3555 2284 3597; x_wconf 87' lang='lat' dir='ltr'><strong>ansa</strong></span> <span class='ocrx_word' id='word_1_556' title='bbox 2313 3541 2565 3611; x_wconf 85' lang='lat' dir='ltr'><strong>quaedam</strong></span> <span class='ocrx_word' id='word_1_557' title='bbox 2591 3552 2647 3597; x_wconf 91' lang='lat' dir='ltr'><strong>et</strong></span> <span class='ocrx_word' id='word_1_558' title='bbox 2683 3540 2909 3596; x_wconf 85' lang='lat' dir='ltr'><strong>occasio</strong></span> <span class='ocrx_word' id='word_1_559' title='bbox 2938 3538 3063 3606; x_wconf 89' lang='lat' dir='ltr'><strong>fuit;</strong></span> <span class='ocrx_word' id='word_1_560' title='bbox 3117 3539 3213 3595; x_wconf 84' lang='lat' dir='ltr'><strong>sed</strong></span> <span class='ocrx_word' id='word_1_561' title='bbox 3248 3550 3303 3594; x_wconf 90' lang='lat' dir='ltr'><strong>et</strong></span> <span class='ocrx_word' id='word_1_562' title='bbox 3344 3537 3449 3592; x_wconf 86' lang='lat' dir='ltr'><strong>alia</strong></span> <span class='ocrx_word' id='word_1_563' title='bbox 3488 3537 3743 3605; x_wconf 57' lang='lat' dir='ltr'><strong>quadam</strong></span> 
     </span>
    </p>
   </div>
   <div class='ocr_carea' id='block_1_79' title="bbox 2150 3630 3744 3692">
    <p class='ocr_par' dir='ltr' id='par_1_79' title="bbox 2150 3630 3744 3692">
     <span class='ocr_line' id='line_1_79' title="bbox 2150 3630 3744 3692; baseline -0.003 -3"><span class='ocrx_word' id='word_1_564' title='bbox 2150 3634 2281 3691; x_wconf 88' lang='lat' dir='ltr'><strong>huic</strong></span> <span class='ocrx_word' id='word_1_565' title='bbox 2314 3649 2481 3692; x_wconf 83' lang='lat' dir='ltr'><strong>causa</strong></span> <span class='ocrx_word' id='word_1_566' title='bbox 2510 3635 2762 3690; x_wconf 90' lang='lat' dir='ltr'><strong>accessit.</strong></span> <span class='ocrx_word' id='word_1_567' title='bbox 2794 3631 2933 3689; x_wconf 83' lang='lat' dir='ltr'><strong>Nam</strong></span> <span class='ocrx_word' id='word_1_568' title='bbox 2978 3649 3105 3689; x_wconf 90' lang='lat' dir='ltr'><strong>cum</strong></span> <span class='ocrx_word' id='word_1_569' title='bbox 3140 3630 3449 3687; x_wconf 85' lang='lat' dir='ltr'><strong>Bardanius</strong></span> <span class='ocrx_word' id='word_1_570' title='bbox 3477 3632 3744 3688; x_wconf 81' lang='lat' dir='ltr'><strong>adversus</strong></span> 
     </span>
    </p>
   </div>
   <div class='ocr_carea' id='block_1_80' title="bbox 2149 3726 3744 3801">
    <p class='ocr_par' dir='ltr' id='par_1_80' title="bbox 2149 3726 3744 3801">
     <span class='ocr_line' id='line_1_80' title="bbox 2149 3726 3744 3801; baseline -0.006 -14"><span class='ocrx_word' id='word_1_571' title='bbox 2149 3731 2440 3801; x_wconf 80' lang='lat' dir='ltr'><strong>Agarenos</strong></span> <span class='ocrx_word' id='word_1_572' title='bbox 2457 3744 2577 3785; x_wconf 82' lang='lat' dir='ltr'><strong>rem</strong></span> <span class='ocrx_word' id='word_1_573' title='bbox 2617 3729 2854 3787; x_wconf 81' lang='lat' dir='ltr'><strong>feliciter</strong></span> <span class='ocrx_word' id='word_1_574' title='bbox 2893 3728 3177 3801; x_wconf 80' lang='lat' dir='ltr'><strong>gessisset,</strong></span> <span class='ocrx_word' id='word_1_575' title='bbox 3220 3726 3597 3798; x_wconf 68' lang='lat' dir='ltr'><strong>praedamque,</strong></span> <span class='ocrx_word' id='word_1_576' title='bbox 3634 3739 3744 3793; x_wconf 82' lang='lat' dir='ltr'><strong>qua</strong></span> 
     </span>
    </p>
   </div>
   <div class='ocr_carea' id='block_1_81' title="bbox 2151 3819 3747 3895">
    <p class='ocr_par' dir='ltr' id='par_1_81' title="bbox 2151 3819 3747 3895">
     <span class='ocr_line' id='line_1_81' title="bbox 2151 3819 3747 3895; baseline -0.004 -16"><span class='ocrx_word' id='word_1_577' title='bbox 2151 3825 2360 3895; x_wconf 89' lang='lat' dir='ltr'><strong>potitus</strong></span> <span class='ocrx_word' id='word_1_578' title='bbox 2390 3833 2529 3891; x_wconf 85' lang='lat' dir='ltr'><strong>erat,</strong></span> <span class='ocrx_word' id='word_1_579' title='bbox 2572 3824 2871 3880; x_wconf 83' lang='lat' dir='ltr'><strong>maximam</strong></span> <span class='ocrx_word' id='word_1_580' title='bbox 2908 3823 3228 3894; x_wconf 64' lang='lat' dir='ltr'><strong>aequissime</strong></span> <span class='ocrx_word' id='word_1_581' title='bbox 3252 3821 3395 3878; x_wconf 87' lang='lat' dir='ltr'><strong>inter</strong></span> <span class='ocrx_word' id='word_1_582' title='bbox 3430 3820 3632 3875; x_wconf 86' lang='lat' dir='ltr'><strong>milites</strong></span> <span class='ocrx_word' id='word_1_583' title='bbox 3661 3819 3747 3874; x_wconf 81' lang='lat' dir='ltr'><strong>di-</strong></span> 
     </span>
    </p>
   </div>
   <div class='ocr_carea' id='block_1_82' title="bbox 2151 3911 3751 3989">
    <p class='ocr_par' dir='ltr' id='par_1_82' title="bbox 2151 3911 3751 3989">
     <span class='ocr_line' id='line_1_82' title="bbox 2151 3911 3751 3989; baseline -0.003 -18"><span class='ocrx_word' id='word_1_584' title='bbox 2151 3916 2395 3984; x_wconf 89' lang='lat' dir='ltr'><strong>visisset,</strong></span> <span class='ocrx_word' id='word_1_585' title='bbox 2423 3916 2573 3973; x_wconf 85' lang='lat' dir='ltr'><strong>nulla</strong></span> <span class='ocrx_word' id='word_1_586' title='bbox 2613 3932 2979 3989; x_wconf 85' lang='lat' dir='ltr'><strong>personarum</strong></span> <span class='ocrx_word' id='word_1_587' title='bbox 3012 3916 3250 3980; x_wconf 83' lang='lat' dir='ltr'><strong>ratione,</strong></span> <span class='ocrx_word' id='word_1_588' title='bbox 3288 3913 3387 3971; x_wconf 84' lang='lat' dir='ltr'><strong>sed</strong></span> <span class='ocrx_word' id='word_1_589' title='bbox 3423 3927 3523 3983; x_wconf 82' lang='lat' dir='ltr'><strong>pro</strong></span> <span class='ocrx_word' id='word_1_590' title='bbox 3554 3911 3751 3968; x_wconf 86' lang='lat' dir='ltr'><strong>merito</strong></span> 
     </span>
    </p>
   </div>
   <div class='ocr_carea' id='block_1_83' title="bbox 2153 4006 3749 4081">
    <p class='ocr_par' dir='ltr' id='par_1_83' title="bbox 2153 4006 3749 4081">
     <span class='ocr_line' id='line_1_83' title="bbox 2153 4006 3749 4081; baseline -0.004 -14"><span class='ocrx_word' id='word_1_591' title='bbox 2153 4024 2346 4067; x_wconf 85' lang='lat' dir='ltr'><strong>eorum</strong></span> <span class='ocrx_word' id='word_1_592' title='bbox 2371 4010 2469 4081; x_wconf 87' lang='lat' dir='ltr'><strong>qui</strong></span> <span class='ocrx_word' id='word_1_593' title='bbox 2501 4020 2889 4081; x_wconf 76' lang='lat' dir='ltr'><strong>pugnaverant</strong></span> <span class='ocrx_word' id='word_1_594' title='bbox 2914 4009 3148 4080; x_wconf 65' lang='lat' dir='ltr'><strong>largitus</strong></span> <span class='ocrx_word' id='word_1_595' title='bbox 3168 4008 3226 4081; x_wconf 73' lang='grc' dir='ltr'><strong>ο</strong></span> <span class='ocrx_word' id='word_1_596' title='bbox 3250 4006 3504 4077; x_wconf 67' lang='lat' dir='ltr'><strong>praemia,</strong></span> <span class='ocrx_word' id='word_1_597' title='bbox 3541 4013 3749 4061; x_wconf 82' lang='lat' dir='ltr'><strong>tantam</strong></span> 
     </span>
    </p>
   </div>
   <div class='ocr_carea' id='block_1_84' title="bbox 2155 4098 3756 4173">
    <p class='ocr_par' dir='ltr' id='par_1_84' title="bbox 2155 4098 3756 4173">
     <span class='ocr_line' id='line_1_84' title="bbox 2155 4098 3756 4173; baseline -0.007 -10"><span class='ocrx_word' id='word_1_598' title='bbox 2155 4104 2430 4163; x_wconf 79' lang='lat' dir='ltr'><strong>exercitus</strong></span> <span class='ocrx_word' id='word_1_599' title='bbox 2461 4104 2647 4160; x_wconf 88' lang='lat' dir='ltr'><strong>omnis</strong></span> <span class='ocrx_word' id='word_1_600' title='bbox 2697 4103 2822 4158; x_wconf 82' lang='lat' dir='ltr'><strong>iniit</strong></span> <span class='ocrx_word' id='word_1_601' title='bbox 2849 4101 3107 4173; x_wconf 71' lang='lat' dir='ltr'><strong>gratiam,</strong></span> <span class='ocrx_word' id='word_1_602' title='bbox 3161 4108 3223 4154; x_wconf 91' lang='lat' dir='ltr'><strong>ut</strong></span> <span class='ocrx_word' id='word_1_603' title='bbox 3263 4109 3319 4154; x_wconf 77' lang='lat' dir='ltr'><strong>et</strong></span> <span class='ocrx_word' id='word_1_604' title='bbox 3368 4098 3599 4168; x_wconf 74' lang='lat' dir='ltr'><strong>dignum</strong></span> <span class='ocrx_word' id='word_1_605' title='bbox 3648 4113 3756 4166; x_wconf 79' lang='lat' dir='ltr'><strong>pu—</strong></span> 
     </span>
    </p>
   </div>
   <div class='ocr_carea' id='block_1_85' title="bbox 2157 4192 3758 4269">
    <p class='ocr_par' dir='ltr' id='par_1_85' title="bbox 2157 4192 3758 4269">
     <span class='ocr_line' id='line_1_85' title="bbox 2157 4192 3758 4269; baseline -0.008 -13"><span class='ocrx_word' id='word_1_606' title='bbox 2157 4198 2396 4256; x_wconf 86' lang='lat' dir='ltr'><strong>taverint</strong></span> <span class='ocrx_word' id='word_1_607' title='bbox 2446 4196 2542 4267; x_wconf 92' lang='lat' dir='ltr'><strong>qui</strong></span> <span class='ocrx_word' id='word_1_608' title='bbox 2596 4196 2824 4269; x_wconf 86' lang='lat' dir='ltr'><strong>imperio</strong></span> <span class='ocrx_word' id='word_1_609' title='bbox 2866 4196 3156 4263; x_wconf 78' lang='lat' dir='ltr'><strong>potiretur.</strong></span> <span class='ocrx_word' id='word_1_610' title='bbox 3211 4192 3464 4262; x_wconf 74' lang='lat' dir='ltr'><strong>Illincque</strong></span> <span class='ocrx_word' id='word_1_611' title='bbox 3495 4192 3634 4245; x_wconf 84' lang='lat' dir='ltr'><strong>adeo</strong></span> <span class='ocrx_word' id='word_1_612' title='bbox 3665 4206 3758 4259; x_wconf 81' lang='lat' dir='ltr'><strong>pu-</strong></span> 
     </span>
    </p>
   </div>
   <div class='ocr_carea' id='block_1_86' title="bbox 2160 4281 3759 4363">
    <p class='ocr_par' dir='ltr' id='par_1_86' title="bbox 2160 4281 3759 4363">
     <span class='ocr_line' id='line_1_86' title="bbox 2160 4281 3759 4363; baseline -0.01 -12"><span class='ocrx_word' id='word_1_613' title='bbox 2160 4292 2304 4351; x_wconf 84' lang='lat' dir='ltr'><strong>blice</strong></span> <span class='ocrx_word' id='word_1_614' title='bbox 2354 4289 2656 4363; x_wconf 83' lang='lat' dir='ltr'><strong>imperator</strong></span> <span class='ocrx_word' id='word_1_615' title='bbox 2706 4287 3107 4361; x_wconf 78' lang='lat' dir='ltr'><strong>proclamatus,</strong></span> <span class='ocrx_word' id='word_1_616' title='bbox 3163 4282 3459 4355; x_wconf 85' lang='lat' dir='ltr'><strong>pluresque</strong></span> <span class='ocrx_word' id='word_1_617' title='bbox 3486 4282 3625 4338; x_wconf 85' lang='lat' dir='ltr'><strong>alios</strong></span> <span class='ocrx_word' id='word_1_618' title='bbox 3659 4281 3759 4336; x_wconf 87' lang='lat' dir='ltr'><strong>ho-</strong></span> 
     </span>
    </p>
   </div>
   <div class='ocr_carea' id='block_1_87' title="bbox 2162 4372 3760 4462">
    <p class='ocr_par' dir='ltr' id='par_1_87' title="bbox 2162 4372 3760 4462">
     <span class='ocr_line' id='line_1_87' title="bbox 2162 4372 3760 4462; baseline -0.01 -22"><span class='ocrx_word' id='word_1_619' title='bbox 2162 4397 2330 4440; x_wconf 90' lang='lat' dir='ltr'><strong>nores</strong></span> <span class='ocrx_word' id='word_1_620' title='bbox 2385 4395 2452 4437; x_wconf 89' lang='lat' dir='ltr'><strong>ac</strong></span> <span class='ocrx_word' id='word_1_621' title='bbox 2514 4379 2743 4462; x_wconf 79' lang='lat' dir='ltr'><strong>praemia</strong></span> <span class='ocrx_word' id='word_1_622' title='bbox 2810 4376 2998 4449; x_wconf 82' lang='lat' dir='ltr'><strong>p0puli</strong></span> <span class='ocrx_word' id='word_1_623' title='bbox 3067 4375 3125 4430; x_wconf 83' lang='lat' dir='ltr'><strong>in</strong></span> <span class='ocrx_word' id='word_1_624' title='bbox 3184 4389 3312 4433; x_wconf 92' lang='lat' dir='ltr'><strong>eum</strong></span> <span class='ocrx_word' id='word_1_625' title='bbox 3365 4372 3570 4431; x_wconf 82' lang='lat' dir='ltr'><strong>studiis</strong></span> <span class='ocrx_word' id='word_1_626' title='bbox 3624 4385 3760 4426; x_wconf 91' lang='lat' dir='ltr'><strong>con-</strong></span> 
     </span>
    </p>
   </div>
   <div class='ocr_carea' id='block_1_88' title="bbox 2164 4460 3758 4538">
    <p class='ocr_par' dir='ltr' id='par_1_88' title="bbox 2164 4460 3758 4538">
     <span class='ocr_line' id='line_1_88' title="bbox 2164 4460 3758 4538; baseline -0.011 -10"><span class='ocrx_word' id='word_1_627' title='bbox 2164 4479 2416 4537; x_wconf 89' lang='lat' dir='ltr'><strong>secutus,</strong></span> <span class='ocrx_word' id='word_1_628' title='bbox 2478 4478 2540 4525; x_wconf 91' lang='lat' dir='ltr'><strong>ut</strong></span> <span class='ocrx_word' id='word_1_629' title='bbox 2587 4460 2656 4525; x_wconf 78' lang='lat' dir='ltr'><strong>et</strong></span> <span class='ocrx_word' id='word_1_630' title='bbox 2693 4466 2957 4538; x_wconf 88' lang='lat' dir='ltr'><strong>templum</strong></span> <span class='ocrx_word' id='word_1_631' title='bbox 3013 4464 3135 4535; x_wconf 83' lang='lat' dir='ltr'><strong>ejus</strong></span> <span class='ocrx_word' id='word_1_632' title='bbox 3190 4460 3417 4519; x_wconf 88' lang='lat' dir='ltr'><strong>nomine</strong></span> <span class='ocrx_word' id='word_1_633' title='bbox 3456 4460 3758 4524; x_wconf 79' lang='lat' dir='ltr'><strong>erexerint,</strong></span> 
     </span>
    </p>
   </div>
   <div class='ocr_carea' id='block_1_89' title="bbox 466 4546 2035 4651">
    <p class='ocr_par' dir='ltr' id='par_1_89' title="bbox 466 4559 2035 4636">
     <span class='ocr_line' id='line_1_89' title="bbox 466 4559 2035 4636; baseline 0.006 -27"><span class='ocrx_word' id='word_1_634' title='bbox 466 4559 830 4628; x_wconf 78' lang='grc' dir='ltr'>στρατεύσας,</span> <span class='ocrx_word' id='word_1_635' title='bbox 858 4564 958 4616; x_wconf 74' lang='grc' dir='ltr'><strong>καὶ</strong></span> <span class='ocrx_word' id='word_1_636' title='bbox 986 4563 1230 4636; x_wconf 78' lang='grc' dir='ltr'>περὶτοῦ</span> <span class='ocrx_word' id='word_1_637' title='bbox 1285 4562 1574 4635; x_wconf 74' lang='grc' dir='ltr'>μέλλοντος</span> <span class='ocrx_word' id='word_1_638' title='bbox 1601 4562 1865 4618; x_wconf 87' lang='grc' dir='ltr'>δύσελπιν</span> <span class='ocrx_word' id='word_1_639' title='bbox 1896 4567 2035 4634; x_wconf 81' lang='grc' dir='ltr'>ποιή·</span> 
     </span>
    </p>
   </div>
   <div class='ocr_carea' id='block_1_90' title="bbox 2138 4546 3761 4651">
    <p class='ocr_par' dir='ltr' id='par_1_90' title="bbox 2167 4546 3761 4617">
     <span class='ocr_line' id='line_1_90' title="bbox 2167 4546 3761 4617; baseline -0.009 0"><span class='ocrx_word' id='word_1_640' title='bbox 2167 4559 2547 4617; x_wconf 79' lang='lat' dir='ltr'><strong>Nicomediam</strong></span> <span class='ocrx_word' id='word_1_641' title='bbox 2579 4572 2773 4613; x_wconf 86' lang='lat' dir='ltr'><strong>versus</strong></span> <span class='ocrx_word' id='word_1_642' title='bbox 2802 4556 2907 4613; x_wconf 91' lang='lat' dir='ltr'><strong>iter</strong></span> <span class='ocrx_word' id='word_1_643' title='bbox 2925 4552 3230 4610; x_wconf 85' lang='lat' dir='ltr'><strong>contendit.</strong></span> <span class='ocrx_word' id='word_1_644' title='bbox 3264 4550 3465 4607; x_wconf 80' lang='lat' dir='ltr'><strong>Verum</strong></span> <span class='ocrx_word' id='word_1_645' title='bbox 3502 4564 3629 4606; x_wconf 89' lang='lat' dir='ltr'><strong>cum</strong></span> <span class='ocrx_word' id='word_1_646' title='bbox 3664 4546 3761 4603; x_wconf 76' lang='lat' dir='ltr'><strong>Ni-</strong></span> 
     </span>
    </p>
   </div>
   <div class='ocr_carea' id='block_1_91' title="bbox 469 4652 2063 4730">
    <p class='ocr_par' dir='ltr' id='par_1_91' title="bbox 469 4652 2063 4730">
     <span class='ocr_line' id='line_1_91' title="bbox 469 4652 2063 4730; baseline 0.006 -26"><span class='ocrx_word' id='word_1_647' title='bbox 469 4652 742 4715; x_wconf 77' lang='grc' dir='ltr'>σαςαὺτὸν</span> <span class='ocrx_word' id='word_1_648' title='bbox 765 4653 845 4726; x_wconf 80' lang='grc' dir='ltr'>τῷ</span> <span class='ocrx_word' id='word_1_649' title='bbox 871 4655 1069 4730; x_wconf 86' lang='grc' dir='ltr'>πλήθει</span> <span class='ocrx_word' id='word_1_650' title='bbox 1088 4656 1200 4713; x_wconf 89' lang='grc' dir='ltr'><strong>τῶν</strong></span> <span class='ocrx_word' id='word_1_651' title='bbox 1220 4657 1873 4729; x_wconf 81' lang='grc' dir='ltr'>ὰντιπαραταττομένων,</span> <span class='ocrx_word' id='word_1_652' title='bbox 1908 4657 2063 4713; x_wconf 80' lang='grc' dir='ltr'>ἔπει-</span> 
     </span>
    </p>
   </div>
   <div class='ocr_carea' id='block_1_92' title="bbox 2172 4638 3764 4720">
    <p class='ocr_par' dir='ltr' id='par_1_92' title="bbox 2172 4638 3764 4720">
     <span class='ocr_line' id='line_1_92' title="bbox 2172 4638 3764 4720; baseline -0.008 -15"><span class='ocrx_word' id='word_1_653' title='bbox 2172 4648 2450 4720; x_wconf 87' lang='lat' dir='ltr'><strong>cephorus</strong></span> <span class='ocrx_word' id='word_1_654' title='bbox 2488 4647 2794 4716; x_wconf 87' lang='lat' dir='ltr'><strong>imperator</strong></span> <span class='ocrx_word' id='word_1_655' title='bbox 2842 4642 3103 4698; x_wconf 90' lang='lat' dir='ltr'><strong>idoneum</strong></span> <span class='ocrx_word' id='word_1_656' title='bbox 3140 4655 3239 4697; x_wconf 90' lang='lat' dir='ltr'><strong>nec</strong></span> <span class='ocrx_word' id='word_1_657' title='bbox 3274 4639 3552 4695; x_wconf 80' lang='lat' dir='ltr'><strong>ullatenus</strong></span> <span class='ocrx_word' id='word_1_658' title='bbox 3586 4638 3764 4707; x_wconf 84' lang='lat' dir='ltr'><strong>impa-</strong></span> 
     </span>
    </p>
   </div>
   <div class='ocr_carea' id='block_1_93' title="bbox 434 4731 2035 4829">
    <p class='ocr_par' dir='ltr' id='par_1_93' title="bbox 434 4751 2035 4829">
     <span class='ocr_line' id='line_1_93' title="bbox 434 4751 2035 4829; baseline 0.006 -27"><span class='ocrx_word' id='word_1_659' title='bbox 434 4752 559 4803; x_wconf 81' lang='grc' dir='ltr'>’σεν</span> <span class='ocrx_word' id='word_1_660' title='bbox 616 4751 788 4807; x_wconf 77' lang='grc' dir='ltr'>αὐτὸν</span> <span class='ocrx_word' id='word_1_661' title='bbox 858 4755 1198 4829; x_wconf 84' lang='grc' dir='ltr'>συγγνώμην</span> <span class='ocrx_word' id='word_1_662' title='bbox 1280 4754 1573 4828; x_wconf 82' lang='grc' dir='ltr'>φθάσαντα</span> <span class='ocrx_word' id='word_1_663' title='bbox 1638 4756 2035 4827; x_wconf 74' lang='grc' dir='ltr'>ἐξαιτήσασθαι</span> 
     </span>
    </p>
   </div>
   <div class='ocr_carea' id='block_1_94' title="bbox 2138 4731 3766 4829">
    <p class='ocr_par' dir='ltr' id='par_1_94' title="bbox 2172 4731 3766 4802">
     <span class='ocr_line' id='line_1_94' title="bbox 2172 4731 3766 4802; baseline -0.009 -4"><span class='ocrx_word' id='word_1_664' title='bbox 2172 4759 2290 4798; x_wconf 90' lang='lat' dir='ltr'><strong>rem</strong></span> <span class='ocrx_word' id='word_1_665' title='bbox 2322 4740 2626 4799; x_wconf 85' lang='lat' dir='ltr'><strong>exercitum</strong></span> <span class='ocrx_word' id='word_1_666' title='bbox 2658 4738 2714 4793; x_wconf 93' lang='lat' dir='ltr'><strong>in</strong></span> <span class='ocrx_word' id='word_1_667' title='bbox 2735 4752 2863 4794; x_wconf 90' lang='lat' dir='ltr'><strong>eum</strong></span> <span class='ocrx_word' id='word_1_668' title='bbox 2888 4735 3196 4802; x_wconf 83' lang='lat' dir='ltr'><strong>eduxisset,</strong></span> <span class='ocrx_word' id='word_1_669' title='bbox 3230 4742 3286 4789; x_wconf 92' lang='lat' dir='ltr'><strong>et</strong></span> <span class='ocrx_word' id='word_1_670' title='bbox 3307 4732 3542 4799; x_wconf 88' lang='lat' dir='ltr'><strong>militum</strong></span> <span class='ocrx_word' id='word_1_671' title='bbox 3575 4731 3766 4786; x_wconf 86' lang='lat' dir='ltr'><strong>multi-</strong></span> 
     </span>
    </p>
   </div>
   <div class='ocr_carea' id='block_1_95' title="bbox 468 4844 2067 4925">
    <p class='ocr_par' dir='ltr' id='par_1_95' title="bbox 468 4844 2067 4925">
     <span class='ocr_line' id='line_1_95' title="bbox 468 4844 2067 4925; baseline 0.007 -29"><span class='ocrx_word' id='word_1_672' title='bbox 468 4844 633 4915; x_wconf 84' lang='grc' dir='ltr'>Ἀρτι</span> <span class='ocrx_word' id='word_1_673' title='bbox 664 4847 769 4917; x_wconf 79' lang='grc' dir='ltr'>μὲν</span> <span class='ocrx_word' id='word_1_674' title='bbox 797 4848 909 4919; x_wconf 83' lang='grc' dir='ltr'>γὰρ</span> <span class='ocrx_word' id='word_1_675' title='bbox 936 4851 1112 4916; x_wconf 81' lang='grc' dir='ltr'>Λέων,</span> <span class='ocrx_word' id='word_1_676' title='bbox 1144 4850 1270 4924; x_wconf 76' lang='grc' dir='ltr'>ἄρτι</span> <span class='ocrx_word' id='word_1_677' title='bbox 1299 4849 1359 4905; x_wconf 84' lang='grc' dir='ltr'>δὲ</span> <span class='ocrx_word' id='word_1_678' title='bbox 1386 4849 1481 4905; x_wconf 75' lang='grc' dir='ltr'>καὶ</span> <span class='ocrx_word' id='word_1_679' title='bbox 1507 4850 1733 4923; x_wconf 81' lang='grc' dir='ltr'>Μιχαὴλ</span> <span class='ocrx_word' id='word_1_680' title='bbox 1754 4851 2067 4925; x_wconf 78' lang='grc' dir='ltr'>ἀπορρυέν-</span> 
     </span>
    </p>
   </div>
   <div class='ocr_carea' id='block_1_96' title="bbox 2172 4822 3764 4909">
    <p class='ocr_par' dir='ltr' id='par_1_96' title="bbox 2172 4822 3764 4909">
     <span class='ocr_line' id='line_1_96' title="bbox 2172 4822 3764 4909; baseline -0.011 -16"><span class='ocrx_word' id='word_1_681' title='bbox 2172 4837 2367 4893; x_wconf 86' lang='lat' dir='ltr'><strong>tudine</strong></span> <span class='ocrx_word' id='word_1_682' title='bbox 2396 4833 2713 4909; x_wconf 78' lang='lat' dir='ltr'><strong>perculsum</strong></span> <span class='ocrx_word' id='word_1_683' title='bbox 2745 4830 2814 4887; x_wconf 89' lang='lat' dir='ltr'><strong>de</strong></span> <span class='ocrx_word' id='word_1_684' title='bbox 2845 4841 3045 4889; x_wconf 88' lang='lat' dir='ltr'><strong>eventu</strong></span> <span class='ocrx_word' id='word_1_685' title='bbox 3069 4828 3193 4884; x_wconf 89' lang='lat' dir='ltr'><strong>belli</strong></span> <span class='ocrx_word' id='word_1_686' title='bbox 3221 4826 3516 4897; x_wconf 83' lang='lat' dir='ltr'><strong>desperare</strong></span> <span class='ocrx_word' id='word_1_687' title='bbox 3547 4822 3764 4893; x_wconf 78' lang='lat' dir='ltr'><strong>coegis-</strong></span> 
     </span>
    </p>
   </div>
   <div class='ocr_carea' id='block_1_97' title="bbox 464 4910 2035 5017">
    <p class='ocr_par' dir='ltr' id='par_1_97' title="bbox 464 4910 2035 5017">
     <span class='ocr_line' id='line_1_97' title="bbox 464 4910 2035 5017; baseline 0.006 -26"><span class='ocrx_word' id='word_1_688' title='bbox 464 4910 560 5003; x_wconf 76' lang='grc' dir='ltr'><strong>τες</strong></span> <span class='ocrx_word' id='word_1_689' title='bbox 594 4910 733 5012; x_wconf 64' lang='grc' dir='ltr'>πρὸς</span> <span class='ocrx_word' id='word_1_690' title='bbox 765 4910 1016 5014; x_wconf 66' lang='grc' dir='ltr'>βασίλέα,</span> <span class='ocrx_word' id='word_1_691' title='bbox 1048 4910 1213 5000; x_wconf 69' lang='grc' dir='ltr'>ἆθλον</span> <span class='ocrx_word' id='word_1_692' title='bbox 1259 4946 1288 5000; x_wconf 92' lang='grc' dir='ltr'><strong>ό</strong></span> <span class='ocrx_word' id='word_1_693' title='bbox 1320 4945 1422 5017; x_wconf 75' lang='grc' dir='ltr'><strong>μὲν</strong></span> <span class='ocrx_word' id='word_1_694' title='bbox 1457 4944 1558 5017; x_wconf 85' lang='grc' dir='ltr'>τὴν</span> <span class='ocrx_word' id='word_1_695' title='bbox 1587 4910 1926 5016; x_wconf 63' lang='grc' dir='ltr'>φοιδεράτων</span> <span class='ocrx_word' id='word_1_696' title='bbox 1966 4962 2035 5000; x_wconf 89' lang='grc' dir='ltr'><strong>κα</strong></span> 
     </span>
    </p>
   </div>
   <div class='ocr_carea' id='block_1_98' title="bbox 2138 4910 3766 5017">
    <p class='ocr_par' dir='ltr' id='par_1_98' title="bbox 2174 4910 3766 4998">
     <span class='ocr_line' id='line_1_98' title="bbox 2174 4910 3766 4998; baseline -0.013 -14"><span class='ocrx_word' id='word_1_697' title='bbox 2174 4937 2279 4993; x_wconf 85' lang='lat' dir='ltr'><strong>set,</strong></span> <span class='ocrx_word' id='word_1_698' title='bbox 2324 4923 2602 4998; x_wconf 86' lang='lat' dir='ltr'><strong>persuasit</strong></span> <span class='ocrx_word' id='word_1_699' title='bbox 2651 4922 2729 4980; x_wconf 89' lang='lat' dir='ltr'><strong>illi</strong></span> <span class='ocrx_word' id='word_1_700' title='bbox 2784 4928 2847 4976; x_wconf 91' lang='lat' dir='ltr'><strong>ut</strong></span> <span class='ocrx_word' id='word_1_701' title='bbox 2893 4919 3045 4991; x_wconf 89' lang='lat' dir='ltr'><strong>prior</strong></span> <span class='ocrx_word' id='word_1_702' title='bbox 3093 4916 3312 4973; x_wconf 86' lang='lat' dir='ltr'><strong>veniam</strong></span> <span class='ocrx_word' id='word_1_703' title='bbox 3357 4922 3586 4986; x_wconf 89' lang='lat' dir='ltr'><strong>peteret.</strong></span> <span class='ocrx_word' id='word_1_704' title='bbox 3644 4910 3766 4965; x_wconf 81' lang='lat' dir='ltr'><strong>Jam</strong></span> 
     </span>
    </p>
   </div>
   <div class='ocr_carea' id='block_1_99' title="bbox 467 5008 2035 5109">
    <p class='ocr_par' dir='ltr' id='par_1_99' title="bbox 467 5008 1993 5109">
     <span class='ocr_line' id='line_1_99' title="bbox 467 5008 1993 5109; baseline 0.004 -24"><span class='ocrx_word' id='word_1_705' title='bbox 467 5008 777 5103; x_wconf 54' lang='grc' dir='ltr'>βασιλίκδν</span> <span class='ocrx_word' id='word_1_706' title='bbox 798 5028 950 5092; x_wconf 75' lang='grc' dir='ltr'>οἷκον</span> <span class='ocrx_word' id='word_1_707' title='bbox 994 5008 1089 5091; x_wconf 81' lang='grc' dir='ltr'>τοῦ</span> <span class='ocrx_word' id='word_1_708' title='bbox 1118 5008 1373 5109; x_wconf 79' lang='grc' dir='ltr'>Ζήνωνος</span> <span class='ocrx_word' id='word_1_709' title='bbox 1412 5008 1526 5091; x_wconf 43' lang='grc' dir='ltr'>καὶ.</span> <span class='ocrx_word' id='word_1_710' title='bbox 1550 5008 1642 5091; x_wconf 75' lang='grc' dir='ltr'><strong>τδν</strong></span> <span class='ocrx_word' id='word_1_711' title='bbox 1680 5008 1993 5107; x_wconf 73' lang='grc' dir='ltr'>Δαγισθέα,</span> 
     </span>
    </p>
   </div>
   <div class='ocr_carea' id='block_1_100' title="bbox 2138 5008 3771 5109">
    <p class='ocr_par' dir='ltr' id='par_1_100' title="bbox 2169 5008 3771 5089">
     <span class='ocr_line' id='line_1_100' title="bbox 2169 5008 3771 5089; baseline -0.011 -12"><span class='ocrx_word' id='word_1_712' title='bbox 2169 5020 2320 5078; x_wconf 87' lang='lat' dir='ltr'><strong>enim</strong></span> <span class='ocrx_word' id='word_1_713' title='bbox 2352 5018 2465 5075; x_wconf 91' lang='lat' dir='ltr'><strong>Leo</strong></span> <span class='ocrx_word' id='word_1_714' title='bbox 2498 5024 2668 5089; x_wconf 90' lang='lat' dir='ltr'><strong>atque</strong></span> <span class='ocrx_word' id='word_1_715' title='bbox 2715 5014 2884 5073; x_wconf 90' lang='lat' dir='ltr'><strong>etiam</strong></span> <span class='ocrx_word' id='word_1_716' title='bbox 2913 5011 3153 5069; x_wconf 86' lang='lat' dir='ltr'><strong>Michael</strong></span> <span class='ocrx_word' id='word_1_717' title='bbox 3203 5024 3331 5067; x_wconf 92' lang='lat' dir='ltr'><strong>cum</strong></span> <span class='ocrx_word' id='word_1_718' title='bbox 3363 5009 3432 5064; x_wconf 87' lang='lat' dir='ltr'><strong>ad</strong></span> <span class='ocrx_word' id='word_1_719' title='bbox 3470 5008 3771 5078; x_wconf 86' lang='lat' dir='ltr'><strong>imperato-</strong></span> 
     </span>
    </p>
   </div>
   <div class='ocr_carea' id='block_1_101' title="bbox 463 5125 2071 5203">
    <p class='ocr_par' dir='ltr' id='par_1_101' title="bbox 463 5125 2071 5203">
     <span class='ocr_line' id='line_1_101' title="bbox 463 5125 2071 5203; baseline 0.002 -22"><span class='ocrx_word' id='word_1_720' title='bbox 463 5125 525 5181; x_wconf 81' lang='grc' dir='ltr'>δὲ</span> <span class='ocrx_word' id='word_1_721' title='bbox 550 5126 653 5198; x_wconf 79' lang='grc' dir='ltr'>τὴν</span> <span class='ocrx_word' id='word_1_722' title='bbox 682 5128 785 5199; x_wconf 84' lang='grc' dir='ltr'>τῆς</span> <span class='ocrx_word' id='word_1_723' title='bbox 816 5128 1019 5203; x_wconf 87' lang='grc' dir='ltr'>κόρτης</span> <span class='ocrx_word' id='word_1_724' title='bbox 1065 5132 1309 5203; x_wconf 85' lang='grc' dir='ltr'>κόμητος</span> <span class='ocrx_word' id='word_1_725' title='bbox 1342 5129 1520 5202; x_wconf 80' lang='grc' dir='ltr'>ἀρχὴν</span> <span class='ocrx_word' id='word_1_726' title='bbox 1567 5129 1666 5186; x_wconf 77' lang='grc' dir='ltr'>καὶ</span> <span class='ocrx_word' id='word_1_727' title='bbox 1694 5129 1787 5184; x_wconf 81' lang='grc' dir='ltr'><strong>τὸν</strong></span> <span class='ocrx_word' id='word_1_728' title='bbox 1826 5127 1922 5184; x_wconf 80' lang='grc' dir='ltr'>τοῦ</span> <span class='ocrx_word' id='word_1_729' title='bbox 1952 5130 2071 5184; x_wconf 84' lang='grc' dir='ltr'><strong>Κα-</strong></span> 
     </span>
    </p>
   </div>
   <div class='ocr_carea' id='block_1_102' title="bbox 2174 5096 3771 5179">
    <p class='ocr_par' dir='ltr' id='par_1_102' title="bbox 2174 5096 3771 5179">
     <span class='ocr_line' id='line_1_102' title="bbox 2174 5096 3771 5179; baseline -0.011 -8"><span class='ocrx_word' id='word_1_730' title='bbox 2174 5129 2289 5171; x_wconf 87' lang='lat' dir='ltr'><strong>rem</strong></span> <span class='ocrx_word' id='word_1_731' title='bbox 2316 5111 2668 5176; x_wconf 87' lang='lat' dir='ltr'><strong>defecissent,</strong></span> <span class='ocrx_word' id='word_1_732' title='bbox 2699 5109 2769 5165; x_wconf 91' lang='lat' dir='ltr'><strong>ab</strong></span> <span class='ocrx_word' id='word_1_733' title='bbox 2788 5122 2968 5179; x_wconf 88' lang='lat' dir='ltr'><strong>eoque</strong></span> <span class='ocrx_word' id='word_1_734' title='bbox 2980 5104 3169 5161; x_wconf 84' lang='lat' dir='ltr'><strong>donati</strong></span> <span class='ocrx_word' id='word_1_735' title='bbox 3191 5111 3398 5166; x_wconf 87' lang='lat' dir='ltr'><strong>essent,</strong></span> <span class='ocrx_word' id='word_1_736' title='bbox 3423 5099 3563 5156; x_wconf 88' lang='lat' dir='ltr'><strong>alter</strong></span> <span class='ocrx_word' id='word_1_737' title='bbox 3591 5096 3771 5154; x_wconf 65' lang='lat' dir='ltr'><strong>finde-</strong></span> 
     </span>
    </p>
   </div>
   <div class='ocr_carea' id='block_1_103' title="bbox 468 5190 3775 5295">
    <p class='ocr_par' dir='ltr' id='par_1_103' title="bbox 468 5190 3775 5295">
     <span class='ocr_line' id='line_1_103' title="bbox 468 5190 3775 5295; baseline 0.001 -22"><span class='ocrx_word' id='word_1_738' title='bbox 468 5190 665 5291; x_wconf 77' lang='grc' dir='ltr'>ριανοῦ</span> <span class='ocrx_word' id='word_1_739' title='bbox 706 5190 1559 5295; x_wconf 52' lang='grc' dir='ltr'>οίκον’ἀπενεγκάμενοι;“όύκ</span> <span class='ocrx_word' id='word_1_740' title='bbox 1613 5220 1797 5290; x_wconf 82' lang='grc' dir='ltr'>ἀγαθά</span> <span class='ocrx_word' id='word_1_741' title='bbox 1850 5224 2072 5294; x_wconf 88' lang='grc' dir='ltr'>φρονεῖν</span> <span class='ocrx_word' id='word_1_742' title='bbox 2175 5217 2423 5265; x_wconf 57' lang='lat' dir='ltr'><strong>Fatorum</strong></span> <span class='ocrx_word' id='word_1_743' title='bbox 2472 5200 2806 5276; x_wconf 61' lang='grc' dir='ltr'><strong>Ρνείθειυτδ</strong></span> <span class='ocrx_word' id='word_1_744' title='bbox 2868 5191 3430 5295; x_wconf 47' lang='grc' dir='ltr'><strong>τεείειίιυθηῑοξιοηῖι</strong></span> <span class='ocrx_word' id='word_1_745' title='bbox 3487 5190 3671 5295; x_wconf 54' lang='grc' dir='ltr'><strong>δίξξτω,</strong></span> <span class='ocrx_word' id='word_1_746' title='bbox 3718 5198 3775 5294; x_wconf 55' lang='grc' dir='ltr'><strong>εξ</strong></span> 
     </span>
    </p>
   </div>
   <div class='ocr_carea' id='block_1_104' title="bbox 468 5283 2035 5390">
    <p class='ocr_par' dir='ltr' id='par_1_104' title="bbox 468 5283 2035 5390">
     <span class='ocr_line' id='line_1_104' title="bbox 468 5283 2035 5390; baseline 0.001 -23"><span class='ocrx_word' id='word_1_747' title='bbox 468 5283 639 5368; x_wconf 71' lang='grc' dir='ltr'>αὐτὸν</span> <span class='ocrx_word' id='word_1_748' title='bbox 698 5315 834 5386; x_wconf 80' lang='grc' dir='ltr'>περὶ</span> <span class='ocrx_word' id='word_1_749' title='bbox 891 5283 1110 5371; x_wconf 49' lang='grc' dir='ltr'>ἑαυτοῦ.</span> <span class='ocrx_word' id='word_1_750' title='bbox 1139 5283 1532 5390; x_wconf 67' lang='grc' dir='ltr'>πεποιήκασιν.</span> <span class='ocrx_word' id='word_1_751' title='bbox 1584 5283 1751 5371; x_wconf 83' lang='grc' dir='ltr'>Ὅθεν</span> <span class='ocrx_word' id='word_1_752' title='bbox 1814 5283 1966 5388; x_wconf 67' lang='grc' dir='ltr'>αύτῷ</span> <span class='ocrx_word' id='word_1_753' title='bbox 2011 5333 2035 5369; x_wconf 81' lang='grc' dir='ltr'><strong>τ</strong></span> 
     </span>
    </p>
   </div>
   <div class='ocr_carea' id='block_1_105' title="bbox 2138 5283 3772 5390">
    <p class='ocr_par' dir='ltr' id='par_1_105' title="bbox 2176 5283 3772 5373">
     <span class='ocr_line' id='line_1_105' title="bbox 2176 5283 3772 5373; baseline -0.013 -15"><span class='ocrx_word' id='word_1_754' title='bbox 2176 5301 2455 5373; x_wconf 82' lang='lat' dir='ltr'><strong>Dagistea,</strong></span> <span class='ocrx_word' id='word_1_755' title='bbox 2504 5298 2641 5354; x_wconf 86' lang='lat' dir='ltr'><strong>alter</strong></span> <span class='ocrx_word' id='word_1_756' title='bbox 2686 5294 2828 5350; x_wconf 67' lang='lat' dir='ltr'><strong>aulae</strong></span> <span class='ocrx_word' id='word_1_757' title='bbox 2869 5291 3092 5349; x_wconf 85' lang='lat' dir='ltr'><strong>comitis</strong></span> <span class='ocrx_word' id='word_1_758' title='bbox 3125 5288 3390 5356; x_wconf 82' lang='lat' dir='ltr'><strong>dignitate</strong></span> <span class='ocrx_word' id='word_1_759' title='bbox 3434 5299 3502 5340; x_wconf 91' lang='lat' dir='ltr'><strong>ac</strong></span> <span class='ocrx_word' id='word_1_760' title='bbox 3546 5283 3772 5339; x_wconf 82' lang='lat' dir='ltr'><strong>Cariani</strong></span> 
     </span>
    </p>
   </div>
   <div class='ocr_carea' id='block_1_106' title="bbox 474 5375 2035 5484">
    <p class='ocr_par' dir='ltr' id='par_1_106' title="bbox 474 5375 2035 5484">
     <span class='ocr_line' id='line_1_106' title="bbox 474 5375 2035 5484; baseline 0 -21"><span class='ocrx_word' id='word_1_761' title='bbox 474 5406 574 5463; x_wconf 73' lang='grc' dir='ltr'>καὶ</span> <span class='ocrx_word' id='word_1_762' title='bbox 602 5408 682 5481; x_wconf 81' lang='grc' dir='ltr'>τῷ</span> <span class='ocrx_word' id='word_1_763' title='bbox 715 5375 840 5482; x_wconf 78' lang='grc' dir='ltr'>λαῷ</span> <span class='ocrx_word' id='word_1_764' title='bbox 905 5412 1243 5484; x_wconf 82' lang='grc' dir='ltr'>συγγνώμην</span> <span class='ocrx_word' id='word_1_765' title='bbox 1289 5375 1619 5483; x_wconf 69' lang='grc' dir='ltr'>αἰτούμενος</span> <span class='ocrx_word' id='word_1_766' title='bbox 1677 5411 1745 5465; x_wconf 85' lang='grc' dir='ltr'>ὲκ</span> <span class='ocrx_word' id='word_1_767' title='bbox 1803 5375 2035 5483; x_wconf 69' lang='grc' dir='ltr'>βασιλέα]</span> 
     </span>
    </p>
   </div>
   <div class='ocr_carea' id='block_1_107' title="bbox 2138 5375 3778 5484">
    <p class='ocr_par' dir='ltr' id='par_1_107' title="bbox 2183 5375 3778 5461">
     <span class='ocr_line' id='line_1_107' title="bbox 2183 5375 3778 5461; baseline -0.016 -7"><span class='ocrx_word' id='word_1_768' title='bbox 2183 5395 2416 5461; x_wconf 61' lang='lat' dir='ltr'><strong>adibus,</strong></span> <span class='ocrx_word' id='word_1_769' title='bbox 2453 5390 2699 5449; x_wconf 83' lang='lat' dir='ltr'><strong>fecerant</strong></span> <span class='ocrx_word' id='word_1_770' title='bbox 2728 5396 2790 5443; x_wconf 91' lang='lat' dir='ltr'><strong>ut</strong></span> <span class='ocrx_word' id='word_1_771' title='bbox 2820 5384 2938 5449; x_wconf 88' lang='lat' dir='ltr'><strong>suis</strong></span> <span class='ocrx_word' id='word_1_772' title='bbox 2973 5384 3067 5439; x_wconf 91' lang='lat' dir='ltr'><strong>ille</strong></span> <span class='ocrx_word' id='word_1_773' title='bbox 3097 5381 3265 5437; x_wconf 81' lang='lat' dir='ltr'><strong>rebus</strong></span> <span class='ocrx_word' id='word_1_774' title='bbox 3297 5377 3583 5435; x_wconf 86' lang='lat' dir='ltr'><strong>diﬂideret.</strong></span> <span class='ocrx_word' id='word_1_775' title='bbox 3621 5375 3778 5443; x_wconf 85' lang='lat' dir='ltr'><strong>Qua-</strong></span> 
     </span>
    </p>
   </div>
   <div class='ocr_carea' id='block_1_108' title="bbox 476 5470 2035 5577">
    <p class='ocr_par' dir='ltr' id='par_1_108' title="bbox 476 5470 2035 5577">
     <span class='ocr_line' id='line_1_108' title="bbox 476 5470 2035 5577; baseline -0.001 -20"><span class='ocrx_word' id='word_1_776' title='bbox 476 5470 778 5576; x_wconf 55' lang='grc' dir='ltr'>μὲχρίτῶν</span> <span class='ocrx_word' id='word_1_777' title='bbox 808 5470 1156 5574; x_wconf 53' lang='grc' dir='ltr'>’Μαλαγίνων</span> <span class='ocrx_word' id='word_1_778' title='bbox 1181 5470 1529 5577; x_wconf 69' lang='grc' dir='ltr'>ύπέστρεφεν</span> <span class='ocrx_word' id='word_1_779' title='bbox 1554 5521 1569 5536; x_wconf 76' lang='grc'><em>³</em></span> <span class='ocrx_word' id='word_1_780' title='bbox 1596 5470 1777 5559; x_wconf 66' lang='grc' dir='ltr'><strong>⁷κάκεῖ</strong></span> <span class='ocrx_word' id='word_1_781' title='bbox 1803 5470 1933 5567; x_wconf 70' lang='grc' dir='ltr'>τοὺς</span> <span class='ocrx_word' id='word_1_782' title='bbox 1973 5502 2035 5572; x_wconf 78' lang='grc' dir='ltr'>τῆ</span> 
     </span>
    </p>
   </div>
   <div class='ocr_carea' id='block_1_109' title="bbox 2138 5470 3775 5577">
    <p class='ocr_par' dir='ltr' id='par_1_109' title="bbox 2184 5470 3775 5577">
     <span class='ocr_line' id='line_1_109' title="bbox 2184 5470 3775 5577; baseline -0.016 -31"><span class='ocrx_word' id='word_1_783' title='bbox 2184 5497 2409 5564; x_wconf 87' lang='lat' dir='ltr'><strong>propter</strong></span> <span class='ocrx_word' id='word_1_784' title='bbox 2438 5494 2556 5542; x_wconf 91' lang='lat' dir='ltr'><strong>tum</strong></span> <span class='ocrx_word' id='word_1_785' title='bbox 2585 5483 2691 5540; x_wconf 90' lang='lat' dir='ltr'><strong>sibi</strong></span> <span class='ocrx_word' id='word_1_786' title='bbox 2722 5481 2842 5553; x_wconf 90' lang='lat' dir='ltr'><strong>ipse</strong></span> <span class='ocrx_word' id='word_1_787' title='bbox 2876 5488 2993 5535; x_wconf 90' lang='lat' dir='ltr'><strong>tum</strong></span> <span class='ocrx_word' id='word_1_788' title='bbox 3023 5474 3201 5546; x_wconf 86' lang='lat' dir='ltr'><strong>copiis</strong></span> <span class='ocrx_word' id='word_1_789' title='bbox 3226 5470 3444 5529; x_wconf 87' lang='lat' dir='ltr'><strong>veniam</strong></span> <span class='ocrx_word' id='word_1_790' title='bbox 3482 5470 3552 5525; x_wconf 90' lang='lat' dir='ltr'><strong>ab</strong></span> <span class='ocrx_word' id='word_1_791' title='bbox 3598 5470 3775 5577; x_wconf 51' lang='lat' dir='ltr'><strong>i‘mpe—</strong></span> 
     </span>
    </p>
   </div>
   <div class='ocr_carea' id='block_1_110' title="bbox 476 5590 2077 5667">
    <p class='ocr_par' dir='ltr' id='par_1_110' title="bbox 476 5590 2077 5667">
     <span class='ocr_line' id='line_1_110' title="bbox 476 5590 2077 5667; baseline -0.003 -18"><span class='ocrx_word' id='word_1_792' title='bbox 476 5595 752 5662; x_wconf 77' lang='grc' dir='ltr'>ἀπαθείας</span> <span class='ocrx_word' id='word_1_793' title='bbox 775 5595 973 5665; x_wconf 83' lang='grc' dir='ltr'>λόγους</span> <span class='ocrx_word' id='word_1_794' title='bbox 1012 5594 1307 5665; x_wconf 79' lang='grc' dir='ltr'>δεξάμενος</span> <span class='ocrx_word' id='word_1_795' title='bbox 1338 5597 1433 5657; x_wconf 68' lang='grc' dir='ltr'><strong>καὶ</strong></span> <span class='ocrx_word' id='word_1_796' title='bbox 1472 5594 1535 5649; x_wconf 81' lang='grc' dir='ltr'><strong>τὸ</strong></span> <span class='ocrx_word' id='word_1_797' title='bbox 1580 5591 1820 5667; x_wconf 79' lang='grc' dir='ltr'>χρυσοῦν</span> <span class='ocrx_word' id='word_1_798' title='bbox 1851 5590 2077 5663; x_wconf 81' lang='grc' dir='ltr'>σταυρί-</span> 
     </span>
    </p>
   </div>
   <div class='ocr_carea' id='block_1_111' title="bbox 2184 5558 3774 5653">
    <p class='ocr_par' dir='ltr' id='par_1_111' title="bbox 2184 5558 3774 5653">
     <span class='ocr_line' id='line_1_111' title="bbox 2184 5558 3774 5653; baseline -0.019 -13"><span class='ocrx_word' id='word_1_799' title='bbox 2184 5558 2369 5640; x_wconf 77' lang='lat' dir='ltr'><strong>ratore</strong></span> <span class='ocrx_word' id='word_1_800' title='bbox 2415 5586 2673 5653; x_wconf 85' lang='lat' dir='ltr'><strong>precatus</strong></span> <span class='ocrx_word' id='word_1_801' title='bbox 2714 5575 2782 5631; x_wconf 88' lang='lat' dir='ltr'><strong>ad</strong></span> <span class='ocrx_word' id='word_1_802' title='bbox 2818 5571 3115 5641; x_wconf 76' lang='lat' dir='ltr'><strong>Malaginas</strong></span> <span class='ocrx_word' id='word_1_803' title='bbox 3166 5581 3341 5638; x_wconf 89' lang='lat' dir='ltr'><strong>usque</strong></span> <span class='ocrx_word' id='word_1_804' title='bbox 3396 5562 3499 5619; x_wconf 91' lang='lat' dir='ltr'><strong>iter</strong></span> <span class='ocrx_word' id='word_1_805' title='bbox 3538 5558 3774 5622; x_wconf 71' lang='lat' dir='ltr'><strong>reﬂexit,</strong></span> 
     </span>
    </p>
   </div>
   <div class='ocr_carea' id='block_1_112' title="bbox 476 5660 2035 5763">
    <p class='ocr_par' dir='ltr' id='par_1_112' title="bbox 476 5660 2032 5763">
     <span class='ocr_line' id='line_1_112' title="bbox 476 5660 2032 5763; baseline -0.003 -21"><span class='ocrx_word' id='word_1_806' title='bbox 476 5688 659 5755; x_wconf 83' lang='grc' dir='ltr'>διον,δ</span> <span class='ocrx_word' id='word_1_807' title='bbox 718 5660 761 5723; x_wconf 18' lang='grc'><strong>⁸⁷³</strong></span> <span class='ocrx_word' id='word_1_808' title='bbox 817 5660 973 5762; x_wconf 73' lang='grc' dir='ltr'><strong>παρὰ</strong></span> <span class='ocrx_word' id='word_1_809' title='bbox 1019 5660 1115 5744; x_wconf 69' lang='grc' dir='ltr'><strong>τού</strong></span> <span class='ocrx_word' id='word_1_810' title='bbox 1146 5660 1492 5763; x_wconf 44' lang='grc' dir='ltr'>-Νικηφόρου</span> <span class='ocrx_word' id='word_1_811' title='bbox 1545 5660 1887 5762; x_wconf 69' lang='grc' dir='ltr'>φορούμενον</span> <span class='ocrx_word' id='word_1_812' title='bbox 1931 5660 2032 5740; x_wconf 26' lang='grc' dir='ltr'>αύντ</span> 
     </span>
    </p>
   </div>
   <div class='ocr_carea' id='block_1_113' title="bbox 2138 5660 3779 5763">
    <p class='ocr_par' dir='ltr' id='par_1_113' title="bbox 2181 5660 3779 5747">
     <span class='ocr_line' id='line_1_113' title="bbox 2181 5660 3779 5747; baseline -0.018 -13"><span class='ocrx_word' id='word_1_813' title='bbox 2181 5691 2293 5747; x_wconf 91' lang='lat' dir='ltr'><strong>quo</strong></span> <span class='ocrx_word' id='word_1_814' title='bbox 2336 5675 2462 5732; x_wconf 79' lang='lat' dir='ltr'><strong>loco</strong></span> <span class='ocrx_word' id='word_1_815' title='bbox 2497 5667 2815 5730; x_wconf 83' lang='lat' dir='ltr'><strong>securitatis</strong></span> <span class='ocrx_word' id='word_1_816' title='bbox 2860 5664 3019 5723; x_wconf 83' lang='lat' dir='ltr'><strong>fidem</strong></span> <span class='ocrx_word' id='word_1_817' title='bbox 3071 5660 3301 5733; x_wconf 85' lang='lat' dir='ltr'><strong>accepit,</strong></span> <span class='ocrx_word' id='word_1_818' title='bbox 3342 5672 3508 5729; x_wconf 86' lang='lat' dir='ltr'><strong>parva</strong></span> <span class='ocrx_word' id='word_1_819' title='bbox 3553 5668 3779 5725; x_wconf 80' lang='lat' dir='ltr'><strong>quoque</strong></span> 
     </span>
    </p>
   </div>
   <div class='ocr_carea' id='block_1_114' title="bbox 1785 5771 2464 5840">
    <p class='ocr_par' dir='ltr' id='par_1_114' title="bbox 1785 5771 2464 5840">
     <span class='ocr_line' id='line_1_114' title="bbox 1785 5771 2464 5840; baseline -0.021 -1"><span class='ocrx_word' id='word_1_820' title='bbox 1785 5779 2014 5840; x_wconf 65' lang='lat' dir='ltr'><strong>VARUS</strong></span> <span class='ocrx_word' id='word_1_821' title='bbox 2051 5771 2464 5836; x_wconf 77' lang='lat' dir='ltr'><strong>LECTIONES.</strong></span> 
     </span>
    </p>
   </div>
  </div>
