4200 6420
411 374 485 439 Ξῖ)
1562 366 1712 427 LIB.
1734 364 1787 425 Ι.
1818 385 1883 398 --
1929 359 2021 422 LE

2126 358 2548 422 ARMENIUS.
3650 356 3721 420 26

422 487 631 560 ὑπήχθη
678 486 779 541 καὶ
831 486 1084 558 στέρνων
1127 485 1224 539 καὶ
1274 484 1418 554 φυγῇ
1466 483 1624 553 ἀϊδίῳ
1662 480 1764 551 τὴν
1811 477 2018 547 ζημίαν

2126 474 2375 542 pecuniis
2408 469 2645 543 proditis
2671 479 2728 527 et
2760 470 2922 542 quasi
2952 470 3006 525 in
3040 483 3240 525 manus
3262 468 3504 525 hostium
3535 486 3726 540 conje-

422 584 700 638 άπέτισεν.
744 580 915 634 ’Δλλά
950 578 1049 633 τοῦ
1096 578 1417 648 Νικηφόρον
1465 575 1610 630 κατὰ
1658 571 1884 627 Σκυθῶν
1931 572 2027 623 ὲκο

421 673 862 746 στρατεύσαντος
892 672 991 725 καὶ
1009 668 1515 742 τραυματίουικατὰ
1542 667 1644 735 τὴν
1663 664 2027 734 παρεμϐολὴν

415 768 516 822 τοῦ
551 766 791 837 πολέμου
824 766 1091 827 πεσόντος
1123 763 1261 835 μηνὶ
1300 760 1508 829 Ἰουλίῳ
1543 757 1725 812 εἰκάδι
1751 756 1887 826 ἕκτη
1922 756 2026 823 τῆς

417 862 692 931 τετάρτης
720 858 1080 921 ίνδικτιῶνος,
1111 858 1203 910 καὶ
1233 853 1330 908 τοῦ
1360 852 1479 907 υἱοῦ
1504 850 1850 921 Σταυρακίου
1879 847 2025 901 κατά

416 954 513 1007 τὸν
539 951 781 1023 πόλεμον
809 949 1037 1021 καιρίαν
1078 946 1382 1021 τρωθέντος
1424 946 1499 1010 ὡς
1537 944 1634 998 δύο
1680 943 1783 1012 μὲν
1828 940 2026 1013 μόνους

402 1022 604 1115 ’μῆνας
627 1044 725 1098 καὶ
748 1041 860 1114 ἡμέ
871 1059 972 1113 ρας
995 1041 1257 1110 ὲπιζῆσαι
1280 1037 1449 1106 ὀκτὼ,
1476 1035 2024 1108 συμϐασιλεύσαντος

417 1138 477 1191 δὲ
522 1138 797 1207 πρότερον
823 1135 905 1207 τῷ
940 1136 1119 1200 πατρὶ
1154 1132 1252 1202 ίτη
1281 1131 1432 1186 ὀκτὼ
1479 1134 1660 1203 μῆνας
1704 1128 1849 1183 ἑπτὰ
1872 1170 1890 1197 ,
1926 1127 2024 1182 καὶ

424 1230 642 1299 Μιχαὴλ
674 1229 772 1281 τοῦ
807 1225 1223 1299 κουροπαλάτου
1258 1224 1398 1297 μετὰ
1427 1224 1530 1296 τὴν
1555 1224 1650 1278 τοῦ
1682 1220 2024 1292 Σταυρακίου

426 1323 568 1377 κατά
588 1321 689 1392 τὴν
710 1320 977 1391 δευτέραν
996 1320 1093 1373 τοῦ
1126 1318 1459 1389 Ὀκτωϐρίου
1485 1316 1657 1389 μηνὸς
1677 1316 2010 1379 ἀποϐίωσιν,

424 1412 680 1485 γαμϐροῦ
730 1414 833 1483 μὲν
867 1412 1191 1483 Νικηφόρου
1224 1410 1553 1477 τελοῦντος,
1612 1412 1679 1464 ὲκ
1725 1410 1922 1478 γενεᾶς
1964 1408 2022 1461 δὲ

416 1506 806 1576 καταγομένου
836 1504 933 1559 τοῦ
978 1503 1250 1573 Ῥαγγαϐὶ
1282 1506 1378 1558 καὶ
1414 1504 1560 1557 κατὰ
1591 1501 1692 1573 τὴν
1728 1501 1880 1555 θέσιν
1910 1500 2023 1553 τῶν

417 1601 739 1669 Ilva
771 1598 1129 1670 σκηνοῦντος,
1156 1599 1258 1668 τὴν
1279 1598 1379 1669 τῆς
1413 1596 1692 1667 βασιλείας
1720 1594 2021 1666 δεξαμένου

421 1693 597 1764 ἀρχὴν
629 1692 777 1746 κατὰ
805 1693 899 1745 τὸν
950 1691 1286 1761 Ὀκτώϐριον
1321 1692 1468 1761 μῆνα
1498 1691 1598 1760 τῆς
1629 1689 1890 1759 πέμπτης
1941 1688 2021 1741 iv-

420 1786 727 1849 δικτιοΜ,
775 1785 1077 1839 ἀπολύεται
1110 1787 1140 1838 ό
1172 1785 1326 1838 Λέων
1366 1785 1465 1854 τῆς
1516 1784 1821 1855 ὑπερορίας
1872 1782 2019 1836 κατὰ

417 1879 483 1933 τὸ
528 1878 910 1950 ἐπικρατῆσαν
950 1878 1077 1942 ἔθος
1113 1878 1216 1949 τῆς
1264 1878 1637 1949 χρηστότητος
1684 1876 1875 1930 ἕνεκεν
1904 1878 2018 1937 τοῖς

436 1972 729 2043 Ῥωμαίων
770 1969 1057 2044 βασιλεῦσι
1084 2012 1098 2034 ,
1157 1971 1256 2025 καὶ
1302 1972 1401 2040 τῆς
1444 1970 1626 2041 φυγῆς
1678 1968 2016 2037 κατάγεται,

428 2070 525 2120 καῖ.
584 2068 699 2130 τοῖς
759 2064 928 2120 αὑτοῦ
999 2063 1194 2119 τούτου
1256 2065 1323 2138 δὴ
1356 2063 1452 2117 τοῦ
1507 2063 1731 2136 Μιχαὴλ
1781 2062 2018 2134 ῥαϐδού-

425 2174 549 2227 χοις
614 2160 724 2222 τοῖς
780 2156 963 2223 κατά,
998 2158 1070 2211 τά
1142 2158 1422 2229 ἀνάκτορα
1453 2158 1850 2225 ισυντάττεται
1923 2158 2022 2228 ἐφ-

420 2250 729 2315 εδρεύουσι,
756 2255 850 2305 καὶ
878 2252 1195 2323 πατρικίων
1215 2253 1446 2322 τιμᾶται
1464 2252 1586 2320 μετ’
1612 2252 1674 2305 ού
1696 2250 1833 2305 πολὺ
1858 2254 2017 2322 τιμῇ,

418 2344 517 2394 καὶ
577 2342 885 2413 στρατηγὸς
941 2342 1313 2397 ’Δνατολικῶν
1368 2342 1796 2407 ἀναδείκνυται,
1856 2343 2020 2411 ἡνίκα

418 2438 514 2491 καὶ
572 2437 676 2506 τὴν
718 2438 959 2492 παλαιὰν
1017 2438 1207 2508 φιλίαν
1275 2437 1372 2492 τοῦ
1426 2437 1527 2491 σὺν
1584 2436 1736 2507 αὐτῷ
1782 2438 2022 2508 τραφέν-

417 2544 509 2591 τος
548 2528 745 2600 ἀνδρὸς
774 2529 1001 2601 Μιχαὴλ
1039 2528 1308 2597 ἀνανεῶν,
1341 2529 1401 2583 ὃν
1430 2529 1651 2600 κόμητα
1684 2528 1787 2598 τῆς
1816 2528 2020 2601 κόρτης

426 2622 461 2691 ἡ
491 2623 556 2675 lx
580 2623 673 2676 τοῦ
695 2623 1003 2693 Βαρδανίου
1027 2623 1325 2695 μετάταξις
1352 2624 1751 2695 προετίμησεν,
1786 2626 1883 2679 καὶ
1907 2624 2021 2678 τῶν

420 2712 751 2784 ἀπορρήτων
789 2712 1006 2785 μύστην
1052 2713 1373 2782 λαμϐάνων,
1420 2714 1532 2769 τῶν
1576 2714 1727 2769 ἔνδον
1760 2731 1822 2769 τε
1871 2710 2021 2787 εἶχεν

416 2804 745 2861 πιστότατον
772 2808 874 2862 καὶ
907 2807 1019 2861 τῶν
1052 2806 1211 2870 tua;
1240 2804 1725 2878 κρακτικώτατον.

2131 567 2257 623 etis.
2303 566 2677 633 Quamobrem
2711 568 2877 621 etiam
2922 565 3099 620 eidem
3154 564 3488 634 Nicephoro,
3535 581 3570 620 a
3613 581 3726 635 quo

2129 660 2394 731 pecunias
2423 660 2781 732 consignatas
2829 670 3142 731 acceperat,
3174 672 3370 731 poenas
3398 659 3570 726 dedit,
3620 659 3723 715 etsi

2130 753 2367 807 leviores
2394 768 2563 822 quam
2590 752 2777 809 delicti
2813 753 2954 808 ratio
2981 753 3341 823 exposcebat,
3365 768 3560 822 nempe
3588 753 3722 807 dor-

2129 861 2252 905 sum
2276 861 2544 916 reuesque
2577 846 2901 903 verberibus
2930 845 3191 913 allectus,
3231 857 3606 917 perpetuoque
3635 862 3727 902 ει·
3762 916 3765 919 ν

2128 940 2253 994 sitio
2280 940 2566 996 multatus.
2603 939 2879 997 Caeterum
2913 956 3039 997 cum
3070 923 3412 1012 Nicephorus
3459 942 3727 998 adversus

2131 1029 2363 1102 Scythas
2391 1048 2619 1089 movens
2661 1044 2887 1104 accepto
2922 1035 2977 1090 in
3007 1035 3127 1091 acie
3171 1036 3401 1091 vulnere
3431 1034 3728 1091 fatiscen-

2128 1126 2394 1181 cessisset
2447 1123 2579 1181 Julii
2632 1127 2841 1183 mensis
2892 1128 3157 1199 vigesima
3192 1138 3368 1195 sexta,
3420 1129 3729 1185 indictione

2128 1228 2348 1289 quarta,
2381 1218 2822 1292 Stauraciusque
2847 1224 2969 1292 ejus
2987 1222 3135 1279 [ilius
3154 1222 3269 1293 ipse
3291 1237 3512 1294 quoque
3535 1224 3724 1278 lethali

2128 1318 2185 1367 lu
2213 1312 2407 1385 praelio
2434 1313 2665 1370 allectus
2698 1314 2927 1371 vulnere
2950 1331 3059 1372 non
3093 1317 3280 1388 plures
3314 1319 3533 1374 duobus
3564 1333 3724 1372 meu-

2127 1416 2217 1458 ses
2240 1401 2475 1472 diesque
2500 1411 2629 1457 octo
2656 1403 2800 1473 patri
2824 1414 3110 1474 superstes
3133 1407 3461 1472 exstitisset,
3487 1405 3724 1462 Michael

2130 1495 2235 1565 12
2258 1510 2388 1550 vero
2414 1494 2746 1564 Curopalata
2766 1506 2893 1567 post
2914 1497 3258 1555 Stauracium
3279 1502 3523 1557 secunda
3556 1502 3722 1557 Octo-

2127 1587 2243 1644 bris
2272 1589 2387 1644 vita
2413 1592 2665 1644 functum
2701 1590 2859 1661 (erat
2906 1591 2953 1647 is
2992 1606 3160 1663 gener
3208 1592 3528 1666 Nicephori,
3579 1597 3735 1655 Ran-‘

2126 1682 2279 1751 gaba:
2328 1690 2485 1738 ortus
2516 1684 2796 1754 prosapia,
2828 1684 2896 1740 ad
2944 1689 3363 1744 armamentarii
3396 1690 3542 1746 aedes
3595 1707 3722 1747 mo-

2126 1775 2289 1846 rans)
2322 1775 2537 1845 imperii
2573 1786 2791 1845 sceptra
2819 1778 3052 1848 adeptus
3076 1788 3227 1837 esset
3256 1797 3446 1839 mense
3470 1783 3720 1853 Octobri,

2126 1869 2426 1927 indictione
2454 1873 2670 1942 quinta,
2700 1871 2811 1927 Leo
2832 1873 3027 1928 exsilio
3048 1874 3305 1938 solvitur.
3342 1875 3721 1935 Romanorum

2122 1961 2461 2031 principum,
2520 1978 2646 2018 cum
2709 1963 2948 2030 primum
3006 1965 3431 2036 inaugurantur,
3488 1971 3723 2026 solemni

2126 2054 2464 2123 clementia;
2497 2066 2661 2125 atque
2693 2073 2724 2112 a
2768 2056 2897 2129 fuga
2920 2069 3210 2116 revocatus
3240 2062 3410 2131 ipsius
3444 2063 3725 2120 Michaelis

2123 2148 2385 2219 palatinis
2434 2150 2727 2209 lictoribus
2767 2162 3115 2209 accensetur.
3169 2152 3280 2209 Nec
3337 2156 3496 2225 longa
3543 2172 3721 2225 mora,

2124 2241 2340 2313 patricii
2373 2242 2640 2314 dignitate
2662 2253 2894 2314 augetur
2920 2245 3145 2316 duxque
3175 2246 3537 2303 Orientalium
3563 2265 3726 2305 crea-

2125 2346 2237 2402 tur,
2262 2336 2488 2407 quando
2509 2346 2564 2393 et
2594 2335 2831 2393 Michael
2858 2340 3101 2395 veterem
3139 2341 3263 2406 viri,
3300 2357 3543 2413 quocum
3594 2342 3723 2399 fue-

2127 2435 2214 2482 rat
2251 2429 2544 2494 educatus,
2574 2429 2876 2489 amicitiam
2910 2446 3209 2501 renovaus,
3242 2426 3404 2504 qu'em
3435 2436 3576 2491 aulae
3623 2452 3723 2492 co-

2126 2523 2316 2578 mitem
2389 2522 2582 2577 relicta
2638 2522 2900 2601 Bardauii
2966 2525 3134 2582 factio
3190 2538 3320 2583 ante
3373 2538 3724 2599 provexerat,

2123 2630 2564 2683 arranorumque
2595 2619 2879 2675 conscium
2930 2635 3245 2685 assumens,
3306 2638 3494 2678 rerum
3533 2624 3725 2679 dome-

2124 2709 2386 2767 sticarum
2439 2711 2770 2768 ﬁdissimum
2815 2723 3006 2770 testem
3057 2731 3363 2787 eorumque
3418 2733 3544 2788 qua:
3588 2718 3724 2773 l'oris

2125 2804 2338 2872 agenda
2411 2817 2600 2862 essent
2656 2805 3102 2869 eﬂicacissimum
3170 2810 3489 2868 ministrum
3559 2813 3724 2868 adhi-

2014 2912 2019 2917 ‘
2126 2896 2266 2953 buit.

488 2993 551 3043 ε’.
592 2987 740 3041 Ἀλλ’
763 2987 997 3059 ἔμελλεν
1022 2983 1188 3052 αὖθις
1212 2988 1545 3062 ἀχαριστίας
1568 2986 1776 3043 ἁλῶναι
1802 2988 2019 3058 γραφῇ,

416 3077 666 3150 ὠμότητι
719 3083 1063 3152 συντραφεὶς
1110 3083 1208 3136 καὶ
1254 3082 1546 3155 ἀγριότητι
1606 3081 1908 3152 ἐκτραφεὶς
1950 3081 2019 3149 ⁸³,

2196 2991 2251 3045 5.
2288 2992 2500 3049 Rursus
2531 3004 2713 3050 tamen
2748 2994 2947 3067 ingrati
2982 2997 3151 3051 animi
3178 2998 3355 3053 labem
3394 2998 3497 3055 sibi
3524 3015 3720 3071 asper—

2124 3096 2289 3140 surus
2322 3094 2443 3139 erat
2473 3086 2641 3141 homo
2670 3087 2881 3142 crudeli
2917 3088 3143 3158 ingenio
3174 3090 3492 3160 agrestique
3528 3079 3719 3147 indole

416 3176 513 3229 καὶ
544 3178 664 3237 τοῖς
700 3175 987 3249 δευτέροις
1006 3177 1075 3230 τά
1113 3175 1311 3247 πρῶτα
1354 3175 1601 3246 καλύψαι
1646 3176 1677 3229 ό
1708 3174 2018 3247 ἀλιτήριος.

2127 3174 2416 3243 educatus,
2440 3191 2506 3232 ac
2535 3178 2629 3248 qui
2656 3177 2843 3247 priora
2875 3192 3000 3243 sua,
3048 3179 3365 3233 mortalium
3394 3178 3727 3235 scclestissi-

418 3269 586 3325 Ὅθεν
612 3270 742 3342 ἄρτι
772 3271 1073 3343 Κρούμνοο
1113 3272 1212 3326 τοῦ
1243 3272 1355 3326 τῶν
1388 3271 1720 3344 Βουλγάρων
1750 3268 2021 3342 ἡγεμόνος

2127 3284 2274 3335 mus,
2315 3270 2675 3341 sequentibus
2702 3280 2853 3328 esset
2899 3272 3323 3328 obscuraturus.
3390 3270 3545 3328 Unde
3597 3289 3723 3327 cum

423 3363 728 3433 συμϐάσεις
776 3366 876 3419 καὶ
929 3365 1117 3434 φιλίας
1159 3367 1607 3437 ὑποκριναμένου
1644 3365 1742 3419 καὶ
1787 3364 2025 3428 σπονδὰς

419 3453 709 3527 ζητοῦντος
736 3458 1048 3529 είρηνικάς,
1075 3460 1125 3511 εί
1156 3457 1319 3528 μόνον
1351 3457 1422 3511 τὰ
1456 3456 1576 3511 κατ’
1611 3456 1734 3520 ἔτος
1767 3456 2025 3528 διδόμενα

415 3550 497 3613 είς
524 3550 703 3617 τάξιν,
738 3546 922 3621 οἶμαι,
959 3550 1193 3606 δοθῶσιν
1229 3551 1399 3623 φόρου
1429 3550 1604 3622 αὐτῷ,
1630 3552 1703 3616 ὡς
1731 3554 1846 3616 τοῖς
1881 3553 2019 3623 πρό-

415 3662 578 3717 τερον
610 3645 783 3711 ἔδοξε,
813 3648 912 3699 καὶ
948 3646 1341 3717 προστιθέντος
1371 3646 1448 3710 ῶς
1471 3646 1568 3699 καὶ
1605 3646 1735 3709 τοὺς
1767 3645 2020 3717 πρόσφυ-

417 3755 523 3806 γας
548 3738 900 3810 Βουλγάρων,
937 3740 1077 3808 πρὸς
1108 3738 1167 3793 δὲ
1195 3740 1292 3793 καὶ
1338 3738 1631 3809 Ῥωμαίων
1661 3740 1743 3803 είς
1777 3739 2025 3793 τούπίσω

419 3833 727 3887 ὶκδίδοσθαι
764 3833 841 3904 τῷ
881 3834 1097 3887 ἑαυτῶν
1127 3832 1273 3887 ἔθνει
1301 3872 1317 3896 ,
1351 3832 1558 3889 ἄτοπον
1592 3832 1769 3902 ἐφάνη
1801 3833 1863 3886 τὸ
1914 3833 2024 3888 τῶν

432 3925 765 3994 προσφύγων
810 3930 923 3992 τοῖς
958 3927 1063 3996 τῆς
1110 3927 1423 3998 συγκλήτου
1479 3925 1711 3997 βουλῆς,
1765 3928 1813 3980 εί
1864 3928 1960 3980 καὶ
1994 3926 2024 3977 ό

447 4016 742 4082 βασιλεύων
782 4020 988 4092 Μιχαὴλ
1030 4019 1171 4083 ὅλως
1202 4020 1247 4051 ¹⁸
1300 4019 1523 4087 ἐγένετο
1572 4020 1673 4087 τῆς
1716 4018 1879 4089 δόξης
1924 4018 2023 4072 τοῦ

436 4108 701 4178 ἄρχοντος
722 4108 799 4181 τῷ
840 4128 898 4181 γε
926 4113 993 4184 δὴ
1032 4113 1136 4183 τῆς
1167 4113 1397 4185 εἰρήνης
1427 4111 1722 4183 βούλεσθαι
1758 4113 1835 4185 μὴ
1882 4114 2023 4167 ἀπο-

427 4204 633 4273 τυχεῖν.
688 4203 826 4256 Ἀλλ’
866 4204 1180 4276 ἐκράτησεν
1224 4207 1258 4277 ἠ
1308 4203 1502 4276 βουλὴ,
1533 4204 1869 4258 Θεόκτιστον
1918 4204 2025 4275 μὰο

420 4310 645 4367 γιστρον
694 4297 1071 4368 ἐπικυροῦντα
1114 4297 1214 4352 καὶ
1272 4298 1664 4367 συντιθέμενον
1705 4296 1908 4369 ἔχουσα
1953 4300 2021 4369 τῇ

418 4388 563 4463 δόξῃ,
595 4390 692 4443 καὶ
717 4390 1050 4463 διελύθησαν
1092 4391 1258 4445 πάλιν
1287 4393 1369 4456 είς
1400 4391 1541 4463 ἔργα
1582 4390 1828 4462 πολέμου
1849 4434 1865 4458 ,
1895 4392 2024 4457 τοὺς

421 4480 607 4550 λόγους
654 4484 1059 4547 καταλιπόντες
1112 4481 1382 4554 γυμνούς.
1430 4484 1543 4537 Καὶ
1592 4482 1741 4537 τοῦτ’
1794 4483 2022 4547 εἰκότως

2123 3361 2237 3432 jam
2261 3361 2627 3435 Bulgarorum
2654 3365 2767 3421 dux
2790 3364 3075 3423 Crumnus
3103 3366 3457 3422 concordiam
3486 3375 3540 3421 et
3572 3365 3728 3437 pacis

2129 3457 2337 3514 foedera
2372 3459 2761 3531 amicitiasque
2812 3460 3028 3516 ambire
3072 3476 3132 3516 se
3180 3460 3472 3516 simularet
3502 3475 3568 3514 ac
3602 3459 3728 3514 ani-

2127 3566 2278 3606 mum
2308 3553 2460 3619 pacis
2487 3553 2749 3622 cupidum
2792 3553 3101 3624 praeferret,
3152 3552 3457 3609 dummodo
3507 3566 3719 3617 annua,

2126 3659 2251 3715 quae
2283 3646 2447 3715 pendi
2486 3646 2650 3702 solita
2678 3655 2837 3702 erant
2870 3663 2970 3718 pro
2999 3662 3067 3703 eo
3093 3663 3158 3702 ac
3187 3646 3494 3716 majoribus
3544 3645 3725 3701 visum

2125 3748 2266 3801 erat,
2302 3737 2533 3795 Romani
2559 3741 2759 3796 tributa
2792 3750 3146 3812 praestarent,
3167 3756 3231 3795 ea
3259 3742 3481 3795 demum
3512 3738 3728 3808 adjecta

2126 3833 2468 3901 conditione,
2499 3845 2561 3889 ut
2581 3847 2635 3889 et
2665 3834 3029 3906 Bulgarorum
3058 3834 3415 3905 vicissimque
3442 3832 3728 3889 Romano-

2127 3944 2250 3984 rum
2283 3928 2646 3998 imposterum
2675 3929 2980 3993 transfugae
3005 3920 3129 3984 suae
3150 3926 3360 3997 quique
3410 3924 3573 3997 genti
3592 3926 3723 3981 red-

2126 4021 2412 4085 derentur,
2463 4019 2879 4091 transfugarum
2917 4019 3019 4090 13
3045 4028 3209 4089 caput
3242 4018 3373 4074 illud
3421 4016 3725 4073 absurdum

2126 4112 2342 4168 senatui
2379 4112 2562 4166 visum
2608 4122 2717 4177 est,
2769 4126 3091 4181 quanquam
3142 4110 3377 4165 Michael
3427 4111 3727 4179 imperator

2128 4214 2280 4261 totus
2336 4205 2391 4259 in
2450 4203 2722 4274 principis
2782 4202 3150 4273 Bulgarorum
3202 4202 3535 4257 sententiam
3588 4200 3724 4266 ibat,

2125 4298 2273 4369 quod
2308 4296 2564 4353 ineundae
2592 4296 2745 4367 pacis
2784 4296 3138 4352 occasionem
3170 4294 3321 4349 illam
3358 4294 3462 4349 sibi
3499 4293 3727 4349 nolebat

2127 4393 2418 4462 aulugere.
2443 4391 2701 4448 Obtinuit
2725 4401 2911 4447 tamen
2961 4400 3191 4447 senatus
3222 4388 3521 4453 sententia,
3555 4401 3725 4458 quam

2128 4487 2485 4544 Theoctistus
2537 4486 2799 4557 magister
2860 4495 3190 4554 sequeretur
3240 4499 3308 4541 ac
3352 4485 3443 4540 cui
3498 4484 3609 4540 vim
3660 4497 3727 4541 ac

420 4577 592 4647 ἐφάνη
633 4578 824 4632 καλόνο
871 4577 957 4651 [Ρ.
1015 4576 1073 4650 9]
1107 4577 1227 4641 πῶς
1255 4577 1368 4649 γὰρ
1407 4578 1474 4633 ἄν
1505 4594 1591 4642 τις
1635 4577 2021 4649 φιλάνθρωπος

2129 4581 2347 4651 pondus
2370 4581 2704 4635 auctoritate
2730 4595 2831 4635 sua
2858 4579 3146 4648 adjiceret.
3193 4578 3400 4634 lterum
3434 4592 3569 4649 ergo
3600 4576 3728 4632 reli-

409 4670 541 4743 δόξῃ
574 4672 672 4724 καὶ
702 4671 1005 4742 συμπαθὴς
1031 4670 1127 4725 τόν
1155 4689 1222 4740 γε
1252 4672 1344 4726 διά
1369 4689 1492 4726 τινα
1526 4672 1805 4743 σφαλέντα
1837 4673 1902 4746 δὴ
1930 4690 2024 4727 πε-

409 4764 705 4836 ριπέτειαν
743 4766 841 4819 καὶ
865 4766 966 4838 τὴν
992 4763 1193 4820 ἑαυτοῦ
1227 4766 1329 4837 μὲν
1361 4766 1749 4838 ἀρνησάμενον
1788 4769 2021 4837 ἐνεγκα-

408 4857 613 4928 μένην,
646 4853 718 4930 ἧς
750 4858 910 4913 οὐδὲν
941 4859 1188 4928 γλύκιον,
1222 4860 1302 4922 ῶς
1338 4875 1495 4928 φασι,
1532 4859 1669 4931 πρὸς
1702 4860 1760 4914 δὲ
1789 4861 1886 4915 καὶ
1920 4876 2023 4931 γα-

404 4952 593 5022 μετήν
623 4968 687 5003 τε
726 4952 825 5005 καὶ
863 4950 1089 5020 ἔγγονα,
1134 4954 1211 5017 ῶς
1253 4955 1336 5017 είς
1379 4952 1582 5009 ἄσυλον
1628 4956 2024 5024 καταφυγόντα

397 5044 605 5116 βωμὸν
625 5046 694 5116 τῇ
718 5044 829 5098 τῶν
865 5045 1160 5117 Ῥωμαίων
1188 5045 1462 5118 πολιτείᾳ,
1490 5046 1684 5101 τοῦτον
1706 5048 2019 5105 ἐκδίδοσθαι

394 5142 665 5212 ὠμότητι
710 5141 960 5208 Σκυθῶν,
996 5142 1205 5213 θηρίων
1249 5142 1649 5214 διενηνοχότων
1695 5144 1884 5211 οὑδέν;
1934 5139 2019 5210 οἷς

394 5237 512 5307 γάρ
546 5235 618 5287 τὸ
650 5236 886 5306 φοϐερὸν
915 5236 1013 5290 καὶ
1042 5236 1236 5309 ἄγριον
1264 5236 1470 5308 ὁρῶσιν
1503 5237 1687 5291 αὐτῶν
1716 5238 1847 5302 τοὺς
1890 5238 2019 5293 πολ-

391 5330 532 5393 λοὺς
587 5328 662 5399 μὴ
712 5328 1092 5400 ὑποφέροντας
1144 5329 1240 5382 καὶ
1290 5328 1381 5383 διὰ
1429 5329 1596 5383 τοῦτο
1639 5330 2019 5403 ἀπορρέοντας

397 5426 552 5495 πρὸς
590 5420 653 5473 τὸ
685 5421 899 5492 ἥμερον
940 5423 1038 5474 καὶ¹
1084 5424 1262 5493 πρᾶον
1298 5422 1458 5493 ἡμῶν
1490 5424 1737 5495 συχνῶς,
1775 5427 1871 5480 ἃτε
1915 5426 2018 5498 δὴ,

399 5518 480 5590 μὴ
506 5515 662 5569 κατὰ
689 5516 888 5585 μικρὸν
907 5514 1147 5569 λάθωσιν
1173 5517 1403 5580 ἑαυτοὺς
1435 5516 1575 5586 πρὸς
1608 5519 1760 5589 ἡμᾶς
1780 5519 2020 5573 ἐκκενώο

400 5625 634 5675 σαντες,
691 5608 926 5673 δεδιότες
975 5612 1026 5663 οἱ
1072 5611 1225 5679 σφῶν
1269 5611 1507 5682 ἀρχηγοὶ
1548 5610 1641 5665 τὸν
1686 5613 1855 5667 πολὺν
1889 5615 2019 5687 περὶ

397 5701 625 5756 τούτων
674 5700 842 5767 λόγον
882 5701 1147 5766 πολλάκις
1181 5702 1278 5756 καὶ
1333 5702 1532 5774 μέχρις
1572 5704 1733 5775 ἡμῶν
1786 5713 2017 5783 κεκινή-

2126 4675 2233 4729 ctis
2262 4673 2557 4745 colloquiis
2585 4671 2654 4727 ad
2688 4672 2813 4727 belli
2838 4671 3015 4727 aleam
3053 4682 3373 4728 revocatum
3400 4671 3680 4743 negotium
3709 4686 3725 4735 ;

2129 4767 2295 4839 idque
2324 4767 2502 4839 magis
2524 4768 2722 4823 decere
2743 4768 2941 4822 merito
2960 4765 3270 4836 iudicatum
3299 4775 3405 4821 est.
3439 4766 3732 4834 Quomodo

2126 4864 2275 4916 enim
2312 4876 2425 4916 non
2457 4876 2678 4916 omnem
2709 4860 3076 4915 humanitatis
3100 4876 3329 4917 sensum
3357 4859 3588 4917 exuisse
3633 4875 3725 4915 ara»

2126 4957 2419 5013 bitrandus
2454 4965 2560 5019 est,
2590 4956 2685 5027 qui
2718 4955 2999 5011 hominem
3037 4970 3171 5011 casu
3202 4955 3394 5024 aliquo
3424 4961 3522 5008 aut
3564 4951 3731 5007 vicis-

2128 5053 2370 5108 situdine
2392 5051 2448 5108 in
2473 5066 2715 5107 errorem
2744 5052 3086 5123 prolapsum,
3109 5050 3423 5120 patriaque,
3452 5061 3563 5116 qua
3589 5044 3729 5099 nihil

2128 5144 2349 5201 dulcius
2378 5160 2503 5201 esse
2544 5144 2721 5209 aiunt,
2776 5150 3120 5213 contempta,
3165 5140 3236 5195 ad
3283 5139 3403 5193 haec
3460 5150 3636 5190 uxore
3670 5142 3729 5189 et

2128 5238 2340 5305 liberis,
2362 5254 2460 5293 ceu
2490 5238 2559 5293 ad
2582 5253 2710 5293 aras
2732 5236 3100 5300 inviolabiles,
3120 5234 3187 5288 ad
3208 5232 3471 5287 Romana
3496 5227 3728 5289 ditionis

2126 5335 2251 5390 loca
2309 5334 2747 5404 confugientem,
2803 5331 3076 5403 Scythica
3136 5327 3316 5397 gentis
3366 5323 3728 5388 immanitati',

2132 5428 2298 5497 cujus
2332 5443 2361 5481 a
2393 5426 2527 5483 feris
2552 5427 2691 5481 nihil
2720 5425 2935 5481 indoles
2963 5421 3200 5483 diderat,
3236 5419 3523 5475 dedendos
3550 5427 3715 5486 puta-

2130 5520 2319 5577 verit?
2357 5536 2485 5576 cum
2526 5521 2674 5574 enim
2704 5516 2979 5574 terribiles
3018 5522 3319 5581 trucesque
3348 5525 3414 5565 ac
3445 5507 3547 5563 feri
3586 5507 3721 5571 sint,

2132 5612 2337 5669 multos
2394 5627 2623 5668 suorum
2690 5611 2743 5665 id
2794 5623 2903 5662 non
2944 5606 3183 5662 ferentes
3231 5603 3299 5659 ad
3334 5600 3614 5657 lenitatem
3667 5606 3724 5653 et

2129 5707 2611 5769 mansuetudinem
2644 5713 2891 5764 nostram
2924 5713 3304 5773 saepenumero
3332 5692 3569 5753 transire
3598 5691 3719 5748 ani-

1711 5802 1942 5867 VARLE
1990 5809 2396 5873 LECTIONES.

479 5893 531 5928 ¹³
568 5892 892 5965 ἑκτραφείς]
922 5910 991 5951 an
1031 5894 1319 5968 ἔντραφείς
1341 5896 1368 5951 ?
1444 5898 1484 5929 “
1520 5897 1687 5962 6i.o;?
