  <div class='ocr_page' id='page_1' title='image "/cluster/home/n/w/nwhite01/storage/ocr_20150623/109/coo.31924054870138/021.png"; bbox 0 0 4200 6408; ppageno 0'>
   <div class='ocr_carea' id='block_1_1' title="bbox 491 319 3797 410">
    <p class='ocr_par' dir='ltr' id='par_1_1' title="bbox 491 319 3797 410">
     <span class='ocr_line' id='line_1_1' title="bbox 491 319 3797 410; baseline 0.005 -21"><span class='ocrx_word' id='word_1_1' title='bbox 491 319 562 380; x_wconf 64' lang='grc'><strong>21</strong></span> <span class='ocrx_word' id='word_1_2' title='bbox 1643 335 2156 400; x_wconf 75' lang='lat' dir='ltr'><strong>TIIEOPHANES</strong></span> <span class='ocrx_word' id='word_1_3' title='bbox 2183 339 2757 406; x_wconf 72' lang='lat' dir='ltr'><strong>CONTINUATUS.</strong></span> <span class='ocrx_word' id='word_1_4' title='bbox 3726 353 3797 410; x_wconf 70' lang='lat'><strong>28</strong></span> 
     </span>
    </p>
   </div>
   <div class='ocr_carea' id='block_1_2' title="bbox 497 435 2087 536">
    <p class='ocr_par' dir='ltr' id='par_1_2' title="bbox 497 435 2087 520">
     <span class='ocr_line' id='line_1_2' title="bbox 497 435 2087 520; baseline 0.013 -34"><span class='ocrx_word' id='word_1_5' title='bbox 497 435 869 492; x_wconf 85' lang='lat' dir='ltr'><strong>madvertunt.</strong></span> <span class='ocrx_word' id='word_1_6' title='bbox 925 436 1002 493; x_wconf 77' lang='lat' dir='ltr'><strong>Ne</strong></span> <span class='ocrx_word' id='word_1_7' title='bbox 1024 439 1192 512; x_wconf 81' lang='lat' dir='ltr'><strong>igitur</strong></span> <span class='ocrx_word' id='word_1_8' title='bbox 1238 443 1499 502; x_wconf 89' lang='lat' dir='ltr'><strong>universa</strong></span> <span class='ocrx_word' id='word_1_9' title='bbox 1549 447 1799 518; x_wconf 90' lang='lat' dir='ltr'><strong>ipsorum</strong></span> <span class='ocrx_word' id='word_1_10' title='bbox 1845 466 1980 520; x_wconf 86' lang='lat' dir='ltr'><strong>gens</strong></span> <span class='ocrx_word' id='word_1_11' title='bbox 2032 451 2087 505; x_wconf 89' lang='lat' dir='ltr'><strong>in</strong></span> 
     </span>
    </p>
   </div>
   <div class='ocr_carea' id='block_1_3' title="bbox 2191 435 3797 536">
    <p class='ocr_par' dir='ltr' id='par_1_3' title="bbox 2199 455 3797 536">
     <span class='ocr_line' id='line_1_3' title="bbox 2199 455 3797 536; baseline 0.011 -32"><span class='ocrx_word' id='word_1_12' title='bbox 2199 468 2385 507; x_wconf 87' lang='grc' dir='ltr'>κασιν.</span> <span class='ocrx_word' id='word_1_13' title='bbox 2432 455 2594 512; x_wconf 87' lang='grc' dir='ltr'>Ἀλλὰ</span> <span class='ocrx_word' id='word_1_14' title='bbox 2621 459 2806 530; x_wconf 89' lang='grc' dir='ltr'>κενὴν,</span> <span class='ocrx_word' id='word_1_15' title='bbox 2833 460 2894 514; x_wconf 77' lang='grc' dir='ltr'><strong>τὺ</strong></span> <span class='ocrx_word' id='word_1_16' title='bbox 2924 461 2990 531; x_wconf 86' lang='grc' dir='ltr'><strong>δὴ</strong></span> <span class='ocrx_word' id='word_1_17' title='bbox 3019 461 3313 534; x_wconf 86' lang='grc' dir='ltr'>λεγόμενον</span> <span class='ocrx_word' id='word_1_18' title='bbox 3346 464 3489 520; x_wconf 77' lang='grc' dir='ltr'>κατὰ</span> <span class='ocrx_word' id='word_1_19' title='bbox 3518 463 3619 535; x_wconf 87' lang='grc' dir='ltr'><strong>τὴν</strong></span> <span class='ocrx_word' id='word_1_20' title='bbox 3647 481 3797 536; x_wconf 86' lang='grc' dir='ltr'>παρ·</span> 
     </span>
    </p>
   </div>
   <div class='ocr_carea' id='block_1_4' title="bbox 495 530 2087 628">
    <p class='ocr_par' dir='ltr' id='par_1_4' title="bbox 495 530 2087 611">
     <span class='ocr_line' id='line_1_4' title="bbox 495 530 2087 611; baseline 0.012 -32"><span class='ocrx_word' id='word_1_21' title='bbox 495 536 739 583; x_wconf 80' lang='lat' dir='ltr'><strong>nostram</strong></span> <span class='ocrx_word' id='word_1_22' title='bbox 773 530 1032 598; x_wconf 77' lang='lat' dir='ltr'><strong>paulatim</strong></span> <span class='ocrx_word' id='word_1_23' title='bbox 1063 548 1188 589; x_wconf 85' lang='lat' dir='ltr'><strong>sese</strong></span> <span class='ocrx_word' id='word_1_24' title='bbox 1215 535 1482 604; x_wconf 74' lang='lat' dir='ltr'><strong>effundat,</strong></span> <span class='ocrx_word' id='word_1_25' title='bbox 1514 541 1674 595; x_wconf 87' lang='lat' dir='ltr'><strong>veriti</strong></span> <span class='ocrx_word' id='word_1_26' title='bbox 1706 557 1898 598; x_wconf 90' lang='lat' dir='ltr'><strong>eorum</strong></span> <span class='ocrx_word' id='word_1_27' title='bbox 1935 544 2087 611; x_wconf 88' lang='lat' dir='ltr'><strong>prin-</strong></span> 
     </span>
    </p>
   </div>
   <div class='ocr_carea' id='block_1_5' title="bbox 2191 530 3686 628">
    <p class='ocr_par' dir='ltr' id='par_1_5' title="bbox 2216 530 3686 628">
     <span class='ocr_line' id='line_1_5' title="bbox 2216 530 3686 628; baseline 0.009 -31"><span class='ocrx_word' id='word_1_28' title='bbox 2216 547 2431 616; x_wconf 85' lang='grc' dir='ltr'>οιμίαν,</span> <span class='ocrx_word' id='word_1_29' title='bbox 2459 548 2686 622; x_wconf 74' lang='grc' dir='ltr'>ἕψηλαν,</span> <span class='ocrx_word' id='word_1_30' title='bbox 2717 530 3032 624; x_wconf 79' lang='grc' dir='ltr'>ἀνθρώποις</span> <span class='ocrx_word' id='word_1_31' title='bbox 3064 530 3384 626; x_wconf 74' lang='grc' dir='ltr'>ἐντυχόντες</span> <span class='ocrx_word' id='word_1_32' title='bbox 3412 530 3686 628; x_wconf 54' lang='grc' dir='ltr'>στερροῖς.</span> 
     </span>
    </p>
   </div>
   <div class='ocr_carea' id='block_1_6' title="bbox 493 622 3795 714">
    <p class='ocr_par' dir='ltr' id='par_1_6' title="bbox 493 622 3795 714">
     <span class='ocr_line' id='line_1_6' title="bbox 493 622 3795 714; baseline 0.008 -38"><span class='ocrx_word' id='word_1_33' title='bbox 493 622 649 692; x_wconf 86' lang='lat' dir='ltr'><strong>cipes</strong></span> <span class='ocrx_word' id='word_1_34' title='bbox 681 625 884 696; x_wconf 65' lang='lat' dir='ltr'><strong>saepius</strong></span> <span class='ocrx_word' id='word_1_35' title='bbox 916 638 972 684; x_wconf 90' lang='lat' dir='ltr'><strong>et</strong></span> <span class='ocrx_word' id='word_1_36' title='bbox 999 630 1066 684; x_wconf 88' lang='lat' dir='ltr'><strong>ad</strong></span> <span class='ocrx_word' id='word_1_37' title='bbox 1106 642 1352 687; x_wconf 85' lang='lat' dir='ltr'><strong>nostram</strong></span> <span class='ocrx_word' id='word_1_38' title='bbox 1387 651 1563 706; x_wconf 90' lang='lat' dir='ltr'><strong>usque</strong></span> <span class='ocrx_word' id='word_1_39' title='bbox 1609 645 1828 693; x_wconf 68' lang='lat' dir='ltr'><strong>aetatem</strong></span> <span class='ocrx_word' id='word_1_40' title='bbox 1885 639 2092 693; x_wconf 91' lang='lat' dir='ltr'><strong>multos</strong></span> <span class='ocrx_word' id='word_1_41' title='bbox 2133 638 2200 692; x_wconf 90' lang='lat' dir='ltr'><strong>de</strong></span> <span class='ocrx_word' id='word_1_42' title='bbox 2243 641 2346 697; x_wconf 90' lang='lat' dir='ltr'><strong>hac</strong></span> <span class='ocrx_word' id='word_1_43' title='bbox 2396 659 2458 699; x_wconf 90' lang='lat' dir='ltr'><strong>re</strong></span> <span class='ocrx_word' id='word_1_44' title='bbox 2502 662 2788 703; x_wconf 81' lang='lat' dir='ltr'><strong>sermones</strong></span> <span class='ocrx_word' id='word_1_45' title='bbox 2840 660 3150 704; x_wconf 85' lang='lat' dir='ltr'><strong>moverunt.</strong></span> <span class='ocrx_word' id='word_1_46' title='bbox 3186 649 3242 704; x_wconf 92' lang='lat' dir='ltr'><strong>In</strong></span> <span class='ocrx_word' id='word_1_47' title='bbox 3312 665 3516 708; x_wconf 88' lang='lat' dir='ltr'><strong>vanum</strong></span> <span class='ocrx_word' id='word_1_48' title='bbox 3588 659 3795 714; x_wconf 90' lang='lat' dir='ltr'><strong>tamen,</strong></span> 
     </span>
    </p>
   </div>
   <div class='ocr_carea' id='block_1_7' title="bbox 496 719 3800 813">
    <p class='ocr_par' dir='ltr' id='par_1_7' title="bbox 496 719 3800 813">
     <span class='ocr_line' id='line_1_7' title="bbox 496 719 3800 813; baseline 0.008 -44"><span class='ocrx_word' id='word_1_49' title='bbox 496 719 643 784; x_wconf 89' lang='lat' dir='ltr'><strong>quod</strong></span> <span class='ocrx_word' id='word_1_50' title='bbox 696 723 982 775; x_wconf 89' lang='lat' dir='ltr'><strong>communi</strong></span> <span class='ocrx_word' id='word_1_51' title='bbox 1056 723 1235 781; x_wconf 80' lang='lat' dir='ltr'><strong>fertur</strong></span> <span class='ocrx_word' id='word_1_52' title='bbox 1293 728 1512 798; x_wconf 80' lang='lat' dir='ltr'><strong>adagio,</strong></span> <span class='ocrx_word' id='word_1_53' title='bbox 1572 733 1914 798; x_wconf 74' lang='lat' dir='ltr'><strong>cecinerunt,</strong></span> <span class='ocrx_word' id='word_1_54' title='bbox 1971 732 2120 786; x_wconf 85' lang='lat' dir='ltr'><strong>viros</strong></span> <span class='ocrx_word' id='word_1_55' title='bbox 2169 735 2313 790; x_wconf 78' lang='lat' dir='ltr'><strong>nacti</strong></span> <span class='ocrx_word' id='word_1_56' title='bbox 2348 736 2488 793; x_wconf 75' lang='lat' dir='ltr'><strong>ﬁrmi</strong></span> <span class='ocrx_word' id='word_1_57' title='bbox 2518 742 2892 810; x_wconf 86' lang='lat' dir='ltr'><strong>propositi,et</strong></span> <span class='ocrx_word' id='word_1_58' title='bbox 2921 743 3018 813; x_wconf 88' lang='lat' dir='ltr'><strong>qui</strong></span> <span class='ocrx_word' id='word_1_59' title='bbox 3061 760 3093 798; x_wconf 84' lang='lat' dir='ltr'><strong>a</strong></span> <span class='ocrx_word' id='word_1_60' title='bbox 3145 744 3419 799; x_wconf 86' lang='lat' dir='ltr'><strong>sententia</strong></span> <span class='ocrx_word' id='word_1_61' title='bbox 3454 757 3566 798; x_wconf 89' lang='lat' dir='ltr'><strong>non</strong></span> <span class='ocrx_word' id='word_1_62' title='bbox 3623 740 3800 799; x_wconf 82' lang='lat' dir='ltr'><strong>.facile</strong></span> 
     </span>
    </p>
   </div>
   <div class='ocr_carea' id='block_1_8' title="bbox 495 816 934 872">
    <p class='ocr_par' dir='ltr' id='par_1_8' title="bbox 495 816 934 872">
     <span class='ocr_line' id='line_1_8' title="bbox 495 816 934 872; baseline 0.011 -5"><span class='ocrx_word' id='word_1_63' title='bbox 495 816 934 872; x_wconf 87' lang='lat' dir='ltr'><strong>dimoverentnr.</strong></span> 
     </span>
    </p>
   </div>
   <div class='ocr_carea' id='block_1_9' title="bbox 568 908 2087 1001">
    <p class='ocr_par' dir='ltr' id='par_1_9' title="bbox 568 908 2087 992">
     <span class='ocr_line' id='line_1_9' title="bbox 568 908 2087 992; baseline 0.007 -28"><span class='ocrx_word' id='word_1_64' title='bbox 568 909 621 964; x_wconf 84' lang='lat'><strong>6.</strong></span> <span class='ocrx_word' id='word_1_65' title='bbox 665 908 823 964; x_wconf 87' lang='lat' dir='ltr'><strong>Brevi</strong></span> <span class='ocrx_word' id='word_1_66' title='bbox 861 913 1050 982; x_wconf 84' lang='lat' dir='ltr'><strong>itaque</strong></span> <span class='ocrx_word' id='word_1_67' title='bbox 1095 927 1372 973; x_wconf 92' lang='lat' dir='ltr'><strong>cessatum</strong></span> <span class='ocrx_word' id='word_1_68' title='bbox 1405 935 1584 988; x_wconf 86' lang='lat' dir='ltr'><strong>mora,</strong></span> <span class='ocrx_word' id='word_1_69' title='bbox 1641 923 1928 992; x_wconf 72' lang='lat' dir='ltr'><strong>ambzeque</strong></span> <span class='ocrx_word' id='word_1_70' title='bbox 1963 936 2087 976; x_wconf 83' lang='lat' dir='ltr'><strong>mox</strong></span> 
     </span>
    </p>
   </div>
   <div class='ocr_carea' id='block_1_10' title="bbox 2191 908 3793 1001">
    <p class='ocr_par' dir='ltr' id='par_1_10' title="bbox 2273 922 3793 1001">
     <span class='ocr_line' id='line_1_10' title="bbox 2273 922 3793 1001; baseline 0.003 -21"><span class='ocrx_word' id='word_1_71' title='bbox 2273 922 2350 987; x_wconf 81' lang='grc' dir='ltr'><strong>ς’.</strong></span> <span class='ocrx_word' id='word_1_72' title='bbox 2393 926 2703 998; x_wconf 78' lang='grc' dir='ltr'>Τοιγαροῦν</span> <span class='ocrx_word' id='word_1_73' title='bbox 2753 928 2954 999; x_wconf 80' lang='grc' dir='ltr'>μικρὸν</span> <span class='ocrx_word' id='word_1_74' title='bbox 2999 928 3343 995; x_wconf 72' lang='grc' dir='ltr'><strong>διαλιπόντες</strong></span> <span class='ocrx_word' id='word_1_75' title='bbox 3383 929 3506 984; x_wconf 83' lang='grc' dir='ltr'>κατ’</span> <span class='ocrx_word' id='word_1_76' title='bbox 3543 929 3793 1001; x_wconf 77' lang='grc' dir='ltr'>ἀλλήλων</span> 
     </span>
    </p>
   </div>
   <div class='ocr_carea' id='block_1_11' title="bbox 497 1001 2087 1094">
    <p class='ocr_par' dir='ltr' id='par_1_11' title="bbox 497 1001 2087 1084">
     <span class='ocr_line' id='line_1_11' title="bbox 497 1001 2087 1084; baseline 0.011 -31"><span class='ocrx_word' id='word_1_77' title='bbox 497 1010 688 1072; x_wconf 85' lang='lat' dir='ltr'><strong>gentes</strong></span> <span class='ocrx_word' id='word_1_78' title='bbox 714 1001 782 1055; x_wconf 89' lang='lat' dir='ltr'><strong>ad</strong></span> <span class='ocrx_word' id='word_1_79' title='bbox 813 1017 966 1058; x_wconf 87' lang='lat' dir='ltr'><strong>arma</strong></span> <span class='ocrx_word' id='word_1_80' title='bbox 991 1020 1346 1065; x_wconf 86' lang='lat' dir='ltr'><strong>concurrere.</strong></span> <span class='ocrx_word' id='word_1_81' title='bbox 1386 1009 1442 1066; x_wconf 88' lang='lat' dir='ltr'><strong>In</strong></span> <span class='ocrx_word' id='word_1_82' title='bbox 1476 1013 1563 1068; x_wconf 91' lang='lat' dir='ltr'><strong>his</strong></span> <span class='ocrx_word' id='word_1_83' title='bbox 1586 1011 1820 1069; x_wconf 83' lang='lat' dir='ltr'><strong>Michael</strong></span> <span class='ocrx_word' id='word_1_84' title='bbox 1852 1016 2087 1084; x_wconf 87' lang='lat' dir='ltr'><strong>legatum</strong></span> 
     </span>
    </p>
   </div>
   <div class='ocr_carea' id='block_1_12' title="bbox 2191 1001 3793 1094">
    <p class='ocr_par' dir='ltr' id='par_1_12' title="bbox 2194 1015 3793 1094">
     <span class='ocr_line' id='line_1_12' title="bbox 2194 1015 3793 1094; baseline 0.006 -27"><span class='ocrx_word' id='word_1_85' title='bbox 2194 1015 2531 1080; x_wconf 75' lang='grc' dir='ltr'>ὁπλίζονται.</span> <span class='ocrx_word' id='word_1_86' title='bbox 2580 1019 2693 1072; x_wconf 74' lang='grc' dir='ltr'><strong>Καὶ</strong></span> <span class='ocrx_word' id='word_1_87' title='bbox 2731 1020 2954 1091; x_wconf 77' lang='grc' dir='ltr'>Μιχαὴλ</span> <span class='ocrx_word' id='word_1_88' title='bbox 2996 1020 3092 1074; x_wconf 83' lang='grc' dir='ltr'>τὸν</span> <span class='ocrx_word' id='word_1_89' title='bbox 3125 1021 3322 1075; x_wconf 84' lang='grc' dir='ltr'>ἐαυτοῦ</span> <span class='ocrx_word' id='word_1_90' title='bbox 3370 1022 3793 1094; x_wconf 82' lang='grc' dir='ltr'>ὑποστράτηγον</span> 
     </span>
    </p>
   </div>
   <div class='ocr_carea' id='block_1_13' title="bbox 497 1097 2087 1183">
    <p class='ocr_par' dir='ltr' id='par_1_13' title="bbox 497 1097 2087 1180">
     <span class='ocr_line' id='line_1_13' title="bbox 497 1097 2087 1180; baseline 0.011 -30"><span class='ocrx_word' id='word_1_91' title='bbox 497 1111 658 1150; x_wconf 80' lang='lat' dir='ltr'><strong>suum</strong></span> <span class='ocrx_word' id='word_1_92' title='bbox 692 1097 888 1151; x_wconf 85' lang='lat' dir='ltr'><strong>reverti</strong></span> <span class='ocrx_word' id='word_1_93' title='bbox 911 1098 1087 1167; x_wconf 86' lang='lat' dir='ltr'><strong>jubet,</strong></span> <span class='ocrx_word' id='word_1_94' title='bbox 1121 1116 1299 1172; x_wconf 83' lang='lat' dir='ltr'><strong>exque</strong></span> <span class='ocrx_word' id='word_1_95' title='bbox 1329 1103 1553 1162; x_wconf 90' lang='lat' dir='ltr'><strong>Oriente</strong></span> <span class='ocrx_word' id='word_1_96' title='bbox 1577 1121 1702 1162; x_wconf 92' lang='lat' dir='ltr'><strong>cum</strong></span> <span class='ocrx_word' id='word_1_97' title='bbox 1730 1108 1902 1178; x_wconf 85' lang='lat' dir='ltr'><strong>copiis</strong></span> <span class='ocrx_word' id='word_1_98' title='bbox 1923 1125 2087 1180; x_wconf 90' lang='lat' dir='ltr'><strong>quam</strong></span> 
     </span>
    </p>
   </div>
   <div class='ocr_carea' id='block_1_14' title="bbox 2191 1097 3793 1183">
    <p class='ocr_par' dir='ltr' id='par_1_14' title="bbox 2194 1107 3793 1183">
     <span class='ocr_line' id='line_1_14' title="bbox 2194 1107 3793 1183; baseline 0.006 -24"><span class='ocrx_word' id='word_1_99' title='bbox 2194 1107 2402 1162; x_wconf 79' lang='grc' dir='ltr'>Λέοντα</span> <span class='ocrx_word' id='word_1_100' title='bbox 2431 1110 2730 1180; x_wconf 76' lang='grc' dir='ltr'><strong>ἐπανάγειν</strong></span> <span class='ocrx_word' id='word_1_101' title='bbox 2759 1112 2857 1165; x_wconf 76' lang='grc' dir='ltr'>καὶ</span> <span class='ocrx_word' id='word_1_102' title='bbox 2900 1111 3360 1182; x_wconf 76' lang='grc' dir='ltr'>διαπεραιοῦσθαι</span> <span class='ocrx_word' id='word_1_103' title='bbox 3392 1116 3459 1168; x_wconf 83' lang='grc' dir='ltr'><strong>ἐκ</strong></span> <span class='ocrx_word' id='word_1_104' title='bbox 3494 1115 3598 1183; x_wconf 77' lang='grc' dir='ltr'>τῆς</span> <span class='ocrx_word' id='word_1_105' title='bbox 3627 1115 3793 1170; x_wconf 81' lang='grc' dir='ltr'>Ἀνα-</span> 
     </span>
    </p>
   </div>
   <div class='ocr_carea' id='block_1_15' title="bbox 497 1188 2087 1280">
    <p class='ocr_par' dir='ltr' id='par_1_15' title="bbox 497 1188 2087 1274">
     <span class='ocr_line' id='line_1_15' title="bbox 497 1188 2087 1274; baseline 0.014 -34"><span class='ocrx_word' id='word_1_106' title='bbox 497 1188 608 1241; x_wconf 87' lang='lat' dir='ltr'><strong>cito</strong></span> <span class='ocrx_word' id='word_1_107' title='bbox 637 1190 1012 1246; x_wconf 86' lang='lat' dir='ltr'><strong>transmittere</strong></span> <span class='ocrx_word' id='word_1_108' title='bbox 1045 1209 1060 1248; x_wconf 88' lang='lat'><strong>:</strong></span> <span class='ocrx_word' id='word_1_109' title='bbox 1096 1194 1382 1252; x_wconf 80' lang='lat' dir='ltr'><strong>enimvero</strong></span> <span class='ocrx_word' id='word_1_110' title='bbox 1411 1214 1522 1269; x_wconf 92' lang='lat' dir='ltr'><strong>quo</strong></span> <span class='ocrx_word' id='word_1_111' title='bbox 1549 1215 1608 1256; x_wconf 89' lang='lat' dir='ltr'><strong>se</strong></span> <span class='ocrx_word' id='word_1_112' title='bbox 1642 1203 1894 1274; x_wconf 88' lang='lat' dir='ltr'><strong>adjutore</strong></span> <span class='ocrx_word' id='word_1_113' title='bbox 1949 1222 2087 1261; x_wconf 88' lang='lat' dir='ltr'><strong>usu-</strong></span> 
     </span>
    </p>
   </div>
   <div class='ocr_carea' id='block_1_16' title="bbox 2191 1188 3795 1280">
    <p class='ocr_par' dir='ltr' id='par_1_16' title="bbox 2193 1200 3795 1280">
     <span class='ocr_line' id='line_1_16' title="bbox 2193 1200 3795 1280; baseline 0.006 -27"><span class='ocrx_word' id='word_1_114' title='bbox 2193 1200 2359 1272; x_wconf 81' lang='grc' dir='ltr'>τολῆς</span> <span class='ocrx_word' id='word_1_115' title='bbox 2406 1202 2604 1257; x_wconf 78' lang='grc' dir='ltr'>θᾶττον</span> <span class='ocrx_word' id='word_1_116' title='bbox 2655 1205 2810 1275; x_wconf 81' lang='grc' dir='ltr'>ὴξίου</span> <span class='ocrx_word' id='word_1_117' title='bbox 2843 1207 2982 1275; x_wconf 78' lang='grc' dir='ltr'>μετὰ</span> <span class='ocrx_word' id='word_1_118' title='bbox 3035 1209 3133 1262; x_wconf 77' lang='grc' dir='ltr'>καὶ</span> <span class='ocrx_word' id='word_1_119' title='bbox 3176 1209 3286 1262; x_wconf 85' lang='grc' dir='ltr'><strong>τῶν</strong></span> <span class='ocrx_word' id='word_1_120' title='bbox 3331 1209 3638 1280; x_wconf 72' lang='grc' dir='ltr'>δυνάμεωνο</span> <span class='ocrx_word' id='word_1_121' title='bbox 3695 1211 3795 1264; x_wconf 72' lang='grc' dir='ltr'>καὶ</span> 
     </span>
    </p>
   </div>
   <div class='ocr_carea' id='block_1_17' title="bbox 497 1284 2087 1373">
    <p class='ocr_par' dir='ltr' id='par_1_17' title="bbox 497 1284 2087 1372">
     <span class='ocr_line' id='line_1_17' title="bbox 497 1284 2087 1372; baseline 0.014 -38"><span class='ocrx_word' id='word_1_122' title='bbox 497 1297 622 1334; x_wconf 90' lang='lat' dir='ltr'><strong>rum</strong></span> <span class='ocrx_word' id='word_1_123' title='bbox 673 1284 1030 1353; x_wconf 72' lang='lat' dir='ltr'><strong>exspectabat</strong></span> <span class='ocrx_word' id='word_1_124' title='bbox 1067 1286 1305 1358; x_wconf 82' lang='lat' dir='ltr'><strong>bellique</strong></span> <span class='ocrx_word' id='word_1_125' title='bbox 1345 1291 1516 1358; x_wconf 89' lang='lat' dir='ltr'><strong>socio,</strong></span> <span class='ocrx_word' id='word_1_126' title='bbox 1550 1293 1948 1362; x_wconf 88' lang='lat' dir='ltr'><strong>implacabilem</strong></span> <span class='ocrx_word' id='word_1_127' title='bbox 1988 1300 2087 1372; x_wconf 68' lang='grc'><strong>16</strong></span> 
     </span>
    </p>
   </div>
   <div class='ocr_carea' id='block_1_18' title="bbox 2191 1284 3796 1373">
    <p class='ocr_par' dir='ltr' id='par_1_18' title="bbox 2201 1293 3796 1373">
     <span class='ocr_line' id='line_1_18' title="bbox 2201 1293 3796 1373; baseline 0.007 -27"><span class='ocrx_word' id='word_1_128' title='bbox 2201 1293 2383 1365; x_wconf 87' lang='grc' dir='ltr'>βοηθῷ</span> <span class='ocrx_word' id='word_1_129' title='bbox 2437 1296 2651 1366; x_wconf 77' lang='grc' dir='ltr'><strong>μέλλων</strong></span> <span class='ocrx_word' id='word_1_130' title='bbox 2711 1299 2954 1370; x_wconf 78' lang='grc' dir='ltr'>χρῆσθαι</span> <span class='ocrx_word' id='word_1_131' title='bbox 3023 1302 3175 1372; x_wconf 83' lang='grc' dir='ltr'><strong>αὑτῷ</strong></span> <span class='ocrx_word' id='word_1_132' title='bbox 3244 1303 3438 1373; x_wconf 82' lang='grc' dir='ltr'>ἐχθρὸν</span> <span class='ocrx_word' id='word_1_133' title='bbox 3493 1304 3796 1357; x_wconf 83' lang='grc' dir='ltr'>κατέλαϐεν</span> 
     </span>
    </p>
   </div>
   <div class='ocr_carea' id='block_1_19' title="bbox 497 1372 2087 1467">
    <p class='ocr_par' dir='ltr' id='par_1_19' title="bbox 497 1372 2087 1460">
     <span class='ocr_line' id='line_1_19' title="bbox 497 1372 2087 1460; baseline 0.015 -36"><span class='ocrx_word' id='word_1_134' title='bbox 497 1372 712 1427; x_wconf 85' lang='lat' dir='ltr'><strong>hostem</strong></span> <span class='ocrx_word' id='word_1_135' title='bbox 737 1373 982 1430; x_wconf 80' lang='lat' dir='ltr'><strong>nll&#39;endit.</strong></span> <span class='ocrx_word' id='word_1_136' title='bbox 1015 1376 1152 1431; x_wconf 89' lang='lat' dir='ltr'><strong>Cum</strong></span> <span class='ocrx_word' id='word_1_137' title='bbox 1183 1379 1330 1434; x_wconf 91' lang='lat' dir='ltr'><strong>enim</strong></span> <span class='ocrx_word' id='word_1_138' title='bbox 1352 1396 1417 1436; x_wconf 83' lang='lat' dir='ltr'><strong>ex</strong></span> <span class='ocrx_word' id='word_1_139' title='bbox 1453 1384 1742 1441; x_wconf 81' lang='lat' dir='ltr'><strong>verborum</strong></span> <span class='ocrx_word' id='word_1_140' title='bbox 1762 1389 1853 1443; x_wconf 88' lang='lat' dir='ltr'><strong>illa</strong></span> <span class='ocrx_word' id='word_1_141' title='bbox 1873 1389 2087 1460; x_wconf 90' lang='lat' dir='ltr'><strong>jactan-</strong></span> 
     </span>
    </p>
   </div>
   <div class='ocr_carea' id='block_1_20' title="bbox 2191 1372 3795 1467">
    <p class='ocr_par' dir='ltr' id='par_1_20' title="bbox 2198 1372 3795 1467">
     <span class='ocr_line' id='line_1_20' title="bbox 2198 1372 3795 1467; baseline 0.006 -26"><span class='ocrx_word' id='word_1_142' title='bbox 2198 1387 2492 1441; x_wconf 77' lang='grc' dir='ltr'>ἄσπονδον.</span> <span class='ocrx_word' id='word_1_143' title='bbox 2537 1389 2626 1455; x_wconf 81' lang='grc' dir='ltr'>Ὠς</span> <span class='ocrx_word' id='word_1_144' title='bbox 2650 1391 2762 1463; x_wconf 82' lang='grc' dir='ltr'><strong>γάρ</strong></span> <span class='ocrx_word' id='word_1_145' title='bbox 2795 1395 2859 1447; x_wconf 88' lang='grc' dir='ltr'><strong>ἐκ</strong></span> <span class='ocrx_word' id='word_1_146' title='bbox 2880 1393 2990 1449; x_wconf 85' lang='grc' dir='ltr'>τῶν</span> <span class='ocrx_word' id='word_1_147' title='bbox 3016 1372 3380 1466; x_wconf 80' lang='grc' dir='ltr'>μεγαλαύχων</span> <span class='ocrx_word' id='word_1_148' title='bbox 3410 1397 3675 1467; x_wconf 82' lang='grc' dir='ltr'><strong>ῥημάτων</strong></span> <span class='ocrx_word' id='word_1_149' title='bbox 3698 1398 3795 1451; x_wconf 80' lang='grc' dir='ltr'>καὶ</span> 
     </span>
    </p>
   </div>
   <div class='ocr_carea' id='block_1_21' title="bbox 499 1465 2087 1560">
    <p class='ocr_par' dir='ltr' id='par_1_21' title="bbox 499 1465 2087 1549">
     <span class='ocr_line' id='line_1_21' title="bbox 499 1465 2087 1549; baseline 0.015 -30"><span class='ocrx_word' id='word_1_150' title='bbox 499 1467 572 1519; x_wconf 86' lang='lat' dir='ltr'><strong>tia</strong></span> <span class='ocrx_word' id='word_1_151' title='bbox 608 1482 672 1521; x_wconf 92' lang='lat' dir='ltr'><strong>ac</strong></span> <span class='ocrx_word' id='word_1_152' title='bbox 694 1465 960 1526; x_wconf 82' lang='lat' dir='ltr'><strong>Romanis</strong></span> <span class='ocrx_word' id='word_1_153' title='bbox 1003 1471 1292 1529; x_wconf 75' lang='lat' dir='ltr'><strong>intentatis</strong></span> <span class='ocrx_word' id='word_1_154' title='bbox 1334 1477 1521 1542; x_wconf 90' lang='lat' dir='ltr'><strong>minis,</strong></span> <span class='ocrx_word' id='word_1_155' title='bbox 1557 1482 1757 1549; x_wconf 86' lang='lat' dir='ltr'><strong>quibus</strong></span> <span class='ocrx_word' id='word_1_156' title='bbox 1782 1500 1842 1540; x_wconf 91' lang='lat' dir='ltr'><strong>se</strong></span> <span class='ocrx_word' id='word_1_157' title='bbox 1889 1487 2087 1542; x_wconf 82' lang='lat' dir='ltr'><strong>Crum—</strong></span> 
     </span>
    </p>
   </div>
   <div class='ocr_carea' id='block_1_22' title="bbox 2191 1465 3792 1560">
    <p class='ocr_par' dir='ltr' id='par_1_22' title="bbox 2199 1465 3792 1560">
     <span class='ocr_line' id='line_1_22' title="bbox 2199 1465 3792 1560; baseline 0.006 -27"><span class='ocrx_word' id='word_1_158' title='bbox 2199 1480 2441 1535; x_wconf 81' lang='grc' dir='ltr'>ἀπειλῶν</span> <span class='ocrx_word' id='word_1_159' title='bbox 2468 1475 2542 1537; x_wconf 79' lang='grc' dir='ltr'><strong>ὧν</strong></span> <span class='ocrx_word' id='word_1_160' title='bbox 2578 1486 2722 1540; x_wconf 81' lang='grc' dir='ltr'>κατὰ</span> <span class='ocrx_word' id='word_1_161' title='bbox 2757 1485 3048 1557; x_wconf 88' lang='grc' dir='ltr'>Ῥωμαίων</span> <span class='ocrx_word' id='word_1_162' title='bbox 3073 1490 3102 1542; x_wconf 86' lang='grc' dir='ltr'>ὁ</span> <span class='ocrx_word' id='word_1_163' title='bbox 3147 1465 3437 1560; x_wconf 78' lang='grc' dir='ltr'>Κροῦμνος</span> <span class='ocrx_word' id='word_1_164' title='bbox 3467 1465 3792 1560; x_wconf 74' lang='grc' dir='ltr'>άπέπεμπε,</span> 
     </span>
    </p>
   </div>
   <div class='ocr_carea' id='block_1_23' title="bbox 497 1563 2087 1652">
    <p class='ocr_par' dir='ltr' id='par_1_23' title="bbox 497 1563 2087 1652">
     <span class='ocr_line' id='line_1_23' title="bbox 497 1563 2087 1652; baseline 0.017 -39"><span class='ocrx_word' id='word_1_165' title='bbox 497 1576 602 1617; x_wconf 86' lang='lat' dir='ltr'><strong>nus</strong></span> <span class='ocrx_word' id='word_1_166' title='bbox 627 1563 912 1621; x_wconf 88' lang='lat' dir='ltr'><strong>hominum</strong></span> <span class='ocrx_word' id='word_1_167' title='bbox 950 1575 1190 1639; x_wconf 74' lang='lat' dir='ltr'><strong>stragem</strong></span> <span class='ocrx_word' id='word_1_168' title='bbox 1215 1570 1508 1639; x_wconf 84' lang='lat' dir='ltr'><strong>facturum,</strong></span> <span class='ocrx_word' id='word_1_169' title='bbox 1539 1591 1700 1648; x_wconf 88' lang='lat' dir='ltr'><strong>agros</strong></span> <span class='ocrx_word' id='word_1_170' title='bbox 1723 1592 2087 1652; x_wconf 86' lang='lat' dir='ltr'><strong>vastaturum,</strong></span> 
     </span>
    </p>
   </div>
   <div class='ocr_carea' id='block_1_24' title="bbox 2191 1563 3794 1652">
    <p class='ocr_par' dir='ltr' id='par_1_24' title="bbox 2201 1572 3794 1652">
     <span class='ocr_line' id='line_1_24' title="bbox 2201 1572 3794 1652; baseline 0.006 -28"><span class='ocrx_word' id='word_1_171' title='bbox 2201 1572 2436 1643; x_wconf 80' lang='grc' dir='ltr'>φθόρους</span> <span class='ocrx_word' id='word_1_172' title='bbox 2482 1577 2754 1646; x_wconf 90' lang='grc' dir='ltr'>σωμάτων</span> <span class='ocrx_word' id='word_1_173' title='bbox 2803 1578 3124 1634; x_wconf 75' lang='grc' dir='ltr'>ἐπαπειλῶν</span> <span class='ocrx_word' id='word_1_174' title='bbox 3167 1582 3262 1635; x_wconf 77' lang='grc' dir='ltr'>καὶ</span> <span class='ocrx_word' id='word_1_175' title='bbox 3301 1584 3406 1652; x_wconf 83' lang='grc' dir='ltr'>γῆς</span> <span class='ocrx_word' id='word_1_176' title='bbox 3451 1580 3653 1652; x_wconf 80' lang='grc' dir='ltr'>δῄωσιν</span> <span class='ocrx_word' id='word_1_177' title='bbox 3695 1581 3794 1636; x_wconf 79' lang='grc' dir='ltr'>καὶ</span> 
     </span>
    </p>
   </div>
   <div class='ocr_carea' id='block_1_25' title="bbox 498 1657 2087 1745">
    <p class='ocr_par' dir='ltr' id='par_1_25' title="bbox 498 1657 2087 1739">
     <span class='ocr_line' id='line_1_25' title="bbox 498 1657 2087 1739; baseline 0.015 -32"><span class='ocrx_word' id='word_1_178' title='bbox 498 1657 722 1713; x_wconf 85' lang='lat' dir='ltr'><strong>arbores</strong></span> <span class='ocrx_word' id='word_1_179' title='bbox 745 1662 1086 1726; x_wconf 78' lang='lat' dir='ltr'><strong>excisurum,</strong></span> <span class='ocrx_word' id='word_1_180' title='bbox 1113 1662 1310 1718; x_wconf 90' lang='lat' dir='ltr'><strong>domos</strong></span> <span class='ocrx_word' id='word_1_181' title='bbox 1358 1681 1780 1739; x_wconf 88' lang='lat' dir='ltr'><strong>succensurum,</strong></span> <span class='ocrx_word' id='word_1_182' title='bbox 1829 1677 2087 1732; x_wconf 85' lang='lat' dir='ltr'><strong>omnino-</strong></span> 
     </span>
    </p>
   </div>
   <div class='ocr_carea' id='block_1_26' title="bbox 2191 1657 3796 1745">
    <p class='ocr_par' dir='ltr' id='par_1_26' title="bbox 2198 1663 3796 1745">
     <span class='ocr_line' id='line_1_26' title="bbox 2198 1663 3796 1745; baseline 0.008 -29"><span class='ocrx_word' id='word_1_183' title='bbox 2198 1663 2434 1737; x_wconf 78' lang='grc' dir='ltr'>δένδρων</span> <span class='ocrx_word' id='word_1_184' title='bbox 2483 1669 2724 1739; x_wconf 80' lang='grc' dir='ltr'>ἐκτομὰς</span> <span class='ocrx_word' id='word_1_185' title='bbox 2761 1671 2861 1725; x_wconf 74' lang='grc' dir='ltr'>καὶ</span> <span class='ocrx_word' id='word_1_186' title='bbox 2905 1673 3226 1742; x_wconf 78' lang='grc' dir='ltr'><strong>οἰκημάτων</strong></span> <span class='ocrx_word' id='word_1_187' title='bbox 3276 1674 3644 1745; x_wconf 85' lang='grc' dir='ltr'>πυρπόλησιν,</span> <span class='ocrx_word' id='word_1_188' title='bbox 3699 1673 3796 1728; x_wconf 80' lang='grc' dir='ltr'>καὶ</span> 
     </span>
    </p>
   </div>
   <div class='ocr_carea' id='block_1_27' title="bbox 494 1752 2087 1838">
    <p class='ocr_par' dir='ltr' id='par_1_27' title="bbox 494 1752 2087 1838">
     <span class='ocr_line' id='line_1_27' title="bbox 494 1752 2087 1838; baseline 0.018 -42"><span class='ocrx_word' id='word_1_189' title='bbox 494 1761 602 1816; x_wconf 86' lang='lat' dir='ltr'><strong>que</strong></span> <span class='ocrx_word' id='word_1_190' title='bbox 628 1752 886 1807; x_wconf 89' lang='lat' dir='ltr'><strong>torrentis</strong></span> <span class='ocrx_word' id='word_1_191' title='bbox 917 1769 1086 1819; x_wconf 89' lang='lat' dir='ltr'><strong>more,</strong></span> <span class='ocrx_word' id='word_1_192' title='bbox 1111 1756 1347 1811; x_wconf 85' lang='lat' dir='ltr'><strong>violento</strong></span> <span class='ocrx_word' id='word_1_193' title='bbox 1369 1759 1420 1813; x_wconf 93' lang='lat' dir='ltr'><strong>in</strong></span> <span class='ocrx_word' id='word_1_194' title='bbox 1452 1777 1555 1818; x_wconf 91' lang='lat' dir='ltr'><strong>nos</strong></span> <span class='ocrx_word' id='word_1_195' title='bbox 1580 1763 1807 1834; x_wconf 90' lang='lat' dir='ltr'><strong>impetu,</strong></span> <span class='ocrx_word' id='word_1_196' title='bbox 1833 1767 2087 1838; x_wconf 49' lang='lat' dir='ltr'><strong>irruptio.</strong></span> 
     </span>
    </p>
   </div>
   <div class='ocr_carea' id='block_1_28' title="bbox 2191 1752 3794 1838">
    <p class='ocr_par' dir='ltr' id='par_1_28' title="bbox 2201 1753 3794 1834">
     <span class='ocr_line' id='line_1_28' title="bbox 2201 1753 3794 1834; baseline 0.007 -27"><span class='ocrx_word' id='word_1_197' title='bbox 2201 1753 2338 1818; x_wconf 85' lang='grc' dir='ltr'>ὅλως</span> <span class='ocrx_word' id='word_1_198' title='bbox 2368 1756 2489 1810; x_wconf 84' lang='grc' dir='ltr'>καθ’</span> <span class='ocrx_word' id='word_1_199' title='bbox 2515 1758 2678 1828; x_wconf 79' lang='grc' dir='ltr'>ἡμῶν</span> <span class='ocrx_word' id='word_1_200' title='bbox 2707 1757 2798 1814; x_wconf 79' lang='grc' dir='ltr'>οἶά</span> <span class='ocrx_word' id='word_1_201' title='bbox 2844 1778 2928 1824; x_wconf 91' lang='grc' dir='ltr'><strong>τις</strong></span> <span class='ocrx_word' id='word_1_202' title='bbox 2973 1761 3311 1834; x_wconf 73' lang='grc' dir='ltr'>χειμάρρους</span> <span class='ocrx_word' id='word_1_203' title='bbox 3341 1763 3587 1833; x_wconf 81' lang='grc' dir='ltr'>ποταμὸς</span> <span class='ocrx_word' id='word_1_204' title='bbox 3623 1764 3794 1834; x_wconf 75' lang='grc' dir='ltr'>φερόο</span> 
     </span>
    </p>
   </div>
   <div class='ocr_carea' id='block_1_29' title="bbox 497 1842 2087 1930">
    <p class='ocr_par' dir='ltr' id='par_1_29' title="bbox 497 1842 2087 1930">
     <span class='ocr_line' id='line_1_29' title="bbox 497 1842 2087 1930; baseline 0.014 -37"><span class='ocrx_word' id='word_1_205' title='bbox 497 1855 621 1894; x_wconf 91' lang='lat' dir='ltr'><strong>nem</strong></span> <span class='ocrx_word' id='word_1_206' title='bbox 665 1857 724 1896; x_wconf 90' lang='lat' dir='ltr'><strong>se</strong></span> <span class='ocrx_word' id='word_1_207' title='bbox 755 1842 1030 1900; x_wconf 79' lang='lat' dir='ltr'><strong>facturum</strong></span> <span class='ocrx_word' id='word_1_208' title='bbox 1088 1847 1400 1904; x_wconf 77' lang='lat' dir='ltr'><strong>amrmabat</strong></span> <span class='ocrx_word' id='word_1_209' title='bbox 1434 1868 1499 1907; x_wconf 89' lang='lat' dir='ltr'><strong>ac</strong></span> <span class='ocrx_word' id='word_1_210' title='bbox 1529 1869 1724 1910; x_wconf 88' lang='lat' dir='ltr'><strong>omnes</strong></span> <span class='ocrx_word' id='word_1_211' title='bbox 1759 1859 1861 1913; x_wconf 86' lang='lat' dir='ltr'><strong>sub</strong></span> <span class='ocrx_word' id='word_1_212' title='bbox 1897 1860 2087 1930; x_wconf 87' lang='lat' dir='ltr'><strong>jugum</strong></span> 
     </span>
    </p>
   </div>
   <div class='ocr_carea' id='block_1_30' title="bbox 2191 1842 3791 1930">
    <p class='ocr_par' dir='ltr' id='par_1_30' title="bbox 2201 1851 3791 1928">
     <span class='ocr_line' id='line_1_30' title="bbox 2201 1851 3791 1928; baseline 0.006 -28"><span class='ocrx_word' id='word_1_213' title='bbox 2201 1865 2363 1915; x_wconf 86' lang='grc' dir='ltr'>μενος</span> <span class='ocrx_word' id='word_1_214' title='bbox 2407 1851 2620 1916; x_wconf 82' lang='grc' dir='ltr'>πάντας</span> <span class='ocrx_word' id='word_1_215' title='bbox 2647 1851 2740 1920; x_wconf 85' lang='grc' dir='ltr'>ὑφ’</span> <span class='ocrx_word' id='word_1_216' title='bbox 2771 1853 2966 1907; x_wconf 79' lang='grc' dir='ltr'>ἐαυτὸν</span> <span class='ocrx_word' id='word_1_217' title='bbox 3011 1856 3240 1924; x_wconf 82' lang='grc' dir='ltr'>ποιῆσαι</span> <span class='ocrx_word' id='word_1_218' title='bbox 3280 1855 3611 1922; x_wconf 78' lang='grc' dir='ltr'>διεϐεσαίου,</span> <span class='ocrx_word' id='word_1_219' title='bbox 3661 1857 3791 1928; x_wconf 80' lang='grc' dir='ltr'>ἄρτι</span> 
     </span>
    </p>
   </div>
   <div class='ocr_carea' id='block_1_31' title="bbox 495 1931 2092 2022">
    <p class='ocr_par' dir='ltr' id='par_1_31' title="bbox 495 1931 2092 2022">
     <span class='ocr_line' id='line_1_31' title="bbox 495 1931 2092 2022; baseline 0.016 -38"><span class='ocrx_word' id='word_1_220' title='bbox 495 1931 822 1998; x_wconf 89' lang='lat' dir='ltr'><strong>missurum,</strong></span> <span class='ocrx_word' id='word_1_221' title='bbox 858 1937 1137 1994; x_wconf 88' lang='lat' dir='ltr'><strong>animatus</strong></span> <span class='ocrx_word' id='word_1_222' title='bbox 1167 1942 1469 2010; x_wconf 87' lang='lat' dir='ltr'><strong>imperator</strong></span> <span class='ocrx_word' id='word_1_223' title='bbox 1497 1959 1750 2016; x_wconf 86' lang='lat' dir='ltr'><strong>suscepta</strong></span> <span class='ocrx_word' id='word_1_224' title='bbox 1781 1949 1895 2017; x_wconf 89' lang='lat' dir='ltr'><strong>jam</strong></span> <span class='ocrx_word' id='word_1_225' title='bbox 1929 1967 2092 2022; x_wconf 78' lang='lat' dir='ltr'><strong>expe-</strong></span> 
     </span>
    </p>
   </div>
   <div class='ocr_carea' id='block_1_32' title="bbox 495 2022 2091 2103">
    <p class='ocr_par' dir='ltr' id='par_1_32' title="bbox 495 2022 2091 2103">
     <span class='ocr_line' id='line_1_32' title="bbox 495 2022 2091 2103; baseline 0.016 -26"><span class='ocrx_word' id='word_1_226' title='bbox 495 2022 724 2090; x_wconf 86' lang='lat' dir='ltr'><strong>ditione,</strong></span> <span class='ocrx_word' id='word_1_227' title='bbox 763 2031 984 2084; x_wconf 89' lang='lat' dir='ltr'><strong>modum</strong></span> <span class='ocrx_word' id='word_1_228' title='bbox 1022 2047 1240 2087; x_wconf 86' lang='lat' dir='ltr'><strong>omnem</strong></span> <span class='ocrx_word' id='word_1_229' title='bbox 1280 2037 1615 2094; x_wconf 80' lang='lat' dir='ltr'><strong>excedentes</strong></span> <span class='ocrx_word' id='word_1_230' title='bbox 1647 2039 1874 2098; x_wconf 84' lang='lat' dir='ltr'><strong>Barbari</strong></span> <span class='ocrx_word' id='word_1_231' title='bbox 1909 2046 2091 2103; x_wconf 88' lang='lat' dir='ltr'><strong>minas</strong></span> 
     </span>
    </p>
   </div>
   <div class='ocr_carea' id='block_1_33' title="bbox 495 2118 2089 2204">
    <p class='ocr_par' dir='ltr' id='par_1_33' title="bbox 495 2118 2089 2204">
     <span class='ocr_line' id='line_1_33' title="bbox 495 2118 2089 2204; baseline 0.016 -37"><span class='ocrx_word' id='word_1_232' title='bbox 495 2118 940 2185; x_wconf 88' lang='lat' dir='ltr'><strong>compressisset,</strong></span> <span class='ocrx_word' id='word_1_233' title='bbox 963 2123 1162 2193; x_wconf 83' lang='lat' dir='ltr'><strong>vixque</strong></span> <span class='ocrx_word' id='word_1_234' title='bbox 1185 2141 1292 2181; x_wconf 92' lang='lat' dir='ltr'><strong>non</strong></span> <span class='ocrx_word' id='word_1_235' title='bbox 1317 2132 1433 2184; x_wconf 90' lang='lat' dir='ltr'><strong>suis</strong></span> <span class='ocrx_word' id='word_1_236' title='bbox 1461 2146 1520 2184; x_wconf 90' lang='lat' dir='ltr'><strong>se</strong></span> <span class='ocrx_word' id='word_1_237' title='bbox 1551 2132 1754 2188; x_wconf 80' lang='lat' dir='ltr'><strong>ﬁnibus</strong></span> <span class='ocrx_word' id='word_1_238' title='bbox 1782 2136 2089 2204; x_wconf 87' lang='lat' dir='ltr'><strong>continere,</strong></span> 
     </span>
    </p>
   </div>
   <div class='ocr_carea' id='block_1_34' title="bbox 495 2209 2092 2291">
    <p class='ocr_par' dir='ltr' id='par_1_34' title="bbox 495 2209 2092 2291">
     <span class='ocr_line' id='line_1_34' title="bbox 495 2209 2092 2291; baseline 0.016 -30"><span class='ocrx_word' id='word_1_239' title='bbox 495 2223 599 2264; x_wconf 88' lang='lat' dir='ltr'><strong>nec</strong></span> <span class='ocrx_word' id='word_1_240' title='bbox 629 2209 757 2266; x_wconf 88' lang='lat' dir='ltr'><strong>inde</strong></span> <span class='ocrx_word' id='word_1_241' title='bbox 787 2228 1155 2287; x_wconf 81' lang='lat' dir='ltr'><strong>prorumpere</strong></span> <span class='ocrx_word' id='word_1_242' title='bbox 1202 2236 1482 2291; x_wconf 78' lang='lat' dir='ltr'><strong>agrosque</strong></span> <span class='ocrx_word' id='word_1_243' title='bbox 1532 2222 1817 2284; x_wconf 85' lang='lat' dir='ltr'><strong>Romanos</strong></span> <span class='ocrx_word' id='word_1_244' title='bbox 1872 2240 2092 2286; x_wconf 89' lang='lat' dir='ltr'><strong>vastare</strong></span> 
     </span>
    </p>
   </div>
   <div class='ocr_carea' id='block_1_35' title="bbox 484 2304 2092 2384">
    <p class='ocr_par' dir='ltr' id='par_1_35' title="bbox 484 2304 2092 2384">
     <span class='ocr_line' id='line_1_35' title="bbox 484 2304 2092 2384; baseline 0.012 -27"><span class='ocrx_word' id='word_1_245' title='bbox 484 2304 800 2375; x_wconf 75' lang='lat' dir='ltr'><strong>coegisset;</strong></span> <span class='ocrx_word' id='word_1_246' title='bbox 821 2311 1130 2382; x_wconf 63' lang='lat' dir='ltr'><strong>smpiusque</strong></span> <span class='ocrx_word' id='word_1_247' title='bbox 1153 2324 1486 2384; x_wconf 84' lang='lat' dir='ltr'><strong>provocante</strong></span> <span class='ocrx_word' id='word_1_248' title='bbox 1514 2315 1794 2384; x_wconf 83' lang='lat' dir='ltr'><strong>Michaele,</strong></span> <span class='ocrx_word' id='word_1_249' title='bbox 1821 2321 2092 2378; x_wconf 85' lang='lat' dir='ltr'><strong>instructa</strong></span> 
     </span>
    </p>
   </div>
   <div class='ocr_carea' id='block_1_36' title="bbox 498 2395 2091 2484">
    <p class='ocr_par' dir='ltr' id='par_1_36' title="bbox 498 2395 2091 2484">
     <span class='ocr_line' id='line_1_36' title="bbox 498 2395 2091 2484; baseline 0.014 -36"><span class='ocrx_word' id='word_1_250' title='bbox 498 2395 554 2449; x_wconf 90' lang='lat' dir='ltr'><strong>in</strong></span> <span class='ocrx_word' id='word_1_251' title='bbox 600 2412 727 2451; x_wconf 90' lang='lat' dir='ltr'><strong>eum</strong></span> <span class='ocrx_word' id='word_1_252' title='bbox 759 2401 899 2467; x_wconf 85' lang='lat' dir='ltr'><strong>acie,</strong></span> <span class='ocrx_word' id='word_1_253' title='bbox 938 2418 1134 2474; x_wconf 64' lang='lat' dir='ltr'><strong>pugnae</strong></span> <span class='ocrx_word' id='word_1_254' title='bbox 1165 2405 1212 2461; x_wconf 87' lang='lat' dir='ltr'><strong>is</strong></span> <span class='ocrx_word' id='word_1_255' title='bbox 1263 2406 1438 2484; x_wconf 82' lang='lat' dir='ltr'><strong>aleam</strong></span> <span class='ocrx_word' id='word_1_256' title='bbox 1477 2419 1808 2481; x_wconf 78' lang='lat' dir='ltr'><strong>compressa</strong></span> <span class='ocrx_word' id='word_1_257' title='bbox 1862 2414 2091 2470; x_wconf 81' lang='lat' dir='ltr'><strong>audacia</strong></span> 
     </span>
    </p>
   </div>
   <div class='ocr_carea' id='block_1_37' title="bbox 495 2486 2091 2573">
    <p class='ocr_par' dir='ltr' id='par_1_37' title="bbox 495 2486 2091 2573">
     <span class='ocr_line' id='line_1_37' title="bbox 495 2486 2091 2573; baseline 0.014 -33"><span class='ocrx_word' id='word_1_258' title='bbox 495 2486 885 2558; x_wconf 86' lang='lat' dir='ltr'><strong>detrectasset,</strong></span> <span class='ocrx_word' id='word_1_259' title='bbox 911 2495 1044 2562; x_wconf 92' lang='lat' dir='ltr'><strong>quin</strong></span> <span class='ocrx_word' id='word_1_260' title='bbox 1083 2497 1196 2552; x_wconf 86' lang='lat' dir='ltr'><strong>imo</strong></span> <span class='ocrx_word' id='word_1_261' title='bbox 1231 2499 1378 2554; x_wconf 82' lang='lat' dir='ltr'><strong>vires</strong></span> <span class='ocrx_word' id='word_1_262' title='bbox 1425 2515 1558 2556; x_wconf 84' lang='lat' dir='ltr'><strong>suas</strong></span> <span class='ocrx_word' id='word_1_263' title='bbox 1605 2513 1951 2573; x_wconf 84' lang='lat' dir='ltr'><strong>agnosceret,</strong></span> <span class='ocrx_word' id='word_1_264' title='bbox 1991 2525 2091 2566; x_wconf 86' lang='lat' dir='ltr'><strong>nec</strong></span> 
     </span>
    </p>
   </div>
   <div class='ocr_carea' id='block_1_38' title="bbox 486 2579 2088 2670">
    <p class='ocr_par' dir='ltr' id='par_1_38' title="bbox 486 2579 2088 2670">
     <span class='ocr_line' id='line_1_38' title="bbox 486 2579 2088 2670; baseline 0.016 -38"><span class='ocrx_word' id='word_1_265' title='bbox 486 2579 764 2638; x_wconf 77' lang='lat' dir='ltr'><strong>adversus</strong></span> <span class='ocrx_word' id='word_1_266' title='bbox 793 2585 1184 2654; x_wconf 85' lang='lat' dir='ltr'><strong>imperatorem</strong></span> <span class='ocrx_word' id='word_1_267' title='bbox 1215 2606 1441 2647; x_wconf 88' lang='lat' dir='ltr'><strong>manum</strong></span> <span class='ocrx_word' id='word_1_268' title='bbox 1485 2609 1784 2652; x_wconf 81' lang='lat' dir='ltr'><strong>conserere</strong></span> <span class='ocrx_word' id='word_1_269' title='bbox 1815 2599 2043 2656; x_wconf 89' lang='lat' dir='ltr'><strong>auderet</strong></span> <span class='ocrx_word' id='word_1_270' title='bbox 2072 2620 2088 2670; x_wconf 90' lang='lat'><strong>;</strong></span> 
     </span>
    </p>
   </div>
   <div class='ocr_carea' id='block_1_39' title="bbox 488 2672 2090 2757">
    <p class='ocr_par' dir='ltr' id='par_1_39' title="bbox 488 2672 2090 2757">
     <span class='ocr_line' id='line_1_39' title="bbox 488 2672 2090 2757; baseline 0.014 -29"><span class='ocrx_word' id='word_1_271' title='bbox 488 2672 748 2731; x_wconf 77' lang='lat' dir='ltr'><strong>suﬂicere</strong></span> <span class='ocrx_word' id='word_1_272' title='bbox 769 2677 1024 2735; x_wconf 81' lang='lat' dir='ltr'><strong>Michaeli</strong></span> <span class='ocrx_word' id='word_1_273' title='bbox 1046 2683 1355 2750; x_wconf 87' lang='lat' dir='ltr'><strong>videbatur,</strong></span> <span class='ocrx_word' id='word_1_274' title='bbox 1383 2688 1531 2757; x_wconf 92' lang='lat' dir='ltr'><strong>quod</strong></span> <span class='ocrx_word' id='word_1_275' title='bbox 1569 2689 1912 2746; x_wconf 88' lang='lat' dir='ltr'><strong>barbaricam</strong></span> <span class='ocrx_word' id='word_1_276' title='bbox 1940 2694 2090 2750; x_wconf 90' lang='lat' dir='ltr'><strong>illam</strong></span> 
     </span>
    </p>
   </div>
   <div class='ocr_carea' id='block_1_40' title="bbox 494 2765 2090 2842">
    <p class='ocr_par' dir='ltr' id='par_1_40' title="bbox 494 2765 2090 2842">
     <span class='ocr_line' id='line_1_40' title="bbox 494 2765 2090 2842; baseline 0.015 -24"><span class='ocrx_word' id='word_1_277' title='bbox 494 2765 762 2823; x_wconf 71' lang='lat' dir='ltr'><strong>ferociam</strong></span> <span class='ocrx_word' id='word_1_278' title='bbox 804 2786 870 2826; x_wconf 89' lang='lat' dir='ltr'><strong>ac</strong></span> <span class='ocrx_word' id='word_1_279' title='bbox 899 2775 1268 2831; x_wconf 84' lang='lat' dir='ltr'><strong>temeritatem</strong></span> <span class='ocrx_word' id='word_1_280' title='bbox 1303 2780 1422 2834; x_wconf 88' lang='lat' dir='ltr'><strong>suis</strong></span> <span class='ocrx_word' id='word_1_281' title='bbox 1472 2781 1623 2836; x_wconf 89' lang='lat' dir='ltr'><strong>velut</strong></span> <span class='ocrx_word' id='word_1_282' title='bbox 1676 2785 1930 2840; x_wconf 84' lang='lat' dir='ltr'><strong>terminis</strong></span> <span class='ocrx_word' id='word_1_283' title='bbox 1969 2787 2090 2842; x_wconf 87' lang='lat' dir='ltr'><strong>sine</strong></span> 
     </span>
    </p>
   </div>
   <div class='ocr_carea' id='block_1_41' title="bbox 493 2863 2086 2937">
    <p class='ocr_par' dir='ltr' id='par_1_41' title="bbox 493 2863 2086 2937">
     <span class='ocr_line' id='line_1_41' title="bbox 493 2863 2086 2937; baseline 0.015 -28"><span class='ocrx_word' id='word_1_284' title='bbox 493 2873 701 2927; x_wconf 86' lang='lat' dir='ltr'><strong>pugna,</strong></span> <span class='ocrx_word' id='word_1_285' title='bbox 763 2863 924 2931; x_wconf 91' lang='lat' dir='ltr'><strong>cujus</strong></span> <span class='ocrx_word' id='word_1_286' title='bbox 991 2864 1237 2923; x_wconf 90' lang='lat' dir='ltr'><strong>incertus</strong></span> <span class='ocrx_word' id='word_1_287' title='bbox 1287 2869 1472 2925; x_wconf 77' lang='lat' dir='ltr'><strong>exitus</strong></span> <span class='ocrx_word' id='word_1_288' title='bbox 1523 2880 1628 2937; x_wconf 91' lang='lat' dir='ltr'><strong>est,</strong></span> <span class='ocrx_word' id='word_1_289' title='bbox 1698 2875 2086 2933; x_wconf 89' lang='lat' dir='ltr'><strong>conclusisset.</strong></span> 
     </span>
    </p>
   </div>
   <div class='ocr_carea' id='block_1_42' title="bbox 499 2949 2087 3036">
    <p class='ocr_par' dir='ltr' id='par_1_42' title="bbox 499 2949 2087 3036">
     <span class='ocr_line' id='line_1_42' title="bbox 499 2949 2087 3036; baseline 0.014 -32"><span class='ocrx_word' id='word_1_290' title='bbox 499 2972 517 3003; x_wconf 76' lang='grc' dir='ltr'><strong>ι</strong></span> <span class='ocrx_word' id='word_1_291' title='bbox 549 2949 782 3017; x_wconf 86' lang='lat' dir='ltr'><strong>Quando</strong></span> <span class='ocrx_word' id='word_1_292' title='bbox 797 2957 969 3019; x_wconf 91' lang='lat' dir='ltr'><strong>enim,</strong></span> <span class='ocrx_word' id='word_1_293' title='bbox 995 2959 1198 3024; x_wconf 86' lang='lat' dir='ltr'><strong>aiebat,</strong></span> <span class='ocrx_word' id='word_1_294' title='bbox 1231 2963 1435 3031; x_wconf 88' lang='lat' dir='ltr'><strong>quibus</strong></span> <span class='ocrx_word' id='word_1_295' title='bbox 1455 2963 1579 3020; x_wconf 76' lang='lat' dir='ltr'><strong>freti</strong></span> <span class='ocrx_word' id='word_1_296' title='bbox 1607 2967 1786 3036; x_wconf 91' lang='lat' dir='ltr'><strong>copiis</strong></span> <span class='ocrx_word' id='word_1_297' title='bbox 1807 2985 2002 3026; x_wconf 88' lang='lat' dir='ltr'><strong>sumus</strong></span> <span class='ocrx_word' id='word_1_298' title='bbox 2019 2971 2087 3025; x_wconf 86' lang='lat' dir='ltr'><strong>ad</strong></span> 
     </span>
    </p>
   </div>
   <div class='ocr_carea' id='block_1_43' title="bbox 491 3046 2085 3131">
    <p class='ocr_par' dir='ltr' id='par_1_43' title="bbox 491 3046 2085 3131">
     <span class='ocr_line' id='line_1_43' title="bbox 491 3046 2085 3131; baseline 0.014 -32"><span class='ocrx_word' id='word_1_299' title='bbox 491 3046 728 3117; x_wconf 86' lang='lat' dir='ltr'><strong>pugna&#39;m</strong></span> <span class='ocrx_word' id='word_1_300' title='bbox 755 3052 1206 3108; x_wconf 89' lang='lat' dir='ltr'><strong>committendam</strong></span> <span class='ocrx_word' id='word_1_301' title='bbox 1234 3057 1418 3111; x_wconf 76' lang='lat' dir='ltr'><strong>excire</strong></span> <span class='ocrx_word' id='word_1_302' title='bbox 1471 3075 1582 3114; x_wconf 90' lang='lat' dir='ltr'><strong>non</strong></span> <span class='ocrx_word' id='word_1_303' title='bbox 1634 3062 1938 3131; x_wconf 87' lang='lat' dir='ltr'><strong>possimus,</strong></span> <span class='ocrx_word' id='word_1_304' title='bbox 1990 3067 2085 3121; x_wconf 88' lang='lat' dir='ltr'><strong>sed</strong></span> 
     </span>
    </p>
   </div>
   <div class='ocr_carea' id='block_1_44' title="bbox 2193 1939 3794 2018">
    <p class='ocr_par' dir='ltr' id='par_1_44' title="bbox 2193 1939 3794 2018">
     <span class='ocr_line' id='line_1_44' title="bbox 2193 1939 3794 2018; baseline 0.007 -26"><span class='ocrx_word' id='word_1_305' title='bbox 2193 1939 2258 2012; x_wconf 91' lang='grc' dir='ltr'><strong>δὴ</strong></span> <span class='ocrx_word' id='word_1_306' title='bbox 2287 1939 2383 1994; x_wconf 85' lang='grc' dir='ltr'><strong>τοῦ</strong></span> <span class='ocrx_word' id='word_1_307' title='bbox 2420 1941 2689 2010; x_wconf 82' lang='grc' dir='ltr'>βασιλέως</span> <span class='ocrx_word' id='word_1_308' title='bbox 2723 1946 3230 2018; x_wconf 76' lang='grc' dir='ltr'>ἐκστρατεύσαντος</span> <span class='ocrx_word' id='word_1_309' title='bbox 3276 1949 3373 2003; x_wconf 72' lang='grc' dir='ltr'>καὶ</span> <span class='ocrx_word' id='word_1_310' title='bbox 3405 1950 3794 2013; x_wconf 83' lang='grc' dir='ltr'>συστείλαντος</span> 
     </span>
    </p>
   </div>
   <div class='ocr_carea' id='block_1_45' title="bbox 2194 2030 3794 2108">
    <p class='ocr_par' dir='ltr' id='par_1_45' title="bbox 2194 2030 3794 2108">
     <span class='ocr_line' id='line_1_45' title="bbox 2194 2030 3794 2108; baseline 0.007 -25"><span class='ocrx_word' id='word_1_311' title='bbox 2194 2030 2294 2094; x_wconf 80' lang='grc' dir='ltr'><strong>τὰς</strong></span> <span class='ocrx_word' id='word_1_312' title='bbox 2335 2032 2664 2104; x_wconf 83' lang='grc' dir='ltr'>ὑπερορίους</span> <span class='ocrx_word' id='word_1_313' title='bbox 2694 2035 2911 2100; x_wconf 85' lang='grc' dir='ltr'>ἐκείνας</span> <span class='ocrx_word' id='word_1_314' title='bbox 2957 2037 3217 2102; x_wconf 84' lang='grc' dir='ltr'>ἀπειλὰς,</span> <span class='ocrx_word' id='word_1_315' title='bbox 3252 2039 3346 2092; x_wconf 73' lang='grc' dir='ltr'>καὶ</span> <span class='ocrx_word' id='word_1_316' title='bbox 3382 2039 3546 2108; x_wconf 90' lang='grc' dir='ltr'>μόνον</span> <span class='ocrx_word' id='word_1_317' title='bbox 3585 2041 3647 2093; x_wconf 90' lang='grc' dir='ltr'><strong>οὑ</strong></span> <span class='ocrx_word' id='word_1_318' title='bbox 3679 2043 3794 2106; x_wconf 84' lang='grc' dir='ltr'>τοῖς</span> 
     </span>
    </p>
   </div>
   <div class='ocr_carea' id='block_1_46' title="bbox 2193 2123 3792 2199">
    <p class='ocr_par' dir='ltr' id='par_1_46' title="bbox 2193 2123 3792 2199">
     <span class='ocr_line' id='line_1_46' title="bbox 2193 2123 3792 2199; baseline 0.006 -23"><span class='ocrx_word' id='word_1_319' title='bbox 2193 2123 2420 2187; x_wconf 76' lang='grc' dir='ltr'>οἰκείοις</span> <span class='ocrx_word' id='word_1_320' title='bbox 2465 2125 2614 2197; x_wconf 85' lang='grc' dir='ltr'>ὅροις</span> <span class='ocrx_word' id='word_1_321' title='bbox 2661 2128 2926 2198; x_wconf 81' lang='grc' dir='ltr'>ἐμμένειν</span> <span class='ocrx_word' id='word_1_322' title='bbox 2970 2131 3509 2199; x_wconf 77' lang='grc' dir='ltr'>καταναγκάζοντος,</span> <span class='ocrx_word' id='word_1_323' title='bbox 3537 2132 3655 2186; x_wconf 81' lang='grc' dir='ltr'>ἀλλ’</span> <span class='ocrx_word' id='word_1_324' title='bbox 3690 2133 3792 2187; x_wconf 78' lang='grc' dir='ltr'>οὐκ</span> 
     </span>
    </p>
   </div>
   <div class='ocr_carea' id='block_1_47' title="bbox 2193 2214 3792 2292">
    <p class='ocr_par' dir='ltr' id='par_1_47' title="bbox 2193 2214 3792 2292">
     <span class='ocr_line' id='line_1_47' title="bbox 2193 2214 3792 2292; baseline 0.004 -25"><span class='ocrx_word' id='word_1_325' title='bbox 2193 2214 2441 2286; x_wconf 57' lang='grc' dir='ltr'>ἐκπηδᾷω</span> <span class='ocrx_word' id='word_1_326' title='bbox 2463 2216 2559 2269; x_wconf 81' lang='grc' dir='ltr'>καὶ</span> <span class='ocrx_word' id='word_1_327' title='bbox 2585 2217 2685 2288; x_wconf 89' lang='grc' dir='ltr'><strong>τὴν</strong></span> <span class='ocrx_word' id='word_1_328' title='bbox 2708 2219 2748 2252; x_wconf 82' lang='grc'><strong>³⁵</strong></span> <span class='ocrx_word' id='word_1_329' title='bbox 2770 2220 3049 2292; x_wconf 83' lang='grc' dir='ltr'>ἡμετέραν</span> <span class='ocrx_word' id='word_1_330' title='bbox 3076 2221 3381 2292; x_wconf 77' lang='grc' dir='ltr'>ληῒζεσθαι,</span> <span class='ocrx_word' id='word_1_331' title='bbox 3408 2223 3504 2276; x_wconf 71' lang='grc' dir='ltr'>καὶ</span> <span class='ocrx_word' id='word_1_332' title='bbox 3526 2222 3792 2286; x_wconf 85' lang='grc' dir='ltr'>πολλάκις</span> 
     </span>
    </p>
   </div>
   <div class='ocr_carea' id='block_1_48' title="bbox 2193 2307 3789 2386">
    <p class='ocr_par' dir='ltr' id='par_1_48' title="bbox 2193 2307 3789 2386">
     <span class='ocr_line' id='line_1_48' title="bbox 2193 2307 3789 2386; baseline 0.005 -27"><span class='ocrx_word' id='word_1_333' title='bbox 2193 2307 2260 2359; x_wconf 86' lang='grc' dir='ltr'><strong>ἐκ</strong></span> <span class='ocrx_word' id='word_1_334' title='bbox 2301 2309 2669 2378; x_wconf 81' lang='grc' dir='ltr'>παρατάξεως</span> <span class='ocrx_word' id='word_1_335' title='bbox 2711 2313 3205 2383; x_wconf 87' lang='grc' dir='ltr'>προσκαλουμένου</span> <span class='ocrx_word' id='word_1_336' title='bbox 3260 2314 3362 2383; x_wconf 85' lang='grc' dir='ltr'>μὲν</span> <span class='ocrx_word' id='word_1_337' title='bbox 3404 2315 3499 2369; x_wconf 82' lang='grc' dir='ltr'>τοῦ</span> <span class='ocrx_word' id='word_1_338' title='bbox 3546 2315 3789 2386; x_wconf 83' lang='grc' dir='ltr'>Μιχαὴλ,</span> 
     </span>
    </p>
   </div>
   <div class='ocr_carea' id='block_1_49' title="bbox 2192 2399 3791 2481">
    <p class='ocr_par' dir='ltr' id='par_1_49' title="bbox 2192 2399 3791 2481">
     <span class='ocr_line' id='line_1_49' title="bbox 2192 2399 3791 2481; baseline 0.008 -30"><span class='ocrx_word' id='word_1_339' title='bbox 2192 2399 2406 2454; x_wconf 88' lang='grc' dir='ltr'>ἐκείνου</span> <span class='ocrx_word' id='word_1_340' title='bbox 2434 2401 2492 2455; x_wconf 83' lang='grc' dir='ltr'>δὲ</span> <span class='ocrx_word' id='word_1_341' title='bbox 2533 2403 2611 2474; x_wconf 86' lang='grc' dir='ltr'><strong>μὴ</strong></span> <span class='ocrx_word' id='word_1_342' title='bbox 2663 2405 3244 2477; x_wconf 76' lang='grc' dir='ltr'>ἀπαυθαδιαζομένου,</span> <span class='ocrx_word' id='word_1_343' title='bbox 3281 2408 3419 2462; x_wconf 77' lang='grc' dir='ltr'>ἀλλὰ</span> <span class='ocrx_word' id='word_1_344' title='bbox 3462 2408 3563 2481; x_wconf 84' lang='grc' dir='ltr'><strong>τὴν</strong></span> <span class='ocrx_word' id='word_1_345' title='bbox 3581 2412 3791 2464; x_wconf 83' lang='grc' dir='ltr'>οἰκείαν</span> 
     </span>
    </p>
   </div>
   <div class='ocr_carea' id='block_1_50' title="bbox 2191 2493 3790 2574">
    <p class='ocr_par' dir='ltr' id='par_1_50' title="bbox 2191 2493 3790 2574">
     <span class='ocr_line' id='line_1_50' title="bbox 2191 2493 3790 2574; baseline 0.009 -30"><span class='ocrx_word' id='word_1_346' title='bbox 2191 2493 2652 2561; x_wconf 77' lang='grc' dir='ltr'>ἐπιγινώσκοντος</span> <span class='ocrx_word' id='word_1_347' title='bbox 2694 2497 2988 2552; x_wconf 83' lang='grc' dir='ltr'>ἀσθένειαν</span> <span class='ocrx_word' id='word_1_348' title='bbox 3028 2501 3126 2554; x_wconf 75' lang='grc' dir='ltr'>καὶ</span> <span class='ocrx_word' id='word_1_349' title='bbox 3163 2501 3239 2573; x_wconf 92' lang='grc' dir='ltr'><strong>μὴ</strong></span> <span class='ocrx_word' id='word_1_350' title='bbox 3293 2503 3434 2574; x_wconf 79' lang='grc' dir='ltr'>πρὸς</span> <span class='ocrx_word' id='word_1_351' title='bbox 3483 2503 3712 2574; x_wconf 86' lang='grc' dir='ltr'>βασιλέα</span> <span class='ocrx_word' id='word_1_352' title='bbox 3745 2506 3790 2537; x_wconf 70' lang='grc'><strong>⁸⁸</strong></span> 
     </span>
    </p>
   </div>
   <div class='ocr_carea' id='block_1_51' title="bbox 2191 2588 3792 2670">
    <p class='ocr_par' dir='ltr' id='par_1_51' title="bbox 2191 2588 3792 2670">
     <span class='ocr_line' id='line_1_51' title="bbox 2191 2588 3792 2670; baseline 0.009 -32"><span class='ocrx_word' id='word_1_353' title='bbox 2191 2588 2349 2657; x_wconf 80' lang='grc' dir='ltr'>χεῖρα</span> <span class='ocrx_word' id='word_1_354' title='bbox 2370 2588 2606 2659; x_wconf 80' lang='grc' dir='ltr'>ἀντᾶραι</span> <span class='ocrx_word' id='word_1_355' title='bbox 2629 2593 3108 2664; x_wconf 86' lang='grc' dir='ltr'>κατατολμῶντος,</span> <span class='ocrx_word' id='word_1_356' title='bbox 3130 2595 3304 2650; x_wconf 89' lang='grc' dir='ltr'>ἐδόκει</span> <span class='ocrx_word' id='word_1_357' title='bbox 3325 2599 3424 2667; x_wconf 80' lang='grc' dir='ltr'>μὲν</span> <span class='ocrx_word' id='word_1_358' title='bbox 3454 2597 3533 2668; x_wconf 84' lang='grc' dir='ltr'>τῷ</span> <span class='ocrx_word' id='word_1_359' title='bbox 3566 2597 3792 2670; x_wconf 85' lang='grc' dir='ltr'>Μιχαὴλ</span> 
     </span>
    </p>
   </div>
   <div class='ocr_carea' id='block_1_52' title="bbox 2191 2679 3792 2756">
    <p class='ocr_par' dir='ltr' id='par_1_52' title="bbox 2191 2679 3792 2756">
     <span class='ocr_line' id='line_1_52' title="bbox 2191 2679 3792 2756; baseline 0.009 -25"><span class='ocrx_word' id='word_1_360' title='bbox 2191 2679 2481 2748; x_wconf 85' lang='grc' dir='ltr'>ἀρκεῖσθαι</span> <span class='ocrx_word' id='word_1_361' title='bbox 2510 2682 2572 2735; x_wconf 83' lang='grc' dir='ltr'>τὸ</span> <span class='ocrx_word' id='word_1_362' title='bbox 2601 2688 2879 2755; x_wconf 84' lang='grc' dir='ltr'>προπετὲς</span> <span class='ocrx_word' id='word_1_363' title='bbox 2929 2687 3143 2742; x_wconf 82' lang='grc' dir='ltr'>ἐκείνου</span> <span class='ocrx_word' id='word_1_364' title='bbox 3195 2690 3292 2743; x_wconf 83' lang='grc' dir='ltr'>καὶ</span> <span class='ocrx_word' id='word_1_365' title='bbox 3322 2687 3556 2755; x_wconf 76' lang='grc' dir='ltr'>αὔθαδες</span> <span class='ocrx_word' id='word_1_366' title='bbox 3589 2693 3648 2744; x_wconf 85' lang='grc' dir='ltr'><strong>ἐν</strong></span> <span class='ocrx_word' id='word_1_367' title='bbox 3673 2696 3792 2756; x_wconf 80' lang='grc' dir='ltr'>τοῖς</span> 
     </span>
    </p>
   </div>
   <div class='ocr_carea' id='block_1_53' title="bbox 2192 2772 3799 2855">
    <p class='ocr_par' dir='ltr' id='par_1_53' title="bbox 2192 2772 3799 2855">
     <span class='ocr_line' id='line_1_53' title="bbox 2192 2772 3799 2855; baseline 0.009 -31"><span class='ocrx_word' id='word_1_368' title='bbox 2192 2772 2285 2825; x_wconf 82' lang='grc' dir='ltr'>ὑπ’</span> <span class='ocrx_word' id='word_1_369' title='bbox 2317 2775 2483 2828; x_wconf 77' lang='grc' dir='ltr'>αὑτοῦ</span> <span class='ocrx_word' id='word_1_370' title='bbox 2518 2778 2563 2809; x_wconf 84' lang='grc'><strong>¹⁷</strong></span> <span class='ocrx_word' id='word_1_371' title='bbox 2596 2780 3043 2836; x_wconf 86' lang='grc' dir='ltr'>κατακλείσαντα</span> <span class='ocrx_word' id='word_1_372' title='bbox 3065 2822 3080 2848; x_wconf 94' lang='grc'><strong>,</strong></span> <span class='ocrx_word' id='word_1_373' title='bbox 3116 2783 3193 2853; x_wconf 83' lang='grc' dir='ltr'><strong>μὴ</strong></span> <span class='ocrx_word' id='word_1_374' title='bbox 3229 2783 3324 2836; x_wconf 76' lang='grc' dir='ltr'>καὶ</span> <span class='ocrx_word' id='word_1_375' title='bbox 3354 2784 3535 2855; x_wconf 84' lang='grc' dir='ltr'>μάχην</span> <span class='ocrx_word' id='word_1_376' title='bbox 3561 2786 3799 2846; x_wconf 72' lang='grc' dir='ltr'>ἐπισυνο,</span> 
     </span>
    </p>
   </div>
   <div class='ocr_carea' id='block_1_54' title="bbox 2192 2864 3788 2949">
    <p class='ocr_par' dir='ltr' id='par_1_54' title="bbox 2192 2864 3788 2949">
     <span class='ocr_line' id='line_1_54' title="bbox 2192 2864 3788 2949; baseline 0.009 -32"><span class='ocrx_word' id='word_1_377' title='bbox 2192 2864 2344 2935; x_wconf 83' lang='grc' dir='ltr'>άψαι,</span> <span class='ocrx_word' id='word_1_378' title='bbox 2374 2868 2450 2933; x_wconf 84' lang='grc' dir='ltr'><strong>ὡς</strong></span> <span class='ocrx_word' id='word_1_379' title='bbox 2492 2871 2692 2942; x_wconf 82' lang='grc' dir='ltr'>ἀδήλου</span> <span class='ocrx_word' id='word_1_380' title='bbox 2723 2873 2880 2937; x_wconf 86' lang='grc' dir='ltr'>ὄντος</span> <span class='ocrx_word' id='word_1_381' title='bbox 2911 2875 3008 2928; x_wconf 82' lang='grc' dir='ltr'>τοῦ</span> <span class='ocrx_word' id='word_1_382' title='bbox 3045 2875 3354 2945; x_wconf 88' lang='grc' dir='ltr'>μέλλοντος·</span> <span class='ocrx_word' id='word_1_383' title='bbox 3393 2893 3411 2926; x_wconf 80' lang='lat' dir='ltr'><strong>t</strong></span> <span class='ocrx_word' id='word_1_384' title='bbox 3461 2876 3616 2929; x_wconf 81' lang='grc' dir='ltr'>Ἐπεὶ</span> <span class='ocrx_word' id='word_1_385' title='bbox 3657 2877 3788 2949; x_wconf 79' lang='grc' dir='ltr'>γὰρ,</span> 
     </span>
    </p>
   </div>
   <div class='ocr_carea' id='block_1_55' title="bbox 2190 2959 3792 3041">
    <p class='ocr_par' dir='ltr' id='par_1_55' title="bbox 2190 2959 3792 3041">
     <span class='ocr_line' id='line_1_55' title="bbox 2190 2959 3792 3041; baseline 0.008 -30"><span class='ocrx_word' id='word_1_386' title='bbox 2190 2959 2400 3028; x_wconf 72' lang='grc' dir='ltr'>ἔλεγεν,</span> <span class='ocrx_word' id='word_1_387' title='bbox 2459 2965 2526 3018; x_wconf 88' lang='grc' dir='ltr'><strong>ἐκ</strong></span> <span class='ocrx_word' id='word_1_388' title='bbox 2558 2967 2928 3036; x_wconf 81' lang='grc' dir='ltr'>παρατάξεως</span> <span class='ocrx_word' id='word_1_389' title='bbox 2968 2968 3132 3038; x_wconf 83' lang='grc' dir='ltr'>ὴμῶν</span> <span class='ocrx_word' id='word_1_390' title='bbox 3161 2968 3263 3021; x_wconf 86' lang='grc' dir='ltr'><strong>οὑκ</strong></span> <span class='ocrx_word' id='word_1_391' title='bbox 3292 2970 3372 3032; x_wconf 86' lang='grc' dir='ltr'><strong>εἰς</strong></span> <span class='ocrx_word' id='word_1_392' title='bbox 3417 2969 3657 3041; x_wconf 87' lang='grc' dir='ltr'>πόλεμον</span> <span class='ocrx_word' id='word_1_393' title='bbox 3685 2966 3792 3025; x_wconf 75' lang='grc' dir='ltr'>οἷοί</span> 
     </span>
    </p>
   </div>
   <div class='ocr_carea' id='block_1_56' title="bbox 2188 3051 3789 3134">
    <p class='ocr_par' dir='ltr' id='par_1_56' title="bbox 2188 3051 3789 3134">
     <span class='ocr_line' id='line_1_56' title="bbox 2188 3051 3789 3134; baseline 0.011 -31"><span class='ocrx_word' id='word_1_394' title='bbox 2188 3051 2249 3103; x_wconf 84' lang='grc' dir='ltr'><strong>τέ</strong></span> <span class='ocrx_word' id='word_1_395' title='bbox 2295 3052 2465 3124; x_wconf 89' lang='grc' dir='ltr'>ἐσμεν</span> <span class='ocrx_word' id='word_1_396' title='bbox 2495 3055 2940 3122; x_wconf 81' lang='grc' dir='ltr'>ἐκκαλέσασθαι,</span> <span class='ocrx_word' id='word_1_397' title='bbox 2971 3057 3110 3113; x_wconf 74' lang='grc' dir='ltr'>ἀλλὰ</span> <span class='ocrx_word' id='word_1_398' title='bbox 3156 3063 3504 3132; x_wconf 77' lang='grc' dir='ltr'>φυγομαχεῖν</span> <span class='ocrx_word' id='word_1_399' title='bbox 3553 3063 3649 3117; x_wconf 79' lang='grc' dir='ltr'>καὶ</span> <span class='ocrx_word' id='word_1_400' title='bbox 3695 3065 3789 3134; x_wconf 80' lang='grc' dir='ltr'>ἐφ’</span> 
     </span>
    </p>
   </div>
   <div class='ocr_carea' id='block_1_57' title="bbox 489 3141 2087 3235">
    <p class='ocr_par' dir='ltr' id='par_1_57' title="bbox 489 3141 2084 3229">
     <span class='ocr_line' id='line_1_57' title="bbox 489 3141 2084 3229; baseline 0.016 -38"><span class='ocrx_word' id='word_1_401' title='bbox 489 3153 611 3193; x_wconf 88' lang='lat' dir='ltr'><strong>eam</strong></span> <span class='ocrx_word' id='word_1_402' title='bbox 645 3141 951 3200; x_wconf 87' lang='lat' dir='ltr'><strong>detrectare</strong></span> <span class='ocrx_word' id='word_1_403' title='bbox 981 3149 1208 3217; x_wconf 88' lang='lat' dir='ltr'><strong>suisque</strong></span> <span class='ocrx_word' id='word_1_404' title='bbox 1235 3163 1298 3204; x_wconf 86' lang='lat' dir='ltr'><strong>se</strong></span> <span class='ocrx_word' id='word_1_405' title='bbox 1328 3151 1534 3207; x_wconf 81' lang='lat' dir='ltr'><strong>ﬁnibus</strong></span> <span class='ocrx_word' id='word_1_406' title='bbox 1583 3155 1871 3212; x_wconf 87' lang='lat' dir='ltr'><strong>continere</strong></span> <span class='ocrx_word' id='word_1_407' title='bbox 1915 3173 2084 3229; x_wconf 85' lang='lat' dir='ltr'><strong>coga-</strong></span> 
     </span>
    </p>
   </div>
   <div class='ocr_carea' id='block_1_58' title="bbox 2191 3141 3792 3235">
    <p class='ocr_par' dir='ltr' id='par_1_58' title="bbox 2193 3143 3792 3222">
     <span class='ocr_line' id='line_1_58' title="bbox 2193 3143 3792 3222; baseline 0.009 -28"><span class='ocrx_word' id='word_1_408' title='bbox 2193 3143 2390 3197; x_wconf 82' lang='grc' dir='ltr'>ἐαυτοῦ</span> <span class='ocrx_word' id='word_1_409' title='bbox 2441 3145 2483 3177; x_wconf 85' lang='grc'><strong>¹⁸</strong></span> <span class='ocrx_word' id='word_1_410' title='bbox 2541 3147 2727 3216; x_wconf 83' lang='grc' dir='ltr'>μένειν</span> <span class='ocrx_word' id='word_1_411' title='bbox 2774 3147 3187 3220; x_wconf 77' lang='grc' dir='ltr'>ἀναγκάζομεν,</span> <span class='ocrx_word' id='word_1_412' title='bbox 3240 3149 3292 3204; x_wconf 86' lang='grc' dir='ltr'><strong>τί</strong></span> <span class='ocrx_word' id='word_1_413' title='bbox 3339 3153 3435 3204; x_wconf 82' lang='grc' dir='ltr'>καὶ</span> <span class='ocrx_word' id='word_1_414' title='bbox 3485 3151 3792 3222; x_wconf 85' lang='grc' dir='ltr'>δράσαιμεν</span> 
     </span>
    </p>
   </div>
   <div class='ocr_carea' id='block_1_59' title="bbox 491 3237 2088 3315">
    <p class='ocr_par' dir='ltr' id='par_1_59' title="bbox 491 3237 2088 3315">
     <span class='ocr_line' id='line_1_59' title="bbox 491 3237 2088 3315; baseline 0.013 -28"><span class='ocrx_word' id='word_1_415' title='bbox 491 3251 638 3300; x_wconf 87' lang='lat' dir='ltr'><strong>mus,</strong></span> <span class='ocrx_word' id='word_1_416' title='bbox 667 3237 798 3306; x_wconf 88' lang='lat' dir='ltr'><strong>quid</strong></span> <span class='ocrx_word' id='word_1_417' title='bbox 823 3239 991 3292; x_wconf 88' lang='lat' dir='ltr'><strong>etiam</strong></span> <span class='ocrx_word' id='word_1_418' title='bbox 1031 3257 1260 3298; x_wconf 87' lang='lat' dir='ltr'><strong>necesse</strong></span> <span class='ocrx_word' id='word_1_419' title='bbox 1292 3253 1351 3298; x_wconf 93' lang='lat' dir='ltr'><strong>ut</strong></span> <span class='ocrx_word' id='word_1_420' title='bbox 1394 3245 1461 3300; x_wconf 89' lang='lat' dir='ltr'><strong>ad</strong></span> <span class='ocrx_word' id='word_1_421' title='bbox 1494 3248 1885 3315; x_wconf 83' lang='lat' dir='ltr'><strong>experiendum</strong></span> <span class='ocrx_word' id='word_1_422' title='bbox 1940 3251 2088 3308; x_wconf 80' lang='lat' dir='ltr'><strong>Mar-</strong></span> 
     </span>
    </p>
   </div>
   <div class='ocr_carea' id='block_1_60' title="bbox 489 3334 2092 3412">
    <p class='ocr_par' dir='ltr' id='par_1_60' title="bbox 489 3334 2092 3412">
     <span class='ocr_line' id='line_1_60' title="bbox 489 3334 2092 3412; baseline 0.012 -30"><span class='ocrx_word' id='word_1_423' title='bbox 489 3339 602 3382; x_wconf 88' lang='lat' dir='ltr'><strong>tem</strong></span> <span class='ocrx_word' id='word_1_424' title='bbox 645 3334 952 3398; x_wconf 82' lang='lat' dir='ltr'><strong>cogamus?</strong></span> <span class='ocrx_word' id='word_1_425' title='bbox 987 3353 1006 3387; x_wconf 73' lang='grc' dir='ltr'><strong>ι</strong></span> <span class='ocrx_word' id='word_1_426' title='bbox 1037 3335 1175 3390; x_wconf 89' lang='lat' dir='ltr'><strong>Cum</strong></span> <span class='ocrx_word' id='word_1_427' title='bbox 1209 3339 1395 3409; x_wconf 83' lang='lat' dir='ltr'><strong>itaque</strong></span> <span class='ocrx_word' id='word_1_428' title='bbox 1425 3341 1631 3396; x_wconf 86' lang='lat' dir='ltr'><strong>sensim</strong></span> <span class='ocrx_word' id='word_1_429' title='bbox 1668 3344 1858 3412; x_wconf 90' lang='lat' dir='ltr'><strong>pedem</strong></span> <span class='ocrx_word' id='word_1_430' title='bbox 1886 3345 2092 3402; x_wconf 79' lang='lat' dir='ltr'><strong>referre</strong></span> 
     </span>
    </p>
   </div>
   <div class='ocr_carea' id='block_1_61' title="bbox 491 3425 2089 3506">
    <p class='ocr_par' dir='ltr' id='par_1_61' title="bbox 491 3425 2089 3506">
     <span class='ocr_line' id='line_1_61' title="bbox 491 3425 2089 3506; baseline 0.011 -30"><span class='ocrx_word' id='word_1_431' title='bbox 491 3425 869 3496; x_wconf 83' lang='lat' dir='ltr'><strong>paulatimque</strong></span> <span class='ocrx_word' id='word_1_432' title='bbox 922 3427 1239 3485; x_wconf 78' lang='lat' dir='ltr'><strong>Romanum</strong></span> <span class='ocrx_word' id='word_1_433' title='bbox 1305 3435 1485 3489; x_wconf 89' lang='lat' dir='ltr'><strong>solum</strong></span> <span class='ocrx_word' id='word_1_434' title='bbox 1548 3446 1794 3506; x_wconf 85' lang='lat' dir='ltr'><strong>repetere</strong></span> <span class='ocrx_word' id='word_1_435' title='bbox 1859 3439 2089 3496; x_wconf 85' lang='lat' dir='ltr'><strong>Michael</strong></span> 
     </span>
    </p>
   </div>
   <div class='ocr_carea' id='block_1_62' title="bbox 492 3519 2090 3601">
    <p class='ocr_par' dir='ltr' id='par_1_62' title="bbox 492 3519 2090 3601">
     <span class='ocr_line' id='line_1_62' title="bbox 492 3519 2090 3601; baseline 0.01 -30"><span class='ocrx_word' id='word_1_436' title='bbox 492 3519 778 3587; x_wconf 80' lang='lat' dir='ltr'><strong>cogitaret,</strong></span> <span class='ocrx_word' id='word_1_437' title='bbox 814 3520 932 3574; x_wconf 89' lang='lat' dir='ltr'><strong>visa</strong></span> <span class='ocrx_word' id='word_1_438' title='bbox 967 3537 1058 3576; x_wconf 89' lang='lat' dir='ltr'><strong>res</strong></span> <span class='ocrx_word' id='word_1_439' title='bbox 1089 3523 1310 3593; x_wconf 84' lang='lat' dir='ltr'><strong>indigna</strong></span> <span class='ocrx_word' id='word_1_440' title='bbox 1345 3525 1538 3591; x_wconf 88' lang='lat' dir='ltr'><strong>Leoni,</strong></span> <span class='ocrx_word' id='word_1_441' title='bbox 1563 3544 1666 3586; x_wconf 87' lang='lat' dir='ltr'><strong>nec</strong></span> <span class='ocrx_word' id='word_1_442' title='bbox 1688 3545 1752 3583; x_wconf 79' lang='lat' dir='ltr'><strong>ex</strong></span> <span class='ocrx_word' id='word_1_443' title='bbox 1787 3531 2090 3601; x_wconf 83' lang='lat' dir='ltr'><strong>imperato-</strong></span> 
     </span>
    </p>
   </div>
   <div class='ocr_carea' id='block_1_63' title="bbox 491 3611 2090 3687">
    <p class='ocr_par' dir='ltr' id='par_1_63' title="bbox 491 3611 2090 3687">
     <span class='ocr_line' id='line_1_63' title="bbox 491 3611 2090 3687; baseline 0.011 -24"><span class='ocrx_word' id='word_1_444' title='bbox 491 3611 570 3664; x_wconf 88' lang='lat' dir='ltr'><strong>ris</strong></span> <span class='ocrx_word' id='word_1_445' title='bbox 601 3611 834 3666; x_wconf 80' lang='lat' dir='ltr'><strong>Romani</strong></span> <span class='ocrx_word' id='word_1_446' title='bbox 861 3612 1167 3682; x_wconf 85' lang='lat' dir='ltr'><strong>majestate,</strong></span> <span class='ocrx_word' id='word_1_447' title='bbox 1195 3627 1342 3687; x_wconf 89' lang='lat' dir='ltr'><strong>terga</strong></span> <span class='ocrx_word' id='word_1_448' title='bbox 1376 3619 1628 3675; x_wconf 85' lang='lat' dir='ltr'><strong>hostibus</strong></span> <span class='ocrx_word' id='word_1_449' title='bbox 1675 3632 1914 3679; x_wconf 88' lang='lat' dir='ltr'><strong>vertere.</strong></span> <span class='ocrx_word' id='word_1_450' title='bbox 1974 3624 2090 3681; x_wconf 90' lang='lat' dir='ltr'><strong>Hoc</strong></span> 
     </span>
    </p>
   </div>
   <div class='ocr_carea' id='block_1_64' title="bbox 489 3704 2088 3782">
    <p class='ocr_par' dir='ltr' id='par_1_64' title="bbox 489 3704 2088 3782">
     <span class='ocr_line' id='line_1_64' title="bbox 489 3704 2088 3782; baseline 0.008 -22"><span class='ocrx_word' id='word_1_451' title='bbox 489 3705 639 3760; x_wconf 89' lang='lat' dir='ltr'><strong>enim</strong></span> <span class='ocrx_word' id='word_1_452' title='bbox 682 3704 794 3760; x_wconf 87' lang='lat' dir='ltr'><strong>Leo</strong></span> <span class='ocrx_word' id='word_1_453' title='bbox 817 3709 1090 3777; x_wconf 83' lang='lat' dir='ltr'><strong>Optimum</strong></span> <span class='ocrx_word' id='word_1_454' title='bbox 1121 3710 1255 3764; x_wconf 91' lang='lat' dir='ltr'><strong>illud</strong></span> <span class='ocrx_word' id='word_1_455' title='bbox 1290 3712 1644 3782; x_wconf 89' lang='lat' dir='ltr'><strong>imperatoris</strong></span> <span class='ocrx_word' id='word_1_456' title='bbox 1670 3717 1962 3771; x_wconf 90' lang='lat' dir='ltr'><strong>consilium</strong></span> <span class='ocrx_word' id='word_1_457' title='bbox 1997 3719 2088 3772; x_wconf 87' lang='lat' dir='ltr'><strong>di-</strong></span> 
     </span>
    </p>
   </div>
   <div class='ocr_carea' id='block_1_65' title="bbox 490 3799 2086 3878">
    <p class='ocr_par' dir='ltr' id='par_1_65' title="bbox 490 3799 2086 3878">
     <span class='ocr_line' id='line_1_65' title="bbox 490 3799 2086 3878; baseline 0.009 -26"><span class='ocrx_word' id='word_1_458' title='bbox 490 3799 673 3864; x_wconf 88' lang='lat' dir='ltr'><strong>cebat,</strong></span> <span class='ocrx_word' id='word_1_459' title='bbox 701 3801 849 3868; x_wconf 90' lang='lat' dir='ltr'><strong>quod</strong></span> <span class='ocrx_word' id='word_1_460' title='bbox 879 3802 1140 3870; x_wconf 79' lang='lat' dir='ltr'><strong>nimirum</strong></span> <span class='ocrx_word' id='word_1_461' title='bbox 1181 3820 1290 3858; x_wconf 90' lang='lat' dir='ltr'><strong>non</strong></span> <span class='ocrx_word' id='word_1_462' title='bbox 1321 3815 1478 3861; x_wconf 88' lang='lat' dir='ltr'><strong>recte</strong></span> <span class='ocrx_word' id='word_1_463' title='bbox 1503 3823 1570 3863; x_wconf 91' lang='lat' dir='ltr'><strong>ac</strong></span> <span class='ocrx_word' id='word_1_464' title='bbox 1595 3809 1814 3865; x_wconf 83' lang='lat' dir='ltr'><strong>sincere</strong></span> <span class='ocrx_word' id='word_1_465' title='bbox 1835 3811 2086 3878; x_wconf 89' lang='lat' dir='ltr'><strong>sentiret,</strong></span> 
     </span>
    </p>
   </div>
   <div class='ocr_carea' id='block_1_66' title="bbox 491 3891 2089 3966">
    <p class='ocr_par' dir='ltr' id='par_1_66' title="bbox 491 3891 2089 3966">
     <span class='ocr_line' id='line_1_66' title="bbox 491 3891 2089 3966; baseline 0.009 -23"><span class='ocrx_word' id='word_1_466' title='bbox 491 3891 589 3944; x_wconf 82' lang='lat' dir='ltr'><strong>sed</strong></span> <span class='ocrx_word' id='word_1_467' title='bbox 619 3892 767 3961; x_wconf 85' lang='lat' dir='ltr'><strong>putri</strong></span> <span class='ocrx_word' id='word_1_468' title='bbox 803 3894 1024 3964; x_wconf 91' lang='lat' dir='ltr'><strong>dolique</strong></span> <span class='ocrx_word' id='word_1_469' title='bbox 1046 3897 1210 3966; x_wconf 91' lang='lat' dir='ltr'><strong>pleno</strong></span> <span class='ocrx_word' id='word_1_470' title='bbox 1236 3899 1491 3963; x_wconf 90' lang='lat' dir='ltr'><strong>consilio,</strong></span> <span class='ocrx_word' id='word_1_471' title='bbox 1523 3915 1696 3954; x_wconf 91' lang='lat' dir='ltr'><strong>unum</strong></span> <span class='ocrx_word' id='word_1_472' title='bbox 1726 3901 1831 3956; x_wconf 88' lang='lat' dir='ltr'><strong>hoc</strong></span> <span class='ocrx_word' id='word_1_473' title='bbox 1859 3903 2089 3957; x_wconf 91' lang='lat' dir='ltr'><strong>molire-</strong></span> 
     </span>
    </p>
   </div>
   <div class='ocr_carea' id='block_1_67' title="bbox 493 3986 2087 4063">
    <p class='ocr_par' dir='ltr' id='par_1_67' title="bbox 493 3986 2087 4063">
     <span class='ocr_line' id='line_1_67' title="bbox 493 3986 2087 4063; baseline 0.008 -24"><span class='ocrx_word' id='word_1_474' title='bbox 493 3994 605 4049; x_wconf 91' lang='lat' dir='ltr'><strong>tur,</strong></span> <span class='ocrx_word' id='word_1_475' title='bbox 647 3986 798 4040; x_wconf 91' lang='lat' dir='ltr'><strong>utin</strong></span> <span class='ocrx_word' id='word_1_476' title='bbox 847 4003 907 4042; x_wconf 88' lang='lat' dir='ltr'><strong>se</strong></span> <span class='ocrx_word' id='word_1_477' title='bbox 955 4004 1138 4044; x_wconf 86' lang='lat' dir='ltr'><strong>rerum</strong></span> <span class='ocrx_word' id='word_1_478' title='bbox 1196 4007 1472 4048; x_wconf 90' lang='lat' dir='ltr'><strong>summam</strong></span> <span class='ocrx_word' id='word_1_479' title='bbox 1522 3994 1868 4051; x_wconf 80' lang='lat' dir='ltr'><strong>transferret.</strong></span> <span class='ocrx_word' id='word_1_480' title='bbox 1923 3995 2087 4063; x_wconf 83' lang='lat' dir='ltr'><strong>Sane,</strong></span> 
     </span>
    </p>
   </div>
   <div class='ocr_carea' id='block_1_68' title="bbox 492 4081 2087 4160">
    <p class='ocr_par' dir='ltr' id='par_1_68' title="bbox 492 4081 2087 4160">
     <span class='ocr_line' id='line_1_68' title="bbox 492 4081 2087 4160; baseline 0.009 -29"><span class='ocrx_word' id='word_1_481' title='bbox 492 4081 692 4145; x_wconf 83' lang='lat' dir='ltr'><strong>aiebat,</strong></span> <span class='ocrx_word' id='word_1_482' title='bbox 728 4082 1039 4150; x_wconf 74' lang='lat' dir='ltr'><strong>imperator,</strong></span> <span class='ocrx_word' id='word_1_483' title='bbox 1095 4085 1350 4140; x_wconf 75' lang='lat' dir='ltr'><strong>movenda</strong></span> <span class='ocrx_word' id='word_1_484' title='bbox 1389 4088 1541 4142; x_wconf 78' lang='lat' dir='ltr'><strong>nobis</strong></span> <span class='ocrx_word' id='word_1_485' title='bbox 1589 4088 1643 4141; x_wconf 84' lang='lat' dir='ltr'><strong>in</strong></span> <span class='ocrx_word' id='word_1_486' title='bbox 1685 4087 1786 4158; x_wconf 79' lang='lat'><strong>15</strong></span> <span class='ocrx_word' id='word_1_487' title='bbox 1815 4105 1902 4144; x_wconf 81' lang='lat' dir='ltr'><strong>eos</strong></span> <span class='ocrx_word' id='word_1_488' title='bbox 1934 4090 2087 4160; x_wconf 75' lang='lat' dir='ltr'><strong>signa</strong></span> 
     </span>
    </p>
   </div>
   <div class='ocr_carea' id='block_1_69' title="bbox 489 4172 2090 4248">
    <p class='ocr_par' dir='ltr' id='par_1_69' title="bbox 489 4172 2090 4248">
     <span class='ocr_line' id='line_1_69' title="bbox 489 4172 2090 4248; baseline 0.008 -25"><span class='ocrx_word' id='word_1_489' title='bbox 489 4179 653 4238; x_wconf 73' lang='lat' dir='ltr'><strong>sinit;</strong></span> <span class='ocrx_word' id='word_1_490' title='bbox 685 4172 984 4244; x_wconf 77' lang='lat' dir='ltr'><strong>uidebisque</strong></span> <span class='ocrx_word' id='word_1_491' title='bbox 1013 4191 1093 4228; x_wconf 86' lang='lat' dir='ltr'><strong>me</strong></span> <span class='ocrx_word' id='word_1_492' title='bbox 1126 4177 1308 4245; x_wconf 85' lang='lat' dir='ltr'><strong>palam</strong></span> <span class='ocrx_word' id='word_1_493' title='bbox 1351 4178 1512 4231; x_wconf 83' lang='lat' dir='ltr'><strong>hodie</strong></span> <span class='ocrx_word' id='word_1_494' title='bbox 1542 4179 1704 4232; x_wconf 90' lang='lat' dir='ltr'><strong>robur</strong></span> <span class='ocrx_word' id='word_1_495' title='bbox 1741 4197 1805 4248; x_wconf 72' lang='grc' dir='ltr'>αα</span> <span class='ocrx_word' id='word_1_496' title='bbox 1851 4181 1987 4236; x_wconf 74' lang='lat' dir='ltr'><strong>vires</strong></span> <span class='ocrx_word' id='word_1_497' title='bbox 2031 4182 2090 4236; x_wconf 82' lang='lat' dir='ltr'><strong>in</strong></span> 
     </span>
    </p>
   </div>
   <div class='ocr_carea' id='block_1_70' title="bbox 490 4269 2088 4344">
    <p class='ocr_par' dir='ltr' id='par_1_70' title="bbox 490 4269 2088 4344">
     <span class='ocr_line' id='line_1_70' title="bbox 490 4269 2088 4344; baseline 0.008 -27"><span class='ocrx_word' id='word_1_498' title='bbox 490 4269 663 4320; x_wconf 75' lang='lat' dir='ltr'><strong>hostes</strong></span> <span class='ocrx_word' id='word_1_499' title='bbox 694 4282 952 4332; x_wconf 71' lang='lat' dir='ltr'><strong>exserere,</strong></span> <span class='ocrx_word' id='word_1_500' title='bbox 982 4278 1174 4338; x_wconf 82' lang='lat' dir='ltr'><strong>tuoque</strong></span> <span class='ocrx_word' id='word_1_501' title='bbox 1200 4270 1268 4322; x_wconf 89' lang='lat' dir='ltr'><strong>ad</strong></span> <span class='ocrx_word' id='word_1_502' title='bbox 1299 4270 1556 4338; x_wconf 77' lang='lat' dir='ltr'><strong>ﬁduciam</strong></span> <span class='ocrx_word' id='word_1_503' title='bbox 1576 4280 1711 4326; x_wconf 76' lang='lat' dir='ltr'><strong>nutu</strong></span> <span class='ocrx_word' id='word_1_504' title='bbox 1742 4275 2088 4344; x_wconf 80' lang='lat' dir='ltr'><strong>precibusque</strong></span> 
     </span>
    </p>
   </div>
   <div class='ocr_carea' id='block_1_71' title="bbox 492 4360 2087 4435">
    <p class='ocr_par' dir='ltr' id='par_1_71' title="bbox 492 4360 2087 4435">
     <span class='ocr_line' id='line_1_71' title="bbox 492 4360 2087 4435; baseline 0.009 -26"><span class='ocrx_word' id='word_1_505' title='bbox 492 4360 710 4427; x_wconf 75' lang='lat' dir='ltr'><strong>fretum,</strong></span> <span class='ocrx_word' id='word_1_506' title='bbox 741 4360 794 4413; x_wconf 86' lang='lat' dir='ltr'><strong>in</strong></span> <span class='ocrx_word' id='word_1_507' title='bbox 815 4362 1000 4428; x_wconf 75' lang='lat' dir='ltr'><strong>primis</strong></span> <span class='ocrx_word' id='word_1_508' title='bbox 1029 4363 1304 4415; x_wconf 76' lang='lat' dir='ltr'><strong>ordinibus</strong></span> <span class='ocrx_word' id='word_1_509' title='bbox 1321 4371 1534 4417; x_wconf 79' lang='lat' dir='ltr'><strong>strenue</strong></span> <span class='ocrx_word' id='word_1_510' title='bbox 1557 4365 1924 4430; x_wconf 80' lang='lat' dir='ltr'><strong>dimicantem,</strong></span> <span class='ocrx_word' id='word_1_511' title='bbox 1945 4384 2087 4435; x_wconf 66' lang='lat' dir='ltr'><strong>prae-</strong></span> 
     </span>
    </p>
   </div>
   <div class='ocr_carea' id='block_1_72' title="bbox 495 4453 2083 4524">
    <p class='ocr_par' dir='ltr' id='par_1_72' title="bbox 495 4453 2083 4524">
     <span class='ocr_line' id='line_1_72' title="bbox 495 4453 2083 4524; baseline 0.008 -19"><span class='ocrx_word' id='word_1_512' title='bbox 495 4453 646 4506; x_wconf 81' lang='lat' dir='ltr'><strong>clare</strong></span> <span class='ocrx_word' id='word_1_513' title='bbox 697 4454 949 4507; x_wconf 75' lang='lat' dir='ltr'><strong>victorem</strong></span> <span class='ocrx_word' id='word_1_514' title='bbox 1007 4455 1141 4524; x_wconf 81' lang='lat' dir='ltr'><strong>fore.</strong></span> <span class='ocrx_word' id='word_1_515' title='bbox 1192 4454 1288 4510; x_wconf 82' lang='lat' dir='ltr'><strong>His</strong></span> <span class='ocrx_word' id='word_1_516' title='bbox 1333 4456 1566 4511; x_wconf 78' lang='lat' dir='ltr'><strong>Michael</strong></span> <span class='ocrx_word' id='word_1_517' title='bbox 1602 4458 1790 4514; x_wconf 90' lang='lat' dir='ltr'><strong>verbis</strong></span> <span class='ocrx_word' id='word_1_518' title='bbox 1836 4475 1866 4514; x_wconf 93' lang='lat' dir='ltr'><strong>a</strong></span> <span class='ocrx_word' id='word_1_519' title='bbox 1903 4475 1999 4515; x_wconf 89' lang='lat' dir='ltr'><strong>sua</strong></span> <span class='ocrx_word' id='word_1_520' title='bbox 2030 4461 2083 4516; x_wconf 92' lang='lat' dir='ltr'><strong>in</strong></span> 
     </span>
    </p>
   </div>
   <div class='ocr_carea' id='block_1_73' title="bbox 2194 3233 3793 3318">
    <p class='ocr_par' dir='ltr' id='par_1_73' title="bbox 2194 3233 3793 3318">
     <span class='ocr_line' id='line_1_73' title="bbox 2194 3233 3793 3318; baseline 0.01 -32"><span class='ocrx_word' id='word_1_521' title='bbox 2194 3233 2508 3306; x_wconf 73' lang='grc' dir='ltr'>βιαζόμενοι</span> <span class='ocrx_word' id='word_1_522' title='bbox 2531 3256 2578 3306; x_wconf 82' lang='grc'><strong>;›</strong></span> <span class='ocrx_word' id='word_1_523' title='bbox 2605 3240 2705 3293; x_wconf 84' lang='grc' dir='ltr'>Διὰ</span> <span class='ocrx_word' id='word_1_524' title='bbox 2733 3239 2894 3296; x_wconf 83' lang='grc' dir='ltr'>τοῦτο</span> <span class='ocrx_word' id='word_1_525' title='bbox 2925 3237 3018 3296; x_wconf 79' lang='grc' dir='ltr'>οὖν</span> <span class='ocrx_word' id='word_1_526' title='bbox 3046 3243 3440 3316; x_wconf 87' lang='grc' dir='ltr'>παλινδρομεῖν</span> <span class='ocrx_word' id='word_1_527' title='bbox 3469 3247 3654 3318; x_wconf 78' lang='grc' dir='ltr'>ἡρέμα</span> <span class='ocrx_word' id='word_1_528' title='bbox 3671 3265 3793 3312; x_wconf 89' lang='grc' dir='ltr'><strong>πως</strong></span> 
     </span>
    </p>
   </div>
   <div class='ocr_carea' id='block_1_74' title="bbox 2193 3329 3790 3412">
    <p class='ocr_par' dir='ltr' id='par_1_74' title="bbox 2193 3329 3790 3412">
     <span class='ocr_line' id='line_1_74' title="bbox 2193 3329 3790 3412; baseline 0.011 -32"><span class='ocrx_word' id='word_1_529' title='bbox 2193 3329 2286 3381; x_wconf 79' lang='grc' dir='ltr'>καὶ</span> <span class='ocrx_word' id='word_1_530' title='bbox 2313 3330 2456 3384; x_wconf 87' lang='grc' dir='ltr'>κατά</span> <span class='ocrx_word' id='word_1_531' title='bbox 2487 3333 2689 3403; x_wconf 84' lang='grc' dir='ltr'>μικρὸν</span> <span class='ocrx_word' id='word_1_532' title='bbox 2720 3335 2858 3407; x_wconf 82' lang='grc' dir='ltr'>πρὸς</span> <span class='ocrx_word' id='word_1_533' title='bbox 2885 3336 2985 3407; x_wconf 90' lang='grc' dir='ltr'><strong>τὴν</strong></span> <span class='ocrx_word' id='word_1_534' title='bbox 3013 3337 3226 3392; x_wconf 82' lang='grc' dir='ltr'>οἰκείαν</span> <span class='ocrx_word' id='word_1_535' title='bbox 3281 3338 3560 3409; x_wconf 79' lang='grc' dir='ltr'>βασιλείαν</span> <span class='ocrx_word' id='word_1_536' title='bbox 3600 3340 3790 3412; x_wconf 62' lang='grc' dir='ltr'>βουλος</span> 
     </span>
    </p>
   </div>
   <div class='ocr_carea' id='block_1_75' title="bbox 2195 3421 3792 3506">
    <p class='ocr_par' dir='ltr' id='par_1_75' title="bbox 2195 3421 3792 3506">
     <span class='ocr_line' id='line_1_75' title="bbox 2195 3421 3792 3506; baseline -0.001 -16"><span class='ocrx_word' id='word_1_537' title='bbox 2195 3421 2383 3490; x_wconf 68' lang='grc' dir='ltr'>μένου,</span> <span class='ocrx_word' id='word_1_538' title='bbox 2411 3426 2663 3495; x_wconf 83' lang='grc' dir='ltr'>ἀπρεπὲς</span> <span class='ocrx_word' id='word_1_539' title='bbox 2714 3428 2889 3500; x_wconf 78' lang='grc' dir='ltr'>ἐφάνη</span> <span class='ocrx_word' id='word_1_540' title='bbox 2937 3430 3018 3501; x_wconf 85' lang='grc' dir='ltr'>τῷ</span> <span class='ocrx_word' id='word_1_541' title='bbox 3045 3432 3240 3486; x_wconf 83' lang='grc' dir='ltr'>Λέοντι</span> <span class='ocrx_word' id='word_1_542' title='bbox 3287 3433 3384 3487; x_wconf 76' lang='grc' dir='ltr'>καὶ</span> <span class='ocrx_word' id='word_1_543' title='bbox 3415 3433 3478 3486; x_wconf 89' lang='grc' dir='ltr'><strong>οὑ</strong></span> <span class='ocrx_word' id='word_1_544' title='bbox 3518 3433 3660 3488; x_wconf 85' lang='grc' dir='ltr'>κατὰ</span> <span class='ocrx_word' id='word_1_545' title='bbox 3693 3435 3792 3506; x_wconf 87' lang='grc' dir='ltr'><strong>βα-</strong></span> 
     </span>
    </p>
   </div>
   <div class='ocr_carea' id='block_1_76' title="bbox 2195 3514 3794 3596">
    <p class='ocr_par' dir='ltr' id='par_1_76' title="bbox 2195 3514 3794 3596">
     <span class='ocr_line' id='line_1_76' title="bbox 2195 3514 3794 3596; baseline 0.009 -31"><span class='ocrx_word' id='word_1_546' title='bbox 2195 3514 2346 3567; x_wconf 87' lang='grc' dir='ltr'>σιλέα</span> <span class='ocrx_word' id='word_1_547' title='bbox 2387 3517 2676 3586; x_wconf 86' lang='grc' dir='ltr'>Ῥωμαίων</span> <span class='ocrx_word' id='word_1_548' title='bbox 2703 3520 2852 3574; x_wconf 86' lang='grc' dir='ltr'>νῶτα</span> <span class='ocrx_word' id='word_1_549' title='bbox 2877 3522 3081 3577; x_wconf 83' lang='grc' dir='ltr'>διδόναι</span> <span class='ocrx_word' id='word_1_550' title='bbox 3108 3528 3224 3588; x_wconf 83' lang='grc' dir='ltr'>τοῖς</span> <span class='ocrx_word' id='word_1_551' title='bbox 3253 3526 3489 3596; x_wconf 85' lang='grc' dir='ltr'>ἐχθροῖς,</span> <span class='ocrx_word' id='word_1_552' title='bbox 3523 3526 3667 3582; x_wconf 85' lang='grc' dir='ltr'>οὕτω</span> <span class='ocrx_word' id='word_1_553' title='bbox 3699 3545 3794 3580; x_wconf 79' lang='grc' dir='ltr'>κα·</span> 
     </span>
    </p>
   </div>
   <div class='ocr_carea' id='block_1_77' title="bbox 2191 3603 3790 3690">
    <p class='ocr_par' dir='ltr' id='par_1_77' title="bbox 2191 3603 3790 3690">
     <span class='ocr_line' id='line_1_77' title="bbox 2191 3603 3790 3690; baseline 0.014 -34"><span class='ocrx_word' id='word_1_554' title='bbox 2191 3603 2373 3658; x_wconf 85' lang='grc' dir='ltr'>λοῦντι</span> <span class='ocrx_word' id='word_1_555' title='bbox 2403 3609 2623 3680; x_wconf 86' lang='grc' dir='ltr'>ἐκείνην</span> <span class='ocrx_word' id='word_1_556' title='bbox 2653 3611 2754 3680; x_wconf 85' lang='grc' dir='ltr'><strong>τὴν</strong></span> <span class='ocrx_word' id='word_1_557' title='bbox 2796 3612 3097 3685; x_wconf 85' lang='grc' dir='ltr'>καλλίστην</span> <span class='ocrx_word' id='word_1_558' title='bbox 3128 3617 3326 3686; x_wconf 83' lang='grc' dir='ltr'>βουλὴν</span> <span class='ocrx_word' id='word_1_559' title='bbox 3359 3615 3448 3689; x_wconf 79' lang='grc' dir='ltr'><strong>[Ρ.</strong></span> <span class='ocrx_word' id='word_1_560' title='bbox 3491 3617 3579 3690; x_wconf 79' lang='grc'><strong>10]</strong></span> <span class='ocrx_word' id='word_1_561' title='bbox 3605 3618 3683 3688; x_wconf 83' lang='grc' dir='ltr'>τῷ</span> <span class='ocrx_word' id='word_1_562' title='bbox 3713 3619 3790 3690; x_wconf 79' lang='grc' dir='ltr'><strong>μὴ</strong></span> 
     </span>
    </p>
   </div>
   <div class='ocr_carea' id='block_1_78' title="bbox 2191 3696 3789 3780">
    <p class='ocr_par' dir='ltr' id='par_1_78' title="bbox 2191 3696 3789 3780">
     <span class='ocr_line' id='line_1_78' title="bbox 2191 3696 3789 3780; baseline 0.011 -31"><span class='ocrx_word' id='word_1_563' title='bbox 2191 3696 2330 3768; x_wconf 80' lang='grc' dir='ltr'>ὀρθά</span> <span class='ocrx_word' id='word_1_564' title='bbox 2361 3701 2484 3770; x_wconf 85' lang='grc' dir='ltr'>μηδ’</span> <span class='ocrx_word' id='word_1_565' title='bbox 2517 3703 2649 3771; x_wconf 76' lang='grc' dir='ltr'>ὑγιᾶ</span> <span class='ocrx_word' id='word_1_566' title='bbox 2677 3708 2922 3774; x_wconf 84' lang='grc' dir='ltr'>φρονεῖν,</span> <span class='ocrx_word' id='word_1_567' title='bbox 2960 3709 3366 3780; x_wconf 84' lang='grc' dir='ltr'>σεσαθρωμένα</span> <span class='ocrx_word' id='word_1_568' title='bbox 3395 3710 3565 3764; x_wconf 80' lang='grc' dir='ltr'>δὲκαὶ</span> <span class='ocrx_word' id='word_1_569' title='bbox 3609 3711 3789 3779; x_wconf 88' lang='grc' dir='ltr'>δόλια,</span> 
     </span>
    </p>
   </div>
   <div class='ocr_carea' id='block_1_79' title="bbox 2193 3791 3792 3873">
    <p class='ocr_par' dir='ltr' id='par_1_79' title="bbox 2193 3791 3792 3873">
     <span class='ocr_line' id='line_1_79' title="bbox 2193 3791 3792 3873; baseline 0.008 -29"><span class='ocrx_word' id='word_1_570' title='bbox 2193 3791 2290 3844; x_wconf 85' lang='grc' dir='ltr'>καὶ</span> <span class='ocrx_word' id='word_1_571' title='bbox 2319 3793 2448 3865; x_wconf 83' lang='grc' dir='ltr'>ὃλην</span> <span class='ocrx_word' id='word_1_572' title='bbox 2483 3797 2573 3866; x_wconf 85' lang='grc' dir='ltr'><strong>ὑφ’</strong></span> <span class='ocrx_word' id='word_1_573' title='bbox 2605 3799 2799 3852; x_wconf 84' lang='grc' dir='ltr'>ἐαυτὸν</span> <span class='ocrx_word' id='word_1_574' title='bbox 2835 3801 3063 3872; x_wconf 83' lang='grc' dir='ltr'>ποιῆσαι</span> <span class='ocrx_word' id='word_1_575' title='bbox 3095 3801 3196 3873; x_wconf 89' lang='grc' dir='ltr'><strong>τὴν</strong></span> <span class='ocrx_word' id='word_1_576' title='bbox 3224 3802 3334 3856; x_wconf 83' lang='grc' dir='ltr'>τῶν</span> <span class='ocrx_word' id='word_1_577' title='bbox 3371 3803 3660 3873; x_wconf 85' lang='grc' dir='ltr'>Ῥωμαίων</span> <span class='ocrx_word' id='word_1_578' title='bbox 3691 3820 3792 3872; x_wconf 74' lang='grc' dir='ltr'><strong>με-⁸</strong></span> 
     </span>
    </p>
   </div>
   <div class='ocr_carea' id='block_1_80' title="bbox 2191 3884 3789 3965">
    <p class='ocr_par' dir='ltr' id='par_1_80' title="bbox 2191 3884 3789 3965">
     <span class='ocr_line' id='line_1_80' title="bbox 2191 3884 3789 3965; baseline 0.016 -29"><span class='ocrx_word' id='word_1_579' title='bbox 2191 3884 2416 3939; x_wconf 84' lang='grc' dir='ltr'>λετῶντι</span> <span class='ocrx_word' id='word_1_580' title='bbox 2435 3889 2756 3960; x_wconf 84' lang='grc' dir='ltr'>ἡγεμονίαν.</span> <span class='ocrx_word' id='word_1_581' title='bbox 2777 3893 2932 3947; x_wconf 71' lang='grc' dir='ltr'>Ἀλλ’</span> <span class='ocrx_word' id='word_1_582' title='bbox 2953 3893 3192 3964; x_wconf 73' lang='grc' dir='ltr'>ἰτητέον</span> <span class='ocrx_word' id='word_1_583' title='bbox 3229 3895 3358 3965; x_wconf 78' lang='grc' dir='ltr'>ἔφη,</span> <span class='ocrx_word' id='word_1_584' title='bbox 3377 3895 3528 3964; x_wconf 76' lang='grc' dir='ltr'>πρὸς</span> <span class='ocrx_word' id='word_1_585' title='bbox 3543 3894 3789 3961; x_wconf 73' lang='grc' dir='ltr'>αὐτοὺς,</span> 
     </span>
    </p>
   </div>
   <div class='ocr_carea' id='block_1_81' title="bbox 2189 3973 3794 4058">
    <p class='ocr_par' dir='ltr' id='par_1_81' title="bbox 2189 3973 3794 4058">
     <span class='ocr_line' id='line_1_81' title="bbox 2189 3973 3794 4058; baseline 0.007 -28"><span class='ocrx_word' id='word_1_586' title='bbox 2189 3973 2237 4034; x_wconf 84' lang='grc' dir='ltr'><strong>ὦ</strong></span> <span class='ocrx_word' id='word_1_587' title='bbox 2244 3980 2535 4046; x_wconf 76' lang='grc' dir='ltr'>βασιλεῦ,</span> <span class='ocrx_word' id='word_1_588' title='bbox 2556 3984 2653 4038; x_wconf 72' lang='grc' dir='ltr'>καὶ</span> <span class='ocrx_word' id='word_1_589' title='bbox 2676 3984 2814 4054; x_wconf 70' lang='grc' dir='ltr'>ὄψει</span> <span class='ocrx_word' id='word_1_590' title='bbox 2827 4003 2906 4055; x_wconf 81' lang='grc' dir='ltr'><strong>με</strong></span> <span class='ocrx_word' id='word_1_591' title='bbox 2925 3987 3198 4058; x_wconf 78' lang='grc' dir='ltr'>σήμερον</span> <span class='ocrx_word' id='word_1_592' title='bbox 3211 3990 3275 4042; x_wconf 77' lang='grc' dir='ltr'>τὸ</span> <span class='ocrx_word' id='word_1_593' title='bbox 3294 3989 3510 4057; x_wconf 77' lang='grc' dir='ltr'>κράτος</span> <span class='ocrx_word' id='word_1_594' title='bbox 3524 3988 3794 4058; x_wconf 82' lang='grc' dir='ltr'>καθαρῶς</span> 
     </span>
    </p>
   </div>
   <div class='ocr_carea' id='block_1_82' title="bbox 2189 4073 3793 4150">
    <p class='ocr_par' dir='ltr' id='par_1_82' title="bbox 2189 4073 3793 4150">
     <span class='ocr_line' id='line_1_82' title="bbox 2189 4073 3793 4150; baseline 0.002 -22"><span class='ocrx_word' id='word_1_595' title='bbox 2189 4073 2612 4143; x_wconf 73' lang='grc' dir='ltr'>ἀναδούμενον</span> <span class='ocrx_word' id='word_1_596' title='bbox 2645 4080 2800 4132; x_wconf 81' lang='grc' dir='ltr'>κατὰ</span> <span class='ocrx_word' id='word_1_597' title='bbox 2821 4079 2943 4133; x_wconf 82' lang='grc' dir='ltr'><strong>τῶν</strong></span> <span class='ocrx_word' id='word_1_598' title='bbox 2953 4081 3186 4150; x_wconf 78' lang='grc' dir='ltr'>ἐχθρῶν</span> <span class='ocrx_word' id='word_1_599' title='bbox 3204 4082 3302 4135; x_wconf 79' lang='grc' dir='ltr'>καὶ</span> <span class='ocrx_word' id='word_1_600' title='bbox 3323 4083 3658 4150; x_wconf 67' lang='grc' dir='ltr'>νικηφόρον</span> <span class='ocrx_word' id='word_1_601' title='bbox 3681 4083 3793 4134; x_wconf 82' lang='grc' dir='ltr'>δει-</span> 
     </span>
    </p>
   </div>
   <div class='ocr_carea' id='block_1_83' title="bbox 2191 4167 3793 4243">
    <p class='ocr_par' dir='ltr' id='par_1_83' title="bbox 2191 4167 3793 4243">
     <span class='ocr_line' id='line_1_83' title="bbox 2191 4167 3793 4243; baseline 0.006 -24"><span class='ocrx_word' id='word_1_602' title='bbox 2191 4183 2534 4235; x_wconf 80' lang='grc' dir='ltr'>κνυμενον,</span> <span class='ocrx_word' id='word_1_603' title='bbox 2566 4167 2642 4240; x_wconf 78' lang='grc' dir='ltr'>τῇ</span> <span class='ocrx_word' id='word_1_604' title='bbox 2684 4170 2772 4240; x_wconf 79' lang='grc' dir='ltr'><em>σῇ</em></span> <span class='ocrx_word' id='word_1_605' title='bbox 2812 4174 3309 4242; x_wconf 73' lang='grc' dir='ltr'>καταθαρῤοῦντα</span> <span class='ocrx_word' id='word_1_606' title='bbox 3350 4174 3450 4226; x_wconf 81' lang='grc' dir='ltr'>καὶ</span> <span class='ocrx_word' id='word_1_607' title='bbox 3494 4178 3793 4243; x_wconf 83' lang='grc' dir='ltr'>προπολε-</span> 
     </span>
    </p>
   </div>
   <div class='ocr_carea' id='block_1_84' title="bbox 2186 4257 3792 4336">
    <p class='ocr_par' dir='ltr' id='par_1_84' title="bbox 2186 4257 3792 4336">
     <span class='ocr_line' id='line_1_84' title="bbox 2186 4257 3792 4336; baseline 0.006 -26"><span class='ocrx_word' id='word_1_608' title='bbox 2186 4257 2782 4329; x_wconf 79' lang='grc' dir='ltr'>μοῦνταπεποιθήσει</span> <span class='ocrx_word' id='word_1_609' title='bbox 2830 4282 2894 4319; x_wconf 81' lang='grc' dir='ltr'><strong>τε</strong></span> <span class='ocrx_word' id='word_1_610' title='bbox 2931 4265 3031 4318; x_wconf 78' lang='grc' dir='ltr'>καὶ</span> <span class='ocrx_word' id='word_1_611' title='bbox 3052 4264 3230 4332; x_wconf 78' lang='grc' dir='ltr'>εὐχῇ.</span> <span class='ocrx_word' id='word_1_612' title='bbox 3261 4264 3485 4328; x_wconf 87' lang='grc' dir='ltr'>Τούτοις</span> <span class='ocrx_word' id='word_1_613' title='bbox 3513 4267 3542 4316; x_wconf 85' lang='grc' dir='ltr'>ὁ</span> <span class='ocrx_word' id='word_1_614' title='bbox 3569 4265 3792 4336; x_wconf 83' lang='grc' dir='ltr'>Μιχαὴλ</span> 
     </span>
    </p>
   </div>
   <div class='ocr_carea' id='block_1_85' title="bbox 2189 4353 3792 4429">
    <p class='ocr_par' dir='ltr' id='par_1_85' title="bbox 2189 4353 3792 4429">
     <span class='ocr_line' id='line_1_85' title="bbox 2189 4353 3792 4429; baseline 0.005 -25"><span class='ocrx_word' id='word_1_615' title='bbox 2189 4355 2300 4416; x_wconf 86' lang='grc' dir='ltr'>τοῖς</span> <span class='ocrx_word' id='word_1_616' title='bbox 2329 4353 2510 4421; x_wconf 88' lang='grc' dir='ltr'>λόγοις</span> <span class='ocrx_word' id='word_1_617' title='bbox 2543 4357 2846 4427; x_wconf 85' lang='grc' dir='ltr'>ἐκτραπείς</span> <span class='ocrx_word' id='word_1_618' title='bbox 2864 4374 2922 4410; x_wconf 85' lang='grc' dir='ltr'><strong>τε</strong></span> <span class='ocrx_word' id='word_1_619' title='bbox 2949 4357 3045 4410; x_wconf 80' lang='grc' dir='ltr'>καὶ</span> <span class='ocrx_word' id='word_1_620' title='bbox 3061 4355 3503 4426; x_wconf 80' lang='grc' dir='ltr'>παρασαλευϐεὶς</span> <span class='ocrx_word' id='word_1_621' title='bbox 3523 4359 3792 4429; x_wconf 78' lang='grc' dir='ltr'>συρρῆξαι</span> 
     </span>
    </p>
   </div>
   <div class='ocr_carea' id='block_1_86' title="bbox 2192 4450 3791 4522">
    <p class='ocr_par' dir='ltr' id='par_1_86' title="bbox 2192 4450 3791 4522">
     <span class='ocr_line' id='line_1_86' title="bbox 2192 4450 3791 4522; baseline 0.006 -23"><span class='ocrx_word' id='word_1_622' title='bbox 2192 4450 2638 4518; x_wconf 85' lang='grc' dir='ltr'>παρεκελεύσατο</span> <span class='ocrx_word' id='word_1_623' title='bbox 2676 4453 2770 4504; x_wconf 76' lang='grc' dir='ltr'>τὸν</span> <span class='ocrx_word' id='word_1_624' title='bbox 2812 4451 3074 4519; x_wconf 78' lang='grc' dir='ltr'>πόλεμον.</span> <span class='ocrx_word' id='word_1_625' title='bbox 3138 4451 3226 4514; x_wconf 82' lang='grc' dir='ltr'>Ὠς</span> <span class='ocrx_word' id='word_1_626' title='bbox 3264 4450 3322 4504; x_wconf 80' lang='grc' dir='ltr'>δὲ</span> <span class='ocrx_word' id='word_1_627' title='bbox 3364 4451 3528 4522; x_wconf 88' lang='grc' dir='ltr'>μόνον</span> <span class='ocrx_word' id='word_1_628' title='bbox 3568 4453 3791 4522; x_wconf 87' lang='grc' dir='ltr'>ἐγένετο</span> 
     </span>
    </p>
   </div>
   <div class='ocr_carea' id='block_1_87' title="bbox 489 4528 2087 4620">
    <p class='ocr_par' dir='ltr' id='par_1_87' title="bbox 489 4544 2086 4620">
     <span class='ocr_line' id='line_1_87' title="bbox 489 4544 2086 4620; baseline 0.008 -23"><span class='ocrx_word' id='word_1_629' title='bbox 489 4544 772 4599; x_wconf 81' lang='lat' dir='ltr'><strong>diversum</strong></span> <span class='ocrx_word' id='word_1_630' title='bbox 817 4553 976 4599; x_wconf 90' lang='lat' dir='ltr'><strong>actus</strong></span> <span class='ocrx_word' id='word_1_631' title='bbox 1026 4547 1300 4601; x_wconf 88' lang='lat' dir='ltr'><strong>sententia</strong></span> <span class='ocrx_word' id='word_1_632' title='bbox 1342 4562 1581 4618; x_wconf 80' lang='lat' dir='ltr'><strong>pugnam</strong></span> <span class='ocrx_word' id='word_1_633' title='bbox 1632 4551 1850 4604; x_wconf 87' lang='lat' dir='ltr'><strong>conseri</strong></span> <span class='ocrx_word' id='word_1_634' title='bbox 1897 4550 2086 4620; x_wconf 88' lang='lat' dir='ltr'><strong>jussit.</strong></span> 
     </span>
    </p>
   </div>
   <div class='ocr_carea' id='block_1_88' title="bbox 2191 4528 3792 4620">
    <p class='ocr_par' dir='ltr' id='par_1_88' title="bbox 2195 4542 3792 4616">
     <span class='ocr_line' id='line_1_88' title="bbox 2195 4542 3792 4616; baseline 0.005 -24"><span class='ocrx_word' id='word_1_635' title='bbox 2195 4542 2440 4613; x_wconf 77' lang='grc' dir='ltr'>συμϐολὴ</span> <span class='ocrx_word' id='word_1_636' title='bbox 2463 4583 2476 4605; x_wconf 92' lang='grc'><strong>,</strong></span> <span class='ocrx_word' id='word_1_637' title='bbox 2509 4544 2657 4597; x_wconf 83' lang='grc' dir='ltr'>νῶτα</span> <span class='ocrx_word' id='word_1_638' title='bbox 2683 4543 2808 4606; x_wconf 81' lang='grc' dir='ltr'>δοὺς</span> <span class='ocrx_word' id='word_1_639' title='bbox 2837 4545 2866 4596; x_wconf 88' lang='grc' dir='ltr'><strong>ό</strong></span> <span class='ocrx_word' id='word_1_640' title='bbox 2897 4543 3051 4596; x_wconf 85' lang='grc' dir='ltr'>Λέων</span> <span class='ocrx_word' id='word_1_641' title='bbox 3093 4542 3194 4616; x_wconf 82' lang='grc' dir='ltr'><strong>τὴν</strong></span> <span class='ocrx_word' id='word_1_642' title='bbox 3230 4543 3536 4613; x_wconf 82' lang='grc' dir='ltr'>φυγαδείαν</span> <span class='ocrx_word' id='word_1_643' title='bbox 3599 4547 3792 4616; x_wconf 82' lang='grc' dir='ltr'>ὴσπά-</span> 
     </span>
    </p>
   </div>
   <div class='ocr_carea' id='block_1_89' title="bbox 490 4636 2087 4720">
    <p class='ocr_par' dir='ltr' id='par_1_89' title="bbox 490 4636 2087 4720">
     <span class='ocr_line' id='line_1_89' title="bbox 490 4636 2087 4720; baseline 0.006 -29"><span class='ocrx_word' id='word_1_644' title='bbox 490 4636 726 4708; x_wconf 80' lang='lat' dir='ltr'><strong>Moane</strong></span> <span class='ocrx_word' id='word_1_645' title='bbox 752 4640 928 4708; x_wconf 87' lang='lat' dir='ltr'><strong>prima</strong></span> <span class='ocrx_word' id='word_1_646' title='bbox 960 4640 1078 4709; x_wconf 89' lang='lat' dir='ltr'><strong>ipsa</strong></span> <span class='ocrx_word' id='word_1_647' title='bbox 1110 4641 1507 4710; x_wconf 83' lang='lat' dir='ltr'><strong>congressione</strong></span> <span class='ocrx_word' id='word_1_648' title='bbox 1534 4641 1645 4696; x_wconf 90' lang='lat' dir='ltr'><strong>Leo</strong></span> <span class='ocrx_word' id='word_1_649' title='bbox 1680 4651 1833 4714; x_wconf 84' lang='lat' dir='ltr'><strong>terga</strong></span> <span class='ocrx_word' id='word_1_650' title='bbox 1865 4652 2087 4720; x_wconf 77' lang='lat' dir='ltr'><strong>vertens</strong></span> 
     </span>
    </p>
   </div>
   <div class='ocr_carea' id='block_1_90' title="bbox 488 4729 2085 4801">
    <p class='ocr_par' dir='ltr' id='par_1_90' title="bbox 488 4729 2085 4801">
     <span class='ocr_line' id='line_1_90' title="bbox 488 4729 2085 4801; baseline 0.004 -16"><span class='ocrx_word' id='word_1_651' title='bbox 488 4729 677 4799; x_wconf 77' lang='lat' dir='ltr'><strong>fugam</strong></span> <span class='ocrx_word' id='word_1_652' title='bbox 711 4731 973 4799; x_wconf 89' lang='lat' dir='ltr'><strong>capessit,</strong></span> <span class='ocrx_word' id='word_1_653' title='bbox 1005 4731 1212 4801; x_wconf 90' lang='lat' dir='ltr'><strong>quippe</strong></span> <span class='ocrx_word' id='word_1_654' title='bbox 1239 4732 1584 4801; x_wconf 86' lang='lat' dir='ltr'><strong>tyrannidem</strong></span> <span class='ocrx_word' id='word_1_655' title='bbox 1621 4734 1883 4790; x_wconf 89' lang='lat' dir='ltr'><strong>continue</strong></span> <span class='ocrx_word' id='word_1_656' title='bbox 1909 4737 2085 4792; x_wconf 85' lang='lat' dir='ltr'><strong>medi-</strong></span> 
     </span>
    </p>
   </div>
   <div class='ocr_carea' id='block_1_91' title="bbox 487 4824 2088 4894">
    <p class='ocr_par' dir='ltr' id='par_1_91' title="bbox 487 4824 2088 4894">
     <span class='ocr_line' id='line_1_91' title="bbox 487 4824 2088 4894; baseline 0.005 -16"><span class='ocrx_word' id='word_1_657' title='bbox 487 4832 637 4890; x_wconf 82' lang='lat' dir='ltr'><strong>tans,</strong></span> <span class='ocrx_word' id='word_1_658' title='bbox 662 4825 766 4878; x_wconf 86' lang='lat' dir='ltr'><strong>etsi</strong></span> <span class='ocrx_word' id='word_1_659' title='bbox 795 4824 1064 4879; x_wconf 82' lang='lat' dir='ltr'><strong>hactenus</strong></span> <span class='ocrx_word' id='word_1_660' title='bbox 1090 4825 1211 4894; x_wconf 90' lang='lat' dir='ltr'><strong>ejus</strong></span> <span class='ocrx_word' id='word_1_661' title='bbox 1243 4825 1349 4880; x_wconf 91' lang='lat' dir='ltr'><strong>hoc</strong></span> <span class='ocrx_word' id='word_1_662' title='bbox 1373 4827 1670 4881; x_wconf 87' lang='lat' dir='ltr'><strong>consilium</strong></span> <span class='ocrx_word' id='word_1_663' title='bbox 1704 4836 1818 4883; x_wconf 91' lang='lat' dir='ltr'><strong>tum</strong></span> <span class='ocrx_word' id='word_1_664' title='bbox 1845 4829 2088 4886; x_wconf 81' lang='lat' dir='ltr'><strong>Michae-</strong></span> 
     </span>
    </p>
   </div>
   <div class='ocr_carea' id='block_1_92' title="bbox 489 4917 2085 4984">
    <p class='ocr_par' dir='ltr' id='par_1_92' title="bbox 489 4917 2085 4984">
     <span class='ocr_line' id='line_1_92' title="bbox 489 4917 2085 4984; baseline 0.004 -10"><span class='ocrx_word' id='word_1_665' title='bbox 489 4918 625 4983; x_wconf 64' lang='lat' dir='ltr'><strong>le-m,</strong></span> <span class='ocrx_word' id='word_1_666' title='bbox 657 4927 770 4973; x_wconf 92' lang='lat' dir='ltr'><strong>tum</strong></span> <span class='ocrx_word' id='word_1_667' title='bbox 800 4918 1261 4974; x_wconf 84' lang='lat' dir='ltr'><strong>hosteslatuerat.</strong></span> <span class='ocrx_word' id='word_1_668' title='bbox 1294 4917 1450 4984; x_wconf 86' lang='lat' dir='ltr'><strong>Quod</strong></span> <span class='ocrx_word' id='word_1_669' title='bbox 1477 4921 1624 4974; x_wconf 89' lang='lat' dir='ltr'><strong>enim</strong></span> <span class='ocrx_word' id='word_1_670' title='bbox 1653 4921 1787 4975; x_wconf 89' lang='lat' dir='ltr'><strong>nihil</strong></span> <span class='ocrx_word' id='word_1_671' title='bbox 1819 4923 2085 4981; x_wconf 86' lang='lat' dir='ltr'><strong>hactenus</strong></span> 
     </span>
    </p>
   </div>
   <div class='ocr_carea' id='block_1_93' title="bbox 485 5011 2084 5082">
    <p class='ocr_par' dir='ltr' id='par_1_93' title="bbox 485 5011 2084 5082">
     <span class='ocr_line' id='line_1_93' title="bbox 485 5011 2084 5082; baseline 0.003 -16"><span class='ocrx_word' id='word_1_672' title='bbox 485 5011 802 5068; x_wconf 83' lang='lat' dir='ltr'><strong>istiusmodi</strong></span> <span class='ocrx_word' id='word_1_673' title='bbox 837 5011 1168 5081; x_wconf 86' lang='lat' dir='ltr'><strong>contigerat,</strong></span> <span class='ocrx_word' id='word_1_674' title='bbox 1221 5011 1405 5079; x_wconf 87' lang='lat' dir='ltr'><strong>qualia</strong></span> <span class='ocrx_word' id='word_1_675' title='bbox 1437 5012 1607 5082; x_wconf 64' lang='lat' dir='ltr'><strong>praelii</strong></span> <span class='ocrx_word' id='word_1_676' title='bbox 1642 5013 1723 5066; x_wconf 86' lang='lat' dir='ltr'><strong>vis</strong></span> <span class='ocrx_word' id='word_1_677' title='bbox 1757 5013 1955 5071; x_wconf 79' lang='lat' dir='ltr'><strong>afferre</strong></span> <span class='ocrx_word' id='word_1_678' title='bbox 1987 5032 2084 5072; x_wconf 89' lang='lat' dir='ltr'><strong>so-</strong></span> 
     </span>
    </p>
   </div>
   <div class='ocr_carea' id='block_1_94' title="bbox 486 5104 2083 5177">
    <p class='ocr_par' dir='ltr' id='par_1_94' title="bbox 486 5104 2083 5177">
     <span class='ocr_line' id='line_1_94' title="bbox 486 5104 2083 5177; baseline 0.003 -19"><span class='ocrx_word' id='word_1_679' title='bbox 486 5105 586 5170; x_wconf 79' lang='lat' dir='ltr'><strong>let,</strong></span> <span class='ocrx_word' id='word_1_680' title='bbox 619 5107 942 5175; x_wconf 84' lang='lat' dir='ltr'><strong>nullumque</strong></span> <span class='ocrx_word' id='word_1_681' title='bbox 967 5105 1091 5159; x_wconf 88' lang='lat' dir='ltr'><strong>belli</strong></span> <span class='ocrx_word' id='word_1_682' title='bbox 1129 5104 1344 5159; x_wconf 84' lang='lat' dir='ltr'><strong>facinus</strong></span> <span class='ocrx_word' id='word_1_683' title='bbox 1390 5105 1600 5159; x_wconf 88' lang='lat' dir='ltr'><strong>utravis</strong></span> <span class='ocrx_word' id='word_1_684' title='bbox 1635 5107 1785 5162; x_wconf 86' lang='lat' dir='ltr'><strong>acies</strong></span> <span class='ocrx_word' id='word_1_685' title='bbox 1815 5117 2083 5177; x_wconf 84' lang='lat' dir='ltr'><strong>gesserat,</strong></span> 
     </span>
    </p>
   </div>
   <div class='ocr_carea' id='block_1_95' title="bbox 485 5199 2084 5270">
    <p class='ocr_par' dir='ltr' id='par_1_95' title="bbox 485 5199 2084 5270">
     <span class='ocr_line' id='line_1_95' title="bbox 485 5199 2084 5270; baseline 0 -14"><span class='ocrx_word' id='word_1_686' title='bbox 485 5200 585 5256; x_wconf 78' lang='lat' dir='ltr'><strong>sed</strong></span> <span class='ocrx_word' id='word_1_687' title='bbox 618 5200 826 5269; x_wconf 81' lang='lat' dir='ltr'><strong>primus</strong></span> <span class='ocrx_word' id='word_1_688' title='bbox 857 5202 973 5270; x_wconf 90' lang='lat' dir='ltr'><strong>ipse</strong></span> <span class='ocrx_word' id='word_1_689' title='bbox 1001 5199 1294 5255; x_wconf 79' lang='lat' dir='ltr'><strong>conﬂictus</strong></span> <span class='ocrx_word' id='word_1_690' title='bbox 1339 5200 1680 5265; x_wconf 90' lang='lat' dir='ltr'><strong>vertebatur,</strong></span> <span class='ocrx_word' id='word_1_691' title='bbox 1715 5201 1916 5270; x_wconf 78' lang='lat' dir='ltr'><strong>vixque</strong></span> <span class='ocrx_word' id='word_1_692' title='bbox 1951 5202 2084 5256; x_wconf 86' lang='lat' dir='ltr'><strong>dum</strong></span> 
     </span>
    </p>
   </div>
   <div class='ocr_carea' id='block_1_96' title="bbox 487 5291 2083 5361">
    <p class='ocr_par' dir='ltr' id='par_1_96' title="bbox 487 5291 2083 5361">
     <span class='ocr_line' id='line_1_96' title="bbox 487 5291 2083 5361; baseline 0.003 -17"><span class='ocrx_word' id='word_1_693' title='bbox 487 5291 729 5361; x_wconf 76' lang='lat' dir='ltr'><strong>rcepisse</strong></span> <span class='ocrx_word' id='word_1_694' title='bbox 759 5291 1076 5346; x_wconf 80' lang='lat' dir='ltr'><strong>conﬂictum</strong></span> <span class='ocrx_word' id='word_1_695' title='bbox 1137 5302 1324 5361; x_wconf 85' lang='lat' dir='ltr'><strong>partes</strong></span> <span class='ocrx_word' id='word_1_696' title='bbox 1355 5292 1736 5357; x_wconf 87' lang='lat' dir='ltr'><strong>advertebant,</strong></span> <span class='ocrx_word' id='word_1_697' title='bbox 1791 5302 1906 5346; x_wconf 92' lang='lat' dir='ltr'><strong>tum</strong></span> <span class='ocrx_word' id='word_1_698' title='bbox 1948 5291 2083 5361; x_wconf 89' lang='lat' dir='ltr'><strong>ipsis</strong></span> 
     </span>
    </p>
   </div>
   <div class='ocr_carea' id='block_1_97' title="bbox 492 5384 2084 5454">
    <p class='ocr_par' dir='ltr' id='par_1_97' title="bbox 492 5384 2084 5454">
     <span class='ocr_line' id='line_1_97' title="bbox 492 5384 2084 5454; baseline -0.001 -14"><span class='ocrx_word' id='word_1_699' title='bbox 492 5384 750 5454; x_wconf 77' lang='lat' dir='ltr'><strong>Bulgaria</strong></span> <span class='ocrx_word' id='word_1_700' title='bbox 784 5393 897 5437; x_wconf 88' lang='lat' dir='ltr'><strong>tum</strong></span> <span class='ocrx_word' id='word_1_701' title='bbox 929 5386 1152 5454; x_wconf 91' lang='lat' dir='ltr'><strong>reliquis</strong></span> <span class='ocrx_word' id='word_1_702' title='bbox 1190 5384 1448 5441; x_wconf 83' lang='lat' dir='ltr'><strong>Omnibus</strong></span> <span class='ocrx_word' id='word_1_703' title='bbox 1471 5401 1558 5441; x_wconf 89' lang='lat' dir='ltr'><strong>res</strong></span> <span class='ocrx_word' id='word_1_704' title='bbox 1588 5385 1749 5441; x_wconf 90' lang='lat' dir='ltr'><strong>dolus</strong></span> <span class='ocrx_word' id='word_1_705' title='bbox 1777 5385 2084 5449; x_wconf 75' lang='lat' dir='ltr'><strong>videbatur,</strong></span> 
     </span>
    </p>
   </div>
   <div class='ocr_carea' id='block_1_98' title="bbox 485 5477 2086 5556">
    <p class='ocr_par' dir='ltr' id='par_1_98' title="bbox 485 5477 2086 5556">
     <span class='ocr_line' id='line_1_98' title="bbox 485 5477 2086 5556; baseline 0.002 -26"><span class='ocrx_word' id='word_1_706' title='bbox 485 5477 672 5548; x_wconf 80' lang='lat' dir='ltr'><strong>qualis</strong></span> <span class='ocrx_word' id='word_1_707' title='bbox 711 5477 949 5556; x_wconf 82' lang='lat' dir='ltr'><strong>hostium</strong></span> <span class='ocrx_word' id='word_1_708' title='bbox 982 5493 1105 5534; x_wconf 84' lang='lat' dir='ltr'><strong>esse</strong></span> <span class='ocrx_word' id='word_1_709' title='bbox 1156 5479 1334 5535; x_wconf 88' lang='lat' dir='ltr'><strong>solet:</strong></span> <span class='ocrx_word' id='word_1_710' title='bbox 1366 5495 1563 5549; x_wconf 88' lang='lat' dir='ltr'><strong>nempe</strong></span> <span class='ocrx_word' id='word_1_711' title='bbox 1608 5496 1637 5534; x_wconf 90' lang='lat' dir='ltr'><strong>a</strong></span> <span class='ocrx_word' id='word_1_712' title='bbox 1691 5495 1792 5534; x_wconf 89' lang='lat' dir='ltr'><strong>sua</strong></span> <span class='ocrx_word' id='word_1_713' title='bbox 1823 5479 1945 5533; x_wconf 91' lang='lat' dir='ltr'><strong>illas</strong></span> <span class='ocrx_word' id='word_1_714' title='bbox 1969 5479 2086 5534; x_wconf 86' lang='lat' dir='ltr'><strong>dis-</strong></span> 
     </span>
    </p>
   </div>
   <div class='ocr_carea' id='block_1_99' title="bbox 491 5570 2082 5642">
    <p class='ocr_par' dir='ltr' id='par_1_99' title="bbox 491 5570 2082 5642">
     <span class='ocr_line' id='line_1_99' title="bbox 491 5570 2082 5642; baseline 0.003 -19"><span class='ocrx_word' id='word_1_715' title='bbox 491 5571 798 5623; x_wconf 83' lang='lat' dir='ltr'><strong>trahentem</strong></span> <span class='ocrx_word' id='word_1_716' title='bbox 836 5571 974 5634; x_wconf 85' lang='lat' dir='ltr'><strong>acie,</strong></span> <span class='ocrx_word' id='word_1_717' title='bbox 1026 5586 1295 5626; x_wconf 87' lang='lat' dir='ltr'><strong>conversa</strong></span> <span class='ocrx_word' id='word_1_718' title='bbox 1342 5573 1560 5627; x_wconf 87' lang='lat' dir='ltr'><strong>demum</strong></span> <span class='ocrx_word' id='word_1_719' title='bbox 1609 5572 1663 5626; x_wconf 85' lang='lat' dir='ltr'><strong>in</strong></span> <span class='ocrx_word' id='word_1_720' title='bbox 1695 5585 1790 5626; x_wconf 90' lang='lat' dir='ltr'><strong>eos</strong></span> <span class='ocrx_word' id='word_1_721' title='bbox 1837 5586 1904 5625; x_wconf 78' lang='lat' dir='ltr'><strong>ex</strong></span> <span class='ocrx_word' id='word_1_722' title='bbox 1952 5570 2082 5642; x_wconf 83' lang='lat' dir='ltr'><strong>iuga</strong></span> 
     </span>
    </p>
   </div>
   <div class='ocr_carea' id='block_1_100' title="bbox 488 5647 2078 5732">
    <p class='ocr_par' dir='ltr' id='par_1_100' title="bbox 488 5647 2078 5732">
     <span class='ocr_line' id='line_1_100' title="bbox 488 5647 2078 5732; baseline 0.001 -15"><span class='ocrx_word' id='word_1_723' title='bbox 488 5664 694 5728; x_wconf 71' lang='lat' dir='ltr'><strong>fronte,</strong></span> <span class='ocrx_word' id='word_1_724' title='bbox 737 5661 874 5718; x_wconf 88' lang='lat' dir='ltr'><strong>velle</strong></span> <span class='ocrx_word' id='word_1_725' title='bbox 899 5662 1134 5732; x_wconf 86' lang='lat' dir='ltr'><strong>irruere,</strong></span> <span class='ocrx_word' id='word_1_726' title='bbox 1167 5663 1257 5716; x_wconf 92' lang='lat' dir='ltr'><strong>ubi</strong></span> <span class='ocrx_word' id='word_1_727' title='bbox 1289 5671 1471 5719; x_wconf 85' lang='lat' dir='ltr'><strong>autem</strong></span> <span class='ocrx_word' id='word_1_728' title='bbox 1521 5647 1699 5719; x_wconf 66' lang='lat' dir='ltr'><strong>ambae</strong></span> <span class='ocrx_word' id='word_1_729' title='bbox 1752 5663 1896 5719; x_wconf 87' lang='lat' dir='ltr'><strong>acies</strong></span> <span class='ocrx_word' id='word_1_730' title='bbox 1944 5665 2078 5720; x_wconf 88' lang='lat' dir='ltr'><strong>nihil</strong></span> 
     </span>
    </p>
   </div>
   <div class='ocr_carea' id='block_1_101' title="bbox 2193 4635 3791 4708">
    <p class='ocr_par' dir='ltr' id='par_1_101' title="bbox 2193 4635 3791 4708">
     <span class='ocr_line' id='line_1_101' title="bbox 2193 4635 3791 4708; baseline 0.004 -21"><span class='ocrx_word' id='word_1_731' title='bbox 2193 4651 2346 4700; x_wconf 88' lang='grc' dir='ltr'>σατο,</span> <span class='ocrx_word' id='word_1_732' title='bbox 2370 4636 2469 4706; x_wconf 88' lang='grc' dir='ltr'><strong>τὴν</strong></span> <span class='ocrx_word' id='word_1_733' title='bbox 2507 4635 2788 4706; x_wconf 82' lang='grc' dir='ltr'>βασιλείαν</span> <span class='ocrx_word' id='word_1_734' title='bbox 2827 4635 2914 4689; x_wconf 81' lang='grc' dir='ltr'>ἀεί</span> <span class='ocrx_word' id='word_1_735' title='bbox 2959 4653 3078 4700; x_wconf 88' lang='grc' dir='ltr'><strong>πως</strong></span> <span class='ocrx_word' id='word_1_736' title='bbox 3119 4637 3421 4708; x_wconf 79' lang='grc' dir='ltr'>ἐπιζητῶν.</span> <span class='ocrx_word' id='word_1_737' title='bbox 3473 4637 3587 4692; x_wconf 82' lang='grc' dir='ltr'>Καὶ</span> <span class='ocrx_word' id='word_1_738' title='bbox 3633 4639 3791 4693; x_wconf 83' lang='grc' dir='ltr'>τοῦτο</span> 
     </span>
    </p>
   </div>
   <div class='ocr_carea' id='block_1_102' title="bbox 2189 4724 3790 4803">
    <p class='ocr_par' dir='ltr' id='par_1_102' title="bbox 2189 4724 3790 4803">
     <span class='ocr_line' id='line_1_102' title="bbox 2189 4724 3790 4803; baseline 0 -21"><span class='ocrx_word' id='word_1_739' title='bbox 2189 4727 2328 4791; x_wconf 84' lang='grc' dir='ltr'>τέως</span> <span class='ocrx_word' id='word_1_740' title='bbox 2352 4728 2549 4798; x_wconf 79' lang='grc' dir='ltr'>ἄδηλον</span> <span class='ocrx_word' id='word_1_741' title='bbox 2589 4724 2659 4799; x_wconf 81' lang='grc' dir='ltr'>ἦν</span> <span class='ocrx_word' id='word_1_742' title='bbox 2698 4728 2849 4800; x_wconf 85' lang='grc' dir='ltr'>αὑτῷ</span> <span class='ocrx_word' id='word_1_743' title='bbox 2879 4746 2940 4782; x_wconf 83' lang='grc' dir='ltr'><strong>τε</strong></span> <span class='ocrx_word' id='word_1_744' title='bbox 2972 4730 3051 4800; x_wconf 85' lang='grc' dir='ltr'>τῷ</span> <span class='ocrx_word' id='word_1_745' title='bbox 3089 4732 3316 4803; x_wconf 79' lang='grc' dir='ltr'>Μιχαὴλ</span> <span class='ocrx_word' id='word_1_746' title='bbox 3351 4731 3447 4786; x_wconf 76' lang='grc' dir='ltr'>καὶ</span> <span class='ocrx_word' id='word_1_747' title='bbox 3478 4734 3591 4795; x_wconf 87' lang='grc' dir='ltr'>τοῖς</span> <span class='ocrx_word' id='word_1_748' title='bbox 3621 4731 3790 4785; x_wconf 83' lang='grc' dir='ltr'>ὑπεν-</span> 
     </span>
    </p>
   </div>
   <div class='ocr_carea' id='block_1_103' title="bbox 2189 4820 3791 4894">
    <p class='ocr_par' dir='ltr' id='par_1_103' title="bbox 2189 4820 3791 4894">
     <span class='ocr_line' id='line_1_103' title="bbox 2189 4820 3791 4894; baseline 0.002 -18"><span class='ocrx_word' id='word_1_749' title='bbox 2189 4823 2415 4886; x_wconf 75' lang='grc' dir='ltr'>αντίοιςο</span> <span class='ocrx_word' id='word_1_750' title='bbox 2447 4822 2622 4892; x_wconf 80' lang='grc' dir='ltr'>μήπω</span> <span class='ocrx_word' id='word_1_751' title='bbox 2652 4822 2762 4893; x_wconf 88' lang='grc' dir='ltr'><strong>γάρ</strong></span> <span class='ocrx_word' id='word_1_752' title='bbox 2800 4841 2947 4886; x_wconf 87' lang='grc' dir='ltr'>τινος</span> <span class='ocrx_word' id='word_1_753' title='bbox 2981 4827 3291 4894; x_wconf 81' lang='grc' dir='ltr'>γεγονότος,</span> <span class='ocrx_word' id='word_1_754' title='bbox 3324 4820 3414 4880; x_wconf 77' lang='grc' dir='ltr'><strong>οἷα</strong></span> <span class='ocrx_word' id='word_1_755' title='bbox 3448 4824 3596 4893; x_wconf 87' lang='grc' dir='ltr'><strong>φιλεί</strong></span> <span class='ocrx_word' id='word_1_756' title='bbox 3643 4825 3791 4880; x_wconf 68' lang='grc' dir='ltr'>κατὰ</span> 
     </span>
    </p>
   </div>
   <div class='ocr_carea' id='block_1_104' title="bbox 2191 4915 3790 4990">
    <p class='ocr_par' dir='ltr' id='par_1_104' title="bbox 2191 4915 3790 4990">
     <span class='ocr_line' id='line_1_104' title="bbox 2191 4915 3790 4990; baseline 0.001 -22"><span class='ocrx_word' id='word_1_757' title='bbox 2191 4915 2452 4984; x_wconf 83' lang='grc' dir='ltr'>πόλεμον,</span> <span class='ocrx_word' id='word_1_758' title='bbox 2488 4915 2776 4986; x_wconf 72' lang='grc' dir='ltr'>μηδετέρῳ</span> <span class='ocrx_word' id='word_1_759' title='bbox 2813 4917 3309 4990; x_wconf 84' lang='grc' dir='ltr'>ἀνδραγαθήματος</span> <span class='ocrx_word' id='word_1_760' title='bbox 3331 4958 3346 4984; x_wconf 96' lang='grc'><strong>,</strong></span> <span class='ocrx_word' id='word_1_761' title='bbox 3388 4917 3502 4970; x_wconf 79' lang='grc' dir='ltr'>ἀλλ’</span> <span class='ocrx_word' id='word_1_762' title='bbox 3537 4917 3618 4971; x_wconf 80' lang='grc' dir='ltr'><strong>ἐτι</strong></span> <span class='ocrx_word' id='word_1_763' title='bbox 3665 4918 3790 4971; x_wconf 86' lang='grc' dir='ltr'>κατ’</span> 
     </span>
    </p>
   </div>
   <div class='ocr_carea' id='block_1_105' title="bbox 2191 5002 3790 5080">
    <p class='ocr_par' dir='ltr' id='par_1_105' title="bbox 2191 5002 3790 5080">
     <span class='ocr_line' id='line_1_105' title="bbox 2191 5002 3790 5080; baseline 0.001 -22"><span class='ocrx_word' id='word_1_764' title='bbox 2191 5005 2365 5074; x_wconf 75' lang='grc' dir='ltr'>ἀρχὰς</span> <span class='ocrx_word' id='word_1_765' title='bbox 2395 5002 2561 5074; x_wconf 74' lang='grc' dir='ltr'>οὔσης</span> <span class='ocrx_word' id='word_1_766' title='bbox 2587 5005 2685 5075; x_wconf 84' lang='grc' dir='ltr'>τῆς</span> <span class='ocrx_word' id='word_1_767' title='bbox 2717 5006 2899 5079; x_wconf 86' lang='grc' dir='ltr'>μάχης</span> <span class='ocrx_word' id='word_1_768' title='bbox 2931 5011 3029 5061; x_wconf 62' lang='grc' dir='ltr'><strong>καὶ⁵</strong></span> <span class='ocrx_word' id='word_1_769' title='bbox 3059 5007 3262 5080; x_wconf 82' lang='grc' dir='ltr'>μικροῦ</span> <span class='ocrx_word' id='word_1_770' title='bbox 3289 5009 3374 5061; x_wconf 81' lang='grc' dir='ltr'>ὅτι</span> <span class='ocrx_word' id='word_1_771' title='bbox 3399 5008 3495 5060; x_wconf 76' lang='grc' dir='ltr'>καὶ</span> <span class='ocrx_word' id='word_1_772' title='bbox 3520 5007 3790 5078; x_wconf 78' lang='grc' dir='ltr'>συνερρά-</span> 
     </span>
    </p>
   </div>
   <div class='ocr_carea' id='block_1_106' title="bbox 2190 5096 3788 5170">
    <p class='ocr_par' dir='ltr' id='par_1_106' title="bbox 2190 5096 3788 5170">
     <span class='ocr_line' id='line_1_106' title="bbox 2190 5096 3788 5170; baseline 0.004 -24"><span class='ocrx_word' id='word_1_773' title='bbox 2190 5112 2369 5165; x_wconf 87' lang='grc' dir='ltr'>γησαν</span> <span class='ocrx_word' id='word_1_774' title='bbox 2417 5096 2724 5166; x_wconf 79' lang='grc' dir='ltr'>ἀγνώστου,</span> <span class='ocrx_word' id='word_1_775' title='bbox 2780 5102 2968 5164; x_wconf 80' lang='grc' dir='ltr'>αὐτοῖς</span> <span class='ocrx_word' id='word_1_776' title='bbox 3022 5118 3081 5154; x_wconf 90' lang='grc' dir='ltr'><strong>τε</strong></span> <span class='ocrx_word' id='word_1_777' title='bbox 3135 5103 3252 5164; x_wconf 83' lang='grc' dir='ltr'>τοῖς</span> <span class='ocrx_word' id='word_1_778' title='bbox 3303 5100 3640 5170; x_wconf 86' lang='grc' dir='ltr'>Βουλγάροις</span> <span class='ocrx_word' id='word_1_779' title='bbox 3695 5099 3788 5152; x_wconf 78' lang='grc' dir='ltr'>καὶ</span> 
     </span>
    </p>
   </div>
   <div class='ocr_carea' id='block_1_107' title="bbox 2191 5189 3788 5264">
    <p class='ocr_par' dir='ltr' id='par_1_107' title="bbox 2191 5189 3788 5264">
     <span class='ocr_line' id='line_1_107' title="bbox 2191 5189 3788 5264; baseline 0.002 -24"><span class='ocrx_word' id='word_1_780' title='bbox 2191 5189 2360 5242; x_wconf 80' lang='grc' dir='ltr'>πᾶσιν</span> <span class='ocrx_word' id='word_1_781' title='bbox 2391 5189 2565 5261; x_wconf 80' lang='grc' dir='ltr'>ἐφάνη</span> <span class='ocrx_word' id='word_1_782' title='bbox 2594 5192 2796 5264; x_wconf 88' lang='grc' dir='ltr'>τρόπος</span> <span class='ocrx_word' id='word_1_783' title='bbox 2828 5189 2974 5247; x_wconf 79' lang='grc' dir='ltr'>εἶναι</span> <span class='ocrx_word' id='word_1_784' title='bbox 3001 5194 3060 5246; x_wconf 85' lang='grc' dir='ltr'>τὸ</span> <span class='ocrx_word' id='word_1_785' title='bbox 3095 5195 3356 5264; x_wconf 78' lang='grc' dir='ltr'>πρᾶγμα,</span> <span class='ocrx_word' id='word_1_786' title='bbox 3385 5191 3460 5256; x_wconf 87' lang='grc' dir='ltr'>ὼς</span> <span class='ocrx_word' id='word_1_787' title='bbox 3495 5191 3788 5262; x_wconf 83' lang='grc' dir='ltr'>μέλλουσιν</span> 
     </span>
    </p>
   </div>
   <div class='ocr_carea' id='block_1_108' title="bbox 2190 5283 3788 5357">
    <p class='ocr_par' dir='ltr' id='par_1_108' title="bbox 2190 5283 3788 5357">
     <span class='ocr_line' id='line_1_108' title="bbox 2190 5283 3788 5357; baseline 0.001 -23"><span class='ocrx_word' id='word_1_788' title='bbox 2190 5283 2392 5347; x_wconf 82' lang='grc' dir='ltr'>αὑτοὺς</span> <span class='ocrx_word' id='word_1_789' title='bbox 2425 5284 2664 5357; x_wconf 75' lang='grc' dir='ltr'>διασπᾷν</span> <span class='ocrx_word' id='word_1_790' title='bbox 2697 5287 2795 5341; x_wconf 76' lang='grc' dir='ltr'>καὶ</span> <span class='ocrx_word' id='word_1_791' title='bbox 2825 5287 2983 5350; x_wconf 76' lang='grc' dir='ltr'>αὖθις</span> <span class='ocrx_word' id='word_1_792' title='bbox 3016 5287 3075 5354; x_wconf 80' lang='grc' dir='ltr'>ἐξ</span> <span class='ocrx_word' id='word_1_793' title='bbox 3105 5286 3456 5356; x_wconf 80' lang='grc' dir='ltr'>ὑποστροφῆς</span> <span class='ocrx_word' id='word_1_794' title='bbox 3478 5283 3788 5338; x_wconf 82' lang='grc' dir='ltr'>καταπολε-</span> 
     </span>
    </p>
   </div>
   <div class='ocr_carea' id='block_1_109' title="bbox 2193 5371 3789 5448">
    <p class='ocr_par' dir='ltr' id='par_1_109' title="bbox 2193 5371 3789 5448">
     <span class='ocr_line' id='line_1_109' title="bbox 2193 5371 3789 5448; baseline 0.002 -26"><span class='ocrx_word' id='word_1_795' title='bbox 2193 5373 2336 5439; x_wconf 86' lang='grc' dir='ltr'>μείν.</span> <span class='ocrx_word' id='word_1_796' title='bbox 2381 5371 2470 5436; x_wconf 86' lang='grc' dir='ltr'>Ὠς</span> <span class='ocrx_word' id='word_1_797' title='bbox 2493 5374 2549 5427; x_wconf 84' lang='grc' dir='ltr'>δὲ</span> <span class='ocrx_word' id='word_1_798' title='bbox 2591 5377 2895 5446; x_wconf 83' lang='grc' dir='ltr'>ἀμφότεροι</span> <span class='ocrx_word' id='word_1_799' title='bbox 2931 5378 2992 5430; x_wconf 89' lang='grc' dir='ltr'><strong>οὑ</strong></span> <span class='ocrx_word' id='word_1_800' title='bbox 3029 5377 3172 5431; x_wconf 85' lang='grc' dir='ltr'>κατά</span> <span class='ocrx_word' id='word_1_801' title='bbox 3218 5375 3418 5448; x_wconf 89' lang='grc' dir='ltr'>τρόπον</span> <span class='ocrx_word' id='word_1_802' title='bbox 3461 5376 3576 5430; x_wconf 82' lang='grc' dir='ltr'>ἀλλ’</span> <span class='ocrx_word' id='word_1_803' title='bbox 3609 5373 3789 5446; x_wconf 81' lang='grc' dir='ltr'>άληθῆ</span> 
     </span>
    </p>
   </div>
   <div class='ocr_carea' id='block_1_110' title="bbox 2192 5459 3788 5539">
    <p class='ocr_par' dir='ltr' id='par_1_110' title="bbox 2192 5459 3788 5539">
     <span class='ocr_line' id='line_1_110' title="bbox 2192 5459 3788 5539; baseline -0.002 -21"><span class='ocrx_word' id='word_1_804' title='bbox 2192 5463 2256 5535; x_wconf 87' lang='grc' dir='ltr'><strong>δὴ</strong></span> <span class='ocrx_word' id='word_1_805' title='bbox 2293 5459 2536 5530; x_wconf 82' lang='grc' dir='ltr'>ἔγνωσαν</span> <span class='ocrx_word' id='word_1_806' title='bbox 2569 5460 2711 5520; x_wconf 80' lang='grc' dir='ltr'>εἷναι</span> <span class='ocrx_word' id='word_1_807' title='bbox 2746 5468 2844 5537; x_wconf 86' lang='grc' dir='ltr'><strong>τὴν</strong></span> <span class='ocrx_word' id='word_1_808' title='bbox 2879 5466 3082 5539; x_wconf 84' lang='grc' dir='ltr'>φυγὴν,</span> <span class='ocrx_word' id='word_1_809' title='bbox 3123 5467 3247 5520; x_wconf 86' lang='grc' dir='ltr'>τότε</span> <span class='ocrx_word' id='word_1_810' title='bbox 3283 5467 3693 5539; x_wconf 86' lang='grc' dir='ltr'>προσπεσόντες</span> <span class='ocrx_word' id='word_1_811' title='bbox 3739 5464 3788 5516; x_wconf 81' lang='grc' dir='ltr'>οἱ</span> 
     </span>
    </p>
   </div>
   <div class='ocr_carea' id='block_1_111' title="bbox 2195 5558 3785 5631">
    <p class='ocr_par' dir='ltr' id='par_1_111' title="bbox 2195 5558 3785 5631">
     <span class='ocr_line' id='line_1_111' title="bbox 2195 5558 3785 5631; baseline 0 -20"><span class='ocrx_word' id='word_1_812' title='bbox 2195 5559 2296 5629; x_wconf 85' lang='grc' dir='ltr'>μὲν</span> <span class='ocrx_word' id='word_1_813' title='bbox 2327 5561 2559 5614; x_wconf 89' lang='grc' dir='ltr'>ἐναντίοι</span> <span class='ocrx_word' id='word_1_814' title='bbox 2594 5561 2753 5630; x_wconf 83' lang='grc' dir='ltr'>φόνον</span> <span class='ocrx_word' id='word_1_815' title='bbox 2794 5561 2962 5614; x_wconf 76' lang='grc' dir='ltr'>πολὺν</span> <span class='ocrx_word' id='word_1_816' title='bbox 2993 5558 3376 5630; x_wconf 82' lang='grc' dir='ltr'>ἐνειργάζοντο</span> <span class='ocrx_word' id='word_1_817' title='bbox 3414 5561 3526 5614; x_wconf 83' lang='grc' dir='ltr'><strong>τῶν</strong></span> <span class='ocrx_word' id='word_1_818' title='bbox 3557 5559 3785 5631; x_wconf 67' lang='grc' dir='ltr'>φευγόνα</span> 
     </span>
    </p>
   </div>
   <div class='ocr_carea' id='block_1_112' title="bbox 2188 5653 3788 5726">
    <p class='ocr_par' dir='ltr' id='par_1_112' title="bbox 2188 5653 3788 5726">
     <span class='ocr_line' id='line_1_112' title="bbox 2188 5653 3788 5726; baseline -0.003 -11"><span class='ocrx_word' id='word_1_819' title='bbox 2188 5679 2297 5718; x_wconf 89' lang='grc' dir='ltr'><strong>των</strong></span> <span class='ocrx_word' id='word_1_820' title='bbox 2335 5656 2639 5722; x_wconf 82' lang='grc' dir='ltr'>νεανικῶς,</span> <span class='ocrx_word' id='word_1_821' title='bbox 2671 5657 2698 5708; x_wconf 88' lang='grc' dir='ltr'>ὁ</span> <span class='ocrx_word' id='word_1_822' title='bbox 2736 5655 2793 5708; x_wconf 83' lang='grc' dir='ltr'>δὲ</span> <span class='ocrx_word' id='word_1_823' title='bbox 2818 5653 3039 5726; x_wconf 79' lang='grc' dir='ltr'>Μιχαὴλ</span> <span class='ocrx_word' id='word_1_824' title='bbox 3084 5654 3278 5710; x_wconf 80' lang='grc' dir='ltr'>ἐαυτὸν</span> <span class='ocrx_word' id='word_1_825' title='bbox 3313 5653 3510 5720; x_wconf 76' lang='grc' dir='ltr'>σώζειν</span> <span class='ocrx_word' id='word_1_826' title='bbox 3543 5653 3658 5709; x_wconf 79' lang='grc' dir='ltr'>ἀλλ’</span> <span class='ocrx_word' id='word_1_827' title='bbox 3687 5656 3788 5711; x_wconf 79' lang='grc' dir='ltr'>οὐκ</span> 
     </span>
    </p>
   </div>
   <div class='ocr_carea' id='block_1_113' title="bbox 1785 5752 2466 5816">
    <p class='ocr_par' dir='ltr' id='par_1_113' title="bbox 1785 5752 2466 5816">
     <span class='ocr_line' id='line_1_113' title="bbox 1785 5752 2466 5816; baseline -0.004 -5"><span class='ocrx_word' id='word_1_828' title='bbox 1785 5756 2020 5814; x_wconf 63' lang='lat' dir='ltr'><strong>VARUS</strong></span> <span class='ocrx_word' id='word_1_829' title='bbox 2055 5752 2466 5816; x_wconf 80' lang='lat' dir='ltr'><strong>LECTIONES.</strong></span> 
     </span>
    </p>
   </div>
   <div class='ocr_carea' id='block_1_114' title="bbox 571 5855 962 5929">
    <p class='ocr_par' dir='ltr' id='par_1_114' title="bbox 571 5855 962 5929">
     <span class='ocr_line' id='line_1_114' title="bbox 571 5855 962 5929; baseline 0.01 -20"><span class='ocrx_word' id='word_1_830' title='bbox 571 5855 614 5888; x_wconf 78' lang='lat'>“</span> <span class='ocrx_word' id='word_1_831' title='bbox 639 5855 735 5929; x_wconf 77' lang='grc' dir='ltr'><strong>τὴν</strong></span> <span class='ocrx_word' id='word_1_832' title='bbox 767 5871 874 5915; x_wconf 86' lang='lat' dir='ltr'><strong>om.</strong></span> <span class='ocrx_word' id='word_1_833' title='bbox 901 5857 962 5914; x_wconf 82' lang='grc' dir='ltr'><strong>Ρ.</strong></span> 
     </span>
    </p>
   </div>
   <div class='ocr_carea' id='block_1_115' title="bbox 1071 5849 2870 5930">
    <p class='ocr_par' dir='ltr' id='par_1_115' title="bbox 1071 5849 2870 5930">
     <span class='ocr_line' id='line_1_115' title="bbox 1071 5849 2870 5930; baseline -0.004 -19"><span class='ocrx_word' id='word_1_834' title='bbox 1071 5856 1114 5891; x_wconf 75' lang='grc'><strong>⁸⁸</strong></span> <span class='ocrx_word' id='word_1_835' title='bbox 1140 5855 1405 5928; x_wconf 71' lang='grc' dir='ltr'>βασιλέως</span> <span class='ocrx_word' id='word_1_836' title='bbox 1435 5855 1473 5911; x_wconf 85' lang='grc' dir='ltr'>Ρ</span> <span class='ocrx_word' id='word_1_837' title='bbox 1504 5873 1515 5908; x_wconf 82' lang='grc'>;</span> <span class='ocrx_word' id='word_1_838' title='bbox 1555 5857 1620 5912; x_wconf 80' lang='lat' dir='ltr'><strong>cf.</strong></span> <span class='ocrx_word' id='word_1_839' title='bbox 1668 5875 1720 5930; x_wconf 88' lang='lat' dir='ltr'><strong>p.</strong></span> <span class='ocrx_word' id='word_1_840' title='bbox 1755 5856 1854 5914; x_wconf 73' lang='lat'><strong>109</strong></span> <span class='ocrx_word' id='word_1_841' title='bbox 1887 5858 1941 5914; x_wconf 92' lang='lat' dir='ltr'><strong>d.</strong></span> <span class='ocrx_word' id='word_1_842' title='bbox 2027 5859 2065 5889; x_wconf 83' lang='grc'><strong>¹⁷</strong></span> <span class='ocrx_word' id='word_1_843' title='bbox 2104 5856 2254 5928; x_wconf 78' lang='grc' dir='ltr'>αὑτῷ</span> <span class='ocrx_word' id='word_1_844' title='bbox 2283 5857 2306 5908; x_wconf 83' lang='lat'><strong>?</strong></span> <span class='ocrx_word' id='word_1_845' title='bbox 2387 5855 2427 5887; x_wconf 76' lang='grc'>¹⁸</span> <span class='ocrx_word' id='word_1_846' title='bbox 2453 5851 2653 5922; x_wconf 80' lang='grc' dir='ltr'>ἑαυτὴν</span> <span class='ocrx_word' id='word_1_847' title='bbox 2685 5849 2870 5920; x_wconf 77' lang='lat' dir='ltr'><strong>vulgo.</strong></span> 
     </span>
    </p>
   </div>
  </div>
