4200 6448
404 344 534 428 ἰιι

1610 369 2125 433 THEOPHANES
2151 368 2725 432 CONTINUATUS.
3701 370 3773 434 32

465 476 705 532 rentium
736 487 1041 549 temporum
1069 483 1361 551 quamdam
1392 481 1699 553 periodum,
1724 487 1794 540 ita
1822 487 2060 549 evenire,

2173 485 2439 556 μανικῆς,
2484 485 2740 554 καθάπερ
2796 483 2889 537 ἐπὶ
2940 482 3091 548 Ἰὼϐ,
3141 484 3223 548 είς
3271 482 3475 553 γνῶσιν
3524 482 3625 554 μὲν
3677 478 3771 535 iecit

466 570 736 635 dzemone,
792 580 944 639 puto,
998 573 1118 642 ejus
1153 574 1259 629 sibi
1310 576 1526 646 copiam
1560 577 1856 648 ﬂagitante,
1880 570 1975 633 ἰιιί
2010 579 2066 633 in

464 658 876 717 Jobo'noscitur
904 666 1221 733 contigisse,
1250 677 1310 723 ut
1330 668 1401 738 pii
1421 670 2065 727 inueteseantetdiscer-

467 761 690 819 nuntur,
724 755 853 809 mali
888 771 1021 812 vero
1055 757 1380 815 abdicentur
1412 776 1478 815 ac
1507 759 1821 832 ejiciantur.

535 846 590 902 9.
645 846 748 903 Vix
795 864 1029 920 namque
1080 867 1393 909 sermonem
1447 854 1685 923 ﬁnierat,
1738 872 1862 911 cum
1918 856 2065 913 fama

463 940 773 1011 praevolans
820 943 1184 1000 acclamatum
1220 947 1606 1017 imperatorem
1645 960 1934 1022 tyrannum
1967 968 2065 1007 an-

463 1038 702 1092 nuntiat.
756 1036 834 1091 Eo
880 1055 1104 1095 rumore
1148 1042 1452 1113 nuntioque
1490 1045 1719 1099 attonita
1766 1047 1962 1101 civitas
1998 1062 2064 1103 ac

461 1128 578 1185 fere
606 1140 789 1186 mente
818 1140 965 1187 mota
988 1132 1077 1187 vix
1112 1149 1172 1190 se
1203 1134 1542 1201 continebat,
1572 1136 1703 1191 belli
1733 1139 1913 1194 civilis
1946 1140 2062 1195 for-

463 1223 691 1288 midine,
715 1224 874 1294 cujus
904 1225 1049 1280 mole
1082 1225 1227 1281 haud
1256 1243 1383 1283 raro
1422 1229 1589 1284 urbes
1618 1231 1843 1302 integrae
1875 1233 2062 1289 conci-

460 1314 617 1367 dant.
664 1314 863 1369 Vernm
904 1316 1204 1385 imperator
1241 1318 1528 1389 obstupuit
1575 1322 1796 1392 quidem
1848 1322 2055 1391 animo,

462 1406 609 1460 haud
635 1416 813 1462 tamen
842 1417 1023 1463 mente
1048 1409 1300 1465 turbatus
1327 1422 1431 1478 eSt,
1457 1414 1551 1467 sed
1582 1414 1681 1468 viri
1713 1415 1820 1486 18
1844 1418 2056 1472 tantum

460 1496 707 1565 ingratos
731 1512 915 1553 mores
947 1499 1271 1567 detestatus,
1292 1501 1397 1556 leni
1424 1504 1579 1574 quasi
1601 1520 1828 1563 susurro
1851 1508 2055 1563 bonum

459 1589 613 1645 aiens
645 1590 875 1661 obsequi
894 1592 1093 1648 divinae
1116 1594 1405 1664 voluntati,
1436 1612 1639 1667 pavore
1667 1614 1730 1655 ac
1748 1601 2057 1658 turbatione

458 1682 652 1738 urbem
710 1684 1010 1741 liberavit:
1052 1698 1283 1742 cunctos
1322 1689 1575 1746 hortatus
1601 1701 1656 1745 ut
1700 1702 1936 1762 tyranno
1963 1709 2056 1749 ve-

459 1774 629 1829 nienti
654 1785 973 1844 occurrant,
1006 1792 1116 1845 quo
1154 1779 1415 1834 nimirum
1453 1782 1606 1836 nullo
1639 1784 1842 1838 civium
1874 1786 2054 1854 pollu-

460 1875 567 1919 tam
626 1880 824 1922 cruore
881 1883 945 1923 ac
1012 1869 1344 1926 incolumem
1402 1873 1679 1929 civitatem
1730 1878 2053 1934 custodiret.

458 1954 631 2014 Porro
676 1961 957 2016 nonnullis
1008 1962 1361 2020 hortantibus
1409 1976 1468 2021 ut
1502 1965 1626 2022 forti
1660 1970 1847 2024 animo
1899 1971 2060 2027 malis

457 2052 752 2107 obsisteret
776 2068 1069 2125 pugnaque
1081 2072 1207 2111 eum
1230 2066 1465 2130 tyranno
1483 2059 1824 2124 decerneret.
1844 2078 1907 2119 ac
1932 2079 2057 2119 cum

458 2145 496 2198 ii
556 2144 743 2201 ﬁrmos
791 2161 851 2202 se
894 2163 959 2203 ac
1004 2162 1325 2209 constantes
1367 2155 1589 2211 tuendis
1637 2157 2060 2217 clementissimi

456 2237 670 2309 ﬁdeque
699 2244 1015 2311 praestantis
1046 2242 1397 2313 imperatoris
1446 2249 1696 2317 partibus
1737 2249 1856 2306 fore
1888 2252 2061 2323 ,polli-

454 2339 732 2399 cerentur,
790 2335 923 2403 quin
972 2346 1025 2390 et
1066 2337 1181 2406 ipsa
1227 2339 1380 2395 illius
1428 2355 1570 2396 uxor
1626 2342 1891 2414 Procopia
1943 2361 2060 2401 rem

456 2423 737 2493 probaret,
773 2442 985 2482 necnon
1014 2428 1246 2485 Michael
1278 2433 1506 2502 quidam
1534 2432 2062 2508 Amalecites,eujus

454 2525 574 2569 tum
609 2516 660 2570 in
696 2518 819 2572 aula
848 2523 1267 2588 protostratoris
1298 2540 1502 2581 munus
1525 2536 1689 2593 esset,
1722 2528 1867 2584 nolle
1890 2546 1951 2587 se
1981 2532 2065 2588 ait

456 2608 751 2678 imperium
795 2611 1054 2669 fraternis
1093 2616 1337 2673 caedibus
1372 2621 2063 2688 cruentatumaQuamob-

456 2716 573 2756 rem
638 2704 808 2758 etiam
850 2706 1068 2761 cuidam
1100 2706 1433 2765 famulorum
1473 2711 1798 2768 ﬁdelissimo
1842 2716 2062 2774 traditis

456 2796 838 2865 imperialibus
864 2800 1197 2869 quibusdam
1249 2807 1591 2863 ornamentis
1638 2822 1703 2862 ac
1748 2808 2062 2881 insignibus

455 2884 695 2941 Leonem
724 2888 876 2944 adire
894 2900 1059 2961 atque
1088 2894 1135 2947 ei
1161 2893 1373 2951 deferre
1396 2898 1595 2968 coegit.
1624 2898 1701 2954 Ea
1722 2916 1782 2956 re
1809 2901 2063 2974 indigna-

456 2978 693 3035 bundam
742 2983 863 3052 ejus
908 2985 1199 3057 coniugem
1244 2987 1569 3059 Procopiam
1628 3006 1694 3049 ac
1739 2992 2063 3053 bacchantis

454 3086 595 3141 pene
626 3072 862 3128 similem
904 3077 1249 3135 exclamasse
1287 3081 1444 3137 aiunt
1479 3084 1763 3154 indignum
1792 3101 1858 3142 ac
1896 3103 2062 3159 grave

2169 577 2446 650 διάκρισιν
2486 576 2597 631 τῶν
2646 574 2923 645 εὐσεϐῶν,
2975 576 3336 648 ἀλλοτρίωσιν
3379 575 3439 629 δὲ
3491 576 3585 630 καὶ
3630 574 3772 629 ἁπο-

2169 671 2389 744 ποίησιν
2418 671 2529 727 τῶν
2561 668 2774 725 κακῶν.

2238 848 2303 906 θ’.
2352 851 2523 907 Οὔπω
2565 851 2675 923 γὰρ
2723 850 2901 922 πέρας
2951 851 3111 923 ἔσχον
3153 853 3204 906 οἱ
3244 851 3393 921 λόγοι
3419 892 3434 918 ,
3473 852 3569 905 καὶ
3607 851 3769 923 φήμη

2167 944 2475 1014 προθέουσα
2504 945 2606 1016 τὴν
2650 943 2746 998 τοῦ
2790 944 3062 1014 τυράννου
3105 944 3347 1015 ἐμήνυεν
3379 943 3765 1014 ἀναγόρευσιν.

2166 1035 2598 1109 Προσπεσούσης
2624 1036 2681 1092 δὲ
2707 1036 2938 1108 ταύτης,
2968 1038 3003 1108 ἡ
3040 1037 3141 1108 μὲν
3165 1038 3321 1101 πόλις
3354 1035 3493 1108 πρὸς
3523 1035 3770 1091 τοιοῦτον

2165 1130 2421 1203 ἄγγελμα
2454 1130 2653 1202 μικροῦ
2680 1131 2793 1185 δεῖν
2819 1131 3042 1201 ἔκφρων
3072 1130 3344 1201 γενομένη
3378 1131 3533 1200 μόλις
3563 1131 3768 1202 ἑαυτὴν

2166 1227 2442 1295 συνεῖχεν,
2478 1225 2608 1288 τοὺς
2655 1224 2959 1295 ἐμφυλίους
2998 1222 3425 1296 κατορῤωδοῦσα
3463 1223 3765 1295 πολέμους,

2161 1319 2224 1384 ἐξ
2255 1312 2318 1374 οὗ
2350 1317 2612 1380 πολλάκις
2642 1315 2937 1391 αὔτανδροι
2976 1316 3164 1382 πόλεις
3204 1316 3730 1389 κατεϐαπτίσθησαν
3751 1333 3767 1349 ο

2160 1413 2189 1465 ό
2217 1410 2266 1465 δ’
2295 1409 2660 1482 αὐτοκράτωρ
2691 1409 2975 1482 έξεπ).ήγη
3013 1408 3113 1481 μὲν
3141 1409 3242 1481 τὴν
3268 1408 3474 1480 ψυχὴν,
3510 1409 3613 1463 οὐκ
3646 1410 3771 1463 ἑτα-

2161 1503 2339 1575 ράχθη
2369 1502 2427 1556 δὲ
2458 1502 2559 1573 τὴν
2593 1501 2850 1573 γνώμην,
2898 1500 2985 1576 [Ρ.
3020 1502 3112 1575 12]
3146 1503 3263 1556 ἀλλ’
3299 1502 3633 1573 ἀχαριστίαν
3666 1501 3770 1556 αὒ-

2158 1597 2253 1650 τοῦ
2304 1595 2467 1666 μόνον
2505 1595 2916 1664 κατεγνωκὼς,
2960 1594 3146 1667 ἡρέμα
3192 1612 3309 1660 πως
3358 1594 3768 1666 ὑποψιθυρίσας

2156 1690 2233 1753 ὡς
2267 1689 2435 1745 καλὸν
2458 1688 2539 1759 τῷ
2566 1688 2698 1757 θείῳ
2727 1686 2997 1758 θελήματι
3024 1684 3282 1753 ἔπεσθαι,
3322 1687 3525 1758 ἀφῄρει
3548 1688 3647 1757 τῆς
3671 1686 3773 1740 πό-

2157 1785 2295 1848 λεως
2328 1785 2389 1838 τὸ
2419 1782 2771 1855 περιθαμϐὲς
2806 1781 2907 1835 καὶ
2942 1780 3298 1853 ταραχῶδες,
3343 1780 3594 1844 ἃπαντας
3634 1796 3770 1852 προ-

2160 1877 2505 1949 τρεψάμενος
2525 1877 2775 1948 χωρῆσαι
2796 1876 2988 1929 τούτου
3012 1877 3149 1947 πρὸς
3168 1876 3442 1946 ἁπαντὴν,
3467 1873 3557 1928 ῖνα
3576 1871 3772 1944 μένου.

2165 1989 2265 2025 σαν
2290 1968 2441 2044 σώζῃ
2472 1969 2572 2041 τὴν
2596 1970 2797 2024 ἑαυτοῦ
2824 1968 2982 2023 πόλιν
3016 1968 3286 2039 ἐμφυλίου
3310 1967 3545 2038 αἵματος
3565 1967 3773 2038 ἄχραν-

2161 2063 2257 2117 τόν
2304 2080 2364 2116 τε
2418 2063 2517 2118 καὶ
2552 2062 2828 2134 καθαράν.
2888 2061 3177 2116 Ἰστασθαι
3213 2060 3271 2115 δέ
3308 2076 3474 2114 τινων
3522 2058 3662 2130 πρὸς
3700 2057 3772 2112 τὰ

2162 2155 2312 2210 δεινὰ
2342 2156 2438 2210 καὶ
2470 2155 2610 2227 πρὸς
2633 2154 2727 2209 τὸν
2755 2154 2846 2208 διὰ
2878 2153 3063 2224 μάχης
3091 2152 3281 2222 ἀγῶνα
3313 2149 3774 2225 παρακελευομέ-

2164 2267 2273 2304 νων
2313 2252 2535 2321 χωρεῖν,
2586 2249 2683 2303 καὶ
2735 2248 2919 2320 μένειν
2953 2247 3137 2302 αὐτῶν
3190 2246 3644 2317 ὑπισχνουμένων
3680 2245 3775 2315 βε-

2164 2341 2341 2396 ϐαίων
2386 2342 2530 2413 ὑπὲρ
2570 2340 2842 2411 βασιλέως
2886 2339 3068 2409 πράου
3109 2357 3172 2392 τε
3220 2339 3319 2394 καὶ
3357 2336 3589 2404 πιστοῦ,
3635 2337 3774 2393 ἀλλά

2165 2434 2261 2488 καί
2288 2433 2461 2503 αὐτῆς
2501 2430 2917 2501 ἁποδεχομένης
2942 2430 3105 2484 τοῦτο
3135 2431 3235 2501 τῆς
3276 2431 3527 2502 γαμετῆς
3557 2430 3773 2498 Προκο-

2164 2527 2296 2591 πίας
2328 2528 2427 2580 καὶ
2465 2525 2727 2597 Μανουήλ
2764 2542 2913 2589 τινος
2944 2524 3056 2579 τῶν
3093 2524 3153 2589 έξ
3200 2522 3590 2594 Ἀμαληκιτῶν
3620 2538 3775 2593 πρω-

2163 2619 2526 2691 τοστράτορος
2561 2617 2869 2689 τηνικαῦτα
2910 2617 3300 2687 τυγχάνοντος,
3342 2616 3444 2670 οὐκ
3487 2614 3594 2686 ἔφη
3634 2611 3773 2685 χρῄ-

2164 2712 2282 2780 ζειν
2327 2713 2427 2785 τὴν
2462 2710 2746 2783 βασιλείαν
2788 2712 2985 2782 αἵμασι
3022 2711 3064 2744 ¹⁹
3113 2709 3568 2783 καταρρεομένην
3616 2705 3774 2760 ἁδελ-

2164 2804 2367 2874 φικοῖς.
2412 2802 2578 2857 Ὅθεν
2624 2800 2719 2855 καί
2765 2819 2876 2855 τινι
2924 2800 3035 2856 τῶν
3085 2802 3227 2873 πρὸς
3271 2799 3572 2885 θεραπείαν
3602 2794 3772 2851 αὑτοῦ

2162 2894 2405 2965 γνησίων
2440 2893 2751 2965 παράσημά
2780 2911 2903 2947 τινα
2944 2894 3072 2956 δοὺς
3103 2894 3205 2963 τῆς
3251 2889 3533 2961 βασιλείας
3567 2890 3766 2959 φοιτᾷν
3796 2892 3799 2893 ⁷

2163 2987 2345 3039 ἐκεῖσε
2379 2985 2722 3052 ὲξεϐιάσατο.
2778 2986 2896 3054 Ἐφ’
2939 2978 3024 3047 οἷς
3056 2983 3153 3037 καὶ
3193 2980 3642 3052 δεινοπαθήσασα
3675 2979 3775 3034 καὶ

2162 3070 2277 3130 οἷον
2306 3076 2808 3147 ὲκϐακχευθεῖσα.ὴ
2841 3072 3039 3128 τούτου
3073 3073 3139 3145 δὴ
3170 3071 3389 3145 γαμετὴ
3419 3071 3592 3127 δεινὸν
3619 3071 3777 3141 λέγε·-
3882 3062 3895 3075 ⁶

455 3162 501 3217 si
528 3159 702 3217 Barca
731 3164 836 3235 (sic
869 3164 1071 3223 Leonis
1095 3186 1326 3227 uxorem
1353 3175 1605 3229 convicio
1640 3184 1869 3248 vocans)
1895 3181 2059 3249 capiti

2163 3186 2254 3222 ται
2288 3170 2623 3241 ἀνακραγεῖν
2650 3209 2666 3234 ,
2703 3167 2753 3222 εί
2788 3168 2978 3239 Βάρκα
3023 3164 3192 3238 (οὕτω
3231 3164 3296 3237 δὴ
3322 3165 3385 3219 τὸ
3413 3164 3509 3219 τοῦ
3542 3163 3774 3229 Λέοντος

454 3256 759 3311 modiolum
784 3258 1110 3327 imponeret.
1140 3264 1210 3318 At
1232 3264 1323 3321 ille
1342 3268 1710 3325 severioribus
1734 3271 1917 3326 verbis
1940 3287 2060 3327 eam

452 3346 756 3416 castigans,
802 3365 971 3420 seque
1014 3361 1190 3409 totum
1227 3355 1337 3412 Deo
1378 3359 1771 3427 committens,
1808 3360 2060 3418 futurum

453 3440 535 3494 rei
565 3452 818 3498 eventum
852 3448 1293 3515 praestolabatur.
1326 3448 1449 3506 lam
1479 3452 1627 3508 enim
1670 3456 2064 3526 percrebuerat

456 3548 648 3589 rumor
695 3537 1007 3608 ingressum
1050 3550 1347 3612 tyrannum
1397 3560 1495 3616 per
1522 3548 1764 3603 Auream
1814 3559 2056 3621 portam,

454 3642 792 3700 omnemque
840 3642 1096 3687 senatum
1139 3635 1209 3689 ad
1248 3652 1437 3694 sacras
1479 3641 1845 3710 praecursoris
1892 3644 2061 3709 aedes.

455 3721 638 3778 Studii
691 3738 858 3791 opera
909 3740 939 3780 a
996 3725 1369 3784 fundamentis
1421 3742 1770 3797 exstructas,
1842 3734 2062 3791 obviam

453 3816 800 3884 processisse
827 3859 841 3883 ,
876 3832 941 3874 ae
970 3819 1187 3890 supinis
1222 3823 1480 3879 manibus
1514 3824 1709 3895 plausu
1754 3826 2064 3899 faustisque

453 3905 736 3963 ominibus
797 3908 853 3963 in
910 3911 1102 3966 urbem
1161 3915 1416 3984 excipere
1462 3932 1528 3974 ac
1575 3918 1867 3976 deducere.
1921 3920 2059 3976 Cum

454 4005 639 4053 autem
663 4000 727 4054 ad
755 4002 1019 4071 palatium
1041 4004 1156 4075 jam
1177 4008 1664 4079 apprOpinquaret,
1689 4012 1850 4083 eique
1870 4028 2058 4069 coram

456 4090 644 4145 divina
672 4093 779 4164 19
804 4093 899 4149 Dei
929 4093 1095 4153 Verbi
1126 4110 1348 4169 propter
1378 4118 1477 4157 nos
1496 4102 1623 4157 facti
1642 4105 1885 4161 hominis
1918 4105 2058 4159 ima-

453 4183 579 4250 gine
604 4222 621 4249 ,
657 4183 725 4237 ad
763 4184 944 4240 locum
977 4202 1141 4256 quem
1170 4188 1429 4246 Chalcem
1462 4204 1682 4260 vocant,
1713 4204 1843 4249 vota
1876 4196 2061 4250 reddi-

452 4283 580 4329 turo
628 4276 901 4347 tantisper
946 4281 1364 4338 consistendum
1409 4297 1578 4350 esset,
1640 4289 1787 4359 quod
1840 4290 2060 4360 punicei

451 4367 654 4424 coloris
682 4369 903 4425 brevem
927 4373 1226 4441 quamdam
1258 4387 1469 4432 vestem
1494 4380 1718 4434 militari
1753 4396 1911 4436 more
1941 4382 2057 4437 dis-

450 4459 689 4513 cinctam
722 4469 962 4529 gestaret
992 4463 1011 4534 (
1047 4465 1291 4533 aquilam
1326 4476 1547 4535 vocant,
1587 4470 1706 4525 sive
1748 4485 1921 4538 mare,
1958 4471 2055 4542 qui

451 4553 505 4607 in
539 4554 625 4609 his
671 4555 1003 4627 elegantiam
1050 4559 1286 4630 colunt),
1318 4576 1439 4615 eam
1469 4578 1594 4617 mox
1636 4565 1790 4619 exuit
1823 4581 1838 4631 ;
1886 4580 2051 4635 quam
2079 4544 2134 4604 D

450 4647 625 4713 ipsam
667 4648 723 4701 in
768 4663 968 4704 manus
994 4662 1278 4722 acceptant
1325 4654 1554 4710 Michael
1584 4672 1651 4710 ex
1681 4657 1881 4728 lingua:
1920 4659 2054 4717 vitio

450 4736 603 4794 Balbi
651 4756 957 4813 cognomen
996 4745 1248 4815 adeptus,
1285 4747 1489 4804 Leonis
1547 4758 1681 4805 tunc
1726 4751 2051 4821 praefectum

446 4832 651 4887 stabuli
684 4849 875 4905 agens,
919 4838 1065 4893 illico
1101 4839 1299 4894 induit.
1339 4839 1467 4895 Fuit
1495 4842 1609 4898 hoc
1636 4843 1825 4901 multis
1851 4846 2053 4904 ominis

447 4922 594 4989 loco,
640 4924 759 4983 fore
790 4939 849 4984 ut
896 4928 1127 4986 Michael
1164 4932 1396 5003 imperio
1443 4935 1685 5005 regendo
1723 4936 1895 4992 Leoni
1924 4954 2054 4995 suc-

446 5032 637 5075 cessot'
656 5032 827 5078 esset.
854 5020 954 5078 Ubi
977 5034 1160 5079 autem
1191 5027 1258 5081 ad
1283 5026 1444 5098 Seyla
1468 5039 1739 5085 venerunt
1764 5030 1943 5101 (locus
1968 5039 2054 5087 est

447 5111 530 5167 sic
560 5113 742 5169 dictus
768 5115 827 5183 in
856 5117 1107 5186 ingressu
1139 5121 1375 5191 palatii),
1408 5137 1647 5193 sequens
1668 5139 1699 5179 a
1729 5135 1881 5196 tergo
1907 5126 2048 5180 idem

445 5204 677 5264 Michael
697 5209 827 5263 dum
848 5211 1128 5267 incautius
1150 5214 1401 5283 graditur
1421 5229 1485 5270 ac
1502 5218 1737 5272 celerius
1754 5218 2054 5287 praeeuntis

446 5302 677 5371 vestigia
708 5306 927 5373 premit,
950 5308 1185 5363 summis
1203 5308 1433 5379 pedibus
1450 5324 1516 5364 ac
1540 5310 1790 5366 articulis
1812 5310 2052 5380 impera-

447 5392 605 5446 tori-.e
634 5395 805 5450 vestis
833 5410 987 5451 oram
1025 5397 1280 5464 calcavit,
1312 5399 1388 5453 ita
1423 5410 1483 5454 ut
1512 5399 1629 5470 ipse
1656 5400 1769 5456 Leo
1814 5401 2052 5457 senserit

447 5486 877 5559 audaciorisque
904 5491 1110 5561 aliquid
1141 5493 1404 5550 facinoris
1431 5494 1501 5549 ab
1525 5509 1590 5549 eo
1617 5496 2049 5566 exspectandum

446 5579 724 5637 ominalus
763 5583 835 5637 sit
867 5600 881 5647 ;
914 5588 1058 5655 quod
1091 5595 1145 5641 et
1175 5596 1364 5657 postea
1396 5588 1620 5643 accidit.

522 5673 607 5728 10.
635 5674 791 5731 Tunc
818 5677 1050 5735 Michael
1075 5676 1258 5736 Leone
1278 5683 1550 5753 ingresso,
1573 5698 1680 5737 una
1707 5696 1832 5738 cum
1857 5683 2047 5744 liberis

2166 3263 2447 3317 καλέσασα
2484 3261 2744 3331 γύναιον)
2780 3262 2848 3331 τῇ
2885 3258 3098 3330 κεφαλῇ
3130 3258 3375 3313 ἐπίθοιτο
3403 3258 3465 3312 τὸ
3507 3257 3773 3329 μοδίολονη.

2178 3354 2239 3408 '0
2293 3354 2352 3408 δὲ
2420 3354 2675 3424 στερροῖς
2734 3351 2919 3420 λόγοις
2963 3350 3175 3421 ταύτην
3226 3351 3646 3423 ὲπιρραπίσας,
3680 3350 3777 3405 καὶ

2164 3448 2287 3503 ὅλον
2313 3447 2378 3519 δὴ
2404 3446 2629 3510 ἀναθεὶς
2659 3444 2855 3498 ἑαυτὸν
2884 3443 2965 3513 τῷ
3003 3443 3147 3515 Θεῷ,
3181 3442 3512 3516 ἐκαραδόκει
3537 3444 3607 3497 τά
3637 3442 3775 3512 μέλ-
3842 3500 3845 3509 ,

2165 3541 2350 3594 λοντα.
2394 3540 2560 3610 ’Δρτι
2588 3537 2724 3608 γοῦν
2752 3536 3164 3608 κατηγγέλλετο
3194 3535 3290 3591 τὸν
3316 3535 3583 3607 τύραννον
3609 3534 3775 3589 εἰσιέ-

2165 3653 2256 3691 ναι
2282 3635 2371 3689 διὰ
2398 3633 2576 3705 πύλης
2615 3634 2714 3704 τῆς
2744 3631 3117 3703 χρυσηλάτου,
3153 3632 3249 3686 καὶ
3277 3633 3429 3686 πᾶσα
3464 3633 3496 3703 ἡ
3528 3630 3773 3702 σύγκλη-

2163 3745 2257 3792 τος
2276 3726 2422 3782 κατὰ
2445 3727 2538 3781 τὸν
2568 3726 2711 3780 θεῖον
2732 3724 2827 3778 τοῦ
2856 3724 3178 3797 ΙΙροδρόμου
3205 3724 3367 3791 νεὼν,
3395 3724 3455 3778 δν
3475 3726 3505 3778 ό
3523 3723 3775 3787 Στούδιος

2164 3822 2230 3873 ὲκ
2267 3818 2483 3889 βάθρων
2523 3819 2851 3891 ἀνήγειρεν,
2886 3818 3110 3890 ἀπήντα
3158 3818 3254 3873 καὶ
3292 3818 3517 3881 ὑπτίαις
3550 3816 3771 3886 ἐδέχετο
3836 3896 3847 3907 ἢ

2163 3917 2284 3978 ταῖς
2304 3914 2485 3986 χερσὶ,
2518 3914 2929 3985 προπέμπουσά
2956 3932 3018 3968 τε
3041 3914 3138 3968 καὶ
3169 3911 3551 3976 έκθειάζουσα.
3597 3910 3687 3975 Ὦς
3713 3907 3774 3963 δὲ

2161 4007 2276 4069 τοῖς
2324 4004 2621 4076 βασιλείοις
2654 4003 2855 4077 ήγγιζε
2902 4005 3002 4059 καὶ
3055 4004 3198 4058 κατὰ
3237 4003 3533 4075 πρόσωπον
3562 4000 3629 4071 δὴ
3673 3998 3777 4070 τῆς

2164 4098 2316 4162 θείας
2350 4099 2562 4163 εἰκόνος
2608 4099 2705 4153 τοῦ
2742 4099 2815 4151 δι’
2855 4099 3007 4170 ἡμᾶς
3057 4098 3590 4167 ὲνανθρωπήσαντος
3634 4091 3774 4146 Θεοῦ

2161 4193 2361 4261 Λόγου,
2381 4192 2525 4247 κατὰ
2537 4193 2630 4247 τὸν
2648 4189 2795 4246 οὕτω
2809 4189 3153 4261 κατονομαζό
3159 4204 3323 4258 μενον
3339 4187 3505 4239 τόπον
3526 4183 3770 4252 Χαλκῆνι

2160 4285 2355 4355 ἔμελλε
2391 4287 2583 4359 στῆναι
2614 4284 2716 4350 τὰς
2750 4283 2921 4355 εὐχὰς
2959 4279 3297 4344 ἀποδώσων,
3336 4277 3461 4331 ὲπεί
3493 4293 3547 4330 τι
3595 4292 3771 4344 φοινι-

2162 4382 2402 4452 κοϐαφὲς
2434 4378 2721 4449 θοιμάτιον
2754 4376 2899 4429 κατά
2929 4391 2983 4426 τι
3024 4369 3425 4445 στρατιωτικὸν
3470 4368 3593 4433 ἔθος
3623 4367 3772 4433 άξω-

2163 4491 2289 4530 στον
2330 4476 2644 4545 ὲπημφίετο
2676 4472 2697 4541 (
2716 4467 2878 4522 ἀετὸν
2910 4464 3071 4519 τοῦτο
3111 4461 3378 4518 καλοῦσιν
3422 4462 3455 4535 ἢ
3490 4462 3773 4517 θάλασσαν

2159 4571 2210 4623 οἱ
2235 4567 2366 4640 περὶ
2389 4566 2566 4621 ταῦτα
2596 4560 2857 4632 κομψοὶ),
2885 4555 3047 4612 τοῦτο
3081 4557 3184 4629 μὲν
3214 4556 3418 4611 αὐτίκα
3451 4554 3770 4628 ἀπαμφιέν-

2161 4679 2340 4727 νυται,
2374 4659 2471 4714 καὶ
2495 4656 2720 4727 Μιχαὴλ
2744 4656 2773 4707 ὁ
2794 4654 2895 4721 τὴν
2922 4651 3173 4720 γλῶτταν
3198 4649 3384 4724 φέρων
3407 4650 3768 4721 παράσημον,

2162 4752 2505 4824 ἐπιμελητὴς
2533 4747 2643 4802 τῶν
2677 4744 2774 4800 τοῦ
2811 4747 3042 4810 Λέοντος
3071 4746 3258 4802 ἵππων
3296 4742 3605 4815 τηνικαῦτα
3636 4757 3772 4809 τυγ-

2161 4846 2365 4918 χάνων,
2421 4839 2517 4893 ἐπὶ
2561 4838 2753 4909 χεῖρας
2800 4833 2987 4889 λαϐὼν
3033 4833 3281 4905 αὑθωρὸν
3328 4830 3767 4901 ὲπαμπίσχεται.

2164 4935 2386 4999 Ἐδοξεν
2434 4930 2528 4987 οὖν
2570 4930 2730 4985 τοῦτο
2777 4933 2893 4994 τοῖς
2942 4928 3161 4992 πολλοῖς
3206 4926 3398 4988 οἰωνὸς
3449 4925 3511 4992 ἐξ
3553 4922 3769 4977 ἐκείνου

2155 5027 2413 5097 δεύτερον
2465 5024 2569 5094 τῆς
2626 5022 2907 5095 βασιλείας
2962 5022 3176 5091 τυχεῖν.
3246 5018 3335 5082 Ὠς
3387 5016 3446 5069 δὲ
3501 5015 3647 5070 κατὰ
3700 5013 3771 5067 τὰ

2157 5119 2342 5176 Σκῦλα
2368 5118 2415 5151 ’⁸
2450 5118 2723 5188 ἐγένοντο,
2747 5116 2894 5171 οὕτω
2919 5115 2984 5186 δή
3017 5130 3142 5167 τινα
3165 5113 3334 5166 τόπον
3359 5108 3506 5164 κατὰ
3535 5108 3638 5172 τὰς
3664 5107 3767 5175 βα-

2157 5216 2395 5280 σιλείους
2419 5215 2663 5278 εἰσόδους
2697 5212 3021 5283 λεγόμενον,
3052 5207 3313 5280 ἀκρατῶς
3344 5224 3463 5269 πως
3489 5201 3767 5274 ἐπιρρέων

2159 5311 2256 5366 καὶ
2288 5309 2412 5363 κατ’
2455 5309 2607 5379 ῖχνος
2639 5307 2780 5361 θέων
2821 5302 2991 5360 αὑτοῦ
3029 5302 3093 5356 τὸ
3128 5300 3267 5372 πρὸς
3314 5302 3383 5371 τῇ
3423 5296 3564 5368 πέζῃ
3600 5295 3769 5365 λῆγον

2158 5403 2254 5457 τοῦ
2281 5401 2501 5473 ἱματίου
2529 5401 2723 5472 άκροις
2745 5397 2921 5465 ἐπέϐη
2952 5396 3135 5461 ποσὶν,
3160 5394 3238 5457 ὡς
3262 5393 3360 5447 καὶ
3388 5390 3553 5445 αὐτὸν
3575 5386 3768 5442 αἰσθά-

2159 5498 2353 5553 νεσθαι
2395 5497 2491 5550 τὸν
2522 5494 2733 5550 Λέοντα
2781 5491 2876 5547 καί
2922 5507 3047 5544 τινα
3090 5487 3405 5559 παράϐολον
3443 5483 3660 5553 κίνησιν
3707 5479 3769 5543 ἐξ

2159 5593 2327 5649 αὑτοῦ
2356 5590 2691 5662 προσδοκᾷν.
2725 5585 2900 5640 Τοῦτο
2936 5586 3036 5656 μὲν
3065 5579 3159 5637 οὖν
3188 5581 3419 5652 ὕστερον
3451 5577 3690 5647 ἐγένετο.

2236 5694 2287 5741 ι’.
2316 5686 2452 5739 Τότε
2486 5684 2543 5738 δὲ
2578 5679 2669 5735 τοῦ
2700 5679 2930 5743 Λέοντος
2964 5675 3346 5746 ἐπιφανέντος,
3385 5668 3608 5743 Μιχαὴλ
3649 5666 3767 5735 ἅμα

1756 5775 1995 5861 vanu;
2022 5779 2433 5843 LECTIONES.

523 5863 565 5893 ¹⁹
597 5862 724 5917 ἰδεῖν
758 5864 988 5934 eripiat?
1062 5865 1106 5898 ¹⁰
1136 5867 1231 5939 τὴν
1273 5867 1451 5921 Σκύλα
1488 5866 1525 5921 Ρ
1559 5886 1571 5922 ;
1600 5866 1673 5923 cf.
1714 5868 1745 5923 4
1786 5869 1868 5926 l9.
