4200 6488
385 408 458 474 33

1550 415 1701 480 LIB.
1738 414 1788 475 Ι.
1829 436 1899 451 --
1929 410 2076 477 LEO
2108 412 2537 477 ARMENIUS.

3620 409 3691 474 3i

393 528 541 585 παισί
577 546 638 584 τε
668 529 774 585 καὶ
804 529 1039 601 γυναικὶ
1064 531 1168 603 τὴν
1196 532 1376 604 κόμην
1417 532 1748 605 ἀποθέμενοι
1780 533 1919 604 πρὸς
1948 532 2011 586 τὸ

2114 541 2281 601 atque
2312 546 2504 594 uxore,
2539 529 2768 585 detonsa
2800 522 2956 585 coma
2991 527 3059 583 ad
3094 527 3188 583 Dei
3230 525 3521 583 delubrum
3553 542 3712 583 sece-

392 623 481 677 τοῦ
529 620 667 676 Θεοῦ
709 622 1113 695 τεμένισμα¹¹,
1150 622 1237 698 [Ρ.
1281 624 1374 697 15]
1412 625 1441 678 6
1471 624 1651 695 Φάρος
1691 622 2003 694 κατονομά-

388 716 539 779 ζεται
588 712 700 768 ἀπὸ
748 712 850 767 τοῦ
896 714 1017 783 φῶς
1077 715 1345 770 ἀνάπτειν
1394 716 1532 770 πᾶσι
1569 715 1666 769 καὶ
1711 715 1859 770 κατά
1907 713 2006 778 τὰς

387 808 591 872 νύκτας
624 809 1002 880 χειραγωγεῖν
1035 808 1131 862 ἐπὶ
1161 808 1494 877 καταγωγὰς
1523 823 1681 872 τινας
1710 808 2001 875 ἀσφαλεῖς,

388 896 686 966 ἀντίμιμον
714 896 810 949 τοῦ
848 897 995 950 κατά
1038 896 1141 970 τὴν
1194 897 1606 971 Ἀλεξάνδρειαν
1645 898 1777 953 ὄντα
1818 915 1878 952 τε
1911 898 2006 953 καὶ

389 988 716 1060 λεγόμενον,
739 988 842 1061 τὴν
863 988 1034 1043 αὑτοῦ
1056 989 1352 1061 εὐμένειαν
1371 993 1543 1064 χωρεῖ
1569 990 2002 1063 ἐκκαλούμενος.

401 1081 462 1137 Ὀ
493 1081 553 1136 δὲ
587 1083 825 1152 συλῆσαι
865 1081 968 1153 μὲν
996 1084 1062 1136 ἐκ
1095 1081 1233 1137 Θεοῦ
1260 1082 1595 1156 καὶσερημον
1622 1083 1798 1139 θεῖναι
1826 1083 2006 1155 ψυχῆς

384 1176 487 1229 οὐκ
536 1176 599 1230 ὲν
642 1175 801 1247 καλῷ
857 1174 1109 1247 θέμενος,
1157 1177 1365 1231 ἐκεῖνον
1405 1177 1506 1247 μὲν
1538 1179 1600 1230 ἐν
1634 1181 1701 1250 τῇ
1750 1178 1939 1251 Πλάτῃ
1959 1176 2011 1247 ⁸⁸,

389 1270 534 1340 νήσῳ
567 1267 874 1340 ὑπερόριον
920 1267 1039 1332 θεὶς
1077 1266 1376 1339 ἡσυχάζειν
1419 1268 1727 1342 ἐπέτρεψεν
1754 1312 1769 1339 ,
1802 1272 2006 1345 χρυσόν

396 1377 516 1413 τινα
544 1360 670 1414 κατ’
715 1362 841 1424 ἔτος
873 1362 1253 1434 ἐπιχορηγῶν,
1292 1363 1447 1418 ἐνθεν
1480 1365 1578 1418 καὶ
1614 1365 1677 1418 τὸ
1709 1367 2005 1437 μοναχικὺν

401 1455 579 1526 σχῆμα
604 1453 849 1509 λαϐόντα
876 1455 976 1508 καὶ
1016 1455 1337 1510 Ἀθανάσιον
1371 1458 1857 1528 μετονομασθέντα
1882 1461 2006 1512 ἐπι-

395 1545 585 1601 ϐιῶναί
622 1562 792 1616 φασιν
823 1544 921 1617 ἐτη
952 1545 1049 1599 δύο
1086 1548 1181 1601 καὶ
1210 1548 1527 1619 τριάκοντα.
1555 1548 1733 1619 Συνῆν
1768 1549 1824 1603 δέ
1855 1550 2006 1620 αύτῷ

392 1640 488 1693 sui.
524 1640 873 1710 Εὐστράτιος
902 1642 931 1694 6
975 1641 1094 1704 υίὸς
1120 1638 1314 1707 αὑτοῦ,
1357 1643 1385 1695 6
1422 1641 1522 1696 καὶ
1564 1641 1876 1714 ἀποκαρεὶς
1910 1642 2007 1696 καὶ

396 1731 773 1802 εὐνουχισθεὶς
811 1730 889 1785 ὢν
918 1732 1057 1786 ἑτῶν
1084 1734 1263 1787 εἴκοσι
1292 1732 1593 1804 προστάξει
1624 1732 1721 1787 τοῦ
1753 1733 2002 1798 Λέοντος,

397 1826 492 1879 καὶ
522 1826 794 1895 Νικήτας,
828 1823 886 1889 ὃς
920 1826 1193 1897 πρότερον
1225 1825 1324 1895 μὲν
1349 1826 1477 1889 παῖς
1502 1824 1579 1883 ὢν
1608 1825 1708 1898 τὴν
1740 1826 1846 1879 τῶν
1884 1826 2006 1880 ίκα·

396 1918 576 1973 νάτων
618 1917 825 1973 διεῖπεν
864 1918 1078 1989 ἀρχὴν,
1115 1917 1218 1973 ἆτε
1248 1916 1314 1989 δὴ
1360 1918 1538 1988 φίλιος
1570 1920 1685 1982 τοῖς
1723 1916 2008 1990 στρατιώ-

396 2028 520 2076 ταις
552 2013 648 2065 καὶ
683 2013 743 2065 ἐν
790 2011 1052 2084 ὑπαίθρῳ
1100 2010 1385 2081 διάγουσιν
1425 2007 1567 2067 εἶναι
1613 2030 1674 2066 τε
1714 2012 1886 2067 θέλων
1914 2012 2008 2066 καὶ

404 2103 515 2159 τῶν
541 2104 751 2158 πολλῶν
775 2104 1123 2176 πραγμάτων
1152 2102 1444 2176 ἔμπειρος,
1467 2106 1593 2160 τότε
1623 2105 1683 2159 δὲ
1708 2107 1755 2138 ³⁸
1784 2105 1886 2176 τὴν
1915 2104 2009 2159 κό-

412 2213 525 2268 μην
550 2196 644 2250 καὶ
672 2196 826 2262 αὐτὸς
850 2196 1194 2267 ἀποθέμενος
1237 2195 1499 2266 Ἰγνάτιος
1524 2196 1777 2250 ἐκαλεῖτο
1804 2197 1900 2249 καὶ
1929 2194 2008 2266 τῷ

408 2289 580 2362 πατρὶ
604 2291 839 2345 συνεῖναι
869 2289 1174 2359 ἐτύγχανεν
1195 2287 1274 2359 τῷ
1301 2291 1526 2361 μονήρει
1550 2287 1652 2360 βίῳ
1675 2287 2010 2358 προσκείμε-

400 2402 509 2448 νος.
532 2384 578 2437 Τ
581 2384 646 2453 ὴν
665 2382 710 2437 δ’
732 2383 896 2437 αὑτοῦ
928 2382 1193 2437 σύνευνον
1210 2382 1562 2454 ἀπεσχοίνισε
1591 2381 1689 2435 καὶ
1714 2381 2007 2436 ἀπέσπασε

397 2478 497 2533 καὶ
529 2477 668 2549 πρὸς
700 2477 800 2549 τὴν
832 2476 1009 2548 μονὴν
1041 2475 1142 2548 τὴν
1178 2476 1325 2530 οὕτω
1354 2476 1659 2549 λεγομένην
1690 2474 2011 2546 Προκοπίας

403 2571 733 2641 μετέθηκεν,
776 2571 960 2625 καίτοι
993 2588 1057 2640 γε
1086 2569 1251 2624 τοῦτο
1280 2570 1357 2642 μὴ
1398 2570 1658 2641 γενέσθαι
1706 2568 1884 2623 πολλὰ
1913 2567 2009 2623 τοῦ

288 2700 294 2704 -
408 2666 626 2739 Μιχαὴλ
666 2665 1076 2730 ἱκετεύσαντος.
1126 2665 1241 2722 Καὶ
1284 2667 1313 2719 6
1358 2666 1457 2736 μὲν
1489 2664 1715 2736 Μιχαὴλ
1761 2662 1858 2719 τοῦ
1893 2662 2009 2734 βίου

402 2758 515 2823 ἔξω
552 2759 842 2828 γενόμενος
890 2758 1025 2829 μηνὶ
1066 2757 1392 2830 Ἰανουαρίῳ
1436 2753 1528 2823 ια’,
1570 2757 1682 2810 ἔτει
1725 2756 1890 2831 ,ςτβλ
1919 2757 2011 2812 τὸν

398 2852 531 2922 χοῦν
575 2852 922 2922 ἀποθέμενος
960 2852 1019 2904 ἐν
1058 2852 1201 2921 αὐτῇ
1255 2852 1324 2922 τῇ
1380 2849 1560 2921 νήσῳ,
1616 2851 1673 2902 ἐν
1725 2849 1804 2920 τῷ
1849 2849 2012 2920 δεξιῷ

403 2944 560 3015 μέρει
621 2945 721 3015 τῆς
776 2943 1082 3015 ἐκκλησίας
1135 2941 1429 2998 ἐτέθαπτο·
1482 2944 1511 2996 6
1563 2941 1902 3012 Εύστράτιος
1953 2942 2013 2994 δὲ

407 3036 545 3106 μετά
588 3036 689 3108 τὴν
721 3037 818 3090 τοῦ
855 3036 1066 3108 πατρὸς
1113 3035 1374 3106 τελευτὴν
1419 3035 1516 3107 ἐτη
1552 3034 1803 3097 ἐπιϐιοὺς
1847 3034 2011 3088 πέντε

403 3127 519 3201 [καὶ
546 3130 684 3183 δέκα
711 3128 782 3201 ’Ἴ
825 3130 922 3183 καὶ
968 3127 1133 3192 αὐτὸς
1168 3127 1441 3198 ἐκοιμήθη
1492 3127 1638 3181 κατὰ
1675 3126 1776 3197 τὴν
1811 3135 1872 3181 ιε’
1914 3127 2010 3181 τοῦ

2109 623 2271 687 dunt,
2303 627 2450 693 quod
2490 622 2730 677 Pharum
2753 632 2956 678 vocant
2985 638 3045 676 ea
3071 621 3304 685 ratione,
3329 620 3474 692 quod
3492 620 3712 675 cunctis

2110 714 2289 771 lucem
2321 716 2585 770 accendat
2610 725 2889 785 noctuque
2923 718 2989 769 ad
3019 724 3199 770 certas
3223 715 3491 783 quasdam
3527 713 3714 767 statio-
3754 748 3757 759 ι

2109 822 2208 864 nes
2241 808 2501 873 deducat,
2527 808 2693 864 Phari
2727 810 2877 865 illius
2903 810 2957 863 in
2990 809 3226 880 Egypto
3250 809 3481 864 celebris
3507 821 3710 863 nomen

2109 899 2336 956 imitans
2367 901 2720 971 ofﬁciumque
2750 911 3043 974 praestans,
3082 901 3279 956 Leonis
3311 902 3422 958 illic
3450 910 3712 956 exoratu-

2107 1009 2205 1050 rns
2234 995 2607 1051 clementiam.
2647 995 2741 1050 ille
2781 1010 2947 1067 porro
2973 996 3115 1049 haud
3148 1011 3211 1050 ex
3242 994 3457 1051 honesti
3497 994 3713 1049 ratione

2107 1098 2265 1145 ratus
2306 1089 2631 1159 religionem
2660 1090 2768 1144 loci
2806 1090 3013 1144 violare
3043 1098 3138 1144 aut
3183 1090 3236 1143 in
3272 1105 3337 1144 eo
3368 1088 3711 1159 supplicibus

2108 1197 2297 1237 necem
2357 1181 2584 1247 inferre,
2650 1183 2805 1237 illum
2855 1184 3076 1254 quidem
3129 1184 3184 1238 in
3233 1183 3469 1237 insulam
3521 1181 3710 1236 Platen

2107 1277 2364 1346 relegans
2397 1278 2673 1349 privatum
2703 1278 2818 1333 illic
2856 1293 3019 1349 agere
3042 1279 3233 1347 jussit,
3274 1278 3393 1333 auri
3433 1290 3711 1332 summam

2108 1359 2409 1437 quntannis
2453 1369 2512 1423 in
2545 1369 2666 1438 ejus
2700 1379 2957 1439 sumptus
2995 1369 3430 1425 suliministrans
3465 1384 3479 1434 ;
3530 1370 3619 1422 ubi
3657 1376 3712 1421 et

2108 1460 2361 1515 monachi
2389 1461 2499 1531 20
2520 1471 2804 1531 assumpto
2829 1462 3016 1515 habitu
3039 1472 3203 1532 atque
3226 1461 3510 1515 Athanasii
3537 1459 3713 1514 indito

2109 1552 2331 1606 nomine
2359 1553 2427 1605 ad
2460 1567 2634 1605 annos
2663 1553 2805 1608 duos
2836 1567 3002 1623 supra
3038 1552 3256 1622 triginta
3288 1552 3491 1605 vixisse
3514 1549 3706 1605 fertur.

2109 1637 2239 1694 Erat
2262 1654 2389 1694 cum
2408 1656 2472 1696 eo
2488 1650 2544 1695 ct
2574 1641 2886 1698 Eustratius
2907 1644 3029 1711 ejus
3057 1642 3219 1707 ﬁlius,
3251 1642 3340 1712 qui
3373 1643 3491 1712 ipse
3512 1640 3713 1697 Leonis

2105 1729 2262 1798 jussu
2289 1733 2556 1789 detonsus
2570 1749 2636 1788 ac
2649 1735 2899 1791 virilibus
2917 1736 3148 1791 orbatus
3167 1744 3270 1803 est,
3300 1735 3479 1790 artatis
3505 1749 3713 1789 annum

2112 1824 2441 1894 vigesimum
2464 1842 2657 1898 agens.
2687 1828 2908 1885 Nicetas
2932 1844 3174 1900 quoque,
3200 1831 3294 1900 qui
3318 1830 3470 1899 prius
3498 1828 3714 1884 adoles-

2112 1932 2243 1974 cens
2274 1917 2625 1975 lcanatorum
2661 1919 3051 1991 prmfecturam
3087 1932 3354 1993 gesserat,
3385 1921 3588 1992 quippe
3621 1922 3716 1990 qui

2110 2011 2215 2066 hoc
2264 2022 2451 2082 ageret
2510 2023 2570 2068 ut
2621 2016 2857 2071 militum
2912 2016 3082 2083 inque
3128 2016 3474 2073 subdialihus
3518 2017 3716 2072 stativa

2110 2103 2431 2159 habentium
2465 2106 2706 2176 gratiam
2760 2107 2927 2162 iniret
2956 2109 3244 2179 multaque
3285 2122 3473 2162 rerum
3516 2107 3716 2178 peritia

2112 2196 2362 2266 polleret,
2399 2198 2515 2268 ipse
2544 2214 2768 2269 quoque
2815 2211 2945 2256 tunc
2976 2216 3131 2256 coma
3169 2201 3353 2271 posita
3384 2200 3579 2271 lgnatii
3610 2214 3715 2255 no-

2111 2304 2232 2344 men
2264 2291 2495 2361 accepit,
2536 2306 2879 2361 versansque
2913 2307 3040 2347 cum
3079 2303 3233 2363 patre
3259 2293 3514 2348 monachi
3545 2294 3713 2346 vitam

2110 2397 2219 2437 una
2245 2382 2504 2437 instituit.
2540 2383 2783 2439 Uxorem
2808 2398 2943 2440 vero
2972 2386 3041 2439 ab
3080 2386 3178 2440 illo
3204 2386 3520 2455 abjunctam
3551 2396 3718 2455 atque

2111 2474 2362 2530 avulsam
2414 2476 2469 2531 in
2523 2478 2919 2532 monasterium
2975 2479 3123 2548 quod
3186 2476 3471 2548 Procopiae
3518 2486 3718 2533 vocant

2114 2571 2417 2636 transtulit,
2448 2586 2767 2642 quanquam
2806 2571 3039 2628 Michael
3075 2574 3184 2628 hoc
3218 2574 3381 2627 enixe
3416 2574 3716 2628 amoliente

2106 2674 2176 2717 'sc
2222 2660 2577 2732 deprecante.
2621 2662 2700 2717 Ac
2754 2662 2984 2719 Michael
3037 2664 3259 2734 quidem
3311 2665 3366 2719 in
3402 2665 3543 2719 vivis
3590 2678 3717 2718 esse

2112 2754 2279 2809 desiit
2324 2754 2621 2809 undecimo
2645 2754 2918 2819 Januarii,
2954 2757 3144 2810 mundi
3178 2772 3326 2812 anno
3348 2756 3511 2819 6032,
3547 2757 3719 2826 depo-

2112 2847 2330 2916 sitaque
2364 2847 2706 2901 mortalitate
2734 2848 2790 2901 in
2821 2847 3012 2902 eadem
3056 2849 3259 2911 insula,
3290 2850 3357 2903 ad
3385 2864 3554 2903 cornu
3584 2849 3719 2903 dex-

2114 2947 2261 2993 trum
2291 2938 2560 3005 ecclesiae,
2591 2940 2842 3009 sepultus
2877 2948 2982 2994 est.
3017 2940 3330 2995 Eustratius
3361 2956 3490 2995 vero
3520 2956 3643 2995 cum
3685 2956 3719 2994 a

2114 3040 2292 3086 morte
2315 3030 2486 3100 patris
2516 3045 2694 3085 annos
2716 3032 2962 3101 quinque
2981 3033 3231 3093 vixisset.
3265 3033 3490 3087 dormiit
3518 3042 3573 3087 et
3601 3033 3719 3102 ipse

2114 3122 2183 3178 ad
2236 3122 2769 3191 quintumdecimum
2811 3123 3017 3179 mensis
3046 3121 3333 3188 Januarii,
3371 3124 3500 3177 anni
3552 3123 3716 3188 6037,

418 3221 751 3295 Ἱανουαρίου
779 3222 977 3293 μηνὸς,
1007 3220 1164 3286 ἔτους
1196 3220 1354 3293 ⁴ςτζ’,
1380 3223 1439 3276 ἐν
1467 3222 1545 3292 τῷ
1572 3220 1840 3291 εὐωνύμῳ
1861 3221 2012 3292 μέρει

2124 3217 2179 3272 in
2209 3217 2434 3273 sinistra
2454 3216 2702 3271 ecclesia:
2723 3228 2879 3288 parte
2897 3216 3171 3272 conditus.
3192 3216 3437 3287 lgnatius
3458 3218 3715 3286 denique,

401 3322 500 3393 τῆς
528 3318 837 3393 ἐκκλησίας
866 3316 1073 3373 πεσών.
1125 3317 1187 3372 '0
1219 3318 1276 3371 δέ
1317 3316 1577 3386 Ἰγνάτιος
1606 3316 1636 3369 6
1675 3318 1771 3371 καὶ
1808 3318 2009 3386 πρότε-

409 3430 499 3484 ρον
528 3413 779 3487 Νικητας
819 3410 1188 3476 καλούμενος,
1234 3409 1336 3480 τῆς
1381 3409 2014 3473 Κωνσταντινουπόλεως

409 3507 666 3581 πρόεδρος
691 3503 837 3562 εῖναι
869 3504 1077 3576 λαχὼν,
1110 3503 1325 3569 πολλοῖς
1358 3502 1590 3575 ὕστερον
1618 3504 1835 3576 χρόνοις
1861 3505 1921 3558 ἐν
1943 3506 2010 3576 τῇ

404 3602 541 3673 μονῇ
594 3598 989 3671 καλουμένῃν²⁵
1043 3598 1329 3667 Σατύρου,
1376 3597 1444 3668 ἢν
1498 3595 1627 3667 ἄρτι
1674 3596 1741 3650 ἐκ
1794 3595 2015 3667 βάθρων

398 3692 731 3763 δειμάμενος
761 3692 979 3762 ἔτυχεν,
1011 3689 1071 3744 τὺ
1107 3691 1253 3760 ἱερὸν
1283 3688 1451 3744 αὐτοῦ
1484 3686 1649 3761 σῶμα
1679 3689 2011 3761 κατέθηκεν.

403 3784 561 3855 Αὕτη
602 3784 662 3838 δέ
711 3785 746 3855 ἡ
798 3783 937 3855 μονὴ
988 3782 1087 3836 καὶ⁸
1127 3781 1221 3837 τοῦ
1289 3782 1699 3846 Ἀνατέλλοντος
1752 3782 2016 3852 κέκληται

407 3878 603 3949 τρόπῳ
639 3877 850 3948 τοιῷδε.
898 3876 1063 3930 Ἀλλά
1112 3874 1357 3947 Σάτυρος
1412 3876 1551 3947 μὲν,
1589 3875 1671 3928 ὅτι
1701 3875 1766 3928 ἐκ
1812 3874 2014 3945 μικροῦ

414 3971 796 4039 διαστήματος
832 3969 931 4039 τῆς
964 3967 1227 4040 τοιαύτης
1264 3968 1435 4041 μονῆς
1473 3970 1503 4023 6
1548 3969 1780 4032 παλαιὸς
1814 3967 2015 4037 ὀνομά-

432 4064 590 4128 ζεται
616 4063 964 4133 Σάτυρος,εν
1004 4058 1048 4134 ᾧ
1093 4059 1163 4137 ἦν
1208 4065 1356 4135 ἱερὸν
1396 4064 1551 4134 παρά
1584 4064 1693 4117 τῶν
1748 4062 2017 4133 Ἑλλήνων

401 4142 788 4229 ,οἰκοδομηθὲν
826 4156 904 4226 τῷ
943 4157 1089 4229 αύτῷ
1126 4157 1361 4228 Σατύρῳ
1408 4150 1470 4211 06
1514 4156 1639 4211 καθ’
1669 4155 2014 4226 ὁμωνυμίαν,

410 4250 501 4304 διὰ
528 4250 593 4303 τὸ
615 4249 845 4319 πλησίον
865 4247 1003 4305 εἶναι
1029 4252 1132 4322 τὴν
1156 4250 1457 4323 εἰρημένην
1479 4251 1672 4321 μονὴν,
1697 4249 1774 4319 τῷ
1790 4249 2019 4321 τοιούτῳ

409 4342 669 4397 καλεῖται
691 4343 937 4411 ὀνόματι·
959 4341 1022 4407 ἐξ
1041 4335 1213 4412 οὗπερ
1230 4342 1326 4395 καὶ
1348 4342 1376 4395 6
1393 4339 1488 4393 1:06
1511 4340 1557 4371 “
1573 4338 1755 4409 Βρύου
1777 4338 2019 4392 παλάτια

413 4435 604 4499 κτίσας
630 4434 894 4506 Θεόφιλος
918 4434 1172 4506 βασιλεὺς
1197 4433 1293 4505 τὴν
1318 4430 1453 4504 ὓλην
1483 4432 1820 4503 ἀφελόμενος
1845 4431 2021 4485 ταῦτα

420 4528 670 4597 ἐδείματο
740 4528 1079 4583 ’Δνατέλλων
1128 4527 1188 4581 δὲ
1220 4527 1287 4581 δι’
1327 4528 1512 4580 αἰτίαν
1536 4524 1795 4596 τοιαύτην
1818 4542 1832 4557 ο
1870 4527 2017 4579 Κυνρ

2115 3310 2210 3380 qui
2242 3320 2295 3366 et
2323 3309 2475 3380 prius
2506 3307 2725 3365 Nicetas
2749 3318 2977 3365 vocatus
3000 3317 3103 3375 est,
3137 3309 3396 3365 Ecclesiae
3417 3308 3721 3379 Cpolitana:

2106 3403 2317 3472 pracsul
2372 3401 2622 3466 euectus,
2667 3402 2860 3457 multis
2896 3411 3020 3472 post
3070 3403 3232 3456 annis
3274 3403 3327 3456 in
3379 3402 3720 3458 monasterio

2116 3496 2267 3565 quod
2300 3493 2479 3565 Satyri
2510 3503 2731 3557 vocant,
2759 3494 2907 3564 quod
2933 3503 2990 3548 et
3017 3493 3136 3563 ipse
3170 3495 3336 3564 paulo
3362 3505 3489 3549 ante
3528 3510 3556 3547 a
3586 3495 3717 3548 fun-

2117 3589 2392 3644 damentis
2410 3588 2750 3655 condiderat,
2776 3604 2994 3643 sacrum
3019 3603 3221 3656 corpus
3246 3604 3407 3643 suum
3440 3589 3717 3659 deposuit.

2118 3680 2235 3737 Hoc
2290 3695 2463 3750 porro
2508 3682 2905 3736 monasterium
2945 3682 3110 3736 etiam
3142 3680 3381 3735 Orientis
3412 3696 3612 3735 nomen
3660 3681 3720 3735 in

2118 3791 2243 3833 eum
2266 3776 2491 3832 modum
2515 3775 2773 3830 sortitum
2803 3776 2908 3844 21
2926 3788 3030 3830 est.
3059 3776 3263 3830 Verum
3288 3773 3470 3845 Satyri
3496 3775 3720 3846 quidem

2120 3867 2223 3925 fuit
2257 3870 2609 3939 appellatum,
2633 3869 2781 3937 quod
2807 3868 2951 3922 haud
2984 3869 3171 3939 procul
3196 3868 3266 3922 ab
3294 3883 3359 3922 eo
3386 3868 3722 3922 monasterio

2118 3971 2280 4017 vetus
2303 3961 2533 4032 Satyrus
2554 3961 2855 4024 diceretur,
2870 3961 2966 4015 ubi
2989 3959 3310 4016 Graecanica
3331 3961 3723 4030 superstitivne

2110 4054 2296 4109 eidem
2319 4052 2518 4120 Satyro
2540 4052 2731 4108 fanum
2753 4063 3097 4108 exstructum
3130 4063 3350 4116 erat,ex
3368 4054 3494 4123 ejus
3522 4053 3721 4107 vicinia

2116 4146 2257 4202 haec.
2288 4145 2408 4216 ipsa
2450 4144 2746 4214 appellatio
2781 4145 3125 4198 monasterio
3156 4144 3391 4199 haeserat
3426 4161 3440 4208 ;
3490 4160 3559 4198 ex
3600 4145 3722 4213 ejus

2118 4254 2291 4312 porro
2331 4237 2510 4293 ruinis
2542 4236 2880 4306 Theophilus
2931 4237 3231 4306 imperator
3271 4236 3453 4291 ablata
3494 4238 3724 4292 materie

2124 4334 2305 4406 regias
2337 4334 2483 4389 aedes
2515 4332 2807 4397 exstruxit,
2838 4345 2976 4402 quas
3003 4340 3200 4386 vocant
3235 4329 3399 4402 Brya.
3433 4328 3507 4385 Ut
3539 4339 3724 4384 autem

2118 4424 2323 4483 Oriens
2350 4435 2663 4491 vocaretur,
2700 4426 2973 4494 ejusmodi
3008 4439 3174 4480 causa
3198 4424 3416 4481 accidit.
3455 4423 3727 4480 Veniente

2130 4520 2430 4591 aliquando
2476 4519 2790 4589 Nicephoro
2826 4518 3155 4587 imperatore
3185 4519 3253 4573 ad
3290 4533 3384 4573 eas
3410 4526 3596 4588 partes
3632 4518 3727 4572 ubi

424 4581 701 4691 ηγετοῦντί
890 4616 1199 4689 Νικηφόρῳ
1230 4616 1310 4687 τῷ
1343 4616 1556 4687 βασιλεί
1600 4615 1661 4668 ἐν
1693 4581 1778 4678 οἷς
1818 4612 2012 4683 ἀρτίως

2129 4613 2239 4682 iam
2279 4613 2678 4668 monasterium
2711 4610 2993 4665 conditqu
3034 4617 3140 4677 est,
3170 4624 3237 4665 eo
3260 4610 3409 4680 quod
3439 4610 3595 4665 locus
3625 4609 3729 4663 du-

418 4713 563 4767 ἐστὶν
590 4715 624 4784 ή
657 4713 799 4784 μονὴ
834 4712 1034 4783 μέρεσι
1053 4751 1069 4774 ,
1101 4709 1189 4765 διὰ
1218 4709 1283 4763 τὸ
1311 4708 1533 4777 ἀλσώδη
1567 4707 1665 4762 καὶ
1690 4705 1958 4761 δύσϐατον
1978 4705 2012 4737 ’π

2121 4719 2319 4761 mosus
2349 4712 2499 4760 esset
2518 4712 2575 4758 et
2600 4702 2903 4773 impervius
2931 4702 3381 4772 silvestriumqne
3405 4702 3730 4758 animalium

415 4800 557 4858 εἶναι
573 4804 834 4875 καὶπρὸς
856 4802 1033 4874 θήραν
1055 4801 1211 4866 ζώων
1231 4799 1572 4870 ἐπιτηδείαν,
1599 4797 1684 4873 [Ρ.
1711 4796 1801 4870 14]
1820 4795 2022 4865 ἐλάφου

416 4895 686 4968 μεγίστης
728 4893 1000 4966 φανείσης
1036 4895 1131 4948 καὶ
1165 4889 1655 4963 καταδιωκομένης
1696 4890 1792 4943 καὶ
1820 4905 2024 4960 χειρω-

414 4990 604 5060 θείσης
633 4992 693 5045 ἐν
724 4989 880 5061 αὐτῷ
909 4989 989 5061 τῷ
1020 4989 1173 5060 τόπῳ
1205 4991 1264 5044 ἐν
1290 4982 1337 5059 ᾧ
1372 4986 1472 5041 νῦν
1509 4987 1573 5040 τὸ
1603 4988 1703 5058 τῆς
1737 4987 1907 5057 μονῆς
1933 4986 2027 5041 θυε-

416 5084 743 5151 σιαστήριον
785 5080 1033 5150 ἵδρυται,
1089 5079 1294 5151 εὑρέθη
1344 5077 1601 5150 τράπεζα
1653 5077 1865 5131 παλαιά
1922 5076 2030 5131 ὑπὸ

420 5175 597 5239 κίονος
630 5171 1021 5246 βασταζομένη
1042 5214 1059 5241 ,
1102 5175 1396 5244 γράφουσα
1425 5170 1629 5237 οὕτως*
1680 5169 1867 5225 Τοῦτό
1894 5169 2028 5227 ἐστι

420 5267 485 5321 τὸ
513 5266 965 5337 θυσιαστήριον
993 5266 1101 5321 τοῦ
1129 5262 1617 5336 ἀρχιστρατήγου
1646 5262 1893 5333 Μιχαὴλ
1921 5261 2031 5318 τοῦ

418 5361 875 5429 ἀνατέλλοντος
894 5402 910 5427 ,
966 5361 1115 5430 ὅπερ
1155 5360 1550 5429 ὲνεθρόνισεν
1598 5360 1632 5411 ό
1679 5357 2028 5422 ἀπόστολος

431 5453 740 5523 Ἀνδρέας.
778 5454 944 5509 Ἀλλά
983 5454 1163 5509 ταῦτα
1189 5453 1289 5523 μὲν
1314 5453 1379 5507 οὐ
1400 5455 1524 5506 τότε
1543 5492 1559 5519 ,
1581 5450 1777 5524 χρόνου
1802 5450 1862 5505 δὲ
1886 5465 2030 5521 παρο-

418 5547 745 5619 ιιληλυθάτος
764 5546 967 5602 πολλοῦ
995 5546 1246 5619 ὕστερον.

2126 4796 2411 4853 venationi
2460 4795 2731 4859 idoneus,
2792 4809 2920 4850 cum
2988 4794 3338 4873 apparuisset
3390 4795 3729 4865 praegrandis

2127 4905 2344 4955 cervus,
2372 4886 2700 4957 infestisque
2723 4887 2957 4944 canibus
2983 4900 3050 4942 eo
3076 4887 3200 4958 ipso
3226 4889 3348 4942 loco
3366 4887 3417 4941 in
3447 4900 3560 4956 quo
3584 4900 3731 4943 nunc

2128 4981 2450 5038 monasterii
2482 4979 2790 5035 sacrarium
2820 4990 3068 5036 erectum
3112 4988 3197 5035 est
3217 4989 3413 5050 captus
3442 4988 3610 5041 esset,
3643 4980 3732 5033 in-

2129 5084 2295 5133 venta
2344 5086 2427 5132 est
2475 5082 2633 5131 vetus
2683 5088 2873 5130 mensa
2900 5114 2916 5139 ,
2959 5086 3123 5145 quam
3157 5073 3410 5130 columna
3452 5070 3731 5136 fulciebat,

2128 5168 2307 5229 hocce
2330 5167 2490 5221 titulo
2518 5184 2533 5220 :
2571 5163 2689 5220 Hoc
2711 5174 2791 5220 est
2817 5165 2997 5220 altare
3026 5160 3306 5219 Michaelis
3340 5162 3564 5217 calcatis
3582 5154 3734 5217 mili-

2131 5263 2222 5317 tia
2243 5261 2529 5329 principis,
2554 5259 2695 5329 quod
2725 5258 2971 5312 Andreas
3002 5256 3274 5326 apostolus
3298 5255 3497 5325 posuit.
3525 5254 3732 5310 Verum

2130 5353 2251 5409 haec
2289 5365 2398 5406 non
2440 5359 2574 5406 tunc
2623 5359 2779 5421 gesta
2818 5358 2970 5414 sunt,
3012 5348 3108 5404 sed
3155 5346 3247 5402 ubi
3285 5355 3473 5417 postea
3505 5345 3733 5416 longum

2141 5457 2361 5519 tempus
2379 5446 2684 5503 etlluxerat.

1762 5701 1995 5760 VARUS
2036 5696 2446 5759 LECTlONES.

498 5858 542 5895 "
576 5856 861 5915 Cedrenus
901 5872 915 5910 :
945 5852 1041 5907 τὸν
1068 5851 1167 5922 τῆς
1190 5847 1460 5922 Θεοτόκου
1488 5847 1636 5922 ναόν.
1678 5846 1757 5922 _“
1779 5844 2065 5922 {Sedrenus
2084 5841 2377 5922 IIpdnpy._
2418 5839 2467 5871 “
2495 5836 2569 5922 δὴ.
2729 5833 3087 5922 ξδῇκαὶρέκα]
3114 5837 3371 5895 videntur
3397 5832 3733 5893 redundare.

426 5905 932 5999 υπςξρξψῖιέζρ
1062 5905 1201 5995 μόῦᾖ
1234 5922 1304 5991 τῇ
1328 5918 1427 5976 x.?
1500 5918 1545 5951 “
1579 5919 1608 5973 6
1636 5916 1705 5974 τά
1725 5916 1816 5971 τοῦ
1840 5916 1863 5971 ?
1890 5916 1964 5974 cf.
1995 5916 2087 5971 6|.
2242 5905 2490 5965 δύσϐατα
2521 5905 2572 5963 et
2601 5905 2930 5980 ἐπιτήδεια]
