2100 3206
274 197 309 228 35
828 190 1085 223 THEOPI-IANES
1100 185 1385 223 CONTINUATUS.
1892 162 1928 226 iis

310 249 323 276 i
332 249 355 276 i.
368 248 480 275 interim
495 246 649 275 revocanda
662 245 695 274 ad
710 245 865 274 institutum
877 246 967 273 oratio
980 250 1033 279 est,
1042 252 1076 273 ae

1164 246 1209 274 ια’.
1228 245 1416 274 Ἐπανακτέον
1431 245 1460 273 δὲ
1474 244 1522 273 τδν
1533 245 1622 281 λόγον,
1640 245 1689 274 καὶ
1703 246 1753 282 τὴν
1770 246 1861 275 αῐτίαν
1878 247 1928 284 ζη-

276 295 453 331 1umrendum
470 294 536 329 quid
554 294 628 321 velut
641 301 675 322 ex
698 293 826 321 condicto
841 293 937 320 ambos
959 292 1075 320 induxe-

274 343 322 376 rit,
338 347 396 369 tum
411 349 509 377 nempe
526 340 687 368 Michaelem
697 345 726 368 ut
740 341 807 367 nihil
821 348 912 375 operte
924 339 1075 368 asserendo

275 389 328 417 sibi
346 388 462 423 imperio
478 387 606 422 hostique
623 386 775 414 obuitendo
794 387 926 420 posuerit,
945 394 1007 414 cum
1024 392 1075 413 nec

276 434 410 466 formicae,
425 439 455 461 ut
469 434 566 469 adagio
579 433 677 464 fertur,
695 433 735 460 ira
753 432 834 465 desit;
848 437 906 459 tum
924 439 989 459 vero
1006 431 1076 458 Leo-

276 488 339 508 nem
353 481 435 508 utsic
449 481 578 508 audacter
598 480 666 507 illud
682 479 831 506 invaderet.
847 478 924 506 Hanc
937 478 1011 506 enim
1026 485 1076 513 ego

277 526 449 554 verissimam
479 525 655 560 disciplinam
681 529 708 552 et
737 524 773 551 ad
797 524 922 559 politicas
952 525 1076 552 actiones

277 573 504 600 exercitationem
519 571 648 604 dixerim,
663 571 900 599 evidentissimam
918 570 958 597 rei
979 570 1077 605 cujus-

277 627 331 654 que
350 627 473 652 causam,
491 626 581 654 neque
596 618 667 645 hanc
688 617 791 650 solum,
815 617 863 645 sed
885 625 947 653 quae
969 617 1077 645 occulta

278 667 325 700 sit,
336 671 505 701 compertam
515 665 616 692 habere
629 674 636 698 ;
650 672 703 700 qua
715 665 769 699 22
784 664 830 700 qui
843 668 935 692 careat
946 671 979 692 ac
991 664 1078 691 nuda-

279 719 323 741 tus
333 713 555 741 sithistoriarum
575 711 655 744 iiber,
668 711 741 739 haud
752 712 812 739 scio
821 719 855 738 an
868 710 956 746 frugis
973 710 1077 745 aliquid

278 759 428 787 lectoribus
447 759 583 786 allaturus
599 757 649 786 sit.
676 757 743 784 Erat
774 757 900 785 Michaeli
918 757 1078 792 imperatori

277 805 368 832 vicina
393 804 520 839 quaedam
549 803 691 831 ancillula.
718 802 783 830 Haec
807 793 1078 838 certis’quibusd'am

277 855 434 886 temporum
452 849 605 878 intervallis
624 849 718 877 furore
740 854 800 877 acta
824 857 857 876 ac
873 849 972 884 spiritu
989 849 1077 877 amata

278 896 482 924 vaticinabatur
506 895 656 930 futuraque
670 895 806 923 edicebat.
821 895 873 922 Cui
890 895 924 923 ad
941 895 1018 923 littus
1032 895 1077 922 cui

278 943 427 971 Bucoleoni
453 950 554 970 nomen
584 943 684 977 saepius
708 942 838 974 venienti,
862 942 927 970 inde
949 947 1078 970 contenta
1094 931 1115 959 Β

280 990 449 1018 inclamabat
458 997 525 1018 voce
538 999 545 1017 :
558 989 691 1016 Descende
704 989 774 1023 inde,
790 989 916 1021 Michael,
928 989 1056 1017 descende
1068 997 1077 1022 ,'

278 1046 310 1064 ac
323 1037 417 1064 alienis
431 1037 502 1069 cede,
519 1036 569 1064 has
583 1036 690 1064 scilicet
705 1036 732 1063 in
747 1043 809 1063 eum
827 1043 908 1063 voces
923 1035 1078 1063 intendens.

278 1083 338 1112 Hoc
367 1083 405 1110 ita
434 1077 535 1117 saepius
562 1082 717 1110 factitatum
743 1082 784 1110 sic
807 1081 967 1116 percrebruit
980 1085 1011 1108 ut
1029 1088 1081 1109 nec

278 1133 377 1165 sponte
391 1131 491 1157 surdos
506 1129 625 1164 unisque
643 1129 785 1156 studentes
806 1128 867 1156 vita:
885 1127 993 1155 deliciis
1009 1127 1081 1154 latu-

278 1176 342 1203 erit.
357 1175 427 1203 Sero
443 1183 510 1211 ergo
527 1175 637 1202 tandem
651 1175 684 1202 ad
703 1175 777 1210 ipsas
799 1174 973 1209 imperatoris
986 1181 1079 1207 aures,

279 1223 385 1251 sinistri
399 1223 502 1258 aliquid
517 1222 638 1250 rumoris
649 1222 712 1257 ejus
727 1221 820 1248 animo
835 1221 973 1256 ingerens,
987 1228 1020 1248 ea
1035 1228 1080 1249 res

279 1270 415 1305 pervenit.
439 1269 500 1296 Mox
519 1268 564 1296 ille
579 1268 692 1303 (lubens
707 1267 781 1295 enim
797 1267 915 1303 quisque
930 1267 1015 1294 animi
1030 1267 1080 1295 do—

279 1313 366 1342 iorem
381 1313 478 1340 amicis
491 1312 610 1348 detegit)
628 1311 773 1339 Theodoto
785 1311 898 1339 cuidam
917 1311 1079 1344 Melisseno,

279 1363 464 1395 cognomento
471 1358 628 1391 Cassiterx,
640 1365 697 1393 quo
709 1366 772 1386 vere
781 1358 872 1386 amico
882 1358 920 1385 uti
933 1358 1080 1390 videretur,

278 1413 350 1441 quos
366 1405 439 1433 fama
451 1405 568 1440 jactaret
586 1412 731 1433 sermones
746 1405 947 1433 cummunicat.
959 1404 985 1433 is
999 1412 1081 1440 porro

278 1451 420 1486 singulare
447 1451 513 1486 quid
535 1458 654 1486 vereque
682 1455 772 1479 tutum
800 1452 988 1486 praestandum
1023 1457 1082 1479 mo-

281 1502 346 1532 net;
378 1505 489 1533 nem-pe,
507 1505 563 1532 quo
594 1503 717 1533 tempore
737 1498 828 1533 puella
841 1497 935 1525 furore
950 1497 1082 1533 corripis-

279 1549 335 1577 tur,
357 1543 449 1571 solerti
464 1551 499 1571 ex
515 1544 562 1571 illa
580 1544 710 1580 indagine
733 1544 930 1579 inquirendum
953 1551 1081 1579 quaenam

278 1589 367 1618 futuri
391 1590 567 1626 imperatoris
591 1590 695 1618 familia
720 1595 877 1625 nomenque
903 1598 935 1618 ac
954 1590 1081 1626 corporis
1093 1607 1116 1638 C

280 1638 367 1673 ﬁgura
393 1638 440 1665 sit.
469 1637 578 1665 Placuit
595 1637 745 1665 consilium
766 1646 775 1671 ;
804 1636 958 1672 mulierque
979 1637 1079 1672 spiritu

279 1684 431 1720 Pythonico
442 1683 531 1711 amata
547 1684 621 1711 nulla
633 1691 710 1711 mora
724 1683 765 1710 sic
781 1679 951 1718 percontanti
967 1689 1080 1717 respon-

279 1730 326 1758 det
338 1739 345 1758 :
362 1729 429 1758 Cum
440 1731 479 1757 ad
488 1724 588 1763 arcem,
602 1730 702 1765 inquit,
714 1729 764 1756 tali
778 1734 894 1764 tempore
903 1730 1015 1763 ueneris,
1026 1730 1080 1757 duo

279 1777 390 1814 quidam
403 1777 549 1812 ingressuri
562 1780 625 1804 sunt
637 1784 647 1803 :
663 1776 743 1803 unius
757 1784 853 1804 nomn
870 1775 933 1809 Leo,
948 1777 993 1811 qui
1007 1776 1080 1803 ηιιιίο

280 1824 401 1857 vehatur,
424 1823 536 1851 alterius
552 1822 609 1850 alia
630 1824 793 1858 nuncupatio
807 1832 818 1850 :
842 1824 865 1851 is
885 1832 966 1859 porro
980 1828 1019 1851 est
1034 1824 1080 1855 qui

257 1884 260 1889 -
280 1869 392 1904 imperio
407 1870 533 1904 patietur.
548 1868 611 1897 Haec
623 1869 715 1904 itaque
723 1869 956 1897 sceleratissimus
968 1870 1021 1905 23
1036 1870 1081 1897 ille

282 1915 441 1951 imperatori
456 1915 568 1943 audisse
578 1915 683 1950 deierat
701 1924 708 1943 :
732 1923 783 1944 nec
798 1924 892 1944 rerum
907 1924 970 1952 quae
993 1922 1080 1951 gestae

281 1966 360 1988 erant
371 1961 520 1997 quidquam
535 1962 669 1997 loquitur,
679 1962 727 1990 sed
742 1969 884 1998 nugas,ae
896 1962 997 1997 quibus
1012 1962 1081 1990 nihil

281 2006 386 2035 inesset
403 2008 475 2041 sani,
490 2008 615 2036 mulieris
631 2015 774 2036 sermones
788 2012 880 2037 vocat.
895 2008 975 2036 Haud
990 2009 1081 2036 mim-

280 2061 346 2081 vero
368 2054 428 2089 ipse
451 2061 589 2089 nugarum
610 2054 671 2083 loco
695 2054 791 2082 habuit
813 2059 863 2083 aut
885 2059 989 2083 temere
1003 2054 1080 2084 fusas

280 2107 363 2128 vaces
378 2100 557 2128 existimavit.
569 2101 634 2128 Abit
646 2101 720 2129 enim
735 2100 841 2134 statim,
857 2108 890 2129 ac
903 2102 974 2130 sicut
987 2102 1081 2131 audie-

280 2151 325 2175 rat
347 2146 375 2173 in
393 2146 426 2173 ι).
439 2146 529 2183 _Pauli
554 2147 670 2176 delubro
687 2148 801 2183 pupillis
823 2148 930 2177 alendis
943 2150 1080 2179 destinato

279 2193 371 2220 virum
387 2192 540 2228 offendens,
554 2194 712 2230 collataque
730 2201 860 2223 sermone
870 2202 903 2224 ac
923 2196 987 2224 data
1001 2204 1081 2225 acce-

280 2246 381 2275 ptaque
407 2240 470 2274 fide,
492 2240 622 2276 bonoque
644 2244 673 2269 et
689 2241 784 2269 fidenti
808 2242 902 2271 animo
919 2250 981 2271 esse
1002 2244 1081 2272 iilum

1125 293 1222 328 τητέον
1236 292 1287 327 τὴν
1302 292 1391 325 οὕτως
1411 292 1450 324 ὡς
1463 292 1493 325 ἐξ
1508 293 1640 328 δμολόγου
1656 293 1792 320 πείσασαν
1809 294 1931 329 ἀμφοτέ-

1127 348 1203 375 ρους,
1221 339 1267 365 τδν
1283 338 1333 373 μὲν
1345 339 1457 374 Μιχαὴλ
1472 340 1535 375 μηδ’
1547 339 1616 372 ὅλως
1634 338 1706 375 ὑπὲρ
1722 340 1773 374 τῆς
1790 338 1930 375 βασιλείας

1126 386 1263 421 ἀντισχεῖν
1280 386 1390 421 (ἔνεστι
1404 386 1470 420 γὰρ,
1483 386 1521 418 ὡς
1536 388 1551 422 ἡ
1569 386 1715 422 παροιμία,
1735 388 1787 414 κὰν
1803 387 1929 423 μὺρμηκι

1127 433 1225 470 χολὴ),
1237 433 1283 460 τὸν
1298 433 1401 460 Λέοντα
1415 433 1443 460 δὲ
1456 433 1631 470 θαρρούντως
1642 434 1770 469 ὲπισῆναι
1785 435 1833 461 καὶ
1847 442 1930 461 κατα-

1126 480 1262 515 τολμῆσαι
1283 480 1379 515 αὐτῆς.
1404 479 1458 506 Καὶ
1472 480 1528 515 γὰρ
1544 480 1648 515 ταύτην
1665 480 1751 516 μόνην
1767 479 1876 516 εἴποιμι
1896 480 1930 508 ἂν

1127 525 1184 561 ἐγὼ
1203 524 1273 553 εἷναι
1296 526 1502 562 ἀληθινωτάτην
1520 527 1645 554 παιδείαν
1660 535 1691 553 τε
1710 527 1759 553 καὶ
1774 526 1929 562 γυμνασίαν

1128 573 1198 609 πρὸς
1208 573 1257 604 τὰς
1267 574 1413 606 πολιτικὰς
1423 573 1550 609 πράξεις,
1561 573 1612 609 τὴν
1623 574 1829 609 ἐναργεστάτην
1840 574 1930 601 αἰτίαν

1128 619 1176 646 καὶ
1189 619 1219 646 τὸ
1235 619 1273 654 μὴ
1286 620 1368 655 τήνδε
1384 619 1454 647 ἀλλὰ
1465 619 1556 655 τήνδε,
1567 618 1831 655 ὲπικεκαλυμμὲνην
1843 627 1930 646 κατα-

1129 666 1232 702 φορὰν,
1245 665 1281 703 ἦς
1296 667 1372 693 πᾶσα
1389 665 1421 700 δὴ
1441 665 1532 701 βίϐλος
1546 665 1670 700 ἱστορικὴ
1688 665 1858 701 στερουμένη
1882 664 1931 692 καὶ

1128 713 1362 749 ἀπογυμνουμένη
1377 712 1427 739 οὐκ
1442 710 1490 738 οἷδ’
1505 712 1531 739 εἴ
1539 720 1601 738 τινα
1615 712 1710 747 ὄνησιν
1723 711 1861 747 παράσχοι
1874 712 1931 743 τοῖς

1129 760 1350 796 ἐντυγχάνουσιν.
1372 759 1497 795 Ὑπῆρχε
1511 758 1540 785 δὲ
1556 759 1579 775 ’⁸
1595 758 1707 794 Μιχαὴλ
1728 758 1930 793 θεραπαινίδιόν

1128 817 1155 835 τι
1176 804 1333 841 πρόσοικον,
1350 806 1364 833 δ
1384 806 1457 833 κατά
1480 814 1557 837 τινας
1581 805 1822 840 ὲκὸακχευόμενόν
1838 813 1868 831 τε
1882 805 1931 832 καὶ

1129 853 1329 890 ὲνεργοὺμενον
1356 853 1499 889 περιόδους
1526 851 1698 887 ἀπεφοίὸαζέ
1726 860 1756 878 τε
1774 851 1822 878 καὶ
1846 851 1931 886 ἐμαν-

1128 902 1235 935 τεύετο,
1265 902 1314 927 καὶ
1342 899 1413 935 πρὸς
1443 899 1482 935 τῷ
1510 898 1558 925 τοῦ
1591 899 1786 931 Βουκολέοντος
1815 898 1933 933 αἰγιαλῷ

1129 947 1317 984 προσφοιτῶν,
1333 944 1482 980 Κατὰϐηθι
1495 945 1622 978 ἐκεῖθεν,
1639 945 1795 979 κατάϐηθι,
1812 945 1933 979 γεγωνό-

1128 1003 1220 1031 τερον,
1245 990 1268 1021 ὦ
1292 992 1427 1027 Μιχαὴλ,
1455 992 1578 1025 ἐπεϐόα,
1606 991 1656 1018 καὶ
1683 990 1744 1018 τῶν
1766 990 1934 1027 ἀλλοτρίων

1129 1040 1306 1075 ἀφίστασο,
1327 1038 1397 1073 πρὸς
1425 1038 1508 1065 αὐτὸν
1535 1038 1568 1072 δὴ
1595 1037 1690 1064 τοῦτον
1721 1036 1933 1073 ἀπορῤιπτοῦσα

1131 1086 1234 1122 φωνάς.
1256 1086 1315 1113 Οὐκ
1338 1084 1418 1112 ἔλαθε
1441 1084 1508 1119 γοῦν
1531 1084 1611 1111 τοῦτο
1635 1084 1766 1116 πολλάκις
1787 1084 1934 1118 γενόμενον

1130 1132 1192 1159 οὐδὲ
1206 1133 1270 1164 τοὺς
1287 1131 1469 1165 ὲθελοκωφετν
1485 1130 1629 1162 ἐθέλοντας
1643 1131 1691 1157 καὶ
1705 1131 1752 1157 τὸν
1768 1129 1825 1165 βίον
1843 1138 1933 1165 παρα-

1132 1179 1253 1214 πέμπειν
1268 1178 1447 1213 εὐφρόσυνον,
1467 1176 1526 1204 ἀλλ’
1546 1177 1665 1211 ἔφθασεν
1679 1176 1729 1211 ὀψὲ
1744 1176 1810 1211 γοῦν
1830 1176 1870 1206 είς
1882 1174 1934 1207 τὰς

1132 1224 1277 1261 βασιλικὰς
1289 1225 1376 1257 ἀκοὰς
1389 1244 1397 1256 ,
1413 1223 1496 1260 θροῦν
1509 1224 1557 1251 καὶ
1571 1223 1669 1250 λαλιάν
1684 1232 1745 1250 τινα
1757 1224 1808 1250 οὐκ
1823 1222 1934 1249 εῠελπιν

1131 1271 1276 1307 ἐμποιοῦν.
1304 1271 1359 1297 Καὶ
1383 1270 1413 1302 ὃς
1440 1269 1536 1305 (φιλεῖ
1561 1270 1615 1305 γὰρ
1638 1269 1756 1301 ἕκαστος
1773 1269 1804 1296 τὸ
1830 1266 1935 1295 λυποῦν

1131 1318 1320 1355 ἔκπομπεύειν
1331 1319 1389 1351 τοῖς
1399 1318 1477 1353 φιλου
1483 1316 1596 1353 μένοις)
1611 1315 1733 1351 Θεοδότῳ
1745 1315 1800 1341 τινὶ
1814 1313 1853 1350 τῷ
1862 1313 1936 1341 κατὰ

1130 1367 1177 1394 τὸν
1203 1365 1378 1400 Μελισσηνὸν
1402 1365 1509 1400 γνησίῳ
1532 1363 1671 1396 δοκοῦντι,
1701 1360 1723 1397 ᾧ
1747 1360 1895 1396 ἐπώνυμον
1921 1361 1936 1387 ὸ

1132 1412 1318 1449 Κασσιτερᾶς,
1345 1412 1381 1439 τὰ
1402 1412 1457 1438 τῶν
1476 1411 1566 1446 λόγων
1588 1409 1779 1440 ἀνεκοινοῦτο,
1801 1408 1849 1435 καί
1873 1415 1936 1435 τινα

1133 1459 1232 1495 βουλὴν
1249 1458 1411 1491 ἐξανύεσθαι
1428 1457 1639 1492 δουμδούλευεν
1661 1455 1755 1482 αἰσίαν
1779 1454 1865 1486 ὖντως
1887 1455 1937 1481 καὶ

1131 1505 1254 1541 ἀσφαλῆ.
1273 1504 1306 1532 Ἦ
1321 1503 1349 1530 δὲ
1364 1502 1398 1539 ἦν
1412 1502 1458 1530 τοῦ
1474 1502 1546 1530 κατὰ
1558 1502 1604 1529 τὸν
1616 1500 1718 1537 καιρὸν
1734 1501 1779 1527 ὅτε
1794 1499 1827 1535 δὴ
1841 1498 1939 1534 φοιϐό-

1132 1551 1236 1586 ληπτον
1257 1550 1371 1585 γένηται
1389 1548 1420 1575 τὸ
1436 1548 1582 1584 κοράσιον,
1606 1546 1822 1582 ἁκριὸολογῆσαι
1842 1545 1941 1581 τρόπῳ

1132 1597 1218 1624 παντὶ
1231 1596 1272 1628 τίς
1284 1603 1313 1623 τε
1325 1594 1369 1631 εἴη
1384 1594 1459 1622 οἰκία
1474 1592 1523 1621 τοῦ
1540 1593 1761 1629 βασιλεύσοντος,
1778 1592 1825 1619 καὶ
1839 1591 1940 1626 κλῆσιν

1133 1645 1231 1680 ἥντινα
1246 1642 1337 1678 φέρει,
1350 1642 1398 1668 καὶ
1412 1641 1504 1672 ὁποῖος
1515 1640 1613 1667 τοῦτον
1628 1640 1642 1666 δ
1656 1639 1780 1675 χαρακτή
1786 1647 1811 1675 ρ.
1833 1637 1939 1665 Ἐδόκει

1133 1690 1222 1718 ταῦτα
1237 1690 1337 1722 ποιεῖν,
1350 1689 1398 1716 καὶ
1416 1689 1433 1724 ἡ
1450 1687 1636 1723 ἐνεργουμένη
1653 1686 1792 1722 πνεύματι
1809 1685 1939 1719 Πύθωνος

1133 1737 1211 1764 οῦδὲν
1229 1735 1448 1772 ὓποστειλαμένη
1460 1756 1467 1769 ,
1482 1734 1564 1762 Κατὰ
1578 1733 1637 1768 τὴν
1660 1734 1839 1769 ἀκρόπολιν,
1858 1734 1937 1768 φησι,

1134 1783 1286 1820 γενομένῳ
1308 1790 1360 1810 σοι
1385 1782 1462 1809 κατὰ
1481 1781 1537 1809 τὸν
1553 1781 1639 1808 δεῖνα
1660 1780 1765 1815 καιρὸν
1787 1779 1842 1806 δύο
1856 1779 1939 1811 τινὲς

1134 1829 1285 1863 ἄνθρωποι
1307 1828 1549 1856 εἰσελεύσονται·
1563 1825 1647 1854 Λέων
1661 1824 1755 1860 δνομα
1769 1823 1810 1856 τῷ
1824 1823 1869 1850 ἐνὶ
1884 1823 1938 1849 ἐπ-

1134 1876 1290 1911 οχουμένῳ
1301 1875 1428 1910 ἡμιόνῳ.
1442 1872 1555 1907 θατέρῳ
1569 1871 1604 1899 δὲ
1614 1871 1727 1906 ἕτερον·
1737 1867 1827 1902 οὗτος
1838 1868 1872 1896 δὲ
1882 1868 1939 1902 τῆς·

1132 1922 1300 1956 βασιλείας
1318 1920 1596 1955 κατευμοιρήσειεν.
1617 1918 1711 1946 Ταῦτα
1723 1916 1788 1951 γοῦν
1806 1916 1908 1947 ἐκεῖνος
1924 1916 1937 1941 ό

1133 1968 1266 2005 θεομισὴς
1282 1968 1353 2003 ἀνὴρ
1371 1967 1519 2003 ἐξόμνυται
1545 1975 1576 1993 τε
1593 1966 1661 2001 πρὸς
1682 1965 1727 1992 τὸν
1751 1962 1865 1999 βασιλέα
1891 1962 1938 1988 κςιὶ

1134 2016 1210 2051 λέγει
1227 2014 1285 2042 τῶν
1307 2014 1466 2050 γενομένων
1487 2012 1577 2045 οὐδὲν,
1594 2013 1679 2047 λῆρον
1704 2011 1732 2037 δὲ
1756 2010 1821 2041 τοὺς
1842 2008 1940 2042 λόγους

1132 2062 1270 2089 ἀποκαλεῖ
1280 2061 1329 2089 καὶ
1345 2059 1430 2097 μηδὲν
1447 2059 1558 2095 ἔχοντας
1573 2058 1659 2092 ὑγιές.
1685 2057 1757 2083 Ἀλλ’
1771 2056 1822 2082 οὐκ
1842 2054 1940 2087 ἐκείνῳ

1134 2109 1213 2145 λῆροι
1228 2108 1246 2145 ἢ
1270 2107 1368 2144 ἔμετος
1386 2107 1488 2138 ἄλλως·
1516 2105 1610 2132 ἄπεισι
1634 2103 1689 2137 γὰρ
1706 2101 1805 2134 εὐθὺς,
1822 2100 1871 2127 καὶ
1890 2100 1938 2126 τὸν

1136 2155 1221 2191 ἄνδρα
1287 2153 1332 2191 15]
1345 2153 1384 2185 ὡς
1395 2151 1522 2187 ἀκηκόει,
1536 2147 1701 2176 καταλαὸὼν
1712 2148 1741 2174 ὲν
1752 2147 1791 2181 τῷ
1803 2145 1851 2173 τοῦ
1864 2146 1939 2174 θείου

1135 2202 1245 2229 Παύλου
1266 2200 1342 2236 σηκῷ
1362 2199 1399 2234 τῷ
1423 2196 1561 2233 ὀρφανοὺς
1581 2195 1695 2231 τρέφειν
1713 2193 1826 2229 λαχόντι
1841 2213 1848 2225 ,
1874 2201 1939 2221 συν-

1135 2248 1265 2285 ιδριάσας
1278 2248 1327 2274 καὶ
1337 2244 1496 2281 ὁμολογίαις
1508 2241 1729 2277 κατεμπεδώσας
1741 2240 1790 2268 καὶ
1796 2239 1941 2276 ὀχυρώσας

277 2285 390 2322 jubens,
399 2286 520 2315 divinam
532 2287 621 2316 sibiin
632 2292 740 2316 secreto
750 2288 886 2317 detectam
898 2297 992 2318 vocem
1003 2291 1081 2325 dixit,

1137 2295 1185 2321 καὶ
1199 2293 1314 2329 θαρρεῖν
1326 2291 1372 2318 καὶ
1387 2289 1494 2325 χαίρειν
1511 2287 1801 2325 παρακελευσάμενος,
1817 2287 1850 2313 ὲκ
1865 2285 1942 2318 θείας

280 2340 342 2368 quae
357 2332 433 2360 illum
447 2333 644 2369 imperatorem
656 2334 717 2363 fore
728 2335 803 2364 clare
817 2336 1006 2365 denuntiaret.
1017 2338 1082 2367 litae

280 2386 346 2414 ergo
360 2380 496 2408 secretius
512 2384 540 2408 et
552 2380 588 2408 ad
607 2389 704 2409 aurem
720 2381 804 2417 dicta,
821 2383 951 2419 velutque
966 2385 1082 2414 secundi

280 2425 388 2455 Colores
413 2426 424 2463 (
441 2426 481 2454 uti
496 2426 554 2455 fere
576 2427 604 2455 in
621 2427 728 2463 pictura
744 2428 796 2465 ﬁt)
821 2430 960 2465 prioribus
973 2431 1082 2461 umbris

281 2471 379 2507 majori
403 2472 582 2507 expressione
601 2473 700 2508 adiecti
716 2474 762 2510 (iis
779 2475 885 2503 scilicet
897 2484 962 2511 qua
983 2476 1081 2505 Philo-

282 2517 358 2545 melii
370 2517 524 2548 monachus
537 2518 657 2553 primum
676 2520 843 2549 vaticinatus
858 2528 918 2549 erat
929 2521 950 2558 ),
966 2522 1008 2550 sic
1020 2523 1081 2550 alii-

280 2563 359 2591 ciunt
383 2568 414 2591 ut
437 2571 493 2591 non
522 2564 598 2592 inani
616 2564 675 2600 jam
694 2566 787 2601 specie
806 2567 928 2603 exilique
962 2568 1083 2603 quadam

279 2610 525 2645 repraesentatione
537 2618 570 2638 ac
584 2611 735 2640 simulacro
743 2613 892 2648 imperium
907 2614 1022 2648 videret,
1036 2614 1085 2643 sed

281 2655 386 2683 nudum
404 2663 436 2683 ac
448 2656 522 2685 velut
536 2656 611 2685 clare
628 2664 662 2685 eo
674 2658 781 2693 potitus
792 2663 877 2688 esset.
895 2659 933 2687 Ea
945 2659 1030 2695 igitur
1040 2667 1085 2688 res

281 2707 366 2735 prope
391 2706 546 2730 emortuam
571 2710 603 2731 ac
619 2703 693 2731 velut
708 2704 885 2740 elanguidam
903 2705 1005 2734 Leonis
1027 2707 1085 2742 spei

281 2747 421 2775 ﬂammam
440 2750 518 2776 novis
533 2750 680 2778 ardoribus
698 2752 834 2785 accendit,
857 2753 968 2788 altaque
980 2753 1086 2781 maesti-

282 2793 389 2846 tudinis
400 2794 501 2846 abysso
509 2794 670 2846 Michaelem
680 2798 789 2830 mersit,
798 2802 881 2833 atque
890 2798 963 2827 illius
974 2800 1086 2835 quidem

281 2840 368 2868 animi
389 2842 474 2869 robur
491 2843 588 2875 erexit.
606 2840 689 2879 hujus
710 2851 776 2872 vero
791 2846 913 2880 graviter
929 2848 1082 2875 concussit.

318 2934 341 2950 ιι
357 2933 396 2971 δι]
413 2934 441 2961 δι
454 2934 515 2970 np?
567 2936 589 2951 ι’
604 2935 651 2968 τὰς
669 2943 725 2964 om.
745 2937 777 2963 P.

1137 2343 1232 2378 φωνῆς
1244 2342 1337 2375 ἔλεγεν
1348 2339 1507 2375 διδαχθῆναί
1519 2347 1554 2375 με
1566 2339 1734 2375 ἀπορῤήτως
1747 2338 1782 2364 τὰ
1797 2335 1943 2372 μέλλοντα,

1136 2390 1187 2425 τήν
1199 2397 1228 2415 σε
1243 2386 1359 2424 βασιλέα
1373 2386 1544 2422 διαπρυσίως
1556 2385 1758 2421 κηρύττουσαν.
1770 2382 1865 2410 Ταῦτα
1876 2381 1944 2416 γοῦν

1135 2431 1346 2467 ὕπολαληθὲντα
1360 2432 1409 2458 καὶ
1424 2429 1481 2459 οἷον
1500 2430 1618 2466 δεύτερὰ
1633 2438 1694 2457 τινα
1709 2428 1845 2465 χρώματα
1859 2427 1898 2458 ὡς
1913 2426 1944 2453 ιν

1136 2478 1285 2515 ζωγραφίᾳ
1316 2478 1379 2510 ταῖς
1413 2477 1567 2513 προτέραις
1601 2473 1823 2511 ὲμμοριμυθέντα
1851 2473 1945 2505 σκιαῖς

1136 2524 1258 2560 (ἐκείνας
1277 2523 1351 2558 λέγω
1366 2522 1480 2560 πρώτας
1494 2523 1544 2554 τὰς
1556 2521 1579 2538 ³⁸
1594 2521 1649 2548 ὑπὸ
1665 2520 1713 2548 τοῦ
1735 2519 1808 2547 κατὰ
1822 2519 1853 2545 τὸ
1866 2518 1945 2544 Φιλο-

1136 2570 1238 2607 μήλιον
1254 2570 1375 2607 μοναχοῦ
1398 2568 1601 2605 ὲκφανθείσας)
1614 2567 1708 2595 οὐκέτι
1726 2568 1756 2594 tv
1778 2565 1880 2600 εἰδώλῳ
1896 2565 1947 2592 καὶ

1137 2615 1259 2651 ἑμφάσει
1274 2615 1329 2642 τινὶ
1345 2616 1456 2650 ἐμποιεῖ
1469 2614 1522 2649 τὴν
1543 2612 1685 2649 βασιλείαν
1699 2612 1777 2647 όρᾷν,
1794 2610 1903 2646 γυμνὴν
1916 2610 1947 2637 δὲ

1139 2663 1187 2690 καὶ
1210 2660 1266 2689 οἷον
1282 2663 1312 2689 ὲν
1328 2661 1443 2689 ἐκϐάσει
1469 2660 1574 2695 σαφῶς.
1597 2657 1753 2686 Τοῦτοίοῦν
1775 2657 1826 2692 τήν
1847 2664 1876 2683 τε
1891 2656 1946 2692 ἠδη

1139 2708 1376 2745 κατῃθαλωμένην
1386 2707 1434 2734 τοῦ
1448 2706 1562 2738 Λέοντος
1573 2705 1622 2733 καὶ
1633 2702 1689 2732 οἷον
1697 2702 1947 2739 ἀπομαρανθεῖσαν

1141 2755 1230 2791 φλόγα
1252 2757 1303 2791 τῆς
1327 2754 1436 2786 ἐλπίδος
1459 2753 1649 2788 ὑποτύφεσθαι
1675 2751 1807 2785 εποίησεν
1831 2749 1879 2776 καὶ⁹
1899 2748 1947 2776 τὺν

1141 2801 1253 2838 Μιχαὴλ
1267 2802 1295 2828 ἐν
1309 2801 1421 2836 ἀσύσσῳ
1433 2800 1553 2836 ἀθυμίας
1564 2798 1715 2826 καταδῦναι
1729 2797 1826 2832 πολλῇ,
1838 2793 1944 2822 καὶτοῦ

1143 2850 1193 2884 μὲν
1207 2849 1258 2884 τῆς
1272 2848 1362 2885 ψυχῆς
1376 2848 1484 2884 πύργον
1497 2847 1659 2883 ἀνέστησεν,
1673 2845 1721 2873 τοῦ
1741 2845 1771 2871 δὲ
1785 2841 1945 2878 ἐγκατέσει.

932 2894 973 2923 VA
979 2894 1048 2923 ΙίΙιΕ
1066 2895 1271 2925 LECTiONES'.
