4200 6416
512 387 585 449 39
1629 370 2141 436 TllEOPHANES
2174 367 2740 432 CONTINUATUS.
3758 366 3829 428 40

511 495 764 570 parvulis
800 504 986 550 autem
1024 491 1089 547 ad
1122 504 1255 547 saxa
1294 505 1359 547 ac
1408 490 1641 544 humum
1695 488 1870 543 allisis
1910 486 2113 540 Roma-

2246 485 2529 539 ιατέλαϐεν
2568 485 2628 537 ὲν
2659 483 2840 553 τάχει.
2882 481 3046 535 Ὅθεν
3090 479 3284 534 ἔκτοτε
3326 476 3538 540 ἐκεῖνος
3590 477 3619 530 ὸ
3643 476 3837 547 βουνὸς

518 607 647 648 nam
678 606 804 644 mox
833 588 1099 643 ditionem
1123 584 1361 654 repetiit.
1386 581 1516 636 Eam
1534 582 1608 637 ob
1640 597 1754 635 rem
1787 595 1852 634 ex
1878 594 1946 632 eo
1979 588 2120 632 tem-

515 698 648 754 pore
686 681 886 735 Leonis
909 678 1070 735 collis
1120 677 1170 732 ei
1205 676 1336 731 colli
1387 689 1586 729 nomen
1619 674 1854 727 inditum
1885 680 2004 736 est;
2058 684 2123 724 ac

516 774 612 843 qui
646 772 772 827 illac
801 773 905 826 iter
937 769 1144 825 habent
1167 766 1411 838 Bulgari,
1440 775 1607 835 caput
1632 772 1917 818 moventes
1938 762 2122 818 locum

514 866 697 939 digito
732 863 1060 923 ostendunt,
1087 876 1191 915 nec
1221 859 1527 930 quidquam
1561 864 1803 926 acceptae
1838 864 1968 911 tunc
2011 854 2126 909 cla-

517 960 604 1015 dis
633 956 960 1013 memoriam
991 954 1340 1011 oblitterant.

597 1054 686 1108 14.
704 1050 856 1106 Felix
882 1064 1013 1118 ergo
1039 1048 1128 1102 ille
1154 1060 1446 1103 successus
1473 1044 1796 1100 ferociorem
1843 1043 2127 1112 longeque

522 1144 883 1202 audaciorem
918 1141 1200 1195 hominem
1235 1137 1494 1203 reddidit,
1524 1136 1694 1207 inque
1727 1151 1848 1191 eam
1876 1132 2125 1193 crudeli-

526 1246 692 1292 tatem
726 1237 782 1289 in
810 1248 919 1303 qua
948 1232 1128 1287 fuerat
1149 1230 1417 1286 educatus
1450 1228 1688 1297 impulit.
1715 1225 1878 1281 Nulla
1899 1226 1976 1280 illi
2004 1241 2127 1278 ma-

521 1329 669 1400 joris
696 1325 997 1381 minorisve
1024 1322 1247 1378 sceleris
1265 1320 1551 1377 distinctio
1579 1335 1595 1374 :
1619 1320 1716 1375 sed
1736 1320 1783 1375 si
1803 1319 1929 1389 quis
1957 1317 2126 1372 ullius

422 1466 435 1475 .
526 1422 755 1479 sceleris
789 1434 917 1476 reus
967 1419 1079 1489 26
1134 1426 1435 1482 teneretur,
1496 1430 1607 1471 una
1642 1416 1775 1481 ierat
1826 1411 2126 1475 sententia,

529 1530 639 1570 una
683 1513 843 1577 ultio,
877 1511 1127 1581 cujusvis
1175 1508 1481 1565 necessarii
1532 1507 1765 1563 membri
1821 1505 2128 1576 amputatio

528 1606 696 1677 inque
764 1603 1014 1659 omnium
1072 1602 1255 1657 oculis
1316 1599 1534 1669 publica
1614 1597 1881 1667 amputati
1946 1610 2130 1649 mem-

530 1699 615 1753 bri
657 1696 976 1767 suspensio.
1033 1692 1163 1747 [hec
1216 1692 1298 1746 sic
1356 1690 1479 1745 dira
1533 1704 1661 1744 cum
1720 1687 1776 1742 in
1810 1700 2009 1742 omnes
2039 1684 2130 1739 ille

533 1790 879 1861 designaret,
915 1800 1085 1860 grave
1119 1786 1174 1839 in
1216 1800 1276 1839 se
1307 1783 1495 1838 odium
1529 1780 1779 1836 omnium
1808 1778 2127 1835 concitavit.

532 1884 673 1940 Cum
731 1882 877 1937 enim
932 1879 1173 1935 nativam
1228 1877 1379 1931 illam
1430 1875 1549 1930 dire
1578 1873 1836 1929 eﬂ'renem
1873 1872 2133 1941 nulloque

538 1973 711 2028 modo
739 1971 1066 2042 castigatam
1099 1978 1197 2024 aut
1245 1970 1311 2023 ad
1365 1967 1650 2022 lenitatem
1679 1981 1744 2020 ac
1781 1964 2131 2021 clementiam

534 2073 854 2135 vergentem
883 2061 1167 2118 feritatem
1202 2060 1431 2122 coleret,
1465 2067 1763 2129 cognatum
1796 2071 1974 2126 genus
2008 2070 2136 2110 cru-

536 2134 732 2213 deliter
754 2157 1017 2211 divexans
1044 2169 1108 2208 ac
1133 2151 1473 2222 contemptui
1504 2150 1740 2216 habens,
1768 2134 1822 2203 id
1846 2164 1976 2202 vero
2004 2162 2138 2203 con-

538 2259 764 2307 secutus
793 2258 880 2305 est
908 2258 970 2305 ut
997 2263 1124 2303 eum
1144 2247 1396 2303 odissent
1416 2259 1633 2309 omnes,
1664 2258 1829 2299 nemo
1859 2242 2133 2313 diligeret.

614 2342 702 2396 15.
734 2341 792 2395 lu
832 2341 981 2396 hunc
1010 2340 1197 2409 itaque
1225 2340 1447 2393 modum
1480 2352 1613 2393 suas
1648 2335 1737 2391 ille
1766 2350 1854 2391 res
1877 2334 2137 2405 dispone-

539 2437 655 2505 bat,
688 2437 949 2506 venitque
977 2434 1028 2489 ei
1075 2435 1130 2487 in
1169 2441 1410 2487 mentem
1463 2428 1910 2485 Philomeliensis
1947 2443 2141 2484 mona-

540 2531 703 2595 chus,
754 2530 989 2599 ejusque
1053 2527 1124 2582 de
1174 2540 1234 2582 se
1286 2523 1535 2579 vaticinii
1587 2536 1819 2578 munera
1878 2528 2141 2590 praastare

541 2621 859 2685 constituit,
895 2617 1085 2674 missis
1116 2618 1171 2672 in
1213 2627 1569 2671 antecessum
1606 2612 1980 2677 munusculis,
2009 2610 2136 2679 qui—

542 2714 650 2769 bus
679 2722 895 2782 gratum
933 2711 1185 2765 animum
1220 2723 1384 2764 suum
1428 2707 1482 2761 in
1518 2721 1642 2762 enm
1673 2705 2012 2767 ostenderet,
2044 2718 2137 2756 ro-

543 2820 682 2877 gans
712 2821 743 2859 a
785 2805 892 2860 Deo
928 2804 1226 2874 impetrare
1256 2811 1316 2856 ut
1349 2799 1643 2871 imperium
1689 2813 1853 2853 suum
1884 2796 2142 2852 victoriis

543 2906 792 2967 augeret.
830 2895 1033 2951 Verum
1063 2895 1156 2949 ille
1182 2894 1298 2963 jam
1339 2908 1370 2947 e
1405 2891 1547 2948 vivis
1593 2897 1930 2956 excesserat,
1960 2888 2142 2942 malus

545 3000 730 3047 autem
764 2988 990 3058 quidam
1023 3002 1091 3041 ac
1123 2986 1344 3040 invidus
1374 2984 1593 3041 daemon
1626 2982 1753 3053 (nec
1786 2981 1933 3037 enim
1964 2980 2146 3036 homi-

544 3099 671 3141 nem
693 3083 1043 3153 appellavero
1062 3080 1158 3150 qui
1192 3078 1380 3135 omnia
1416 3076 1645 3132 miscuit
1676 3075 2049 3143 turbavitque,
2079 3087 2145 3129 ac

547 3176 762 3246 antiqui
813 3175 1085 3244 serpentis
1114 3187 1268 3228 more
1297 3170 1486 3227 miseri
1518 3168 1720 3225 Leonis
1752 3168 2005 3234 auribus,
2038 3168 2140 3223 ho-

547 3271 719 3326 minis
748 3269 961 3325 scilicet
1000 3266 1165 3337 cujus
1200 3281 1359 3321 mens
1399 3266 1583 3319 omnis
1615 3263 1941 3333 imprudens
1973 3272 2029 3318 et
2056 3263 2143 3317 in-

549 3363 828 3427 consulta,
863 3362 1016 3423 virus
1065 3359 1289 3429 infudit)
1314 3358 1469 3415 senis
1500 3357 1791 3415 aediculam
1834 3357 1984 3411 illam
2017 3356 2146 3411 reli-

548 3458 731 3529 gionis
764 3459 991 3511 obtentu
1027 3462 1423 3524 occupaverat.
1471 3451 1775 3509 Sabbatius
1829 3452 1910 3507 illi
1945 3467 2147 3507 nomen

551 3561 693 3608 erat.
750 3549 853 3605 Hic
913 3548 1118 3604 Leonis
1197 3548 1380 3617 ipsum
1444 3546 1701 3602 nuntium
1764 3545 2145 3601 conviciorum

483 3625 494 3635 ’
551 3644 803 3714 plaustro
829 3654 1093 3705 onerare,
1147 3654 1250 3694 nec
1283 3654 1475 3695 secum
1510 3638 1653 3708 ipse,
1709 3638 1806 3694 sed
1864 3652 2054 3693 coram
2089 3638 2145 3691 in

553 3734 696 3790 facie
758 3734 813 3788 in
867 3733 1257 3804 imperatorem
1300 3732 1593 3787 maledicta
1641 3729 1877 3800 jactare.
1913 3729 2146 3800 Rogavit

552 3827 915 3882 nihilominus
950 3834 1164 3881 semoto
1194 3825 1345 3879 omni
1380 3826 1583 3881 timore
1610 3824 1942 3879 denuntiare
1981 3823 2147 3878 breve

552 3919 673 3975 fore
697 3919 901 3995 Leonis
924 3919 1240 3989 imperium,
1274 3918 1369 3988 qui
1420 3919 1584 3974 idolis
1624 3920 1680 3988 (ο
1716 3919 1955 3989 linguam
1987 3930 2148 3972 exse-

552 4013 879 4082 crabilem!)
909 4013 1156 4067 animum
1206 4011 1515 4075 adhiberet,
1556 4011 1723 4080 inque
1762 4011 1870 4082 27
1904 4009 2147 4079 pardalis

550 4115 606 4162 et
633 4106 862 4162 Bacchae
888 4105 1222 4176 Taraxiique
1265 4104 1588 4160 numinibus
1620 4104 1723 4175 (sic
1752 4106 2010 4159 nimirum
2045 4104 2149 4158 im-

552 4202 881 4270 peratricem
909 4196 1120 4253 lrenem
1169 4206 1538 4267 sanctumque
1571 4195 1863 4251 Tarasium
1894 4197 1949 4252 in
1980 4211 2147 4252 causa

551 4292 868 4347 divinarum
920 4290 1225 4362 imaginum
1286 4288 1488 4359 linguae
1547 4288 1851 4357 petulantia
1914 4288 2146 4355 vocans)

553 4401 707 4456 spem
730 4386 1050 4440 collocaret.
1075 4383 1148 4437 At
1171 4381 1306 4445 Leo,
1338 4396 1531 4437 verum
1563 4380 1878 4436 daemonum
1911 4381 2145 4449 idolum,

554 4476 792 4532 inscitiae
842 4474 1200 4543 mancipium,
1235 4472 1405 4527 homo
1442 4472 1637 4526 umbra
1690 4470 1991 4542 elinguior,
2019 4488 2145 4527 cum

2225 579 2456 642 Λέοντος
2478 576 2846 648 ἐπωνομάσθη
2869 589 2885 606 ⁸
2925 576 3022 629 καὶ
3042 575 3093 627 οἱ
3118 574 3207 627 ἀεὶ
3238 576 3419 627 ἐκεῖσε
3443 570 3828 641 διαϐιϐαζόμει

2223 689 2311 724 vos
2347 670 2457 723 τῶν
2478 670 2807 739 Βουλγάρων
2829 668 2931 739 τὴν
2960 665 3207 737 κεφαλὴν
3237 662 3575 726 ἐπισείοντες
3628 662 3800 715 δακτυ
3824 692 3831 699 ο

2226 762 2580 826 λοδεικτοῦσι,
2612 761 2709 815 καὶ
2738 759 2908 832 λήθην
2943 756 3294 829 λαμϐάνουσι
3324 753 3437 808 τῶν
3470 754 3595 808 τότε
3645 752 3835 807 κακῶν

2227 854 2507 925 οὐδαμῶς.

2303 1043 2387 1098 ιδ’.
2419 1043 2595 1098 Τοῦτο
2622 1043 2757 1113 γοῦν
2798 1043 3140 1116 θρασύτερόν
3168 1061 3285 1107 πως
3312 1042 3480 1097 αὐτὸν
3501 1041 3596 1096 καί
3632 1040 3837 1112 ἰταμώ-

2227 1155 2389 1210 τερον
2412 1138 2774 1208 ἐνειργάσατο
2797 1138 2859 1192 το
2904 1136 3251 1209 προτέρημα,
3313 1137 3410 1191 κοιλ⁵
3441 1139 3521 1200 εἰς
3550 1136 3652 1208 τὴν
3700 1136 3831 1189 σύνει

2227 1248 2428 1301 τροφον
2461 1231 2726 1303 ὠμότητα
2755 1231 3122 1303 ὲναπέρῤαξε.
3160 1230 3380 1302 Μικροῦ
3414 1230 3528 1301 γὰρ
3562 1228 3658 1284 καὶ
3710 1228 3837 1300 μεί-

2231 1322 2387 1388 ζονος
2440 1325 2541 1378 οὐκ
2590 1320 2660 1396 ἦν
2714 1324 2863 1396 αὐτῷ
2906 1325 3144 1396 διαφορὰ
3205 1325 3642 1395 ἁμαρτήματος,
3695 1322 3837 1396 ἀλλὰ

2230 1418 2372 1471 κατά
2422 1374 2643 1472 πάντων
2669 1420 2755 1487 ἐφ’
2779 1374 2931 1486 ᾧτινι
2962 1374 3571 1488 καταλαμϐῗανδμίῦων-
3588 1374 3838 1485 ’μία-

2231 1529 2351 1581 φος,
2364 1512 2425 1565 τὸ
2440 1511 2829 1582 ἀκρωτηριάζε
2838 1512 2961 1565 σθαι
2975 1510 3085 1564 τῶν
3103 1510 3423 1578 ἀναγκαίων
3447 1509 3607 1579 μέλος
3624 1511 3838 1562 ὁποιον-

2231 1610 2327 1663 οῦν
2374 1609 2470 1661 καὶ
2511 1607 2733 1661 πάντων
2783 1607 2871 1660 ἐπ’
2908 1605 3066 1675 ὄψεσι
3118 1604 3366 1659 τίθεσθαι
3413 1603 3733 1673 ἐκκρεμὲς..
3767 1602 3835 1653 Ἀ

2233 1702 2331 1755 καὶ
2364 1702 2500 1754 πᾶσι
2546 1699 2932 1769 πεποιηκότων
2961 1698 3008 1730 ³⁸
3051 1699 3168 1760 τοῖς
3200 1693 3513 1767 ἀνθρώποις
3560 1694 3837 1749 ἐνέτικτον

2240 1798 2397 1864 μῖσος
2432 1794 2498 1864 δὴ
2566 1793 2759 1846 τούτου
2823 1792 2920 1845 καὶ
2971 1790 3154 1860 δεινὴν
3214 1788 3551 1859 ἀπέχθειαν·
3615 1781 3697 1850 οἷς
3727 1786 3839 1856 γὰρ

2241 1890 2486 1958 ἄκρατον
2517 1887 2619 1957 τὴν
2669 1883 2939 1956 ἐγχώριον
2989 1884 3290 1955 θηριωδίαν
3319 1884 3650 1953 ὲνήσκησεν,
3710 1880 3842 1934 ἀλλ’

2242 1982 2303 2035 οὐ
2337 1979 2755 2049 κεκολασμένην
2783 1977 2905 2031 τινὰ
2962 1982 3059 2030 καὶ
3104 1976 3241 2047 πρὸς
3270 1974 3332 2028 τὸ
3362 1975 3667 2046 πραότερον
3700 1976 3840 2028 ἁπο-

2242 2071 2527 2135 νεύουσαν,
2559 2070 2660 2140 τὴν
2693 2067 2983 2137 συγγενίδα
3004 2066 3166 2135 φύσιν
3197 2062 3542 2137 ἐκφαυλίζων
3565 2064 3841 2136 ἀνηλεῶς,

2247 2163 2437 2236 μισθὸν
2470 2163 2531 2217 τὸ
2560 2161 2739 2233 ἔχθος,
2770 2161 2887 2216 ἀλλ’
2921 2160 2984 2214 οὐ
3013 2160 3112 2231 τὴν
3139 2159 3325 2230 φιλίαν
3358 2159 3699 2231 ἠμπόλησεν.

2321 2350 2402 2406 ιε’.
2438 2347 2605 2403 Ταῦτ’
2633 2342 2727 2402 οὖν
2758 2348 3049 2418 ἔπραττεν,
3082 2345 3181 2399 καὶ
3231 2343 3374 2398 κατά
3423 2342 3548 2396 νοῦν
3571 2341 3842 2412 λαμϐάνει

2245 2446 2337 2499 τὸν
2373 2445 2466 2498 ἐπὶ
2498 2442 2576 2514 τῷ
2619 2442 2933 2512 ιιιιλομηλίῳ
2984 2438 3308 2509 μονάζοντα,
3374 2439 3469 2491 καὶ
3516 2435 3844 2506 ἀμείϐεσθαί

2246 2540 2296 2593 οἰ
2321 2540 2471 2592 δοκεῖ
2505 2539 2606 2607 τῆς
2640 2538 3003 2608 προρρήσεως
3029 2533 3113 2606 [Ρ.
3138 2528 3229 2604 l7]
3263 2531 3668 2603 εύχαριστήριά
3721 2546 3845 2582 τινα

2249 2630 2595 2701 προπέμπων
2621 2630 2666 2661 ⁸³
2694 2629 2865 2698 αὐτῷ,
2916 2628 3017 2687 τὰς
3074 2625 3168 2679 τοῦ
3208 2626 3446 2697 κράτους
3482 2626 3635 2687 νίκας
3683 2621 3849 2691 δῆθεν

2248 2723 2439 2777 αἰτῶν.
2489 2721 2631 2774 Ἀλλ’
2665 2723 2873 2784 ἐκεῖνος
2906 2720 3004 2790 μὲν
3046 2719 3147 2789 ἥδη
3179 2718 3397 2787 φθάσας
3449 2717 3507 2783 ἐξ
3538 2714 3848 2785 ἀνθρώπων

2250 2819 2489 2885 ἐγένετο,
2522 2815 2762 2886 πονηρὸς
2794 2814 2852 2867 δέ
2906 2830 2992 2877 τις
3044 2813 3255 2882 δαίμων
3288 2811 3386 2864 καὶ
3438 2809 3709 2879 βάσκανος
3737 2808 3755 2879 (
3784 2809 3845 2861 ού

2248 2911 2374 2983 γὰρ’
2388 2909 2677 2981 ἄνθρωπον
2706 2907 2898 2961 τοῦτον
2925 2906 3225 2974 καλέσαιμι
3254 2902 3345 2955 τὸν
3372 2902 3553 2953 πάντα
3580 2900 3848 2971 συγχέαν-

2250 3019 2317 3055 τα
2357 3001 2449 3056 καὶ
2494 2999 2810 3072 ταράξαντα
2868 2998 2963 3050 καὶ
3006 2997 3149 3049 κατά
3182 2993 3275 3047 τδν
3310 2992 3543 3045 παλαιὸν
3601 2992 3728 3061 ὅφιν
3756 2991 3850 3045 τὸν

2255 3094 2332 3147 ἰὸν
2376 3095 2489 3156 τοῖς
2515 3092 2610 3145 τοῦ
2642 3087 2996 3157 ταλαιπώρου
3033 3084 3262 3147 Λέοντος
3288 3081 3426 3137 ὠσὶν
3472 3082 3743 3151 ἐγχέαντα
3778 3081 3848 3146 ³⁵,

2254 3187 2615 3239 ἀνεπίστατον
2652 3180 2993 3253 κεκτημένου
3036 3178 3158 3231 ὅλον
3191 3176 3282 3230 τὸν
3316 3173 3463 3245 νοῦν)
3498 3172 3577 3244 τῷ
3622 3172 3718 3226 τοῦ
3755 3175 3852 3240 γέ-

2255 3294 2439 3352 ροντος
2470 3276 2700 3346 οἰκίσκῳ
2731 3276 2789 3328 ὲν
2817 3270 3106 3333 εὐλαϐείας
3139 3268 3495 3340 προσχήματι
3549 3264 3849 3334 ὲγκατέλαυ

2250 3374 2364 3425 ϐεν.
2392 3370 2697 3441 Συμϐἀτιος
2732 3358 2887 3429 οὗτος
2927 3364 3167 3428 ἐλέγετο.
3214 3362 3274 3423 ὃς
3330 3362 3420 3413 τὸν
3458 3359 3503 3392 ³⁸
3565 3358 3851 3430 βασιλικὸν

2250 3464 2485 3532 ἄγγελον
2540 3458 2713 3514 πολλὰ
2746 3453 3197 3529 προσονειδίζων,
3246 3452 3343 3505 καὶ
3387 3451 3650 3523 δύσφημα
3704 3453 3851 3504 κατὰ

2249 3557 2345 3611 τοῦ
2386 3554 2654 3627 βασιλέως
2689 3553 2769 3614 εἰς
2834 3550 3151 3616 πρόσωπον,
3199 3546 3314 3599 ἀλλ’
3347 3546 3444 3614 οὐχ
3496 3544 3601 3597 ὑπὸ
3649 3544 3849 3598 κόλπον

2251 3649 2448 3712 λαλῶν,
2481 3642 2518 3717 ἦ
2547 3645 2654 3717 μὴν
2693 3642 3006 3712 ὲξελιπάρει
3053 3640 3222 3710 μηδὲν
3270 3636 3850 3706 καθυποστελλὸμενον

2254 3743 2513 3806 ἐξειπεῖν,
2546 3739 2621 3801 ὡς
2655 3738 2769 3791 Οὐκ
2808 3736 2961 3788 ἔσται
3009 3751 3091 3787 σοι
3127 3732 3189 3785 τὸ
3228 3731 3538 3802 βασιλεύειν
3580 3730 3673 3782 ἐπὶ
3711 3728 3848 3781 πολὺ

2252 3834 2494 3895 εἰδώλοις
2528 3828 2611 3901 (ὣ
2644 3830 2741 3899 τῆς
2771 3827 3083 3898 καταράτου
3118 3825 3374 3894 γλώσσης
3398 3824 3656 3893 ὲκείνηςί)
3682 3838 3851 3888 προσ-

2252 3928 2502 3997 ανέχοντι
2533 3924 2628 3978 καὶ
2654 3922 2930 3994 τολμῶντι
2952 3923 3067 3984 τοῖς
3096 3920 3204 3973 ὑπὸ
3230 3918 3331 3987 τῆς
3353 3917 3591 3989 παρδοῦς
3608 3916 3701 3968 καὶ
3722 3915 3847 3969 θυά·

2249 4022 2337 4085 δος
2367 4021 2464 4074 καὶ
2494 4016 2755 4089 ταραξίου
2778 4014 3233 4085 σεϐομένοις,τὴν
3248 4012 3652 4083 βασιλεύσασαν
3682 4009 3853 4079 Εἰρή-
3922 4028 3923 4031 η

2248 4133 2349 4186 νην
2386 4113 2483 4166 καὶ
2511 4111 2603 4165 τὸν
2637 4113 2696 4165 ὲν
2743 4110 2924 4178 ἁγίοις
2951 4108 3227 4179 Ταράσιον
3259 4107 3445 4174 ἀφὲτῳ
3472 4104 3691 4171 γλώττῃ
3724 4104 3854 4166 περὶ

2250 4210 2361 4262 τῶν
2382 4206 2548 4261 θείων
2594 4203 2825 4257 εἰκόνων
2854 4200 3030 4263 οὕτως
3056 4196 3374 4253 ἀποκαλῶν.
3412 4192 3472 4247 '0
3492 4193 3548 4244 δὲ
3583 4192 3755 4254 Λέων,
3794 4193 3855 4243 τὸ

2250 4304 2418 4367 ὅντως
2433 4300 2705 4371 δαιμόνων
2722 4297 2964 4357 είδωλον,
2982 4293 3041 4345 τὸ
3057 4292 3157 4358 τῆς
3170 4286 3412 4357 ἀμαθίας
3427 4283 3780 4354 ἀνδράποδον,
3794 4284 3855 4337 τὸ

2248 4399 2348 4466 τῆς
2367 4395 2528 4456 σκιᾶς
2549 4389 2915 4461 ἀφονώτερον,
2939 4384 3058 4437 δέον
3086 4379 3293 4433 τούτων
3330 4375 3795 4446 κατολιγωρῆσαι,
3819 4374 3853 4445 ἢ

2252 4493 2300 4542 εἰ
2316 4490 2361 4521 ³⁸
2385 4488 2460 4558 μὴ
2476 4485 2653 4551 τοῦτο,
2675 4475 3050 4549 ὲκπομπεύειν
3071 4471 3205 4541 γοῦν
3222 4472 3317 4523 καὶ
3341 4468 3652 4540 θεατρίζειν
3679 4467 3856 4520 ταῦτα

555 4570 675 4624 haec
704 4583 968 4639 spernere
999 4566 1307 4632 debuisset,
1371 4566 1458 4621 sin
1509 4574 1718 4633 autem,
1756 4567 1825 4621 ad
1873 4581 2004 4621 eum
2053 4568 2139 4637 qui

2258 4582 2337 4653 τῷ
2358 4581 2459 4645 τὰς
2510 4580 2613 4648 τῆς
2656 4569 2988 4640 Ἐκκλησίας
3023 4566 3181 4638 ἡνίας
3216 4564 3473 4629 ἰθύνοντι,
3505 4564 3604 4617 κοιλ.
3638 4562 3856 4617 σύνοδον

554 4662 819 4718 Ecclesia:
870 4660 1089 4717 clavum
1146 4660 1371 4729 regebat
1402 4657 1610 4715 referre
1651 4660 1816 4728 eique
1847 4674 2146 4729 exponere,

552 4770 769 4811 necnon
795 4755 1066 4826 synodum
1100 4752 1171 4809 de
1208 4753 1376 4809 rebus
1408 4752 1626 4823 magnis
1657 4752 1951 4822 magniﬁce
1983 4767 2149 4808 scru-

554 4850 723 4905 tando
753 4863 968 4919 cogere,
1010 4862 1123 4901 non
1179 4845 1501 4900 hominibus
1530 4845 1626 4915 qui
1672 4844 1810 4899 nihil
1838 4843 1957 4900 sani
1986 4859 2149 4914 Sape-

551 4954 696 5010 rcnt,
724 4942 929 5011 quique
958 4953 1070 4993 non
1100 4936 1223 5007 ejus
1251 4935 1584 5000 commodis,
1620 4935 1718 4991 sed
1743 4936 1861 4992 suis
1898 4934 2148 5004 ipsorum

552 5035 725 5091 lucris
768 5032 1056 5089 studerent
1084 5045 1326 5100 suasque
1359 5044 1487 5085 cum
1517 5028 1714 5099 primis
1740 5044 1827 5084 res
1862 5037 2149 5094 curarent,

553 5128 716 5200 (proh
756 5128 1061 5184 amicitiam
1114 5127 1241 5183 dolo
1279 5126 1643 5196 compositam
1674 5124 1713 5196 l)
1748 5126 1931 5182 amico
1961 5126 2151 5182 Cassi-

553 5228 682 5276 terze
706 5222 1101 5285 communicat,
1140 5218 1422 5290 refertque
1455 5234 1580 5290 qua:
1623 5236 1691 5276 ex
1737 5221 1936 5275 nuntio
1978 5221 2150 5276 verba

552 5324 860 5383 acceperat.
912 5314 1087 5371 Porro
1120 5315 1212 5370 ille
1244 5314 1451 5369 malum
1496 5314 1644 5369 malo
1676 5312 2035 5383 furoremque
2064 5312 2151 5366 fu-

555 5420 683 5461 rore
722 5422 832 5461 non
862 5407 1096 5473 leniens,
1143 5407 1240 5463 sed
1285 5406 1559 5472 excitans,
1599 5408 1777 5460 virum
1826 5406 2019 5471 alium,
2055 5405 2149 5475 qui

555 5499 805 5568 ejusdem
851 5514 979 5569 erga
1013 5515 1205 5556 sacras
1236 5499 1508 5570 imagines
1557 5498 1848 5557 sententiae
1899 5508 2048 5554 esset
2082 5513 2148 5553 ac

553 5595 612 5649 in
635 5591 908 5648 Mauriani
946 5593 1164 5663 porticu
1202 5593 1498 5658 habitaret,
1530 5592 1581 5648 ei
1613 5591 1846 5657 indicat,
1876 5592 2148 5646 immensa

2254 4674 2643 4747 συγκροτῆσαι
2679 4664 2809 4736 περὶ
2863 4661 3117 4733 μεγάλων
3162 4660 3415 4731 μεγάλως
3454 4655 3762 4728 ἀνερευνῶν
3790 4656 3855 4718 ³⁷,

2252 4767 2369 4826 ἀλλ’
2400 4768 2502 4820 οὐκ
2556 4758 2784 4828 ἀνδράσι
2849 4754 3019 4825 μηδὲν
3049 4754 3202 4822 ὑγιὲς
3256 4749 3539 4823 φρονοῦσι,
3597 4748 3732 4820 μηδὲ
3789 4747 3858 4802 τὰ

2242 4858 2448 4916 ἑαυτοῦ
2482 4852 2608 4925 (φεῦ
2653 4851 2748 4920 τῆς
2780 4849 2919 4920 μετὰ
2956 4849 3111 4902 δόλου
3131 4845 3388 4915 φιλίαςι),
3425 4841 3563 4896 ἀλλὰ
3578 4842 3647 4895 τά
3680 4841 3859 4895 οίκεϊα

2253 4946 2737 5025 προμηθουμένων
2771 4944 2869 4998 καὶ
2915 4939 3435 5014 προδιοικουμένων,
3471 4934 3550 5007 τῷ
3594 4935 3856 5005 φιλουμέ-

2257 5065 2335 5118 νῳ
2378 5039 2763 5099 ἀνακοινοῦται
2829 5033 3294 5105 Κασσιτερᾷ,καὶ
3341 5029 3411 5084 τὰ
3463 5027 3857 5097 ἀπεσταλμένα

2257 5142 2382 5209 ἄγει
2412 5136 2589 5206 τούτῳ
2617 5136 2697 5196 εἰς
2730 5133 2867 5201 φῶς.
2912 5131 2972 5182 Ὀ
3000 5128 3058 5180 δὲ
3107 5126 3267 5197 κακῷ
3293 5124 3355 5179 τὸ
3389 5125 3562 5179 κακὸν
3588 5124 3683 5175 καὶ
3729 5121 3859 5173 λύσ-

2260 5249 2329 5304 σῃ
2366 5230 2573 5283 λύσσαν
2623 5227 2687 5280 οὑ
2739 5224 3085 5293 θεραπεύων,
3120 5218 3235 5273 ἀλλ’
3292 5217 3621 5287 ἐπεγείρων,
3666 5215 3857 5283 ἕτερόν

2257 5344 2382 5380 τινα
2416 5326 2484 5395 τῇ
2508 5322 2673 5393 ὁμοίᾳ
2698 5319 2827 5390 δόξῃ
2877 5315 3008 5387 περί
3040 5316 3152 5369 τῶν
3179 5312 3340 5365 θείων
3381 5311 3609 5364 εἰκόνων
3642 5310 3861 5377 ἐνισχη-

2265 5420 2425 5491 μένον
2466 5414 2609 5468 κατά
2647 5411 2741 5465 τοῦ
2776 5409 2821 5443 ³⁸
2851 5405 3173 5480 Μαυριανοῦ
3210 5404 3440 5476 ἔμϐολον
3490 5400 3859 5472 ὲνσκηνοῦντα

2257 5506 2647 5577 ὀναγνωρίζει,
2708 5500 2995 5569 ἀπέραντά
3052 5514 3177 5552 τινα
3223 5495 3320 5549 καὶ
3372 5494 3623 5565 μετέωρα
3663 5493 3861 5562 λεσχη-

2260 5599 2429 5652 νεύων
2471 5595 2568 5648 καὶ
2610 5590 2992 5663 ὑπεράγγελον
3023 5589 3216 5642 τοῦτον
3267 5583 3409 5641 εἶναι
3439 5585 3859 5654 διαϐεϐαιούμε-

1867 5707 2108 5763 VARl/E
2154 5686 2561 5765 LECTIONES.

644 5803 689 5835 "
720 5803 759 5858 Γ.
792 5804 1157 5873 πεποιημένα.
1218 5818 1409 5873 margo
1435 5804 1685 5861 Cmnhef.

555 5873 599 5908 ⁵⁷
630 5875 1013 5948 ἀνερευνῶσαν
1039 5875 1061 5929 ?
1091 5889 1159 5929 an
1185 5875 1567 5946 ἀνερευνῶνται
1592 5879 1616 5930 τ
1691 5877 1738 5910 ³⁸
1773 5873 2020 5941 τοῦ]τὸῖ

1790 5804 2068 5878 ³³]ξρο-σπέ
2078 5826 2237 5878 μπων
2259 5809 2301 5862 ?.

2404 5808 2448 5839 "
2486 5806 2753 5877 ἐκχέαντα
2790 5803 2849 5857 Ρ.
2962 5802 3008 5835 ³⁸
3063 5799 3179 5875 τὸν]
3234 5802 3328 5855 καὶ
3363 5798 3428 5853 Ρ.
3506 5798 3551 5831 ³⁸
3591 5795 3857 5853 εἰοηιοΡ.
