4200 6416
517 396 589 458 ιλ
1622 380 2134 444 THEOPHANES
2171 375 2735 443 CONTINUATUS.
3726 376 3796 440 44

518 519 753 581 punctus
785 519 848 559 ac
878 500 1161 558 doloribus
1195 510 1420 554 manum
1486 494 1759 561 confixus,
1816 494 2072 549 existima

2222 493 2474 565 τρότερον
2501 508 2514 522 ’
2545 492 2669 581 τότε
2717 489 2899 581 γοῦνά
2956 490 3302 563 πατριάρχης
3336 488 3650 563 ὑπερόριος.
3691 492 3793 554 τὴν

517 594 626 656 hat.
656 592 856 653 Verum
888 597 1003 649 haec
1034 590 1257 663 quidem
1296 599 1479 645 antea.
1513 589 1669 642 Tunc
1694 603 1826 642 vero
1860 587 2099 656 patriar-

516 695 639 759 cha,
668 692 787 761 ejus
815 700 991 760 poenas
1013 694 1239 756 accepta
1275 678 1570 747 sententia,
1598 682 1652 736 in
1688 680 1944 736 exsilium
1974 695 2101 748 pro-

518 786 887 846 ficiscebatur,
941 776 1162 851 quando
1212 778 1377 833 etiam
1436 774 1660 840 ferunt,
1716 787 1839 828 cum
1890 770 2107 840 navigio

519 878 706 952 procul
734 874 1122 939 abduceretur,
1160 887 1191 925 c
1220 869 1502 924 maritimo
1536 866 1778 937 quodam
1820 863 1942 918 loco
1966 860 2113 916 emi-‘

518 989 624 1029 nus
657 966 879 1026 beatum
920 964 1316 1037 Theophanem
1344 962 1569 1025 vidisse,
1598 958 1779 1015 Sufﬁtu
1817 956 2108 1025 cereisque

519 1081 580 1122 se
604 1070 1030 1136 prosequentem
1068 1072 1131 1112 ac
1162 1056 1314 1110 vellit
1358 1052 1625 1122 triumphi
1659 1049 1896 1120 quadam
1928 1047 2110 1117 specie

520 1134 787 1226 praeclara
849 1150 941 1205 illa
980 1144 1332 1204 confessione
1365 1140 1749 1198 deducentem.
1793 1140 1964 1210 Cujus
1995 1134 2107 1205 ille,

522 1257 583 1304 ut
627 1250 727 1317 par
762 1250 866 1310 εει,
900 1238 1136 1297 oﬂicium
1175 1236 1497 1305 cultumque
1538 1233 1729 1289 libenti
1764 1233 1948 1287 animo
1980 1238 2107 1285 sus-

518 1342 753 1411 cipiens,
784 1346 947 1407 atque
996 1330 1252 1405 precibus
1284 1324 1395 1385 Deo
1420 1328 1816 1385 commendans
1837 1367 1850 1392 ,
1881 1321 2113 1389 sublatis

516 1434 576 1487 in
617 1433 784 1486 altum
822 1427 1077 1481 inanimis
1116 1420 1268 1479 velut
1304 1420 1754 1490 amplexabatur,
1788 1426 2112 1487 supremum

520 1518 713 1594 procul
742 1523 991 1575 osculum
1026 1514 1221 1587 lignus.
1255 1509 1607 1569 Pcrcontauti
1634 1526 1764 1567 vero
1791 1509 2016 1581 qnidam
2046 1522 2113 1563 ex

522 1619 590 1675 iis
617 1615 707 1688 qui
735 1626 921 1671 secum
963 1609 1391 1673 comitabantur,
1425 1607 1646 1662 cuinam
1700 1605 1783 1659 sic
1833 1614 1899 1658 ex
1929 1601 2116 1657 animo

522 1707 911 1776 desiderioque
965 1706 1285 1773 supremum
1342 1698 1595 1755 osculum
1650 1697 1829 1761 daret,
1876 1693 2114 1776 prophe-

518 1801 634 1857 tica
658 1796 766 1871 3o
788 1773 975 1867 lingua
1005 1792 1380 1865 respondisse,
1425 1788 1749 1860 Theophani
1782 1773 2110 1847 confessori,

527 1891 849 1952 monasterii
881 1888 1012 1962 Agri
1046 1887 1368 1959 praeposito;
1402 1885 1549 1956 quod
1579 1892 1634 1939 et
1677 1883 1753 1937 ita
1787 1882 1938 1936 brevi
1968 1879 2113 1934 acci-

520 1988 630 2054 dit,
669 2000 795 2042 cum
828 1992 956 2039 eum
991 1981 1253 2050 deinceps
1290 1986 1578 2048 nunquam
1611 1973 1929 2046 patriarcha
1965 1970 2115 2026 vide-

526 2083 622 2149 rit,
657 2078 815 2151 isque
841 2082 1106 2132 coronam
1134 2068 1515 2128 centessionis
1543 2069 1775 2138 adeptus
1809 2064 1902 2121 sit.
1935 2063 2114 2134 Atque

522 2174 798 2230 hactenus
830 2179 893 2225 ea
922 2174 1045 2239 quae
1080 2168 1211 2222 sunt
1243 2163 1415 2221 divini
1465 2159 1755 2217 antistitis.

601 2265 691 2321 l9.
734 2263 845 2319 Leo
877 2269 1061 2316 autem
1110 2254 1217 2313 hoc
1246 2257 1394 2312 velut
1414 2255 1605 2310 fausto
1642 2254 1807 2324 regiae
1846 2252 2119 2323 guberna-

526 2358 696 2417 tionis
716 2353 985 2427 principio
1016 2350 1219 2424 posito,
1253 2344 1400 2420 quod
1438 2344 1699 2403 Ecclesiae
1741 2358 1832 2401 res
1872 2359 1938 2400 eo
1972 2352 2118 2398 statu

528 2456 939 2521 composuerat,
1000 2460 1064 2501 ac
1119 2444 1162 2500 si
1213 2444 1340 2512 quis
1381 2442 1525 2497 alius
1577 2438 1900 2495 ambitionis
1938 2436 2119 2491 studio

531 2540 813 2605 laborans,
876 2536 953 2592 rei
1003 2529 1237 2606 publica:
1268 2540 1467 2587 curam
1529 2531 1879 2601 aggreditur,
1918 2522 2121 2596 ubique

531 2645 822 2701 vesparum
855 2642 1007 2683 more
1044 2638 1233 2682 secum
1276 2620 1463 2679 ferens
1508 2622 1821 2684 stimulum,
1856 2628 1970 2673 tum
2006 2619 2122 2689 ipse

536 2724 802 2779 militares
836 2732 1100 2776 exercens
1145 2728 1428 2777 numeros,
1482 2725 1596 2770 tum
1630 2713 1820 2768 multis
1857 2704 1991 2769 locis
2026 2726 2123 2778 per

535 2816 829 2874 Thraciam
876 2824 939 2869 ac
973 2808 1352 2867 Macedoniam
1398 2808 1547 2865 curis
1582 2806 1698 2861 suis
1738 2815 1905 2875 atque
1937 2798 2123 2858 labore

534 2910 699 2963 urbes
751 2922 784 2962 a
837 2904 1210 2961 fundamentis
1242 2903 1514 2966 excitans,
1554 2912 1719 2968 atque
1751 2906 1971 2951 omnem
2024 2890 2125 2949 Ro.

534 3006 762 3057 manum
800 3000 988 3055 orbem
1018 3008 1357 3065 cunctasque
1384 2993 1719 3064 provincias
1761 2990 2028 3054 lustrans,
2066 2998 2126 3042 ut

533 3102 591 3149 et
631 3092 767 3165 ipsis
792 3091 1044 3146 hostibus
1093 3088 1292 3143 terrori
1332 3096 1477 3141 esset
1518 3101 1585 3140 ac
1613 3082 1917 3139 formidini.
1961 3080 2124 3134 [line-

2206 580 2811 653 καταχειροτονήσασαν
2856 578 3036 653 ψῆφον
3086 581 3418 653 δεξάμενος,
3475 581 3791 653 ἐπορεύετο,

2205 677 2294 729 ὅτε
2319 676 2381 747 δὴ
2417 678 2511 730 καὶ
2547 677 2763 745 λέγεται
2796 678 2881 745 ἐφ’
2911 674 3136 741 ὁλκάδος
3182 674 3331 746 αύτῷ
3358 675 3647 747 φερομένῳ
3689 693 3795 746 μα·

2207 769 2346 840 πρὶν
2398 769 2540 825 κατά
2588 782 2711 824 τινα
2766 766 2930 823 τύπον
2994 764 3434 841 παραθαλάττιον
3509 768 3795 839 πόρρωθεν

2213 862 2339 917 ἰδεῖν
2378 860 2659 935 Θεοφάνην
2690 858 2782 918 τὸν
2822 862 3138 933 μακαρίτην
3174 904 3187 927 ,
3225 859 3540 932 θυμιάμασί
3589 876 3649 913 τε
3697 861 3797 913 καὶ

2210 957 2459 1027 λαμπάσι
2492 954 2859 1026 δεξιούμενον,
2895 949 3009 1008 οἶόν
3048 972 3170 1007 τινα
3220 953 3559 1025 προπομπὴν
3597 954 3663 1022 τῇ
3692 969 3796 1005 κα-

2210 1047 2274 1121 λῇ
2335 1048 2519 1119 ἐκείνῃ
2580 1046 2842 1118 ὁμολογία
2897 1045 3313 1117 προπέμποντα.
3349 1044 3471 1111 Ὃν,
3511 1042 3587 1106 ὡς
3625 1041 3794 1121 εἰκὸς,

2211 1115 2753 1215 ἀποδοχῆς-ἀξιῶσας
2794 1144 2882 1197 καὶ
2920 1115 3040 1211 Θεῷ
3071 1140 3349 1212 παραδοὺς
3374 1138 3442 1192 δι’
3471 1138 3659 1207 εὐχῆς,
3693 1115 3797 1198 τὰς

2212 1232 2402 1309 χεῖρας
2453 1231 2565 1289 οἷον
2614 1229 2751 1307 ἄρας
2807 1231 3117 1304 μεταρσίως
3175 1228 3535 1303 περιεϐάλετο
3580 1226 3796 1292 τοῦτον,

2212 1332 2299 1403 1P.
2335 1329 2423 1399 l9]
2440 1328 2726 1402 πόρρωθεν
2752 1325 2844 1381 τὸν
2867 1326 3179 1380 τελευταῖον
3213 1322 3449 1385 ἀποδοὺς
3477 1318 3797 1389 ἀσπασμόν.

2226 1422 2521 1493 Ἐρομένου
2575 1420 2634 1474 δέ
2667 1437 2812 1484 τινος
2835 1418 2942 1473 τῶν
2978 1415 3384 1487 συνεπομένων,
3420 1413 3495 1475 ὡς
3517 1411 3584 1481 δὴ
3619 1429 3638 1462 ι
3673 1409 3776 1462 Τίν

2214 1515 2403 1569 τοῦτον
2446 1514 2714 1577 ἀποδίδως
2751 1511 2960 1575 εὐκτῶς
2998 1527 3060 1565 τε
3092 1508 3190 1565 καὶ
3220 1505 3464 1577 ὲφετῶςς
3493 1536 3551 1545 -
3576 1500 3668 1572 Τῷ
3696 1500 3801 1571 ὀμ*

2215 1608 2447 1681 ολογητῇ
2470 1626 2489 1659 ι
2527 1607 2694 1678 φάναι
2760 1618 2779 1657 t
2805 1602 3070 1676 Θεοφάνει
3099 1621 3118 1655 ι
3180 1598 3474 1673 προφήτιδι
3544 1593 3761 1665 γλώττῃ
3785 1634 3801 1657 ,

2222 1716 2240 1754 t
2277 1704 2411 1772 μονῇ
2444 1699 2749 1771 προεστῶτι
2774 1696 2868 1751 τοῦ
2915 1692 3136 1766 Ἀγροῦ.
3170 1712 3190 1747 ι
3226 1694 3293 1750 Ὃ
3323 1690 3419 1745 καὶ
3452 1685 3654 1756 συνέϐη
3681 1682 3801 1755 μετ’

2218 1795 2277 1847 οὐ
2311 1792 2445 1847 πολύ
2472 1809 2486 1826 ο
2519 1792 2681 1855 αὐτός
2739 1807 2799 1844 τε
2824 1790 2935 1861 γὰρ
2987 1788 3179 1842 τοῦτον
3235 1782 3480 1856 ἑώρακεν
3526 1776 3800 1849 οὐδαμῶς,

2216 1889 2467 1951 κάκεῖνος
2490 1886 2582 1940 τὸν
2610 1886 2710 1952 τῆς
2732 1882 3024 1956 ὁμολογίας
3050 1880 3314 1950 στέφανον
3339 1876 3661 1947 ἀνεδήσατο.
3694 1869 3807 1925 Καὶ

2214 1980 2285 2034 τὰ
2341 1980 2439 2051 μὲν
2469 1978 2564 2033 τοῦ
2619 1976 2923 2049 ἀρχιερέως
2963 1974 3159 2038 οὕτωςδ

2292 2254 2380 2310 ιδ’.
2416 2252 2591 2316 Λύτδς
2622 2251 2678 2305 δὲ
2705 2246 2819 2304 οἷόν
2840 2264 2960 2303 τινα
2988 2246 3087 2317 τῆς
3118 2244 3287 2301 αὑτοῦ
3311 2240 3594 2314 βασιλείας
3632 2239 3809 2312 ἀρχὴν

2222 2350 2433 2414 ἐπιθεὶς
2452 2349 2499 2381 ’⁸ο
2527 2347 2708 2413 δεξιάν
2732 2347 2794 2400 τὸ
2821 2346 2892 2398 τὰ
2922 2346 3021 2414 τῆς
3055 2338 3380 2408 Ἐκκλησίας
3423 2334 3623 2390 οὑτωσὶ
3678 2334 3809 2387 διοι-

2222 2444 2545 2513 κονομῆσαι,
2582 2440 2677 2494 καὶ
2706 2439 2804 2510 τὴν
2838 2435 3149 2507 φιλοτιμίαν
3178 2432 3337 2501 εἴπερ
3371 2448 3453 2492 τις
3482 2428 3674 2491 νοσῶν,
3697 2426 3809 2479 τῶν

2223 2535 2420 2589 κοινῶν
2484 2530 2831 2604 πραγμάτων
2898 2524 3376 2595 ἀντελαμϐάνετο,
3419 2516 3694 2587 πανταχοῦ
3749 2514 3811 2568 τὸ

2225 2629 2451 2699 κέντρον
2485 2624 2626 2679 κατὰ
2677 2624 2805 2685 τοὺς
2847 2619 3063 2690 σφῆκας
3092 2618 3275 2686 φέρων
3313 2613 3433 2684 μεθ’
3470 2608 3691 2673 ἑαυτοῦ,
3717 2608 3811 2662 τον

2228 2719 2569 2791 στρατιώτην
2621 2734 2678 2769 τε
2709 2715 2865 2785 ὄχλον
2913 2710 3211 2781 γυμνάζων
3245 2706 3432 2772 αὐτὸς,
3483 2702 3575 2757 καὶ
3626 2702 3812 2762 πόλεις

2226 2788 2497 2882 πολλαχοῦ
2538 2808 2647 2861 τῶν
2677 2807 2821 2861 κατὰ
2853 2804 3076 2875 Θρᾴκην
3100 2803 3192 2855 καὶ
3213 2795 3550 2853 Μακεδονίαν
3582 2788 3649 2846 δι’
3684 2788 3812 2847 ἑαυ-

2225 2905 2320 2960 τοῦ
2381 2906 2446 2957 ἐκ
2487 2902 2703 2972 βάθρων
2760 2897 3079 2966 ἀνετείρων,
3144 2893 3239 2945 καὶ
3310 2886 3810 2958 περιπορευόμενος

2229 2995 2530 3067 πανταχοῦ,
2571 2994 2645 3057 ὡς
2670 2991 2900 3061 φοϐερὸς
2930 2984 3071 3040 εἶναι
3109 2984 3205 3037 καὶ
3230 2978 3682 3049 καταπληκτικὸς
3714 2978 3814 3030 καὶ

2229 3066 2549 3154 αύτοίςγτοῖς
2574 3085 2812 3156 ἐχθροῖς.
2850 3081 3025 3151 ’Υπὲρ
3050 3072 3125 3132 ὧν
3172 3075 3266 3130 καὶ
3310 3072 3401 3127 τον
3450 3072 3604 3140 ἅγιον
3632 3066 3813 3140 Νικη-

535 3201 646 3259 (ille
686 3186 845 3247 adeo.
900 3198 1025 3238 Cum
1076 3197 1107 3236 θ
1157 3182 1297 3235 νὶνίδ
1343 3180 1693 3243 εκεθδδίεεει,
1751 3176 1958 3231 ἀῖκίεεθ
2020 3174 2122 3228 διί·
2151 3196 2195 3253 c
2230 3185 2393 3256 φόρον
2428 3180 2593 3251 φασιν
2627 3179 2801 3233 εἰπεῖν
2824 3191 2956 3229 ποτε
2995 3172 3133 3242 μετά
3162 3171 3259 3241 τὴν
3312 3166 3477 3223 αὑτοῦ
3510 3164 3815 3221 ἀποϐίωσιν

537 3278 763 3351 quando
804 3275 959 3330 aiunt
987 3282 1236 3330 sanctum
1285 3270 1687 3340 Nicephorum,
1722 3270 1823 3324 etsi
1869 3267 2120 3338 impium,

535 3380 824 3427 strenuum
868 3374 1050 3421 tamen
1082 3364 1157 3419 rei
1209 3352 1441 3435 publicae
1474 3364 1624 3417 curis
1670 3360 1948 3415 civitatem
1986 3358 2124 3412 ami-

536 3464 681 3520 sisSe
709 3461 911 3515 \‘il'llm.
967 3452 1379 3530 Magistratibus
1423 3462 1645 3526 quoque
1676 3462 1741 3507 ac
1770 3450 2121 3522 praetoribus,

537 3570 650 3612 non
685 3554 945 3608 civilibus
979 3553 1165 3617 modo,
1219 3552 1314 3605 sed
1351 3554 1403 3605 et
1442 3546 1796 3608 militaribus,
1827 3543 1981 3599 valde
2015 3538 2125 3595 for-

536 3646 842 3702 midolosus
870 3655 1022 3710 erat;
1076 3658 1311 3713 cumque
1364 3643 1481 3711 ipse
1534 3638 1895 3709 pecuniarum
1936 3641 2125 3688 amore

540 3740 795 3811 superior
826 3745 995 3801 esset,
1027 3734 1347 3806 praeferebat
1370 3748 1464 3790 eos
1492 3733 1707 3789 cunctis
1731 3732 1825 3802 qui
1876 3728 2121 3785 omnium

541 3831 782 3887 maxime
831 3846 864 3885 a
924 3830 1251 3884 muneribus
1319 3842 1441 3883 sese
1498 3823 1888 3885 continebant,
1926 3832 2124 3874 unum-

541 3937 821 3996 quemque
848 3936 949 3992 pro
980 3934 1046 3975 eo
1102 3934 1166 3974 ac
1205 3918 1448 3988 optimus
1490 3923 1630 3981 erat,
1680 3930 1788 3968 non
1821 3920 1880 3966 ut
1928 3909 2126 3979 opibus

543 4014 820 4079 amucbat,
852 4017 1151 4068 honoraus.
1204 4010 1369 4078 quui
1428 4024 1491 4065 ac
1542 4007 1679 4079 justi
1733 4004 2124 4061 tenacissimus

540 4108 713 4162 videri
745 4106 948 4172 voluit;
980 4122 1079 4159 nec
1109 4113 1288 4159 tamen
1317 4112 1455 4158 erat.
1483 4100 1757 4156 Caeterum
1788 4098 1895 4168 juri
1934 4097 2126 4150 dicun-

534 4202 613 4256 do
646 4200 812 4254 dabat
844 4214 1089 4268 operam,
1120 4197 1429 4265 sedensque
1464 4196 1577 4263 ipse
1618 4195 1669 4245 in
1722 4192 1983 4245 Larisiaco
2015 4187 2124 4255 ple-

542 4306 740 4362 rasque
764 4290 887 4345 lites
909 4290 1151 4344 liniebat.
1182 4289 1324 4342 Sane
1349 4303 1472 4342 eum
1503 4287 1626 4355 quis
1659 4283 1953 4352 aliquando
1982 4280 2125 4351 apud

530 4399 667 4437 eum
694 4381 798 4452 31
832 4382 1235 4451 expostulasse‘t
1274 4388 1485 4449 raptam
1517 4377 1621 4432 sibi
1672 4386 1921 4440 uxorem,
1957 4384 2122 4443 quam

2223 3274 2295 3340 ὡς
2331 3276 2379 3329 εί
2408 3273 2504 3328 καὶ
2555 3271 2855 3341 ἀλάστορα,
2889 3265 3004 3320 ἀλλ’
3027 3259 3118 3318 οὖν
3168 3257 3513 3331 ἐπιμελητὴν
3540 3256 3651 3309 τῶν
3696 3271 3814 3308 κοιο

2225 3369 2330 3423 νῶν
2360 3369 2394 3437 ἡ
2418 3364 2569 3427 πόλις
2598 3362 2765 3432 ἄνδρα
2790 3358 3093 3413 ἀπώλεσεν.
3119 3356 3227 3407 Καὶ
3262 3353 3389 3424 περὶ
3423 3351 3524 3413 τὰς
3552 3346 3728 3421 ἀρχὰς
3756 3346 3814 3401 δὲ

2226 3463 2318 3517 καὶ
2360 3459 2680 3532 ἡγεμονίας,
2708 3455 2768 3508 ού
2799 3454 2899 3516 τὰς
2931 3450 3216 3518 πολιτικάς
3245 3447 3311 3517 δὴ
3344 3445 3524 3515 μόνον,
3559 3440 3696 3497 ἀλλὰ
3718 3438 3815 3494 καὶ

2226 3557 2323 3619 τὰς
2387 3549 2779 3624 στρατηγικὰς,
2826 3546 3113 3615 διεπτὸητο
3165 3538 3401 3613 ἰσχυρῶς
3437 3552 3452 3566 ο
3514 3534 3813 3607 χρημάτων

2228 3649 2495 3720 κρείττων
2561 3644 2606 3677 δι
2653 3642 2817 3705 αὐτὸς
2889 3639 2968 3693 ὣν
3032 3637 3157 3700 τοὺς
3234 3631 3605 3704 ἀδωροτάτους
3678 3628 3813 3680 πάν-

2226 3758 2334 3793 των
2388 3737 2730 3809 προέκρινεν,
2788 3730 3102 3804 ἀριστίνδην
3165 3726 3375 3788 πάντας
3408 3761 3421 3787 ,
3451 3719 3565 3774 ἀλλ’
3599 3717 3659 3771 οὗ
3712 3731 3812 3768 κα-

2226 3835 2297 3888 τὰ
2352 3805 2583 3884 πλοῦτον
2640 3825 2837 3897 τιμῶν.
2890 3822 3001 3877 Καὶ
3049 3816 3399 3885 δικαιοσύνης
3433 3812 3531 3884 μὲν
3571 3805 3810 3877 ἐραστὴς

2226 3923 2481 3994 λέγεσθαι
2504 3918 2777 3982 ἐϐούλετο,
2801 3915 2902 3968 οὐκ
2928 3912 3141 3982 ἐγίνετο
3170 3910 3227 3963 δέ
3252 3925 3265 3937 ·
3303 3906 3445 3977 πλὴν
3476 3898 3812 3955 ἀντεποιεῖτο

2226 3989 2450 4087 ταύτης,
2488 4015 2582 4069 καὶ
2630 4010 2833 4073 πολλὰς
2862 4007 2972 4061 τῶν
3009 4005 3247 4077 κρίσεων
3280 3999 3347 4053 δι’
3395 3995 3590 4051 ἑαυτοῦ
3622 3989 3815 4060 ἐξεπέ-

2229 4085 2393 4181 ραινε
2438 4108 2581 4160 κατὰ
2622 4105 2682 4157 τὸ
2712 4098 3028 4157 Λαυσιακὸν
3080 4092 3481 4165 ἐγκαθήμενος.
3518 4085 3627 4139 Καί
3684 4096 3816 4134 ποτε

2224 4173 2288 4273 δή
2312 4218 2456 4263 τινος
2482 4198 2744 4267 ἕγκλησιν
2782 4192 2921 4265 πρὸς
2954 4187 3115 4242 αὐτὸν
3158 4173 3693 4273 ποιησαμένου-περὶ
3718 4186 3817 4273 yp-

2224 4264 2413 4356 ναικὸς
2445 4264 2723 4361 ἁρπαγῆς,
2764 4285 2841 4348 ὡς
2890 4282 2991 4351 τὴν
3024 4275 3219 4331 ἑαυτοῦ
3252 4290 3336 4336 τις
3375 4269 3484 4322 τῶν
3531 4264 3815 4335 ἐπιφανῶν

2226 4355 2535 4458 ἀνηρπάκει
2569 4355 2799 4449 ἀνδρῶν,
2834 4376 2926 4429 καὶ
2960 4373 3041 4424 ὅτι
3079 4367 3214 4421 Οὐδὲ
3232 4366 3404 4434 λόγων
3439 4361 3700 4432 ὴξίωμαι,
3736 4355 3815 4427 τῷ

540 4478 799 4530 nimirum
834 4475 1132 4530 illustrium
1163 4473 1384 4542 quidam
1424 4471 1668 4525 virorum
1702 4467 1995 4538 rapuisset,
2023 4478 2118 4519 nec

2229 4487 2462 4555 ὑπάρχῳ
2488 4478 2751 4541 πολλάκις
2808 4471 3119 4543 διενοχλῶν,
3170 4468 3381 4521 ἐκεῖνον
3425 4462 3546 4533 μὲν,
3580 4458 3816 4526 ἐπείπερ

536 4568 833 4640 pr'azfectus
860 4567 1059 4634 saepius
1090 4562 1467 4635 interpellatus
1502 4563 1621 4633 ejus
1657 4562 1821 4616 ullam
1849 4560 2118 4615 rationem

2231 4551 2478 4647 αὐθωρδν
2531 4570 2888 4644 παραστάντα
2932 4563 3107 4626 οὕτως
3146 4561 3290 4631 ἔχειν
3335 4551 3815 4626 ὲπεμαρτύρησεν,

541 4661 847 4725 habuisset,
892 4658 1045 4713 illum
1098 4659 1316 4728 quidem
1368 4656 1552 4712 statim
1607 4656 1727 4712 sisti
1767 4654 1983 4725 juSsum
2032 4668 2128 4706 ne-

541 4754 841 4825 glectaque
878 4754 1032 4817 reum
1085 4751 1334 4821 justitiaa,
1364 4751 1586 4803 testium
1623 4747 1967 4818 depositione
2003 4758 2128 4814 per-

539 4856 758 4911 actum,
799 4858 975 4915 poenae
1027 4843 1276 4907 addixit,
1327 4828 1547 4896 cessare
1598 4841 1752 4894 illum
1804 4838 2009 4909 jubens
2041 4852 2128 4892 se-

538 4939 837 5007 veriusque
884 4936 1232 5007 corripiens,
1286 4934 1596 4989 adulterum
1648 4946 1778 4987 vero
1822 4931 1925 5003 legi
1986 4927 2128 4984 tradi

540 5033 817 5104 prrecepit.

608 5118 699 5177 20.
750 5116 953 5178 Verum
1004 5114 1092 5178 bis
1152 5123 1242 5177 ille
1296 5123 1371 5177 rei
1425 5116 1658 5196 publica:
1717 5119 2122 5183 blandiebatur,

537 5216 766 5286 ejusque
796 5218 901 5271 sibi
926 5210 1386 5281 benevolentiam,
1428 5228 1485 5271 ut
1519 5217 1592 5271 ita
1616 5216 1818 5279 dicam,
1850 5212 2126 5284 cadpona-

538 5306 722 5387 batur.
753 5307 834 5359 Ad
865 5304 1027 5362 fidem
1084 5316 1266 5363 autem
1327 5308 1473 5378 quod
1525 5318 1737 5377 spectat
1766 5312 1831 5361 ac
1868 5307 2122 5376 pietatem

534 5398 699 5487 ‘valde
755 5400 1085 5468 insaniebat,
1134 5392 1192 5456 ut
1230 5418 1331 5458 nec
1354 5390 1526 5456 Deum
1578 5400 1868 5455 nominare
1898 5416 1927 5455 c
1959 5409 2017 5456 re
2049 5398 2121 5451 illi

540 5488 947 5560 honestumque
972 5492 1272 5549 videretur.
1307 5492 1441 5548 Nam
1476 5510 1601 5549 cum
1638 5494 1971 5549 tricennales
1996 5504 2119 5549 cum

541 5572 781 5650 Ilunuis,
818 5597 959 5653 quos
989 5583 1256 5656 Bulgaros
1290 5598 1508 5654 vocant,
1540 5586 1799 5641 ineundae
1828 5586 1905 5641 illi
1934 5590 2122 5642 essent

538 5671 775 5728 induciae
829 5676 1090 5745 pacisque
1142 5675 1349 5732 fcedera
1398 5677 1763 5749 jurejurando
1827 5678 2119 5747 ﬁrmanda,

2228 4671 2308 4729 εἰς
2355 4641 2583 4726 εύθύνας
2615 4641 2727 4732 *ἦγε
2755 4660 2855 4729 τῆς
2882 4656 3059 4728 ἀρχῆς
3092 4651 3441 4724 μεταστήσας
3474 4646 3566 4699 καὶ
3590 4641 3816 4732 πικρίαν

2229 4760 2431 4831 πολλὴν
2459 4731 2734 4826 καταχέας
2770 4749 2956 4817 αὐτοῦ,
2989 4747 3081 4801 τὸν
3108 4746 3164 4799 δὲ
3197 4743 3382 4815 μοιχὸν
3417 4739 3565 4809 νόμῳ
3594 4731 3817 4802 ἐκδοθῆ-

2227 4872 2315 4907 ναι
2349 4851 2738 4923 προστέταχεν.

2306 5126 2377 5173 κ’.
2425 5115 2589 5172 Ἀλλά
2615 5115 2828 5177 τούτοις
2870 5112 2967 5182 μὲν
2989 5106 3087 5178 τὴν
3118 5100 3395 5156 πολιτείαν
3421 5095 3532 5151 οἷον
3558 5095 3817 5148 ύπέσαινε

2235 5214 2327 5268 καὶ
2352 5210 2452 5283 τὴν
2492 5207 2625 5280 πρὸς
2661 5205 2861 5266 αὑτὸν,
2905 5200 2980 5262 ὡς
3013 5198 3077 5250 ἂν
3114 5194 3256 5247 είποι
3292 5206 3409 5252 τις,
3445 5186 3657 5240 εὔνοιαν
3685 5185 3817 5234 sxa-

2234 5273 2548 5377 πήλεύσενί
2593 5297 2725 5368 περὶ
2758 5292 2817 5349 δὲ
2852 5291 2953 5362 τὴν
2994 5289 3179 5340 πίστιν
3209 5281 3466 5354 ἐμαίνετο
3499 5273 3777 5347 κραταιῶς
3801 5312 3818 5337 ,

2233 5369 2488 5452 τοσοῦτον
2520 5392 2594 5454 ὡς
2630 5388 2767 5459 μηδὲ
2796 5383 2932 5439 Θεὸν
2967 5377 3259 5449 ὀνομάζειν
3290 5374 3463 5427 ἐδόκει
3493 5369 3669 5437 τούτῳ
3711 5382 3818 5419 κα·-

2232 5493 2345 5545 λόν.
2386 5486 2498 5541 Καὶ
2536 5456 2648 5553 γὰρ
2678 5456 2780 5541 τὰς
2815 5469 3240 5546 τριακοντούτας
3272 5463 3507 5526 σπονδὰς
3538 5463 3652 5522 τοῖς
3682 5456 3819 5511 Οὕν-

2232 5602 2343 5647 νοις
2372 5584 2435 5653 δὴ
2464 5580 2673 5640 τούτοις
2697 5577 2813 5636 τοῖς
2839 5570 3199 5641 καλουμένοις
3232 5562 3568 5635 Βουλγὰροις
3606 5554 3818 5624 ἐνωμό-

2229 5696 2339 5741 τως
2370 5650 2538 5729 ποιῶν
2569 5672 2664 5726 καὶ
2699 5665 2989 5739 εἰρηνικάς
3029 5659 3334 5735 συμϐάσεις
3371 5650 3817 5726 καταπραττόμε-

1874 5770 2112 5830 VARIA'J
2154 5766 2566 5830 LECTIONES.

604 5857 654 5888 ‘°
687 5857 907 5923 ύποθείς
938 5860 963 5913 ?
1036 5860 1079 5891 "‘
1110 5860 1405 5931 χρημάτων
1439 5862 1547 5931 γὰρ
1581 5878 1671 5933 κρ.
1706 5864 1728 5915 ?
