4200 6430
511 356 586 427 67
747 439 754 446 _
1635 375 2141 439 THEOPHANES
2188 377 2629 442 CONTINUAT
2639 384 2751 447 US.
3699 401 3772 468 43

512 479 629 534 sive
683 478 965 546 abdicans,
1001 480 1145 536 velut
1196 481 1322 536 inde
1370 481 1472 538 sibi
1501 483 1648 538 dicto
1702 484 1984 540 audientes
2012 484 2071 540 fat

2198 505 2298 558 χου
2355 488 2485 554 θέας
2533 491 2826 564 πόρρωθεν
2882 496 3158 555 καθιστῶν
3217 503 3315 556 καὶ
3373 503 3772 578 ἀποκηρύττων

511 581 701 629 eturus
730 583 895 631 esset.
923 573 1107 630 Multis
1135 583 1317 631 tamen
1359 577 1515 631 bona:
1563 575 1924 632 confessionis
1957 594 2085 633 sus-

511 664 773 734 cipiendze
799 674 992 721 auctor
1016 667 1247 732 exstitit,
1292 683 1403 738 qua
1448 675 1770 723 constantes
1805 668 1926 723 ﬁdei
1969 668 2088 722 ath-

509 757 630 812 letae
663 758 928 814 obaudire
963 747 1486 830 tyranno‘noluere.

575 850 667 905 21.
722 849 864 905 Deus
919 851 1198 924 autem(o
1253 867 1421 923 quam
1483 853 1573 908 ille
1598 867 1708 908 non
1763 852 1970 924 rigidus
1995 863 2088 908 aut

507 942 676 1008 acris,
700 939 796 996 sed
821 942 1039 1012 patiens
1061 941 1377 1014 mitisque!)
1401 942 1639 1011 gladium
1659 941 1878 1012 quidem
1907 944 2084 997 riln-a-

508 1035 618 1093 bat,
651 1045 752 1086 nec
781 1040 960 1085 tamen
993 1029 1248 1086 feriebat.
1274 1030 1410 1086 Nam
1445 1033 1605 1087 modo
1632 1033 1848 1102 quidem
1882 1032 2000 1086 lues
2031 1042 2082 1086 et

505 1125 792 1196 squalores
844 1125 1085 1194 solisque
1150 1125 1305 1179 nimii
1352 1124 1568 1196 algores
1603 1163 1619 1190 ,
1671 1125 1833 1180 modo
1897 1136 2080 1179 autem

505 1231 666 1276 terra;
697 1229 880 1275 motus
907 1235 981 1274 ac
1011 1219 1349 1288 eruptiones,
1379 1219 1707 1288 quandoque
1750 1219 1913 1273 etiam
1937 1217 2084 1272 llam.

504 1329 607 1368 ma:
639 1313 847 1368 similes
882 1319 1034 1365 vasto
1059 1323 1182 1364 aere
1221 1309 1636 1378 ejaeulationes,
1657 1309 1796 1364 alias
1823 1309 2080 1379 denique,

501 1421 625 1477 quae
684 1405 954 1460 malorum
999 1405 1087 1456 vis
1133 1403 1396 1468 maxima,
1431 1401 1763 1457 domesticos
1812 1403 2081 1457 tumultus

501 1517 566 1557 ac
603 1502 906 1557 seditiones
938 1499 1047 1555 illis
1073 1500 1400 1555 intentabat.
1427 1497 1686 1553 Cohiberi
1740 1509 1922 1554 tamen
1969 1514 2078 1552 non

501 1604 734 1666 poterat.
768 1595 885 1649 suis
913 1595 1148 1665 agrestis
1206 1608 1382 1656 more,
1413 1591 1477 1646 'in
1521 1606 1764 1662 praeceps
1818 1591 2081 1662 degrava-

500 1699 588 1743 tus
634 1688 873 1740 animus.
917 1683 1159 1740 Tandem
1191 1684 1356 1753 igitur
1395 1683 1585 1739 tardus
1609 1683 1707 1739 iile
1739 1683 1983 1755 quidem,
2021 1691 2079 1737 at

499 1778 662 1849 cuius
717 1778 880 1832 letale
919 1777 1142 1840 vulnus.
1170 1792 1200 1832 a
1245 1777 1354 1832 Deo
1401 1776 1615 1846 gladius
1683 1776 2074 1847 proﬁciscitur,

501 1869 799 1925 utintcrim
850 1869 1038 1925 clavus
1069 1869 1281 1924 clavum
1320 1869 1502 1924 trudat
1549 1868 1869 1940 malumque
1933 1871 2079 1924 malo
2112 1854 2152 1908 Β

499 1963 802 2017 medeatur.
837 1960 1070 2017 Michael
1102 1962 1149 2018 is
1201 1971 1341 2026 erat,
1382 1961 1474 2033 qui
1524 1972 1637 2017 tum
1679 1961 2076 2018 lcederatorum

498 2054 880 2125 prrefecturam
917 2068 1132 2125 gerens,
1189 2053 1491 2124 majestatis
1549 2053 1784 2109 crimine
1837 2054 2074 2120 delatus,

495 2149 585 2204 vix
623 2147 909 2218 multoque
960 2144 1071 2218 34
1104 2146 1294 2202 labore
1317 2147 1450 2202 illud
1478 2162 1510 2202 a
1558 2161 1618 2203 se
1655 2147 1924 2219 depellere
1979 2165 2077 2220 po-

496 2250 696 2297 luerat.
752 2238 954 2294 Verum
985 2239 1233 2294 futurum
1292 2248 1410 2295 erat
1447 2249 1507 2293 ut
1549 2254 1710 2310 quem
1767 2242 2076 2297 sub-dente

493 2345 709 2402 semper
743 2329 993 2394 haberet,
1021 2328 1075 2384 in
1107 2344 1316 2385 morem
1358 2329 1636 2385 dilaniatae
1664 2331 1899 2386 victima:
1927 2331 2072 2386 haud

492 2424 652 2494 longe
713 2420 1201 2492 postuostenderet.
1238 2419 1408 2474 Porro
1467 2419 1734 2484 Michael,
1781 2421 2074 2492 prmcipitis

491 2515 850 2585 procacisque
889 2513 1087 2582 lingua:
1114 2511 1244 2566 vitio
1272 2521 1530 2582 assuetus
1554 2527 1675 2566 cum
1713 2524 1881 2576 esset,
1925 2513 2072 2569 [eros

492 2608 690 2665 Leonis
730 2623 907 2662 mores
957 2605 1298 2670 traducendi,
1336 2604 1483 2658 velut
1532 2620 1657 2659 cum
1718 2605 1811 2659 illo
1854 2606 2072 2662 adultus

491 2704 707 2771 sibique
749 2697 1092 2754 fortitudinis
1143 2696 1306 2751 laude
1357 2695 1601 2767 placens.
1659 2697 1871 2751 nullum
1906 2697 2069 2753 linem

488 2794 745 2852 faciebat.
778 2790 1143 2860 Leoantem(
1189 2804 1297 2844 non
1345 2789 1488 2844 enim
1531 2788 1622 2860 qui
1677 2789 1923 2845 omnium
1971 2790 2070 2846 do-

488 2889 676 2946 minus
701 2889 798 2955 sit,
831 2887 902 2942 ab
928 2899 1039 2941 uno
1067 2883 1237 2940 stulto
1283 2883 1476 2940 lubens
1518 2884 1745 2940 omnino
1806 2886 2067 2956 patiatur,

487 2983 596 3039 nisi
646 2997 706 3037 re
741 2995 871 3036 vera
903 2994 1013 3034 non
1049 2980 1300 3034 xvirorum
1338 2978 1511 3049 magis
1553 2993 1720 3049 quam
1771 2978 1865 3033 irae
1897 2981 2069 3050 impe-

486 3076 568 3130 rio
594 3073 814 3144 polleat)
835 3069 984 3126 viros
1015 3069 1207 3126 statuit
1233 3069 1447 3124 occulte
1480 3069 1547 3124 .in
1584 3069 1804 3125 inSidiis
1839 3071 2064 3126 auscul-

491 3179 735 3230 taturus,
762 3173 820 3218 ut.
842 3163 990 3218 velut.
1018 3162 1231 3217 rimulae
1270 3161 1392 3232 ejus
1439 3159 1507 3216 ad
1542 3161 1720 3232 ipsum
1782 3177 2068 3217 sermones
2095 3203 2141 3261 Ο

485 3255 865 3328 perveherent.
899 3253 1111 3308 Etenim
1145 3260 1464 3322 suspectum
1512 3251 1750 3308 habebat
1779 3254 1923 3323 quod
1951 3264 2069 3308 erat

485 3350 758 3410 futurum,
810 3359 911 3399 nec
948 3341 1395 3398 Philomelicnsis
1429 3342 1685 3398 monachi
1745 3343 2066 3399 vaticinium

483 3441 606 3513 ejus
637 3439 826 3494 animo
869 3437 1168 3502 exciderat,
1224 3449 1335 3507 quo
1367 3436 1412 3492 is
1461 3436 1768 3491 secundum
1827 3451 1857 3491 a
1886 3435 2068 3492 Leone

483 3534 834 3591 salutandum
905 3532 1289 3601 imperatorem
1382 3525 1702 3582 Michaelem
1798 3528 2064 3583 edixerat.

483 3626 687 3682 Eorum
736 3622 832 3694 qui
862 3623 1217 3678 observarent
1273 3636 1416 3676 unus
1478 3635 1697 3691 quoque
1734 3618 2067 3674 l‘lexabnlins

481 3725 620 3782 erat,
649 3713 764 3770 acri
803 3713 1012 3770 scilicet
1045 3713 1128 3766 vir
1158 3711 1379 3784 ingenio
1402 3753 1416 3780 ,
1460 3727 1524 3767 ac
1557 3713 1650 3781 qui
1717 3711 1954 3766 hominis
1979 3711 2030 3764 in
2051 3743 2063 3750 -

483 3809 665 3865 dolem
707 3806 1041 3878 geniumque
1073 3804 1362 3875 explorare
1391 3813 1593 3875 posset.
1623 3801 1847 3859 Interim
1879 3803 2061 3874 igitur,

485 3919 610 3958 euzu
657 3901 915 3956 ell‘renem
958 3897 1108 3952 illam
1159 3896 1381 3953 dicendi
1437 3912 1503 3953 ac
1561 3896 1848 3951 deridendi
1888 3896 2062 3951 licen-

482 3997 610 4050 tiam
643 3993 869 4048 minime
904 3990 1246 4061 reprimeret,
1287 4005 1351 4046 ac
1379 3991 1530 4046 velut
1572 3990 1921 4046 turbulentus
1955 3990 2059 4043 [lu-

479 4087 600 4140 vius
634 4084 822 4138 limum
856 4097 1076 4137 omnem
1109 4083 1421 4154 importune
1457 4080 1728 4137 ebulliens
1758 4092 2060 4137 extremam

477 4178 649 4234 Leoni
680 4175 975 4248 perniciem
1029 4190 1094 4230 ac
1154 4175 1436 4232 interitum
1485 4175 1853 4230 comminatus
1891 4185 2058 4242 esset,

478 4286 543 4326 ac
567 4270 615 4326 si
648 4285 755 4341 qua
814 4269 994 4323 malus
1027 4266 1182 4322 furor
1206 4268 1421 4334 alebat,
1466 4269 1646 4323 verbis
1690 4267 2058 4336 produxisset,

477 4380 538 4420 re
580 4361 650 4418 ad
682 4361 921 4418 Leonem
966 4361 1142 4416 delata
1170 4358 1462 4413 confestim
1519 4358 1736 4428 rapitur
1769 4360 1885 4428 ipsa
1946 4359 2056 4416 die.

473 4455 761 4511 Postremo
783 4451 1117 4507 delatoribus
1136 4451 1510 4506 accusationis
1526 4451 1702 4519 capita
1722 4449 2060 4505 confirmau-

2191 580 2410 675 αὐτοὺς,
2444 583 2519 646 ὡς
2547 583 2627 655 τῷ
2668 586 2856 658 οἰκείῳ
2887 588 3187 663 βουλήματι
3228 597 3540 668 πειθηνίους
3575 618 3770 675 κατερ-

2190 671 2527 768 γαζόμενος,
2562 677 2794 744 πολλοὺς
2833 680 2933 753 τὴν
2975 684 3149 758 καλὴν
3180 686 3583 761 ἀναιρήσασθαι
3632 671 3783 768 μαρο,

2187 765 2380 836 τυρίαν
2410 768 2691 833 πεπεικὼς
2719 771 2797 843 τῷ
2820 790 2884 842 γε
2915 775 2993 847 μὴ
3023 779 3312 852 πεισθῆναι
3340 783 3511 854 αὐτῷ.

2259 856 2364 914 κα’.
2397 859 2529 924 Θεὸς
2564 857 2772 930 δέ,οἷος
2807 867 3012 938 τρόπος
3044 871 3256 925 ἐκείνου
3287 874 3348 927 οὐ
3385 876 3637 942 σύντονός
3663 897 3767 949 τις,

2187 949 2325 1004 ἀλλά
2369 953 2746 1026 μακρόθυμος,
2791 956 2892 1031 τὴν
2921 962 3198 1032 ῥομφαίαν
3230 965 3481 1022 ἐστίλόου
3512 970 3634 1040 μὲν,
3668 974 3768 1028 οὐκ

2186 1045 2340 1114 ἠφίει
2373 1045 2450 1100 δέ.
2477 1047 2593 1102 Νῦν
2622 1049 2722 1120 μὲν
2754 1050 2864 1124 γὰρ
2897 1053 3082 1119 αὐτοῖς
3107 1056 3286 1129 λοιμοὶ
3314 1062 3408 1114 καὶ
3431 1063 3636 1134 αὐχμοὶ
3674 1069 3768 1121 καὶ

2185 1135 2437 1228 διάπυροι
2475 1140 2640 1212 ἣλιοι,
2671 1143 2766 1197 νῦν
2802 1145 2860 1198 δὲ
2901 1149 3115 1218 σεισμολ⁵
3141 1151 3236 1204 καὶ
3263 1153 3637 1228 ἀναϐρασμοὶ,
3672 1162 3767 1214 καὶ

2186 1227 2376 1282 ἄλλοτε
2428 1231 2624 1300 φλογὸς
2670 1230 2759 1287 οἷα
2802 1237 2941 1291 κατὰ
2993 1237 3089 1292 τοῦ
3125 1240 3288 1313 ἀέρος
3317 1227 3648 1316 ἀκοντίσεις,
3671 1252 3766 1304 καὶ

2184 1319 2456 1392 ἑτέρωθεν
2495 1324 2750 1394 ἐμφύλιοι
2799 1329 3018 1392 στάσεις
3063 1331 3173 1386 τῶν
3213 1333 3400 1389 δεινῶν
3429 1338 3500 1392 τά
3539 1342 3764 1411 ἀκμαιό-

2183 1429 2324 1506 τατα
2351 1414 2684 1472 ὲπεσείοντο.
2730 1419 2870 1471 Ἀλλ’
2901 1421 3002 1474 οὐκ
3031 1417 3099 1494 ἦν
3129 1424 3348 1498 ἐκείνην
3383 1431 3626 1501 ἐπισχεῖν
3669 1434 3765 1506 τὴν

2181 1505 2396 1578 ψυχὴν,
2431 1507 2555 1572 συὸς
2585 1509 2739 1583 δίκην
2765 1514 2906 1568 κατά
2935 1516 3183 1587 κρημνοῦ
3210 1517 3597 1592 ἐπισρίσασαν.
3643 1526 3762 1578 Ἑν-

2183 1600 2372 1654 τεῦθεν
2423 1600 2520 1671 ὀψὲ
2558 1601 2690 1671 γοῦν
2734 1604 2832 1658 καὶ
2876 1608 3107 1678 καιρίως
3151 1609 3466 1683 πλήττουσα
3515 1614 3761 1688 μάχαιρα

2184 1692 2336 1764 παρά
2386 1692 2481 1747 τοῦ
2527 1693 2662 1749 Θεοῦ
2707 1697 3142 1771 ὲκπεπόρευται,
3185 1703 3252 1756 ἵν’
3281 1705 3398 1777 ἥλῳ
3441 1707 3582 1770 τέως
3630 1705 3763 1783 ἧλος

2182 1785 2490 1872 ἐκκρουσθῙὶ
2530 1788 2625 1842 καὶ
2655 1790 2833 1844 -κακδν
2867 1792 2944 1863 τῷ
2980 1794 3138 1866 κακῷ
3174 1795 3319 1868 ίαθῇ.
3353 1800 3576 1872 Μιχαὴλ
3604 1803 3763 1856 τοῦτο

2180 1870 2286 1948 ἦν,
2322 1877 2381 1942 δς
2407 1879 2515 1951 ’τὴν
2561 1881 2896 1952 φοιδεράτων
2928 1885 3050 1939 τότε
3097 1887 3504 1962 ἐπειλημμένος
3532 1870 3762 1966 ἀρχὴν,

2180 1971 2490 2042 ἐγκλήματι
2547 1975 2930 2042 καθοσιώσεως
2979 1979 3176 2048 ἁλοὺς,
3238 1983 3392 2056 μόγῳ
3437 1983 3619 2057 πολλῷ
3665 1989 3762 2043 καὶ

2178 2061 2334 2134 κόπῳ
2391 2066 2798 2138 ἀποτρίψασθαι
2864 2071 3104 2144 ἴσχυσεν.
3185 2076 3328 2130 Ἀλλ’
3383 2076 3610 2150 ἔμελλεν
3668 2082 3759 2136 ὑπ’

2177 2152 2366 2210 ὀδόντα
2413 2156 2602 2212 τοῦτον
2646 2159 2788 2230 ἔχων
2836 2162 2925 2217 ἀεὶ
2974 2163 3230 2238 καθάπερ
3278 2167 3756 2242 διαπεπραγμένον

2179 2245 2376 2331 ἱερεῖον
2406 2247 2575 2316 δεῖξαι
2619 2251 2721 2306 οὐκ
2759 2255 2838 2318 είς
2875 2257 3116 2328 μακράν.
3158 2258 3370 2325 Ἀλλως
3401 2262 3502 2332 μὲν
3531 2263 3640 2336 γὰρ
3673 2266 3760 2334 ἐξ·

2177 2341 2335 2410 ήσκει
2356 2341 2610 2410 γλῶσσαν
2638 2347 2667 2400 ό
2691 2347 2911 2420 Μιχαὴλ
2929 2350 3199 2420 πρόλαλόν
3219 2369 3278 2406 τε
3308 2354 3403 2408 καὶ
3421 2355 3636 2428 ίταμδν,
3663 2361 3762 2414 καὶ

2176 2433 2276 2506 τὴν
2307 2436 2474 2490 αὐτοῦ
2527 2439 2627 2492 οὐκ
2661 2439 2857 2510 ἔληγεν
2907 2444 3278 2514 ἐκπομπεύων
3329 2447 3754 2520 θηριοτροπίαν,

2176 2527 2274 2581 ἆτε
2305 2527 2370 2600 δὴ
2402 2528 2554 2601 αὐτῷ
2584 2531 2679 2584 καὶ
2709 2533 3069 2604 συναυξηθεὶς
3101 2536 3194 2590 καὶ
3221 2541 3287 2610 τῇ
3319 2539 3384 2592 ἐκ
3413 2541 3597 2612 χειρὸς
3630 2559 3758 2612 γαν·-

2175 2618 2406 2690 νύμενος
2435 2621 2798 2696 ἀνδρειότητι.
2845 2625 2904 2679 Ὀ
2946 2627 3099 2680 Λέων
3124 2627 3179 2682 δέ
3221 2630 3304 2698 (οὐ
3342 2632 3500 2703 φέρει
3534 2635 3642 2707 γάρ
3670 2655 3756 2701 τις

2173 2711 2393 2766 πάντων
2446 2715 2668 2783 κρατῶν
2719 2717 2839 2780 ἐνὸς
2895 2719 3164 2786 ἡττᾶσθαι
3215 2723 3434 2794 μωροῦ,
3481 2727 3531 2778 εί
3570 2730 3642 2796 μή
3689 2745 3753 2794 γε

2172 2805 2343 2868 ὅντως
2388 2805 2489 2861 οὐκ
2535 2807 2767 2880 ἀνδρῶν,
2798 2809 2934 2864 ἀλλά
2984 2811 3079 2864 καὶ
3131 2813 3306 2884 θυμοῦ
3363 2813 3614 2884 βασιλεὺς
3653 2835 3754 2872 κα-

2171 2895 2380 2968 ταστῇ)
2415 2897 2772 2964 ὠτακουστὰς
2803 2918 2959 2964 τινας
2984 2903 3162 2972 τούτῳ
3194 2904 3349 2974 λόχον
3380 2906 3749 2979 κατέστησεν,

2172 2985 2246 3047 ὼς
2276 2985 2342 3038 ἂν
2377 2986 2467 3040 διά
2509 3004 2651 3052 τινος
2700 2988 3002 3060 πορθμείου
3054 2989 3461 3056 διαϐιϐάζοιντο
3510 2993 3656 3064 λόγοι
3701 3000 3750 3052 oi

2173 3077 2336 3129 αὑτοῦ
2363 3093 2375 3106 ·
2417 3080 2514 3133 καὶ
2555 3081 2663 3151 γὰρ
2706 3081 2956 3135 ὑπείδετο
2998 3082 3060 3134 τὸ
3096 3083 3324 3154 μέλλον,
3369 3085 3467 3156 τῆς
3511 3089 3652 3143 κατά
3689 3093 3752 3145 τὸ

2171 3170 2498 3240 Φιλομήλιον
2536 3175 2909 3244 -προῤῥήσεως
2957 3174 3382 3247 ἐξημσλωκυίας
3429 3182 3530 3251 τῆς
3579 3183 3750 3238 αὑτοῦ

2170 3261 2351 3331 ψυχῆς
2381 3263 2668 3334 μηδαμῶς,
2703 3266 2738 3335 ἢ
2768 3264 2859 3318 τὸν
2882 3267 3102 3339 Μιχαὴλ
3120 3268 3375 3342 δεύτερον
3404 3272 3496 3326 τοῦ
3520 3274 3751 3340 Λέοντος

2171 3353 2555 3424 ἀναρρηθῆναι
2583 3355 3012 3428 διωμολόγησεν.
3049 3358 3267 3414 Τούτων
3289 3363 3400 3416 τῶν
3424 3364 3749 3436 ἐφεδρευόν-

2169 3461 2278 3498 των
2318 3438 2399 3508 εἷς
2432 3441 2500 3517 ἦν
2536 3447 2630 3500 καὶ
2671 3447 3038 3516 ⁹Εξα6ούλιος,
3074 3451 3215 3524 ἀνὴρ
3258 3447 3371 3519 οἷός
3416 3473 3473 3508 τε
3494 3456 3582 3509 ὢν
3621 3454 3766 3526 ἦθος.

2171 3537 2264 3589 καὶ
2311 3536 2474 3605 φύσιν
2511 3538 2800 3611 ἀνθρώπου
2854 3543 3214 3614 καταμαθεῖν.
3279 3544 3368 3610 Ὠς
3414 3543 3507 3603 οὖν
3552 3549 3749 3620 χρόιου

2171 3626 2450 3696 προϊόντος
2483 3629 2584 3682 οὐκ
2623 3631 2856 3686 ἐνεδίδου
2888 3634 2985 3706 τῆς
3031 3636 3436 3710 ἀθυροστομίας
3483 3643 3621 3714 μηδὲ
3652 3644 3748 3698 τοῦ

2167 3717 2482 3790 τωθασμοῦ,
2513 3721 2629 3775 ἀλλ’
2684 3718 2798 3778 οἷόν
2844 3743 2926 3788 τις
2961 3728 3237 3798 κυματίας
3289 3733 3471 3787 πᾶσαν
3497 3734 3746 3806 ἀκαίρως

2171 3809 2285 3863 ἰλὺν
2331 3811 2626 3884 ἐξέϐρασεν
2657 3816 2936 3888 ποταμὸς,
2969 3821 3234 3892 ἠπείλησε
3278 3822 3356 3894 τῷ
3385 3824 3574 3880 Λέοντι
3608 3845 3742 3882 παν-

2164 3900 2364 3957 ώλειαν
2377 3905 2472 3959 καὶ
2499 3905 2582 3979 (Ρ.
2604 3907 2696 3981 22)
2723 3910 2996 3967 ἀλλ’-ἄττα
3015 3913 3185 3985 θυμὸς
3205 3917 3468 3988 ἐτρέφετο
3484 3921 3744 3994 πονηρὸς..

2164 3995 2514 4068 ἀνεπέμπετο
2569 4001 2626 4055 δὲ
2676 4002 2850 4056 ταῦτα
2903 4005 3043 4077 πρὸς
3081 4007 3347 4077 βασιλέα,
3399 4012 3745 4084 ἀνάρπαστος

2162 4086 2374 4156 γίνεται
2406 4089 2466 4155 ἐξ
2495 4090 2699 4161 αὐτῆς,
2735 4093 2831 4147 καὶ
2857 4095 3008 4159 τέλος
3036 4098 3147 4151 τῶν
3181 4098 3516 4168 ἐλεγχόντων
3546 4102 3614 4154 τά
3646 4103 3744 4169 τῆς

2163 4184 2500 4254 κατηγορίας
2527 4202 2657 4238 κατε
2667 4186 3015 4256 μπεδούντων
3043 4189 3396 4243 κατατίθεται
3426 4191 3743 4260 τυραννίδος

2162 4273 2408 4328 ἐπίθεσιν
2455 4276 2720 4346 μελετῶν.
2785 4279 3000 4349 Ἡμέρα
3034 4275 3101 4349 ἦν
3139 4279 3445 4349 προτεραία
3481 4281 3584 4350 τῆς
3622 4284 3742 4336 καθ’

2162 4365 2309 4434 ἡμᾶς
2332 4365 2427 4418 τοῦ
2458 4365 2632 4432 Λόγου
2677 4366 2915 4438 Χριστοῦ
2945 4367 3039 4420 τοῦ
3079 4368 3215 4422 Θεοῦ
3249 4369 3411 4438 ἡμῶν
3450 4371 3742 4443 ἐπιδημίας

2162 4469 2221 4506 τε
2255 4452 2348 4506 καὶ
2381 4453 2732 4534 σαρκώσεοις.
2771 4457 2925 4510 Ἐπεὶ
2958 4455 3090 4526 γοῦν
3119 4458 3386 4515 πάντοθεν
3419 4463 3741 4536 κατάφωρος

475 4548 627 4602 tibus
675 4544 941 4601 aﬂectatae
999 4544 1303 4614 tyrannidis
1340 4543 1743 4612 ac-majestatis
1781 4557 1910 4597 reus
1962 4543 2058 4598 de-

2173 4541 2459 4612 ἐγεγένητο
2491 4543 2656 4596 αὐτοῦ
2695 4543 2789 4597 τοῦ
2821 4544 3082 4614 βασιλέως
3117 4549 3176 4601 ἐν
3212 4551 3322 4613 τοῖς
3355 4551 3742 4624 ἀσηκρητείοις

473 4638 741 4694 cernitur.
767 4635 948 4692 Pridie
997 4635 1208 4692 Christi
1243 4635 1400 4690 \‘erbi
1452 4635 1627 4690 nostri
1652 4634 1848 4690 natalis
1869 4633 2058 4690 isthaec

2173 4630 2533 4701 ἑξετάζοντος,
2571 4638 2667 4690 καὶ
2691 4636 2936 4707 δρασμὸς
2970 4639 3076 4692 τῶν
3106 4641 3486 4712 τολμηθέντων
3520 4646 3621 4699 οὐκ
3654 4643 3740 4718 ἦν,

477 4728 802 4800 agebantur.
836 4726 976 4795 Quia
1014 4742 1144 4800 ergo
1179 4731 1389 4783 crimen
1415 4727 1655 4798 undique
1710 4727 2055 4797 exploratum

2173 4727 2696 4796 καταχειροτονεῖται
2726 4728 2825 4798 τὴν
2865 4728 2958 4781 ἐπὶ
3000 4729 3252 4796 θάνατον,
3283 4732 3379 4786 καὶ
3421 4732 3653 4787 θάνατον
3682 4739 3740 4789 οὺ

473 4831 612 4886 erat,
644 4821 764 4892 ipso
792 4818 974 4876 Leone
1002 4821 1056 4874 in
1111 4820 1533 4876 secretaz-ior'um
1568 4820 1681 4874 atde
1719 4834 1819 4889 pro
1873 4818 2058 4873 tribu-

2173 4815 2374 4888 τόνδεῆ
2414 4817 2599 4885 τόνδε,
2652 4819 2767 4872 ἀλλ’
2810 4819 2879 4873 ἵν’
2907 4820 3004 4892 ἔχῃ
3055 4822 3149 4876 καὶ
3185 4823 3277 4877 τὸν
3321 4823 3548 4894 βασιλέα
3578 4828 3739 4882 αὐτὸν

474 4914 586 4968 nali
609 4928 833 4970 causam
865 4923 1250 4982 cognoscente,
1274 4911 1381 4984 35
1417 4929 1517 4967 nec
1552 4911 1696 4967 ullus
1752 4911 1934 4982 eﬂ‘ngii
1972 4911 2054 4966 lo-

2173 4907 2363 4979 5εατήν
2393 4927 2451 4963 τε
2484 4911 2579 4964 καὶ
2605 4910 2937 4982 αὐτουργὸν,
2987 4912 3097 4966 είτε
3129 4913 3208 4984 τῷ
3250 4913 3411 4968 πάθει
3443 4919 3541 4986 τῆς
3573 4917 3739 4987 ὀργῆς

472 5021 574 5061 cus
615 5015 754 5070 erat,
783 5003 1032 5074 capitalis
1067 5006 1117 5058 iu
1159 5020 1283 5058 cum
1317 5005 1494 5059 fertur
1521 5005 1833 5071 sententia;
1860 5020 1970 5060 .nce
1999 5014 2058 5059 ut

2173 5001 2551 5074 ὲκνικὼμενον,
2599 5006 2698 5058 εἶτ’
2743 5006 2921 5070 ἄλλως
2965 5009 3033 5078 τῇ
3083 5007 3330 5079 ὠμότητι
3387 5010 3740 5080 ἐφηδόμενον,

472 5095 670 5164 quovis
717 5095 880 5149 modo
918 5097 1038 5149 neci
1075 5094 1253 5159 detur,
1299 5096 1393 5149 sed
1427 5104 1488 5149 ut
1540 5095 1643 5150 sub
1691 5095 1870 5163 ipsqu
1895 5095 2050 5164 prin-

2173 5097 2301 5150 ιατὰ
2336 5097 2437 5169 τὴν
2469 5096 2563 5150 τοῦ
2589 5097 2885 5169 ,βασιλικοῦ
2921 5099 3208 5170 βαλανείου
3244 5101 3476 5171 κάμινον
3502 5102 3737 5173 δριμέως

471 5185 611 5255 cipis
639 5195 990 5253 conspectum
1025 5201 1089 5239 ac
1113 5186 1262 5240 velut
1288 5185 1405 5254 ipso
1448 5200 1635 5240 coram
1662 5196 1908 5248 anetore,
1939 5186 2054 5240 sive

2173 5193 2452 5262 ἐκριφῆναι
2481 5191 2657 5263 πυρὸς
2692 5193 3122 5263 παραϐόσκημα.
3161 5193 3386 5266 "Optato
3419 5195 3614 5260 ταῦτα,
3649 5197 3736 5248 κυνὶ

470 5276 567 5333 ira:
601 5275 826 5330 aﬂ'ectus
852 5276 930 5330 sic
985 5276 1314 5346 impulerat,
1370 5277 1485 5331 sive
1542 5276 1678 5332 alias
1712 5277 2053 5333 immanitate

2173 5281 2318 5344 ιὺτὸς
2346 5283 2606 5354 προέθεεν
2649 5285 2719 5336 τὰ
2753 5285 2848 5336 τοῦ
2887 5283 3166 5355 δράματος
3193 5285 3552 5357 ἐποψόμενος.
3604 5287 3736 5341 Ἀλλ’

471 5382 594 5422 sese
624 5367 957 5431 oblectabat,
990 5383 1187 5438 nempe
1217 5375 1277 5421 ut
1303 5367 1357 5420 in
1387 5366 1616 5437 palatini
1649 5367 1830 5422 balnei
1875 5371 2050 5424 cam“.-

2173 5373 2189 5444 ί]
2229 5374 2420 5428 τούτου
2466 5375 2700 5444 σύζυγος
2733 5375 3013 5445 (Θεοδοσία
3064 5372 3169 5448 ἦν,
3222 5377 3283 5431 τὸ
3315 5377 3410 5432 τοῦ
3465 5379 3733 5451 ’Δρσοόὴι

471 5476 604 5516 num
651 5460 1031 5531 projiceretur,
1077 5462 1190 5516 acri
1235 5461 1346 5517 illic
1377 5460 1600 5516 ﬂamma
1653 5461 2048 5518 absumendus.

469 5555 760 5612 Decretum
809 5565 977 5621 erat;
1017 5557 1131 5624 ipse
1183 5557 1466 5627 tragoediae
1496 5556 1774 5626 inspector
1827 5557 2046 5612 futurus

467 5645 580 5702 Leo
610 5648 998 5717 praecurrebat.
1026 5647 1140 5702 Sub
1171 5649 1288 5703 base
1317 5657 1497 5704 autem
1527 5647 1838 5705 Theodosia
1881 5665 2044 5710 uxor.

464 5738 752 5794 Arsaberis
786 5738 918 5803 tilia,
943 5737 1148 5792 inculto
1179 5738 1366 5792 habitu
1397 5748 1707 5810 temereque
1743 5740 1858 5810 ipsa
1916 5755 2046 5809 pro-

465 5845 652 5899 ruens,
695 5828 1026 5886 Bacchantis
1063 5846 1213 5886 more
1246 5829 1544 5888 furibundo
1573 5842 1726 5888 motu
1785 5846 1906 5888 sese
1935 5833 2048 5902 agi-

2156 5464 2490 5536 θυγάτριον)
2535 5466 2923 5520 ἀνασπούδασα
2964 5471 3057 5522 καὶ
3088 5469 3163 5532 ὡς
3196 5470 3360 5540 ἔτυχε
3398 5471 3631 5534 θέουσα,
3665 5472 3734 5535 ὡς

2153 5555 2218 5608 ἐκ
2249 5573 2392 5619 τινος
2423 5557 2686 5627 βακχείας
2733 5557 3169 5630 ἐξοιστρηθείσα,
3205 5561 3513 5616 ἀπέσπευδε
3551 5562 3732 5617 τοῦτον

2152 5649 2250 5703 καὶ
2283 5650 2385 5719 τῆς
2417 5648 2600 5720 ὁρμῆς
2647 5651 3048 5720 ἐγκατέπαυεν,
3088 5653 3364 5727 ἀλάστορα
3398 5656 3491 5709 καὶ
3541 5654 3730 5726 θεομά-

2151 5759 2248 5812 χον
2281 5741 2635 5796 ἀποκαλοῦσα
2661 5783 2675 5807 ,
2708 5737 2788 5806 οἷς
2813 5743 2935 5797 οὕτε
2967 5745 3065 5818 τὴν
3098 5747 3314 5818 ἡμέραν
3344 5747 3466 5816 ἄγει
3496 5747 3582 5800 διὰ
3615 5763 3729 5815 cpe:-

2154 5831 2300 5900 δοῦς,
2331 5833 2426 5887 τοῦ
2456 5833 2604 5888 θείου
2632 5835 2844 5906 μέλλων
2874 5835 3125 5907 σώματος
3149 5841 3458 5909 μετασχεῖν.
3501 5837 3727 5895 Ἐκθειό-
