4200 6414
506 344 573 409 ἓ5
1677 342 2186 406 THEOPHANES
2224 338 2448 402 CONTI
2458 338 2559 401 NU
2569 340 2787 401 ATUS.
3719 339 3788 402 56

574 461 630 513 ‘2.
654 454 886 511 Michael
914 464 1092 511 autem
1115 470 1145 510 c
1168 454 1351 526 Papiae
1375 454 1620 510 custodia
1644 458 1896 518 eductus,
1916 451 2094 507 adhuc

2271 445 2336 517 β’.
2392 447 2452 502 '0
2486 446 2544 502 δέ
2577 447 2798 519 Μιχαὴλ
2843 447 2940 517 τῆς
2992 447 3056 501 ἐκ
3106 444 3200 500 τοῦ
3254 444 3510 499 παππίου
3543 450 3786 517 φρουρᾶς

506 551 673 624 pedes
703 548 853 605 ferro
882 548 1100 603 vinctus
1128 561 1255 602 cum
1293 554 1441 603 esset
1465 546 1633 618 (quod
1668 546 1877 601 scilicet
1900 544 2091 612 clavis,

507 660 630 715 qua
663 641 807 713 apud
846 640 1084 696 Leonem
1127 639 1472 706 servabatur,
1504 648 1563 695 ut
1593 639 1767 710 magis
1794 638 1975 693 vincto
2003 652 2093 692 ca-

507 744 679 800 veret,
714 733 946 789 necdum
993 732 1210 787 inventa
1252 732 1415 803 erat),
1446 732 1500 787 in
1537 734 1686 804 regio
1718 731 1916 786 throno
1962 745 2096 785 con-

508 826 651 882 sedit
685 826 1046 895 omniumque
1075 825 1170 896 qui
1219 835 1331 880 tum
1368 825 1422 879 in
1454 824 1919 904 palatiooaderant
1948 822 2094 878 voci-

507 919 614 975 bus
643 920 944 989 imperator
975 918 1247 974 salutatus
1278 927 1362 972 est
1406 931 1470 972 ac
1501 917 1780 973 adoratus.
1812 915 1928 971 Iam
1962 932 2093 971 vero

506 1013 730 1068 circiter
763 1012 1041 1068 meridiem
1070 1011 1214 1066 fama
1237 1011 1439 1082 ubique
1468 1026 1678 1081 sparsa,
1700 1026 1825 1065 cum
1850 1010 1941 1065 vix
1963 1009 2093 1065 mal-

506 1104 597 1160 leo
625 1106 914 1177 compedes
939 1104 1130 1160 difiissi
1165 1112 1387 1170 essent;
1417 1104 1588 1160 illotis
1624 1103 1903 1167 manibus,
1937 1101 2092 1156 nullo

506 1196 603 1254 Dei
631 1208 777 1253 metu
811 1198 864 1252 in
896 1197 1140 1252 animum
1169 1204 1474 1264 assumpto,
1504 1210 1604 1251 nec
1630 1196 1743 1251 ullo
1773 1195 1880 1250 alio
1899 1193 2095 1250 defun-

508 1299 632 1347 ctus
672 1290 884 1345 honesti
934 1289 1137 1355 oﬂicio,
1167 1289 1241 1343 ad
1267 1288 1515 1343 divinum
1548 1302 1923 1359 magnumque
1955 1294 2095 1341 tem-

505 1383 655 1459 plum
693 1382 981 1452 processit,
1017 1381 1067 1434 id
1098 1390 1355 1450 satagens
1392 1386 1453 1433 ut
1475 1394 1539 1433 ex
1568 1377 1897 1449 patriarchae
1925 1390 2091 1430 manu

506 1489 765 1531 coronam
816 1481 1249 1544 consequeretur
1299 1472 1577 1542 totiusque
1620 1470 1803 1542 populi
1835 1469 1979 1524 votis
2032 1483 2096 1523 ac

505 1566 733 1621 vocibus
758 1565 1057 1635 imperator
1076 1564 1431 1632 salutaretur,
1450 1579 1642 1620 eorum
1673 1561 1941 1619 duntaxat
1963 1575 2095 1631 prac-

503 1657 647 1715 sv'dio
671 1660 917 1715 munitus
944 1658 1199 1729 valloque
1226 1668 1436 1730 septus,
1457 1657 1551 1728 qui
1579 1672 1686 1712 una
1719 1671 1909 1713 secum
1943 1656 2095 1711 necis

2194 539 2528 609 ἀνενεχθεὶς,
2554 538 2634 593 ἔτι
2664 541 2790 603 τοὺς
2822 538 2993 602 πόδας
3046 538 3253 609 σιδήρῳ
3292 537 3615 610 δεδεμένους
3645 537 3785 608 ἔχων

2193 632 2282 686 διά
2320 632 2380 685 τὺ
2427 632 2525 703 τὴν
2570 630 2718 685 κλεῖν
2768 631 2918 701 παρά
2946 630 3041 684 τοῦ
3093 629 3323 695 Λέοντος
3379 630 3787 702 φυλαττομένην

2196 726 2503 797 ἀσφαλείας
2531 726 2720 780 ἐνεκεν
2746 725 2884 789 τέως
2917 720 3059 777 εῖναι
3097 723 3304 793 ἀφανῆ,
3342 724 3435 776 ἐπί⁸
3479 724 3571 777 τὸν
3628 724 3786 795 βασί-

2194 818 2338 879 λειον
2365 817 2618 874 ἐκάθισεν
2642 818 2853 890 θρόνον,
2882 816 2967 889 [Ρ.
3000 815 3097 889 2η
3120 816 3216 869 καὶ
3235 815 3387 886 παρά
3428 815 3648 870 πάντων
3670 817 3781 870 τῶν

2193 914 2331 975 τέως
2370 910 2539 965 ὄντων
2562 911 2620 965 ἐν
2646 910 2725 981 τῷ
2776 909 3029 979 παλατίῳ
3073 906 3458 980 προσεκυνήθη
3510 909 3786 979 αὐτοκρά-

2196 1021 2313 1075 τωρ
2344 1002 2754 1074 ἀναγορευθείς.
2807 1002 2951 1072 Ἤδη
3003 1001 3060 1054 δὲ
3122 1001 3398 1071 μεσούσης
3430 1001 3647 1071 ἡμέρας
3687 1001 3789 1072 τῆς

2198 1100 2390 1171 φήμης
2422 1098 2701 1170 πανταχοῦ
2735 1095 3162 1170 διαδραμούσης,
3198 1096 3307 1150 τῶν
3343 1097 3561 1164 δεσμῶν
3600 1096 3789 1167 σφῦρα

2199 1192 2541 1247 θλασθέντων
2582 1191 2755 1263 μόλις,
2792 1191 2851 1244 οὐ
2896 1193 3089 1263 χεῖρας
3143 1189 3574 1259 ἀπονιψάμενος,
3605 1190 3667 1242 ού
3696 1190 3791 1245 τὸν

2198 1287 2341 1341 θεῖον
2372 1285 2537 1356 φόϐον
2560 1285 2704 1341 κατά
2736 1283 2864 1339 νοῦν
2896 1283 3160 1355 εἰληφὼς,
3198 1284 3299 1337 οὐκ
3330 1284 3460 1338 ἀλλο
3494 1284 3651 1337 οὐδὲν
3676 1283 3788 1336 τῶν

2196 1381 2428 1435 δεόντων
2488 1380 2747 1449 ποιήσας,
2783 1376 2921 1451 πρὸς
2958 1379 3050 1431 τδν
3091 1377 3235 1431 θεῖον
3276 1376 3370 1433 καὶ
3436 1376 3611 1447 μέγαν
3661 1376 3789 1430 ναὸν

2197 1471 2562 1544 προελήλυθεν
2591 1470 2687 1524 τοῦ
2730 1472 2963 1542 στέφους
2986 1470 3052 1524 ἐκ
3088 1471 3189 1541 τῆς
3237 1469 3647 1539 πατριαρχικῆς
3676 1487 3785 1540 χει-

2202 1565 2293 1636 ρδς
2322 1565 2415 1619 καὶ
2438 1564 2539 1635 τῆς
2564 1563 2849 1635 πανδήμου
2878 1564 3064 1633 τυχεῖν
3088 1561 3376 1632 ἐπιθυμῶν
3406 1561 3789 1632 ἀναρρήσεως,

2200 1658 2444 1722 ἐκείνους
2479 1656 2676 1728 μόνους
2728 1654 2985 1727 φραγμὸν
3020 1655 3116 1709 καὶ
3145 1654 3598 1726 περιχαράκωμα
3647 1653 3790 1724 ἔχων

504 1751 638 1807 socii
666 1766 732 1807 ac
760 1751 1030 1821 conjurati
1058 1751 1313 1807 fuissent.
1342 1751 1614 1807 Caeterum
1645 1749 1935 1806 amborum
1968 1748 2094 1819 quis

2199 1751 2324 1814 τοὺς
2355 1753 2448 1804 τοῦ
2498 1749 2661 1818 φόνου
2720 1748 3133 1820 μετεσχηκότας
3165 1748 3261 1801 καὶ
3321 1745 3789 1816 συνομωμοκότας

502 1842 705 1897 merito
737 1842 1144 1912 inauspicatam
1174 1842 1265 1898 hic
1306 1843 1537 1897 miretur
1574 1851 1835 1907 mentem,
1871 1840 2090 1907 Leonis,

504 1937 651 2006 quod
700 1937 781 1992 sic
810 1938 1023 1992 nullum
1060 1951 1127 1991 ex
1165 1945 1244 1992 tot
1296 1935 1736 1992 assentatoribus
1786 1933 2092 2005 amicisque

505 2032 639 2079 tunc
672 2026 939 2081 auxilium
991 2040 1261 2097 opemque
1322 2024 1584 2081 ferentem
1640 2024 1915 2089 habuerit,
1964 2039 2089 2081 eum

502 2131 695 2172 omnes
721 2125 1034 2187 serpentum
1061 2130 1221 2171 more
1245 2117 1298 2171 in
1327 2131 1545 2172 suasse
1576 2115 1815 2170 latebras
1845 2129 1908 2170 ac
1941 2113 2090 2169 fora-

502 2206 653 2263 mina
669 2208 1031 2274 abdidissent,
1050 2206 1331 2265 Michaelis
1352 2223 1482 2263 vero
1501 2207 1811 2264 interritum
1831 2206 2097 2261 adversus

501 2313 695 2354 omnes
738 2307 1139 2370 cruentumque
1184 2300 1455 2365 animum,
1498 2315 1621 2355 cum
1664 2314 1773 2353 non
1810 2298 1917 2370 42
1950 2300 2095 2353 velut

499 2390 746 2447 carnifex
776 2392 946 2464 (quod
998 2396 1143 2447 enim
1179 2403 1455 2459 evenerat,
1505 2393 1702 2447 divinae
1736 2391 2096 2463 providentiae

501 2494 701 2540 cuncta
730 2486 1090 2555 gubernantis
1114 2485 1452 2556 exstiterat),
1488 2485 1584 2541 sed
1624 2494 1889 2555 tanquam
1918 2486 2095 2541 victor

500 2589 800 2633 coronatus
830 2591 927 2646 per
959 2577 1193 2646 plateam
1223 2577 1500 2642 transiret,
1536 2592 1659 2630 cum
1694 2576 1869 2647 magis
1896 2578 2093 2633 erube-

500 2668 768 2723 scendum
807 2668 1220 2739 lugendumque
1266 2667 1429 2732 fore»,
1477 2684 1582 2722 non
1620 2667 1765 2737 quod
1798 2668 1963 2735 juste,
2009 2666 2091 2721 di-

499 2772 668 2827 gnum
730 2759 825 2828 qui
901 2759 1275 2814 ctl‘underetur
1309 2800 1323 2823 ,
1405 2759 1726 2828 sanguinem
1806 2756 2090 2812 effudisset

499 2847 842 2921 (quanquam
880 2867 948 2907 ne
986 2854 1090 2908 hoc
1137 2852 1355 2922 quidem
1399 2851 1450 2905 in
1508 2851 1574 2906 iis
1626 2850 1935 2905 habendum
1964 2863 2089 2920 quae

501 2941 717 2997 laudem
754 2943 1084 3014 merentur),
1116 2944 1211 2999 sed
1246 2944 1391 3013 quod
1430 2958 1535 2996 non
1573 2943 1625 2995 in
1671 2942 1906 2997 cmdium
1938 2942 2085 3009 loco,

2204 1842 2375 1913 αὐτῷ.
2410 1840 2584 1897 Ἔνθα
2608 1842 2701 1895 καί
2724 1858 2810 1906 τις
2836 1838 3167 1910 ἀμφοτέρων
3217 1838 3551 1908 θαυμάσειεν
3595 1836 3656 1890 τὸ
3684 1853 3789 1891 κα‹

2202 1937 2511 2007 κόγνωμον,
2534 1937 2629 1991 τοῦ
2662 1936 2761 2009 μὲν
2790 1936 2937 1999 ὅπως
2969 1934 3163 1988 οὐδένα
3209 1928 3325 2002 εἶχε
3376 1930 3488 1984 τῶν
3530 1929 3760 2001 τηλικού

2201 2046 2309 2081 των
2350 2028 2600 2083 κολάκων
2640 2027 2737 2081 καὶ
2777 2026 3078 2096 φιλούντων
3132 2023 3255 2077 τότε
3304 2023 3368 2093 δὴ
3404 2022 3633 2093 βοηθὸν,
3654 2020 3764 2075 πάν

2197 2138 2308 2176 των
2353 2121 2545 2193 ῶσπερ
2589 2119 2840 2192 ἑρπετῶν
2895 2121 2977 2182 εἰς
3006 2116 3337 2179 καταδύσεις
3397 2115 3790 2186 χωρησάντων,

2198 2212 2292 2267 τοῦ
2320 2213 2576 2284 δευτέρου
2602 2214 2657 2268 δέ
2685 2213 2747 2268 τὸ
2777 2213 2916 2287 πρὸς
2948 2214 3160 2279 πάντας
3196 2213 3402 2284 ἄφοϐον
3432 2212 3528 2265 καὶ
3558 2212 3778 2282 αίμοχα-

2202 2305 2312 2376 ρέςν
2343 2300 2423 2366 οἷς
2445 2305 2635 2379 ὥσπερ
2676 2324 2761 2370 τις
2786 2305 2895 2360 ἀπὺ
2936 2308 3093 2378 νίκης
3149 2306 3452 2377 ἀθλοφόρος
3494 2301 3781 2374 ἐπανερχά

2201 2413 2361 2465 μενος
2381 2437 2396 2461 ,
2426 2395 2543 2450 ἀλλ’
2582 2397 2641 2450 ού
2677 2397 2873 2469 δήμιος
2909 2398 3220 2468 (τοῦτο-γάρ
3259 2399 3365 2453 ὑπὸ
3389 2398 3488 2467 τῆς
3520 2397 3591 2449 τά
3616 2396 3789 2450 πάντα

2195 2483 2505 2554 διοικούσης
2522 2485 2789 2556 Προνοίας
2814 2486 3325 2557 ἐγένετο).κατάτὴν
3350 2487 3611 2541 πλατεῖαν
3638 2485 3723 2557 διή
3734 2501 3785 2555 p.-

2196 2593 2323 2645 χετο
2353 2576 2472 2630 δέον
2503 2576 2948 2647 ἐγκαλύπτεσθαι
2988 2579 3084 2632 καὶ
3150 2580 3395 2651 θρηνεῖν,
3439 2578 3540 2631 οὐκ
3592 2579 3676 2646 ἐφ’
3711 2570 3789 2639 οἷς

2195 2670 2346 2736 ἀξιον
2374 2663 2514 2741 αἷμα
2561 2669 2789 2735 δικαίως
2834 2671 3053 2743 ἐξέχεεν
3102 2672 3220 2739 (καί
3259 2672 3342 2725 τοί
3371 2688 3433 2740 γε
3465 2670 3590 2723 οὐδὲ
3633 2666 3790 2725 τοῦτο

2196 2764 2308 2818 τῶν
2328 2763 2677 2833 ἐπαινετῶν),
2706 2764 2824 2820 ἀλλ’
2854 2765 2938 2839 ἐφ’
2967 2762 3051 2830 οἷς
3078 2766 3179 2822 οὐκ
3206 2768 3262 2820 ἐν
3280 2764 3419 2835 ἀξίῳ
3460 2764 3633 2831 τόπῳ.
3662 2759 3789 2829 θείῳ

2191 2851 2249 2906 δὲ
2303 2853 2400 2907 καὶ
2432 2853 2681 2925 καθαρῷ,
2712 2858 2821 2909 καὶ
2840 2854 3001 2925 μόνον
3044 2854 3175 2909 ἔνθα
3197 2854 3267 2911 τε
3305 2852 3636 2911 Δεσποτικὸν
3668 2849 3789 2905 καθτ

2192 2944 2410 3018 ἡμέραν
2434 2944 2709 3019 ἐκχέεται,
2749 2946 2859 3000 τῶν
2906 2946 3197 3018 ἡμετέρων
3236 2945 3433 3017 λύτρον
3476 2941 3786 3016 ἁμαρτιῶν,

502 3035 596 3091 sed
624 3035 680 3090 in
716 3035 904 3091 divino
951 3037 1285 3106 mundoque,
1336 3044 1389 3089 et
1429 3035 1482 3088 in
1520 3048 1629 3102 quo
1668 3031 1885 3088 Domini
1930 3033 2207 3091 duntaxat
2264 3037 2495 3109 sanguis
2545 3037 2613 3093 ad
2650 3045 2968 3093 nostrorum
3026 3036 3349 3091 delictorum
3413 3034 3789 3105 scelerumque

500 3128 871 3199 expiationem
902 3129 1149 3199 quotidie
1182 3128 1445 3183 funditur.

570 3241 626 3295 5.
667 3238 867 3295 Verum
923 3240 991 3295 ad
1042 3241 1161 3309 ejus
1216 3241 1453 3311 patriam
1516 3250 1768 3297 recurrat
1818 3243 2090 3310 narratio,
2120 3245 2165 3306 ε

499 3349 626 3389 eum
652 3333 894 3389 medium
926 3349 1241 3400 assumens,
1274 3334 1439 3405 cujus
1468 3350 1527 3391 se
1559 3350 1649 3392 res
1699 3336 1927 3407 exsequi
1960 3351 2090 3407 pro-

502 3427 708 3481 litetur.
738 3426 887 3480 Tulit
912 3425 1061 3482 hunc
1087 3425 1335 3498 Phrygia:
1360 3427 1664 3498 superioris
1690 3428 1907 3496 civitas,
1944 3431 2099 3484 dicta

504 3518 812 3574 Amorium.
846 3517 904 3572 in
948 3534 1010 3573 ea
1042 3517 1356 3574 Iudaeorum
1386 3535 1686 3591 eorumque
1718 3536 1858 3592 quos
1891 3521 2091 3576 Athin-

503 3623 677 3677 ganos
705 3618 907 3663 vocant
939 3608 1196 3679 frequens
1235 3625 1451 3680 semper
1493 3612 1788 3668 multitudo
1818 3613 2100 3669 consedit..

503 3697 608 3751 Sed
644 3706 699 3752 et
729 3697 835 3752 alia
866 3699 1116 3768 quaedam
1168 3698 1415 3767 haeresis,
1446 3718 1511 3758 ex
1542 3704 1775 3759 aliorum
1815 3720 1937 3758 cum
1967 3704 2091 3758 aliis

503 3789 768 3845 societate
796 3790 1024 3861 jugique
1076 3794 1500 3859 consuetudine,
1539 3811 1676 3852 nova
1732 3812 1961 3866 prorsus
1992 3812 2089 3850 ex-

504 3897 614 3951 que
663 3882 823 3938 novis
858 3892 912 3937 et
966 3883 1230 3941 inauditis
1270 3882 1507 3943 decretis
1542 3888 1776 3943 conﬂata
1840 3889 2086 3953 emersit,

502 3974 667 4044 cujus
724 3976 842 4046 ipse
875 3992 1099 4048 quoque
1135 3978 1362 4035 Michael
1422 3989 1644 4050 accepta
1703 3997 1732 4035 a
1790 3981 2091 4051 majoribus

501 4069 897 4138 superstitione
948 4072 1225 4143 particeps
1281 4073 1407 4129 fuit.
1459 4073 1619 4129 Secta
1673 4076 1787 4130 haec
1838 4075 2089 4132 divinum

501 4162 722 4233 quidem
766 4163 1045 4220 lavacrum
1086 4174 1148 4220 ut
1182 4167 1423 4222 salutare
1478 4175 1531 4222 ct
1580 4182 1611 4223 a
1649 4169 1764 4223 suis
1808 4170 2091 4239 explorate

500 4255 745 4325 agnitum
774 4260 1197 4328 probatumque,
1224 4274 1320 4315 eos
1348 4259 1441 4330 qui
1474 4261 1777 4329 initientur,
1809 4262 2090 4331 percipere

498 4348 669 4403 sinit:
708 4348 764 4403 in
814 4349 1025 4421 reliquo
1060 4359 1243 4405 autem
1295 4352 1500 4417 omnia,
1537 4362 1733 4422 praeter
1764 4368 1929 4407 unam
1981 4353 2090 4407 cir-

499 4440 921 4505 cumcisionem,
951 4456 1017 4497 ex
1070 4440 1207 4510 legis
1237 4440 1495 4496 Mosaicae
1548 4442 1656 4495 ritu
1692 4451 1892 4498 servat.
1926 4442 2089 4509 Quis-

498 4531 623 4603 quis
664 4532 769 4587 hac
802 4543 952 4588 secta
1001 4541 1088 4589 est
1119 4531 1395 4596 initiatus,
1425 4542 1817 4603 praeceptorem
1846 4549 1912 4588 ac
1940 4534 2089 4589 velut
2124 4513 2165 4566 θ

498 4623 815 4691 ρνωΐεοιιιηι
841 4624 1130 4680 Hebraeum
1158 4624 1453 4694 quemdam
1480 4625 1594 4681 sive
1616 4624 1900 4681 Hebraearn
1926 4626 2097 4683 divini

498 4730 731 4784 prorsus
764 4726 1045 4786 expertem
1093 4716 1437 4783 baptismatis
1474 4716 1623 4772 domi
1651 4717 1935 4783 liabet,cui
1987 4734 2094 4774 non

500 4809 678 4862 solum
703 4825 765 4863 ea
789 4825 911 4880 quae
931 4807 1000 4863 ad
1023 4808 1269 4863 animum
1299 4823 1363 4862 ac.
1391 4810 1622 4865 salutem
1653 4815 2019 4879 spectant,sed
2044 4826 2098 4869 et

501 4905 577 4959 rei
600 4903 888 4960 familiaris
910 4904 1444 4958 administrationem
1468 4904 1777 4960 connnittat
1799 4907 2097 4978 domuique

500 5011 566 5049 ac
597 4995 920 5050 substantia:
954 5009 1080 5049 eum
1123 4995 1405 5064 praeficiat.
1431 4995 1538 5068 53
1569 4995 1679 5050 Hae
1725 5015 1751 5049 a
1784 5013 1951 5067 puero
1990 4998 2088 5051 Mi-

500 5091 654 5146 chael
684 5089 977 5144 institutus
1032 5087 1261 5159 ejusque
1300 5088 1535 5158 primum
1583 5089 1932 5146 documentis
1988 5092 2089 5145 im-

502 5185 686 5248 butus,
726 5199 793 5238 ne
815 5186 896 5239 sic
929 5182 1151 5254 quidem
1200 5200 1323 5253 qua:
1363 5184 1540 5250 primo
1568 5185 1841 5241 insederat
1876 5187 2089 5254 Opinio—

502 5294 625 5333 nam
674 5294 865 5348 puram
906 5279 1151 5343 retinuit,
1213 5279 1307 5333 sed
1366 5280 1515 5331 velut
1576 5295 1756 5347 prava:
1806 5278 2088 5351 religionis

504 5371 799 5441 notha?th
838 5373 1125 5437 colluvies,
1160 5380 1278 5427 tum
1344 5388 1465 5426 eam
1510 5374 1684 5442 ipsam
1748 5372 1911 5443 paulo
1966 5386 2091 5443 post

505 5462 855 5529 adulteravit,
883 5472 995 5517 tum
1029 5463 1401 5521 Christianam
1456 5481 1519 5519 ac
1558 5464 1843 5521 Iudaicam
1887 5468 2089 5535 spuriis

505 5555 630 5609 aliis
658 5556 931 5625 adjunctis
967 5556 1184 5627 polluit.
1218 5558 1496 5614 Hactenus
1545 5558 1769 5628 quidem
1803 5560 1952 5614 illam
2002 5576 2087 5615 se-

504 5650 771 5717 quebatur
811 5650 977 5718 inque
1011 5649 1223 5703 virilem
1265 5652 1597 5717 provehebat
1635 5659 1871 5715 aetatem,
1930 5668 2088 5721 agre-

2269 3240 2339 3311 γ’.
2385 3239 2526 3295 Ἀλλ’
2568 3248 2663 3294 επι
2691 3241 2792 3311 τὴν
2843 3239 3197 3313 θρεψαμένην
3245 3239 3439 3296 τοῦτον
3485 3243 3518 3314 ή
3575 3240 3790 3314 ἱστορία

2195 3335 2440 3405 ἀγέσθω,
2466 3336 2562 3388 καὶ
2583 3334 2748 3406 μέσον
2781 3335 2947 3388 αὐτὸν
2975 3334 3307 3405 λαμϐανέτω
3330 3318 3398 3390 τά
3420 3335 3586 3390 αὐτοῦ
3620 3339 3778 3407 ἐπαγ-

2194 3430 2462 3500 γέλλουσα
2501 3428 2566 3482 ⁸⁸.
2603 3431 2841 3499 Ἢνεγκε
2876 3426 2975 3499 μὲν
3007 3427 3101 3485 οῦν
3134 3430 3353 3501 αύτὸνή
3384 3430 3525 3486 κατά
3552 3431 3651 3499 τὴν
3681 3430 3791 3485 ἄνω

2193 3524 2436 3590 Φρυγίαν
2469 3519 2625 3584 πόλις
2666 3520 2922 3591 Ἀμόριον
2945 3519 3090 3573 οὕτω
3139 3521 3474 3591 καλουμένη,
3509 3524 3567 3572 ἐν
3619 3514 3653 3595 ᾖ
3698 3523 3789 3573 καὶ

2208 3614 2478 3670 Ἰουδαίων
2535 3615 2629 3669 καί
2672 3631 2837 3667 τινων
2896 3613 3240 3682 ’Δθιγγάνων
3295 3613 3499 3683 πλῆθος
3544 3613 3630 3667 ἀεί
3672 3631 3789 3675 πως

2195 3708 2640 3776 ἐγκατοικίζεται
2666 3723 2680 3738 ο
2711 3704 2808 3759 καί
2839 3721 2923 3767 τις
2964 3704 3021 3758 δὲ
3053 3706 3268 3776 αἵρεσις
3295 3706 3360 3759 ἐκ
3404 3706 3501 3774 τῆς
3541 3704 3789 3773 ἀλλήλων

2196 3801 2485 3862 κοινωνίας
2517 3800 2623 3854 καὶ.⁹
2647 3798 2937 3871 διηνεκοῦς
2956 3798 3178 3868 ὁμιλίας
3210 3797 3399 3851 καινὸν
3426 3797 3628 3868 ἔχουσα
3655 3797 3784 3867 τρό-

2195 3912 2296 3948 πον
2338 3893 2433 3948 καλ⁵
2462 3894 2709 3964 δόγματα
2743 3893 3060 3963 ἐπιφύεται,
3096 3887 3165 3965 ἦς
3200 3890 3294 3945 καὶ
3327 3890 3492 3953 αὐτὸς
3526 3890 3788 3959 μετέσχεν

2194 3985 2261 4040 ἒκ
2296 3987 2553 4057 πατέρων
2602 3984 3012 4057 διαδεξάμενος.
3058 3982 3211 4053 Α’ύτη
3262 3982 3318 4036 δὲ
3363 3982 3460 4035 τοῦ
3506 3981 3605 4052 μὲν
3640 3980 3787 4033 θείου

2195 4078 2422 4151 λουτροῦ
2452 4080 2531 4143 ὡς
2577 4077 2960 4150 σωηριὼδους
3009 4076 3165 4140 ὄντος
3225 4076 3318 4129 καὶ
3347 4074 3480 4145 παρ’
3517 4075 3713 4136 αὐτοὺς
3742 4071 3786 4103 δ’

2193 4154 2677 4243 διωμολογημένου
2756 4170 2884 4233 τοὺς
2926 4169 3291 4240 τελουμένους
3352 4164 3789 4237 μεταλαγχάνειν

2194 4264 2401 4333 ἀνίησι,
2425 4260 2597 4317 τᾶλλα
2621 4262 2679 4315 δὲ
2708 4261 2887 4314 πάντα
2935 4260 3097 4325 σώζει
3134 4258 3487 4327 φυλάττουσα
3525 4256 3669 4309 κατά
3701 4255 3788 4307 νό-

2198 4372 2299 4424 μον
2355 4356 2446 4408 τδν
2496 4353 2827 4415 Μωσαῦιὺν,
2900 4352 3043 4421 πλὴν
3093 4351 3194 4420 τῆς
3248 4349 3579 4421 περιτομῆς.
3633 4348 3789 4403 Διδά-

2197 4446 2399 4499 σκαλον
2445 4445 2502 4498 δέ
2533 4443 2629 4497 καὶ
2655 4438 2769 4497 οἷον
2803 4443 3035 4513 ἔξαρχον
3062 4444 3090 4495 ὁ
3122 4441 3299 4514 ταύτῃ
3338 4456 3786 4512 μεμυσταγωγη-

2202 4540 2363 4610 μένος
2409 4539 2659 4611 Ἑϐραίόν
2689 4556 2813 4592 τινα
2831 4538 2873 4609 ἢ,
2912 4537 3170 4609 Ἐὁραῖδα
3192 4537 3482 4608 κέκτηται,
3513 4538 3608 4592 τοῦ
3638 4536 3785 4591 θείου

2200 4631 2403 4697 τελέως
2452 4631 2830 4702 βαπτίσματος
2885 4631 3251 4703 ἀπεχόμενον,
3284 4630 3427 4684 κατά
3459 4631 3551 4684 τὸν
3594 4629 3795 4687 ἑαυτοῦ.

2200 4719 2371 4788 οἶκον,
2400 4717 2446 4792 ᾧ
2474 4725 2569 4778 καὶ
2596 4723 2665 4777 τὰ
2692 4721 2890 4776 ἑαυτοῦ
2921 4721 2982 4776 οὐ
3015 4722 3177 4793 μόνον
3207 4722 3276 4775 τὰ
3306 4719 3533 4792 ψυχικά,
3565 4719 3702 4773 ἀλλὰ
3723 4719 3788 4789 δὴ

2200 4821 2423 4884 καὶτὰς
2452 4821 2575 4873 κατ’
2613 4815 2761 4874 οἷκον
2791 4818 3109 4889 οἰκονομίας
3147 4815 3494 4889 ἐμπιστεύει,
3532 4816 3626 4871 καὶ
3683 4816 3789 4869 ὑπὸ

2202 4915 2362 4984 χεῖρα
2408 4912 2595 4967 δίδωσι
2643 4910 2730 4983 [Ρ.
2774 4909 2883 4984 28],
2920 4910 3022 4980 τὴν
3075 4907 3266 4962 αὐτοῦ.
3310 4906 3530 4976 Ταύτης
3581 4902 3676 4959 οὖν
3724 4908 3789 4959 ἐκ

2204 5006 2393 5070 παιδὸς
2419 5004 2707 5077 μετασχὼν
2727 5006 2820 5059 καὶ
2888 5003 2984 5076 τὴν
2999 5001 3178 5072 ψυχὴν
3198 4997 3675 5069 προκαταληφθείς
3688 4998 3788 5051 οὐκ

2201 5092 2349 5168 εἶχεν
2383 5097 2490 5150 οὐδ’
2519 5094 2692 5160 οὕτως
2739 5094 2801 5148 τὸ
2855 5096 2956 5163 τῆς
2983 5088 3309 5161 προλήψεως
3365 5086 3625 5157 καθαρὸν,
3671 5085 3787 5139 ἀλλ’

2200 5185 2313 5243 οἶόν
2350 5207 2433 5252 τις
2462 5189 2720 5251 ἀπιστίας
2751 5187 2969 5250 σύνοδος
2999 5182 3241 5254 γεγονὼς
3292 5182 3429 5253 ὁμοῦ
3462 5199 3520 5234 τε
3585 5180 3789 5250 ταύτην

2200 5284 2261 5338 οὐ
2295 5284 2484 5356 πόῤῥω
2514 5282 2807 5353 γενόμενος
2843 5276 3226 5349 παρεχάραξεν
3255 5280 3350 5328 καὶ
3382 5274 3481 5345 τὴν
3523 5275 3787 5345 Χριστια-

2201 5378 2307 5431 νῶν
2368 5376 2771 5448 παρενόθευσεν
2835 5374 2931 5425 καὶ
2975 5371 3075 5442 τὴν
3118 5367 3419 5439 Ἰουδαῖκὴν
3478 5367 3789 5439 ἐκιϐδήλευ-

2202 5487 2313 5523 σεν.
2357 5468 2509 5531 Τέως
2545 5468 2644 5537 μὲν
2701 5459 2795 5518 οὖν
2831 5464 3009 5535 εἴχετο
3060 5461 3252 5530 αὐτῆς,
3295 5461 3387 5513 καὶ
3418 5459 3517 5531 τὴν
3571 5460 3651 5521 είς
3690 5459 3784 5512 ἄν-

2198 5565 2334 5633 δρας
2364 5562 2625 5615 τελοῦσαν
2660 5559 2878 5631 ἠλικίαν
2922 5558 3176 5628 ἀνήγετο,
3206 5550 3494 5622 ἀγροικίαν
3517 5553 3609 5606 καὶ
3640 5553 3786 5621 ἀμα-

2201 5656 2324 5710 θίαν
2359 5654 2548 5726 ὦσπερ
2568 5654 2724 5718 τινὰς
2748 5652 2935 5716 ἕλικας
2970 5649 3212 5722 ἄμπελος
3250 5646 3604 5709 σννανιοῦσας
3642 5644 3783 5715 ἔχων

1779 5746 2007 5801 νΑιιιΑΕ
2047 5747 2454 5805 LECTIUNES.

576 5830 620 5861 ³⁸
656 5830 1117 5897 ἀπαγγέλλουσαί
1222 5833 1263 5861 ³⁷
1297 5833 1517 5897 αὐτοίςῖ
