4200 6448
529 326 600 391 59
1612 341 1625 356 ο
1638 315 2146 389 THEOPHANES
2181 315 2743 377 CONTINUATUS.
3740 318 3817 383 60

609 435 664 492 6.
703 429 913 501 Suhjici
941 427 1161 501 quidem
1219 427 1393 485 multa
1450 427 1555 489 arti
1589 428 1893 494 divinandi,
1935 426 2117 485 avium
2149 433 2196 491 Α

2154 433 2196 491 Α
2296 427 2369 495 ς’.
2404 423 2558 484 Εἶναι
2593 428 2693 499 μὲν
2719 427 2813 481 οὖν
2836 428 3001 502 τέχνῃ
3026 430 3095 499 τῇ
3129 431 3367 502 μαντικῇ
3389 428 3557 485 πολλὰ
3581 431 3649 489 τὰ
3672 432 3813 488 ὑπο-

534 528 770 591 volatus.
808 537 1002 595 gruum
1043 519 1289 591 agmina,
1344 521 1527 587 omnis
1576 523 1794 591 generis
1828 534 2121 591 corporum

2227 520 2482 590 κείμενα,
2519 518 2750 592 ὀρνίθων
2778 535 2836 573 τε
2868 520 3100 591 πτήσεις
3135 520 3363 590 ὀνείρων
3397 538 3456 574 τε
3485 522 3687 590 ἀγέλας
3716 525 3810 579 καὶ

536 619 822 690 extispicia
862 624 917 672 et
943 613 1332 681 dissectioues,
1368 629 1437 673 ne
1469 630 1615 672 unus
1656 616 1772 685 ipse
1801 630 1868 675 ac
1894 614 2126 684 exiguus

2228 613 2498 669 παντοίων
2528 614 2799 683 σωμάτων
2840 612 3134 683 διεντόμων
3194 613 3345 678 θέας,
3380 614 3467 667 ἵνα
3495 615 3568 686 μὴ
3598 617 3815 681 πολλοῖς

536 714 804 771 adversus
834 708 1040 765 multos
1063 707 1469 767 contentiosius
1499 723 1680 778 agam,
1714 708 1861 767 haud
1888 708 2125 767 multum

2228 706 2410 774 ὀλίγος
2435 703 2747 775 φιλονεικῶ,
2791 703 2892 758 οὐκ
2940 704 3034 757 ἐπὶ
3066 705 3199 759 πολὺ
3230 704 3523 777 διοίσομαι.
3554 702 3709 761 Εἶναι
3755 708 3815 762 δὲ

537 805 851 865 abnuerim.
896 801 988 857 Sic
1041 809 1227 857 autem
1258 800 1503 859 exerceri
1532 808 1593 856 ut
1621 799 1825 861 munda
1860 800 1935 857 sit
1962 800 2128 854 nihil-

2230 798 2479 869 καθαρὰν
2496 798 2589 851 καὶ
2610 798 2878 868 δαιμόνων
2904 798 3067 852 τινῶν
3103 799 3258 863 ἐκτὸς
3277 800 3604 873 ὑπηρεσίας.
3625 801 3821 873 πόῤῥω

538 914 646 971 que
680 914 776 969 per
833 911 954 952 eam
1003 894 1349 955 daemonibus
1395 893 1647 963 obsequii
1699 901 2004 963 praestetur,
2036 892 2130 961 qui

2280 892 2369 947 εοῦ
2395 892 2486 945 τὸν
2522 891 2813 960 ἄνθρωπον
2842 891 3251 957 σπουδαζόντων
3280 892 3484 963 βαλεῖν,
3508 892 3619 946 οὔτ’
3650 892 3820 956 αὐτὸς
3930 962 3935 965 1

538 989 734 1063 procul
768 1004 798 1051 a
829 987 939 1043 Deo
970 987 1247 1047 hominem
1302 985 1522 1056 abigere
1567 985 1847 1051 studeant,
1893 1000 1994 1040 nec
2031 998 2130 1053 ego

2233 982 2446 1052 εἴποιμι
2490 981 2601 1036 οὒτ’
2633 983 2813 1049 ἄλλος,
2845 977 3022 1053 οἶμαι,
3064 984 3173 1037 τῶν
3203 984 3547 1054 φρονούντων
3582 984 3663 1054 εὖ,
3692 986 3822 1039 ἐπεὶ

541 1082 799 1147 dixerim,
833 1094 935 1134 nec
972 1093 1162 1133 eorum
1206 1086 1387 1147 putem
1428 1077 1631 1146 aliquis
1662 1077 1758 1147 qui
1808 1086 1955 1135 recte
1994 1092 2123 1131 sen-

2234 1078 2483 1141 καὶτοὺς
2520 1078 2619 1133 οὐκ
2658 1077 2929 1147 εἰλικρινῆ
2964 1094 3087 1131 τινα
3122 1078 3237 1148 βίον
3267 1076 3562 1142 διώκοντας
3594 1079 3689 1131 καὶ
3718 1095 3805 1132 κα·

542 1176 703 1241 tiant,
737 1188 862 1231 cum
904 1180 961 1228 et
1010 1186 1108 1229 eos
1158 1170 1253 1240 qui
1286 1169 1432 1225 haud
1485 1169 1770 1225 sincerum
1822 1185 2132 1240 purumque

2237 1170 2422 1241 θαρδν,
2467 1171 2595 1234 τοὺς
2646 1170 3022 1231 ἀσπούδαστον
3074 1169 3131 1221 δὲ
3167 1171 3263 1223 καὶ
3312 1170 3690 1240 ἀνελεύθερον,
3722 1164 3827 1241 τὴν

542 1265 671 1320 vitae
710 1278 884 1335 genus
914 1269 1324 1326 consectentur,
1367 1259 1461 1316 sed
1495 1260 1810 1315 illaudabile
1852 1276 1917 1315 ac
1957 1260 2132 1315 illibe-

2237 1259 2440 1329 ἀκριϐῆ
2494 1258 2698 1327 γνῶσιν
2750 1257 2957 1328 ταύτης
2995 1259 3180 1313 λαϐεῖν
3215 1260 3557 1329 ἀκηκόαμεν.
3610 1260 3675 1313 Τί
3732 1277 3829 1331 μοι

544 1357 681 1423 rale,
708 1356 829 1426 ejus
863 1352 1104 1425 perfecte
1153 1352 1379 1419 adeptos
1414 1350 1703 1406 scientiam
1734 1351 2133 1408 audiverimus.

2236 1349 2397 1407 τοῦτο
2420 1350 2480 1404 τὸ
2515 1350 2688 1423 παρὸν
2723 1351 3020 1422 ἐζήτηται;
3052 1352 3171 1405 Ἵνα
3205 1353 3281 1423 μή
3314 1370 3396 1415 τις
3425 1351 3682 1422 ἐπιπνοίᾳ
3703 1352 3829 1422 θείᾳ

546 1448 821 1517 Quorsum
852 1447 966 1502 haec
998 1459 1030 1501 a
1060 1458 1144 1498 me
1162 1442 1326 1497 modo
1348 1452 1492 1499 mota
1516 1443 1753 1513 quaestio
1781 1444 1907 1501 est?
1932 1443 2136 1514 Nempe

2238 1444 2366 1506 τοὺς
2394 1444 2522 1513 περὶ
2580 1443 2753 1497 ταῦτα
2802 1443 3236 1515 ἀσχολουμένους
3262 1445 3461 1518 νομίζῃ
3502 1463 3556 1501 τι
3586 1445 3834 1501 τοιοῦτον

545 1557 617 1597 ne
644 1541 768 1611 quis
803 1537 1058 1595 homines
1099 1536 1210 1590 illis
1242 1535 1443 1590 studiis
1476 1535 1689 1592 deditos
1719 1535 1989 1606 ejusmodi
2035 1536 2137 1591 ali-

2240 1535 2541 1605 διασαφεῖν,
2568 1537 2666 1591 καὶ
2688 1536 2861 1597 αἴτιον
2886 1540 3012 1609 ποιῇ
3047 1538 3137 1591 τὸν
3173 1537 3306 1591 Θεὸν
3334 1538 3437 1608 τῆς
3466 1537 3653 1592 ἀδίκου
3688 1539 3834 1606 γνῷς

546 1633 676 1706 quid
708 1631 893 1687 divino
924 1628 1109 1684 afﬂatu
1141 1627 1290 1699 loqui
1326 1627 1623 1695 existimet,
1645 1636 1742 1689 aut
1766 1628 1933 1683 Deum
1956 1643 2137 1699 pravae

2245 1646 2352 1699 μης
2385 1628 2588 1691 αὐτῶν,
2640 1630 2807 1691 ταυτὸ
2835 1630 2880 1684 δ’
2908 1631 3086 1683 εἰπεῖν
3137 1633 3231 1684 καὶ
3278 1630 3501 1701 ἀρχῆς,·
3536 1631 3670 1702 μηδὲ
3703 1631 3837 1699 τοὺς

546 1738 736 1780 eorum
762 1720 1063 1776 voluntatis
1092 1718 1259 1774 faciat
1284 1726 1596 1782 auctorem,
1638 1719 1747 1785 vel,
1803 1719 1952 1787 quod
1991 1720 2134 1774 idem
2173 1783 2205 1795 κ

2180 1783 2211 1795 _
2243 1720 2582 1786 ἐπιδιδόντας
2639 1722 2853 1787 τούτοις
2914 1724 3140 1787 ἑαυτοὺς
3188 1724 3333 1794 ἔχειν
3364 1724 3489 1778 νοῦν
3510 1723 3694 1795 οἰηθῇ,
3734 1722 3839 1779 ἅτε

549 1817 644 1882 sit,
679 1816 846 1870 etiam
879 1812 1095 1884 imperii
1118 1830 1133 1880 ;
1154 1826 1330 1883 neque
1360 1811 1460 1867 hos
1488 1812 1581 1881 qui
1604 1826 1663 1869 se
1685 1783 1810 1870 istis
1824 1783 2140 1867 dediderint
2171 1783 2208 1843 Β

2190 1784 2214 1841 3
2244 1815 2338 1870 καὶ
2368 1783 2579 1869 πολλῶν
2607 1817 2729 1870 καθ’
2762 1783 2980 1889 ἡμέραν
3003 1783 3494 1887 ἀποτυγὶανόντων
3519 1783 3614 1871 καλ
3645 1783 3849 1872 uitio)».

548 1907 700 1963 viros
734 1904 874 1973 frugi
910 1919 975 1958 ac
999 1903 1300 1975 prudentes
1333 1902 1540 1966 credat,
1576 1917 1703 1959 cum
1739 1904 1943 1959 multos
1970 1904 2145 1970 quoti-

2245 1907 2546 1978 γινομένων
2572 1910 2671 1978 τῆς
2694 1907 2973 1971 ἀπωλείας
2996 1908 3197 1963 αὐτῶν.
3230 1908 3392 1961 ’Δλλά
3414 1907 3504 1959 τὸν
3526 1907 3851 1979 ἀρχέκακον

553 1997 642 2055 die
671 1997 851 2053 exitus
876 1994 1047 2061 fallat,
1075 1994 1292 2064 sibique
1316 1993 1442 2049 inde
1472 1994 1576 2067 ipsi
1608 1994 1889 2051 interitum
1920 1996 2139 2052 consci-

2245 1997 2369 2066 ὅφιν
2399 1998 2756 2066 καταιτιῷτο,
2794 1999 2872 2062 ὡς
2924 1997 3067 2052 κατὰ
3105 1997 3205 2070 τὴν
3236 1999 3562 2068 οἰκουμένην
3603 2000 3846 2070 ἐμπερι-

555 2098 715 2148 scant
742 2108 756 2144 :
787 2089 881 2147 sed
916 2087 1134 2158 culpam
1187 2101 1408 2141 omnem
1454 2086 1511 2141 in
1564 2088 1832 2144 malorum
1863 2100 2143 2143 auctorem

2247 2089 2437 2143 πατῶν
2483 2089 2579 2147 καὶ
2620 2090 2829 2160 ὄργανα
2871 2090 3314 2161 καταλαμϐάνων
3370 2090 3608 2162 ἁρμόδια
3633 2090 3737 2144 οὐκ
3784 2092 3850 2145 ἒν

556 2188 866 2252 serpentem
896 2178 1163 2244 conferat,
1184 2177 1278 2250 qui
1308 2179 1496 2234 orbem
1518 2179 1907 2249 perambulans
1933 2180 2149 2251 sibique

2246 2181 2385 2252 τῷδε
2442 2181 2588 2252 μόνῳ
2621 2181 2654 2252 ἢ
2694 2181 2830 2252 τῷδε
2860 2182 2936 2253 τῷ
2974 2182 3252 2253 ἀνθρώπῳ
3287 2182 3357 2239 τὰ
3390 2184 3519 2253 περὶ
3550 2184 3650 2252 τῆς
3685 2182 3849 2253 βασι-

561 2274 758 2337 idonea
782 2282 981 2329 nactus
1014 2286 1221 2342 organa
1253 2286 1360 2329 non
1387 2272 1442 2327 in
1474 2288 1586 2328 uno
1626 2272 1898 2330 duntaxat
1930 2282 2027 2331 aut
2067 2273 2148 2328 al-

2249 2272 2397 2341 λείας
2441 2274 2736 2346 σπέρματα
2799 2275 3154 2339 καταϐάλλει,
3204 2274 3319 2328 ἀλλ’
3369 2275 3426 2328 ὲν
3460 2274 3696 2343 πολλοῖς,
3749 2275 3852 2329 καὶ

560 2375 679 2421 tero
711 2365 934 2420 homine
965 2364 1179 2436 imperii
1208 2378 1272 2421 ac
1304 2364 1607 2434 tyrannidis
1625 2365 1759 2434 jacit
1788 2364 2022 2432 semina,
2054 2365 2148 2420 sed

2251 2368 2475 2431 τούτους
2502 2368 2816 2423 ἀναπείθων
2845 2386 2903 2423 τε
2929 2370 3023 2423 καὶ
3054 2370 3221 2439 κινῶν
3255 2368 3570 2425 ἐπιϐάλλειν
3601 2369 3697 2439 μὲν
3721 2367 3852 2421 πεί.-

561 2461 619 2535 in
652 2460 874 2528 multis;
906 2461 1118 2530 hosque
1148 2460 1464 2515 subornans
1500 2467 1556 2514 et
1590 2459 1883 2531 instigans,
1917 2467 1977 2514 ut
2022 2460 2146 2515 ado~

2254 2460 2337 2514 θει
2361 2460 2456 2515 καὶ
2481 2461 2691 2532 δήμους
2715 2461 3047 2532 ἀνατρέπειν
3082 2463 3176 2515 καὶ
3208 2462 3509 2532 ἐμφυλίους
3538 2463 3716 2531 μάχας
3749 2464 3853 2532 ἐρα

561 2555 778 2611 riantur
800 2554 1145 2625 populosque
1160 2559 1413 2608 evertant
1438 2568 1503 2608 ac
1524 2552 1667 2608 bella
1688 2553 1868 2609 civilia
1888 2552 2144 2619 conilent,

2254 2554 2542 2624 γάζεσθαι,
2572 2556 2713 2608 κατά
2736 2554 2835 2625 τὴν
2872 2556 3061 2610 εἰκόνα
3086 2555 3179 2608 τοῦ
3208 2556 3392 2618 λίθους
3435 2555 3697 2618 πολλάκις
3743 2555 3851 2611 ἐπ-

560 2644 674 2719 46
713 2646 820 2701 illis
851 2654 1045 2702 auctor
1076 2646 1317 2714 exsistit,
1352 2646 1501 2703 haud
1539 2646 1654 2702 fere
1675 2647 1833 2702 aliter
1859 2662 1923 2702 ac
1948 2663 2149 2713 caecus,

2256 2648 2508 2716 αφιέντος
2545 2649 2656 2701 τισὶ
2694 2648 2895 2715 τυφλοῦ
2923 2664 2937 2676 ’
2992 2648 3221 2711 πολλοὺς
3277 2650 3386 2720 γὰρ
3443 2648 3652 2719 βάλλων
3707 2647 3855 2717 τάχα

563 2741 659 2812 qui
695 2754 839 2810 saepe
870 2739 1080 2810 lapides
1102 2740 1287 2805 mittat
1320 2756 1334 2793 :
1368 2739 1555 2810 plures
1584 2741 1730 2799 enim
1761 2742 1993 2810 petendo
2014 2740 2156 2797 forte

2259 2738 2345 2812 [P.
2376 2738 2467 2812 50]
2501 2741 2597 2794 καὶ
2631 2741 2707 2811 μὴ
2733 2741 2877 2812 ὁρῶν
2915 2741 3012 2811 est
3041 2742 3135 2799 καὶ
3169 2742 3321 2811 μόλις
3361 2741 3456 2795 τοῦ
3518 2740 3857 2810 βαλλομένου

565 2832 851 2902 contingat
875 2840 1014 2889 utet
1040 2847 1151 2887 non
1176 2832 1397 2898 videns,
1430 2833 1610 2902 ipsum
1639 2849 1805 2903 quem
1836 2833 2022 2891 animo
2042 2848 2158 2888 me-

2259 2833 2747 2902 καταστοχάξοιτο.
2775 2833 2964 2888 Ταῦτα
2997 2835 3094 2902 μὲν
3121 2831 3213 2890 οὖν
3243 2836 3374 2904 ἡμῖν
3408 2833 3561 2902 παρά
3594 2830 3855 2902 θεωρίαν,

564 2925 793 2991 ditatur,
847 2925 1066 2993 tandem
1120 2924 1418 2993 aliquando
1465 2934 1794 2995 assequaLur
1854 2940 1922 2983 ao
1973 2924 2154 2983 feriat.

2259 2927 2347 2980 ἵνα
2372 2926 2448 2998 μὴ
2471 2926 2548 2997 τῷ
2570 2926 2712 2996 Θείῳ
2742 2927 3005 2998 ἀναφέροι
3030 2944 3115 2989 τις
3143 2926 3241 2988 τὰς
3278 2924 3534 2987 τοιαύτας
3566 2924 3675 2978 τῶν
3706 2925 3856 2994 πρόι-

564 3015 697 3072 Haec
751 3018 939 3088 itaque
975 3016 1138 3077 nobis
1180 3026 1337 3075 extra
1390 3016 1633 3079 historiae
1682 3018 1863 3083 filum,
1912 3033 1982 3077 ne
2032 3020 2157 3090 quis

2264 3020 2398 3084 ξεων
2429 3022 2565 3091 μηδὲ
2592 3020 2658 3090 δὴ
2687 3020 2787 3083 τὰς
2810 3019 3184 3090 πονηροτέρας
3231 3018 3427 3089 ἀρχὰς,
3461 3018 3642 3087 ἐκείνῃ
3695 3016 3752 3070 δὲ
3784 3020 3856 3088 τῇ

566 3115 723 3173 actus
748 3106 1017 3179 ejusmodi
1050 3108 1106 3164 in
1133 3108 1314 3179 ipsum
1346 3106 1559 3165 Numen
1606 3108 1849 3175 referat,’
1882 3117 1980 3173 aut
2023 3126 2155 3171 sane
2181 3124 2225 3187 α

2196 3124 2225 3187 ]
2263 3114 2512 3185 Γραφικῇ
2541 3112 2905 3183 βοηθούμενος
2926 3112 3330 3182 μαρτυρίᾳ,τῇ,
3358 3110 3625 3179 Ἑαυτοῖς
3649 3110 3855 3163 ἐϐασί-

568 3200 843 3267 scelerum
885 3202 1003 3272 ipsa
1047 3201 1429 3272 magnitudine
1482 3200 1780 3265 illustriora
1826 3202 2056 3273 imperia
2104 3205 2155 3265 ei

1717 3216 1780 3255 εδ
1826 3202 2056 3273 imperia
2104 3205 2155 3265 ei
2265 3211 2522 3269 λευσαν,
2551 3204 2805 3276 λεγούσῃ,
2843 3204 2983 3259 ἀλλ’
3008 3202 3173 3259 οὺ.δι’
3208 3204 3376 3275 ἐμοῦ.

570 3295 799 3363 tribuat,
835 3294 925 3359 illa
970 3297 1275 3365 praesertim
1340 3292 1514 3359 fultus
1578 3296 1937 3363 auctoritate,
1991 3310 2102 3366 qua
2168 3295 2369 3359 dicitur
2421 3316 2434 3353 :
2503 3296 2582 3353 Ea;
2670 3297 2965 3365 semetipsis
3023 3306 3393 3365 regnaverunt,
3446 3296 3534 3354 sed
3606 3312 3711 3351 non
3764 3310 3857 3365 per

574 3404 658 3443 me
682 3397 730 3443 θ.

3239 3396 3246 3409 θ

645 3483 701 3537 7.
733 3481 967 3538 Michael
994 3496 1126 3553 ergo
1164 3483 1312 3540 hanc
1354 3482 1496 3545 vatis
1527 3483 1677 3547 illius
1721 3484 2022 3556 Athingani
2062 3499 2161 3542 v.0-

2344 3483 2409 3549 ξ’.
2437 3481 2654 3552 Ταύτην
2675 3482 2766 3541 οὖν
2789 3483 2890 3554 τὴν
2921 3482 3016 3537 τοῦ
3046 3482 3375 3551 Ἀθιγγανου
3403 3482 3649 3553 μάντεως
3676 3480 3864 3552 φωνὴν

575 3592 695 3634 cem
727 3586 986 3646 tanquam
1014 3576 1255 3632 divinum
1290 3579 1582 3634 oraculum
1616 3579 1847 3636 auribus
1874 3578 2161 3642 hauriens,

2247 3577 2346 3639 ,ὡς
2375 3576 2528 3630 θείαν
2574 3576 2699 3629 τινὰ
2747 3577 3056 3647 πρόρρησιν
3087 3577 3115 3628 ό
3166 3575 3389 3645 Μιχαὴλ
3419 3575 3733 3647 ὲνηχηθιὶς,
3762 3572 3867 3629 καὶ

574 3686 643 3727 ac
670 3685 867 3729 rursus
914 3684 1036 3729 sero
1089 3670 1308 3729 tandem
1366 3669 1816 3731 Philomeliensis
1872 3671 2159 3736 monachi,

2274 3664 2432 3732 αὖθις
2452 3669 2549 3739 ὀψέ
2578 3687 2706 3722 ποτε
2734 3669 2832 3738 τὴν
2855 3669 2996 3727 κατὰ
3027 3668 3087 3723 τὸ
3119 3667 3463 3737 Φιλομήλιον,
3488 3666 3564 3729 ὥς
3603 3682 3694 3735 μοι
3727 3666 3869 3737 πρό-

574 3777 745 3834 qnam
772 3762 1026 3831 superius
1056 3762 1245 3828 retuli,
1294 3763 1707 3833 praedictionem
1732 3763 2007 3827 recolens,
2047 3778 2164 3819 ma—

2273 3778 2432 3837 τερον
2458 3759 2693 3830 εἴρηται,
2712 3759 2803 3813 τὸν
2828 3758 2923 3815 τοῦ
2950 3758 3179 3820 Λέοντος
3195 3756 3354 3825 φόνον
3380 3757 3718 3828 θρασύ.τερόν
3742 3774 3872 3820 πως

572 3855 682 3927 jori
713 3853 945 3910 audacia
983 3854 1440 3927 impudentiaque
1493 3856 1695 3913 Leonis
1719 3858 1924 3913 caedem
1975 3857 2170 3927 imple-

2270 3853 2800 3926 μεταχειρισάμενος
2858 3849 3244 3919 ὲξεπλήρωσεν
3273 3888 3289 3914 ,
3356 3849 3545 3907 ἔκτοτε
3625 3849 3875 3919 μελέτην

576 3950 686 4015 vit;
719 3962 1055 4018 rursumque
1081 3958 1397 4019 perpetrato
1420 3948 1664 4007 facinore
1688 3950 1856 4005 citius
1875 3966 2039 4020 quam
2070 3966 2170 4021 pro

2266 3947 2426 4008 τοῦτο
2446 3948 2667 4019 διηνεκῆ
2703 3942 2869 4013 σχὼν,
2891 3942 2986 4001 καὶ
3018 3937 3177 4004 αὖθις
3199 3944 3298 4013 τὴν
3335 3943 3417 4005 είς
3442 3940 3536 3997 τὸν
3568 3941 3711 3999 θεῖον
3737 3941 3878 3995 ναὸν

576 4038 803 4099 honesti
834 4040 1076 4110 rectique
1104 4040 1319 4101 ratione
1347 4041 1419 4097 ad
1444 4041 1692 4099 divinum
1729 4042 2016 4113 templum,
2054 4044 2173 4115 pari

2272 4042 2469 4099 θᾶττον
2497 4040 2532 4112 ἢ
2564 4039 2672 4093 ἔδει
2702 4036 3059 4109 θαρρούντως
3087 4034 3450 4105 ἐξειργάσατο
3477 4033 3727 4105 πρόοδον,
3763 4050 3876 4086 κα-

578 4130 773 4191 itidem
826 4133 1085 4202 procacia
1144 4132 1513 4204 audaciaque,
1563 4136 1857 4205 processit,
1910 4137 2055 4191 male
2115 4151 2176 4193 se

2273 4134 2371 4198 κὸς
2403 4133 2502 4203 μὲν
2535 4131 2666 4203 περὶ
2713 4130 2805 4187 τὸν
2836 4130 3055 4201 πρῶτον
3084 4128 3383 4198 εὐεργέτην
3414 4126 3626 4195 φανεὶς,
3662 4127 3873 4179 ἐκεῖνον

579 4241 707 4297 erga
757 4240 882 4281 eum
919 4226 1016 4295 qui
1050 4227 1209 4296 prior
1236 4226 1508 4286 beneﬁcio
1558 4228 1907 4285 demerucrat
1934 4228 2177 4299 (Barda-

2274 4229 2340 4298 δὴ
2368 4228 2460 4280 τὸν
2499 4224 2792 4294 εἰρημένον
2849 4222 3166 4293 Βαρδάνιον,
3224 4218 3437 4273 κακίων
3492 4218 3550 4272 δὲ
3609 4218 3739 4289 περὶ
3776 4219 3871 4271 τὸν

578 4319 733 4373 nium
765 4318 1011 4386 scilicet)
1041 4333 1260 4387 gerens,
1293 4317 1560 4387 pejusque
1613 4320 1661 4375 ei
1692 4321 1786 4389 qui
1808 4320 2062 4376 beneficii
2090 4337 2177 4389 se-

2274 4317 2530 4385 δεύτερον
2578 4314 2807 4375 Λέοντα,
2857 4314 2980 4366 ὅσον
3035 4312 3130 4364 καὶ
3172 4308 3266 4362 τὸν
3307 4308 3422 4365 υἱὸν
3482 4307 3647 4365 αὐτοῦ
3677 4308 3743 4361 ὲκ
3772 4307 3869 4361 τοῦ

580 4411 792 4466 cundas
826 4410 878 4467 in
900 4424 1025 4467 eum
1056 4418 1242 4477 partes
1274 4408 1598 4478 impleverat
1632 4411 1719 4478 (id
1742 4420 1828 4465 cst
1856 4409 2047 4477 Leoni,
2078 4412 2177 4481 qui

2280 4411 2425 4467 θείου
2454 4406 2833 4477 βαπτίσματος
2858 4401 3319 4472 υίοθετηοάμενος
3339 4395 3429 4470 ἦν.
3462 4399 3612 4471 Πλὴν
3633 4399 3869 4470 ἀπόμοι-

581 4513 636 4557 et
661 4503 782 4572 ejus
816 4502 989 4559 ﬁlium
1020 4515 1053 4557 θ
1085 4515 1245 4559 sacro
1275 4501 1611 4570 baptismate
1643 4502 2040 4574 adoptaverat)
2071 4504 2178 4557 ho—
2209 4570 2239 4574 _

2212 4570 2239 4574 _
2289 4504 2387 4573 ράν
2443 4515 2568 4551 τινα
2605 4497 2842 4553 ποιεῖται
2880 4495 2975 4551 καὶ
3008 4494 3147 4565 πρὸς
3178 4493 3482 4548 ἀπόλαυσιν
3514 4492 3871 4564 χορηγεῖσθαι

584 4597 794 4650 minum
824 4595 1242 4665 ingratissimus
1272 4594 1423 4649 vices
1454 4594 1710 4651 reddens.
1739 4593 2011 4650 Caeterum
2048 4612 2177 4664 por-
2209 4570 2243 4629 D

2213 4570 2257 4629 θ
2284 4594 2517 4667 πράττει
2550 4592 2661 4650 τοῖς
2692 4587 2786 4641 τοῦ
2809 4587 3038 4649 Λέοντος
3069 4587 3260 4643 παισὶν
3308 4588 3427 4655 ἅμα
3454 4588 3522 4657 τῇ
3547 4586 3740 4639 τούτου
3767 4602 3872 4654 μη-

584 4692 794 4742 tionem
836 4687 1134 4756 quamdam
1158 4702 1224 4742 ex
1273 4687 1571 4757 publicatis
1611 4686 1810 4743 Leonis
1840 4687 2001 4743 bonis
2042 4688 2177 4744 sub-

2279 4688 2371 4759 τρί
2408 4705 2468 4740 τε
2497 4687 2592 4742 καὶ
2614 4684 2831 4754 γαμετῇ
2860 4684 2923 4735 ὲκ
2958 4680 3067 4737 τῶν
3096 4678 3542 4749 ἐκκομισθέντων
3574 4678 3873 4746 κτημάτων

584 4783 761 4846 ducit,
790 4798 959 4853 quam
978 4782 1331 4838 illiusliberis
1355 4782 1627 4856 matrique
1643 4799 1709 4838 ac
1731 4784 1889 4838 uxori
1922 4783 2179 4839 utendam

2282 4781 2469 4847 αὑτοῦ,
2487 4780 2582 4834 καί
2611 4795 2762 4840 τινας
2786 4777 2895 4829 τῶν
2923 4771 3117 4828 ἑαυτοῦ
3144 4772 3353 4825 παίδων
3373 4770 3509 4841 πρὸς
3540 4770 3873 4840 ὑπηρεσίαν,

585 4875 835 4937 ὀρθοτοῇ
867 4892 881 4940 ;
915 4876 1186 4944 Quosdam
1221 4890 1446 4945 quoque
1482 4877 1632 4932 illius
1666 4892 1882 4944 servos,
1918 4878 2022 4933 etsi
2069 4894 2181 4933 non

2283 4878 2331 4929 εί
2370 4872 2465 4927 καὶ
2504 4872 2578 4942 μὴ
2606 4869 2836 4933 πάντας,
2869 4868 3054 4928 αὐτοῖς
3101 4864 3433 4935 ἐδωρήσατο,
3467 4865 3533 4933 τῇ
3569 4862 3740 4932 μητρὶ
3773 4862 3878 4932 μὲν

587 4984 807 5032 omnes,
836 4968 924 5022 eis
948 4970 1001 5023 in
1030 4969 1362 5038 obsequium
1384 4969 1631 5025 donavit.
1672 4972 1751 5029 Ac
1770 4972 1931 5026 matri
1959 4972 2181 5041 quidem

2285 4967 2380 5023 καὶ
2409 4967 2627 5035 γαμετῇ
2661 4966 2740 5026 είς
2776 4962 2874 5032 τὴν
2910 4960 3079 5030 μονὴν
3108 4959 3208 5027 τὴν
3235 4955 3383 5009 οὕτω
3422 4955 3725 5025 λεγομένην
3764 4955 3880 5007 τῶν

587 5071 753 5132 atque
787 5060 947 5115 uxori
976 5062 1196 5130 jussum
1229 5072 1289 5117 ut
1324 5063 1382 5117 in
1408 5065 1769 5130 monasterio,
1810 5063 1962 5133 quod
1996 5065 2183 5119 Domi-

2287 5058 2574 5113 Δεσποτῶν
2625 5059 2682 5109 ὲν
2738 5052 3011 5122 ἀσφαλείᾳ
3049 5051 3149 5119 ζῇν
3200 5046 3465 5109 κελεύσας
3517 5045 3879 5110 αὑθεντικῶς,

592 5171 790 5213 norum
820 5164 1044 5221 vocant,
1080 5155 1253 5211 libere
1282 5157 1483 5227 suique
1508 5157 1654 5225 juris
1683 5167 1909 5229 agerent
1948 5175 1961 5212 :
1995 5157 2185 5213 liberis

2284 5156 2410 5218 τοὺς
2437 5156 2672 5224 ἄρρενας
2701 5151 2757 5203 δὲ
2786 5151 2893 5202 τῶν
2923 5146 3127 5200 παίδων
3154 5145 3227 5196 ἐν
3254 5146 3320 5214 τῇ
3356 5141 3555 5214 Πρὼτῃ
3591 5143 3763 5211 νήσῳ,
3796 5142 3877 5204 ὡς

592 5257 775 5301 autem
809 5248 1093 5313 masculis,
1132 5249 1211 5303 uti
1237 5249 1446 5303 dictum
1478 5258 1583 5315 est,
1616 5259 1947 5320 praeceptum
1980 5248 2088 5321 47
2124 5257 2188 5303 ut

2288 5250 2529 5318 εἴρηται,
2593 5244 2722 5297 ἔνθα
2776 5244 2872 5295 καὶ
2931 5237 3343 5297 Κωνσταντῖνος
3383 5235 3410 5286 ὁ
3448 5232 3879 5304 μετονομασθεὶς

595 5339 802 5393 i'roten
841 5341 1080 5396 insulam
1108 5350 1383 5397 tenerent.
1417 5340 1540 5407 Quo
1566 5344 1732 5396 etiam
1758 5342 1883 5397 loco
1915 5342 2189 5397 Constan-
2232 5412 2238 5419 ι

2232 5412 2238 5419 .
2288 5342 2571 5403 Βασίλειος
2600 5335 2815 5405 ἀφωνία
2847 5350 2966 5393 πως
2998 5329 3285 5399 συσχεθεὶς
3312 5329 3449 5397 μετὰ
3473 5328 3535 5379 τὸ
3581 5328 3649 5380 τὰ
3676 5327 3879 5395 γόνιμα

597 5430 771 5494 tinus,
820 5433 911 5499 qui
962 5442 1174 5489 mutato
1208 5435 1431 5489 nomine
1487 5433 1724 5490 Basilius
1760 5435 1940 5490 dictus
1985 5432 2185 5498 fuerat,
2233 5417 2237 5419 ’

2233 5417 2237 5419 η
2299 5432 2408 5486 τῶν
2467 5430 2672 5500 μορίων
2714 5421 3087 5494 ἀφαιρεθῆναι
3122 5418 3299 5473 ἐδέετο
3355 5419 3454 5487 μὲν
3488 5418 3582 5471 τοῦ
3612 5418 3747 5470 Θεοῦ
3779 5417 3879 5487 τὴν

602 5538 726 5575 cum
770 5522 972 5577 excisis
1032 5526 1284 5583 virilibus
1331 5528 1484 5584 vocis
1532 5544 1692 5583 usum
1727 5529 2026 5593 amisisset,
2076 5528 2196 5596 ejus

2310 5520 2501 5576 ἑαυτοῦ
2530 5517 2755 5585 λυθῆναι
2782 5512 2963 5581 φωνὴν
2989 5511 3083 5563 καὶ
3098 5508 3194 5579 τὴν
3220 5508 3467 5577 γλῶτταν
3490 5507 3648 5571 αὖθις
3694 5508 3755 5560 τὸ
3786 5508 3880 5559 εὕ-

605 5615 994 5683 impcdimcnto
1022 5617 1158 5671 solvi
1180 5634 1209 5672 a
1235 5619 1348 5676 Deo
1376 5620 1518 5679 votis
1547 5622 1808 5679 exorabat
1836 5622 2187 5693 linguamque

2296 5633 2428 5687 ηχον
2454 5610 2768 5673 ἀπολαϐεῖν,
2793 5606 2968 5658 ἐδέετο
2994 5604 3049 5658 δὲ
3067 5605 3159 5657 καὶ
3176 5602 3267 5656 τοῦ
3303 5604 3359 5657 ὲν
3391 5602 3640 5673 θεολογὶᾳ
3654 5601 3884 5673 διαλάμ-

688 5783 710 5810 ε
741 5772 865 5829 Osc.
898 5788 1015 5839 vm,
1066 5774 1110 5825 ί.
