4200 6430
6 1278 73 1330 μοι

501 290 572 363 hi

1537 295 1682 367 un.
1722 276 1825 363 ΙΙ.
1845 320 1913 333 ——
1949 294 2294 357 MICHAEL
2325 295 2826 360 AMORIENSIS.
3753 304 3826 375 62

522 408 713 479 Quum;
739 404 1093 477 Γρηγορίου,
1125 404 1312 459 ὲκεῖσέ
1347 423 1449 459 που
1496 404 1948 477 ἁνεστηλωμένθυ
1989 420 2123 472 τυγ-

2232 421 2423 463 rursus
2453 423 2710 464 sonoram
2738 409 2991 477 restitui;
3023 410 3155 481 quin
3187 419 3242 467 et
3277 412 3605 484 Gregorium
3638 415 3817 472 Theo-

538 503 798 575 χὰνοντος.
828 493 965 563 Εἷξε
991 496 1129 566 γοῦν
1152 499 1181 552 ὁ
1212 497 1395 566 ᾇγιος,
1426 497 1519 551 καὶ
1547 496 1646 565 τῆς
1674 495 1841 555 αὑτοῦ
1888 496 2126 565 δεήσεως

539 594 667 650 κατὰ
698 590 798 661 τὴν
858 590 975 647 τῶν
1025 589 1225 657 φώτων
1261 592 1570 660 πανήγυριν
1618 589 1954 660 ὲπακήκοεν.
1982 589 2127 659 Ὅρα

535 687 642 757 τὰρ
687 684 782 737 τὸν
827 682 979 735 θεῖον
1028 682 1242 735 ἐκεῖνον
1285 681 1614 752 χαρακτῆρι
1644 681 1786 739 κατὰ
1814 680 1905 735 τὸν
1930 679 2126 751 ὖρθρον

531 773 1106 846 τούτῳδιαλεγόμενον
1124 773 1235 837 καὶ,
1266 772 1377 827 Τὸν
1400 771 1762 840 κηρὸν,οὓτω
1785 772 1850 845 δὴ
1874 773 2124 841 λέγοντα,

532 869 736 927 λαϐὼν
768 865 1094 934 ἀνάγνωθι.
1142 864 1199 917 Ὀ
1250 864 1309 925 δὲ
1349 863 1623 921 πιστεύων
1658 865 1771 927 τοῖς
1811 861 2127 932 λεγομένοις

533 961 795 1016 εἰσελθὼν
831 960 1049 1028 ἀνέγνω
1087 957 1320 1027 λαμπρᾷ
1364 958 1461 1015 καὶ
1518 956 1733 1027 καθαρᾷ
1763 958 1828 1026 τῇ
1864 957 2017 1027 φωνῇ
2044 954 2124 1020 τὸ,

530 1058 727 1111 Πάλιν
762 1053 998 1121 Ἰησοῦς
1024 1056 1057 1105 ὁ
1077 1052 1242 1120 ἐμός.
1282 1050 1508 1103 Ἐκτοτε
1542 1048 1671 1117 γοῦν
1705 1049 1802 1118 τὴν
1838 1064 2127 1115 πατροπα-

538 1150 762 1222 ράδοτον
801 1146 973 1202 αὑτοῦ
1010 1145 1069 1199 οὺ
1107 1143 1315 1200 διέλιπε
1353 1141 1777 1212 βδελυσσόμενος
1811 1140 1999 1201 ἄνοιαν
2032 1140 2127 1193 καὶ

540 1247 668 1317 περὶ
701 1244 801 1307 τὰς
828 1242 985 1304 θείας
1013 1240 1229 1302 εἰκόνας
1279 1237 1696 1307 ἀγνωμοσύνην,
1735 1234 2046 1305 μετετίθετο
2072 1232 2127 1286 δὲ

542 1337 638 1389 καὶ
682 1337 808 1397 τοὺς
863 1333 977 1386 τῶν
1025 1331 1200 1400 ἁγίων
1231 1328 1591 1400 χαρακτῆρας
1617 1325 2127 1397 περιπτυσσόμενος

539 1434 598 1486 οὑ
642 1431 905 1483 διέλιπεν.
976 1425 1138 1483 Ἀλλὰ
1171 1424 1348 1483 ταῦτα
1380 1422 1479 1493 μὲν
1523 1420 1624 1490 ὀψὲ
1681 1418 1775 1473 τοῦ
1812 1416 2006 1489 καιροῦ
2033 1417 2128 1475 καὶ

535 1522 674 1579 πολύ
702 1539 806 1592 περ
834 1523 891 1582 ἐς
917 1518 1166 1591 ὕπερον.

2230 498 2415 569 logum
2470 501 2876 574 interpellabat,
2916 504 3075 576 cujus
3105 505 3286 577 imago
3318 502 3557 579 quodam
3583 509 3658 567 ibi
3704 511 3825 567 loco

2228 601 2411 646 erecta
2440 602 2580 648 erat.
2607 594 2818 652 Annuit
2848 608 3099 662 sanctus,
3130 613 3195 654 ac
3222 608 3415 656 sancto
3438 602 3711 660 luminum
3735 606 3826 661 die

2229 685 2685 755 supplicationem
2718 689 2959 745 exaudit.
3010 690 3170 747 Videt
3198 694 3345 748 enim
3384 680 3627 751 divinam
3670 696 3826 752 illam

2230 775 2523 845 imaginem
2556 778 2798 835 diluculo
2830 796 2951 836 sese
2986 782 3380 854 alloquentem,
3421 794 3580 857 atque
3629 789 3822 844 dicen-

2232 876 2341 925 tem
2383 886 2397 923 :
2433 867 2651 927 Cereum
2680 872 2857 940 accipe
2876 881 2925 926 et
2955 872 3084 944 lege.
3128 873 3221 931 Ille
3250 885 3310 931 ut
3342 892 3551 933 morem
3588 890 3823 948 gereret,

2233 960 2514 1030 ingressus
2543 962 2671 1033 legit
2705 962 2852 1019 clara
2880 964 3099 1036 altaque
3132 983 3266 1023 voce
3298 968 3419 1034 ejus
3447 970 3503 1023 iu
3534 985 3653 1024 eam
3679 971 3822 1026 diem

2233 1055 2504 1111 orationis
2533 1058 2845 1125 exordium,
2874 1057 3078 1114 Rursus
3106 1059 3264 1115 Jesus
3289 1077 3454 1116 meus.
3477 1060 3618 1117 Hinc
3641 1061 3827 1133 itaque

2232 1161 2404 1216 eoque
2440 1147 2731 1216 miraculo,
2782 1165 2950 1219 quam
3015 1160 3171 1221 patre
3211 1161 3437 1209 auctore
3485 1154 3825 1224 impietatem

2232 1250 2523 1309 acceperat
2582 1242 2749 1313 inque
2789 1258 2978 1299 sacras
3005 1244 3274 1314 imagines
3310 1245 3619 1315 improbam
3670 1262 3827 1301 men-

2235 1338 2364 1396 tem,
2385 1334 2709 1388 exsecraudi
2732 1335 2945 1391 nullum
2970 1335 3230 1408 deinceps
3260 1336 3423 1393 tinem
3448 1336 3604 1404 fecit,
3639 1338 3809 1408 inque

2232 1438 2421 1483 sanam
2456 1426 2756 1482 translatus
2802 1436 3042 1482 mentem
3097 1438 3414 1484 sanctorum
3468 1431 3730 1499 penicillo
3759 1447 3825 1486 ac

2232 1516 2515 1573 coloribus
2570 1532 2864 1587 expressas
2896 1518 3101 1590 ﬁguras
3157 1521 3515 1583 veneratione
3563 1523 3824 1592 amplecti

2232 1624 2345 1667 non
2371 1610 2645 1669 cessabat.
2683 1610 2889 1671 Verum
2909 1613 3025 1669 haec
3042 1628 3167 1669 sero
3192 1615 3412 1672 tandem
3441 1629 3539 1675 nec
3562 1615 3669 1679 nisi
3700 1624 3825 1686 post

2232 1702 2456 1771 longum
2488 1712 2702 1776 tempus
2739 1706 2811 1762 ita
2832 1714 3154 1762 evenerunt.

612 1786 684 1859 η’.
715 1788 855 1859 Ἤδη
890 1787 943 1840 δὲ
970 1766 1064 1838 καὶ
1090 1785 1188 1853 τὴν
1218 1783 1596 1855 αὐτοκράτορα
1622 1782 1717 1837 τοῦ
1745 1783 1967 1854 Μιχαὴλ
2023 1783 2124 1838 ἑπ-

2389 1796 2527 1851 Cum
2556 1766 2671 1867 jam
2714 1798 2902 1870 itaque
2954 1797 3193 1854 Michael
3235 1797 3472 1869 imperio
3502 1799 3711 1869 potitus
3736 1813 3826 1855 es-

537 1878 867 1946 ανεὶ.ν.μένου
919 1875 1097 1943 ἀρχὴν
1128 1872 1224 1927 καὶ
1274 1870 1342 1925 τὰ
1376 1871 1499 1927 κατ’
1549 1873 1718 1944 αὐτὴν
1751 1873 1826 1939 ὡς
1878 1873 2127 1928 ἐϐούλετο

542 1969 895 2032 διοικοῦντος,
926 1967 1008 2039 [Ρ.
1041 1966 1136 2038 51]
1165 1966 1456 2037 ἐπιστολὴν
1479 1967 1506 2019 ὁ
1542 1965 1853 2036 μακαρίτης
1880 1964 2128 2036 Νικηφό-

553 2080 647 2133 ρος
674 2062 965 2129 ἐκπέμπει,
997 2060 1095 2128 τὴν
1120 2061 1219 2129 τῆς
1248 2060 1486 2121 πίστεως
1526 2059 1861 2130 παρακαλῶν
1892 2060 2130 2128 ἀνάκλη-

553 2172 639 2205 σιν
668 2153 917 2219 γενέσθαι
946 2152 1037 2203 καὶ
1064 2151 1233 2203 πάλιν
1269 2152 1565 2204 ἀπολαϐεῖν
1588 2152 1677 2204 τὸν
1716 2152 2007 2221 ἀσπασμὸν
2028 2152 2128 2215 τὰς

542 2248 692 2307 θείας
714 2245 946 2306 εἰκόνας.
1000 2245 1156 2297 Ἀλλ’
1186 2246 1325 2297 οὔτε
1365 2244 1848 2313 καινουργήσων,
1901 2242 2130 2313 ἀπεκρί-

538 2357 663 2394 νετο
718 2341 746 2391 ὁ
794 2337 1036 2409 Μιχαὴλ,
1076 2335 1200 2389 τῶν
1252 2336 1385 2402 περὶ
1418 2335 1677 2401 πίστεώς
1710 2353 1764 2387 τι
1819 2334 2131 2404 δογμάτων

535 2430 903 2494 ἐξελήλυθα,
937 2428 1076 2481 οὔτε
1098 2426 1226 2496 μὴν
1252 2427 1370 2479 τῶν
1397 2425 1513 2495 ἤδη
1543 2425 2003 2494 παραδοθέντων
2029 2426 2128 2480 καὶ

542 2521 1115 2590 ἁνομολογηθέντων
1162 2519 1548 2588 καταδρομήν
1582 2537 1715 2574 τινα
1759 2521 2132 2590 ἐργάσασθαι

547 2615 644 2673 καὶ
740 2614 1111 2681 καθαίρεσιν.
1184 2611 1490 2677 Ἕκαστος
1572 2611 1685 2666 οὖν
1764 2614 1831 2665 τὸ
1909 2612 2135 2667 δοκοῦν

538 2704 702 2769 αὐτῷ
750 2707 987 2767 ποιείτω
1051 2704 1150 2759 καί
1215 2702 1456 2771 ἐφετὸν,
1506 2702 1743 2772 ἀμαθὴς
1797 2705 2003 2759 πόνων
2030 2705 2130 2761 καὶ

532 2799 831 2866 ἇβυστος
875 2797 1091 2864 λύπης
1116 2794 1432 2849 διατελῶν.
1483 2795 1630 2866 Πλὴν
1657 2795 1720 2848 οὐ
1754 2796 1917 2867 μέχρι
1941 2798 2131 2862 τέλους

535 2890 736 2960 ταύτην
791 2891 1036 2959 ἐτήρησε
1104 2886 1203 2958 τὴν
1232 2887 1553 2958 προαίρεσιν
1606 2889 1634 2941 ὁ
1693 2888 1815 2960 μηδ’
1846 2888 1906 2955 ἐξ
1953 2890 2130 2961 ἀρχῆς

541 2984 739 3052 ἀληθὴς
764 2981 1103 3052 Χριστιανὸς
1155 2980 1394 3050 γεγονώς
1417 2997 1430 3009 ·
1458 2981 1574 3034 ἀλλ’
1596 2982 1706 3051 ὅσῳ
1729 2982 1825 3052 τῆς
1849 2981 2128 3051 βασιλείας

2233 1899 2317 1957 set
2351 1904 2560 1959 suoque
2592 1890 2720 1944 illud
2751 1898 2887 1945 nutu
2914 1891 3321 1959 moderaretur,
3356 1892 3552 1949 scribit
3579 1908 3674 1962 per
3706 1893 3825 1962 epi-

2233 1982 2428 2037 stolam
2457 1982 2651 2037 beatus
2684 1980 3051 2050 Nicephorus,
3083 1997 3287 2053 rogans
3320 1982 3616 2038 instaurari
3639 1982 3823 2047 ﬁdem,

2231 2084 2285 2130 et
2318 2084 2375 2127 ut
2404 2074 2584 2128 denuo
2620 2075 2792 2129 sacris
2822 2074 3160 2144 imaginibus
3210 2089 3311 2129 sua
3362 2075 3644 2128 veneratio
3701 2076 3826 2128 cul-

2231 2172 2430 2233 tusque
2487 2164 2861 2221 adhiberetur.
2892 2165 2972 2219 Ad
2997 2180 3160 2236 quem
3193 2166 3428 2221 Michael
3463 2182 3479 2221 :
3515 2167 3641 2224 Non
3683 2172 3821 2235 veni,

2232 2255 2433 2326 inquit,
2466 2265 2524 2309 ut
2558 2257 2614 2309 in
2654 2256 2922 2325 dogmatis
2974 2274 3038 2313 ac
3090 2257 3197 2327 ﬁde
3249 2257 3460 2328 aliquid
3492 2260 3822 2327 innovarem,

2230 2364 2391 2419 neque
2427 2356 2485 2402 ut
2523 2364 2705 2402 eorum
2744 2365 2865 2421 qua:
2888 2349 3009 2423 jam
3042 2349 3250 2404 tradita
3302 2360 3426 2405 sunt
3457 2369 3520 2407 ac
3548 2354 3826 2421 explorata

2229 2442 2505 2513 quidpiam
2550 2442 2878 2511 exagitarent
2913 2458 2978 2496 ac
3028 2452 3336 2499 everterem.
3397 2444 3630 2516 Quisque
3664 2449 3825 2517 igitur

2230 2533 2369 2602 quod
2398 2533 2570 2587 visum
2616 2534 2781 2602 fuerit
2823 2534 3041 2606 sibique
3074 2537 3345 2603 arriserit,
3404 2553 3584 2595 secure
3631 2541 3825 2609 laciat,

2231 2624 2364 2678 nihil
2393 2625 2518 2678 inde
2555 2625 2658 2680 sibi
2696 2627 2941 2681 laborum
2966 2629 3177 2695 timens,
3208 2629 3342 2684 nihil
3366 2629 3479 2702 58
3507 2631 3647 2700 quod
3672 2632 3827 2687 maleo

2230 2717 2397 2775 etiam
2435 2718 2625 2787 faciat.
2667 2718 2786 2774 Non
2821 2728 3005 2777 tamen
3048 2722 3102 2783 in
3131 2722 3297 2778 tinem
3336 2739 3510 2792 usque
3540 2724 3709 2795 huius
3744 2733 3823 2781 te-

2230 2824 2341 2864 nax
2378 2809 2651 2880 propositi
2680 2809 2808 2879 fuit,
2841 2812 2939 2881 qui
2967 2827 3036 2868 nc
3056 2829 3088 2870 a
3112 2814 3388 2885 principio
3409 2816 3627 2885 quidem
3658 2833 3822 2875 verus

2230 2901 2585 2961 Christianus
2615 2904 2892 2961 exstiterit
2924 2923 2938 2958 :
2968 2907 3063 2961 sed
3110 2917 3320 2977 quanto
3367 2909 3544 2977 magis
3593 2924 3823 2976 compos

2232 2995 2447 3065 imperii
2472 2993 2658 3059 ﬂebat,
2684 3004 2839 3052 tanto
2871 2997 3017 3053 mala
3047 2997 3234 3059 indole
3281 3014 3348 3059 ac
3384 3001 3689 3061 saevissima
3721 3003 3823 3059 ad-

537 3076 749 3143 ὲγένετο
782 3072 1088 3142 ἐγκρατὴς,
1140 3072 1380 3142 τοσούτῳ
1430 3072 1786 3144 κακοδαίμονι
1831 3073 1992 3143 φύσει
2033 3076 2127 3129 καὶ

2232 3104 2425 3146 versus
2462 3089 2805 3146 Christianos
2845 3106 3130 3162 genusque
3179 3108 3342 3148 suum
3395 3093 3596 3150 bellum
3636 3096 3823 3153 acrius

534 3167 794 3238 ὡμοτάτῃ
843 3168 938 3218 τὸν
990 3166 1132 3218 κατὰ
1163 3165 1509 3237 Χριστιανῶν
1560 3166 1653 3219 καὶ
1686 3166 1795 3219 τῶν
1837 3166 2127 3237 ὁμοφύλων

538 3261 857 3333 ἀνερρίπισε
886 3258 1149 3327 πόλεμον,
1169 3257 1265 3311 νῦν
1287 3258 1387 3327 μὲν
1406 3259 1534 3321 τοὺς
1556 3260 1826 3329 μοναχοὺς
1850 3259 2128 3315 διαπτύων

542 3354 814 3417 παντοίοις
850 3368 911 3403 τε
944 3350 1293 3420 περιὸἀλλων
1323 3350 1515 3413 δεινοῖς
1542 3352 1638 3405 καὶ
1676 3355 1889 3417 ποιναῖς
1918 3353 2127 3423 ἐξευρί-

544 3463 679 3498 σκων
704 3447 922 3507 ποινὰς,
953 3443 1052 3495 νῦν
1087 3443 1144 3495 δὲ
1172 3444 1298 3507 τοὺς
1328 3443 1521 3507 ἄλλους
1562 3445 1791 3508 πιστοὺς
1831 3446 2129 3518 παραπέμ-

535 3554 650 3590 πων
676 3541 801 3600 ταῖς
823 3537 1098 3606 φρουραῖς
1128 3535 1223 3587 καὶ
1255 3535 1583 3606 ὑπερορίους
1613 3535 1806 3590 ποιῶν.
1843 3537 2128 3591 Ἐντεῦθεν

532 3631 626 3683 καὶ
652 3629 919 3683 Μεθίδιον
948 3627 1042 3678 τὸν
1073 3626 1213 3697 μετὰ
1239 3626 1413 3697 βραχὺ
1446 3629 1539 3679 τοῦ
1573 3628 1970 3700 πατριαρχικοῦ
2000 3628 2127 3699 θρό-

534 3741 627 3775 νου
660 3720 1085 3788 ἀντιλαεύμενον
1121 3720 1215 3772 καὶ
1250 3718 1522 3788 Εύθύμιον
1548 3718 1639 3772 τὸν
1657 3720 1959 3790 τηνικαῦτα
1982 3720 2127 3792 Σάρ-

536 3817 675 3870 δεων
713 3814 996 3885 πρόεδρον,
1044 3810 1124 3882 τῷ
1176 3811 1339 3877 αὑτοῦ
1385 3810 1653 3882 θελήματι
1698 3812 1773 3883 μὴ
1802 3813 2129 3877 ὑπείκοντας

550 3908 686 3977 μηδὲ
716 3908 812 3975 τὴν
836 3906 939 3958 τῶν
968 3907 1195 3959 εἰκόνων
1227 3904 1661 3977 ἐξαρνουμὲνους
1692 3904 1877 3976 τιμὴν,
1903 3906 2003 3974 τῆς
2027 3906 2128 3958 πύ-

556 4000 695 4062 λεως
723 3999 933 4063 ἐξωθεῖ,
963 4000 1156 4055 καὶτὸν
1184 3998 1285 4069 μὲν
1325 3999 1468 4051 θεῖον
1498 3998 1758 4051 Μεθόδιον
1782 3999 1996 4068 φυλακῇ
2021 4016 2128 4052 πα-

548 4093 812 4165 ραδίδωσι
866 4092 1001 4145 κατὰ
1036 4092 1127 4162 τὴν
1160 4093 1324 4162 νῆσον
1356 4089 1609 4161 Ἀνδρέου
1635 4089 1728 4142 τοῦ
1778 4090 2125 4157 Ἀποστόλου,

541 4187 667 4242 καθ’
700 4187 767 4258 ἤν
790 4188 817 4237 o'
844 4186 1095 4258 Ἀκρίτας
1122 4185 1443 4255 ὲγγειτονεῖ,
1466 4182 1556 4236 τὸν
1586 4183 1642 4235 δὲ
1676 4182 1988 4254 μακαρίτην
2024 4183 2129 4235 Εὐ-

536 4280 733 4350 θύμιον
769 4278 857 4331 διὰ
890 4278 1152 4347 Θεοφίλου
1194 4276 1287 4329 τοῦ
1315 4275 1520 4329 οἰκείου
1554 4274 1670 4327 υἱοῦ
1696 4275 1910 4344 θανάτῳ
1945 4292 2129 4344 παρα-

537 4375 741 4440 δὶὃωπι,
773 4373 1090 4443 βουνεύροις
1112 4370 1452 4440 τυπτόμενον
1475 4369 1730 4439 ἀφειδῶς.
1771 4368 1923 4438 Ὀσῳ
1953 4368 2009 4421 δὲ
2030 4370 2128 4440 τὴν

2230 3182 2509 3249 excitavit,
2550 3183 2716 3237 modo
2753 3184 2975 3253 quidem
3017 3185 3320 3242 monachos
3371 3187 3646 3256 despuens
3704 3202 3822 3245 om-

2230 3277 2430 3345 nisque
2453 3274 2671 3347 generis
2696 3275 2831 3331 diris
2854 3277 3142 3347 suppliciis
3172 3287 3459 3349 torquens,
3487 3280 3733 3350 aliasque
3755 3296 3824 3337 ex

2232 3365 2354 3427 aliis
2384 3380 2578 3434 pinnas
2608 3366 2953 3437 echgitans,
2989 3369 3156 3427 modo
3177 3368 3318 3427 alios
3346 3370 3534 3437 ﬁdeles
3561 3371 3825 3441 virosque

2230 3457 2518 3526 religiosos
2545 3460 2602 3513 in
2631 3473 2909 3513 carcerem
2946 3460 3174 3517 trudens
3203 3476 3267 3515 ac
3315 3462 3511 3517 exsilio
3551 3462 3823 3532 relegans.

2232 3547 2372 3607 Illuc
2391 3564 2613 3619 quoque
2639 3547 3002 3616 Methodium,
3026 3553 3119 3622 qui
3147 3553 3301 3608 brevi
3327 3563 3452 3623 post
3476 3554 3820 3624 patriarcha-

2231 3641 2335 3695 lem
2361 3641 2544 3696 sedem
2578 3643 2807 3709 adeptus
2830 3652 2937 3713 est,
2967 3645 3429 3716 Euthymiumque
3451 3656 3582 3709 tunc
3600 3656 3818 3716 tempo-

2234 3734 2313 3792 ris
2368 3732 2728 3790 Sardensium
2792 3738 3122 3805 antistitem,
3178 3739 3325 3809 quod
3380 3739 3503 3808 ejus
3559 3739 3825 3799 voluntati

2233 3842 2442 3882 morem
2479 3843 2589 3882 non
2655 3838 2911 3900 gererent
2960 3846 3063 3886 nec
3108 3838 3172 3885 ut
3199 3847 3487 3887 sacrarum
3525 3832 3825 3901 imaginum

2231 3920 2439 3975 cultum
2472 3930 2739 3992 negarent
2761 3922 2962 3977 adduci
2992 3937 3052 3978 se
3090 3932 3437 3993 paterentur,
3467 3924 3605 3989 urbe
3631 3923 3822 3993 ejecit.

2230 4011 2311 4074 Ac
2341 4010 2560 4083 quidem
2604 4021 2860 4067 sanctum
2890 4012 3226 4069 Methodium
3258 4015 3526 4070 custodiae
3570 4016 3737 4079 tradit
3769 4015 3825 4070 in

2232 4105 2466 4159 Andreas
2513 4104 2747 4174 apostoli
2789 4104 2994 4171 insula,
3030 4120 3153 4174 quae
3182 4114 3268 4161 est
3320 4120 3491 4176 prope
3524 4106 3771 4167 Acr-itam
3808 4125 3823 4159 :

2232 4194 2451 4257 beatum
2495 4205 2678 4255 autem
2732 4193 3087 4265 Euthymium
3116 4210 3213 4264 per
3241 4195 3416 4249 ﬁlium
3448 4210 3610 4253 suum
3647 4194 3827 4261 Theo-

2235 4286 2441 4356 philum
2472 4286 2677 4342 laureis
2696 4286 2816 4340 dire
2836 4301 3042 4341 caesum
3071 4285 3292 4341 occidit.
3325 4286 3605 4353 Quantum
3633 4296 3824 4340 autem

2234 4379 2328 4439 Dei
2365 4380 2743 4443 haereditatem
2774 4380 3060 4451 premebat
3091 4380 3323 4451 aprique
3372 4381 3428 4434 in
3462 4394 3671 4441 morem
3732 4380 3829 4434 de-

543 4466 767 4534 Χριστοῦ
810 4464 1186 4537 κληρονομίαν
1214 4462 1396 4526 ἐπίεζε
1425 4462 1517 4514 καὶ
1543 4456 1653 4513 οἶόν
1680 4477 1765 4522 τις
1792 4454 1913 4531 θὴρ
1936 4460 2127 4531 ἄγριος

2232 4472 2580 4542 pascebatur,
2616 4481 2769 4528 tanto
2792 4470 3013 4530 Iudaeos
3042 4473 3389 4544 vectigalium
3418 4487 3483 4528 ac
3515 4473 3829 4545 praestatio-

545 4562 888 4628 κατενέμετο,
930 4556 1171 4626 τοσούτῳ
1215 4557 1342 4618 τοὺς
1368 4553 1657 4616 Ἰουδαίους
1700 4552 1922 4616 ἀνέτους
1948 4553 2129 4623 φόρων

540 4655 627 4705 καὶ
662 4653 989 4720 ἐλευθέρους
1015 4650 1310 4714 ἐδείκνυεν,
1342 4647 1750 4718 ἀγαπωμένους
1781 4648 1874 4701 καὶ
1899 4663 2129 4718 στεργο-

539 4748 728 4815 μένους
769 4744 922 4815 αὖτῷ
979 4744 1091 4797 τῶν
1148 4742 1322 4803 ἄλλων
1378 4742 1683 4810 ἀνθρώπων
1738 4740 2126 4811 διαφερόντως.

536 4840 647 4892 Καὶ
680 4840 975 4910 ,ζωγράφοι
1036 4838 1137 4909 μὲν
1171 4838 1237 4891 τὰ
1268 4836 1411 4893 καλὰ
1439 4835 1547 4893 τῶν
1574 4835 1728 4899 ζώων
1759 4836 1838 4896 εἰς
1896 4834 2130 4906 μίμησιν

532 4932 773 5002 ἔχουσιν,
812 4925 970 4995 οὗτος
1004 4929 1059 4987 δὲ
1112 4930 1202 4983 τὸν
1230 4929 1325 4983 τοῦ
1360 4928 1743 5000 Κοπρωνύμου
1792 4926 1905 4996 βίον
1938 4923 2049 4979 οἴὸν
2078 4945 2130 4981 τι

532 5022 916 5094 προχάραγμα
945 5022 1044 5079 καὶ
1076 5022 1431 5093 πρωτότυπον
1465 5019 1579 5095 θεῖις
1613 5018 2016 5088 ἀπομιμεῖσθαι
2051 5019 2131 5083 είς

532 5114 703 5186 ἄκρον
734 5114 1093 5178 ἐσπούδαζεν.
1119 5114 1211 5171 Διὸ
1244 5115 1338 5169 καὶ
1365 5114 1500 5184 πρὸς
1523 5113 1623 5183 τὴν
1652 5111 1948 5184 ἀκρόπολιν
1979 5110 2134 5171 ἐλαύ·

531 5226 614 5260 νει
642 5209 743 5276 τῆς
769 5208 1054 5274 ἀσεϐείας,
1089 5208 1215 5277 ἄρτι
1243 5207 1343 5275 μὲν
1373 5205 1627 5261 Σὰὅὸατα
1658 5205 1943 5277 νηστεύειν
1969 5222 2132 5275 νομο-

533 5300 727 5367 θετῶν,
755 5301 877 5372 ἄρτι
912 5300 971 5353 δὲ
1000 5299 1142 5353 κατὰ
1172 5300 1281 5351 τῶν
1320 5298 1480 5351 θείων
1508 5299 1805 5369 προφητῶν
1827 5297 1923 5369 τὴν
1956 5298 2135 5366 γλῶσ-

535 5410 633 5451 σαν
664 5394 961 5461 ἐξακονῶν,
997 5393 1296 5447 ἁνὰστασίν
1336 5409 1395 5444 τε
1444 5390 1543 5460 τὴν
1590 5391 1894 5460 μέλλουσαν
1935 5392 2027 5445 καὶ
2065 5390 2135 5445 τὰ

528 5488 730 5545 ἐκεῖθεν
767 5487 1033 5553 ἀπιστῶν
1070 5484 1277 5554 ἀγαθά.
1320 5484 1576 5540 Διάϐολὸν
1616 5501 1671 5536 τε
1718 5483 1855 5547 ὅλως
1888 5484 1962 5557 μὴ
1992 5478 2130 5539 εἶναι

517 5580 904 5665 διισχυρίζετο,
947 5584 1054 5638 ἆτε
1082 5579 1208 5651 μηδ’
1240 5578 1346 5631 ὑπὸ
1375 5578 1468 5631 τοῦ
1506 5579 1752 5643 Μωσέως
1798 5578 1993 5647 τούτου
2022 5595 2130 5633 πα·-

496 5687 901 5763 ραδεδομένου,
966 5673 1248 5749 Πορνείαν
1286 5671 1343 5725 δὲ
1371 5672 1883 5743 κατασπαζόμενος,
1920 5674 2014 5731 καὶ
2042 5672 2133 5728 τὸν

479 5789 568 5849 ἐπὶ
604 5792 847 5855 πάντων
871 5779 1005 5841 δεῖν
1040 5770 1286 5846 ὀμνύναι
1322 5772 1484 5843 μόνον
1512 5770 1645 5827 Θεὸν
1670 5771 2003 5843 νομοθετῶν,
2038 5771 2131 5825 καὶ

1494 5866 1519 5889 \

2236 4580 2365 4618 num
2411 4581 2577 4620 onere
2616 4565 2855 4632 levabat,
2909 4581 3052 4637 quos
3089 4582 3255 4637 supra
3316 4580 3509 4622 omnes
3564 4566 3829 4621 mortales

2232 4657 2507 4729 praecipue
2538 4659 2757 4713 amabat
2800 4666 2964 4727 atque
3011 4659 3247 4715 colebat.
3295 4659 3550 4729 Cumque
3591 4659 3834 4730 pictores

2232 4748 2601 4820 pulcherrima
2643 4751 2914 4822 corporis,
2960 4768 3084 4822 quae
3134 4751 3392 4823 penicillo
3423 4767 3709 4821 manuque
3741 4752 3829 4822 pi-

2235 4844 2337 4905 ctis
2360 4842 2640 4899 coloribus
2668 4843 2976 4910 imitentur,
3004 4845 3108 4900 sibi
3135 4854 3470 4916 proponant,
3494 4845 3586 4899 hic
3606 4843 3817 4914 Capro-

2234 4938 2381 5011 nymi
2420 4938 2587 4993 vitam
2637 4952 2739 4993 ceu
2774 4938 3088 5008 exemplum
3143 4939 3421 5009 quoddam
3480 4937 3830 5004 formamque

2233 5032 2568 5101 propositam
2595 5030 2802 5085 habens
2828 5030 3249 5089 accuratissime
3268 5046 3396 5097 eum
3415 5028 3646 5089 reddere
3672 5036 3826 5085 sata-

2233 5122 2817 5195 gebat;quamobrem
2865 5121 3030 5199 etiam
3083 5120 3151 5175 ad
3207 5134 3479 5177 summam
3527 5117 3830 5186 impietatis

2235 5231 2415 5275 arcem
2449 5215 2651 5277 evadit.
2684 5215 2844 5272 Modo
2880 5212 3143 5273 Sabbatis
3187 5208 3551 5289 ieiunandum
3605 5209 3825 5273 saucio-

2236 5308 2352 5381 bat,
2407 5310 2570 5364 modo
2634 5308 2904 5365 adversus
2955 5306 3171 5363 divinos
3230 5303 3526 5372 prophetas
3578 5301 3825 5375 linguam

2232 5400 2503 5467 acuebat;
2538 5416 2603 5457 ac
2629 5409 2744 5455 tum
2773 5399 2973 5463 futurae
3001 5394 3422 5459 resurrectioni,
3452 5405 3568 5453 tum
3592 5395 3706 5471 [‘9
3724 5395 3827 5449 bo-

2237 5492 2323 5547 nis
2346 5493 2493 5547 illam
2525 5493 2922 5555 corritantibus
2954 5493 3114 5549 ﬁdem
3164 5488 3507 5557 detrahebat.
3541 5486 3661 5542 Non
3696 5501 3829 5547 esse

2237 5600 2468 5655 prorsus
2513 5586 2818 5650 diabolum,
2854 5595 2913 5643 ut
2952 5599 3117 5655 quem
3150 5583 3334 5643 Moses
3370 5597 3479 5638 non
3511 5578 3825 5642 tradiderit,

2233 5676 2561 5733 allirmabat.
2594 5676 3039 5735 Fornicationem
3066 5674 3504 5747 amplexabatur,
3528 5688 3592 5729 ac
3619 5670 3821 5733 solum,

2237 5771 2434 5843 quiest
2460 5788 2624 5844 super
2643 5770 2849 5837 omnia,
2877 5771 3043 5826 Deum
3079 5768 3411 5840 iuramentis
3447 5762 3816 5827 adhibendum
