4200 6414
547 341 616 403 ea
1680 330 2191 393 THEOPHANES
2228 311 2799 392 CONTINUATUS.’
3748 324 3820 392 σι

548 455 760 513 statuit.
794 449 989 506 Judam
1026 450 1237 519 petulca
1277 464 1339 503 ac
1369 448 1556 503 effreni
1590 448 1773 517 lingua
1822 447 1998 501 beatis
2034 461 2126 500 ac-

2241 443 2323 497 τδν
2353 442 2557 497 Ἰούδαν
2585 442 2871 511 ἀκολάστῳ
2924 439 3144 512 γλώσσῃ
3175 441 3528 496 κατατάττων
3554 443 3667 506 τοῖς
3710 460 3820 496 σω-

548 546 849 610 eensebat;
905 542 1166 599 salutaris
1215 541 1439 596 Paschae
1485 534 1687 596 festum
1742 541 2124 605 eavillabatur,

552 647 809 706 tanquam
837 634 974 689 male
1018 649 1119 689 nee
1148 634 1392 703 legitimo
1449 639 1695 701 tempore
1739 633 2126 688 celebraretur.

549 728 920 783 Graecanicam
954 742 1018 782 ac
1060 726 1381 781 smeularem
1414 726 1778 781 eruditionem
1833 741 1927 781 seu
1964 724 2130 780 disci-

550 822 753 887 plinam
790 820 1085 890 despuens,
1140 830 1383 874 nostram
1424 834 1643 890 quoque
1678 835 1741 875 ac
1778 820 2017 875 divinam
2050 819 2130 874 sic

551 915 949 983 aspernabatur
994 923 1052 967 ιη
1093 929 1192 967 nec
1216 928 1418 983 pueros
1448 914 1537 967 illa
1582 913 1752 968 imbui
1786 914 2011 979 sineret,
2063 929 2132 968 ne

552 1008 677 1076 quis
702 1007 997 1076 aliquando
1030 1007 1173 1062 illius
1199 1007 1425 1062 inscitia:
1457 1009 1713 1062 resistere
1734 1016 1918 1077 posset
1939 1024 2133 1063 eumve

554 1113 876 1167 enarguere,
913 1113 1050 1153 neve
1074 1113 1263 1153 rursus
1297 1098 1585 1169 disciplina
1624 1099 1798 1169 adjuti
1842 1100 2130 1155 oculorum

554 1188 864 1258 linguaeque
888 1189 1176 1243 velocitate
1208 1190 1261 1243 in
1298 1190 1526 1257 legendo
1552 1190 1671 1258 ejus
1696 1190 1772 1245 rei
1806 1190 2039 1259 palmam
2082 1192 2132 1247 ei

554 1281 930 1351 pneripcrent.
966 1280 1117 1335 Adeo
1146 1281 1380 1334 enim'in
1409 1283 1803 1352 componendis
1840 1284 2036 1339 litteris
2066 1286 2135 1339 le-

555 1374 856 1443 gendisque
888 1373 1111 1443 syllabis
1142 1373 1330 1429 tardus
1353 1383 1489 1439 erat,
1526 1385 1585 1428 ut
1614 1375 1811 1430 librum
1846 1377 1969 1446 quis
1994 1378 2135 1433 alius

556 1463 770 1517 facilius
807 1473 1154 1533 percurreret
1192 1480 1355 1534 quam
1425 1466 1509 1521 sui
1563 1468 1804 1523 nominis
1866 1469 2135 1524 elementa

559 1569 673 1624 prae
733 1556 934 1611 mentis
970 1556 1227 1611 tarditate
1276 1556 1323 1612 is
1379 1567 1706 1613 recenseret.
1760 1556 1962 1613 Verum
2024 1559 2138 1614 haec

557 1646 727 1724 missa
754 1655 916 1701 sunto
949 1655 1009 1702 ut
1048 1663 1172 1717 qua:
1220 1648 1320 1703 viri
1378 1650 1548 1704 sancti
1603 1648 1719 1717 ejus
1746 1652 1923 1706 mtatis
1956 1652 2135 1721 palam

555 1738 951 1807 exagitaverint
981 1756 997 1794 :
1031 1750 1248 1796 exstant
1275 1741 1421 1795 enim
1455 1741 1579 1797 libri
1614 1742 1735 1814 ejus
1764 1753 2017 1801 notantes
2073 1761 2137 1801 ac

558 1829 904 1887 traducentes
935 1831 1223 1888 dedecora.
1258 1832 1368 1889 Nos
1398 1850 1529 1890 vero
1559 1837 1824 1906 reliquam
1851 1838 2136 1894 historiam

557 1938 975 1993 prosequamur,
1015 1942 1079 1981 ac
1110 1944 1231 1998 quae
1266 1928 1405 1984 mala
1447 1930 1719 1999 pepererit
1769 1931 1917 1988 illius
1949 1932 2141 2002 impie-

559 2024 644 2070 tas
677 2033 695 2069 ι
710 2016 979 2071 ideamus.

624 2196 677 2251 9.
702 2195 807 2250 Pter
845 2197 959 2252 huc
987 2206 1201 2268 tempus
1254 2197 1453 2253 bellum
1486 2198 1648 2253 civile
1680 2200 1749 2254 ab
1798 2198 2023 2255 Oriente
2058 2203 2142 2253 in-

554 2297 771 2357 ceptum
800 2290 979 2343 omnis
1003 2290 1217 2360 generis
1247 2291 1407 2347 malis
1454 2289 1777 2347 Romanum
1810 2292 1999 2347 orbem
2034 2293 2138 2346 im-

556 2382 743 2452 plevit,
801 2384 1055 2453 intraque
1105 2386 1385 2457 angustias
1444 2385 1774 2454 brevemque
1822 2403 2138 2451 numerum,

555 2489 681 2529 cum
721 2474 927 2545 ingenti
970 2474 1153 2531 fusum
1198 2478 1355 2546 copia
1390 2485 1558 2542 esset,
1606 2479 1919 2534 mortalium
1969 2496 2141 2550 genus

557 2566 756 2636 coegit,
786 2567 893 2637 50
922 2583 1120 2637 nempe
1157 2580 1366 2623 armata
1392 2579 1610 2639 patrum
1638 2570 1690 2623 iu
1721 2570 1861 2626 filios
1892 2571 2136 2637 dextera,

556 2654 972 2726 fratrumquein
1011 2657 1207 2713 fratres
1230 2660 1420 2713 eodem
1458 2656 1612 2714 fusos
1644 2670 1818 2726 utero,
1862 2660 1950 2715 fidi
1985 2662 2138 2715 deni-

557 2762 664 2813 que
694 2761 758 2799 ac
791 2748 1101 2815 praestantis
1155 2748 1316 2803 amici
1368 2748 1420 2801 in
1472 2764 1596 2803 eum
1628 2750 1717 2820 qui
1755 2750 1870 2820 ipse
1908 2751 1990 2805 vel
2024 2766 2140 2804 ma-

554 2839 703 2893 xime
730 2839 984 2895 amicitia:
1027 2841 1149 2910 jura
1183 2851 1374 2895 sancta
1411 2842 1590 2897 vellet.
1624 2841 1833 2897 Horum
1868 2844 2136 2897 malorum

553 2930 805 3001 inceptor
832 2942 1133 3002 auctorque
1172 2931 1435 2998 Thomas,
1464 2934 1531 2989 de
1571 2950 1681 3004 quo
1730 2934 1928 3005 duplex
1966 2935 2139 2990 fertur

553 3024 761 3093 opinio.
806 3023 939 3080 Nam
973 3041 1098 3081 cum
1127 3027 1302 3083 simus
1336 3028 1609 3093 homines,
1656 3027 1961 3100 audituque
2004 3030 2139 3085 dun-

2236 535 2504 606 ζομένοις,
2528 534 2623 587 καὶ
2646 533 2744 605 τὴν
2777 535 2969 604 ἑορτὴν
2990 533 3084 587 τοῦ
3111 535 3386 606 σωτηρίου
3420 535 3610 605 Πάσχα
3635 536 3822 600 κακῶς

2234 630 2331 683 καὶ
2352 630 2503 700 παρά
2537 626 2728 699 καιρὸν
2749 626 3030 697 χλευάζων
3052 626 3341 697 τιμᾶσθαι,
3369 626 3464 680 καὶ
3497 627 3599 695 τὴν
3631 626 3821 698 Ἐλλη-

2235 721 2392 792 νικὴν
2433 720 2712 774 παίδευσιν
2772 718 3070 785 διαπτύων,
3124 719 3217 772 καὶ
3267 720 3364 786 τῆς
3402 719 3680 789 ἡμετέρας
3727 720 3821 772 καὶ

2200 882 2205 893 Ι
2236 815 2387 879 θείας
2440 813 2697 868 τοσοῦτον
2750 812 3115 883 καταφρονῶν
3147 811 3230 884 [Ρ.
3266 811 3357 884 52]
3411 812 3486 875 ὡς
3521 812 3656 886 μηδέ
3694 813 3822 875 τοὺς

2237 909 2391 973 νέους
2428 907 2896 978 παιδοτριϐεῖσθαί
2936 925 3038 960 που
3073 910 3399 977 συγχωρεῖν,
3437 909 3526 961 ῖνα
3568 909 3705 977 μήτε
3753 909 3820 977 τῇ

2236 1003 2403 1057 αύτοῦ
2431 1003 2625 1075 ἀλογίᾳ
2656 1002 2768 1074 ἔχοι
2798 1020 2882 1067 τις
2908 1001 3223 1072 ἀντιστῆναι
3254 1020 3382 1055 ποτε
3408 1003 3502 1056 καὶ
3528 1001 3834 1069 διελέγξαι,

2242 1096 2381 1167 μήτε
2422 1095 2585 1150 πάλιν
2642 1096 2721 1165 τῷ
2771 1096 2929 1165 τάχει
2976 1094 3084 1147 τῶν
3137 1094 3437 1163 ὀφθαλμῶν
3481 1095 3575 1148 καὶ
3613 1096 3687 1163 στῇ
3726 1093 3824 1163 τῆς

2238 1188 2485 1258 γλώττης
2511 1187 2658 1258 ῥύμῃ
2692 1187 2990 1257 φερόμενος
3011 1185 3099 1239 διὰ
3122 1187 3221 1256 τῆς
3248 1186 3588 1248 παιδεύσεως
3608 1185 3685 1238 τάν
3706 1186 3827 1237 δευ-

2237 1282 2420 1352 τερεῖα
2470 1278 2659 1333 τοῦτον
2701 1280 2746 1313 ⁸ο
2799 1280 2987 1347 φέρειν
3024 1278 3532 1347 καταναγκάσειεψ
3570 1275 3825 1330 τοσοῦτον

2238 1372 2349 1442 γὰρ
2387 1371 2549 1442 ήργει
2593 1368 2731 1440 πρὸς
2754 1370 2851 1440 τὴν
2904 1369 3048 1440 μῖξιν
3083 1369 3192 1423 τῶν
3222 1368 3584 1439 γραμμάτων
3618 1368 3834 1430 ἐκεῖνος

2237 1464 2332 1516 καὶ
2359 1462 2459 1534 τὴν
2491 1460 2600 1514 τῶν
2637 1460 2916 1515 συλλαϐῶν
2952 1459 3281 1527 ἀνάγνωσιν,
3322 1459 3397 1522 ὼς
3452 1460 3583 1529 ῥᾷον
3625 1457 3691 1511 ἄν
3740 1475 3826 1520 τις

2236 1554 2424 1623 διῆλθε
2453 1553 2711 1625 βιϐλίονῆ
2747 1554 2910 1617 αὐτὸς
2953 1556 3018 1624 τῇ
3057 1552 3354 1623 βραδύτητι
3389 1550 3481 1605 τοῦ
3515 1550 3607 1603 νοῦ
3635 1550 3702 1604 τὰ
3727 1548 3825 1604 τοῦ

2237 1647 2440 1699 οἰκείου
2476 1648 2718 1716 στοιχεῖα
2760 1646 3041 1715 ὀνόματος.
3085 1645 3246 1698 Ἀλλά
3294 1643 3469 1697 ταῦτα
3507 1644 3606 1713 μὲν
3634 1642 3708 1705 ὡς
3733 1643 3830 1696 καὶ

2240 1742 2354 1804 τοῖς
2386 1740 2505 1793 κατ’
2540 1740 2716 1793 ἐκεῖνο
2737 1738 2929 1811 καιροῦ
2952 1737 3404 1808 κεκωμῳδημένα
3437 1736 3602 1800 θείοις
3629 1735 3828 1806 ἄνδρά-

2245 1849 2329 1886 σιν
2357 1832 2544 1885 ἐατέον
2563 1847 2576 1861 °
2618 1831 2844 1903 πλήρεις
2874 1832 2983 1900 γὰρ
3014 1830 3187 1900 βίϐλοι
3239 1830 3308 1883 τὰ
3338 1830 3551 1889 ἐκείνου
3576 1826 3830 1896 ἐκστηλι-

2242 1923 2524 1978 τεύουσαι·
2558 1926 2720 1995 ἡμεῖς
2758 1924 2815 1977 δὲ
2862 1924 3000 1995 πρδς
3046 1923 3113 1976 τὰ
3146 1922 3305 1990 θέξῆς
3350 1920 3680 1992 προσϐῶμεν
3731 1920 3837 1990 τῆς.

2245 2016 2506 2087 ἱστορίας,
2534 2016 2601 2069 τὰ
2621 2015 3042 2085 ἀποτελέσματα
3064 2014 3172 2067 τῶν
3189 2013 3365 2067 ἀθέων
3388 2012 3551 2065 αι’·τοῦ
3579 2009 3840 2083 πράξεων.

2242 2109 2559 2179 ἐνορῶντες.
2758 2106 2765 2107 ί

2314 2204 2378 2256 θ’.
2412 2202 2568 2254 Κατὰ
2595 2200 2703 2272 γὰρ
2742 2200 2833 2255 τον
2854 2200 3047 2271 καιρὸν
3072 2197 3263 2252 τοῦτον
3292 2198 3469 2269 ἀρχὴν
3506 2196 3689 2249 λαϐὼν
3733 2196 3828 2266 ἐμ·

2242 2295 2431 2365 φύλιος
2458 2294 2693 2365 πόλεμος
2716 2293 2776 2357 ἐξ
2799 2292 3091 2359 ’Λνατολῆς
3125 2292 3396 2345 παντοίων
3428 2291 3690 2359 ἐνέπλησε
3734 2288 3847 2359 τὴν

2240 2391 2568 2460 οἰκουμένην
2612 2389 2798 2442 κακῶν
2836 2388 2929 2441 καὶ
2975 2390 3038 2441 ἐκ
3086 2385 3297 2438 πολλῶν
3329 2385 3545 2452 ὀλίγους
3580 2385 3708 2445 τοὺς
3733 2383 3833 2435 ἀν·-

2242 2482 2493 2554 θρῶπους
2541 2481 2891 2553 εἰργάσατοκ
2930 2480 3185 2550 πατέρων
3218 2479 3463 2551 δηλονότι
3493 2478 3593 2540 τὰς
3646 2474 3830 2539 δεξιὰς

2242 2575 2387 2629 κατὰ
2425 2575 2534 2628 τῶν
2589 2573 2721 2627 υίῶν
2746 2573 3113 2639 ὁπλισάντων,
3151 2573 3248 2625 καὶ
3282 2569 3529 2643 ἀδελφῶν
3554 2568 3697 2622 κατὰ
3725 2566 3841 2620 τῶν

2240 2671 2305 2721 ἐκ
2330 2667 2428 2736 τῆς
2460 2666 2634 2736 αὐτῆς
2671 2665 2889 2734 φύντων
2918 2665 3155 2735 γαστρὸς
3181 2706 3195 2728 ,
3238 2662 3336 2717 καὶ
3372 2663 3528 2731 φίλου
3578 2659 3640 2713 τὸ
3683 2658 3847 2720 τέλος

2242 2760 2386 2813 κατὰ
2406 2759 2500 2812 τοῦ
2541 2757 2827 2826 φιλοῦντος
2876 2757 2943 2810 τά
3000 2757 3257 2827 μάλιστα.
3309 2755 3511 2823 Θωμᾶς
3537 2752 3745 2804 τούτων
3766 2747 3835 2821 ἦν

2241 2850 2492 2920 ἔξαρχος,
2524 2849 2653 2920 περὶ
2687 2842 2747 2903 οὗ
2787 2848 2964 2911 διττὸς
3004 2847 3163 2916 λόγος
3218 2846 3465 2915 φέρεται.
3503 2842 3746 2914 Ἀνάγκη
3776 2839 3835 2895 δὲ

2240 2943 2550 3015 ἀνθρώποις
2571 2942 2722 2996 οὖσιν
2748 2944 2903 3013 ἡμῖν,
2930 2940 3207 3011 καὶνάκοῇ.
3225 2938 3338 2992 ἀλλ’
3359 2939 3459 2991 οὐκ
3496 2936 3617 3006 ὕψει
3650 2937 3713 2989 ἐκ
3734 2932 3836 3005 τῆς

2241 3038 2497 3091 τοσούτου
2548 3038 2741 3107 χρόνου
2791 3036 3073 3105 παρολκῆς
3124 3032 3191 3086 τὰ
3223 3031 3448 3085 τοιαῦτα
3477 3028 3836 3098 κατειληφόσι

554 3125 699 3170 taxat
721 3127 964 3187 accepta,
996 3135 1104 3174 non
1138 3120 1270 3190 ipsis
1302 3122 1480 3177 oculis
1511 3130 1797 3189 usurpata,
1826 3132 1950 3190 post
1973 3122 2134 3193 longa

2241 3134 2339 3201 τῆς
2369 3129 2642 3200 ἱστορίας,
2679 3128 2765 3181 ἵνα
2795 3127 2859 3198 δὴ
2886 3126 3165 3197 πανταχοῦ
3218 3126 3316 3196 τὴν
3371 3124 3631 3195 ἀλήθειαν
3668 3122 3835 3186 σωζοι

553 3209 692 3265 adeo
721 3219 967 3279 tempora
1017 3213 1319 3268 habeamus
1366 3213 1702 3284 ejuscemodi
1739 3214 1977 3269 historia:
2024 3231 2142 3271 mo-

555 3313 840 3372 numenta,
878 3313 938 3358 ut
964 3306 1019 3359 in
1063 3305 1322 3360 omnibus
1357 3317 1563 3360 sartam
1614 3316 1811 3361 tectam
1860 3306 2138 3363 veritatem

555 3412 861 3462 servemus,
893 3413 1120 3453 necesse
1154 3408 1235 3453 est
1265 3400 1347 3454 sic
1371 3399 1453 3454 vel
1483 3401 1564 3455 sic
1598 3401 1721 3455 aliis
1747 3400 1987 3471 aliisque
2029 3412 2141 3455 tra-

554 3488 665 3542 dita
697 3489 871 3559 (alios
894 3490 1102 3545 scilicet
1134 3491 1382 3559 aliosque
1425 3490 1714 3563 rumores)
1752 3492 2139 3557 conscribere;

554 3595 676 3650 qua:
708 3580 872 3649 plane
902 3581 1235 3651 ambiguitas
1261 3597 1324 3637 ac
1355 3598 1514 3638 error
1565 3583 1713 3647 huic,
1767 3584 1912 3654 quod
1951 3595 2145 3638 tracta-

557 3687 701 3735 mus,
736 3671 870 3727 nihil
897 3672 1063 3729 oilicit
1089 3686 1413 3744 argumento
1441 3694 1459 3729 τ
1489 3677 1602 3733 imo
1646 3678 1774 3733 inde
1805 3678 2057 3732 futurum
2087 3686 2145 3731 ut

554 3764 761 3821 veritas
793 3767 1120 3823 certioribus
1172 3768 1330 3823 nobis
1369 3772 1667 3826 momentis
1716 3773 1943 3836 nitatur,
1980 3785 2143 3839 quam

558 3857 646 3912 his
670 3859 763 3928 qui
794 3874 1013 3929 semper
1051 3860 1422 3932 digladiantur
1449 3865 1603 3919 sicne
1629 3864 1721 3919 vcl’
1768 3865 1847 3918 sic
1892 3878 2012 3918 sese
2060 3879 2145 3916 res

555 3950 832 4007 habuerit.
864 3951 1029 4008 Forct
1061 3956 1282 4023 quidem
1318 3957 1369 4009 id
1404 3957 1697 4027 optimum,
1726 3966 1784 4010 ut
1812 3966 1866 4012 et
1907 3972 2010 4012 nos
2046 3958 2148 4010 ho-

557 4042 732 4097 mines
801 4046 945 4099 nuda
1006 4047 1231 4102 veritate
1289 4048 1551 4119 nulloque
1624 4049 1910 4105 involucro
1957 4051 2143 4105 omnia

554 4147 839 4204 perspecta
898 4138 1229 4196 haberemus
1282 4160 1294 4195 :
1337 4143 1469 4212 quia
1534 4159 1665 4198 vero
1720 4143 1866 4212 quod
1918 4143 2141 4215 longum

554 4228 758 4285 effluxit
790 4239 1025 4303 tempus,
1057 4250 1156 4289 ceu
1204 4235 1476 4304 quoddam
1526 4237 1873 4307 interjectum
1925 4238 2147 4303 velum;

553 4323 872 4379 debiliorem
906 4337 1150 4380 nostram
1186 4329 1556 4395 cognitionem
1588 4327 1735 4395 facit,
1785 4346 1965 4400 operae
2014 4347 2138 4400 prc-

2246 3223 2416 3292 μένην
2454 3221 2693 3291 ἔχοιμεν,
2748 3221 2843 3271 καὶ
2898 3220 3022 3280 τοὺς
3068 3217 3293 3271 τοιῶσδε
3324 3216 3464 3270 ἀλλά
3505 3216 3580 3286 μὴ
3613 3214 3837 3269 τοιῶσδε

2247 3316 2406 3386 μόνον
2437 3312 2904 3383 παραδιδομένους
2939 3310 3134 3380 λόγους
3166 3310 3527 3381 ἀναγράφειν,
3584 3307 3738 3362 οὐδὲν
3772 3307 3842 3361 ἐκ

2240 3408 2343 3476 τῆς
2372 3404 2630 3475 τοιαύτης
2672 3403 3005 3473 ἀμφιϐολίας
3040 3402 3135 3457 καὶ
3176 3402 3387 3473 πλάνης
3431 3402 3837 3473 λυμαινομένης

2242 3499 2340 3567 τῆς
2384 3498 2757 3568 προκειμένης
2803 3496 2934 3566 ἡμῖν
2991 3494 3327 3560 ὑποθέσεως,
3385 3495 3583 3566 μᾶλλον
3616 3496 3714 3563 μὲν
3743 3492 3835 3548 οὖν

2244 3590 2338 3642 καὶ
2394 3587 2807 3659 ἀσφαλεστέρας
2858 3586 3241 3658 τυγχανούσης
3297 3589 3409 3649 τοῖς
3460 3603 3522 3654 γε
3556 3587 3629 3655 μὴ
3662 3583 3837 3647 οὕτως

2245 3678 2390 3749 ἐχειν
2427 3679 2543 3731 ἀλλ’
2609 3679 2783 3741 οὕτως
2838 3676 3387 3746 διαπληκτιζομένοις
3438 3677 3546 3730 ἀεί.
3580 3677 3838 3747 Ἄριστον

2251 3773 2349 3844 μὲν
2382 3772 2491 3841 γὰρ
2528 3767 2619 3843 ἦν,
2653 3774 2702 3824 εί
2758 3771 2975 3840 γυμνῆς
3007 3766 3363 3838 ὑπαρχούσης
3415 3769 3516 3836 τῆς
3578 3765 3843 3835 ἀληθείας

2247 3866 2338 3920 καὶ
2372 3867 2535 3935 ἡμεῖς
2565 3864 2722 3927 ἐκτὸς
2762 3861 3268 3933 παραπετάσματος
3293 3860 3392 3931 τὴν
3425 3858 3741 3931 πανείδησιν
3786 3861 3837 3914 οῖ

2251 3959 2532 4030 ἄνθρωποι
2586 3959 2806 4027 εἴχομεν
2830 3969 2844 3984 ⁸
2885 3954 3006 4007 ἐπεὶ
3037 3954 3097 4008 δέ
3127 3955 3155 4007 ὁ
3186 3950 3353 4016 πολὺς
3394 3953 3597 4023 ῥεύσας
3648 3952 3850 4022 χρόνος

2252 4048 2362 4107 οἷόν
2394 4071 2446 4105 τι
2503 4052 2771 4122 κάλυμμα
2805 4051 2938 4121 ἡμῖν
2969 4046 3272 4119 προστεθὲν
3297 4045 3696 4117 ἀσθενεστέραν
3741 4044 3840 4116 τὴν

2251 4150 2453 4215 γνῶσιν
2484 4144 2805 4218 ἐργάζεται,
2837 4144 2920 4197 δεῖ
2949 4146 3016 4213 τῇ
3050 4160 3112 4209 γε
3142 4134 3301 4212 φήμῃ
3334 4142 3430 4193 καὶ
3476 4138 3691 4209 κληδόνι
3721 4155 3839 4191 πει-

2247 4241 2509 4310 θομένους
2559 4241 2638 4300 εἰς
2680 4238 2795 4306 φῶς
2832 4236 2987 4302 ἄγειν
3042 4233 3225 4295 ποσῶς
3265 4230 3335 4284 τὰ
3368 4230 3691 4301 πράγματα,
3725 4231 3839 4285 άλλῗ

2246 4333 2367 4402 οόχὶ
2404 4330 2481 4399 τῷ
2514 4327 2747 4396 ποταμῴ
2799 4326 2900 4394 τῆς
2930 4325 3099 4393 λήθης
3135 4321 3471 4391 παραδοῦναι
3503 4323 3836 4396 ὁλοσχερῶς,

555 4415 689 4469 tium
731 4417 803 4472 sit
843 4426 902 4473 ut
942 4418 1101 4474 famae
1149 4421 1513 4493 obsequentes
1585 4438 1650 4477 ac
1704 4424 2039 4492 conjectum
2090 4424 2173 4479 vel
2219 4426 2369 4479 tenui
2420 4422 2613 4478 saltem
2658 4419 2812 4475 radio
2868 4433 2956 4473 res
3021 4418 3072 4471 in
3136 4416 3311 4471 lucem
3366 4417 3735 4487 producamus
3789 4422 3847 4475 el-

553 4526 663 4565 non
728 4513 944 4581 penitus
1005 4516 1299 4574 oblivionis
1364 4519 1572 4573 vertice
1637 4520 1960 4589 mergendas
2024 4520 2327 4575 tradamus.

627 4600 715 4655 10.
748 4600 862 4656 Una
896 4620 1067 4675 eaque
1094 4610 1269 4677 prima
1303 4610 1505 4678 Opinio,
1539 4611 1593 4663 in
1623 4626 1786 4680 quam
1819 4621 1869 4664 et
1905 4627 2004 4680 ego
2030 4628 2139 4664 ma—
2173 4621 2215 4674 ί)

555 4691 715 4745 nibus
757 4692 1096 4766 pedibusque
1126 4714 1214 4762 eo,
1273 4701 1495 4769 scriptis
1550 4701 1880 4770 quibusdam
1943 4717 2143 4756 monu-

553 4785 757 4839 mentis
791 4785 1123 4844 facientibus
1155 4791 1340 4856 fidem,
1394 4792 1510 4847 haec
1555 4802 1660 4859 est,
1719 4809 1913 4863 nempe
1960 4806 2142 4849 ortum

554 4876 823 4933 Thomam
869 4897 935 4935 ex
969 4882 1225 4937 obscuris
1260 4886 1652 4956 tenuibusque
1696 4888 2038 4955 parentibus,
2076 4890 2143 4943 ad

556 4972 671 5026 haec
734 4971 1055 5030 Sclavorum
1118 4977 1252 5031 satis
1301 4978 1597 5048 prosapia,
1663 4980 1754 5049 qui
1829 4981 2028 5051 sapius
2087 4983 2141 5036 in

554 5063 779 5121 Oriente
802 5077 855 5123 et
876 5069 1014 5123 Asia
1046 5069 1416 5125 cohaeserunt.
1454 5071 1620 5141 {Egre
1643 5073 1825 5143 itaque
1845 5088 2144 5144 pauperem

555 5157 723 5211 vitam
745 5169 1065 5228 sustentans
1085 5158 1538 5235 fortunarumque
1562 5165 1764 5233 aliquid
1789 5168 2145 5236 quaesiturus,

558 5250 745 5306 relicta
781 5252 882 5324 51
914 5255 1091 5324 patria
1124 5255 1338 5325 Cpolim
1382 5260 1555 5313 venit.
1612 5259 1711 5314 Ubi
1760 5260 1881 5314 viro
1927 5259 2144 5314 cuidam

559 5343 770 5400 ordinis
802 5349 1064 5402 senatorii
1097 5349 1408 5416 adluerens,
1435 5352 1666 5422 ejusque
1700 5353 1951 5408 addictus
1982 5353 2147 5407 obse-

559 5436 707 5504 quiis
738 5453 803 5493 ac
832 5440 1090 5496 minister
1119 5442 1365 5512 enectus,
1405 5460 1470 5501 eo
1500 5445 1744 5502 libidinis
1780 5461 1843 5501 ac
1880 5446 2146 5503 foeditatis

562 5532 834 5597 processit
873 5543 934 5589 ut
964 5544 1017 5588 et
1039 5536 1155 5591 heri
1187 5538 1367 5594 cubile
1416 5548 1708 5607 torumque
1752 5540 1996 5610 polluere
2041 5556 2139 5595 co-

564 5633 726 5678 natus
758 5626 849 5681 sit.
883 5627 999 5693 Qua
1027 5644 1082 5684 re
1113 5631 1321 5688 detecta
1347 5649 1468 5689 cum
1496 5636 1758 5705 probrum
1785 5635 1976 5706 ingens
2000 5632 2141 5687 ferre

2317 4618 2368 4665 t'.
2416 4612 2474 4664 '0
2508 4610 2607 4682 μὲν
2636 4605 2730 4663 οὖν
2776 4603 2860 4672 εἷς
2910 4607 3004 4661 καὶ
3054 4605 3275 4678 πρῶτος
3310 4598 3567 4674 λόγος,’ᾧ
3604 4607 3699 4660 καὶ
3728 4606 3838 4674 ἐγὼ

2242 4705 2504 4773 πείθομαι
2541 4703 2600 4768 ἐξ
2639 4701 2939 4772 ἐγγράφων
2972 4700 3137 4753 τινῶν
3174 4698 3315 4771 ἔχων
3348 4700 3410 4753 τὸ
3452 4698 3693 4768 βέϐαιον,
3722 4698 3838 4751 τοῦ⁴

2241 4814 2333 4850 τον
2368 4794 2643 4866 όρμᾶσθαί
2679 4812 2814 4865 φησι
2839 4794 2930 4848 τὸν
2956 4793 3160 4863 Θωμᾶν
3185 4792 3243 4859 ἐξ
3284 4793 3514 4861 ἀσήμων
3546 4807 3604 4843 τε
3636 4789 3839 4857 γονέων

2243 4893 2337 4947 καὶ
2364 4890 2660 4962 πενιχρῶν,
2698 4888 2875 4952 ἄλλως
2896 4887 2952 4941 δέ
2983 4887 3079 4941 καὶ
3107 4883 3517 4953 Σκλαϐογενῶν,
3563 4882 3673 4935 τῶν
3708 4884 3839 4935 πολ-

2242 4982 2402 5045 λάκις
2457 4978 2926 5049 ἐγκιστευθέντων
2985 4974 3128 5029 κατὰ
3161 4972 3261 5043 τὴν
3305 4970 3616 5042 Ἀνατολήν.
3674 4968 3838 5040 Πενίᾳ

2246 5075 2378 5145 γοῦν
2410 5074 2630 5138 ἀποζῶν
2663 5074 2758 5127 καὶ
2809 5072 2910 5141 τὴν
2934 5069 3106 5139 τύχην
3144 5066 3229 5139 [Ρ.
3266 5065 3357 5138 55]
3396 5063 3840 5135 ἐμπορευόμενος

2246 5170 2344 5243 τὴν
2372 5167 2570 5224 ἑαυτοῦ
2624 5168 2723 5239 μὲν
2766 5166 3001 5235 ἀπέδρα,
3049 5161 3187 5231 πρὸς
3238 5158 3294 5212 δέ
3342 5158 3444 5226 τὴν
3477 5153 3841 5226 μεγαλόπολιν

2244 5262 2450 5330 ταύτην
2491 5261 2843 5329 εἰσέφρησεν.
2906 5255 3016 5307 Καὶ
3058 5252 3122 5321 δή
3166 5268 3271 5302 τινι
3317 5248 3427 5301 τῶν
3460 5245 3841 5314 συγκλητικῶν

2246 5354 2607 5422 ἐξυπηρετεῖν
2656 5367 2718 5401 τε
2751 5347 2847 5399 καὶ
2875 5344 3217 5413 λειτουργεῖν
3266 5336 3554 5407 κολληθεὶς
3587 5333 3841 5405 αἰσχῦναι

2247 5447 2311 5500 δι’
2340 5442 2638 5499 ἀκολασίαν
2687 5439 2781 5494 καὶ
2811 5435 3145 5507 καθυϐρίσαι
3191 5432 3289 5502 τὴν
3323 5426 3651 5496 δεσποτικὴν
3678 5423 3842 5494 εὐνὴν

2251 5540 2344 5593 καὶ
2380 5538 2451 5591 τά
2482 5536 2688 5605 λέκτρα
2744 5531 2936 5585 τούτου
2973 5528 3252 5599 ἠπείγετο.
3339 5522 3495 5576 Ἐπεὶ
3532 5515 3625 5574 οὖν
3655 5534 3841 5589 φωρα-

2252 5632 2365 5694 θεὶς
2413 5630 2512 5700 οὐχ
2565 5624 2676 5691 οἷός
2710 5642 2768 5679 τε
2816 5619 2885 5696 ἦν
2916 5623 3007 5676 τὸν
3040 5621 3208 5674 πολῦν
3262 5616 3468 5671 ὅνειδον
3506 5613 3597 5668 καὶ
3619 5612 3714 5675 τὰς
3748 5609 3835 5661 διὰ

1871 5722 2103 5780 VARUE
2147 5720 2558 5779 LEC'I‘IONES.

670 5812 717 5842 "
751 5812 955 5869 τούτων
984 5815 1044 5870 Ρ.
