4200 6434
498 374 571 432 65

1556 359 1705 418 LIB.
1741 356 1822 415 II.
1852 381 1918 392 -
1953 354 2295 418 MICHAEL
2327 354 2820 419 AMORIENSIS.
3727 364 3799 428 66

506 480 661 538 τοῦτο
688 477 990 546 ὑπομεῖναι
1016 471 1260 541 πληγὰς,
1295 468 1471 538 φυγὰς
1507 468 1645 539 πρὸς
1671 466 1800 527 τοὺς
1830 464 1889 531 δε
1922 465 2102 534 Ἅγαρ

2220 476 2532 534 nonposset
2570 480 2634 521 ac
2666 476 2928 536 praeterea
2953 482 3145 538 pinnas
3190 470 3319 525 talia
3373 469 3621 531 facinora
3681 493 3797 533 ino-

513 575 735 641 γίνεται,
766 568 865 621 καὶ
888 564 1111 627 τούτοις
1139 562 1328 616 πίστιν
1358 558 1637 630 ἱκανὴνέκ
1668 573 1731 611 τε
1765 556 1873 609 τῶν
1900 556 2106 609 καταλ-

509 666 682 736 λήλων
713 658 879 716 αὑτοῦ
933 657 1062 720 δοὺς
1090 655 1348 727 πράξεων
1401 652 1489 707 διὰ
1521 649 1733 705 πολλῶν
1763 649 1865 721 ἢδη
1896 649 2108 719 χρόνων

510 759 651 829 ίέτος
678 755 790 825 γάρ
818 770 923 806 που
953 750 1209 822 διηνύετο
1231 748 1405 818 τούτῳ
1430 748 1687 818 πέμπτον
1716 744 1810 799 καὶ
1838 740 2106 811 εἰκοστὸν)

512 848 609 899 καὶ
639 847 703 897 ὲκ
735 842 832 895 τοῦ
858 842 951 895 τὸν
994 839 1236 911 Χριστὸν
1280 837 1375 891 καὶ
1417 837 1552 890 Θεὸν
1612 832 1884 906 ἡρνῆσθαι
1923 832 2103 905 ἡμῶν,

510 936 823 1008 πολεμικῆς
854 950 1002 995 τινος
1031 931 1312 1002 φάλαγγος
1333 930 1543 999 γίνεται
1564 929 1806 1001 ἀρχηγὸς
1836 927 1931 982 καὶ
1961 925 2108 982 κατά

512 1028 864 1103 Χριστιανῶν
915 1026 1228 1091 ὁπλίζεται,
1261 1023 1637 1096 κραταιοτάτῃ
1690 1020 1838 1094 χειρὶ
1866 1020 1966 1093 τὴν
1995 1019 2105 1073 τῶν

524 1120 821 1192 Ῥωμαῖων
863 1117 1156 1189 βασιλείαν
1210 1115 1315 1168 ὑπὸ
1342 1116 1444 1186 τὴν
1475 1114 1655 1168 αὐτῶν
1697 1115 1854 1184 χεῖρα
1879 1109 2104 1181 ποιῆσαι

517 1213 1024 1282 καθυποσχὸμενος.
1082 1210 1195 1261 Καὶ
1233 1209 1326 1262 ἵνα
1385 1208 1460 1278 μή
1514 1224 1635 1259 τινα
1667 1202 1918 1276 ἐμποδὼν
1952 1204 2103 1274 ποιρά

526 1306 820 1377 Ῥωμαίοις
855 1301 1145 1373 γινόμενος
1188 1303 1314 1371 σχῇ,
1361 1296 1569 1362 πάντας
1598 1298 1657 1351 δὲ
1688 1295 2104 1365 συνεφαπτομὲο

524 1417 645 1462 vos;
704 1398 799 1451 καὶ
850 1395 1046 1450 τούτου
1096 1390 1642 1464 προκινδυνεύοντας,
1694 1388 2103 1443 Κωνσταντῖνον

518 1488 653 1545 εἶναι
688 1488 856 1545 αὑτὸν
882 1488 985 1555 τῆς
1014 1485 1255 1556 Εἰρήνης
1284 1483 1567 1553 διετράνου
1598 1481 1695 1535 κοιλ⁵
1737 1478 2098 1549 ἐπεφήμιζεν,

512 1584 573 1639 ὃν
598 1585 633 1655 ὴ
668 1582 828 1637 ἄνοια
876 1582 974 1636 καὶ
1024 1579 1085 1631 τὺ
1112 1578 1207 1631 τοῦ
1257 1576 1419 1647 ἡθους
1449 1575 1598 1646 ὠμὸν
1629 1573 1798 1628 πάλαι
1826 1573 1925 1644 μὲν
1959 1571 2099 1642 μετά

517 1678 617 1747 τῆς
650 1673 929 1747 βασιλείας
977 1670 1231 1740 ἀφείλετο
1262 1671 1355 1723 καὶ
1402 1668 1529 1731 τοὺς
1574 1664 1913 1736 ὀφθαλμοὺς,
1947 1682 2100 1736 τηνι-

519 1765 699 1819 καῦτα
730 1765 787 1818 δὲ
821 1762 916 1818 καὶ
942 1762 1034 1815 τὸν
1064 1760 1177 1830 βίον
1210 1756 1560 1831 μετηλλαχὼς
1582 1752 1673 1827 ἦν.
1694 1754 1874 1809 "Emi.
1895 1755 1953 1809 δὲ
2002 1757 2095 1809 καὶ

517 1860 579 1912 τδ
604 1858 717 1911 τῶν
743 1856 995 1925 πράξεων
1020 1853 1254 1925 μέγεθος
1285 1852 1380 1906 καὶ
1401 1852 1456 1904 αἱ
1480 1852 1769 1922 βόσκουσαι
1799 1848 1986 1902 τοῦτον
2017 1849 2104 1902 ἐλ-

521 1953 673 2016 πίδες
698 1948 953 2005 κοινωνόν
973 1965 1097 2001 τινα
1125 1948 1236 2000 τῶν
1259 1944 1604 2017 πραγμάτων
1625 1943 1867 2016 ἀπῄτουν
1893 1944 1973 2015 (οὐ
1998 1943 2107 2015 γὰρ

530 2046 597 2098 ἂν
622 2043 796 2113 ἄλλως
824 2040 966 2112 αὐτῷ
1011 2040 1081 2093 τὰ
1112 2038 1256 2092 κατά
1284 2038 1385 2108 γῆν
1420 2038 1515 2090 καὶ
1548 2036 1833 2090 ’θάλατταν
1866 2035 2110 2105 ὑπελάμ-

532 2138 664 2192 ϐανε
699 2136 1131 2208 κραταιοῦσοαι),
1179 2135 1275 2189 καὶ
1320 2132 1436 2187 υἱόν
1465 2151 1590 2188 τινα
1637 2133 1966 2187 ἐπείσακτον
1984 2134 2108 2185 εἰσ-

528 2232 786 2295 ποιεῖται,
822 2231 885 2299 τῇ
948 2227 1043 2282 τοῦ
1092 2225 1348 2299 σώματος
1412 2225 1842 2299 μεταμορφώσει
1872 2224 1974 2295 τὴν
2007 2223 2110 2294 τῇς

520 2320 703 2392 ψυχῆς
729 2320 989 2392 δηλοῦντα
1009 2320 1295 2386 ἀπόνοιαν,
1336 2314 1380 2388 ᾧ
1400 2320 1497 2372 καὶ
1526 2318 1790 2389 δυνάμεις
1832 2316 2108 2387 ἀρκούσας

523 2409 827 2481 παρασχὼν
860 2410 955 2464 κα).
996 2410 1379 2464 Κωνστάντιον
1433 2409 1812 2480 μετονομάσας
1865 2408 2108 2474 ἄλλοθεν,

514 2502 715 2556 ὶαυτὺν
740 2502 796 2556 δὲ
824 2502 1095 2573 ἑτέρωθεν
1142 2501 1243 2574 τῂν
1288 2501 1396 2555 τῶν
1434 2499 1746 2572 ’Ῥωμαίων
1775 2501 1983 2572 κείρειν
2014 2502 2112 2554 καὶ⁹

532 2594 884 2664 κατατρέχειν
916 2591 1181 2647 ἐπέταττε
1231 2594 1355 2665 γῆν.
1400 2592 1553 2647 Λέων
1596 2594 1719 2647 τότε
1770 2592 1969 2665 καιροῦ
1997 2594 2024 2646 ὁ
2052 2591 2111 2660 ἐξξ

546 2686 837 2756 ’Λρμενεων
863 2687 961 2749 τὰς
992 2689 1092 2757 τῇς
1121 2686 1396 2757 βασιλείας
1424 2688 1787 2758 ὲκεκρατήκει
1826 2687 2010 2757 (quia;
2053 2688 2112 2741 ὲν

526 2777 744 2847 ὑστέρῳ
767 2776 975 2848 καιρῷ·
1002 2776 1060 2840 ὃς
1085 2774 1316 2848 δύναμιν
1341 2792 1464 2831 τινα
1495 2777 1616 2830 κατ’
1641 2776 1805 2830 αὑτοῦ
1838 2776 2113 2848 συστήσας

523 2868 627 2923 οὐκ
661 2869 950 2937 ἀξιόλογον
981 2868 1150 2941 αὐτὴν
1213 2868 1314 2940 μὲν
1366 2868 1636 2939 σφαλῆναι
1665 2868 1922 2937 ἐποίησεν
1973 2868 2115 2939 (ἅμα

527 2960 637 3030 γὰρ
666 2963 734 3031 τῇ
772 2961 912 3031 πρὸς
948 2960 1244 3031 πρόσωπον
1308 2959 1611 3030 ἀπαντήσει
1665 2959 1926 3029 ἐτρέπετο
1977 2960 2115 3031 πρὸς

530 3050 752 3120 φυγὴν),
816 3047 1011 3104 τοῦτον
1064 3049 1123 3103 δὲ
1184 3047 1523 3121 Θρασύτερον
1573 3050 1669 3103 καὶ
1705 3048 1928 3121 πλέονῇ
1960 3045 2029 3121 ἦν
2049 3051 2116 3105 τὰ

2216 553 2474 611 lientibus
2508 558 2843 615 constitutas
2876 570 3164 627 metueret,
3192 564 3261 617 ad
3293 564 3578 633 Agarenos
3610 568 3800 637 profu-

2214 648 2330 717 git;
2366 648 2567 717 quibus
2594 664 2720 704 cum
2758 666 2817 706 se
2854 651 2990 708 satis
3023 654 3320 709 multorum
3371 657 3485 727 jam
3524 673 3797 715 annorum

2214 740 2456 809 periculo
2490 742 2699 810 (annos
2733 744 2878 798 enim
2908 745 3153 816 quinque
3190 764 3356 818 supra
3388 751 3577 821 viginti
3602 768 3797 822 exege-

2214 830 2332 901 rat)
2366 841 2561 887 actum
2588 848 2652 887 ex
2687 849 2903 890 morum
2932 838 3332 907 convenientia,
3359 849 3471 895 tum
3499 857 3567 897 ex
3592 843 3797 899 Christi

2213 924 2308 979 Dei
2354 928 2525 981 nostri
2572 928 2784 997 ejurata
2820 930 2925 985 fide
2959 932 3264 1001 probasset,
3306 924 3543 990 .militari
3585 937 3798 993 cohorti

2213 1016 2282 1071 ab
2315 1017 2395 1071 eis
2447 1019 2746 1089 praeficitur
2788 1036 2853 1076 ac
2897 1032 3090 1076 contra
3137 1024 3481 1080 Christianos
3530 1037 3797 1092 armatur,

2210 1108 2594 1164 robustissima
2622 1126 2790 1167 manu
2830 1111 3143 1169 Romanum
3175 1116 3466 1189 imperium
3496 1117 3714 1173 illorum
3741 1135 3801 1176 se

2210 1201 2435 1258 ditionis
2466 1202 2740 1258 facturum
2791 1206 3088 1275 pollicitus.
3146 1210 3223 1264 Ae
3262 1225 3332 1264 ne
3375 1212 3501 1281 quis
3532 1211 3609 1266 illi
3657 1214 3801 1283 apud

2211 1295 2497 1352 Romanos
2543 1298 2823 1368 negotium
2850 1299 3036 1365 faciat,
3064 1302 3160 1357 sed
3187 1303 3235 1357 ei
3268 1303 3453 1373 potius
3479 1307 3663 1360 cuncti
3702 1308 3803 1362 ad-

2202 1386 2505 1459 jnngantur
2522 1406 2733 1462 suoque
2757 1392 2999 1465 pericqu
3017 1395 3304 1449 tutandum
3327 1412 3448 1452 eum
3476 1398 3801 1469 suscipiant,

2210 1497 2334 1537 esse
2369 1499 2427 1538 se
2460 1483 2888 1541 Constantinum
2929 1485 3113 1544 lrenes
3154 1488 3326 1543 tilium
3371 1490 3691 1547 manifestat
3734 1508 3801 1548 ac

2208 1573 2354 1629 fama
2380 1576 2588 1648 vulgat,
2630 1594 2793 1648 quem
2834 1579 3106 1635 dementia
3142 1596 3471 1652 morumque
3494 1584 3800 1641 crudelitas

2208 1682 2313 1721 iina
2341 1683 2465 1721 cum
2493 1668 2725 1739 imperio
2746 1670 3051 1726 luminibus
3075 1688 3293 1743 quoque
3322 1674 3450 1728 olim
3471 1675 3801 1745 privaverat,

2208 1760 2410 1831 quique
2444 1773 2571 1815 tunc
2611 1767 2776 1818 etiam
2817 1764 2869 1818 in
2904 1764 3164 1820 humanis
3197 1782 3317 1821 esse
3339 1767 3597 1825 desierat.
3654 1768 3795 1836 Quia

2214 1868 2342 1909 vero
2377 1870 2502 1909 cum
2532 1856 2812 1913 actionum
2845 1858 3188 1928 magnitudo,
3237 1869 3349 1915 tum
3384 1877 3504 1932 qua:
3538 1877 3664 1918 eum
3700 1880 3800 1933 pa-

2216 1948 2444 2002 scebant
2480 1966 2627 2020 spes,
2663 1966 2844 2006 rerum
2887 1954 3181 2022 quemdam
3215 1969 3280 2009 ac
3314 1957 3657 2025 negotiorum
3707 1972 3803 2013 so-

2215 2040 2361 2095 cium
2390 2042 2729 2115 exigebant,(
2752 2060 2861 2098 non
2892 2045 3036 2099 enim
3073 2046 3230 2100 aliter
3266 2061 3325 2101 se
3370 2057 3528 2102 terra:
3555 2049 3805 2118 marique

2215 2128 2633 2187 vietorem'l‘ore
2662 2133 3098 2206 arbitrabatur),
3135 2146 3460 2191 extraneum
3507 2140 3802 2208 quemdam

2215 2221 2320 2277 sibi
2375 2220 2550 2278 lilium
2598 2224 2842 2296 adoptat,
2899 2227 3176 2282 hominem
3225 2229 3431 2285 sciliiei
3486 2230 3577 2300 qui
3634 2231 3803 2287 totius

2218 2318 2928 2385 corporis.conformatione
2960 2320 3158 2375 mentis
3190 2322 3502 2376 vecordiam
3526 2325 3801 2392 proderet.

2221 2409 2359 2466 Huic
2392 2427 2611 2482 quoque
2636 2428 2797 2483 pares
2821 2429 2921 2484 pro
2944 2414 3290 2484 expeditione
3306 2416 3505 2486 copias
3534 2419 3801 2490 assignat.

2220 2519 2285 2560 ac
2319 2505 2627 2561 Constantii
2670 2508 2844 2563 indito
2872 2511 3099 2565 nomine
3122 2525 3189 2566 ex
3221 2526 3319 2565 sua
3353 2526 3627 2581 quemque
3656 2520 3806 2580 parte

2221 2594 2525 2651 Romanam
2559 2598 2831 2652 ditionem
2855 2598 3252 2671 52‘popiilari
3281 2618 3345 2656 ac
3396 2603 3679 2658 incursare
3718 2602 3807 2672 ju-

2221 2687 2329 2742 bet.
2360 2688 2785 2746 LCOAI‘lllellillS
2822 2692 2897 2745 rei
2936 2693 3166 2761 publica:
3202 2694 3447 2749 habenas
3469 2704 3600 2749 tunc
3621 2696 3807 2749 mode-

2222 2781 2467 2843 rabatur,
2498 2782 2596 2837 sub
2626 2783 2836 2852 imperii
2861 2786 2943 2839 sui
2974 2797 3221 2841 extrema
3248 2795 3514 2859 tempora.
3542 2786 3590 2842 Is
3610 2802 3803 2856 parum

2222 2871 2417 2927 validis
2445 2873 2708 2927 adversus
2742 2874 2892 2927 illiilli
2925 2877 3177 2930 conflatis
3202 2879 3400 2946 copiis,
3433 2878 3550 2933 suis
3580 2876 3804 2947 quidem

2222 2963 2396 3018 cladis
2438 2973 2634 3018 auctor
2677 2964 2797 3030 fuit,
2842 2968 3020 3036 utqui
3074 2970 3253 3039 primo
3291 2971 3534 3025 hostium
3574 2971 3803 3025 incursu

2222 3063 2376 3126 terga
2400 3057 2667 3123 dederint,
2704 3058 2858 3112 illum
2895 3074 3025 3114 vero
3059 3061 3409 3117 audaciorem
3438 3061 3568 3118 fecit
3591 3079 3655 3118 ac
3690 3081 3806 3119 Ina-

514 3143 650 3198 ’καθ’
688 3141 895 3197 ’ἑαυτὸν
920 3143 1162 3213 φρονεῖν.
1214 3141 1324 3196 Καὶ
1354 3142 1383 3195 ό
1415 3142 1515 3213 μὲν
1556 3141 1773 3213 πρῶτος
1806 3141 1900 3196 καὶ
1946 3142 2115 3208 πολὺς

2220 3149 2340 3221 jora
2375 3166 2539 3221 quam
2573 3166 2671 3220 pro
2708 3152 2792 3206 sui
2835 3153 3047 3207 ratione
3093 3170 3287 3225 sapere
3340 3157 3577 3227 impulit.
3619 3156 3805 3213 Prima

527 3232 702 3296 οὕτως
746 3234 897 3304 ἔχειν
953 3232 1113 3300 λόγος
1151 3232 1280 3303 περὶ
1309 3233 1407 3304 τῆς
1445 3230 1701 3303 τοιαύτης
1725 3234 1991 3306 κινήσεως
2020 3236 2116 3289 καὶ¹

533 3322 773 3387 στάσεώς
797 3339 937 3393 φησι
969 3321 1071 3394 τὴν
1101 3323 1300 3394 ἀρχήν.

600 3424 691 3471 ια’.
721 3418 956 3487 ’Δτερος
975 3416 1032 3468 δὲ
1052 3415 1244 3469 τοῦτον
1263 3410 1406 3472 εἶναι
1420 3415 1514 3470 τὸν
1538 3400 1762 3488 Θωμᾶν,
1799 3418 1966 3490 μηδὲν
1988 3418 2119 3491 ’περὶ⁹

534 3510 629 3580 τῆς
657 3511 909 3580 κλήσεως
955 3508 1394 3581 διενηνεγμένος,
1445 3511 1538 3564 τὸν
1574 3510 1966 3583 τῴΒαρδανίῳ
2017 3512 2118 3583 μὲν

529 3604 697 3660 παλαι
757 3605 1013 3669 συνόντα,
1076 3604 1367 3676 παράοτοῧ
1397 3608 1751 3677 ἡγησαμένου
1782 3602 1839 3660 δὲ
1890 3608 2119 3672 Λέοντος

524 3696 831 3767 τιμηθέντα
848 3713 862 3727 ·
892 3695 951 3759 ὃς
978 3695 1078 3766 τὴν
1096 3695 1202 3749 τῶν
1220 3696 1553 3767 φοιδεράτωυ
1573 3700 1875 3768 τηνικαῦτα
1901 3700 2121 3756 διοικῶν

533 3789 732 3860 ἀρχὴν,
767 3787 911 3841 κατὰ
940 3788 1033 3841 τὸν
1076 3787 1423 3842 Ἀνατολικὺν
1464 3789 1843 3861 ἐνδιατρίϐων,
1876 3792 1999 3844 ἐπεὶ
2030 3792 2120 3845 τὸν

519 3881 761 3950 Μιχαὴλ
788 3880 916 3952 ’ἄρτι
940 3879 1197 3952 διήκουεν
1229 3882 1550 3954 ἀνῃρηκότα
1582 3883 1672 3935 τὶν
1697 3881 1925 3948 Λέοντα,
1974 3884 2121 3937 ἐκδι-

549 3974 687 4036 κῶν,
715 3974 850 4043 ὁμοῦ
876 3975 933 4028 δὲ
954 3978 1043 4029 καὶ
1066 3976 1238 4048 Θυμδν
1269 3977 1398 4030 ἴδιον
1426 3976 1804 4049 ἁποπιμπλῶν
1831 3977 2120 4049 (ἐτύγχανε

550 4069 664 4138 γάρ
700 4083 803 4119 που
835 4067 1094 4140 πόρρωθεν
1120 4069 1181 4135 ἐξ
1214 4071 1520 4142 ἡλικιωτῶν
1561 4071 1955 4143 διαφερόμενος
1985 4072 2122 4141 πρὸς

540 4160 756 4233 αὑτὸν),
790 4160 883 4214 καὶ
916 4162 1025 4232 ἄμα
1049 4163 1148 4235 τὴν
1174 4161 1216 4194 ⁵⁸
1251 4162 1383 4233 περὶ
1408 4161 1575 4216 αὑτοῦ
1601 4161 1697 4214 τοῦ
1725 4164 1781 4216 ἐν
1806 4160 1905 4234 ⁴[Ρ.
1927 4162 2021 4236 54]
2047 4163 2123 4234 τῷ

532 4254 851 4325 Φιλομηλίῳ
886 4256 1125 4327 μοναχοῦ
1180 4255 1488 4327 πρόρρησιν
1541 4255 1896 4327 φοϐούμενος,
1963 4260 2125 4328 χεῖρα

533 4345 788 4400 Ξναντὶαν
818 4350 976 4411 κινεῖ,
1002 4350 1096 4402 καὶ
1118 4351 1277 4419 χεῖρα
1296 4348 1357 4402 οὐ
1390 4348 1595 4419 μικράν
1617 4364 1740 4401 τινα
1774 4349 1869 4402 καὶ
1898 4348 2120 4420 ἀσθενῆ,

538 4439 759 4512 βαρεῖαν
777 4441 834 4494 δὲ
870 4441 965 4495 καὶ
989 4439 1233 4512 ἀνδρῶδη
1274 4442 1370 4494 καὶ
1396 4440 1673 4511 νεανικὴν,
1701 4444 1884 4495 πᾶσαν
1909 4441 2125 4512 ἠλικίαν

2221 3243 2337 3300 haec
2377 3254 2461 3300 est
2508 3244 2781 3317 longeque
2810 3246 3061 3302 celebris.
3089 3263 3153 3303 ac
3198 3248 3416 3320 vulgata
3467 3250 3629 3319 primi
3687 3252 3808 3322 eius

2218 3347 2402 3394 motus
2423 3353 2487 3394 ac
2510 3336 2829 3395 defectionis
2866 3340 3130 3395 narratio.

2292 3432 2381 3485 ll.
2412 3429 2599 3484 Altera
2658 3430 2805 3485 hunc
2860 3430 3127 3486 Thomam
3186 3446 3312 3486 eum
3370 3447 3492 3488 esse
3550 3432 3803 3498 afﬁrmat,

2220 3521 2370 3576 nulla
2395 3520 2634 3575 "ominis
2666 3519 3017 3587 diversitate,
3042 3520 3135 3592 qui
3164 3521 3216 3575 in
3252 3522 3504 3579 Bardanii
3527 3525 3805 3594 quondam

2221 3614 2428 3669 familia
2460 3612 2638 3669 fuerat
2662 3629 2726 3669 ac
2757 3630 2923 3684 quem
2952 3612 3066 3669 Leo
3103 3616 3401 3686 imperator
3449 3627 3669 3673 creatus
3704 3618 3806 3672 ho-

2224 3709 2449 3763 noribus
2474 3716 2721 3763 auxerat.
2756 3706 2807 3763 Is
2840 3718 2973 3763 tunc
3003 3707 3397 3763 fmderatorum
3430 3709 3635 3777 agmini
3668 3724 3807 3778 pra:-

2224 3800 2435 3868 pos'itns
2460 3801 2514 3853 in
2549 3797 2906 3854 Orientalium
2934 3800 3171 3854 themate
3199 3800 3451 3871 degebat.
3485 3799 3588 3855 Ubi
3622 3801 3807 3869 itaque

2226 3888 2542 3945 Micliaelem
2594 3904 2624 3942 a
2674 3887 2857 3943 Leone
2905 3889 3066 3958 paulo
3115 3897 3241 3943 ante
3284 3889 3557 3945 sublatum
3610 3890 3805 3955 audiit,

2224 3984 2345 4053 ejus
2380 3984 2598 4038 ulturus
2627 3998 2838 4048 inanes,
2872 3983 3039 4037 simul
3067 3997 3196 4037 vero
3223 3983 3386 4037 etiam
3428 3983 3536 4037 iras
3566 3983 3653 4037 ille
3678 3997 3808 4037 suas

2224 4076 2597 4130 exsatiaturus
2627 4074 2788 4146 (nam
2839 4076 2907 4129 ab
2959 4075 3327 4130 adolescentia
3372 4076 3515 4129 haud
3572 4076 3707 4131 satis
3758 4076 3809 4129 ei

2226 4184 2350 4225 cum
2372 4168 2636 4222 Michaele
2667 4167 3059 4235 convenerat),
3093 4167 3257 4220 simul
3280 4181 3502 4236 quoque
3535 4165 3808 4219 Philome-

2226 4262 2421 4319 liensis
2470 4260 2730 4316 monachi
2772 4260 2839 4314 de
2890 4274 2949 4314 se
2988 4259 3244 4315 vaticinia
3303 4260 3522 4319 timens,
3583 4258 3636 4312 in
3682 4272 3807 4312 eum

2231 4366 2439 4421 movet,
2473 4371 2572 4411 nec
2597 4370 2726 4411 vero
2758 4354 2992 4410 modicis
3019 4353 3195 4422 copiis
3236 4367 3300 4406 ac
3339 4350 3672 4412 imbellibus,
3715 4350 3810 4404 scd

2229 4449 2548 4520 ingentibus
2598 4448 2852 4518 viriliqiie
2900 4446 3222 4502 fortitudine
3265 4460 3330 4500 ac
3385 4454 3575 4515 vegeto
3612 4444 3812 4499 robore

534 4530 643 4583 τῶν
662 4532 787 4603 δόρυ
818 4532 1137 4603 δυναμένων
1170 4535 1339 4586 κινεῖν
1370 4520 1510 4603 ἔᾶων
1544 4533 1664 4604 μεθ’
1689 4532 1908 4587 ἑαυτοῦ.
1931 4534 2115 4603 Ἐτύγ-

2232 4540 2501 4595 instructo
2527 4539 2796 4603 exercitu,
2827 4554 2951 4594 cum
2984 4538 3130 4592 nulla
3156 4545 3287 4591 tetas
3310 4536 3377 4591 ad
3424 4551 3580 4591 arma
3618 4537 3811 4591 idonea

534 4642 665 4695 χανε
691 4626 801 4695 γάρ
826 4644 942 4689 πως
978 4626 1075 4680 καὶ
1096 4624 1273 4689 ἄλλως
1307 4628 1335 4679 ὁ
1364 4625 1586 4697 Μιχαὴλ
1623 4626 1729 4679 ὑπὸ
1780 4627 2001 4682 πάντων
2034 4646 2126 4699 μι-

535 4718 822 4787 σούμενος,
878 4720 974 4772 an
1004 4718 1069 4789 δὴ
1098 4719 1276 4789 κακῆς
1319 4719 1418 4789 μὲν
1467 4717 1733 4789 αἱρέσεως
1775 4720 2129 4791 μετεσχηκὼς

533 4810 634 4880 τῆς
673 4809 785 4862 τῶν
815 4809 1180 4879 Ἀθιγγάνων,
1233 4810 1308 4874 ὡς
1341 4811 1580 4880 εἴρηται,
1612 4809 1709 4863 καὶ
1757 4810 1839 4863 ὃτι
1874 4810 2128 4879 γλῶσσαν

532 4901 884 4971 χωλεύουσαν
919 4902 1056 4974 ἔχων
1090 4905 1169 4966 εἰς
1195 4904 1490 4976 ἀνανδρίαν
1526 4905 1619 4957 καὶ
1648 4903 1923 4974 μαλακίαν
1956 4904 2131 4958 διεϐε-

532 4994 725 5063 ϐόητο,
762 4995 946 5067 πολλῷ
975 4998 1031 5049 δὲ
1063 4996 1287 5067 μᾶλλον,
1320 4997 1402 5051 ὅτι
1421 4996 1520 5068 τὴν
1549 4996 1727 5068 ψυχὴν
1753 4997 1850 5065 τῆς
1882 4995 2129 5068 γλώττης

532 5086 637 5156 οὐχ
669 5081 838 5158 ἧττον
868 5087 1212 5158 χωλεύουσαν
1263 5088 1479 5159 ἔφερεν,
1528 5086 1879 5141 ἐϐδελύσσετό
1941 5106 2001 5142 τε
2038 5091 2131 5143 καὶ

534 5181 616 5241 εἰς
656 5180 855 5250 φόρτον
888 5180 1169 5249 λελόγιστο
1199 5184 1311 5244 τοῖς
1349 5180 1587 5244 πολλοῖς.
1644 5180 1703 5236 Ὀ
1733 5180 1936 5250 Θωμᾶς
1966 5182 2043 5246 δὲ,
2081 5183 2130 5235 εἰ

440 5342 453 5349 _
536 5273 638 5325 καὶ
665 5274 727 5325 τὸ
780 5275 969 5340 σκέλος
1007 5276 1410 5346 πεπηρωμένος
1461 5275 1555 5329 καὶ
1587 5276 1663 5347 τῷ
1686 5274 1834 5343 γένει
1859 5274 2135 5346 βάρϐαρος

535 5357 628 5433 ἣν,
660 5364 774 5416 ἀλλ’
800 5365 895 5419 οὖν
925 5369 992 5438 τῇ
1034 5385 1100 5436 γε
1126 5368 1289 5438 πολιᾷ
1319 5366 1621 5437 αἰδέσιμος,
1675 5367 1770 5421 καὶ
1813 5367 2014 5439 μᾶλλον
2043 5386 2131 5434 φι-

531 5453 802 5525 λούμενος
820 5459 1143 5529 ἐτύγχανεν,
1164 5459 1246 5512 ὅτι
1269 5459 1328 5513 τὸ
1346 5460 1757 5531 εὐπροσήγορον
1779 5461 1871 5513 καὶ
1892 5462 2124 5523 ἀστεῖον,

532 5543 628 5601 οἷα
662 5546 725 5621 δὴ
755 5552 903 5619 φιλεῖ
928 5552 957 5606 ὁ
990 5551 1333 5624 στρατιώτης
1386 5553 1562 5624 ὄχλος,
1613 5550 1761 5622 αὐτῷ
1812 5570 1913 5605 που
1940 5569 2131 5604 συνου-

538 5642 699 5698 σίωτο
730 5646 798 5700 ἐκ
832 5646 1052 5712 παιδὸς,
1080 5648 1175 5700 καὶ
1194 5645 1300 5699 τῶν
1329 5646 1468 5701 κατά
1495 5648 1851 5719 γενναιότητα
1878 5645 2129 5713 σώματος

2228 4633 2655 4689 desideraretur.
2690 4631 2909 4700 Alioqui
2943 4630 3089 4685 enim
3134 4629 3297 4684 etiam
3334 4628 3565 4685 Michael
3599 4631 3815 4685 cunctis

2229 4724 2343 4780 fere
2369 4726 2494 4781 odio
2531 4723 2859 4787 habebatur,
2888 4732 3000 4777 tum
3036 4724 3179 4792 quod
3220 4723 3664 4794 Athinganorum
3712 4739 3812 4778 ne-

2231 4818 2409 4873 fanda:
2452 4819 2701 4884 haeresis,
2728 4816 2803 4871 uti
2833 4817 3041 4870 dictum
3066 4826 3169 4882 est,
3203 4816 3538 4872 commercio
3570 4817 3815 4885 pollutus

2229 4917 2396 4975 esset,
2431 4917 2544 4962 tum
2573 4909 2725 4980 quod
2757 4907 3110 4961 balbutientis
3158 4906 3360 4977 linguae
3390 4906 3522 4961 vitio
3554 4907 3813 4959 laborans

2229 5002 2466 5058 imbellis
2491 5002 2781 5070 mollisque
2805 5014 3002 5055 nomen
3038 4999 3299 5064 haberet;
3328 5006 3444 5053 tum
3472 4998 3635 5052 etiam
3666 4997 3813 5065 quod

2232 5111 2341 5150 non
2396 5094 2584 5148 minus
2614 5092 2802 5146 animo
2835 5107 3001 5161 quam
3062 5090 3249 5161 lingua
3304 5090 3596 5160 impeditus
3644 5095 3813 5151 esset,

2231 5189 2397 5243 homo
2443 5188 2656 5243 scilicet
2692 5186 2965 5255 perversis
3011 5184 3280 5248 moribus,
3312 5180 3677 5236 exsecrationi
3708 5178 3814 5248 53

2232 5290 2349 5335 erat
2387 5294 2452 5332 ac
2509 5278 2671 5348 vulgo
2714 5277 2979 5330 molestus
3035 5273 3350 5345 putabatur.
3400 5260 3641 5324 Thomas
3684 5284 3814 5321 vero

2236 5388 2551 5444 quanquam
2584 5386 2745 5425 crure
2770 5371 2973 5425 oblatso
3017 5382 3080 5421 ac
3114 5379 3311 5437 genere
3356 5364 3625 5419 barbarus
3673 5372 3814 5426 erat,

2238 5462 2440 5519 canitie
2461 5471 2639 5515 tamen
2671 5460 3023 5522 venerabilis,
3055 5456 3337 5523 magisque
3367 5470 3397 5509 a
3431 5455 3645 5510 cunctis
3671 5466 3795 5505 ama

2237 5556 2421 5617 batur,
2464 5551 2613 5623 quod
2645 5564 2842 5621 nempe
2895 5550 2962 5604 ail
3010 5558 3367 5617 congressum
3414 5543 3590 5599 facilis
3649 5550 3813 5609 atque

2241 5647 2483 5701 urbanus
2515 5652 2664 5707 erat;
2701 5657 2839 5712 quas
2866 5642 3053 5711 utique
3079 5640 3233 5695 dotes
3257 5637 3541 5693 ordinibus
3564 5634 3811 5707 gratissi-

1849 5759 2079 5815 V.\Ilt.4§
2113 5754 2516 5815 LECTIONES.

603 5836 647 5870 ³⁸
672 5836 777 5902 τάς
798 5834 863 5891 Ρ.
