4200 6442
520 393 588 456 tt
1625 390 2132 452 THEOPHANES
2173 387 2736 453 communes.
2931 378 2936 383 '
3506 370 3515 378 ’
3721 393 3792 460 68

521 521 640 562 mas
672 519 704 561 a
727 517 898 577 puero
924 503 1035 574 jam
1063 503 1167 559 sibi
1202 501 1494 573 ase'tvcrat,
1526 506 1884 576 corporisque
1909 505 2106 560 robore

2220 505 2269 558 σύ
2301 504 2362 575 δή
2395 521 2538 568 τινος
2570 503 2822 574 ἐφαίνετο
2849 500 3123 577 δεύτερος.
3149 500 3319 571 Οὗτος
3340 503 3432 566 οὓς)
3463 509 3587 574 τοὺς
3619 509 3794 581 δημοο

524 597 657 651 nulli
688 598 934 652 cedebat.
988 593 1174 665 Itaque
1209 597 1555 666 publicorum
1593 597 1942 666 vectigalium
1971 611 2104 650 esa-

523 687 767 742 ctoribus
803 687 856 740 in
896 698 1028 742 suas
1059 696 1242 757 partes
1267 687 1537 752 adductis,
1566 689 1870 758 vulgusque
1890 688 2106 756 magni-

522 780 640 834 licis
669 779 1052 849 largitionibus
1095 781 1198 834 sibi
1232 781 1500 835 demereri
1538 781 1783 845 studens,
1834 780 2014 834 clarus
2039 789 2100 835 ex

523 875 670 929 tenui
700 875 1050 944 obscttroque
1091 873 1269 928 evasit
1305 889 1479 943 exque
1518 890 1680 926 manu
1734 872 1956 926 minima
1985 887 2105 926 ma-

522 981 683 1040 gnus.
740 968 893 1022 Alios
925 968 1219 1022 verborum
1257 964 1529 1019 lenocinio
1570 964 1927 1034 amicitiaeque
1974 979 2108 1033 qua-

532 1061 658 1115 dam
729 1061 912 1130 specie
953 1060 1058 1115 sibi
1117 1057 1466 1123 conciliabat,
1521 1066 1794 1126 quotquot
1846 1056 2107 1111 nimirum

523 1169 790 1207 novarum
845 1167 1028 1208 rerum
1084 1151 1510 1220 divitiarumque
1565 1165 1720 1203 amor
1769 1147 2104 1217 incesserat;

524 1247 664 1300 alios
701 1247 750 1299 vi
784 1261 848 1300 ac
874 1246 1140 1300 renitente
1159 1245 1362 1309 animo,
1395 1241 1839 1310 quosliellorum
1865 1241 2105 1294 civilium

524 1339 670 1393 mala
699 1339 816 1408 jam
847 1336 1041 1391 doctos
1081 1336 1327 1405 periculo
1360 1351 1468 1389 nou
1497 1333 1760 1389 latebant.
1818 1331 1896 1386 Eo
1951 1331 2108 1386 initio

523 1437 828 1500 eruperunt
853 1429 995 1482 bella
1027 1427 1232 1493 civilia,
1267 1427 1556 1496 instarque
1587 1425 1923 1480 Niliacorum
1961 1431 2111 1478 cata-

523 1528 801 1575 ractarum
828 1530 1034 1590 aperta,
1063 1535 1172 1574 non
1200 1535 1368 1590 aqua,
1400 1519 1493 1573 sed
1519 1534 1715 1574 cruore
1739 1526 1937 1572 terram
1965 1517 2111 1586 large

523 1615 847 1685 irrigarunt.
881 1611 1020 1666 Hinc
1046 1614 1189 1666 servi
1221 1613 1487 1666 adversus
1520 1610 1704 1674 heros,
1728 1609 1886 1663 miles
1915 1609 2109 1664 statio-

517 1709 715 1763 ‘narius
775 1707 1040 1760 adversus
1108 1705 1465 1770 cohortalem,
1537 1702 1788 1757 centurio
1846 1703 2110 1757 adversus

531 1803 812 1857 exercitus
836 1799 1033 1854 ducem
1065 1808 1295 1854 cruento
1326 1797 1470 1852 ferro
1497 1798 1716 1852 dextras
1735 1805 2107 1851 armaverunt.

523 1890 914 1960 Hactenusque
943 1891 1124 1944 omnis
1167 1889 1296 1944 Asia
1337 1888 1499 1942 malis
1540 1889 1735 1941 obruta
1779 1888 1961 1941 dirum
2021 1902 2110 1956 ge-

525 1985 728 2038 mebat.
762 1981 1060 2036 Civitatum
1108 1980 1250 2034 Asiae
1289 1981 1539 2050 integrat,
1579 1995 1644 2035 ac
1672 1988 1892 2049 quantae
1933 1987 2110 2058 erant,

529 2083 845 2129 exterrente
901 2082 1051 2127 metu
1101 2073 1438 2128 deditionem
1497 2070 1723 2125 Thomas
1781 2069 2110 2138 faciebant;

524 2180 645 2236 quae
671 2175 850 2220 autem
877 2165 1192 2234 imperatori
1225 2164 1386 2219 ﬁdem
1420 2172 1704 2219 servantes
1737 2163 1833 2218 diu
1875 2161 2110 2233 saepius-

524 2274 631 2328 que
654 2259 991 2322 restiterant,
1028 2257 1215 2311 multis
1248 2257 1489 2312 caedibus
1524 2255 1939 2325 prasdarumque
1968 2258 2016 2309 vi
2049 2271 2114 2310 ac

524 2346 926 2416 direptionibus
955 2347 1305 2416 postmodum
1338 2358 1393 2400 et
1432 2347 1566 2415 ipsae
1593 2345 1794 2400 collum
1829 2346 2116 2401 submitte-

522 2439 676 2495 bant.
720 2437 966 2507 Denique
1001 2447 1112 2492 tota
1156 2438 1285 2492 Asia
1319 2438 1372 2490 in
1407 2438 1529 2506 ejus
1573 2445 1758 2507 partes
1818 2437 2113 2501 concessit,

525 2534 772 2604 exceptis
798 2534 1064 2588 duntaxat
1093 2533 1349 2604 Cataeyla
1403 2531 1612 2602 Opsicii
1657 2541 1712 2587 et
1741 2531 1975 2587 Olbiano
2013 2536 2117 2586 Ar-

527 2626 906 2680 meniacorum
974 2626 1229 2680 ducibus.
1281 2623 1389 2696 55
1425 2624 1488 2678 Hi
1537 2625 1646 2680 duo
1695 2625 1797 2680 soli
1854 2625 1906 2679 in
1968 2634 2117 2681 tanta

525 2718 798 2774 exercitus
836 2720 1041 2773 ducunt
1083 2719 1433 2773 multitudine
1462 2718 1710 2774 Michaeli
1748 2719 1923 2788 palam
1958 2719 2115 2774 fidem

527 2824 836 2865 servavere.
895 2807 1106 2865 ldcirco
1173 2812 1336 2864 etiam
1409 2809 1631 2865 Michael
1688 2811 1918 2880 gratiam
1973 2811 2117 2866 rele-

523 2916 676 2967 rens,
717 2902 862 2972 quod
895 2905 1016 2972 ejus
1062 2918 1287 2958 causam
1319 2919 1429 2957 non
1463 2901 1852 2972 prodidissent,
1909 2905 2117 2958 nummi

525 2995 693 3049 unius
737 2997 982 3064 argentei
1029 2997 1084 3050 in
1119 2998 1375 3051 aerarium
1415 2996 1680 3067 principis
1727 2995 1917 3051 inferri
1969 2997 2117 3052 soliti

528 3086 624 3156 (ac
648 3086 946 3142 fumarium
976 3089 1248 3143 tributum
1271 3089 1607 3160 vocabatur)
1635 3088 1850 3143 veniam
1869 3089 1948 3144 eis
1965 3086 2115 3145 fecit.

2139 1849 2186 1909 Β

2210 598 2356 662 σίους
2379 599 2580 668 φόρους
2608 599 3037 672 εἰσπράττοντας
3075 603 3154 665 εἰς
3184 603 3375 660 ἑαυτὸν
3398 603 3794 675 εἰσποιησάμε-

2209 708 2317 758 νος,
2352 691 2447 744 καὶ
2473 693 2536 744 ἐκ
2566 692 2971 763 μεγαλόφρονος
3003 691 3297 758 ἐπιδόσεως
3349 693 3666 762 σπουδάζων
3701 693 3794 766 ὑφ’

2209 782 2400 834 ὲαυτῦν
2431 781 2605 835 ποιεῖν
2631 781 2756 845 τοὺς
2788 781 3037 848 πολλοὺς,
3064 783 3231 846 πολὺς
3253 783 3478 852 γέγονεν
3512 785 3574 838 ἐκ
3594 783 3792 854 μικροῦ

2210 873 2306 927 καὶ
2340 875 2512 944 μέγας
2565 871 2624 941 ἐξ
2663 873 2954 945 ἐλαχίστης
3009 873 3226 946 χειρός
3253 877 3380 940 τοὺς
3414 877 3512 948 μὲν
3543 877 3651 947 γὰρ
3690 872 3794 945 ἦγε

2211 964 2391 1018 πειθοῖ
2424 963 2516 1019 καί
2551 982 2656 1019 τινι
2697 966 2870 1038 φιλίᾳ,
2905 968 3050 1030 ὅσοις
3089 967 3154 1039 δὴ
3201 969 3228 1020 ὁ
3251 967 3359 1022 τῶν
3383 969 3586 1022 καινῶν
3615 977 3796 1038 πραγ-

2213 1055 2399 1128 μάτων
2435 1058 2527 1111 καὶ
2557 1060 2616 1110 τὸ
2655 1058 3032 1128 φιλοπλουτεῖν
3053 1059 3192 1134 ἔρως
3223 1060 3348 1131 ἐνῆν
3377 1055 3446 1127 ⁸³,
3470 1061 3594 1124 τοὺς
3616 1059 3672 1114 δὲ
3702 1059 3794 1132 βίᾳ

2211 1151 2306 1202 καὶ
2333 1150 2528 1224 γνώμῃ
2575 1151 2884 1224 ἀϐουλήτῳ,
2938 1151 3085 1216 ὅσοις
3139 1152 3201 1223 δὴ
3255 1155 3322 1206 τὰ
3356 1152 3466 1206 τῶν
3513 1153 3796 1223 ἐμφυλίων

2213 1242 2455 1296 στάσεων
2487 1243 2633 1296 κακὰ
2655 1245 2712 1297 ὲν
2735 1244 2902 1315 πείρᾳ
2927 1245 3030 1316 ἤδη
3065 1243 3684 1317 γεγένηντο.,Ἐντεῦθεν
3700 1243 3796 1301 οὖν

2211 1334 2259 1388 οἱ
2298 1335 2551 1406 ἐμφύλιοι
2587 1335 3062 1408 ἀναρρηγνύμενοι
3096 1337 3344 1406 πόλεμοι,
3379 1338 3473 1391 καὶ
3512 1332 3622 1390 οἷον
3653 1352 3797 1399 τινες

2211 1429 2440 1501 Νειλῷοι
2473 1432 2850 1503 καταρράκται
2877 1427 3352 1501 ἀνοιγόμενοι,ούχ
3375 1427 3545 1495 ὕδατι,
3571 1431 3686 1484 ἀλλ’
3708 1431 3796 1485 αἴ-

2215 1539 2348 1594 ματι
2373 1521 2472 1593 τὴν
2495 1522 2599 1593 γῆν
2622 1521 3000 1586 κατεπότιξον.
3035 1521 3314 1576 Ἐντεῦθεν
3338 1520 3428 1575 καὶ
3453 1515 3628 1576 δοῦλοι
3654 1521 3797 1576 κατὰ

2211 1613 2488 1668 δεσποτῶν
2522 1615 2617 1668 καὶ
2665 1617 3007 1686 στρατιώτης
3050 1614 3193 1668 κατὰ
3214 1613 3487 1678 ταξεώτου
3516 1613 3607 1668 καὶ
3635 1613 3798 1684 λοχα-

2213 1708 2308 1777 γὸς
2335 1708 2479 1762 κατὰ
2505 1709 2878 1778 στρατηγέτου
2909 1707 3007 1778 τὴν
3045 1707 3202 1777 χεῖρα
3233 1706 3482 1777 φονῶσαν
3516 1705 3797 1760 καθώπλι-

2215 1801 2328 1868 ζεν,
2357 1805 2451 1855 καὶ
2481 1803 2632 1854 πᾶσα.
2655 1802 2795 1862 τέως
2823 1802 2856 1871 ἡ
2896 1800 3052 1852 Ἀσία
3098 1796 3422 1869 βυθιζομένη
3451 1798 3793 1851 κατέστενεν.

2214 1894 2280 1946 Αἱ
2314 1893 2413 1964 μὲν
2461 1893 2572 1962 γὰρ
2622 1891 2936 1962 αύτάνδρως
2998 1890 3105 1942 τῶν
3158 1887 3364 1942 πόλεων
3408 1887 3680 1960 ἀνῄρηντο
3718 1885 3798 1958 τῷ

2213 1984 2406 2055 Θωμᾷ,
2431 1981 2508 2054 τῷ
2542 1983 2692 2053 φόϐῳ
2734 1982 3077 2036 πεισθεῖσαι·
3111 1983 3166 2034 αἱ
3207 1981 3260 2034 δὲ
3301 1979 3559 2041 πολλάκις
3582 1979 3799 2032 ἀντιπί-

2215 2087 2466 2137 πτουσαι,
2499 2073 2567 2125 τὰ
2593 2072 2759 2126 πιστὰ
2797 2073 2875 2142 τῷ
2922 2087 2985 2141 γε
3013 2071 3301 2144 κρατοῦντι
3331 2071 3616 2141 τηροῦσαι,
3658 2071 3798 2142 μετὰ

2217 2162 2426 2216 πολλῶν
2459 2165 2635 2232 φόνων
2667 2162 2762 2216 καὶ
2799 2164 3256 2234 ἀνδραποδισμῶν
3311 2165 3585 2234 ὑπήγοντο
3614 2164 3799 2217 δεύτεα

2218 2275 2330 2326 ραι.
2366 2255 2510 2326 Πλὴν
2565 2257 2704 2309 ἀλλὰ
2733 2258 2887 2310 πᾶσα
2943 2257 3098 2309 Ἀσία
3131 2257 3306 2308 ὀπίσω
3333 2258 3524 2310 τούτου
3557 2258 3797 2324 ἐγένετο,

2217 2351 2373 2412 ἐκτὸς
2401 2349 2492 2402 τοῦ
2518 2350 2578 2403 τὸ
2615 2350 2858 2418 Ὀψίκιον
2901 2348 3198 2403 Κατάκυλα
3235 2349 3669 2422 στρατηγοῦντος
3707 2351 3797 2402 καὶ

2230 2441 2504 2495 Ὀλϐιανοῦ
2559 2441 2652 2494 τοῦ
2695 2439 2805 2494 τῶν
2858 2442 3271 2512 Ἀρμενιακῶν·
3332 2433 3475 2494 οὗτοι
3506 2442 3613 2512 γὰρ
3641 2440 3705 2512 δὴ
3742 2443 3798 2493 ἐν

2216 2537 2494 2598 τοσούτοις
2527 2534 2679 2604 μόνοι
2731 2535 3131 2605 στρατηγέταις
3184 2533 3253 2589 τὰ
3310 2536 3476 2588 πιστὰ
3505 2534 3801 2605 τηροῦντες

2218 2625 2357 2696 πρὸς
2379 2624 2598 2695 Μιχαὴλ
2628 2625 2996 2694 ἀνεφάνησαν.
3036 2619 3129 2686 Οἷς
3161 2626 3254 2676 καὶ
3284 2624 3382 2693 τὴν
3414 2623 3571 2695 χάριν
3606 2621 3805 2675 άπονέ-

2223 2737 2359 2790 μων,
2389 2718 2464 2781 ὡς
2500 2717 2574 2789 μὴ
2601 2716 2994 2788 προδεδωκόσιν
3027 2716 3209 2779 αὑτὸν,
3246 2715 3305 2769 τὺ
3335 2718 3411 2778 είς
3437 2717 3494 2767 τὸ
3525 2715 3802 2785 βασιλικὸν

2219 2809 2542 2881 τελούμενον
2576 2810 2822 2878 ταμιεῖον
2853 2807 3112 2878 δημόσιον
3161 2807 3429 2861 καπνικὸν
3469 2806 3613 2860 οὕτω
3643 2807 3800 2874 λεγό-

2224 2919 2382 2975 μενον
2424 2901 2752 2973 μιλιαρίσιον
2782 2898 2839 2952 ἓν
2870 2899 3322 2970 συγκεχώρηταιο
3355 2897 3463 2951 τῶν
3488 2898 3595 2967 γὰρ
3626 2899 3802 2952 ἄλλων

2222 2997 2441 3050 πάντων
2476 2995 2578 3048 ἀνὰ
2627 2993 2720 3046 δύο
2772 2991 3068 3045 τελούντων
3103 2991 3369 3045 ἀνέκαθεν
3426 2991 3800 3062 μιλιαρισὲων,

2221 3085 2309 3161 [Ρ.
2345 3087 2438 3159 55]
2471 3084 2608 3138 ἀλλὰ
2640 3083 2735 3137 καὶ
2783 3080 2965 3137 αὐτῶν
3018 3082 3244 3150 τούτων,
3276 3084 3399 3137 τότε
3426 3083 3487 3137 τὸ
3516 3083 3574 3135 ἓν
3603 3084 3802 3155 ἀφείθη

522 3178 659 3233 Nam
685 3196 805 3234 cum
833 3180 924 3234 alii
950 3196 1138 3235 omnes
1159 3179 1487 3250 jampridem
1514 3179 1770 3251 (ipsique
1799 3181 2023 3251 perinde
2054 3197 2115 3236 ac

2222 3182 2310 3236 διὰ
2349 3183 2446 3252 τὴν
2481 3181 2717 3234 εὔνοιαν.

524 3272 740 3342 caueri)
773 3287 1033 3327 nummos
1061 3273 1197 3327 duos
1236 3272 1602 3327 miliarienses
1635 3273 1957 3342 penderent,
2003 3273 2397 3333 benevolentiae
2426 3290 2636 3328 memor
2663 3291 2832 3329 unum
2861 3275 2970 3331 illis
2997 3276 3232 3331 remisit.

598 3366 687 3421 ‘12.
730 3365 829 3421 Ubi
882 3382 948 3421 eo
1003 3374 1147 3422 statu
1199 3369 1530 3436 compositas
1582 3365 1956 3424 Romanorum
2023 3385 2112 3426 res

526 3457 761 3530 Agareni
811 3456 1143 3524 didicerunt,
1188 3458 1500 3528 gratissime
1549 3457 1710 3528 plane
1772 3474 1836 3514 ac
1884 3473 2113 3530 prorsus

523 3552 769 3621 jucunde
819 3551 1148 3605 habuerunt.
1209 3549 1376 3605 Suam
1423 3552 1569 3605 enim
1614 3567 1736 3606 eam
1764 3553 2113 3608 occasionem

526 3645 815 3709 facientes,
873 3658 1067 3698 omnes
1120 3643 1314 3698 secure
1349 3645 1660 3712 provincias
1693 3653 1862 3713 atque
1907 3645 2117 3700 insulas

528 3737 746 3790 nemine
807 3735 1110 3791 obsistente
1191 3737 1600 3791 incursionibus
1654 3747 1867 3793 vastare
1927 3753 2120 3809 aggre-

527 3829 776 3881 diuntur.
827 3826 1042 3894 Quibus
1077 3826 1280 3882 auditis
1315 3825 1580 3893 Thomas,
1611 3839 1860 3884 metuens
1890 3842 1957 3883 ne
1991 3829 2120 3898 quid

531 3920 617 3973 sui
653 3931 836 3973 rerum
872 3933 1139 3974 novarum
1187 3919 1514 3976 molirentur
1558 3933 1612 3976 et
1658 3921 1728 3976 ab
1769 3923 1887 3991 ipso
1919 3921 2120 3977 deiice-

529 4019 669 4077 rent,
710 4012 754 4066 si
784 4011 899 4082 ipse
940 4027 1130 4067 eorum
1172 4013 1265 4082 qui
1301 4013 1453 4067 domi
1488 4023 1870 4068 remanserant
1903 4024 1955 4069 et
1994 4015 2124 4070 rcli-

529 4107 624 4170 qui
681 4099 922 4158 Orientis
973 4104 1176 4157 nullam
1211 4115 1401 4158 curam
1447 4114 1681 4175 gereret,
1725 4105 1819 4159 sed
1869 4106 2118 4176 ipsorum

530 4197 674 4250 tilios
720 4205 884 4265 atque
937 4209 1140 4252 uxores
1166 4197 1331 4267 diripi
1365 4197 1604 4268 ducique
1651 4199 1704 4252 in
1744 4199 2119 4268 captivitatem

527 4290 752 4354 sineret,
796 4303 977 4359 operte
1012 4291 1251 4360 pretium
1286 4291 1495 4360 putavit
1535 4293 1800 4346 hactenus
1834 4293 2118 4360 Agareno-

2297 3368 2386 3441 ιβ’.
2425 3371 2492 3425 Ἃ
2547 3370 2642 3424 καὶ⁸
2695 3370 2927 3441 μαθοῦσι
2973 3374 3087 3436 τοῖς
3133 3372 3462 3442 Ἀγαρηνοτς
3519 3369 3807 3440 ἀγαπητὸν

2223 3461 2583 3533 κατεφαίνετο
2602 3465 2695 3516 καὶ
2716 3463 2849 3525 ὅλως
2873 3464 3199 3534 ὲντρύςρημα
3225 3477 3239 3492 ⁸
3289 3462 3482 3533 καιροῦ
3510 3463 3620 3532 γὰρ
3644 3461 3809 3514 λαϐό-

2228 3569 2380 3622 μενοι
2416 3553 2600 3605 πᾶσαν
2634 3553 2819 3624 χώραν
2842 3555 2939 3609 καὶ
2965 3557 3125 3625 νῆσον
3153 3555 3482 3623 κατέτρεχον
3513 3553 3704 3614 ἀδεῶς,
3729 3554 3805 3622 μή

2225 3661 2368 3708 τινος
2395 3643 2648 3714 ἐμποδὼν
2679 3645 2973 3713 ἱσταμένου
3029 3648 3232 3707 αὐτοῖς.
3262 3632 3355 3696 At};
3385 3644 3481 3696 καὶ
3513 3644 3685 3696 ταῦτα
3730 3644 3808 3714 τῷ

2220 3736 2393 3809 Θωμᾷ
2423 3737 2756 3808 διακηκοὸτι,
2783 3739 2902 3790 ἐπεί
2930 3755 3052 3792 τινα
3101 3736 3313 3805 κίνησιν
3353 3739 3416 3790 ἐκ
3468 3736 3577 3789 τῶν
3611 3737 3805 3789 ἑαυτοῦ

2223 3825 2360 3898 ᾠετο
2396 3829 2490 3881 καὶ
2518 3827 2906 3898 νεωτερισμὸν,
2937 3827 2992 3880 εἴ
3035 3827 3098 3895 γέ
3143 3843 3268 3879 τινα
3297 3825 3556 3897 φροντίδα
3597 3827 3670 3897 μὴ
3696 3827 3804 3887 τῶν

2223 3921 2312 3976 ἐπ’
2342 3922 2494 3976 οίκου
2532 3923 2812 3994 ποιήσοιτο
2843 3922 2938 3976 καὶ
2967 3921 3068 3993 τῆς
3116 3921 3287 3992 ἄλλης
3327 3920 3639 3990 Ἀνατολῆς,
3670 3920 3808 3973 ἀλλὰ

2228 4016 2575 4086 συγχωρήσοι
2605 4013 2732 4079 τούς
2763 4032 2822 4066 τε
2858 4013 3055 4077 παῖδας
3090 4013 3186 4067 καὶ
3235 4016 3498 4082 γυναῖκας
3554 4010 3813 4081 καταληῖ-

2230 4107 2424 4178 σθῆναι
2476 4109 2572 4161 καὶ
2605 4107 3114 4179 αἰχμαλωτισθῆναι
3160 4107 3361 4172 αὐτῶν,
3412 4106 3690 4175 συμφέρον
3722 4104 3814 4156 κέ-

2225 4215 2388 4268 κρικε
2443 4199 2582 4262 τέως
2634 4199 2736 4268 μὲν
2791 4195 3163 4268 ἐπικρατῆσαι
3195 4197 3294 4265 τὴν
3328 4193 3506 4247 αὐτῶν
3537 4193 3712 4266 ὁρμὴν
3744 4195 3810 4247 δι’

2228 4290 2550 4360 ἐπιφανείας
2595 4290 2758 4344 αὑτοῦ
2793 4291 2888 4342 καὶ
2927 4289 3006 4358 τῷ
3033 4287 3229 4357 πλήθει
3254 4285 3366 4338 τῶν
3395 4285 3681 4356 δυνάμεων
3718 4287 3812 4338 ὲκ-

531 4396 653 4434 rttm
704 4380 967 4451 impetum
1011 4381 1296 4448 cohibere,
1343 4380 1673 4450 objectoque
1724 4379 1833 4434 illis
1888 4380 2115 4447 copioso

2228 4382 2429 4450 πλῆξαί
2477 4399 2536 4434 τε
2577 4381 2672 4434 καὶ
2707 4380 2842 4452 πρὸς
2871 4381 3097 4451 εἰρήνην
3150 4377 3474 4449 πανούργως
3508 4376 3812 4430 ἐκκαλέσα-

531 4472 775 4527 cxercitu
817 4482 1020 4527 metum
1050 4475 1320 4539 incutere,
1372 4481 1538 4540 atque
1569 4472 1634 4524 ad
1672 4485 1860 4540 pacem
1899 4481 2118 4524 vetera-

535 4563 676 4617 toria
710 4573 825 4619 arte
856 4579 1070 4635 cogere.
1117 4567 1336 4635 Resque
1369 4566 1510 4618 adeo
1555 4578 1622 4617 c1
1667 4572 1794 4616 voto
1828 4561 2120 4616 successit.

531 4658 668 4712 Nam
721 4673 846 4713 cum
883 4662 934 4715 in
979 4663 1260 4731 regionem
1303 4673 1494 4715 eorum
1539 4659 1833 4727 irrupisset
1878 4666 1932 4711 et
1960 4655 2124 4713 Sara-

533 4751 656 4805 ceni
708 4751 858 4807 illius
889 4752 1154 4823 impetum
1191 4753 1467 4807 sustinere
1498 4763 1608 4804 non
1652 4756 1898 4819 possent,
1934 4747 2124 4802 habito

533 4860 657 4900 cum
695 4847 775 4901 eis
824 4845 1105 4916 colloquio
1161 4859 1353 4916 pacem
1415 4844 1702 4912 c‘omponit
1752 4841 1969 4912 sibique
1997 4839 2126 4896 belli

529 4939 712 4993 socios
746 4939 1021 5008 adjungil,
1053 4939 1159 4992 hoc
1197 4944 1391 5007 pactus
1419 4937 1610 5005 eisque
1650 4933 2122 5006 pollicitus,quod

533 5040 589 5084 et
639 5034 896 5102 superius
929 5029 1210 5085 diximus:
1255 5029 1591 5100 proditurum
1636 5028 1887 5082 nimirum
1924 5025 2124 5082 Roma-

533 5139 723 5176 norum
752 5125 880 5193 ﬁnes
920 5133 1206 5192 eorumque
1239 5123 1526 5192 imperium
1574 5122 1684 5176 illis
1739 5121 2123 5191 subjedturum.

531 5213 808 5280 Quocirca
843 5230 943 5270 nec
969 5215 1204 5269 consilio
1257 5229 1361 5270 suo
1408 5213 1706 5270 frustratus
1741 5227 1845 5281 est;
1898 5214 2028 5284 quin
2073 5221 2129 5268 et

537 5322 824 5374 coronam,
857 5306 1072 5378 imperii
1103 5304 1206 5378 55
1240 5306 1478 5376 insigne,
1522 5306 1902 5375 consequitur,
1934 5314 1988 5359 et
2017 5305 2124 5359 im-

537 5408 759 5466 perator
799 5401 867 5452 ab
896 5398 1252 5454 Antiochense
1285 5408 1415 5451 tunc
1441 5395 1702 5451 Ecclesiae
1731 5397 1985 5467 praesule,
2031 5393 2126 5449 Ja-

542 5490 684 5544 cobo
750 5491 1006 5557 nomine,
1059 5491 1455 5561 prOclamatur.
1520 5488 1790 5560 COgitque
1844 5487 2122 5555 ingentem

533 5581 864 5647 exercitum,
897 5582 1028 5652 quin
1069 5584 1252 5650 potius
1297 5583 1558 5637 collatqu
1607 5579 1842 5650 accepit,
1902 5578 1971 5633 ad
2005 5587 2130 5633 cor—

549 5672 927 5730 robOrantlum
979 5673 1084 5728 sibi
1120 5675 1434 5743 imperium,
1477 5688 1581 5730 nec
1607 5688 1673 5730 ex
1719 5673 1828 5728 illis
1859 5671 2127 5726 duntaxat

2228 4472 2370 4525 σθαι.
2415 4470 2481 4524 Ὃ
2531 4470 2626 4524 καὶ
2673 4469 2909 4540 συνέϐη·
2954 4470 3029 4532 ὡς
3078 4468 3188 4539 γάρ
3224 4469 3406 4532 αὐτοῖς
3450 4469 3574 4539 ἄρτι
3602 4467 3664 4540 δὴ
3698 4471 3814 4532 τοῖς

2226 4565 2566 4634 Σαρακηνοῖς
2595 4561 2674 4626 εἰς
2698 4563 2798 4633 τὴν
2830 4561 3012 4616 αὐτῶν
3047 4561 3350 4616 εἰσϐάλλων
3382 4557 3441 4625 ἐξ
3464 4561 3813 4631 ὑποστροφῆς

2227 4655 2551 4720 άνύποιστος
2577 4654 2955 4724 κατεφαίνετο,
2979 4657 3058 4718 εἰς
3083 4653 3276 4723 λόγους
3299 4651 3360 4724 δὴ
3385 4651 3662 4724 προελθὼν
3681 4649 3815 4721 βαρ-

2229 4748 2492 4820 ϐαρικοὺς
2537 4747 2769 4812 σπονδάς
2828 4766 2887 4800 τε
2940 4748 3180 4801 ἐποιεῖτο
3222 4747 3508 4818 εἰρηνικὰς
3555 4743 3814 4813 καὶπρὸς

2230 4841 2550 4912 συμμαχίαν
2593 4839 2904 4905 ἐξεκαλεῖτο
2951 4841 3170 4906 αὐτοὺς,
3229 4835 3610 4907 συντιθέμενος
3633 4853 3692 4888 τε
3720 4835 3815 4888 καὶ

2231 4933 2662 5004 ὑπισχνούμενος
2714 4932 2749 4986 ὃ.
2795 4934 2890 4986 καὶ
2940 4931 3207 5004 πρότερον
3250 4930 3499 5000 εἴρηται,
3549 4929 3622 4982 τὰ
3672 4927 3814 4982 Ῥω-

2221 5025 2417 5095 μαίων
2439 5040 2502 5080 τε
2537 5025 2868 5095 προδοῦναι
2919 5025 3050 5094 ὅρια
3083 5024 3183 5077 καὶ
3213 5021 3329 5090 τὴν
3354 5020 3561 5075 αὐτῶν
3609 5017 3816 5086 αὐτοῖς

2227 5121 2351 5174 ὑπὸ
2384 5117 2591 5187 χεῖρας
2619 5117 2869 5186 ποιῆσαι
2899 5115 3115 5186 ἀρχήν.
3146 5113 3310 5167 Ὅθεν
3339 5111 3435 5165 τοῦ
3469 5113 3566 5183 μὲν
3595 5109 3816 5182 βουλεύ-

2233 5231 2402 5284 ματος
2432 5213 2493 5267 ού
2543 5215 2845 5285 διήμαρτεν
2888 5207 2983 5264 τοῦ
3032 5209 3260 5275 οἰκείου,
3295 5209 3430 5262 ἀλλὰ
3461 5207 3559 5261 καὶ¹
3587 5208 3816 5276 στέφους

2233 5305 2637 5376 μεταλαγχάνει
2693 5306 2790 5358 καὶ
2840 5303 3200 5374 αὐτοκράτωρ
3237 5299 3629 5372 ἀναγορεύεται
3662 5298 3816 5370 παρὰ

2229 5396 2322 5448 τοῦ
2344 5396 2435 5449 τὸν
2478 5399 2537 5450 ἐν
2569 5393 2873 5468 Ἀντιοχείᾳ
2904 5393 3092 5466 θρόνον
3130 5390 3433 5465 τηνικαῦτα
3491 5402 3817 5462 μεταποιου-

2235 5488 2397 5558 μένου
2443 5488 2663 5554 Ἰακὼϐ,
2693 5489 2787 5542 καὶ
2813 5489 2972 5560 χεῖρα
2995 5486 3247 5556 συλλέγει
3277 5482 3503 5555 πολλὴν,
3531 5481 3734 5556 μᾶλλον
3759 5477 3816 5537 δὲ

2231 5580 2502 5652 λαμϐάνει
2539 5581 2676 5655 πρὸς
2705 5583 2805 5654 τὴν
2835 5581 3000 5636 αὑτοῦ
3026 5577 3398 5653 κραταίωσιν·
3427 5577 3488 5632 ού
3515 5579 3623 5649 γὰρ
3649 5575 3816 5645 ’Λγα-

2237 5673 2416 5743 ρηνῶν
2448 5673 2607 5745 μόνον
2653 5675 2861 5728 τούτων
2899 5674 2965 5746 δὴ
2993 5671 3100 5728 τῶν
3136 5673 3267 5745 ἡμῖν
3300 5669 3686 5742 γειτονούντων
3723 5668 3814 5723 καὶ

1807 5763 2045 5820 ἾΑΒΙΛΕ
2077 5764 2482 5825 LEC'I'IONES.

602 5858 828 5954 ε”ἔρως
850 5857 1002 5932 ὲνῇν]
1033 5861 1118 5920 bis
1154 5861 1333 5932 aptior
1386 5873 1510 5934 post
1549 5861 1891 5935 πραγμάτων
1946 5861 2124 5917 locus.
