4200 6434
565 366 637 433 ὢ
1612 373 1755 436 LIB.
1798 375 1876 434 ΙΙ.
1919 364 2177 435 -ΜῘΟἘ

2282 376 2346 436 ιι
2384 368 2874 443 AMORIENSIS.
3808 392 3886 459 Ἦ)

596 478 967 556 ὁμορούντων,
1001 480 1148 534 ἀλλὰ
1202 482 1299 534 καὶ
1330 482 1512 536 αὐτῶν
1538 482 1645 535 τῶν
1671 480 1948 552 ἐνδότερον
1979 482 2177 536 οἰκούν-

2282 488 2576 558 .Agarenis
2624 488 2717 558 qui
2747 490 2905 546 nobis
2946 490 3111 546 vicini
3157 503 3286 548 sunt
3319 503 3374 550 et
3411 494 3650 563 ﬁnitimi,
3691 512 3884 555 verum

597 596 715 643 των,
738 574 1086 643 Αἰγυπτίων,
1134 574 1337 641 Ἰνδῶν,
1373 577 1618 647 Περσῶν,
1643 574 1966 647 Ἀσσυρίων,
1995 578 2197 647 Ἀρμε-

594 668 1003 736 νίων,Χὰλδων,
1024 668 1140 739 Ἰϐή
1151 686 1286 738 ρων,
1307 668 1522 738 Ζηχῶν,
1542 667 1719 722 Καὸεί
1726 685 1858 739 ρων,
1874 668 1968 721 καὶ
1980 669 2197 722 πάντων

592 763 701 816 τῶν
747 761 812 831 δὴ
857 761 1151 824 Μάνεντος
1170 760 1605 831 συστοιχούντων
1655 759 1999 828 δόγμασικαὶ
2028 760 2190 813 θεσπί

594 854 988 923 μασι.Τούτοις
1003 852 1100 906 οὖν
1121 846 1235 906 οἷον
1253 851 1658 922 κατοχυρωθεὶς
1674 853 1770 905 καὶ
1788 851 2056 905 πάντοθεν
2075 852 2198 904 ἑαυ-

588 947 683 998 τὸν
699 944 1053 1016 περιφράξας
1086 945 1313 1014 ἄριστον
1377 943 1690 997 ὑπετόπασε
1734 942 2074 1013 τοῖςτρόποις
2097 942 2192 997 καὶ

592 1038 696 1110 τὴν
711 1040 910 1107 κλῆσιν
927 1037 1265 1103 ἀλλάξασθαι
1290 1037 1388 1091 καὶ
1404 1038 1517 1093 υἱὸν
1538 1038 1962 1092 εἰσποιῇσασθαι
2001 1037 2078 1101 ὥς
2095 1052 2186 1094 ttat

592 1132 899 1207 δεδήλωται
909 1177 923 1190 .

676 1324 762 1387 ιγ.
790 1313 1083 1369 Είσὸάλλει
1117 1313 1213 1367 οὖν
1256 1314 1435 1368 πᾶσαν
1471 1312 1689 1384 πορθῶν
1737 1315 1837 1384 τὴν
1887 1314 2186 1387 ’Δνατολὴν

602 1409 696 1462 καὶ
722 1410 905 1462 πᾶσαν
965 1405 1182 1477 ἠλικίαν
1229 1406 1328 1476 τὴν
1378 1406 1452 1477 μὴ
1488 1405 1579 1459 διὰ
1626 1406 1850 1473 πειθοῦς
1881 1409 2188 1480 ἐρχομένην

596 1500 763 1570 αύτῷ.
808 1500 879 1553 Ἃ
926 1498 991 1568 δὴ
1053 1497 1081 1550 ὁ
1141 1497 1444 1567 βασιλεύων
1493 1498 1769 1569 ἀκηκοὼς,
1824 1500 2009 1570 μεῖζον
2047 1498 2188 1555 εἶναι

592 1593 796 1663 κρίνας
825 1591 935 1644 τῶν
970 1592 1149 1662 ἔργων
1171 1592 1271 1663 τὴν
1301 1592 1493 1661 ἀκοὴν,
1526 1592 1648 1645 κατ’
1701 1591 1868 1645 αὐτοῦ
1910 1594 2188 1665 ἐκπέμπει

600 1683 835 1754 στρατδν
862 1683 962 1735 οὐκ
978 1682 1281 1752 ἀξιόχρεων
1307 1682 1418 1735 οὐδ’
1440 1666 1746 1750 ἀξιόλογον·
1773 1676 1818 1750 ᾧ
1847 1684 2142 1755 συλρῤαγεὶς
2164 1683 2191 1738 ὁ

595 1776 804 1844 Θωμᾶς
821 1776 947 1838 τοὺς
983 1775 1081 1845 μὲν
1107 1774 1298 1846 ὥσπερ
1326 1790 1381 1827 τι
1410 1774 1571 1827 ποτὸν
1598 1774 1767 1845 διψῶν
1790 1777 2185 1847 ἀνερρόφησεν,

593 1867 725 1929 τοὺς
755 1866 813 1918 δὲ
845 1866 1061 1930 λοιποὺς
1116 1867 1197 1929 είς
1248 1867 1428 1937 φυγὴν
1471 1866 1676 1939 τρέψας
1705 1866 1776 1921 τὰ
1831 1867 1954 1921 καθ’
1994 1868 2185 1923 ἑαυτὸν

595 1958 862 2012 διετίθετο
895 1957 1307 2029 κραταιότερον.
1342 1957 1491 2022 Ναῦς
1530 1975 1593 2012 τε
1646 1956 1929 2029 ὲξαρτύων
1974 1961 2185 2031 διήρεις

602 2048 701 2099 ita).
733 2046 925 2115 ἑτέρας
950 2046 1286 2117 στρογγύλας
1312 2049 1658 2119 σιταγωγοὺς
1701 2050 1981 2121 ἑπομένας
2031 2050 2182 2123 αὐτῷ

609 2137 706 2188 καὶ
732 2138 1100 2205 ἱππαγωγοὺς,
1132 2136 1220 2209 [Ρ.
1260 2137 1355 2210 56]
1405 2139 1659 2194 ἐντεῦθεν
1704 2142 1800 2196 καὶ
1836 2141 1930 2195 τοῦ
1962 2143 2183 2213 θεματι-

601 2226 705 2279 κοῦ
736 2228 919 2280 στόλου
945 2228 1158 2297 γίνεται,
1190 2231 1491 2303 ἐγκρατὴς,
1540 2233 1634 2286 καὶ
1660 2234 1801 2305 πρὸς
1848 2235 1949 2307 τὴν
1976 2236 2184 2291 Λέσϐον

594 2319 749 2372 ἅπαν
781 2320 839 2372 τὸ
868 2323 1120 2376 ναυτικὸν
1155 2323 1507 2393 ἀθροίζεσθαι
1535 2327 1912 2396 ἐγκελεύεται,
1939 2331 2100 2394 αὐτὸς
2123 2331 2183 2384 δὲ

592 2411 696 2480 ἥδη
767 2429 870 2465 που
934 2415 1413 2483 ἀνανταγώνιστος
1459 2413 1601 2472 εἶναι
1656 2419 1829 2473 δοκῶν
1871 2423 2055 2475 πᾶσαν
2081 2424 2183 2495 τὴν

604 2504 796 2557 Ἀσίαν
846 2505 1117 2576 λεηλατεῖ.
1173 2506 1347 2561 Ὀκτὼ
1400 2509 1510 2580 γὰρ
1559 2512 1839 2582 μυριάδων
1895 2516 2183 2585 κατάρχων

599 2596 791 2648 mihi.
818 2596 960 2666 λόγῳ
1024 2597 1250 2661 τούτους
1296 2599 1531 2670 ἡνιοχῶν
1561 2601 1662 2671 τὴν
1696 2603 1786 2655 ἐπὶ
1834 2604 2063 2658 Ἄϐυδον
2096 2605 2182 2676 ᾔει

601 2683 869 2753 φέρουσαν
887 2686 947 2756 δὴ
992 2688 1534 2760 περαιωθησόμενος.
1579 2692 1734 2744 Ἐπεὶ
1766 2692 1824 2748 δὲ
1858 2694 2040 2747 πάντα
2073 2713 2176 2749 κα-

590 2776 883 2847 ταδραμὼν
916 2780 1112 2833 σποδὸν
1159 2782 1252 2835 καὶ
1290 2783 1459 2847 κόνιν,
1492 2786 1566 2854 μή
1601 2784 1705 2837 πού
1758 2796 1821 2852 γε
1846 2787 1916 2840 τὰ
1944 2789 2181 2855 ταπεινὰ

586 2864 697 2916 τῶν
724 2867 962 2937 χωρίων,
1001 2869 1141 2923 ἀλλὰ
1176 2872 1241 2941 δὴ
1271 2872 1367 2925 καὶ
1405 2872 1474 2926 τὰ
1495 2876 1884 2948 κραταιότερα,
1930 2880 2181 2950 ἐνειργά-

594 2973 741 3019 σατο,
775 2960 1175 3015 καταλέλειπτο
1228 2963 1286 3015 δέ
1330 2982 1383 3018 τι
1435 2968 1635 3038 χωρίον
1686 2970 1888 3037 εὐφυὲς
1931 2971 2026 3024 καὶ
2080 2972 2180 3042 τῆς

592 3048 769 3098 αὐτῶν
794 3051 1092 3114 κακώσεως
1120 3054 1348 3125 ἄμοιρον
1377 3050 1465 3125 ἦν,
1501 3056 1580 3127 τῷ
1613 3060 1917 3131 εἰσποιητῷ
1946 3060 2106 3116 τοῦτο
2128 3064 2175 3095 ⁸³

2296 583 2464 638 etiam
2510 596 2575 634 ea
2632 581 2699 636 iis
2739 582 2833 651 qui
2887 582 3185 637 remotiora
3241 599 3305 639 ac
3356 586 3624 641 interiora
3672 586 3881 655 colunt,

2297 673 2568 744 Egyptiis
2588 674 2824 737 scilicet,
2852 675 3022 741 indis,
3056 674 3262 742 Persis,
3291 677 3555 749 Assyriis,
3582 680 3882 748 Armeniis,

2294 764 2539 832 Chaldis,
2572 765 2765 832 Iberis,
2796 765 3012 831 Zechis,
3032 765 3268 832 Cabiris,
3293 768 3469 839 iisque
3497 770 3757 826 omnibus
3786 773 3882 841 qui

2296 852 2527 911 Manetis
2572 858 2881 911 dectrinam
2936 868 2989 911 et
3040 858 3332 927 opiniones
3388 873 3717 931 sequuntur.
3784 863 3881 919 His

2295 948 2484 1017 itaque
2513 950 2770 1003 omnibus
2804 950 2951 1003 velut
2999 951 3319 1006 firmissimo
3349 954 3606 1023 prmsidlo
3635 957 3881 1010 munitus

2298 1054 2363 1093 ac
2397 1040 2637 1111 undique
2667 1044 2952 1112 obseptus,
2988 1044 3253 1113 optimum
3287 1046 3626 1101 existimavit
3664 1060 3724 1101 ut
3754 1063 3876 1102 rum

2292 1135 2541 1191 moribus
2626 1135 2790 1191 etiam
2864 1132 3284 1207 appellationem
3374 1150 3612 1196 mutaret
3660 1143 3879 1212 sibique

2293 1224 2485 1291 lilium,
2526 1227 2603 1281 uti
2636 1228 2891 1297 superius
2922 1230 3129 1285 dictum
3158 1240 3261 1297 est,
3294 1234 3598 1303 adeptaret.

2363 1320 2452 1375 15.
2494 1318 2659 1376 lrruit
2698 1322 2871 1392 igitur
2918 1332 3137 1378 omnem
3178 1324 3448 1393 populans
3483 1327 3784 1390 Orientem;
3817 1340 3883 1381 ac

2292 1414 2338 1469 si
2390 1414 2485 1483 qui
2532 1416 2655 1483 ejus
2712 1426 2909 1486 sponte
2942 1418 3190 1485 partibus
3230 1418 3453 1487 adjungi
3507 1419 3736 1481 nollent,
3786 1433 3882 1473 eos

2290 1506 2498 1574 diripit.
2538 1507 2770 1563 Michael
2804 1509 2889 1564 itis
2932 1510 3154 1574 auditis,
3192 1511 3455 1580 majorem
3494 1511 3659 1565 rebus
3692 1526 3881 1565 rumo-

2292 1610 2408 1652 rem
2439 1599 2789 1665 existimans,
2824 1612 2933 1655 non
2960 1602 3143 1669 justas
3174 1603 3307 1657 satis
3330 1612 3424 1656 aut
3463 1603 3606 1658 mole
3635 1617 3793 1672 pares
3821 1603 3876 1657 in

2291 1705 2417 1744 eum
2444 1692 2633 1762 capias
2660 1694 2846 1759 mittit;
2890 1706 3028 1763 quas
3060 1694 3301 1757 Thomas
3332 1696 3517 1764 praelia
3545 1706 3876 1765 congressus

2292 1793 2523 1840 cunctas
2573 1785 2811 1852 delevit,
2877 1789 3186 1857 partimque
3232 1787 3469 1842 sitientis
3526 1798 3678 1842 more
3728 1784 3878 1841 velut

2289 1875 2546 1931 haustum
2581 1892 2736 1947 aquae
2766 1878 3062 1947 alisorpsit,
3096 1879 3295 1947 partim
3331 1878 3560 1948 reliquis
3595 1879 3650 1931 in
3686 1878 3872 1948 fugam

2288 1964 2426 2018 actis
2462 1979 2553 2019 res
2591 1979 2718 2020 suas
2746 1966 2981 2035 amplius
3008 1969 3375 2023 conllrmavit.
3415 1969 3674 2038 Adeoque
3710 1983 3877 2024 naves

2287 2056 2525 2112 biremes
2572 2055 2815 2126 aliasque
2864 2059 3131 2115 rotundas
3163 2060 3447 2116 onerarias
3477 2062 3544 2115 ad
3594 2075 3873 2116 annonam

2285 2155 2341 2201 et
2360 2162 2532 2217 equos
2555 2149 2942 2205 convehendos
2970 2151 3271 2214 instruens,
3309 2165 3375 2205 eo
3402 2164 3669 2221 apparatu
3697 2153 3871 2222 ipsam

2286 2254 2508 2310 quoque
2537 2241 2947 2310 imperatoriam
2976 2244 3205 2299 classem
3228 2243 3283 2297 in
3301 2252 3627 2313 potestatem
3649 2244 3870 2314 redigit,

2280 2331 2551 2401 iubetque
2595 2334 2827 2390 classem
2863 2350 3084 2390 omnem
3131 2337 3198 2391 ad
3245 2336 3484 2391 Lesbum
3526 2337 3866 2408 congregari.

2282 2423 2401 2479 Jam
2435 2438 2600 2494 porro
2634 2426 2772 2495 ipse,
2805 2441 2929 2481 cum
2971 2443 2999 2481 a
3046 2428 3196 2482 nullo
3239 2428 3489 2497 superari
3518 2441 3680 2497 posse
3715 2428 3872 2482 vide-

2284 2525 2453 2579 retur,
2488 2518 2674 2572 Asiam
2713 2532 2931 2575 onmem
2962 2521 3277 2590 populatur.
3311 2520 3597 2590 Octoginta
3632 2534 3873 2591 namque

2286 2609 2571 2663 hominum
2614 2623 2954 2666 armatorum
3009 2613 3178 2667 millia
3232 2614 3287 2668 iu
3338 2614 3583 2669 exercitu
3634 2612 3868 2678 habens,

2286 2720 2506 2776 unoque
2530 2708 2697 2762 verbo
2730 2721 2794 2761 ac
2832 2717 2961 2763 nutu
2985 2708 3093 2780 56
3120 2722 3232 2779 quo
3255 2709 3417 2763 vellet
3437 2708 3699 2770 educens,
3718 2706 3868 2776 Aby~

2283 2800 2436 2865 dum,
2476 2800 2602 2854 inde
2634 2802 2986 2871 traiecturus,
3036 2802 3193 2871 petit.
3229 2800 3502 2867 Quoniam
3540 2810 3669 2854 vero
3698 2800 3752 2852 in
3777 2798 3869 2852 iti-

2285 2907 2414 2947 nere
2440 2895 2624 2947 omnia
2652 2894 2967 2963 populatus,
2987 2908 3097 2949 neri
3123 2895 3289 2949 modo
3320 2894 3617 2947 humiliora
3642 2891 3865 2962 oppida,

2282 2985 2376 3039 sed
2412 2992 2465 3039 et
2516 2986 2832 3049 munitiora,
2883 2987 2939 3039 in
2983 2986 3226 3040 cinerem
3272 2985 3626 3054 favillamque
3662 2994 3866 3039 cuncta

2283 3074 2601 3144 redegerat,
2625 3088 2907 3144 unumque
2953 3074 3173 3144 aliquod
3228 3074 3467 3129 nobilius
3512 3073 3695 3128 adhuc
3732 3072 3864 3127 reli-

588 3141 961 3237 καταδραμεῖν
987 3145 1129 3237 μετὰ
1147 3146 1248 3211 τῆς
1269 3148 1577 3220 προσούσης
1591 3152 1871 3220 φάλαγγος
1892 3155 2177 3225 ἐπιτρέπει

2283 3141 2453 3235 quum
2486 3167 2555 3220 ah
2582 3141 2927 3237 ejusque—illa
2954 3141 3262 3236 direptione
3286 3170 3533 3222 immune
3551 3165 3863 3230 exstiterat,

590 3230 712 3301 υἱῷ.
759 3231 817 3283 '0
846 3232 904 3285 δέ
934 3250 1047 3286 τισι
1077 3235 1351 3306 δαιμόνων
1380 3241 1659 3310 γοητείαις
1704 3246 2180 3316 κατεπαιρόμενος

590 3326 679 3375 καὶ
710 3325 946 3396 μαντείᾳ
972 3326 1018 3357 ³⁸
1045 3327 1146 3397 τὴν
1172 3328 1351 3399 ψυχὴν
1372 3330 1771 3403 ἑμφυσώμενος
1795 3338 1860 3406 τῇ
1880 3340 2180 3410 προτεραίᾳ

590 3415 743 3469 τοῦτο
780 3417 846 3488 δὴ
871 3421 953 3480 εἰς
978 3420 1219 3489 ἐπήκοον
1237 3423 1351 3483 τοῖς
1398 3423 1593 3477 ἑαυτοῦ
1648 3427 1963 3498 ἐκεκράγει,
1978 3432 2180 3501 ῥητήν

589 3523 720 3560 τινα
749 3508 988 3577 ἡμέραν
1020 3510 1296 3578 ἔσεσθαι,
1327 3515 1713 3584 καθομολογῶν
1741 3519 1833 3571 καὶ
1866 3520 2115 3587 φάσκων,
2137 3516 2179 3593 ᾖ

574 3598 795 3667 μέλλοι
842 3604 929 3667 είς
972 3601 1090 3669 τὴν
1136 3604 1607 3666 ,βασιλεύουσαν
1651 3609 1991 3675 προελθεῖν.
2043 3611 2175 3665 Τότε

581 3680 718 3758 γοῦν
749 3692 997 3762 θρασέως
1054 3694 1430 3765 ἱππαζόμενος
1488 3699 1568 3761 εἰς
1628 3698 1855 3769 βαρεῖαν
1901 3701 2108 3772 βλάϐην
2147 3704 2176 3756 ό

582 3782 823 3846 δείλαιος
868 3784 1233 3856 ὲξεχόρευσεν.
1264 3789 1694 3860 Διεσπαρμένως
1727 3791 1835 3862 γὰρ
1867 3793 2172 3864 φερόμενος

587 3874 688 3925 καὶ
721 3874 771 3905 ⁸⁸
796 3877 998 3942 γυμνὸν
1024 3874 1160 3930 εἶναι
1187 3880 1299 3931 τῶν
1329 3874 1638 3934 ἀντιπάλων
1662 3881 1723 3936 τὸ
1766 3886 1966 3955 χωρίον
1993 3888 2175 3957 οἰόμεο

596 3980 695 4025 νος
727 3964 875 4035 λόχῳ
907 3966 970 4036 δή
1002 3986 1100 4023 τινι
1134 3971 1458 4041 περιπίπτει
1485 3973 1580 4027 τοῦ
1620 3973 1923 4044 Ὀλϐιανοῦ,
1950 3979 2045 4032 καὶ
2074 3979 2174 4049 τὴν

604 4053 857 4124 κεφαλὴν
888 4057 1117 4128 αὑθωρδν
1131 4062 1470 4134 ἀποτμηθεὶς
1497 4066 1575 4136 τῷ
1612 4065 1823 4136 βασιλεῖ
1842 4069 2175 4124 ἀποστέλλε-

595 4166 689 4202 ται
718 4150 960 4220 Μιχαήλ.
1001 4153 1051 4206 '0
1075 4154 1128 4207 δὲ
1154 4156 1308 4210 οὐδὲν
1336 4154 1614 4228 ύφιεμένῳ
1634 4161 1773 4213 κατὰ
1795 4162 1895 4231 τὴν
1920 4163 2169 4233 πορείαν,

580 4243 711 4297 οὐδὲ
742 4245 853 4313 μην
885 4248 991 4309 τοῖς
1018 4247 1212 4312 δεινοῖς
1242 4248 1354 4303 τῶν
1400 4250 1578 4321 ἔργων
1608 4251 1703 4305 καὶ
1749 4253 2009 4323 χαλεποῖς
2036 4293 2051 4321 ,
2093 4254 2171 4325 τῷ

582 4334 782 4388 ἑαυτοῦ
806 4338 1126 4391 ἀποστέλλει
1180 4342 1371 4412 πατρί.
1418 4344 1581 4414 νΑρτι
1610 4343 1815 4416 ταύτην
1863 4346 2111 4401 ὲδέδεκτο
2143 4350 2171 4401 ὁ

585 4425 806 4495 Θωμᾶς,
844 4430 939 4481 καὶ
976 4431 1111 4503 πρὸς
1149 4432 1372 4505 Θρᾴκην
1420 4436 1574 4489 οὐδὲν
1613 4437 2077 4511 ὑποστελλόμενος
2104 4443 2169 4496 ἐκ

2285 3258 2396 3314 lilio
2442 3258 2701 3329 adoptivo
2756 3259 2961 3315 adoriri
3022 3258 3154 3315 illud
3203 3259 3380 3329 iubet,
3427 3273 3554 3314 eum
3597 3268 3661 3314 ea
3706 3266 3868 3327 parte

2280 3353 2553 3407 exercitus
2580 3352 2668 3406 cui
2702 3361 2953 3420 praeerat.
3000 3353 3057 3408 is
3089 3364 3254 3422 porro
3290 3351 3621 3421 quibusdam
3655 3349 3864 3405 daemo-

2280 3454 2411 3493 num
2441 3439 2730 3509 praestigiis
2772 3439 2971 3505 elatus,
3022 3454 3203 3507 exque
3238 3438 3517 3493 vaticiniis
3552 3437 3741 3492 animo
3777 3445 3861 3491 tu-

2280 3547 2456 3597 mens,
2489 3532 2636 3586 istud
2666 3530 2842 3600 pridie
2869 3532 3083 3585 cunctis
3124 3530 3241 3586 suis
3281 3529 3633 3585 audientibus
3679 3527 3852 3582 incla-

2278 3627 2546 3685 maverat,
2574 3619 2766 3674 dicens
2801 3637 2813 3673 :
2854 3628 2997 3673 certo
3035 3618 3267 3689 quodam
3303 3618 3389 3671 die
3414 3616 3637 3671 solemni
3671 3631 3863 3685 pompa

2277 3707 2461 3763 urbem
2508 3718 2791 3779 augustam
2830 3724 2887 3762 se
2931 3708 3291 3778 ingressurum
3321 3720 3451 3761 esse.
3500 3704 3654 3759 Tunc
3680 3705 3860 3773 itaque

2281 3810 2483 3855 temere
2508 3799 2767 3869 equitans
2792 3799 2844 3854 in
2878 3815 3043 3870 grave
3090 3799 3318 3853 exitium
3350 3797 3598 3854 misellus
3636 3796 3859 3852 desiliit.

2275 3892 2414 3947 Dum
2446 3895 2593 3948 enim
2640 3893 2898 3948 licentius
2932 3900 3164 3961 vagatur
3198 3892 3459 3961 nulloque
3491 3902 3720 3945 suorum
3769 3888 3856 3943 in-

2275 3995 2486 4040 structo
2514 3985 2729 4051 ordine,
2753 4000 2821 4040 eo
2846 3985 2993 4053 quod
3026 3993 3271 4040 castrum
3308 3985 3573 4037 nudatum
3597 3981 3858 4037 militibus

2274 4078 2635 4142 existimaret,
2692 4077 2750 4131 in
2807 4076 3027 4132 Olbiani
3072 4077 3331 4146 delapsus
3383 4075 3616 4131 insidias
3668 4074 3856 4129 statim

2273 4180 2438 4241 caput
2485 4171 2733 4236 amittit;
2775 4170 2924 4240 quod
2955 4177 3237 4225 exsectum
3280 4166 3550 4222 Olhianus
3604 4164 3853 4221 Michaeli

2274 4258 2589 4329 imperatori
2620 4258 2804 4313 mittit.
2839 4257 2931 4312 llle
2963 4272 3092 4310 mox
3120 4255 3241 4325 ejus
3271 4253 3437 4325 patri,
3465 4252 3568 4307 iter
3595 4252 3852 4308 continue

2274 4353 2512 4422 urgenti,
2567 4367 2630 4407 ac
2677 4366 2839 4421 quem
2881 4349 3032 4405 nulla
3066 4364 3252 4403 rerum
3286 4345 3578 4402 diilicultas
3622 4360 3687 4401 ac
3735 4359 3849 4400 meo

2273 4448 2427 4503 lestia
2465 4446 2827 4512 deterrerent,
2859 4442 3202 4498 transmittit.
3250 4440 3371 4497 Jam
3411 4439 3653 4495 Thomas
3691 4447 3851 4508 caput

590 4516 681 4568 τοῦ
708 4522 845 4573 κατὰ
878 4522 1153 4576 θάλατταν
1198 4526 1351 4590 ὄντος
1379 4528 1585 4599 χωρίου
1624 4530 1963 4603 (Ὁρκώσιον
2008 4534 2169 4588 τοῦτο

2282 4546 2580 4609 acceperat,
2624 4553 2751 4593 cum
2790 4537 2936 4591 nulla
2988 4548 3164 4598 mora,
3205 4549 3274 4590 ex
3317 4533 3601 4588 maritimo
3653 4532 3849 4602 oppido

591 4608 877 4680 καλεῖται),
900 4614 1095 4685 καιρὸν
1122 4617 1466 4690 ἐπιτηρήσας
1489 4619 1578 4672 ὅτε
1620 4620 1684 4690 δὴ
1715 4623 1856 4677 κατὰ.
1886 4622 2105 4679 σύνοδον
2133 4628 2168 4697 ἡ

584 4702 784 4775 σελήνη
816 4707 1127 4774 ἀφώτιστος
1149 4704 1238 4780 ἦν,
1265 4711 1535 4782 πολλαχοῦ
1576 4712 1992 4785 διαπεραιοῦται
2028 4720 2170 4774 κατὰ

579 4797 679 4865 τὴν
699 4797 947 4872 Θρᾴκην.
983 4802 1220 4870 Ἐμελεν
1250 4799 1343 4857 οὖν
1384 4807 1480 4859 καὶ
1514 4806 1621 4877 πρὸ
1652 4807 1750 4877 τῆς
1780 4808 1946 4862 αὑτοῦ
1975 4810 2169 4865 διαϐά-

579 4905 719 4951 σεως
751 4890 929 4944 ταῦτα
954 4894 1030 4963 τῷ
1055 4895 1301 4966 Μιχαὴλ,
1332 4896 1454 4951 ὅθεν
1495 4900 1677 4953 πᾶσαν
1717 4902 2016 4971 περιελθὼν
2068 4902 2169 4976 τὴν

571 4982 812 5053 Θρᾳκῶν
832 4987 1218 5060 ίσχυροτέρους
1240 4991 1355 5063 ἅμα
1384 4994 1616 5065 παρῄνει
1647 4995 1901 5063 γενέσθαι
1927 4998 2061 5067 πρὸς
2078 4998 2169 5051 τὸν

571 5074 898 5148 ἀποστάτην
940 5081 1035 5132 καὶ
1066 5081 1135 5135 τὰ
1166 5083 1361 5136 ἑαυτοῦ
1415 5087 1635 5153 φρονεῖν
1683 5086 1878 5156 μέχρις
1918 5090 2169 5157 αἱμάτων

576 5170 909 5238 παρεκάλει,
950 5172 1090 5243 μήτε
1107 5175 1207 5244 τὴν
1248 5175 1513 5246 βασιλέως
1539 5180 1721 5232 πίστιν
1760 5181 1900 5249 μήτε
1934 5180 2040 5250 μὴν
2062 5183 2162 5249 τὴν

575 5262 729 5329 σφῶν
788 5263 1223 5337 ἐξαρνουμένους
1280 5270 1535 5340 ἀνδρείαν
1596 5274 1693 5326 καὶ
1745 5274 1971 5345 ἀρετήν.
2019 5275 2158 5330 Ἀλλ’

572 5354 750 5406 ἔοικεν
783 5356 964 5428 ήῦψις
996 5359 1211 5431 ἄμαχόν
1243 5379 1294 5415 τι
1330 5359 1471 5418 εἶναι
1500 5368 1737 5436 πρᾶγμα
1764 5371 1878 5429 τοῖς
1901 5368 2113 5434 πολλοῖς
2145 5386 2156 5397 ·

571 5446 668 5499 καὶ
696 5442 783 5503 δια
830 5449 992 5505 τοδτο
1039 5454 1254 5507 ἐκείνου
1315 5455 1413 5526 μὲν
1467 5458 1604 5530 πρὸς
1639 5458 1737 5528 τὴν
1769 5458 2160 5528 βασιλεύουσαν

570 5537 1082 5613 ὑποκεχωρηκότος,
1114 5544 1206 5597 τοῦ
1235 5540 1406 5616 Θωμᾶ
1433 5547 1490 5601 δὲ
1526 5546 1668 5601 κατὰ
1697 5547 1988 5619 πρόσωπον
2022 5568 2162 5622 παρ-

572 5633 861 5701 ισταμένου
908 5634 1254 5707 μεταθέσθαι
1302 5638 1500 5713 συνέϐη
1529 5639 1736 5704 πάντας
1765 5640 2037 5706 εὐκόλως,
2075 5642 2153 5709 ὠς

2272 4632 2420 4701 quod
2469 4630 2795 4686 lloreosium
2828 4637 3044 4693 vocant,
3083 4635 3301 4697 captato
3334 4634 3583 4696 tempore
3614 4638 3727 4694 quo
3758 4638 3847 4693 per

2271 4726 2476 4779 coitum
2510 4722 2638 4776 luna
2670 4722 2874 4776 nullam
2923 4721 3101 4775 lucem
3148 4720 3372 4785 emittit,
3414 4717 3704 4788 multiplici
3754 4732 3851 4771 ora

2271 4826 2501 4884 actaque
2532 4815 2587 4869 in
2619 4812 2908 4869 Thraciam
2942 4813 3249 4868 exscendit.
3290 4810 3419 4879 Ejus
3446 4812 3526 4867 rei
3554 4826 3690 4866 cura
3723 4818 3847 4865 ante

2270 4909 2435 4964 etiam
2485 4907 2864 4977 traiectionem
2891 4906 3210 4960 Michaelem
3246 4904 3544 4959 sollicitum
3580 4902 3851 4957 habebat:

2270 5000 2418 5055 unde
2446 5009 2500 5055 et
2530 5001 2764 5056 lustrata
2797 5000 2948 5055 omni
2978 4998 3215 5055 Thracia
3248 4999 3479 5054 fortiore
3506 4996 3694 5051 animo
3724 5009 3843 5050 esse

2269 5096 2531 5150 adversus
2569 5095 2906 5150 desertorem
2960 5094 3307 5157 hortabatur,
3356 5102 3411 5148 et
3451 5099 3512 5146 ut
3539 5090 3654 5146 suis
3684 5087 3843 5143 rebus

2265 5203 2440 5258 usque
2472 5188 2539 5243 ad
2570 5189 2891 5256 sanguinem
2925 5188 3231 5253 eluderent;
3275 5185 3382 5255 57
3432 5197 3542 5253 quo
3583 5180 3843 5235 nimirum

2265 5295 2365 5336 nec
2387 5280 2730 5349 imperatoris
2753 5280 2913 5335 fidem
2942 5279 3235 5340 violarent,
3266 5290 3366 5331 na:
3397 5274 3613 5328 virtutis
3639 5287 3753 5327 sure
3780 5286 3839 5327 ar

2265 5371 2609 5428 fortitudinis
2640 5372 3113 5428 obliviscerentur.
3130 5369 3397 5424 Caeterum
3418 5365 3690 5421 imbecille
3710 5364 3840 5435 quid

2266 5466 2418 5521 visus
2452 5466 2749 5537 vulgoipse
2783 5464 3065 5521 Michaelis
3098 5468 3450 5530 conspectus.
3473 5459 3839 5527 Quamobrem

2266 5558 2430 5611 etiam
2460 5557 2554 5611 ilio
2580 5556 2635 5610 in
2679 5566 2966 5628 augustam
3020 5555 3209 5610 urbem
3240 5563 3478 5624 recepto,
3506 5553 3623 5622 ipsa
3656 5549 3835 5605 statin!

2261 5648 2486 5703 Thomse
2518 5649 2633 5705 sola
2669 5649 2959 5719 praesentia
2993 5654 3141 5702 tanta
3188 5660 3383 5702 omnes
3424 5644 3682 5700 facilitate
3711 5655 3833 5696 mu-

1886 5731 2116 5791 vamas
2150 5722 2553 5797 LECTIONES.

637 5828 681 5861 "
723 5830 906 5903 τούτῳ
942 5830 1007 5884 Ρ.
1091 5828 1140 5860 ⁸⁸
1169 5829 1430 5898 μαντείαν
1462 5829 1521 5886 [⁸.
1598 5832 1643 5864 ⁵⁸
1678 5829 1794 5903 καὶ]
1827 5832 1887 5885 τὸ
1915 5831 1974 5887 Ρ.
