4200 6448
507 351 582 419 Ἠ
1611 338 2109 405 ΤΗΕΟΡΗΑΝΒΕ

2212 336 2722 402 DNTINUATUS.
3721 344 3794 409 72

512 477 619 533 tari
659 471 911 545 contigit,
942 479 1000 526 ut
1025 484 1122 526 nec
1147 466 1329 524 verbis
1352 465 1573 538 quidem
1607 465 1718 521 illis
1748 461 1934 519 induci
1964 475 2103 532 opus

2212 458 2342 530 μηδὲ
2375 460 2539 529 λόγου
2562 459 2847 531 δεηθῆναι,
2881 461 2976 515 καὶ
3000 462 3118 533 ἅμα
3139 463 3604 534 συστρατεύεσθαι
3626 465 3794 537 ἡγου-

511 570 696 636 ίυθτίι,
738 580 906 637 seque
935 564 1081 619 ultro
1113 562 1179 617 ad
1222 559 1648 632 expugnandam
1692 557 1883 613 urbem
1927 570 2099 626 augu-

509 673 651 719 stam
679 661 729 717 ei
758 661 941 716 socios
968 655 1348 728 adiunxerint.

583 752 673 806 14.
714 750 843 806 Haec
865 750 1033 806 citius
1063 763 1230 818 quam
1264 761 1360 816 par
1389 751 1509 800 erat
1543 740 1867 812 imperatori
1899 738 2100 793 delata:

513 846 722 903 ideirco
749 845 916 898 etiam
941 841 1247 897 exercitum
1278 854 1345 893 ex
1377 835 1614 891 residuis
1645 829 1711 889 ex
1740 832 1894 897 Asia,
1927 831 1972 886 si
2009 830 2103 900 qui

508 939 620 1010 jam
647 932 1033 1004 suppetebant,
1070 929 1479 998 nolinullasqne
1511 924 1701 996 cOpias
1741 922 2011 994 Catacylae
2050 932 2105 976 et

517 1028 738 1086 Olbiani
780 1041 944 1096 opera
990 1024 1167 1094 cogit,
1225 1023 1340 1092 jam
1395 1021 1500 1076 sibi
1540 1019 1617 1085 ,de
1663 1031 1846 1072 rerum
1888 1029 2104 1070 summa

514 1119 824 1194 periculum
857 1118 995 1173 verti
1030 1117 1296 1171 sentiens.
1343 1111 1416 1168 At
1461 1126 1640 1183 neque
1669 1110 1867 1166 classis
1911 1123 2100 1163 curam

514 1212 763 1284 negligit,
782 1210 1064 1279 multaque
1087 1207 1368 1263 celeritate
1390 1205 1683 1260 adversum
1716 1203 1930 1257 hostem
1959 1210 2105 1255 terra

514 1306 766 1376 marique
791 1302 998 1358 educit.
1055 1298 1112 1353 In
1147 1306 1326 1354 tantas
1357 1306 1541 1353 autem
1575 1294 1862 1366 angustias
1888 1308 2105 1348 rerum-

513 1410 621 1465 que
654 1392 1004 1450 diﬁicultates
1035 1389 1324 1459 coniectus
1350 1397 1456 1452 est,
1508 1395 1568 1440 ut
1597 1394 1666 1447 et-
1690 1385 1925 1440 ferream
1955 1396 2106 1438 cate-

512 1502 640 1542 nam
669 1486 738 1540 ab
769 1498 895 1538 arce
936 1482 1006 1536 ad
1061 1481 1376 1553 appositum
1409 1494 1442 1534 e
1492 1479 1721 1549 regione
1761 1477 2103 1547 oppidulum,

511 1580 578 1634 ad
608 1579 819 1635 hostem
851 1577 920 1631 ab
943 1575 1204 1631 interiore
1239 1588 1398 1628 muro
1429 1571 1752 1637 arcendum,
1778 1569 2104 1626 extenderit.

513 1671 744 1728 Vivebat
779 1679 909 1725 tunc
951 1670 1006 1724 in
1030 1669 1224 1740 Scyro,
1259 1683 1382 1738 qua:
1430 1681 1538 1721 una
1577 1674 1662 1721 est
1693 1664 1990 1737 Cycladum
2022 1663 2108 1718 in-

513 1765 789 1831 sularum,
818 1764 904 1818 vir
934 1762 1160 1832 quidam
1194 1760 1373 1823 exsul,
1407 1759 1612 1828 saepius
1641 1757 1800 1813 ducis
1829 1755 2106 1812 exercitus

2209 553 2356 622 μένῳ
2385 553 2528 606 κατὰ
2567 553 2668 624 τὴν
2701 553 3114 624 βασιλεύουσαν.

2281 733 2362 790 ιδ’.
2397 735 2512 790 Οὐκ
2558 736 2750 791 ἔλαθεν
2805 732 2900 792 οὖν
2931 741 3106 792 ταῦτα
3138 739 3335 794 θᾶττον
3368 740 3400 811 ἢ
3433 739 3538 794 ἔδει
3569 741 3662 796 τὸν
3695 739 3794 811 βα.

2207 827 2360 881 σιλέα
2388 845 2403 860 ο
2443 829 2567 882 ὅθεν
2594 831 2688 883 καὶ
2716 831 2949 902 στρατόν
2975 850 3096 885 τινα
3121 835 3186 885 ὲκ
3209 833 3318 886 τῶν
3342 832 3442 904 ἤδη
3481 851 3585 886 που
3623 848 3795 887 καται

2204 919 2580 992 λελειμμένων
2607 923 2670 975 ἐκ
2703 924 2804 993 τῆς
2847 925 3032 988 Ἀσίας
3056 925 3378 994 ἐπισυνάγει
3408 928 3502 979 καὶ
3532 927 3795 996 δυνάμεις

2205 1012 2358 1077 τινάς
2391 1013 2479 1066 διὰ
2500 1013 2595 1067 τοῦ
2623 1015 2918 1070 Κατάκυλα
2961 1019 3056 1071 καὶ
3097 1018 3377 1072 Ὀλϐιανοῦ
3421 1021 3790 1091 συναθροίζει,

2206 1105 2298 1159 τὸν
2338 1106 2598 1176 περὶτῆς
2650 1107 2928 1177 βασιλείας
2957 1109 3058 1180 ’ήδη
3095 1110 3342 1163 κίνδυνον
3383 1111 3588 1174 δεδιώς.
3651 1112 3794 1165 ’.ἁλλ’

2206 1199 2329 1252 οὐδὲ
2371 1197 2468 1252 τοῦ
2514 1201 2656 1253 κατὰ
2696 1201 2974 1255 Θάλασσαν
3031 1203 3227 1272 ἡμέλει
3259 1204 3517 1275 στρατοῦ,
3543 1206 3696 1275 τάχει
3734 1205 3793 1258 δὲ

2208 1291 2391 1362 πολλῷ
2425 1290 2565 1361 πρὸς
2595 1293 2696 1364 τὴν
2729 1293 2942 1347 ἐκείνου
2971 1294 3114 1347 κατὰ
3141 1295 3248 1364 γῆν
3277 1313 3335 1347 τε
3388 1299 3482 1349 καὶ
3519 1295 3793 1350 Θάλατταν

2210 1381 2295 1454 [Ρ.
2328 1382 2422 1456 57]
2456 1385 3028 1456 ἀντιπαρεσκευάζετο
3062 1385 3310 1455 δύναμιν.
3343 1387 3435 1448 El;
3484 1385 3707 1440 τοσοῦτο
3735 1389 3794 1441 δὲ

2206 1469 2310 1546 ἧκε
2364 1474 2660 1547 δυσεργίας
2722 1478 2818 1530 καὶ
2864 1478 3247 1547 περιστάσεως
3292 1477 3366 1539 ῶς
3425 1481 3519 1531 καὶ
3569 1480 3794 1549 σιδηρᾶν

2209 1568 2402 1623 ἅλυσιν
2444 1567 2505 1631 ἐξ
2543 1568 2896 1637 ἀκροπόλεως
2941 1570 3020 1631 είς
3047 1569 3108 1622 τὺ
3148 1555 3792 1642 καταντικρυπολίχνιον

2207 1663 2546 1726 ὲπεκτεῐναι,
2580 1661 2680 1732 τὴν
2720 1661 2923 1715 ἔσωθεν
2954 1663 3156 1717 ἄϐατον
3190 1665 3376 1736 τηρῶν
3409 1666 3549 1719 ὀδόν.
3590 1659 3700 1718 Ἦν
3733 1666 3793 1719 δέ

2208 1771 2294 1818 τις
2334 1755 2392 1808 ὲν
2443 1753 2638 1826 Σκύρῳ
2685 1756 2835 1826 νήσῳ
2889 1757 2998 1809 τῶν
3047 1758 3346 1811 Κυκλάδων
3384 1761 3482 1829 μιᾷ
3524 1759 3792 1822 πολλάκις

512 1857 738 1913 functus
767 1869 1017 1919 munere,
1041 1853 1265 1923 jamque
1287 1825 1504 1907 infenso
1525 1851 1578 1905 in
1603 1848 1922 1906 Michaelem
1944 1857 2102 1902 actus

2212 1845 2639 1918 ἐστρατηγηκὼς
2668 1848 3151 1921 ἀνὴρύπερόριος,
3205 1851 3333 1921 ἄρτι
3368 1825 3425 1904 δὲ
3453 1825 3529 1922 τῷ
3571 1852 3794 1923 Μιχαὴλ

511 1949 726 2013 animo,
756 1947 1062 2019 Gregorius
1099 1946 1356 2001 Pterotus
1400 1943 1646 2008 nomine,
1691 1941 1895 1998 Leonis
1913 1941 2103 2010 'impe-

511 2042 719 2098 ratoris
766 2039 1160 2106 consobrinus,
1199 2037 1342 2093 haud
1378 2037 1454 2092 ita
1486 2036 1697 2107 pridem
1748 2035 1843 2090 illo
1886 2035 2101 2090 sublato

511 2135 786 2205 relegatus
834 2149 900 2189 eo
929 2131 1076 2204 quod
1119 2131 1400 2187 silentium
1443 2130 1548 2186 sibi
1592 2131 1861 2200 imperare
1891 2127 2104 2182 noluis-

511 2236 614 2292 set,
647 2228 740 2283 sed
777 2241 887 2298 prae
913 2225 1130 2282 fervore
1162 2225 1335 2280 animi
1358 2239 1424 2279 ac
1448 2223 1649 2279 Leonis
1673 2235 1862 2276 amore
1891 2220 2102 2276 saluta.

512 2329 630 2374 tum
677 2317 999 2374 Michaelem
1068 2319 1358 2389 ingressus
1405 2315 1596 2371 multis
1653 2329 1779 2369 eum
1837 2312 2104 2367 conviciis

512 2411 842 2482 aspersisset
884 2427 950 2466 ac
980 2410 1092 2481 58
1122 2411 1327 2465 caedem
1360 2409 1773 2478 exprobrasset.
1831 2405 1913 2460 Ad
1939 2420 2101 2476 quem

513 2515 644 2559 tunc
668 2501 898 2558 Michael
924 2520 938 2556 :
990 2501 1150 2570 Novi,
1191 2501 1392 2571 inquit,
1419 2500 1589 2554 animi
1615 2500 1694 2553 tui
1724 2498 1986 2554 mestitiae
2013 2513 2105 2567 ρε-

513 2596 668 2664 lagus
699 2610 762 2648 ac
797 2594 1037 2648 tristitia:
1072 2592 1516 2664 magnitudinem;
1553 2591 1866 2662 jubensque
1892 2589 2106 2661 patien-

513 2695 595 2741 ter
649 2683 797 2740 ferre
835 2699 958 2755 qua:
999 2684 1366 2755 contigerant,
1428 2690 1556 2753 post
1595 2681 1835 2736 triduum
1884 2679 1937 2734 in
1981 2694 2102 2734 eam

513 2776 814 2850 Cyeladum
861 2776 1096 2832 insulam
1151 2790 1278 2829 eum
1323 2773 1610 2844 relegavit.
1653 2773 1812 2828 Hunc
1847 2772 1972 2827 belli
2007 2785 2103 2827 so-

513 2871 660 2926 cium
679 2869 917 2926 ascitum
936 2869 1178 2924 Thomas
1195 2867 1485 2923 duodecim
1505 2865 1736 2920 millium
1761 2864 2103 2921 terrestrium

512 2964 794 3034 copiarum
842 2963 1046 3033 agmini
1086 2960 1354 3032 praefecit.
1401 2958 1648 3015 Classem
1677 2973 1903 3030 quoque
1938 2972 2103 3027 quam

514 3055 782 3111 habuerat
805 3054 1104 3119 adornans,
1137 3053 1420 3122 aliumque
1456 3052 1506 3108 ei
1549 3051 1748 3107 ducem
1781 3049 2106 3120 praem-iens,

513 3152 708 3207 ambos
756 3162 1022 3221 tanquam
1067 3160 1442 3241 praecurso-res
1489 3146 1696 3217 regiam
1754 3145 2105 3241 (fonstantini
2133 3183 2178 3241 ο

519 3241 715 3296 urbem
755 3248 1066 3296 tentaturos
1105 3237 1407 3308 praemittit,
1441 3253 1474 3291 e
1519 3251 1579 3292 re
1620 3250 1722 3292 sua
1763 3235 1883 3292 fore
1919 3237 2110 3291 existi-

521 3348 700 3398 mans,
742 3332 789 3387 si
818 3340 961 3386 terra
994 3329 1160 3386 simul
1191 3329 1442 3401 marique
1470 3345 1592 3386 eam
1627 3329 1956 3386 adoriretur.
1992 3329 2109 3385 Hoc

517 3427 608 3482 ubi
643 3426 726 3481 sic
749 3433 965 3496 gestum
999 3429 1108 3490 est,
1145 3422 1424 3494 simulque
1455 3424 1679 3479 navales
1710 3439 1774 3478 ac
1809 3431 2107 3478 terrestres

515 3515 686 3586 copiae
736 3515 802 3569 ad
843 3513 1275 3570 Blachernarum
1325 3514 1510 3570 sinum
1543 3522 1919 3584 apparuerunt
1949 3513 2110 3585 (nihil

517 3609 671 3662 enim
701 3615 921 3662 extenta
961 3606 1137 3662 ferrea
1172 3616 1367 3661 catena
1415 3605 1812 3675 impedimento
1858 3606 1966 3660 fuit
2015 3613 2110 3659 ant

518 3701 709 3756 urbem
746 3699 937 3773 iuvit),
972 3699 1129 3756 nihili
1177 3700 1285 3755 illae
1313 3707 1409 3754 aut
1439 3708 1589 3756 certe
1618 3699 1805 3771 exigui
1845 3699 2109 3754 momenti

516 3795 649 3847 visae
679 3799 842 3858 sunt;
880 3792 1027 3847 unde
1057 3806 1158 3847 nec
1197 3791 1422 3861 dignum
1461 3789 1669 3859 aliquid
1703 3789 1968 3844 memoria
1989 3803 2111 3860 ges-

518 3895 733 3941 serunt.
761 3883 1032 3940 Caeterum
1068 3883 1312 3939 Thomas
1339 3883 1456 3953 ipse
1483 3882 1776 3950 arietibus,
1816 3881 2110 3937 testudini-

517 3977 622 4031 bus
656 3976 892 4044 aliisque
948 3975 1242 4040 machinis,
1271 3975 1472 4044 quibus
1492 3989 1682 4029 muros
1717 3973 2112 4029 concutiendus

517 4068 918 4134 arbitrabatur,
969 4083 1066 4137 per
1119 4067 1390 4136 quosdam
1445 4081 1637 4122 eorum
1686 4065 1923 4122 artiﬁces
1976 4080 2110 4121 con-

518 4161 770 4224 structis,
827 4161 894 4215 ad
952 4161 1067 4215 haec
1119 4169 1304 4214 autem
1357 4159 1657 4216 Anastasio
1695 4159 1956 4229 quodam,
2017 4159 2113 4230 qui

517 4251 734 4321 eiurato
767 4252 1022 4307 monachi
1073 4252 1332 4307 instituto
1365 4252 1528 4322 paulo
1567 4263 1697 4307 ante
1744 4251 1812 4307 ad
1842 4261 2113 4308 veterato-

521 4344 662 4398 riam
713 4359 778 4398 ac
826 4343 1148 4399 saecularem
1202 4343 1373 4399 vitam
1408 4343 1725 4407 transierat,
1766 4344 1873 4398 atri
1911 4344 2114 4400 coloris

526 4446 697 4506 atque
738 4435 908 4490 animi
947 4434 1000 4489 in
1035 4435 1205 4490 ﬁlium
1250 4435 1513 4505 adoptato
1534 4446 1590 4491 et
1629 4445 1888 4492 consorte
1931 4446 2116 4509 tyran-

2208 1940 2289 2002 εἰς
2319 1941 2548 2010 πικρίαν
2575 1939 2756 2010 ψυχῆς
2785 1942 3120 2010 ἀφικόμενος
3154 1959 3168 1973 ·
3213 1941 3386 2013 ὄνομα
3433 1941 3611 2013 τούτῳ
3649 1944 3795 2016 Γρη-

2208 2031 2393 2101 γόριος
2423 2033 2451 2084 ό
2491 2030 2634 2084 οὕτω
2673 2032 2966 2102 λεγόμενος
3005 2035 3309 2104 Πτερωτὸς,
3361 2034 3420 2097 ὃς
3474 2035 3793 2104 ἀδελφιδοῦς

2212 2121 2312 2191 μὲν
2343 2123 2610 2193 ὑπάρχων
2635 2123 2728 2177 τοῦ
2773 2126 3022 2193 Λέοντος,
3071 2127 3196 2198 ἄρτι
3244 2127 3302 2180 δὲ
3342 2128 3535 2181 τούτου
3571 2130 3795 2201 ἀναιρε-

2211 2214 2395 2280 Θέντος
2428 2215 2721 2287 ὑπερόριος
2739 2216 2972 2285 γίνεται,
3009 2219 3092 2271 ὅτι
3123 2218 3198 2290 μὴ
3223 2221 3384 2291 σιγῇ,
3416 2219 3614 2292 ζεούσῃ
3640 2221 3696 2275 δὲ
3724 2224 3791 2294 τῇ

2210 2309 2408 2382 καρδίᾳ
2427 2309 2524 2363 καλ⁵
2557 2309 2711 2382 φιλίᾳ
2725 2309 2819 2363 τοῦ
2844 2311 3096 2377 Λέοντος,
3131 2315 3530 2386 προσκυνήσων
3561 2315 3652 2368 τὸν
3691 2311 3798 2369 Mt-

2209 2400 2352 2472 χαὴλ
2399 2402 2789 2472 εἰσερχόμενος
2819 2401 3040 2466 πολλοῖς
3077 2405 3404 2476 ὀνειδισμοῖς
3444 2408 3608 2462 αὐτὸν
3639 2426 3794 2479 περι-

2211 2494 2421 2561 ἔϐαλεν,
2444 2497 2536 2547 τὸν
2562 2495 2723 2563 φόνον
2755 2495 2939 2566 φέρων
2968 2497 3078 2549 τῶν
3124 2497 3438 2568 λεγομένων
3465 2502 3793 2572 κατήγορον.

2211 2582 2283 2659 Ὦ
2311 2587 2532 2658 Μιχαὴλ
2557 2588 2679 2641 τότε
2721 2588 2822 2658 μιν
2850 2589 3022 2643 είπὼν
3040 2631 3055 2654 ,
3091 2590 3239 2648 Οτὸἀ
3260 2609 3377 2646 σου
3409 2592 3515 2659 τῆς
3540 2593 3797 2663 ἀθυμίας

2210 2676 2279 2731 τὸ
2331 2676 2596 2748 πέλαγος
2641 2677 2741 2732 καὶ
2792 2677 2902 2747 τῆς
2951 2681 3154 2748 λύπης
3207 2682 3275 2736 τὸ
3297 2683 3573 2753 μέγεθος,
3607 2684 3796 2755 φέρειν

2211 2769 2483 2843 ἐπέτρεπε
2537 2770 2607 2824 τά
2661 2771 2934 2842 γενόμενα
2981 2789 2995 2804 ·
3032 2774 3226 2846 τρίτης
3280 2775 3337 2828 δὶ
3395 2776 3797 2847 παρῳχηκυίας

2211 2864 2425 2936 ἡμέρας
2449 2863 2590 2918 κατὰ
2612 2863 2702 2920 τὸν
2723 2866 3016 2936 εἰρημένον
3045 2867 3210 2922 τόπον
3241 2867 3349 2920 τῶν
3377 2869 3678 2923 Κυκλάδων
3697 2887 3794 2923 περ

2213 2957 2444 3028 ποίηκεν
2469 2959 2784 3031 ὑπερόριον.
2835 2957 3038 3012 Τοῦτον
3074 2960 3494 3030 ἑταιρισάμενος
3521 2961 3549 3014 ὁ
3596 2964 3796 3034 Θωμᾶς

2217 3048 2630 3120 στρατεύματός
2673 3067 2819 3114 τινος
2849 3051 2943 3103 τοῦ
2993 3051 3137 3105 κατὰ
3167 3051 3272 3122 γῆν
3297 3051 3427 3105 ὡσεὶ
3456 3053 3504 3085 ³⁸
3553 3052 3799 3124 χιλιάδας

2215 3141 2348 3196 δέκα
2380 3141 2654 3208 ἀνέδειξεν
2688 3145 3019 3214 στρατηγόν.
3065 3143 3175 3197 Καὶ
3203 3143 3296 3198 τὸν
3329 3145 3472 3200 κατὰ
3520 3146 3799 3202 Θάλασσαν

2209 3237 2266 3292 δέ
2288 3237 2474 3292 στόλον
2491 3237 2641 3308 αὐτῷ
2665 3237 2960 3308 γενόμενον
2985 3239 3455 3312 εὐτρεπισάμενος
3478 3241 3595 3315 [καὶ
3611 3244 3800 3318 ἕτερον
3885 3223 3890 3228 ἢ
3973 3221 3976 3223 Δ

2210 3329 2362 3398 αὐτῷ
2396 3329 2703 3399 ἐπιστήσας
2743 3328 3076 3404 στρατηγὸν]
3113 3326 3223 3384 οἷόν
3255 3349 3404 3397 τινας
3459 3335 3800 3409 προδρόμους

2211 3421 2542 3492 ἐξέπεμψεν,
2577 3421 2858 3492 ὠφέλιμον
2885 3419 3024 3476 εἶναι
3067 3424 3263 3497 κρίνας
3293 3426 3386 3480 τοῦ
3427 3431 3570 3482 κατὰ
3601 3430 3708 3500 γῆν
3737 3448 3798 3484 τε

2212 3514 2308 3569 καὶ
2340 3513 2618 3568 θάλασσαν
2651 3513 2771 3584 ἅμα
2812 3515 3086 3570 ποιεῖσθαι
3117 3519 3221 3583 τὰς
3270 3519 3601 3590 προσϐολάς.
3636 3503 3798 3575 Γενο-

2215 3606 2378 3678 μένου
2404 3607 2462 3661 δὲ
2493 3607 2688 3662 τούτου
2721 3609 2817 3662 καὶ
2851 3610 2995 3664 κατὰ
3025 3611 3225 3664 ταυτὸν
3255 3611 3643 3680 άναφανέντων
3690 3612 3802 3666 τῶν

2212 3697 2488 3754 ναυτικῶν
2519 3698 2614 3752 καὶ
2645 3699 2892 3763 πεζικῶν
2929 3700 3216 3768 δυνάμεων
3247 3701 3306 3754 ὲν
3354 3700 3432 3770 τῷ
3473 3701 3616 3772 πρὸς
3659 3701 3800 3754 Βλα-

2213 3795 2435 3863 χέρναις
2468 3791 2657 3864 κόλπῳ
2681 3792 2823 3864 (οὐδὲ
2861 3792 2971 3861 γὰρ
3001 3790 3259 3862 οὐδεμίαν
3290 3792 3529 3847 κώλυσιν
3586 3795 3620 3868 ἢ
3672 3795 3798 3866 βοή-

2214 3883 2366 3939 Θειαν
2391 3885 2426 3956 ή
2452 3883 2837 3957 ὲξαρτισθετσα
2882 3884 3083 3956 σιδηρᾶ
3118 3885 3278 3956 σειρά
3312 3885 3675 3959 ἐπεδέδεικτο)
3719 3889 3800 3952 είς

2213 3976 2426 4049 οὐδὲνῆ
2459 3977 2655 4048 μικρὸν
2684 3979 2716 4047 ή
2749 3975 2957 4031 τούτων
2990 3977 3265 4048 παρουσία
3307 3978 3590 4048 λελόγιστο
3612 3997 3627 4013 ο
3681 3980 3804 4034 ὅθεν

2213 4069 2324 4124 οὐδ’
2365 4069 2650 4140 ἀξιόλογόν
2696 4087 2750 4124 τι
2791 4071 2924 4142 παρ’
2962 4070 3147 4136 αὐτοῖς
3204 4072 3544 4144 ἐπέπρακτο.
3596 4071 3743 4144 Πλὴν
3774 4073 3804 4126 ὁ

2214 4164 2415 4234 Θωμᾶς
2444 4163 2633 4235 κριοὺς
2672 4164 2768 4217 καὶ
2801 4163 3042 4234 χελώνας
3084 4164 3178 4218 καί
3210 4181 3362 4228 τινας
3392 4165 3689 4231 ἑλεπόλεις,
3736 4165 3804 4219 δι’

2216 4248 2290 4308 ὧν
2303 4254 2371 4307 τά
2399 4255 2554 4324 τείχη
2569 4251 2706 4323 ᾤετο
2727 4256 3062 4318 κατασείειν,
3083 4252 3174 4305 διά
3189 4269 3353 4306 τινων
3382 4255 3805 4319 κατασκευάσας

2219 4345 2641 4416 μηχανουργῶν,
2681 4345 2821 4414 πρὸς
2849 4344 2905 4397 δὲ
2935 4345 3028 4397 καί
3052 4360 3175 4398 τινα
3211 4344 3566 4402 Ἀναστάσιον
3591 4347 3716 4419 ἄρτι
3741 4348 3807 4420 δὴ

2216 4437 2308 4490 τὸν
2375 4435 2486 4490 τῶν
2543 4434 2798 4506 μοναχῶν
2857 4432 3232 4502 ἁλλαξάμενον
3282 4434 3398 4506 βίον
3451 4437 3548 4491 καὶ
3597 4441 3678 4502 είς
3713 4440 3806 4492 τὸν

520 4528 664 4583 nidis
715 4530 1054 4594 renuntiato,
1109 4530 1422 4602 ingentibus
1478 4531 1656 4603 copiis
1697 4545 2106 4601 numerosoque

2213 4529 2510 4600 ἀγυρτικὸν
2533 4527 2722 4583 τοῦτον
2767 4526 2833 4600 δὴ
2873 4528 2967 4581 καὶ
3018 4529 3300 4583 πολιτικὸν
3358 4531 3804 4602 ὑποστρέψαντα,

519 4620 696 4677 fretus
724 4621 993 4687 exercitu,
1026 4621 1095 4677 ad
1130 4623 1337 4692 regiam
1366 4623 1558 4678 urbem
1583 4624 1848 4679 advectus
1875 4631 1982 4685 est,
2019 4637 2114 4676 ra-

520 4723 611 4768 tus
638 4714 803 4769 simul
835 4723 1000 4784 atque
1043 4715 1112 4769 ad
1146 4716 1337 4769 urbem
1367 4717 1720 4782 accessisset,
1773 4725 1962 4786 portas
2009 4715 2114 4785 ipsi

519 4814 832 4862 reseratum
876 4805 966 4861 iri.
1010 4803 1114 4861 Ubi
1166 4817 1350 4861 autem
1402 4808 1542 4862 nihil
1580 4819 1816 4862 eventus
1863 4806 1984 4877 ejus
2021 4821 2117 4862 ex-

521 4897 856 4966 spectationi
891 4898 1201 4969 respondit,
1230 4898 1339 4970 59
1359 4914 1664 4970 eorumque
1690 4899 1875 4969 potius
1901 4898 2118 4969 probris

519 4990 944 5060 complnebatur
975 5005 1042 5046 ac
1089 4991 1418 5058 maledictis,
1479 4999 1594 5045 tnm
1643 4993 1864 5045 demum
1911 4999 2110 5061 prato-

520 5083 667 5137 rium
699 5083 1002 5140 tentorium
1036 5083 1355 5154 vallumque
1387 5085 1455 5138 ad
1485 5082 1700 5138 Paulini
1735 5083 1898 5148 aedes,
1935 5083 2027 5138 ubi
2062 5093 2116 5139 et

519 5176 919 5232 venerabilium
961 5177 1372 5248 Anargyrorum
1401 5176 1692 5231 delubrum
1717 5175 1905 5246 palatii
1938 5176 2118 5232 instar

521 5275 873 5324 exstructum
909 5279 1015 5337 est,
1067 5269 1187 5324 ﬁxit
1221 5269 1549 5340 muniitque.
1585 5267 1865 5324 Destinata
1895 5283 2118 5340 quoque

524 5367 679 5427 parte
705 5363 985 5418 exercitus
1015 5378 1241 5420 omnem
1267 5363 1335 5417 ad
1361 5362 1636 5418 Euxinum
1664 5377 1839 5443 usqu;
1862 5361 2119 5418 Hierom-

526 5466 636 5520 que
690 5453 970 5531 regionem
1019 5464 1187 5528 atque
1247 5456 1332 5512 bis
1369 5455 1633 5512 ulteriora
1665 5455 1864 5528 oppida
1894 5457 2116 5519 invasit,

523 5543 590 5595 ad
635 5540 1005 5600 defectionem
1054 5562 1283 5620 cogens,
1321 5563 1390 5603 ne
1419 5554 1584 5619 quem
1614 5562 1646 5602 a
1703 5556 1858 5620 tergo
1901 5547 2116 5603 hostem

524 5636 820 5696 pateretur.
875 5632 974 5690 His
1030 5635 1104 5691 ita
1143 5651 1211 5692 ex
1257 5639 1447 5696 animo
1481 5639 1824 5706 constitutis,
1857 5638 1988 5694 dum
2021 5654 2118 5709 ap-

2215 4623 2424 4694 μέλανα
2462 4622 2564 4692 τὴν
2593 4621 2808 4693 χροιάν,
2846 4621 3058 4692 μέλανα
3096 4621 3198 4693 τὴν
3228 4622 3429 4695 ψυχὴν,
3482 4626 3808 4696 υίοθετήσας

2214 4714 2311 4770 καὶ⁵
2335 4713 2700 4783 συγκοινωνὸν
2724 4713 2824 4783 τῆς
2847 4713 3152 4785 ἀνταρσίας
3182 4717 3560 4788 ἀναγορεύσας
3578 4757 3593 4781 ,
3627 4716 3809 4789 πολλῷ

2217 4804 2434 4878 στρατῷ
2480 4807 2574 4858 καὶ
2613 4804 2846 4874 δυνάμει
2882 4806 3026 4876 ῥέων
3073 4807 3217 4860 κατά
3270 4808 3371 4878 τῆς
3414 4806 3806 4880 βασιλευούσης

2218 4897 2632 4970 προσήλαυνεν,
2670 4897 2785 4968 ἅμα
2829 4896 2885 4951 δὲ
2937 4897 3016 4968 τῷ
3062 4898 3144 4963 είς
3180 4898 3304 4968 δψιν
3338 4901 3644 4972 ὲποφοῆναι
3698 4901 3808 4958 τῶν

2222 4990 2456 5044 πολιτῶν
2485 4990 2584 5054 τὰς
2616 4989 2790 5052 πύλας
2814 4989 2964 5061 αὐτῷ
2989 4991 3332 5045 ἀναπετάσαι
3362 4992 3625 5063 οἰόμενος,
3659 4993 3808 5065 μίσει

2220 5082 2284 5152 δὴ
2316 5082 2395 5153 τῷ
2430 5083 2568 5154 πρὸς
2619 5082 2861 5154 Μιχαὴλ.
2931 5082 3085 5135 Ἐπεὶ
3116 5082 3172 5136 δὲ
3219 5083 3424 5156 ταύτης
3465 5085 3564 5156 τῆς
3596 5087 3808 5152 ἐλπίδος

2222 5174 2495 5241 διέπεσεν,
2529 5175 2731 5245 μάλλον
2761 5175 2859 5246 μὲν
2893 5171 2987 5228 οὖν
3009 5175 3104 5229 καὶ
3130 5174 3323 5246 ὕϐρεσι
3346 5177 3551 5231 τούτων
3583 5179 3678 5234 καὶ
3702 5180 3810 5234 λοι-

2224 5268 2430 5340 δορίαις
2487 5267 2772 5331 ἑπλύνετο,
2837 5267 2959 5320 τότε
3023 5265 3124 5337 μὲν
3170 5267 3235 5340 δὴ
3283 5267 3382 5340 τὴν
3439 5271 3811 5345 στρατηγικὴν

2220 5359 2428 5431 σκηνὴν
2450 5361 2543 5412 καὶ
2565 5360 2658 5412 τὸν
2689 5359 2910 5430 χάρακα
2942 5360 3086 5413 κατὰ
3114 5359 3206 5414 τὸν
3229 5360 3321 5414 τοῦ
3345 5362 3614 5416 Παυλίνου
3638 5359 3808 5430 οἷκον,

2217 5451 2348 5505 ἔνθα
2380 5449 2446 5522 δὴ
2479 5451 2572 5502 καὶ
2598 5449 2659 5502 τὸ
2686 5449 2797 5504 τῶν
2844 5441 3162 5520 σεϐασμίων
3195 5451 3549 5522 ’Λναργύρων
3582 5453 3810 5523 τέμενος

2218 5538 2330 5598 οἷόν
2387 5558 2440 5594 τι
2477 5540 2782 5610 ἀνάκτορον
2834 5541 3227 5612 ᾠκοδόμηται,
3273 5542 3659 5615 ὲγκατέπηξε,
3711 5543 3810 5596 καὶ

2220 5637 2403 5690 πάντα
2424 5633 2516 5687 τὸν
2555 5633 2684 5704 ἄχρι
2707 5632 2964 5702 Εὐξείνου
2996 5636 3163 5691 τόπον
3196 5636 3292 5692 καὶ
3341 5635 3512 5708 Ἱεροῦ
3549 5635 3642 5692 καὶ
3697 5635 3809 5692 τῶν

1853 5731 2092 5790 ΥΔΒΙΑΞ
2127 5726 2535 5790 LECTIONES.

597 5813 644 5846 η
671 5812 747 5879 ὡς
772 5815 895 5881 είςῖ
