4200 6462
611 351 671 419 '13
1638 349 1782 410 LIB.
1830 347 1908 408 II.
1941 371 2012 385 -
2037 344 2380 408 MICHAEL
2409 344 2907 406 AMORIENSIS.
3828 343 3899 410 74

628 466 919 543 περαιτέρω
973 466 1045 537 δὴ
1103 465 1320 521 τούτων
1371 462 1660 537 πολιχνίων
1701 463 1904 535 ὲπῆλθε
1938 462 2027 515 διά
2064 478 2212 525 τινος

2319 460 2532 531 paratni
2579 459 2890 530 castrisque
2939 458 3332 527 componendis
3362 457 3479 515 dies
3507 456 3713 529 aliquot
3746 460 3901 516 insu-

637 564 1026 639 στρατεύματος
1083 562 1296 616 πείσων
1324 602 1342 629 ,
1385 562 1481 616 καὶ
1532 560 1608 630 μή
1656 576 1780 612 τινα
1821 558 1968 630 ἔχειν
2006 556 2113 611 ὑπὸ
2165 556 2209 589 ⁵⁷

632 661 780 717 νώτου
815 657 903 731 [Ρ.
934 654 1293 729 381ὲχθρόν.
1342 655 1499 708 Ἐπεὶ
1543 653 1601 706 δὲ
1651 652 1826 707 ταῦτα
1881 650 2027 706 κατὰ
2086 650 2213 704 νοῦν

630 756 757 825 ἔχειν
788 752 969 805 essm
1012 747 1190 819 αύτῷ,
1226 747 1384 810 τινὰς
1423 745 1639 817 ἡμέρας
1672 743 1810 816 πρὸς
1854 744 2213 815 παρασκευὴν

627 849 736 910 δοὺς
765 843 977 913 ἑαυτῷ,
1008 841 1089 905 ὡς
1124 841 1205 899 ἐκ,
1229 856 1377 903 τινος
1411 838 1661 892 ἀπόπτου
1704 836 1922 891 κατεῖδε
1962 835 2054 890 τὸν
2113 834 2215 905 μὲν

630 937 847 1007 Μιχαὴλ
881 934 944 988 τὸ
974 930 1276 1002 πολεμικὸν
1325 932 1551 1001 σημεῖον
1599 929 1691 982 ἐπὶ
1730 928 1924 1003 τέγους
1973 926 2070 981 τοῦ
2112 927 2214 997 τῆς

627 1028 882 1084 Θεοτόκου
904 1024 1037 1080 ναοῦ
1068 1021 1508 1092 καταπεπηγότα
1535 1019 1793 1074 κάκεῖθεν
1811 1018 1910 1090 τὴν
1937 1017 2079 1074 κατὰ
2104 1016 2213 1071 τῶν

625 1119 879 1175 ἐναντίων
912 1118 1069 1188 ἰσχὺν
1092 1113 1422 1185 αἰτούμενόν
1445 1130 1506 1166 τε
1552 1112 1650 1166 καὶ
1680 1111 2176 1183 προσλαμϐάνοντα
2195 1147 2212 1173 ,

627 1216 704 1268 τὸν
721 1214 768 1267 δ’
796 1213 914 1265 υἱὸν
942 1208 1111 1264 αὐτοῦ
1146 1208 1241 1261 τὸν
1269 1205 1532 1274 Θεόφιλον
1555 1205 1735 1260 πάντα
1757 1205 1849 1259 τὸν
1868 1205 1970 1272 τῆς
2003 1204 2214 1268 πόλεως

634 1305 905 1377 περίϐολον
941 1303 1082 1374 μετὰ
1109 1300 1204 1356 τοῦ
1236 1299 1383 1371 ἱεροῦ
1415 1300 1697 1369 τάγματος
1726 1297 2122 1367 ἐπιφοιτῶντα,
2152 1296 2215 1349 τό

634 1418 684 1454 τε
714 1397 977 1464 (mortem
1010 1395 1107 1450 τοῦ
1142 1392 1379 1463 σταυροῦ
1413 1392 1568 1458 ξύλον
1592 1390 1990 1462 ἐπιφερόμενον
2003 1390 2099 1444 καὶ
2113 1389 2214 1459 τὴν

633 1493 827 1562 ἰσθῆτα
878 1490 984 1560 τῆς
1036 1488 1319 1554 πανάγνου
1381 1483 1587 1557 μητρὸς
1636 1482 1877 1554 Χριστοῦ
1930 1481 2029 1535 τοῦ
2077 1480 2213 1535 θεοῦ

627 1584 799 1655 ἡμῶν,
837 1583 919 1646 είς
938 1580 1143 1652 πολλὴν
1175 1578 1276 1648 μὲν
1308 1577 1419 1630 τῶν
1450 1576 1798 1646 πραγμάτων
1826 1572 2213 1627 δυσελπιστίαν

627 1679 717 1732 καὶ
748 1674 798 1709 ³⁸
828 1675 1085 1734 παντοῖος
1134 1671 1355 1739 ἐγένετο
1402 1669 1503 1739 τὴν
1548 1666 1778 1737 γνώμην
1812 1666 1953 1720 κατὰ
1984 1665 2077 1719 τὸν
2117 1682 2215 1737 χα-

631 1765 939 1839 μιιλέοντα,
992 1761 1110 1830 είγε
1167 1759 1243 1831 μὴ
1278 1758 1415 1829 πρὸς
1451 1758 1680 1828 ὁρατούς
1731 1756 1893 1828 μόνον
1931 1755 2069 1810 ἀλλὰ
2117 1754 2213 1809 καὶ

626 1857 887 1928 ἁοράτους
926 1854 1077 1917 τινας
1110 1853 1375 1921 δυνάμεις
1413 1850 1781 1919 ἀναγκάζοιτο
1823 1847 2210 1920 διαμάχεσθαι.

626 1949 738 2007 Ούκ
769 1951 910 2021 ἔχων
936 1948 982 2002 δ’
1008 1949 1037 2002 ὅ
1060 1964 1113 2001 τι
1143 1947 1239 2000 καὶ
1272 1944 1556 2016 πράξειεν,
1588 1942 1766 2007 άλλως
1789 1960 1847 1996 τε
1866 1942 1924 1996 δὲ
1954 1943 2049 1996 καὶ
2072 1942 2215 2012 ὄχλῳ

630 2046 693 2116 δὴ
717 2041 959 2112 τοσούτῳ
1003 2039 1405 2113 τεθαρρηκὼς,
1446 2038 1540 2091 τὸν
1590 2036 1681 2090 διὰ
1737 2036 1922 2106 μάχης
1999 2034 2214 2105 έκρινεν

637 2136 827 2203 ἀγῶνα
847 2135 951 2188 τῶν
968 2133 1223 2186 τοιούτων
1252 2131 1318 2200 δὴ
1350 2128 1632 2200 λογισμῶν
1682 2127 1939 2196 γενέσθαι
1991 2126 2210 2197 κριτήν.

637 2224 805 2278 Ὅθεν
832 2225 895 2293 τῇ
932 2222 1049 2292 ἑξῆς
1096 2220 1309 2292 ἆματῷ
1365 2219 1507 2288 φωτὶ
1544 2218 1794 2289 σημάνας
1852 2218 1914 2270 τὸ
1966 2217 2215 2270 ἐνυάλιον

626 2320 752 2381 τοὺς
766 2317 966 2386 ἄνδρας
994 2316 1185 2385 ἐξῆγε,
1214 2315 1311 2368 καὶ
1346 2313 1425 2383 τῷ
1460 2313 1557 2383 μὲν
1579 2311 1682 2383 υίῷ
1714 2312 1855 2366 κατὰ
1890 2311 1982 2365 τὸν
2037 2313 2095 2365 ὲν
2145 2314 2212 2383 τῇ

623 2410 807 2480 χέρσῳ
839 2406 937 2461 τοῦ
964 2407 1177 2478 τείχους
1198 2423 1265 2459 πε
1276 2405 1490 2478 ρίὸολον
1511 2404 1699 2475 φέρειν
1728 2403 1822 2457 τὸν
1858 2403 2095 2474 πόλεμον
2118 2402 2215 2457 καὶ

621 2503 718 2573 τὴν
739 2501 989 2570 ανάγκην
1015 2500 1349 2571 ἐπέτρεπεν,
1373 2497 1541 2561 αὐτὸς
1571 2496 1629 2551 δὲ
1661 2495 1723 2550 τὸ
1757 2496 1893 2550 πολὺ
1926 2495 2035 2549 τῶν
2056 2494 2214 2548 δυνά-

633 2613 775 2666 μεων
805 2596 902 2647 καὶ
928 2593 1040 2646 τῶν
1072 2590 1389 2662 πολεμικῶν
1419 2589 1690 2658 ὀργάνων,
1719 2587 1788 2641 δι’
1822 2581 1898 2641 ὧν
1932 2585 2128 2657 ἔμελλε
2154 2584 2215 2639 τὸ

634 2690 807 2757 τεῖχος
836 2684 1258 2755 καταπειράζειν
1286 2682 1388 2753 τῆς
1431 2682 1662 2745 πόλεως,
1718 2674 1858 2750 ἔχων
1897 2679 2042 2733 κατὰ
2087 2680 2214 2743 τοὺς

626 2780 736 2834 τῶν
770 2778 1087 2848 Βλαχερνῶν
1136 2776 1381 2846 πύργους
1430 2768 1669 2827 ἐποιεῖτο
1723 2773 1823 2843 τὴν
1878 2770 2208 2843 προσϐολὴν,

622 2870 897 2941 κλίμακάς
930 2886 991 2922 τε
1034 2868 1117 2940 τῷ
1147 2866 1274 2938 ὕψει
1322 2866 1651 2938 προσφέρων
1686 2864 2064 2935 ἀναλογούσας
2118 2865 2215 2920 καὶ
2254 2908 2263 2915 .

619 2963 861 3036 χελώνας
891 2960 1116 3014 ἄλλοθεν
1166 2945 1557 3030 καὶ’ὲτέρωθεν
1591 2959 1718 3022 τοὺς
1769 2958 1981 3028 κριοὺς,
2028 2955 2214 3023 τοξεύ-

623 3056 756 3127 μασί
784 3072 845 3108 τε
875 3054 975 3109 καὶ
1023 3052 1377 3124 πετροϐόλοις
1410 3051 1748 3122 πανταχόθεν
1793 3050 2097 3122 χρώμενος,
2130 3045 2212 3112 οἷς

2320 550 2439 616 mit,
2471 550 2623 604 velut
2648 565 2678 605 e
2714 549 2934 620 specula
2967 548 3289 605 Michaelem
3326 550 3473 606 videt
3513 550 3639 605 belli
3680 551 3899 623 signum

2319 644 2372 697 in
2400 642 2791 697 Blachernensi
2826 640 3071 711 Deiparae
3111 650 3256 698 tecto
3288 642 3545 713 deligere,
3579 654 3743 714 atque
3776 643 3902 702 inde

2317 738 2465 794 vires
2494 738 2761 795 adversus
2789 737 2977 793 hostes
3008 736 3307 809 deposcere
3341 738 3555 809 sibique
3582 755 3897 811 corrogare,

2318 830 2552 902 ejusque
2596 831 2771 887 [ilium
2816 829 3179 902 Theophilum
3212 848 3484 887 unaocum
3521 847 3678 886 sacro
3706 833 3899 887 ordine

2318 923 2474 980 urbis
2505 923 2773 979 ambitum
2806 940 3027 980 omnem
3061 931 3225 994 atque
3260 926 3466 982 mtenia
3486 925 3796 991 circumire,
3834 940 3901 980 ac

2319 1026 2435 1072 tum
2488 1017 2769 1074 viviﬁcum
2818 1019 3003 1074 crucis
3035 1019 3245 1085 lignum
3283 1027 3398 1073 tum
3443 1020 3661 1075 intactae
3692 1020 3900 1076 Christi

2321 1110 2415 1165 Dei
2468 1112 2646 1167 nostri
2694 1114 2941 1180 parentis
2989 1121 3196 1167 vestem
3246 1111 3629 1168 circumferre.
3688 1113 3759 1168 Ea
3814 1129 3903 1169 res

2316 1202 2437 1273 ejus
2497 1204 2738 1260 maxime
2795 1221 2921 1275 spes
2972 1204 3204 1274 dejecit,
3256 1205 3783 1275 chamaeleontisque
3845 1207 3901 1261 in

2318 1312 2528 1352 morem
2581 1298 2978 1367 cogitationum
3022 1307 3161 1353 testu
3206 1298 3395 1353 varius
3438 1314 3752 1370 ancepsque
3784 1315 3907 1369 age-

2318 1390 2500 1457 batur,
2551 1390 2823 1462 siquidem
2873 1392 2950 1446 illi
2997 1407 3108 1447 non
3143 1392 3304 1448 modo
3330 1404 3522 1448 contra
3558 1393 3746 1449 hostes
3772 1392 3906 1446 visi-

2317 1481 2455 1539 biles
2481 1484 2576 1538 sed
2611 1491 2665 1539 et
2696 1493 2887 1541 contra
2919 1485 3230 1554 inaspectas
3252 1484 3523 1555 quasdam
3551 1484 3905 1540 fortitudines

2317 1590 2499 1646 pugna
2539 1577 2880 1633 conserenda
2926 1585 3065 1633 erat.
3124 1576 3218 1633 Sic
3250 1578 3437 1647 itaque
3467 1577 3685 1633 consilii
3726 1576 3905 1632 incer-

2318 1681 2429 1737 tus,
2466 1671 2571 1727 etsi
2598 1671 2800 1741 alioqui
2837 1680 2917 1726 tot
2958 1673 3237 1742 tantisque
3270 1672 3445 1740 copiis
3477 1671 3674 1736 fretus,
3713 1686 3902 1725 earum

2319 1764 2552 1820 indicem
2584 1764 2986 1835 cogitationum
3033 1764 3225 1822 Martis
3256 1765 3431 1821 aleam
3475 1763 3590 1821 fore
3634 1764 3901 1821 decernit.

2320 1858 2504 1914 Prima
2552 1859 2737 1928 itaque
2785 1859 2894 1913 diei
2945 1859 3287 1930 insequentis
3331 1860 3453 1915 luce
3505 1861 3633 1916 dato
3671 1859 3905 1917 classico

2318 1967 2452 2007 suos
2477 1953 2679 2008 castris
2706 1952 2916 2018 educit;
2948 1967 3015 2007 ac
3047 1953 3158 2008 tilio
3184 1953 3402 2024 quidem
3438 1963 3757 2011 terrestrem
3786 1970 3907 2010 mu«

2318 2059 2440 2099 rum
2481 2060 2804 2116 oppugnare
2848 2045 3037 2117 jussit,
3072 2048 3190 2116 ipse
3224 2062 3349 2102 cum
3394 2047 3593 2118 majori
3619 2048 3906 2118 copiarum

2316 2146 2471 2206 parte
2515 2138 3123 2211 validioribusqueﬁo
3163 2140 3437 2197 machinis
3479 2154 3544 2196 ac
3582 2142 3896 2206 tormentis,

2315 2229 2518 2301 quibus
2547 2230 2790 2287 civitatis
2818 2247 3038 2287 murum
3061 2240 3373 2287 tentaturus
3397 2240 3538 2299 erat,
3577 2232 3905 2289 Blaclterna~

2316 2337 2438 2377 rum
2472 2331 2655 2379 turres
2689 2323 3025 2394 aggreditur,
3059 2325 3238 2380 scalas
3266 2325 3572 2380 admovens
3618 2341 3904 2381 murorum

2315 2415 2593 2471 altitudini
2626 2418 3012 2486 congruentes.
3056 2415 3198 2471 Alibi
3234 2418 3560 2481 testudines,
3603 2418 3730 2475 alibi
3762 2420 3905 2473 arie-

2316 2515 2441 2563 tes:
2490 2521 2763 2577 nusquam
2821 2521 2930 2562 non
2964 2506 3261 2563 missilium
3299 2509 3530 2577 grando,
3577 2524 3756 2579 exque
3806 2510 3907 2564 ba-

2316 2602 2454 2657 listis
2485 2601 2697 2657 densus
2724 2600 2965 2671 lapidum
2992 2601 3190 2666 imber;
3217 2615 3328 2671 quo
3351 2608 3463 2655 tam
3492 2603 3641 2656 varia
3663 2602 3909 2674 undique

2314 2689 2605 2761 omnisque
2661 2690 2880 2759 generis
2948 2691 3361 2763 oppugnatione
3441 2701 3554 2747 tum
3614 2694 3906 2764 oppidanis

2316 2790 2585 2838 terrorem
2620 2781 2895 2852 injiceret.
2948 2792 3063 2838 tum
3106 2786 3242 2840 urbe
3265 2786 3557 2855 potiretur.
3612 2786 3683 2839 At
3722 2801 3907 2856 neque

2314 2888 2507 2929 muros
2537 2871 2844 2928 maritimos
2878 2874 3129 2945 negligit;
3166 2875 3261 2930 sed
3294 2875 3472 2931 classe
3519 2876 3761 2945 undique
3789 2878 3908 2932 cin-

2313 2982 2468 3037 gens,
2522 2965 2746 3038 ignique
2791 2973 2847 3019 et
2888 2964 3089 3034 jaculis
3133 2966 3431 3036 adhaecque
3462 2967 3760 3021 tetrascelis
3788 2969 3909 3037 qui-

2315 3060 2546 3115 busdam
2592 3058 3038 3115 obsidionalibus
3071 3058 3343 3115 machinis
3369 3058 3591 3130 profuse
3620 3059 3906 3130 (perinde-

619 3147 812 3219 ῑμελλε
864 3145 1139 3200 πάντοθεν
1173 3145 1431 3207 παντοῖος
1480 3144 1809 3213 φαινόμενος
1860 3139 2212 3211 καταπλῆξαι

2316 3167 2422 3222 que
2444 3152 2615 3216 dicas,
2654 3159 2860 3208 temere
2888 3151 3149 3222 nulloque
3176 3151 3384 3219 judicio
3412 3166 3476 3206 ac
3502 3152 3643 3221 arte)
3688 3161 3904 3208 tentare

624 3241 723 3312 μὲν
744 3242 874 3304 τοὺς
894 3239 1144 3304 πολίτας,
1179 3238 1478 3309 κρατήσειν
1522 3235 1700 3291 δὲκαὶ
1736 3236 1835 3306 τῆς
1867 3235 2097 3298 πόλεως.
2137 3233 2212 3286 Ού

626 3334 731 3404 μὴν
760 3333 882 3387 οὐδὲ
912 3331 1023 3387 τῶν
1045 3332 1189 3386 κατὰ
1207 3331 1479 3386 θάλατταν
1506 3330 1702 3400 ἡμέλει
1730 3328 1949 3400 τειχῶν,
1973 3329 2110 3389 ἀλλὰ
2137 3328 2215 3407 τῷ

625 3426 860 3497 ναυτικῴ
893 3424 1168 3480 πάντοθεν
1196 3424 1625 3494 περικυκλώσας
1656 3423 1829 3491 αὐτὴν
1868 3422 2003 3494 πυρί
2032 3439 2092 3475 τε
2116 3410 2214 3476 καὶ

621 3517 940 3589 τοξεύμασι,
960 3517 1101 3589 πρὸς
1129 3516 1189 3569 δὲ
1206 3516 1303 3570 καί
1330 3534 1443 3569 τισι
1462 3514 1881 3587 τετρασκελέσιν
1900 3515 2213 3569 ὲλεπόλεσιν

616 3609 859 3683 χρῆσθαι
887 3609 1145 3663 ἐκέλευεν
1174 3607 1413 3677 ἀφειδῶς
1433 3645 1448 3669 ,
1506 3607 1702 3661 ταυτὸν
1730 3606 1787 3660 δὲ
1823 3606 1920 3661 καλ⁹
1970 3606 2216 3677 ἀτέχνως

614 3707 797 3759 εἰπεῖν
827 3719 843 3739 ο
870 3704 996 3757 ὅθεν
1019 3702 1178 3756 οὐδὲν
1232 3700 1339 3754 τῶν
1370 3702 1451 3765 εἰς
1473 3700 1660 3774 ὄνησιν
1694 3700 1975 3773 φερόντων
2000 3701 2153 3771 αὐτῷ
2182 3702 2214 3771 ἠ

614 3796 867 3866 τοσαύτη
898 3795 1127 3867 δύναμις
1162 3793 1787 3866 συμπαρομαρτούντων
1834 3794 2048 3866 ἀνδρῶν
2079 3811 2216 3850 κατ-

620 3889 929 3958 επράξατο.
974 3888 1049 3942 Τδ
1093 3886 1192 3957 μὲν
1223 3886 1335 3957 γὰρ
1364 3886 1617 3941 ναυτικὸν
1644 3885 1806 3948 εὐθύς
1847 3903 1932 3949 τις
1971 3884 2215 3949 ἐναντίος

630 3980 1025 4049 ὶπιγενόμενος
1069 3981 1267 4051 άνεμος
1300 3981 1651 4034 συνδιέλκυσέ
1687 3998 1748 4035 τε
1783 3982 1880 4035 καὶ
1910 3981 2040 4035 ἄλλο
2077 3980 2216 4053 ἄλλῃ

636 4070 1013 4140 διασπαρῆναι
1052 4072 1317 4143 εποίησεν,
1366 4072 1463 4127 άτε
1501 4071 1567 4143 δὴ
1610 4074 1705 4126 καὶ
1758 4071 2028 4143 χειμῶνος
2061 4072 2215 4135 ὄντος

625 4162 911 4229 ἐξαισίου·
940 4162 1076 4215 κατὰ
1116 4162 1170 4217 δὲ
1220 4164 1323 4234 τὴν
1360 4164 1590 4235 ἤπειρον
1640 4164 1903 4232 γενναίως
1957 4164 2058 4235 μὲν
2103 4163 2215 4217 τῶν

613 4255 736 4308 ἀπὸ
770 4255 819 4286 ³²
839 4253 942 4323 τῆς
965 4254 1167 4319 πόλεως
1187 4256 1658 4326 ἀπομαχομένων,
1681 4256 1779 4309 καὶ
1816 4260 1956 4320 τέως
1984 4257 2084 4327 μὶν
2114 4255 2213 4318 τὰς

613 4347 907 4419 κλίμακας
933 4349 1245 4420 ἀχρήστους
1265 4350 1417 4422 αὐτῷ
1446 4348 1745 4404 ποιούντων
1773 4349 1862 4402 διὰ
1888 4349 1998 4404 τῶν
2018 4350 2083 4402 ὲκ
2104 4348 2215 4402 τῶν

615 4445 851 4513 πύργων
910 4441 1277 4514 ῥηγνυμένων
1334 4441 1703 4514 ἰσχυροτέρων
1760 4440 1954 4512 βελῶν,
1996 4440 2119 4494 ,τῶν
2167 4441 2213 4495 δ’

619 4534 801 4589 ἄλλων
827 4535 1080 4605 ὁργάνων
1111 4536 1191 4606 πῆ
1230 4534 1331 4605 μὶν
1369 4536 1470 4588 οὐκ
1498 4533 1931 4603 ιφικνουμένων,
1963 4532 2060 4587 καὶ
2085 4532 2211 4588 τού·
2244 4514 2292 4575 Ῑ)

618 4643 723 4680 του
768 4627 1014 4697 μεγάλην
1063 4626 1239 4698 ῥοπὴν
1286 4629 1398 4691 τοῖς
1435 4627 1730 4700 πράγμασι
1759 4625 2069 4688 τεθεικότος
2118 4626 2216 4680 καὶ

608 4721 721 4793 τὴν
740 4720 907 4774 αὐτοῦ
940 4720 1081 4793 πρὸς
1112 4720 1243 4782 τοὺς
1275 4720 1550 4791 πολέμους
1597 4719 1862 4791 ἀπειρίαν
1903 4737 2213 4792 καταμαρ-

602 4816 984 4886 τυρήσαντος,
1024 4814 1101 4884 πῆ
1141 4813 1202 4866 δὲ
1244 4814 1343 4866 καὶ
1396 4815 1505 4866 τῶν
1537 4813 1951 4884 ὲφικνουμένων
1983 4815 2078 4867 καλ⁸
2104 4830 2217 4867 και.

597 4906 1085 4978 ταλαμᾶινόιτων
1135 4905 1549 4961 ἀσθενεστάτων
1605 4905 1778 4961 όντων
1829 4906 1924 4960 καὶ
1961 4908 2022 4959 ού
2068 4906 2213 4960 κατὰ

600 4999 804 5072 μάχην
820 5001 1082 5069 γενναίαν
1112 5017 1172 5053 τε
1209 5000 1305 5052 καὶ
1332 5000 1595 5055 διασείειν
1632 5000 1788 5069 τείχη
1821 4999 2060 5066 ειδότων,
2092 4999 2209 5054 ἀλλ’

592 5093 732 5146 οὐδὲ
760 5093 855 5145 τοῦ
880 5093 1026 5146 κατὰ
1049 5092 1295 5161 πύργους
1317 5092 1611 5161 ἱσταμένου
1638 5092 1834 5164 ἀνδρὸς
1858 5092 2213 5164 ύποχώρησίν

594 5201 734 5239 τινα
810 5186 1372 5255 παρασκευαζόντων.
1419 5186 1506 5249 Ὠς
1572 5181 1666 5239 οὖν
1726 5188 1981 5256 εφαίνετο
2036 5187 2213 5241 ταῦτα

590 5273 692 5346 [Ρ.
729 5273 827 5347 59]
860 5275 922 5329 ού
953 5275 1097 5329 κατὰ
1122 5277 1221 5346 τὴν
1248 5276 1523 5349 προτέραν
1558 5277 2001 5347 διαθρυλήσασαν
2034 5279 2214 5332 πάντα

588 5366 813 5437 φήμην
835 5367 933 5419 καὶ
957 5366 1465 5429 διακωδωνίσασαν,
1495 5369 1646 5438 ἥττω
1668 5368 1725 5420 δὲ
1753 5369 1851 5420 καὶ
1871 5368 1945 5431 ὡς
1977 5369 2040 5421 ἐκ
2064 5386 2209 5432 τινος

584 5458 1030 5527 ἀσθενεστάτης
1061 5458 1263 5527 φρενὸς
1312 5458 1802 5529 διακυϐερνώμενα
1844 5460 1937 5512 καὶ
1968 5462 2208 5529 ἐκπερα-

584 5548 855 5619 τούμενα
881 5589 896 5613 ,
943 5544 1326 5621 ἀνεθάρρησὲ
1356 5568 1417 5603 τε
1468 5551 1502 5620 ἡ
1551 5551 1986 5623 πολιορκουμένη
2052 5553 2209 5615 πόλις

583 5643 851 5711 εὐθέως,
906 5643 1004 5698 καὶ
1040 5643 1297 5698 τοσοῦτον
1352 5644 1786 5717 ἑκηϐολωτέροις
1841 5647 2044 5716 εχρῆτο
2095 5651 2209 5710 τοῖς

2314 3243 2486 3314 jubet.
2520 3243 2888 3311 Quamobrem
2918 3243 3082 3298 etiam
3111 3250 3260 3298 tanta
3294 3243 3380 3297 vis
3410 3243 3654 3298 virorum
3679 3245 3727 3299 ei
3763 3245 3905 3298 mili-

2318 3337 2545 3392 tantium
2580 3336 2719 3391 nihil
2766 3336 3139 3391 ei-commodi
3176 3336 3382 3391 attulit.
3426 3336 3580 3392 illico
3611 3336 3763 3392 enim
3806 3337 3904 3392 ad-

2316 3444 2511 3486 versus
2541 3436 2739 3483 ventus
2764 3428 2996 3485 classem
3033 3428 3342 3499 dissipavit,
3374 3428 3590 3499 alioque
3612 3440 3775 3500 atque
3795 3430 3903 3485 alio

2318 3537 2488 3577 naves
2511 3521 2749 3592 disiecit;
2782 3520 2986 3592 quippe
3011 3535 3135 3575 cum
3166 3520 3359 3592 ingens
3383 3521 3624 3591 procella
3659 3531 3807 3578 esset
3837 3538 3904 3579 ac

2316 3630 2468 3670 mare
2514 3622 2837 3669 aestuosum.
2889 3612 3061 3668 Terra
3106 3627 3327 3684 quoque
3362 3614 3651 3685 oppidanis
3681 3622 3904 3671 strenue

2315 3705 2729 3769 dimicantibus,
2761 3705 3143 3776 hactenusque
3173 3705 3409 3760 telorum
3442 3721 3474 3761 e
3512 3706 3759 3761 turribus
3788 3705 3902 3760 for-

2318 3800 2443 3853 titer
2477 3799 2773 3854 missorum
2803 3798 3068 3869 grandine
3090 3798 3313 3854 inutiles
3338 3800 3518 3855 scalas
3546 3799 3595 3854 ei
3626 3798 3902 3854 reddenti—

2317 3889 2442 3953 bus,
2473 3888 2541 3944 ad
2574 3889 2690 3944 haec
2718 3889 3008 3945 tormentis
3051 3878 3250 3959 partim
3290 3890 3357 3944 ad
3408 3891 3742 3949 destinatum
3784 3906 3899 3945 non

2317 3983 2713 4050 attingentibus
2768 3979 2938 4051 (quod
2976 3982 3199 4050 quidem
3248 3981 3547 4036 maximum
3579 3984 3746 4038 rebus
3776 3999 3899 4038 mo-

2317 4081 2564 4127 mentum
2613 4072 2800 4127 attulit
2839 4086 3078 4141 eumque
3125 4071 3363 4141 gerendo
3397 4072 3540 4126 bello
3583 4073 3896 4142 imperitum

2316 4164 2604 4235 ostendit),
2630 4164 2829 4236 partim
2861 4177 2995 4218 vero
3032 4162 3431 4233 attingentibus
3464 4164 3685 4232 quidem
3727 4173 3781 4221 et
3810 4179 3905 4218 as-

2317 4258 2692 4328 sequentibus,
2736 4255 3193 4313 imbecillioribus
3220 4255 3422 4325 tamen)
3474 4271 3576 4311 nec
3604 4258 3739 4312 satis
3771 4258 3899 4312 forti

2318 4360 2520 4409 conatu
2558 4358 2616 4407 et
2664 4358 2727 4406 ut
2757 4364 2950 4405 muros
2991 4356 3293 4404 concutere
3335 4358 3558 4418 possent
3605 4350 3690 4404 vel
3734 4350 3898 4406 etiam

2316 4441 2690 4514 praesidiarios
2760 4456 2828 4497 ex
2892 4439 3142 4494 turribus
3196 4449 3455 4495 excutere
3512 4448 3679 4510 atque
3750 4441 3903 4495 illinc

2323 4535 2533 4607 fugare.
2572 4532 2680 4590 Ubi
2736 4533 2906 4604 igitur
2958 4546 3069 4587 non
3113 4548 3179 4587 ex
3217 4531 3417 4601 prioris
3453 4532 3615 4587 fama
3663 4534 3899 4596 ratione,

2316 4632 2517 4684 cuneta
2547 4641 2744 4697 magno
2774 4625 3013 4695 quodam
3045 4624 3324 4695 vulgantis
3356 4624 3462 4695 61
3511 4640 3756 4691 rumore,
3789 4628 3904 4681 haec

2316 4736 2644 4793 apparuere,
2675 4719 2811 4790 quin
2842 4720 3027 4789 potius
3057 4719 3219 4789 longe
3245 4721 3482 4785 minora,
3507 4735 3573 4775 ac
3602 4736 3725 4790 quae
3746 4736 3901 4777 meus

2316 4814 2654 4871 nobilissima
2698 4821 2911 4884 regeret
2956 4828 3023 4867 ac
3073 4814 3390 4883 parturiret,
3441 4815 3627 4869 statim
3671 4817 3899 4874 obsessa

2315 4908 2512 4964 civitas
2566 4907 2784 4962 animos
2817 4906 3217 4976 audaciamque
3264 4907 3584 4974 resumpsit.
3638 4909 3903 4979 tantaqu’o

2313 5003 2367 5057 τί
2413 5001 2572 5072 longe
2623 5000 2902 5057 mittentes
2956 4999 3184 5054 balistas
3232 4999 3598 5071 displodehat.
3652 5007 3713 5053 ut
3745 5002 3899 5055 omni

2314 5092 2409 5148 illo
2447 5090 2829 5147 machinarum
2877 5098 3142 5160 apparatu
3178 5091 3373 5147 relicto
3397 5090 3768 5146 obsidentium
3802 5105 3903 5163 ag-

2314 5187 2463 5242 mina
2494 5185 2685 5256 procul
2719 5185 2973 5269 recedere
2997 5185 3175 5255 deque
3221 5185 3399 5240 salute
3431 5183 3724 5239 consilium
3758 5183 3904 5239 inire

2314 5280 2574 5351 coegerit.
2610 5278 2981 5345 Quamobrem
3026 5292 3136 5332 non
3178 5280 3396 5347 qualem
3439 5276 3695 5329 obsessor
3734 5288 3901 5343 puta-

2318 5380 2492 5432 verat,
2524 5372 2618 5426 sed
2653 5370 2951 5425 ﬁrmiorem
2982 5371 3142 5439 longe
3167 5384 3331 5437 quam
3364 5382 3461 5437 pro
3487 5368 3901 5422 existimatione

2316 5464 2508 5519 urbem
2550 5452 2821 5517 oﬂ‘endit.‘
2850 5459 3117 5516 Praeterea
3170 5472 3301 5512 vero
3342 5458 3459 5528 ipsa
3503 5472 3724 5527 quoque
3761 5469 3901 5512 tem-

2318 5567 2505 5626 pestas
2554 5555 2896 5626 asperiorem
2944 5568 3124 5608 aerem
3180 5550 3467 5606 reddebat.
3504 5548 3665 5605 Velut
3711 5552 3899 5618 itaque

2317 5659 2606 5720 appetente
2638 5648 2839 5711 hieme,
2878 5662 2940 5701 ac
2964 5662 3057 5716 per
3088 5644 3320 5700 hiemem
3347 5642 3647 5714 provinciis
3671 5640 3898 5712 reliquis

1917 5743 2151 5797 VABIIE
2192 5740 2593 5797 LECTIONEb.

673 5833 726 5864 ⁸⁷
754 5834 936 5891 κατὰῖ
1013 5836 1061 5867 ⁸⁸
1087 5835 1483 5890 δυσελπιστίαν
1513 5840 1744 5908 ἀφίκετο
1778 5841 1911 5895 καὶῖ

999 5930 1279 5990 ΡΑτιιοι..
1314 5931 1429 5991 Gn.
1471 5933 1620 5992 CIX.

1986 5843 2031 5872 ‘9
2071 5838 2200 5903 ἀπὸ]
2254 5835 2419 5891 αὑτοῦ
2455 5838 2514 5893 Ρ.

3365 5925 3401 5982 3
