  <div class='ocr_page' id='page_1' title='image "/cluster/home/n/w/nwhite01/storage/ocr_20150623/109/coo.31924054870138/045.png"; bbox 0 0 4200 6454; ppageno 0'>
   <div class='ocr_carea' id='block_1_1' title="bbox 541 342 3823 430">
    <p class='ocr_par' dir='ltr' id='par_1_1' title="bbox 541 342 3823 430">
     <span class='ocr_line' id='line_1_1' title="bbox 541 342 3823 430; baseline -0.005 -14"><span class='ocrx_word' id='word_1_1' title='bbox 541 365 616 430; x_wconf 82' lang='lat'><strong>75</strong></span> <span class='ocrx_word' id='word_1_2' title='bbox 1644 344 2155 410; x_wconf 77' lang='lat' dir='ltr'><strong>THEOPHANES</strong></span> <span class='ocrx_word' id='word_1_3' title='bbox 2189 342 2753 404; x_wconf 84' lang='lat' dir='ltr'><strong>CONTINUATUS.</strong></span> <span class='ocrx_word' id='word_1_4' title='bbox 3751 346 3823 411; x_wconf 85' lang='lat'><strong>76</strong></span> 
     </span>
    </p>
   </div>
   <div class='ocr_carea' id='block_1_2' title="bbox 541 451 2136 551">
    <p class='ocr_par' dir='ltr' id='par_1_2' title="bbox 541 457 2131 551">
     <span class='ocr_line' id='line_1_2' title="bbox 541 457 2131 551; baseline -0.015 -15"><span class='ocrx_word' id='word_1_5' title='bbox 541 478 827 551; x_wconf 74' lang='lat' dir='ltr'><strong>frigidiore</strong></span> <span class='ocrx_word' id='word_1_6' title='bbox 872 471 1131 537; x_wconf 82' lang='lat' dir='ltr'><strong>Thracia,</strong></span> <span class='ocrx_word' id='word_1_7' title='bbox 1183 467 1249 523; x_wconf 87' lang='lat' dir='ltr'><strong>ad</strong></span> <span class='ocrx_word' id='word_1_8' title='bbox 1276 462 1530 521; x_wconf 68' lang='lat' dir='ltr'><strong>&#39;hiberna</strong></span> <span class='ocrx_word' id='word_1_9' title='bbox 1574 471 1630 519; x_wconf 89' lang='lat' dir='ltr'><strong>et</strong></span> <span class='ocrx_word' id='word_1_10' title='bbox 1670 461 1737 517; x_wconf 88' lang='lat' dir='ltr'><strong>ad</strong></span> <span class='ocrx_word' id='word_1_11' title='bbox 1787 457 2131 515; x_wconf 79' lang='lat' dir='ltr'><strong>reducendae</strong></span> 
     </span>
    </p>
   </div>
   <div class='ocr_carea' id='block_1_3' title="bbox 2234 451 3829 551">
    <p class='ocr_par' dir='ltr' id='par_1_3' title="bbox 2239 451 3829 526">
     <span class='ocr_line' id='line_1_3' title="bbox 2239 451 3829 526; baseline 0.003 -18"><span class='ocrx_word' id='word_1_12' title='bbox 2239 454 2451 526; x_wconf 82' lang='grc' dir='ltr'><strong>βέλεσιν</strong></span> <span class='ocrx_word' id='word_1_13' title='bbox 2473 455 2549 518; x_wconf 80' lang='grc' dir='ltr'>ὡς</span> <span class='ocrx_word' id='word_1_14' title='bbox 2571 452 2764 525; x_wconf 76' lang='grc' dir='ltr'>πόρρω</span> <span class='ocrx_word' id='word_1_15' title='bbox 2808 468 2909 506; x_wconf 86' lang='grc' dir='ltr'><strong>που</strong></span> <span class='ocrx_word' id='word_1_16' title='bbox 2945 451 3172 516; x_wconf 78' lang='grc' dir='ltr'><strong>τούτους</strong></span> <span class='ocrx_word' id='word_1_17' title='bbox 3209 452 3532 525; x_wconf 84' lang='grc' dir='ltr'>αυλισθῆναι</span> <span class='ocrx_word' id='word_1_18' title='bbox 3585 456 3829 525; x_wconf 66' lang='grc' dir='ltr'>ἐπαναγ-</span> 
     </span>
    </p>
   </div>
   <div class='ocr_carea' id='block_1_4' title="bbox 542 547 3827 640">
    <p class='ocr_par' dir='ltr' id='par_1_4' title="bbox 542 547 3827 640">
     <span class='ocr_line' id='line_1_4' title="bbox 542 547 3827 640; baseline 0.005 -49"><span class='ocrx_word' id='word_1_19' title='bbox 542 547 734 640; x_wconf 52' lang='grc' dir='ltr'><strong>εοῦίθς</strong></span> <span class='ocrx_word' id='word_1_20' title='bbox 768 566 1015 621; x_wconf 64' lang='lat' dir='ltr'><strong>animum</strong></span> <span class='ocrx_word' id='word_1_21' title='bbox 1046 558 1335 616; x_wconf 71' lang='grc' dir='ltr'><strong>οοηνεηίι,</strong></span> <span class='ocrx_word' id='word_1_22' title='bbox 2238 549 2428 617; x_wconf 84' lang='grc' dir='ltr'>κάσαι,</span> <span class='ocrx_word' id='word_1_23' title='bbox 2460 548 2558 612; x_wconf 86' lang='grc' dir='ltr'>τὰς</span> <span class='ocrx_word' id='word_1_24' title='bbox 2580 547 2850 611; x_wconf 78' lang='grc' dir='ltr'><strong>τοσαύτας</strong></span> <span class='ocrx_word' id='word_1_25' title='bbox 2895 547 3148 617; x_wconf 81' lang='grc' dir='ltr'>μηχανάς</span> <span class='ocrx_word' id='word_1_26' title='bbox 3198 549 3691 616; x_wconf 74' lang='grc' dir='ltr'>ἐγκαταλιπόντας,</span> <span class='ocrx_word' id='word_1_27' title='bbox 3732 555 3827 607; x_wconf 75' lang='grc' dir='ltr'>καὶ</span> 
     </span>
    </p>
   </div>
   <div class='ocr_carea' id='block_1_5' title="bbox 542 639 3824 734">
    <p class='ocr_par' dir='ltr' id='par_1_5' title="bbox 542 639 3824 734">
     <span class='ocr_line' id='line_1_5' title="bbox 542 639 3824 734; baseline -0.007 -16"><span class='ocrx_word' id='word_1_28' title='bbox 542 639 671 734; x_wconf 80' lang='grc' dir='ltr'>περὶ</span> <span class='ocrx_word' id='word_1_29' title='bbox 702 660 802 730; x_wconf 77' lang='grc' dir='ltr'>τῆς</span> <span class='ocrx_word' id='word_1_30' title='bbox 827 659 964 721; x_wconf 80' lang='grc' dir='ltr'>ιδίας</span> <span class='ocrx_word' id='word_1_31' title='bbox 997 651 1346 728; x_wconf 87' lang='grc' dir='ltr'>βουλεύεσθαι</span> <span class='ocrx_word' id='word_1_32' title='bbox 1387 645 1682 717; x_wconf 76' lang='grc' dir='ltr'><strong>σωτηρίας.</strong></span> <span class='ocrx_word' id='word_1_33' title='bbox 1714 643 1876 697; x_wconf 84' lang='grc' dir='ltr'>Ὅθεν</span> <span class='ocrx_word' id='word_1_34' title='bbox 1899 642 2018 734; x_wconf 74' lang='grc' dir='ltr'>ἐπεὶ</span> <span class='ocrx_word' id='word_1_35' title='bbox 2042 642 2122 734; x_wconf 66' lang='grc' dir='ltr'><strong>τὰΔ</strong></span> <span class='ocrx_word' id='word_1_36' title='bbox 2155 642 2301 696; x_wconf 84' lang='grc' dir='ltr'>κατά</span> <span class='ocrx_word' id='word_1_37' title='bbox 2334 643 2435 713; x_wconf 83' lang='grc' dir='ltr'>τὴν</span> <span class='ocrx_word' id='word_1_38' title='bbox 2483 642 2806 713; x_wconf 81' lang='grc' dir='ltr'><strong>πολιορκίαν</strong></span> <span class='ocrx_word' id='word_1_39' title='bbox 2854 639 2952 711; x_wconf 81' lang='grc' dir='ltr'><strong>οὐχ</strong></span> <span class='ocrx_word' id='word_1_40' title='bbox 2968 639 3042 705; x_wconf 85' lang='grc' dir='ltr'>ὡς</span> <span class='ocrx_word' id='word_1_41' title='bbox 3097 640 3255 711; x_wconf 76' lang='grc' dir='ltr'>ᾤετο,</span> <span class='ocrx_word' id='word_1_42' title='bbox 3300 643 3633 714; x_wconf 79' lang='grc' dir='ltr'>στερρότερα</span> <span class='ocrx_word' id='word_1_43' title='bbox 3681 644 3739 697; x_wconf 75' lang='grc' dir='ltr'>δὲ</span> <span class='ocrx_word' id='word_1_44' title='bbox 3789 645 3824 715; x_wconf 75' lang='grc' dir='ltr'>ἢ</span> 
     </span>
    </p>
   </div>
   <div class='ocr_carea' id='block_1_6' title="bbox 543 731 3830 820">
    <p class='ocr_par' dir='ltr' id='par_1_6' title="bbox 543 731 3830 820">
     <span class='ocr_line' id='line_1_6' title="bbox 543 731 3830 820; baseline -0.006 -14"><span class='ocrx_word' id='word_1_45' title='bbox 543 731 690 806; x_wconf 78' lang='grc' dir='ltr'>κατὰ</span> <span class='ocrx_word' id='word_1_46' title='bbox 717 749 817 820; x_wconf 80' lang='grc' dir='ltr'>τὴν</span> <span class='ocrx_word' id='word_1_47' title='bbox 844 745 1039 800; x_wconf 77' lang='grc' dir='ltr'>ἑαυτοῦ</span> <span class='ocrx_word' id='word_1_48' title='bbox 1080 743 1307 813; x_wconf 83' lang='grc' dir='ltr'><strong>γνώμην</strong></span> <span class='ocrx_word' id='word_1_49' title='bbox 1346 740 1683 808; x_wconf 78' lang='grc' dir='ltr'>ἀπήντησεν.</span> <span class='ocrx_word' id='word_1_50' title='bbox 1722 734 1897 797; x_wconf 76' lang='grc' dir='ltr'>ἄλλως</span> <span class='ocrx_word' id='word_1_51' title='bbox 1938 732 1995 785; x_wconf 72' lang='grc' dir='ltr'>δὲ</span> <span class='ocrx_word' id='word_1_52' title='bbox 2040 731 2136 785; x_wconf 79' lang='grc' dir='ltr'><strong>καὶ</strong></span> <span class='ocrx_word' id='word_1_53' title='bbox 2174 734 2206 802; x_wconf 80' lang='grc' dir='ltr'>ἡ</span> <span class='ocrx_word' id='word_1_54' title='bbox 2243 731 2362 803; x_wconf 86' lang='grc' dir='ltr'>ὥρα</span> <span class='ocrx_word' id='word_1_55' title='bbox 2412 732 2743 805; x_wconf 77' lang='grc' dir='ltr'>δριμύτερον</span> <span class='ocrx_word' id='word_1_56' title='bbox 2795 732 3005 787; x_wconf 75' lang='grc' dir='ltr'><strong>ἐδείκνυ</strong></span> <span class='ocrx_word' id='word_1_57' title='bbox 3056 732 3150 786; x_wconf 74' lang='grc' dir='ltr'><strong>τὸν</strong></span> <span class='ocrx_word' id='word_1_58' title='bbox 3192 732 3403 803; x_wconf 79' lang='grc' dir='ltr'>καιρὸν,</span> <span class='ocrx_word' id='word_1_59' title='bbox 3464 734 3560 788; x_wconf 77' lang='grc' dir='ltr'><strong>άτε</strong></span> <span class='ocrx_word' id='word_1_60' title='bbox 3611 735 3675 804; x_wconf 84' lang='grc' dir='ltr'><strong>δὴ</strong></span> <span class='ocrx_word' id='word_1_61' title='bbox 3730 735 3830 790; x_wconf 82' lang='grc' dir='ltr'>καὶ</span> 
     </span>
    </p>
   </div>
   <div class='ocr_carea' id='block_1_7' title="bbox 542 823 3828 913">
    <p class='ocr_par' dir='ltr' id='par_1_7' title="bbox 542 823 3828 913">
     <span class='ocr_line' id='line_1_7' title="bbox 542 823 3828 913; baseline -0.007 -16"><span class='ocrx_word' id='word_1_62' title='bbox 542 842 810 913; x_wconf 73' lang='grc' dir='ltr'>χειμῶνος</span> <span class='ocrx_word' id='word_1_63' title='bbox 842 836 1233 905; x_wconf 66' lang='grc' dir='ltr'>ἐπιγενομένου</span> <span class='ocrx_word' id='word_1_64' title='bbox 1254 832 1359 886; x_wconf 71' lang='grc' dir='ltr'><strong>καὶ</strong></span> <span class='ocrx_word' id='word_1_65' title='bbox 1376 831 1477 901; x_wconf 83' lang='grc' dir='ltr'>τῆς</span> <span class='ocrx_word' id='word_1_66' title='bbox 1493 829 1717 901; x_wconf 83' lang='grc' dir='ltr'><strong>Θρᾴκης</strong></span> <span class='ocrx_word' id='word_1_67' title='bbox 1739 825 1850 880; x_wconf 88' lang='grc' dir='ltr'><strong>τῶν</strong></span> <span class='ocrx_word' id='word_1_68' title='bbox 1876 824 2053 881; x_wconf 84' lang='grc' dir='ltr'>ἀλλων</span> <span class='ocrx_word' id='word_1_69' title='bbox 2083 826 2129 858; x_wconf 76' lang='grc'>⁸⁸</span> <span class='ocrx_word' id='word_1_70' title='bbox 2163 823 2331 887; x_wconf 78' lang='grc' dir='ltr'>οὔσης</span> <span class='ocrx_word' id='word_1_71' title='bbox 2394 826 2775 897; x_wconf 78' lang='grc' dir='ltr'><strong>δυσχειμέρου,</strong></span> <span class='ocrx_word' id='word_1_72' title='bbox 2833 825 2926 878; x_wconf 75' lang='grc' dir='ltr'><strong>ἐπὶ</strong></span> <span class='ocrx_word' id='word_1_73' title='bbox 2970 827 3420 896; x_wconf 81' lang='grc' dir='ltr'>παραχειμασίαν</span> <span class='ocrx_word' id='word_1_74' title='bbox 3461 826 3674 898; x_wconf 78' lang='grc' dir='ltr'><strong>ἐτράπη</strong></span> <span class='ocrx_word' id='word_1_75' title='bbox 3730 831 3828 884; x_wconf 68' lang='grc' dir='ltr'>καὶ</span> 
     </span>
    </p>
   </div>
   <div class='ocr_carea' id='block_1_8' title="bbox 539 930 1415 1011">
    <p class='ocr_par' dir='ltr' id='par_1_8' title="bbox 539 930 1415 1011">
     <span class='ocr_line' id='line_1_8' title="bbox 539 930 1415 1011; baseline -0.013 -18"><span class='ocrx_word' id='word_1_76' title='bbox 539 941 640 1011; x_wconf 81' lang='grc' dir='ltr'>τὴν</span> <span class='ocrx_word' id='word_1_77' title='bbox 660 938 755 992; x_wconf 80' lang='grc' dir='ltr'><strong>τού</strong></span> <span class='ocrx_word' id='word_1_78' title='bbox 787 932 1021 1007; x_wconf 81' lang='grc' dir='ltr'>στρατοῦ</span> <span class='ocrx_word' id='word_1_79' title='bbox 1056 930 1415 1002; x_wconf 82' lang='grc' dir='ltr'>ἀνακομιδήν.</span> 
     </span>
    </p>
   </div>
   <div class='ocr_carea' id='block_1_9' title="bbox 613 1018 2133 1093">
    <p class='ocr_par' dir='ltr' id='par_1_9' title="bbox 613 1018 2133 1093">
     <span class='ocr_line' id='line_1_9' title="bbox 613 1018 2133 1093; baseline -0.01 -11"><span class='ocrx_word' id='word_1_80' title='bbox 613 1028 702 1083; x_wconf 75' lang='grc'><strong>15.</strong></span> <span class='ocrx_word' id='word_1_81' title='bbox 745 1025 884 1080; x_wconf 81' lang='lat' dir='ltr'><strong>Vere</strong></span> <span class='ocrx_word' id='word_1_82' title='bbox 933 1025 1118 1093; x_wconf 81' lang='lat' dir='ltr'><strong>itaque</strong></span> <span class='ocrx_word' id='word_1_83' title='bbox 1170 1021 1363 1077; x_wconf 88' lang='lat' dir='ltr'><strong>mitius</strong></span> <span class='ocrx_word' id='word_1_84' title='bbox 1404 1018 1754 1073; x_wconf 81' lang='lat' dir='ltr'><strong>illucescente</strong></span> <span class='ocrx_word' id='word_1_85' title='bbox 1812 1022 2133 1085; x_wconf 86' lang='lat' dir='ltr'><strong>turmasque</strong></span> 
     </span>
    </p>
   </div>
   <div class='ocr_carea' id='block_1_10' title="bbox 541 1098 2136 1178">
    <p class='ocr_par' dir='ltr' id='par_1_10' title="bbox 541 1108 2131 1178">
     <span class='ocr_line' id='line_1_10' title="bbox 541 1108 2131 1178; baseline -0.009 -3"><span class='ocrx_word' id='word_1_86' title='bbox 541 1120 811 1175; x_wconf 83' lang='lat' dir='ltr'><strong>militares</strong></span> <span class='ocrx_word' id='word_1_87' title='bbox 841 1117 1029 1172; x_wconf 80' lang='lat' dir='ltr'><strong>lustris</strong></span> <span class='ocrx_word' id='word_1_88' title='bbox 1056 1115 1173 1171; x_wconf 83' lang='lat' dir='ltr'><strong>suis</strong></span> <span class='ocrx_word' id='word_1_89' title='bbox 1208 1127 1274 1169; x_wconf 86' lang='lat' dir='ltr'><strong>ac</strong></span> <span class='ocrx_word' id='word_1_90' title='bbox 1303 1111 1552 1167; x_wconf 86' lang='lat' dir='ltr'><strong>latibulis</strong></span> <span class='ocrx_word' id='word_1_91' title='bbox 1586 1108 1849 1164; x_wconf 82' lang='lat' dir='ltr'><strong>excedere</strong></span> <span class='ocrx_word' id='word_1_92' title='bbox 1882 1116 2131 1178; x_wconf 80' lang='lat' dir='ltr'><strong>cogente,</strong></span> 
     </span>
    </p>
   </div>
   <div class='ocr_carea' id='block_1_11' title="bbox 2234 1098 3827 1178">
    <p class='ocr_par' dir='ltr' id='par_1_11' title="bbox 2235 1098 3827 1173">
     <span class='ocr_line' id='line_1_11' title="bbox 2235 1098 3827 1173; baseline -0.006 -15"><span class='ocrx_word' id='word_1_93' title='bbox 2235 1106 2326 1158; x_wconf 84' lang='grc' dir='ltr'>τὸν</span> <span class='ocrx_word' id='word_1_94' title='bbox 2357 1102 2700 1173; x_wconf 80' lang='grc' dir='ltr'>στρατιώτην</span> <span class='ocrx_word' id='word_1_95' title='bbox 2742 1100 2899 1171; x_wconf 77' lang='grc' dir='ltr'>ὄχλον</span> <span class='ocrx_word' id='word_1_96' title='bbox 2924 1098 3027 1163; x_wconf 82' lang='grc' dir='ltr'>τὰς</span> <span class='ocrx_word' id='word_1_97' title='bbox 3054 1099 3383 1163; x_wconf 82' lang='grc' dir='ltr'>καταδύσεις</span> <span class='ocrx_word' id='word_1_98' title='bbox 3417 1099 3512 1152; x_wconf 77' lang='grc' dir='ltr'>καὶ</span> <span class='ocrx_word' id='word_1_99' title='bbox 3535 1099 3827 1169; x_wconf 76' lang='grc' dir='ltr'>χηραμοὺς</span> 
     </span>
    </p>
   </div>
   <div class='ocr_carea' id='block_1_12' title="bbox 543 1188 2136 1281">
    <p class='ocr_par' dir='ltr' id='par_1_12' title="bbox 543 1199 2136 1281">
     <span class='ocr_line' id='line_1_12' title="bbox 543 1199 2136 1281; baseline -0.009 -15"><span class='ocrx_word' id='word_1_100' title='bbox 543 1212 806 1281; x_wconf 89' lang='lat' dir='ltr'><strong>utrinque</strong></span> <span class='ocrx_word' id='word_1_101' title='bbox 851 1223 1045 1263; x_wconf 83' lang='lat' dir='ltr'><strong>rursus</strong></span> <span class='ocrx_word' id='word_1_102' title='bbox 1095 1217 1240 1261; x_wconf 90' lang='lat' dir='ltr'><strong>terra</strong></span> <span class='ocrx_word' id='word_1_103' title='bbox 1283 1205 1534 1272; x_wconf 85' lang='lat' dir='ltr'><strong>marique</strong></span> <span class='ocrx_word' id='word_1_104' title='bbox 1576 1200 1935 1256; x_wconf 89' lang='lat' dir='ltr'><strong>adoriendam</strong></span> <span class='ocrx_word' id='word_1_105' title='bbox 1989 1199 2136 1254; x_wconf 82' lang='lat' dir='ltr'><strong>Con-</strong></span> 
     </span>
    </p>
   </div>
   <div class='ocr_carea' id='block_1_13' title="bbox 2234 1188 3830 1281">
    <p class='ocr_par' dir='ltr' id='par_1_13' title="bbox 2236 1188 3830 1263">
     <span class='ocr_line' id='line_1_13' title="bbox 2236 1188 3830 1263; baseline -0.004 -14"><span class='ocrx_word' id='word_1_106' title='bbox 2236 1195 2562 1249; x_wconf 83' lang='grc' dir='ltr'>καταλιπεϊν</span> <span class='ocrx_word' id='word_1_107' title='bbox 2614 1192 2989 1258; x_wconf 80' lang='grc' dir='ltr'>ὲκδιάζοντος,</span> <span class='ocrx_word' id='word_1_108' title='bbox 3041 1190 3439 1263; x_wconf 80' lang='grc' dir='ltr'>ἀμφοτέρωθεν</span> <span class='ocrx_word' id='word_1_109' title='bbox 3496 1188 3653 1254; x_wconf 83' lang='grc' dir='ltr'>αὖθις</span> <span class='ocrx_word' id='word_1_110' title='bbox 3683 1192 3830 1244; x_wconf 78' lang='grc' dir='ltr'>κατὰ</span> 
     </span>
    </p>
   </div>
   <div class='ocr_carea' id='block_1_14' title="bbox 544 1281 2136 1367">
    <p class='ocr_par' dir='ltr' id='par_1_14' title="bbox 544 1291 2133 1367">
     <span class='ocr_line' id='line_1_14' title="bbox 544 1291 2133 1367; baseline -0.009 -7"><span class='ocrx_word' id='word_1_111' title='bbox 544 1301 776 1360; x_wconf 75' lang='lat' dir='ltr'><strong>Stantini</strong></span> <span class='ocrx_word' id='word_1_112' title='bbox 846 1299 1043 1354; x_wconf 88' lang='lat' dir='ltr'><strong>urbem</strong></span> <span class='ocrx_word' id='word_1_113' title='bbox 1103 1297 1334 1367; x_wconf 83' lang='lat' dir='ltr'><strong>putavit.</strong></span> <span class='ocrx_word' id='word_1_114' title='bbox 1389 1292 1577 1364; x_wconf 87' lang='lat' dir='ltr'><strong>Neque</strong></span> <span class='ocrx_word' id='word_1_115' title='bbox 1626 1308 1759 1347; x_wconf 89' lang='lat' dir='ltr'><strong>vero</strong></span> <span class='ocrx_word' id='word_1_116' title='bbox 1817 1291 2133 1346; x_wconf 83' lang='lat' dir='ltr'><strong>Michaelem</strong></span> 
     </span>
    </p>
   </div>
   <div class='ocr_carea' id='block_1_15' title="bbox 2234 1281 3825 1367">
    <p class='ocr_par' dir='ltr' id='par_1_15' title="bbox 2236 1281 3825 1359">
     <span class='ocr_line' id='line_1_15' title="bbox 2236 1281 3825 1359; baseline -0.004 -18"><span class='ocrx_word' id='word_1_117' title='bbox 2236 1289 2344 1359; x_wconf 85' lang='grc' dir='ltr'>γῆν</span> <span class='ocrx_word' id='word_1_118' title='bbox 2371 1304 2430 1341; x_wconf 90' lang='grc' dir='ltr'><strong>τε</strong></span> <span class='ocrx_word' id='word_1_119' title='bbox 2477 1286 2575 1340; x_wconf 83' lang='grc' dir='ltr'>καὶ</span> <span class='ocrx_word' id='word_1_120' title='bbox 2604 1284 2747 1340; x_wconf 86' lang='grc' dir='ltr'>κατὰ</span> <span class='ocrx_word' id='word_1_121' title='bbox 2782 1284 3056 1338; x_wconf 85' lang='grc' dir='ltr'>θάλατταν</span> <span class='ocrx_word' id='word_1_122' title='bbox 3109 1283 3294 1354; x_wconf 78' lang='grc' dir='ltr'>ἔκρινε</span> <span class='ocrx_word' id='word_1_123' title='bbox 3344 1281 3710 1354; x_wconf 75' lang='grc' dir='ltr'>προσϐάλλειν</span> <span class='ocrx_word' id='word_1_124' title='bbox 3756 1284 3825 1353; x_wconf 84' lang='grc' dir='ltr'>τῇ</span> 
     </span>
    </p>
   </div>
   <div class='ocr_carea' id='block_1_16' title="bbox 545 1378 2136 1466">
    <p class='ocr_par' dir='ltr' id='par_1_16' title="bbox 545 1384 2133 1466">
     <span class='ocr_line' id='line_1_16' title="bbox 545 1384 2133 1466; baseline -0.01 -14"><span class='ocrx_word' id='word_1_125' title='bbox 545 1396 761 1466; x_wconf 88' lang='lat' dir='ltr'><strong>qualem</strong></span> <span class='ocrx_word' id='word_1_126' title='bbox 797 1402 978 1454; x_wconf 89' lang='lat' dir='ltr'><strong>antea,</strong></span> <span class='ocrx_word' id='word_1_127' title='bbox 1033 1390 1126 1445; x_wconf 91' lang='lat' dir='ltr'><strong>sed</strong></span> <span class='ocrx_word' id='word_1_128' title='bbox 1158 1389 1271 1458; x_wconf 92' lang='lat' dir='ltr'><strong>jam</strong></span> <span class='ocrx_word' id='word_1_129' title='bbox 1326 1398 1381 1442; x_wconf 88' lang='lat' dir='ltr'><strong>et</strong></span> <span class='ocrx_word' id='word_1_130' title='bbox 1423 1386 1777 1441; x_wconf 83' lang='lat' dir='ltr'><strong>terrestribus</strong></span> <span class='ocrx_word' id='word_1_131' title='bbox 1806 1384 2133 1453; x_wconf 83' lang='lat' dir='ltr'><strong>quibusdam</strong></span> 
     </span>
    </p>
   </div>
   <div class='ocr_carea' id='block_1_17' title="bbox 2234 1378 3828 1466">
    <p class='ocr_par' dir='ltr' id='par_1_17' title="bbox 2242 1378 3828 1451">
     <span class='ocr_line' id='line_1_17' title="bbox 2242 1378 3828 1451; baseline -0.003 -15"><span class='ocrx_word' id='word_1_132' title='bbox 2242 1380 2676 1436; x_wconf 84' lang='grc' dir='ltr'>Κωνσταντίνου.</span> <span class='ocrx_word' id='word_1_133' title='bbox 2745 1379 2888 1435; x_wconf 85' lang='grc' dir='ltr'>Ἀλλ’</span> <span class='ocrx_word' id='word_1_134' title='bbox 2937 1379 3037 1451; x_wconf 73' lang='grc' dir='ltr'>ἤδη</span> <span class='ocrx_word' id='word_1_135' title='bbox 3088 1379 3181 1432; x_wconf 85' lang='grc' dir='ltr'><strong>τὸν</strong></span> <span class='ocrx_word' id='word_1_136' title='bbox 3241 1378 3464 1449; x_wconf 84' lang='grc' dir='ltr'>Μιχαὴλ</span> <span class='ocrx_word' id='word_1_137' title='bbox 3489 1378 3589 1448; x_wconf 79' lang='grc' dir='ltr'><strong>οὐχ</strong></span> <span class='ocrx_word' id='word_1_138' title='bbox 3636 1378 3714 1442; x_wconf 79' lang='grc' dir='ltr'>ὡς</span> <span class='ocrx_word' id='word_1_139' title='bbox 3764 1378 3828 1431; x_wconf 75' lang='grc' dir='ltr'>τὸ</span> 
     </span>
    </p>
   </div>
   <div class='ocr_carea' id='block_1_18' title="bbox 543 1470 2136 1551">
    <p class='ocr_par' dir='ltr' id='par_1_18' title="bbox 543 1475 2136 1551">
     <span class='ocr_line' id='line_1_18' title="bbox 543 1475 2136 1551; baseline -0.008 -8"><span class='ocrx_word' id='word_1_140' title='bbox 543 1498 599 1543; x_wconf 88' lang='lat' dir='ltr'><strong>et</strong></span> <span class='ocrx_word' id='word_1_141' title='bbox 624 1485 911 1542; x_wconf 83' lang='lat' dir='ltr'><strong>navalibus</strong></span> <span class='ocrx_word' id='word_1_142' title='bbox 930 1482 1104 1551; x_wconf 85' lang='lat' dir='ltr'><strong>copiis</strong></span> <span class='ocrx_word' id='word_1_143' title='bbox 1128 1482 1456 1535; x_wconf 76' lang='lat' dir='ltr'><strong>instructum</strong></span> <span class='ocrx_word' id='word_1_144' title='bbox 1477 1477 1704 1532; x_wconf 78' lang='lat' dir='ltr'><strong>invenit.</strong></span> <span class='ocrx_word' id='word_1_145' title='bbox 1729 1476 1948 1532; x_wconf 76' lang='lat' dir='ltr'><strong>Rursus</strong></span> <span class='ocrx_word' id='word_1_146' title='bbox 1969 1475 2136 1547; x_wconf 89' lang='lat' dir='ltr'><strong>igitur</strong></span> 
     </span>
    </p>
   </div>
   <div class='ocr_carea' id='block_1_19' title="bbox 2234 1470 3827 1551">
    <p class='ocr_par' dir='ltr' id='par_1_19' title="bbox 2243 1470 3827 1546">
     <span class='ocr_line' id='line_1_19' title="bbox 2243 1470 3827 1546; baseline -0.001 -19"><span class='ocrx_word' id='word_1_147' title='bbox 2243 1474 2533 1546; x_wconf 90' lang='grc' dir='ltr'>πρότερον,</span> <span class='ocrx_word' id='word_1_148' title='bbox 2566 1474 2691 1543; x_wconf 85' lang='grc' dir='ltr'>ἀρτι</span> <span class='ocrx_word' id='word_1_149' title='bbox 2722 1472 2780 1527; x_wconf 85' lang='grc' dir='ltr'>δὲ</span> <span class='ocrx_word' id='word_1_150' title='bbox 2816 1474 3215 1543; x_wconf 83' lang='grc' dir='ltr'>στρατιωτικήν</span> <span class='ocrx_word' id='word_1_151' title='bbox 3250 1489 3371 1527; x_wconf 89' lang='grc' dir='ltr'>τινα</span> <span class='ocrx_word' id='word_1_152' title='bbox 3407 1473 3641 1543; x_wconf 82' lang='grc' dir='ltr'>δύναμιν</span> <span class='ocrx_word' id='word_1_153' title='bbox 3673 1470 3827 1543; x_wconf 77' lang='grc' dir='ltr'>εὔρι-</span> 
     </span>
    </p>
   </div>
   <div class='ocr_carea' id='block_1_20' title="bbox 543 1563 2136 1643">
    <p class='ocr_par' dir='ltr' id='par_1_20' title="bbox 543 1566 2135 1643">
     <span class='ocr_line' id='line_1_20' title="bbox 543 1566 2135 1643; baseline -0.008 -10"><span class='ocrx_word' id='word_1_154' title='bbox 543 1578 791 1632; x_wconf 83' lang='lat' dir='ltr'><strong>eamdem</strong></span> <span class='ocrx_word' id='word_1_155' title='bbox 836 1582 1048 1643; x_wconf 88' lang='lat' dir='ltr'><strong>partem</strong></span> <span class='ocrx_word' id='word_1_156' title='bbox 1091 1586 1257 1641; x_wconf 90' lang='lat' dir='ltr'><strong>quam</strong></span> <span class='ocrx_word' id='word_1_157' title='bbox 1299 1571 1478 1639; x_wconf 88' lang='lat' dir='ltr'><strong>prius,</strong></span> <span class='ocrx_word' id='word_1_158' title='bbox 1520 1568 1701 1622; x_wconf 89' lang='lat' dir='ltr'><strong>sinum</strong></span> <span class='ocrx_word' id='word_1_159' title='bbox 1757 1566 1966 1621; x_wconf 88' lang='lat' dir='ltr'><strong>scilicet</strong></span> <span class='ocrx_word' id='word_1_160' title='bbox 2010 1566 2135 1621; x_wconf 83' lang='lat' dir='ltr'><strong>Bla-</strong></span> 
     </span>
    </p>
   </div>
   <div class='ocr_carea' id='block_1_21' title="bbox 2234 1563 3827 1643">
    <p class='ocr_par' dir='ltr' id='par_1_21' title="bbox 2245 1563 3827 1635">
     <span class='ocr_line' id='line_1_21' title="bbox 2245 1563 3827 1635; baseline -0.003 -14"><span class='ocrx_word' id='word_1_161' title='bbox 2245 1584 2343 1621; x_wconf 81' lang='grc' dir='ltr'><strong>σκε</strong></span> <span class='ocrx_word' id='word_1_162' title='bbox 2375 1566 2793 1635; x_wconf 85' lang='grc' dir='ltr'>συλλεξάμενον,</span> <span class='ocrx_word' id='word_1_163' title='bbox 2833 1566 2928 1619; x_wconf 75' lang='grc' dir='ltr'><strong>καὶ</strong></span> <span class='ocrx_word' id='word_1_164' title='bbox 2948 1566 3090 1619; x_wconf 87' lang='grc' dir='ltr'>κατὰ</span> <span class='ocrx_word' id='word_1_165' title='bbox 3121 1564 3394 1619; x_wconf 88' lang='grc' dir='ltr'>θάλατταν</span> <span class='ocrx_word' id='word_1_166' title='bbox 3414 1564 3582 1634; x_wconf 86' lang='grc' dir='ltr'>ἀλλην</span> <span class='ocrx_word' id='word_1_167' title='bbox 3609 1563 3673 1634; x_wconf 84' lang='grc' dir='ltr'>δὴ</span> <span class='ocrx_word' id='word_1_168' title='bbox 3692 1581 3827 1617; x_wconf 79' lang='grc' dir='ltr'>ναυ-</span> 
     </span>
    </p>
   </div>
   <div class='ocr_carea' id='block_1_22' title="bbox 544 1656 2136 1734">
    <p class='ocr_par' dir='ltr' id='par_1_22' title="bbox 544 1658 2136 1734">
     <span class='ocr_line' id='line_1_22' title="bbox 544 1658 2136 1734; baseline -0.009 -9"><span class='ocrx_word' id='word_1_169' title='bbox 544 1671 927 1733; x_wconf 89' lang='lat' dir='ltr'><strong>ehernensem,</strong></span> <span class='ocrx_word' id='word_1_170' title='bbox 963 1665 1266 1734; x_wconf 90' lang='lat' dir='ltr'><strong>eodemque</strong></span> <span class='ocrx_word' id='word_1_171' title='bbox 1287 1669 1549 1731; x_wconf 87' lang='lat' dir='ltr'><strong>apparatu</strong></span> <span class='ocrx_word' id='word_1_172' title='bbox 1579 1658 1920 1731; x_wconf 77' lang='lat' dir='ltr'><strong>aggreditur.</strong></span> <span class='ocrx_word' id='word_1_173' title='bbox 1953 1658 2136 1713; x_wconf 88' lang='lat' dir='ltr'><strong>Prima</strong></span> 
     </span>
    </p>
   </div>
   <div class='ocr_carea' id='block_1_23' title="bbox 2234 1656 3829 1734">
    <p class='ocr_par' dir='ltr' id='par_1_23' title="bbox 2242 1656 3829 1728">
     <span class='ocr_line' id='line_1_23' title="bbox 2242 1656 3829 1728; baseline -0.001 -15"><span class='ocrx_word' id='word_1_174' title='bbox 2242 1661 2425 1728; x_wconf 87' lang='grc' dir='ltr'>τικήν.</span> <span class='ocrx_word' id='word_1_175' title='bbox 2457 1660 2594 1713; x_wconf 87' lang='grc' dir='ltr'>Κατ’</span> <span class='ocrx_word' id='word_1_176' title='bbox 2628 1661 2805 1712; x_wconf 78' lang='grc' dir='ltr'>ἐκεῖνο</span> <span class='ocrx_word' id='word_1_177' title='bbox 2831 1656 2964 1727; x_wconf 80' lang='grc' dir='ltr'>γοῦν</span> <span class='ocrx_word' id='word_1_178' title='bbox 2991 1658 3154 1711; x_wconf 83' lang='grc' dir='ltr'>πάλιν</span> <span class='ocrx_word' id='word_1_179' title='bbox 3182 1659 3271 1728; x_wconf 77' lang='grc' dir='ltr'>ᾔει</span> <span class='ocrx_word' id='word_1_180' title='bbox 3299 1658 3363 1712; x_wconf 82' lang='grc' dir='ltr'>τὸ</span> <span class='ocrx_word' id='word_1_181' title='bbox 3402 1659 3572 1727; x_wconf 82' lang='grc' dir='ltr'>μέρος</span> <span class='ocrx_word' id='word_1_182' title='bbox 3598 1657 3829 1712; x_wconf 75' lang='grc' dir='ltr'>ὁπλισάιι</span> 
     </span>
    </p>
   </div>
   <div class='ocr_carea' id='block_1_24' title="bbox 545 1744 2136 1832">
    <p class='ocr_par' dir='ltr' id='par_1_24' title="bbox 545 1746 2135 1832">
     <span class='ocr_line' id='line_1_24' title="bbox 545 1746 2135 1832; baseline -0.008 -19"><span class='ocrx_word' id='word_1_183' title='bbox 545 1756 732 1827; x_wconf 83' lang='lat' dir='ltr'><strong>itaque</strong></span> <span class='ocrx_word' id='word_1_184' title='bbox 784 1754 928 1818; x_wconf 90' lang='lat' dir='ltr'><strong>luce,</strong></span> <span class='ocrx_word' id='word_1_185' title='bbox 964 1754 1092 1808; x_wconf 90' lang='lat' dir='ltr'><strong>data</strong></span> <span class='ocrx_word' id='word_1_186' title='bbox 1139 1750 1419 1821; x_wconf 85' lang='lat' dir='ltr'><strong>pugnandi</strong></span> <span class='ocrx_word' id='word_1_187' title='bbox 1472 1758 1698 1813; x_wconf 86' lang='lat' dir='ltr'><strong>tessera,</strong></span> <span class='ocrx_word' id='word_1_188' title='bbox 1744 1763 1810 1802; x_wconf 88' lang='lat' dir='ltr'><strong>ac</strong></span> <span class='ocrx_word' id='word_1_189' title='bbox 1858 1748 1990 1804; x_wconf 89' lang='lat' dir='ltr'><strong>dum</strong></span> <span class='ocrx_word' id='word_1_190' title='bbox 2019 1746 2135 1832; x_wconf 79' lang='lat' dir='ltr'><strong>jam</strong></span> 
     </span>
    </p>
   </div>
   <div class='ocr_carea' id='block_1_25' title="bbox 2234 1744 3824 1832">
    <p class='ocr_par' dir='ltr' id='par_1_25' title="bbox 2248 1744 3824 1822">
     <span class='ocr_line' id='line_1_25' title="bbox 2248 1744 3824 1822; baseline 0.001 -20"><span class='ocrx_word' id='word_1_191' title='bbox 2248 1768 2407 1820; x_wconf 89' lang='grc' dir='ltr'>μενος</span> <span class='ocrx_word' id='word_1_192' title='bbox 2499 1751 2593 1805; x_wconf 71' lang='grc' dir='ltr'>καὶ</span> <span class='ocrx_word' id='word_1_193' title='bbox 2628 1751 2916 1821; x_wconf 88' lang='grc' dir='ltr'>πρότερον,</span> <span class='ocrx_word' id='word_1_194' title='bbox 2970 1749 3063 1803; x_wconf 82' lang='grc' dir='ltr'>τὸν</span> <span class='ocrx_word' id='word_1_195' title='bbox 3092 1749 3294 1804; x_wconf 82' lang='grc' dir='ltr'>κόλπον</span> <span class='ocrx_word' id='word_1_196' title='bbox 3343 1750 3452 1803; x_wconf 91' lang='grc' dir='ltr'><strong>τῶν</strong></span> <span class='ocrx_word' id='word_1_197' title='bbox 3481 1749 3824 1819; x_wconf 87' lang='grc' dir='ltr'>Βλαχερνῶν.</span> 
     </span>
    </p>
   </div>
   <div class='ocr_carea' id='block_1_26' title="bbox 546 1839 2136 1914">
    <p class='ocr_par' dir='ltr' id='par_1_26' title="bbox 546 1840 2136 1914">
     <span class='ocr_line' id='line_1_26' title="bbox 546 1840 2136 1914; baseline -0.005 -13"><span class='ocrx_word' id='word_1_198' title='bbox 546 1849 975 1905; x_wconf 81' lang='lat' dir='ltr'><strong>Blacbernenses</strong></span> <span class='ocrx_word' id='word_1_199' title='bbox 1003 1844 1149 1900; x_wconf 90' lang='lat' dir='ltr'><strong>muri</strong></span> <span class='ocrx_word' id='word_1_200' title='bbox 1185 1843 1467 1914; x_wconf 88' lang='lat' dir='ltr'><strong>quatiendl</strong></span> <span class='ocrx_word' id='word_1_201' title='bbox 1493 1852 1701 1905; x_wconf 89' lang='lat' dir='ltr'><strong>essent,</strong></span> <span class='ocrx_word' id='word_1_202' title='bbox 1733 1840 1962 1897; x_wconf 84' lang='lat' dir='ltr'><strong>Michael</strong></span> <span class='ocrx_word' id='word_1_203' title='bbox 1987 1857 2019 1897; x_wconf 88' lang='lat' dir='ltr'><strong>e</strong></span> <span class='ocrx_word' id='word_1_204' title='bbox 2046 1856 2136 1897; x_wconf 89' lang='lat' dir='ltr'><strong>su-</strong></span> 
     </span>
    </p>
   </div>
   <div class='ocr_carea' id='block_1_27' title="bbox 2234 1839 3829 1914">
    <p class='ocr_par' dir='ltr' id='par_1_27' title="bbox 2247 1839 3829 1913">
     <span class='ocr_line' id='line_1_27' title="bbox 2247 1839 3829 1913; baseline -0.001 -18"><span class='ocrx_word' id='word_1_205' title='bbox 2247 1842 2337 1906; x_wconf 79' lang='grc' dir='ltr'>Ὠς</span> <span class='ocrx_word' id='word_1_206' title='bbox 2366 1839 2460 1896; x_wconf 81' lang='grc' dir='ltr'>οὗν</span> <span class='ocrx_word' id='word_1_207' title='bbox 2484 1842 2668 1913; x_wconf 80' lang='grc' dir='ltr'>ἡμέρα</span> <span class='ocrx_word' id='word_1_208' title='bbox 2691 1842 3015 1912; x_wconf 79' lang='grc' dir='ltr'>ὑπέλαμπεν</span> <span class='ocrx_word' id='word_1_209' title='bbox 3048 1843 3138 1896; x_wconf 77' lang='grc' dir='ltr'><strong>καὶ</strong></span> <span class='ocrx_word' id='word_1_210' title='bbox 3169 1843 3230 1897; x_wconf 85' lang='grc' dir='ltr'><strong>τὸ</strong></span> <span class='ocrx_word' id='word_1_211' title='bbox 3263 1841 3515 1913; x_wconf 90' lang='grc' dir='ltr'>σύνθημα</span> <span class='ocrx_word' id='word_1_212' title='bbox 3543 1842 3743 1896; x_wconf 78' lang='grc' dir='ltr'>ἐδίδοτο</span> <span class='ocrx_word' id='word_1_213' title='bbox 3764 1840 3829 1894; x_wconf 71' lang='grc' dir='ltr'>τὸ</span> 
     </span>
    </p>
   </div>
   <div class='ocr_carea' id='block_1_28' title="bbox 546 1932 2136 2011">
    <p class='ocr_par' dir='ltr' id='par_1_28' title="bbox 546 1934 2136 2011">
     <span class='ocr_line' id='line_1_28' title="bbox 546 1934 2136 2011; baseline -0.006 -15"><span class='ocrx_word' id='word_1_214' title='bbox 546 1942 750 2011; x_wconf 89' lang='lat' dir='ltr'><strong>periori</strong></span> <span class='ocrx_word' id='word_1_215' title='bbox 786 1954 948 1994; x_wconf 91' lang='lat' dir='ltr'><strong>muro</strong></span> <span class='ocrx_word' id='word_1_216' title='bbox 978 1938 1247 2008; x_wconf 85' lang='lat' dir='ltr'><strong>quosdam</strong></span> <span class='ocrx_word' id='word_1_217' title='bbox 1298 1934 1615 2006; x_wconf 86' lang='lat' dir='ltr'><strong>alloquendi</strong></span> <span class='ocrx_word' id='word_1_218' title='bbox 1658 1934 2002 1990; x_wconf 86' lang='lat' dir='ltr'><strong>occasionem</strong></span> <span class='ocrx_word' id='word_1_219' title='bbox 2038 1948 2136 1988; x_wconf 91' lang='lat' dir='ltr'><strong>na-</strong></span> 
     </span>
    </p>
   </div>
   <div class='ocr_carea' id='block_1_29' title="bbox 2234 1932 3826 2011">
    <p class='ocr_par' dir='ltr' id='par_1_29' title="bbox 2239 1932 3826 2005">
     <span class='ocr_line' id='line_1_29' title="bbox 2239 1932 3826 2005; baseline -0.001 -18"><span class='ocrx_word' id='word_1_220' title='bbox 2239 1933 2535 2004; x_wconf 85' lang='grc' dir='ltr'>πολεμικὺν</span> <span class='ocrx_word' id='word_1_221' title='bbox 2598 1935 2690 1987; x_wconf 73' lang='grc' dir='ltr'><strong>καὶ</strong></span> <span class='ocrx_word' id='word_1_222' title='bbox 2751 1936 2930 2005; x_wconf 83' lang='grc' dir='ltr'>τεῖχος</span> <span class='ocrx_word' id='word_1_223' title='bbox 2959 1933 3153 2004; x_wconf 77' lang='grc' dir='ltr'>ἔμελλε</span> <span class='ocrx_word' id='word_1_224' title='bbox 3201 1934 3515 1988; x_wconf 74' lang='grc' dir='ltr'>κατασείειν</span> <span class='ocrx_word' id='word_1_225' title='bbox 3548 1933 3658 1987; x_wconf 90' lang='grc' dir='ltr'><strong>τῶν</strong></span> <span class='ocrx_word' id='word_1_226' title='bbox 3686 1932 3826 1986; x_wconf 86' lang='grc' dir='ltr'>Βλα-</span> 
     </span>
    </p>
   </div>
   <div class='ocr_carea' id='block_1_30' title="bbox 544 2026 2136 2102">
    <p class='ocr_par' dir='ltr' id='par_1_30' title="bbox 544 2026 2136 2096">
     <span class='ocr_line' id='line_1_30' title="bbox 544 2026 2136 2096; baseline -0.006 -7"><span class='ocrx_word' id='word_1_227' title='bbox 544 2045 671 2090; x_wconf 87' lang='lat' dir='ltr'><strong>ctus</strong></span> <span class='ocrx_word' id='word_1_228' title='bbox 703 2033 974 2087; x_wconf 90' lang='lat' dir='ltr'><strong>malorum</strong></span> <span class='ocrx_word' id='word_1_229' title='bbox 1011 2030 1349 2085; x_wconf 79' lang='lat' dir='ltr'><strong>oblivionem</strong></span> <span class='ocrx_word' id='word_1_230' title='bbox 1383 2028 1666 2096; x_wconf 85' lang='lat' dir='ltr'><strong>multaque</strong></span> <span class='ocrx_word' id='word_1_231' title='bbox 1709 2027 1790 2082; x_wconf 88' lang='lat' dir='ltr'><strong>eis</strong></span> <span class='ocrx_word' id='word_1_232' title='bbox 1836 2027 1980 2083; x_wconf 86' lang='lat' dir='ltr'><strong>bona</strong></span> <span class='ocrx_word' id='word_1_233' title='bbox 2017 2026 2136 2081; x_wconf 85' lang='lat' dir='ltr'><strong>eol-</strong></span> 
     </span>
    </p>
   </div>
   <div class='ocr_carea' id='block_1_31' title="bbox 2234 2026 3827 2102">
    <p class='ocr_par' dir='ltr' id='par_1_31' title="bbox 2239 2026 3827 2102">
     <span class='ocr_line' id='line_1_31' title="bbox 2239 2026 3827 2102; baseline 0 -19"><span class='ocrx_word' id='word_1_234' title='bbox 2239 2029 2466 2101; x_wconf 87' lang='grc' dir='ltr'>χερνῶν,</span> <span class='ocrx_word' id='word_1_235' title='bbox 2485 2032 2564 2093; x_wconf 83' lang='grc' dir='ltr'><strong>είς</strong></span> <span class='ocrx_word' id='word_1_236' title='bbox 2595 2029 2789 2099; x_wconf 82' lang='grc' dir='ltr'>λόγους</span> <span class='ocrx_word' id='word_1_237' title='bbox 2818 2031 2882 2102; x_wconf 88' lang='grc' dir='ltr'>δή</span> <span class='ocrx_word' id='word_1_238' title='bbox 2907 2047 3048 2084; x_wconf 89' lang='grc' dir='ltr'>τισιν</span> <span class='ocrx_word' id='word_1_239' title='bbox 3087 2030 3153 2083; x_wconf 76' lang='grc' dir='ltr'>ἐκ</span> <span class='ocrx_word' id='word_1_240' title='bbox 3176 2027 3270 2082; x_wconf 79' lang='grc' dir='ltr'>τοῦ</span> <span class='ocrx_word' id='word_1_241' title='bbox 3301 2026 3412 2081; x_wconf 89' lang='grc' dir='ltr'><strong>τῶν</strong></span> <span class='ocrx_word' id='word_1_242' title='bbox 3435 2026 3633 2098; x_wconf 84' lang='grc' dir='ltr'>τειχῶν</span> <span class='ocrx_word' id='word_1_243' title='bbox 3664 2041 3827 2096; x_wconf 74' lang='grc' dir='ltr'>μετο-</span> 
     </span>
    </p>
   </div>
   <div class='ocr_carea' id='block_1_32' title="bbox 2307 981 3827 1079">
    <p class='ocr_par' dir='ltr' id='par_1_32' title="bbox 2307 981 3827 1079">
     <span class='ocr_line' id='line_1_32' title="bbox 2307 981 3827 1079; baseline -0.007 -14"><span class='ocrx_word' id='word_1_244' title='bbox 2307 981 2564 1079; x_wconf 38' lang='grc' dir='ltr'>ιε’.’Ἦδη</span> <span class='ocrx_word' id='word_1_245' title='bbox 2594 1008 2649 1061; x_wconf 82' lang='grc' dir='ltr'>δὲ</span> <span class='ocrx_word' id='word_1_246' title='bbox 2681 1006 2775 1061; x_wconf 81' lang='grc' dir='ltr'>τοῦ</span> <span class='ocrx_word' id='word_1_247' title='bbox 2827 1004 2985 1076; x_wconf 76' lang='grc' dir='ltr'>ἔαρος</span> <span class='ocrx_word' id='word_1_248' title='bbox 3028 1006 3239 1077; x_wconf 76' lang='grc' dir='ltr'>ἥμερον</span> <span class='ocrx_word' id='word_1_249' title='bbox 3283 1004 3686 1077; x_wconf 79' lang='grc' dir='ltr'>ὲπιλάμποντος</span> <span class='ocrx_word' id='word_1_250' title='bbox 3731 1002 3827 1060; x_wconf 77' lang='grc' dir='ltr'>καὶ</span> 
     </span>
    </p>
   </div>
   <div class='ocr_carea' id='block_1_33' title="bbox 547 2118 2140 2192">
    <p class='ocr_par' dir='ltr' id='par_1_33' title="bbox 547 2118 2140 2192">
     <span class='ocr_line' id='line_1_33' title="bbox 547 2118 2140 2192; baseline -0.005 -13"><span class='ocrx_word' id='word_1_251' title='bbox 547 2128 790 2179; x_wconf 87' lang='lat' dir='ltr'><strong>laturum</strong></span> <span class='ocrx_word' id='word_1_252' title='bbox 836 2124 1152 2192; x_wconf 87' lang='lat' dir='ltr'><strong>pollicetur,</strong></span> <span class='ocrx_word' id='word_1_253' title='bbox 1186 2120 1233 2175; x_wconf 92' lang='lat' dir='ltr'><strong>si</strong></span> <span class='ocrx_word' id='word_1_254' title='bbox 1266 2118 1430 2175; x_wconf 87' lang='lat' dir='ltr'><strong>modo</strong></span> <span class='ocrx_word' id='word_1_255' title='bbox 1470 2118 1703 2173; x_wconf 89' lang='lat' dir='ltr'><strong>consilio</strong></span> <span class='ocrx_word' id='word_1_256' title='bbox 1742 2124 1951 2173; x_wconf 88' lang='lat' dir='ltr'><strong>mutato</strong></span> <span class='ocrx_word' id='word_1_257' title='bbox 1980 2118 2048 2172; x_wconf 89' lang='lat' dir='ltr'><strong>ad</strong></span> <span class='ocrx_word' id='word_1_258' title='bbox 2081 2132 2140 2172; x_wconf 90' lang='lat' dir='ltr'><strong>se</strong></span> 
     </span>
    </p>
   </div>
   <div class='ocr_carea' id='block_1_34' title="bbox 547 2208 2139 2281">
    <p class='ocr_par' dir='ltr' id='par_1_34' title="bbox 547 2208 2139 2281">
     <span class='ocr_line' id='line_1_34' title="bbox 547 2208 2139 2281; baseline -0.006 -8"><span class='ocrx_word' id='word_1_259' title='bbox 547 2217 874 2273; x_wconf 75' lang='lat' dir='ltr'><strong>transierint</strong></span> <span class='ocrx_word' id='word_1_260' title='bbox 924 2229 1027 2269; x_wconf 89' lang='lat' dir='ltr'><strong>nec</strong></span> <span class='ocrx_word' id='word_1_261' title='bbox 1066 2213 1265 2267; x_wconf 87' lang='lat' dir='ltr'><strong>civium</strong></span> <span class='ocrx_word' id='word_1_262' title='bbox 1314 2210 1659 2281; x_wconf 78' lang='lat' dir='ltr'><strong>fratrumque</strong></span> <span class='ocrx_word' id='word_1_263' title='bbox 1700 2226 1899 2267; x_wconf 85' lang='lat' dir='ltr'><strong>cruore</strong></span> <span class='ocrx_word' id='word_1_264' title='bbox 1944 2208 2139 2266; x_wconf 78' lang='lat' dir='ltr'><strong>foedari</strong></span> 
     </span>
    </p>
   </div>
   <div class='ocr_carea' id='block_1_35' title="bbox 545 2301 2137 2374">
    <p class='ocr_par' dir='ltr' id='par_1_35' title="bbox 545 2301 2137 2374">
     <span class='ocr_line' id='line_1_35' title="bbox 545 2301 2137 2374; baseline -0.006 -10"><span class='ocrx_word' id='word_1_265' title='bbox 545 2309 602 2364; x_wconf 89' lang='lat' dir='ltr'><strong>in</strong></span> <span class='ocrx_word' id='word_1_266' title='bbox 627 2310 870 2363; x_wconf 90' lang='lat' dir='ltr'><strong>animum</strong></span> <span class='ocrx_word' id='word_1_267' title='bbox 899 2303 1236 2359; x_wconf 85' lang='lat' dir='ltr'><strong>induxerint.</strong></span> <span class='ocrx_word' id='word_1_268' title='bbox 1262 2304 1372 2374; x_wconf 73' lang='lat'><strong>62</strong></span> <span class='ocrx_word' id='word_1_269' title='bbox 1404 2302 1516 2357; x_wconf 84' lang='lat' dir='ltr'><strong>Hos</strong></span> <span class='ocrx_word' id='word_1_270' title='bbox 1537 2302 1828 2357; x_wconf 82' lang='lat' dir='ltr'><strong>enimvero</strong></span> <span class='ocrx_word' id='word_1_271' title='bbox 1850 2302 1905 2355; x_wconf 93' lang='lat' dir='ltr'><strong>in</strong></span> <span class='ocrx_word' id='word_1_272' title='bbox 1931 2301 2137 2355; x_wconf 91' lang='lat' dir='ltr'><strong>dolium</strong></span> 
     </span>
    </p>
   </div>
   <div class='ocr_carea' id='block_1_36' title="bbox 549 2394 2137 2469">
    <p class='ocr_par' dir='ltr' id='par_1_36' title="bbox 549 2394 2137 2469">
     <span class='ocr_line' id='line_1_36' title="bbox 549 2394 2137 2469; baseline -0.004 -15"><span class='ocrx_word' id='word_1_273' title='bbox 549 2410 838 2469; x_wconf 87' lang='lat' dir='ltr'><strong>pertusum</strong></span> <span class='ocrx_word' id='word_1_274' title='bbox 866 2397 1033 2467; x_wconf 87' lang='lat' dir='ltr'><strong>(quod</strong></span> <span class='ocrx_word' id='word_1_275' title='bbox 1057 2396 1254 2465; x_wconf 82' lang='lat' dir='ltr'><strong>adagio</strong></span> <span class='ocrx_word' id='word_1_276' title='bbox 1285 2394 1513 2463; x_wconf 87' lang='lat' dir='ltr'><strong>dicitur)</strong></span> <span class='ocrx_word' id='word_1_277' title='bbox 1534 2409 1819 2450; x_wconf 87' lang='lat' dir='ltr'><strong>sermones</strong></span> <span class='ocrx_word' id='word_1_278' title='bbox 1854 2408 2137 2462; x_wconf 85' lang='lat' dir='ltr'><strong>perorans,</strong></span> 
     </span>
    </p>
   </div>
   <div class='ocr_carea' id='block_1_37' title="bbox 547 2478 2139 2559">
    <p class='ocr_par' dir='ltr' id='par_1_37' title="bbox 547 2478 2139 2559">
     <span class='ocr_line' id='line_1_37' title="bbox 547 2478 2139 2559; baseline -0.003 -11"><span class='ocrx_word' id='word_1_279' title='bbox 547 2501 665 2548; x_wconf 91' lang='lat' dir='ltr'><strong>tum</strong></span> <span class='ocrx_word' id='word_1_280' title='bbox 689 2492 810 2547; x_wconf 90' lang='lat' dir='ltr'><strong>illos</strong></span> <span class='ocrx_word' id='word_1_281' title='bbox 831 2478 1149 2557; x_wconf 79' lang='lat' dir='ltr'><strong>ferociores,</strong></span> <span class='ocrx_word' id='word_1_282' title='bbox 1176 2500 1235 2545; x_wconf 89' lang='lat' dir='ltr'><strong>ut</strong></span> <span class='ocrx_word' id='word_1_283' title='bbox 1275 2489 1609 2559; x_wconf 87' lang='lat' dir='ltr'><strong>quibuscum</strong></span> <span class='ocrx_word' id='word_1_284' title='bbox 1634 2488 1904 2559; x_wconf 86' lang='lat' dir='ltr'><strong>precibus</strong></span> <span class='ocrx_word' id='word_1_285' title='bbox 1947 2503 2139 2558; x_wconf 79' lang='lat' dir='ltr'><strong>agere-</strong></span> 
     </span>
    </p>
   </div>
   <div class='ocr_carea' id='block_1_38' title="bbox 549 2582 2137 2655">
    <p class='ocr_par' dir='ltr' id='par_1_38' title="bbox 549 2582 2137 2655">
     <span class='ocr_line' id='line_1_38' title="bbox 549 2582 2137 2655; baseline -0.002 -17"><span class='ocrx_word' id='word_1_286' title='bbox 549 2598 640 2640; x_wconf 85' lang='lat' dir='ltr'><strong>tur</strong></span> <span class='ocrx_word' id='word_1_287' title='bbox 679 2584 1038 2655; x_wconf 87' lang='lat' dir='ltr'><strong>(perindeque</strong></span> <span class='ocrx_word' id='word_1_288' title='bbox 1075 2584 1229 2638; x_wconf 88' lang='lat' dir='ltr'><strong>dicas</strong></span> <span class='ocrx_word' id='word_1_289' title='bbox 1267 2582 1513 2638; x_wconf 90' lang='lat' dir='ltr'><strong>hostium</strong></span> <span class='ocrx_word' id='word_1_290' title='bbox 1550 2590 1700 2636; x_wconf 89' lang='lat' dir='ltr'><strong>metu</strong></span> <span class='ocrx_word' id='word_1_291' title='bbox 1741 2582 1971 2649; x_wconf 88' lang='lat' dir='ltr'><strong>solutos,</strong></span> <span class='ocrx_word' id='word_1_292' title='bbox 2004 2582 2137 2635; x_wconf 90' lang='lat' dir='ltr'><strong>nihil</strong></span> 
     </span>
    </p>
   </div>
   <div class='ocr_carea' id='block_1_39' title="bbox 542 2670 2138 2744">
    <p class='ocr_par' dir='ltr' id='par_1_39' title="bbox 542 2670 2138 2744">
     <span class='ocr_line' id='line_1_39' title="bbox 542 2670 2138 2744; baseline -0.002 -14"><span class='ocrx_word' id='word_1_293' title='bbox 542 2676 656 2744; x_wconf 81' lang='lat' dir='ltr'><strong>jam</strong></span> <span class='ocrx_word' id='word_1_294' title='bbox 698 2674 953 2730; x_wconf 81' lang='lat' dir='ltr'><strong>servandi</strong></span> <span class='ocrx_word' id='word_1_295' title='bbox 1009 2674 1223 2728; x_wconf 88' lang='lat' dir='ltr'><strong>ordinis</strong></span> <span class='ocrx_word' id='word_1_296' title='bbox 1273 2687 1340 2729; x_wconf 89' lang='lat' dir='ltr'><strong>ac</strong></span> <span class='ocrx_word' id='word_1_297' title='bbox 1383 2673 1816 2743; x_wconf 87' lang='lat' dir='ltr'><strong>conspirationis</strong></span> <span class='ocrx_word' id='word_1_298' title='bbox 1847 2670 2138 2742; x_wconf 85' lang='lat' dir='ltr'><strong>sollicitos)</strong></span> 
     </span>
    </p>
   </div>
   <div class='ocr_carea' id='block_1_40' title="bbox 546 2764 2138 2836">
    <p class='ocr_par' dir='ltr' id='par_1_40' title="bbox 546 2764 2138 2836">
     <span class='ocr_line' id='line_1_40' title="bbox 546 2764 2138 2836; baseline -0.003 -12"><span class='ocrx_word' id='word_1_299' title='bbox 546 2768 803 2832; x_wconf 88' lang='lat' dir='ltr'><strong>reddidit,</strong></span> <span class='ocrx_word' id='word_1_300' title='bbox 820 2767 1034 2836; x_wconf 90' lang='lat' dir='ltr'><strong>sibique</strong></span> <span class='ocrx_word' id='word_1_301' title='bbox 1051 2767 1222 2820; x_wconf 90' lang='lat' dir='ltr'><strong>robur</strong></span> <span class='ocrx_word' id='word_1_302' title='bbox 1244 2780 1307 2819; x_wconf 76' lang='lat' dir='ltr'><strong>ac</strong></span> <span class='ocrx_word' id='word_1_303' title='bbox 1338 2765 1649 2819; x_wconf 72' lang='lat' dir='ltr'><strong>ﬁrmitatem</strong></span> <span class='ocrx_word' id='word_1_304' title='bbox 1682 2765 1900 2834; x_wconf 84' lang='lat' dir='ltr'><strong>adjecit.</strong></span> <span class='ocrx_word' id='word_1_305' title='bbox 1930 2764 2138 2831; x_wconf 86' lang='lat' dir='ltr'><strong>Quam-</strong></span> 
     </span>
    </p>
   </div>
   <div class='ocr_carea' id='block_1_41' title="bbox 543 2856 2137 2926">
    <p class='ocr_par' dir='ltr' id='par_1_41' title="bbox 543 2856 2137 2926">
     <span class='ocr_line' id='line_1_41' title="bbox 543 2856 2137 2926; baseline -0.002 -12"><span class='ocrx_word' id='word_1_306' title='bbox 543 2860 738 2914; x_wconf 86' lang='lat' dir='ltr'><strong>obrem</strong></span> <span class='ocrx_word' id='word_1_307' title='bbox 795 2873 865 2914; x_wconf 78' lang='lat' dir='ltr'><strong>ex</strong></span> <span class='ocrx_word' id='word_1_308' title='bbox 923 2858 1113 2913; x_wconf 80' lang='lat' dir='ltr'><strong>multis</strong></span> <span class='ocrx_word' id='word_1_309' title='bbox 1146 2866 1369 2926; x_wconf 87' lang='lat' dir='ltr'><strong>repente</strong></span> <span class='ocrx_word' id='word_1_310' title='bbox 1411 2856 1645 2925; x_wconf 89' lang='lat' dir='ltr'><strong>portulis</strong></span> <span class='ocrx_word' id='word_1_311' title='bbox 1674 2870 1802 2911; x_wconf 88' lang='lat' dir='ltr'><strong>suos</strong></span> <span class='ocrx_word' id='word_1_312' title='bbox 1830 2856 2137 2920; x_wconf 74' lang='lat' dir='ltr'><strong>effundens,</strong></span> 
     </span>
    </p>
   </div>
   <div class='ocr_carea' id='block_1_42' title="bbox 543 2947 2135 3021">
    <p class='ocr_par' dir='ltr' id='par_1_42' title="bbox 543 2947 2135 3021">
     <span class='ocr_line' id='line_1_42' title="bbox 543 2947 2135 3021; baseline -0.002 -16"><span class='ocrx_word' id='word_1_313' title='bbox 543 2965 653 3021; x_wconf 87' lang='lat' dir='ltr'><strong>qua</strong></span> <span class='ocrx_word' id='word_1_314' title='bbox 693 2949 771 3005; x_wconf 83' lang='lat' dir='ltr'><strong>illi</strong></span> <span class='ocrx_word' id='word_1_315' title='bbox 824 2950 960 3004; x_wconf 90' lang='lat' dir='ltr'><strong>nihil</strong></span> <span class='ocrx_word' id='word_1_316' title='bbox 998 2947 1272 3018; x_wconf 89' lang='lat' dir='ltr'><strong>ejusmodi</strong></span> <span class='ocrx_word' id='word_1_317' title='bbox 1309 2948 1728 3016; x_wconf 81' lang='lat' dir='ltr'><strong>exspectabant,</strong></span> <span class='ocrx_word' id='word_1_318' title='bbox 1771 2950 1911 3017; x_wconf 84' lang='lat' dir='ltr'><strong>parti</strong></span> <span class='ocrx_word' id='word_1_319' title='bbox 1944 2962 2135 3002; x_wconf 83' lang='lat' dir='ltr'><strong>eorum</strong></span> 
     </span>
    </p>
   </div>
   <div class='ocr_carea' id='block_1_43' title="bbox 542 3038 2138 3113">
    <p class='ocr_par' dir='ltr' id='par_1_43' title="bbox 542 3038 2138 3113">
     <span class='ocr_line' id='line_1_43' title="bbox 542 3038 2138 3113; baseline -0.003 -15"><span class='ocrx_word' id='word_1_320' title='bbox 542 3042 917 3113; x_wconf 81' lang='lat' dir='ltr'><strong>congreditur,</strong></span> <span class='ocrx_word' id='word_1_321' title='bbox 969 3041 1231 3110; x_wconf 68' lang='lat' dir='ltr'><strong>justeque</strong></span> <span class='ocrx_word' id='word_1_322' title='bbox 1284 3040 1422 3094; x_wconf 83' lang='lat' dir='ltr'><strong>satis</strong></span> <span class='ocrx_word' id='word_1_323' title='bbox 1475 3038 1634 3093; x_wconf 88' lang='lat' dir='ltr'><strong>clade</strong></span> <span class='ocrx_word' id='word_1_324' title='bbox 1689 3038 1935 3094; x_wconf 76' lang='lat' dir='ltr'><strong>alliciens</strong></span> <span class='ocrx_word' id='word_1_325' title='bbox 1990 3040 2138 3094; x_wconf 87' lang='lat' dir='ltr'><strong>clare</strong></span> 
     </span>
    </p>
   </div>
   <div class='ocr_carea' id='block_1_44' title="bbox 544 3127 2129 3202">
    <p class='ocr_par' dir='ltr' id='par_1_44' title="bbox 544 3127 2129 3202">
     <span class='ocr_line' id='line_1_44' title="bbox 544 3127 2129 3202; baseline -0.003 -13"><span class='ocrx_word' id='word_1_326' title='bbox 544 3132 775 3189; x_wconf 78' lang='lat' dir='ltr'><strong>victoria</strong></span> <span class='ocrx_word' id='word_1_327' title='bbox 806 3132 1033 3202; x_wconf 86' lang='lat' dir='ltr'><strong>potitur.</strong></span> <span class='ocrx_word' id='word_1_328' title='bbox 1068 3130 1175 3186; x_wconf 89' lang='lat' dir='ltr'><strong>Sed</strong></span> <span class='ocrx_word' id='word_1_329' title='bbox 1202 3139 1257 3185; x_wconf 89' lang='lat' dir='ltr'><strong>et</strong></span> <span class='ocrx_word' id='word_1_330' title='bbox 1284 3129 1424 3185; x_wconf 85' lang='lat' dir='ltr'><strong>mari</strong></span> <span class='ocrx_word' id='word_1_331' title='bbox 1455 3127 1736 3184; x_wconf 88' lang='lat' dir='ltr'><strong>illustriori</strong></span> <span class='ocrx_word' id='word_1_332' title='bbox 1782 3144 1946 3198; x_wconf 88' lang='lat' dir='ltr'><strong>quam</strong></span> <span class='ocrx_word' id='word_1_333' title='bbox 1990 3138 2129 3184; x_wconf 90' lang='lat' dir='ltr'><strong>terra</strong></span> 
     </span>
    </p>
   </div>
   <div class='ocr_carea' id='block_1_45' title="bbox 2239 2118 3828 2195">
    <p class='ocr_par' dir='ltr' id='par_1_45' title="bbox 2239 2118 3828 2195">
     <span class='ocr_line' id='line_1_45' title="bbox 2239 2118 3828 2195; baseline -0.001 -21"><span class='ocrx_word' id='word_1_334' title='bbox 2239 2121 2382 2193; x_wconf 84' lang='grc' dir='ltr'>ώρου</span> <span class='ocrx_word' id='word_1_335' title='bbox 2405 2118 2569 2195; x_wconf 76' lang='grc' dir='ltr'>ἦλθεν</span> <span class='ocrx_word' id='word_1_336' title='bbox 2588 2124 2617 2177; x_wconf 86' lang='grc' dir='ltr'>ὁ</span> <span class='ocrx_word' id='word_1_337' title='bbox 2637 2123 2877 2193; x_wconf 81' lang='grc' dir='ltr'>Μιχαὴλ,</span> <span class='ocrx_word' id='word_1_338' title='bbox 2910 2122 3219 2194; x_wconf 80' lang='grc' dir='ltr'>ἀμνηστίαν</span> <span class='ocrx_word' id='word_1_339' title='bbox 3249 2122 3435 2184; x_wconf 72' lang='grc' dir='ltr'>αὐτοῖς</span> <span class='ocrx_word' id='word_1_340' title='bbox 3459 2120 3650 2175; x_wconf 87' lang='grc' dir='ltr'>δεινῶν</span> <span class='ocrx_word' id='word_1_341' title='bbox 3669 2120 3828 2187; x_wconf 72' lang='grc' dir='ltr'>εὐαγ-</span> 
     </span>
    </p>
   </div>
   <div class='ocr_carea' id='block_1_46' title="bbox 2238 2211 3824 2286">
    <p class='ocr_par' dir='ltr' id='par_1_46' title="bbox 2238 2211 3824 2286">
     <span class='ocr_line' id='line_1_46' title="bbox 2238 2211 3824 2286; baseline -0.003 -17"><span class='ocrx_word' id='word_1_342' title='bbox 2238 2216 2586 2285; x_wconf 84' lang='grc' dir='ltr'>γελιζόμενος</span> <span class='ocrx_word' id='word_1_343' title='bbox 2612 2215 2709 2269; x_wconf 79' lang='grc' dir='ltr'>καὶ</span> <span class='ocrx_word' id='word_1_344' title='bbox 2737 2216 3171 2286; x_wconf 83' lang='grc' dir='ltr'>ὑπισχνούμενος</span> <span class='ocrx_word' id='word_1_345' title='bbox 3202 2214 3397 2268; x_wconf 87' lang='grc' dir='ltr'>δώσειν</span> <span class='ocrx_word' id='word_1_346' title='bbox 3427 2211 3608 2283; x_wconf 89' lang='grc' dir='ltr'>ἀγαθά</span> <span class='ocrx_word' id='word_1_347' title='bbox 3629 2212 3824 2275; x_wconf 80' lang='grc' dir='ltr'>πολλὰ,</span> 
     </span>
    </p>
   </div>
   <div class='ocr_carea' id='block_1_47' title="bbox 2240 2305 3826 2379">
    <p class='ocr_par' dir='ltr' id='par_1_47' title="bbox 2240 2305 3826 2379">
     <span class='ocr_line' id='line_1_47' title="bbox 2240 2305 3826 2379; baseline 0 -19"><span class='ocrx_word' id='word_1_348' title='bbox 2240 2307 2290 2360; x_wconf 81' lang='grc' dir='ltr'><strong>εί</strong></span> <span class='ocrx_word' id='word_1_349' title='bbox 2323 2307 2482 2377; x_wconf 80' lang='grc' dir='ltr'>μόνον</span> <span class='ocrx_word' id='word_1_350' title='bbox 2502 2308 2565 2379; x_wconf 86' lang='grc' dir='ltr'>δὴ</span> <span class='ocrx_word' id='word_1_351' title='bbox 2596 2308 2983 2378; x_wconf 83' lang='grc' dir='ltr'>μετατάξοιντο</span> <span class='ocrx_word' id='word_1_352' title='bbox 3010 2308 3106 2361; x_wconf 72' lang='grc' dir='ltr'>καὶ</span> <span class='ocrx_word' id='word_1_353' title='bbox 3139 2307 3214 2377; x_wconf 82' lang='grc' dir='ltr'>μὴ</span> <span class='ocrx_word' id='word_1_354' title='bbox 3259 2305 3568 2376; x_wconf 74' lang='grc' dir='ltr'>βουληθεῖεν</span> <span class='ocrx_word' id='word_1_355' title='bbox 3596 2306 3826 2376; x_wconf 88' lang='grc' dir='ltr'>αἵμασιν</span> 
     </span>
    </p>
   </div>
   <div class='ocr_carea' id='block_1_48' title="bbox 2239 2397 3825 2470">
    <p class='ocr_par' dir='ltr' id='par_1_48' title="bbox 2239 2397 3825 2470">
     <span class='ocr_line' id='line_1_48' title="bbox 2239 2397 3825 2470; baseline -0.001 -17"><span class='ocrx_word' id='word_1_356' title='bbox 2239 2399 2529 2469; x_wconf 81' lang='grc' dir='ltr'>ὁμοφύλων</span> <span class='ocrx_word' id='word_1_357' title='bbox 2584 2401 2677 2454; x_wconf 76' lang='grc' dir='ltr'><strong>καὶ</strong></span> <span class='ocrx_word' id='word_1_358' title='bbox 2723 2399 2968 2468; x_wconf 83' lang='grc' dir='ltr'>ἀδελφῶν</span> <span class='ocrx_word' id='word_1_359' title='bbox 3012 2399 3504 2470; x_wconf 85' lang='grc' dir='ltr'>καταχραίνεσθαι.</span> <span class='ocrx_word' id='word_1_360' title='bbox 3571 2397 3714 2451; x_wconf 85' lang='grc' dir='ltr'>Ἀλλ’</span> <span class='ocrx_word' id='word_1_361' title='bbox 3743 2398 3825 2461; x_wconf 81' lang='grc' dir='ltr'><strong>είς</strong></span> 
     </span>
    </p>
   </div>
   <div class='ocr_carea' id='block_1_49' title="bbox 2240 2491 3826 2564">
    <p class='ocr_par' dir='ltr' id='par_1_49' title="bbox 2240 2491 3826 2564">
     <span class='ocr_line' id='line_1_49' title="bbox 2240 2491 3826 2564; baseline -0.001 -19"><span class='ocrx_word' id='word_1_362' title='bbox 2240 2492 2400 2547; x_wconf 81' lang='grc' dir='ltr'>πίθον</span> <span class='ocrx_word' id='word_1_363' title='bbox 2429 2494 2767 2564; x_wconf 81' lang='grc' dir='ltr'>τετρημένον</span> <span class='ocrx_word' id='word_1_364' title='bbox 2810 2493 2876 2559; x_wconf 71' lang='grc' dir='ltr'>θι,</span> <span class='ocrx_word' id='word_1_365' title='bbox 2901 2492 2963 2546; x_wconf 83' lang='grc' dir='ltr'><strong>τὸ</strong></span> <span class='ocrx_word' id='word_1_366' title='bbox 2987 2493 3082 2546; x_wconf 84' lang='grc' dir='ltr'>τοῦ</span> <span class='ocrx_word' id='word_1_367' title='bbox 3118 2492 3303 2560; x_wconf 89' lang='grc' dir='ltr'>λόγου,</span> <span class='ocrx_word' id='word_1_368' title='bbox 3356 2491 3583 2555; x_wconf 84' lang='grc' dir='ltr'>τούτους</span> <span class='ocrx_word' id='word_1_369' title='bbox 3622 2492 3826 2544; x_wconf 76' lang='grc' dir='ltr'>ἐναπε-</span> 
     </span>
    </p>
   </div>
   <div class='ocr_carea' id='block_1_50' title="bbox 2242 2582 3825 2655">
    <p class='ocr_par' dir='ltr' id='par_1_50' title="bbox 2242 2582 3825 2655">
     <span class='ocr_line' id='line_1_50' title="bbox 2242 2582 3825 2655; baseline -0.002 -17"><span class='ocrx_word' id='word_1_370' title='bbox 2242 2585 2411 2655; x_wconf 88' lang='grc' dir='ltr'>ράνας</span> <span class='ocrx_word' id='word_1_371' title='bbox 2440 2586 2485 2618; x_wconf 77' lang='grc'><strong>⁸⁸</strong></span> <span class='ocrx_word' id='word_1_372' title='bbox 2509 2584 2637 2647; x_wconf 78' lang='grc' dir='ltr'>τοὺς</span> <span class='ocrx_word' id='word_1_373' title='bbox 2666 2584 2878 2653; x_wconf 92' lang='grc' dir='ltr'>λόγους,</span> <span class='ocrx_word' id='word_1_374' title='bbox 2911 2583 3159 2646; x_wconf 70' lang='grc' dir='ltr'>ἐκείνους</span> <span class='ocrx_word' id='word_1_375' title='bbox 3191 2583 3290 2653; x_wconf 82' lang='grc' dir='ltr'>μὲν</span> <span class='ocrx_word' id='word_1_376' title='bbox 3316 2582 3825 2653; x_wconf 78' lang='grc' dir='ltr'>θαρσαλεωτέρους,</span> 
     </span>
    </p>
   </div>
   <div class='ocr_carea' id='block_1_51' title="bbox 2238 2674 3827 2747">
    <p class='ocr_par' dir='ltr' id='par_1_51' title="bbox 2238 2674 3827 2747">
     <span class='ocr_line' id='line_1_51' title="bbox 2238 2674 3827 2747; baseline -0.002 -17"><span class='ocrx_word' id='word_1_377' title='bbox 2238 2677 2319 2730; x_wconf 84' lang='grc' dir='ltr'><strong>ὅτι</strong></span> <span class='ocrx_word' id='word_1_378' title='bbox 2370 2676 2434 2747; x_wconf 83' lang='grc' dir='ltr'>δὴ</span> <span class='ocrx_word' id='word_1_379' title='bbox 2490 2678 2586 2731; x_wconf 79' lang='grc' dir='ltr'><strong>καὶ</strong></span> <span class='ocrx_word' id='word_1_380' title='bbox 2619 2677 3046 2747; x_wconf 80' lang='grc' dir='ltr'>παρακαλοῖντο,</span> <span class='ocrx_word' id='word_1_381' title='bbox 3079 2677 3278 2730; x_wconf 83' lang='grc' dir='ltr'>ταυτὸν</span> <span class='ocrx_word' id='word_1_382' title='bbox 3306 2675 3363 2730; x_wconf 83' lang='grc' dir='ltr'>δὲ</span> <span class='ocrx_word' id='word_1_383' title='bbox 3394 2677 3572 2729; x_wconf 84' lang='grc' dir='ltr'>εἰπεῖν</span> <span class='ocrx_word' id='word_1_384' title='bbox 3598 2678 3693 2730; x_wconf 81' lang='grc' dir='ltr'>καὶ</span> <span class='ocrx_word' id='word_1_385' title='bbox 3724 2674 3827 2745; x_wconf 84' lang='grc' dir='ltr'>τῆς</span> 
     </span>
    </p>
   </div>
   <div class='ocr_carea' id='block_1_52' title="bbox 2238 2767 3851 2839">
    <p class='ocr_par' dir='ltr' id='par_1_52' title="bbox 2238 2767 3851 2839">
     <span class='ocr_line' id='line_1_52' title="bbox 2238 2767 3851 2839; baseline -0.002 -18"><span class='ocrx_word' id='word_1_386' title='bbox 2238 2769 2305 2821; x_wconf 75' lang='grc' dir='ltr'>ἐκ</span> <span class='ocrx_word' id='word_1_387' title='bbox 2330 2767 2424 2820; x_wconf 85' lang='grc' dir='ltr'>τοῦ</span> <span class='ocrx_word' id='word_1_388' title='bbox 2457 2768 2623 2837; x_wconf 77' lang='grc' dir='ltr'>φόϐου</span> <span class='ocrx_word' id='word_1_389' title='bbox 2656 2770 2969 2832; x_wconf 83' lang='grc' dir='ltr'>συστάσεως</span> <span class='ocrx_word' id='word_1_390' title='bbox 2992 2768 3319 2837; x_wconf 84' lang='grc' dir='ltr'>λελυμένους</span> <span class='ocrx_word' id='word_1_391' title='bbox 3346 2768 3660 2839; x_wconf 77' lang='grc' dir='ltr'>εἰργάσατο,</span> <span class='ocrx_word' id='word_1_392' title='bbox 3692 2768 3851 2819; x_wconf 75' lang='grc' dir='ltr'>ἑαυο·</span> 
     </span>
    </p>
   </div>
   <div class='ocr_carea' id='block_1_53' title="bbox 2237 2856 3828 2931">
    <p class='ocr_par' dir='ltr' id='par_1_53' title="bbox 2237 2856 3828 2931">
     <span class='ocr_line' id='line_1_53' title="bbox 2237 2856 3828 2931; baseline 0.001 -22"><span class='ocrx_word' id='word_1_393' title='bbox 2237 2856 2330 2910; x_wconf 80' lang='grc' dir='ltr'>τὸν</span> <span class='ocrx_word' id='word_1_394' title='bbox 2358 2857 2414 2910; x_wconf 78' lang='grc' dir='ltr'>δὲ</span> <span class='ocrx_word' id='word_1_395' title='bbox 2440 2858 2704 2931; x_wconf 86' lang='grc' dir='ltr'>σταθερόν</span> <span class='ocrx_word' id='word_1_396' title='bbox 2734 2876 2794 2914; x_wconf 86' lang='grc' dir='ltr'><strong>τε</strong></span> <span class='ocrx_word' id='word_1_397' title='bbox 2852 2860 2949 2913; x_wconf 80' lang='grc' dir='ltr'>καὶ</span> <span class='ocrx_word' id='word_1_398' title='bbox 2986 2859 3362 2931; x_wconf 78' lang='grc' dir='ltr'>στερρότερον.</span> <span class='ocrx_word' id='word_1_399' title='bbox 3397 2858 3561 2911; x_wconf 85' lang='grc' dir='ltr'>Ὅθεν</span> <span class='ocrx_word' id='word_1_400' title='bbox 3581 2857 3735 2925; x_wconf 74' lang='grc' dir='ltr'>ἄφνω</span> <span class='ocrx_word' id='word_1_401' title='bbox 3759 2857 3828 2911; x_wconf 71' lang='grc' dir='ltr'>ἐκ</span> 
     </span>
    </p>
   </div>
   <div class='ocr_carea' id='block_1_54' title="bbox 2239 2942 3827 3021">
    <p class='ocr_par' dir='ltr' id='par_1_54' title="bbox 2239 2942 3827 3021">
     <span class='ocr_line' id='line_1_54' title="bbox 2239 2942 3827 3021; baseline -0.001 -19"><span class='ocrx_word' id='word_1_402' title='bbox 2239 2949 2452 3002; x_wconf 83' lang='grc' dir='ltr'>πολλῶν</span> <span class='ocrx_word' id='word_1_403' title='bbox 2475 2950 2711 3004; x_wconf 85' lang='grc' dir='ltr'>πυλίδων</span> <span class='ocrx_word' id='word_1_404' title='bbox 2747 2950 2870 3003; x_wconf 85' lang='grc' dir='ltr'>κατ’</span> <span class='ocrx_word' id='word_1_405' title='bbox 2906 2949 3088 3005; x_wconf 83' lang='grc' dir='ltr'>αὐτῶν</span> <span class='ocrx_word' id='word_1_406' title='bbox 3125 2949 3406 3021; x_wconf 77' lang='grc' dir='ltr'>συρῤυεὶς,</span> <span class='ocrx_word' id='word_1_407' title='bbox 3543 2947 3618 3019; x_wconf 82' lang='grc' dir='ltr'>μὴ</span> <span class='ocrx_word' id='word_1_408' title='bbox 3649 2964 3827 3019; x_wconf 78' lang='grc' dir='ltr'>προσ-</span> 
     </span>
    </p>
   </div>
   <div class='ocr_carea' id='block_1_55' title="bbox 2238 3040 3824 3113">
    <p class='ocr_par' dir='ltr' id='par_1_55' title="bbox 2238 3040 3824 3113">
     <span class='ocr_line' id='line_1_55' title="bbox 2238 3040 3824 3113; baseline -0.001 -20"><span class='ocrx_word' id='word_1_409' title='bbox 2238 3040 2436 3095; x_wconf 85' lang='grc' dir='ltr'>εδόκων</span> <span class='ocrx_word' id='word_1_410' title='bbox 2461 3043 2684 3108; x_wconf 74' lang='grc' dir='ltr'>ἐκεῖνοι,</span> <span class='ocrx_word' id='word_1_411' title='bbox 2713 3042 3092 3113; x_wconf 76' lang='grc' dir='ltr'>συρρήγνυται</span> <span class='ocrx_word' id='word_1_412' title='bbox 3118 3058 3228 3094; x_wconf 91' lang='grc' dir='ltr'>τισι</span> <span class='ocrx_word' id='word_1_413' title='bbox 3259 3040 3471 3104; x_wconf 86' lang='grc' dir='ltr'>τούτοις</span> <span class='ocrx_word' id='word_1_414' title='bbox 3502 3042 3585 3104; x_wconf 82' lang='grc' dir='ltr'>εις</span> <span class='ocrx_word' id='word_1_415' title='bbox 3614 3041 3824 3111; x_wconf 83' lang='grc' dir='ltr'>μάχην,</span> 
     </span>
    </p>
   </div>
   <div class='ocr_carea' id='block_1_56' title="bbox 2238 3132 3825 3204">
    <p class='ocr_par' dir='ltr' id='par_1_56' title="bbox 2238 3132 3825 3204">
     <span class='ocr_line' id='line_1_56' title="bbox 2238 3132 3825 3204; baseline -0.001 -19"><span class='ocrx_word' id='word_1_416' title='bbox 2238 3132 2333 3186; x_wconf 74' lang='grc' dir='ltr'>καὶ</span> <span class='ocrx_word' id='word_1_417' title='bbox 2360 3133 2557 3204; x_wconf 87' lang='grc' dir='ltr'>φθόρον</span> <span class='ocrx_word' id='word_1_418' title='bbox 2602 3134 2786 3189; x_wconf 80' lang='grc' dir='ltr'>ἱκανὸν</span> <span class='ocrx_word' id='word_1_419' title='bbox 2825 3133 3204 3204; x_wconf 75' lang='grc' dir='ltr'>ἐργασάμενος</span> <span class='ocrx_word' id='word_1_420' title='bbox 3236 3133 3336 3204; x_wconf 82' lang='grc' dir='ltr'><strong>τὴν</strong></span> <span class='ocrx_word' id='word_1_421' title='bbox 3383 3132 3624 3186; x_wconf 88' lang='grc' dir='ltr'>νικῶσαν</span> <span class='ocrx_word' id='word_1_422' title='bbox 3679 3132 3825 3203; x_wconf 89' lang='grc' dir='ltr'>λαμ-</span> 
     </span>
    </p>
   </div>
   <div class='ocr_carea' id='block_1_57' title="bbox 543 3196 2136 3299">
    <p class='ocr_par' dir='ltr' id='par_1_57' title="bbox 543 3220 2130 3291">
     <span class='ocr_line' id='line_1_57' title="bbox 543 3220 2130 3291; baseline -0.001 -12"><span class='ocrx_word' id='word_1_423' title='bbox 543 3226 777 3280; x_wconf 82' lang='lat' dir='ltr'><strong>victoria</strong></span> <span class='ocrx_word' id='word_1_424' title='bbox 812 3232 1068 3291; x_wconf 85' lang='lat' dir='ltr'><strong>augetur.</strong></span> <span class='ocrx_word' id='word_1_425' title='bbox 1104 3220 1245 3275; x_wconf 89' lang='lat' dir='ltr'><strong>Cum</strong></span> <span class='ocrx_word' id='word_1_426' title='bbox 1281 3221 1429 3276; x_wconf 89' lang='lat' dir='ltr'><strong>enim</strong></span> <span class='ocrx_word' id='word_1_427' title='bbox 1482 3220 1847 3290; x_wconf 73' lang='lat' dir='ltr'><strong>imperatoriae</strong></span> <span class='ocrx_word' id='word_1_428' title='bbox 1884 3221 2130 3278; x_wconf 82' lang='lat' dir='ltr'><strong>triremes</strong></span> 
     </span>
    </p>
   </div>
   <div class='ocr_carea' id='block_1_58' title="bbox 2234 3196 3822 3299">
    <p class='ocr_par' dir='ltr' id='par_1_58' title="bbox 2235 3196 3822 3299">
     <span class='ocr_line' id='line_1_58' title="bbox 2235 3196 3822 3299; baseline 0.004 -23"><span class='ocrx_word' id='word_1_429' title='bbox 2235 3196 2390 3277; x_wconf 72' lang='grc' dir='ltr'>δάνει</span> <span class='ocrx_word' id='word_1_430' title='bbox 2445 3196 2735 3297; x_wconf 76' lang='grc' dir='ltr'>λαμπρῶς.</span> <span class='ocrx_word' id='word_1_431' title='bbox 2803 3196 2960 3280; x_wconf 78' lang='grc' dir='ltr'>κατά</span> <span class='ocrx_word' id='word_1_432' title='bbox 3014 3196 3303 3281; x_wconf 41' lang='grc' dir='ltr'>θάλατταν.</span> <span class='ocrx_word' id='word_1_433' title='bbox 3331 3226 3388 3280; x_wconf 75' lang='grc' dir='ltr'>δὲ</span> <span class='ocrx_word' id='word_1_434' title='bbox 3421 3227 3515 3281; x_wconf 81' lang='grc' dir='ltr'><strong>καὶ</strong></span> <span class='ocrx_word' id='word_1_435' title='bbox 3564 3196 3822 3299; x_wconf 68' lang='grc' dir='ltr'>μᾶλλονῆ</span> 
     </span>
    </p>
   </div>
   <div class='ocr_carea' id='block_1_59' title="bbox 546 3312 2135 3384">
    <p class='ocr_par' dir='ltr' id='par_1_59' title="bbox 546 3312 2135 3384">
     <span class='ocr_line' id='line_1_59' title="bbox 546 3312 2135 3384; baseline -0.001 -15"><span class='ocrx_word' id='word_1_436' title='bbox 546 3316 718 3371; x_wconf 80' lang='lat' dir='ltr'><strong>altum</strong></span> <span class='ocrx_word' id='word_1_437' title='bbox 753 3321 1021 3384; x_wconf 78' lang='lat' dir='ltr'><strong>peterent,</strong></span> <span class='ocrx_word' id='word_1_438' title='bbox 1050 3312 1277 3382; x_wconf 87' lang='lat' dir='ltr'><strong>jamque</strong></span> <span class='ocrx_word' id='word_1_439' title='bbox 1308 3327 1504 3382; x_wconf 85' lang='lat' dir='ltr'><strong>pugnae</strong></span> <span class='ocrx_word' id='word_1_440' title='bbox 1540 3312 1891 3367; x_wconf 73' lang='lat' dir='ltr'><strong>conserenda:</strong></span> <span class='ocrx_word' id='word_1_441' title='bbox 1919 3313 2135 3369; x_wconf 83' lang='lat' dir='ltr'><strong>adesset</strong></span> 
     </span>
    </p>
   </div>
   <div class='ocr_carea' id='block_1_60' title="bbox 550 3404 2131 3478">
    <p class='ocr_par' dir='ltr' id='par_1_60' title="bbox 550 3404 2131 3478">
     <span class='ocr_line' id='line_1_60' title="bbox 550 3404 2131 3478; baseline -0.001 -16"><span class='ocrx_word' id='word_1_442' title='bbox 550 3417 785 3478; x_wconf 85' lang='lat' dir='ltr'><strong>tempus,</strong></span> <span class='ocrx_word' id='word_1_443' title='bbox 816 3418 980 3476; x_wconf 86' lang='lat' dir='ltr'><strong>atque</strong></span> <span class='ocrx_word' id='word_1_444' title='bbox 1007 3405 1146 3460; x_wconf 89' lang='lat' dir='ltr'><strong>adeo</strong></span> <span class='ocrx_word' id='word_1_445' title='bbox 1168 3404 1288 3475; x_wconf 84' lang='lat' dir='ltr'><strong>ipsa</strong></span> <span class='ocrx_word' id='word_1_446' title='bbox 1315 3404 1613 3460; x_wconf 84' lang='lat' dir='ltr'><strong>desertoris</strong></span> <span class='ocrx_word' id='word_1_447' title='bbox 1643 3405 1838 3460; x_wconf 79' lang='lat' dir='ltr'><strong>classis</strong></span> <span class='ocrx_word' id='word_1_448' title='bbox 1872 3420 2131 3476; x_wconf 86' lang='lat' dir='ltr'><strong>congres-</strong></span> 
     </span>
    </p>
   </div>
   <div class='ocr_carea' id='block_1_61' title="bbox 548 3497 2133 3567">
    <p class='ocr_par' dir='ltr' id='par_1_61' title="bbox 548 3497 2133 3567">
     <span class='ocr_line' id='line_1_61' title="bbox 548 3497 2133 3567; baseline -0.002 -10"><span class='ocrx_word' id='word_1_449' title='bbox 548 3516 644 3557; x_wconf 84' lang='lat' dir='ltr'><strong>sus</strong></span> <span class='ocrx_word' id='word_1_450' title='bbox 670 3500 865 3555; x_wconf 78' lang='lat' dir='ltr'><strong>ardore</strong></span> <span class='ocrx_word' id='word_1_451' title='bbox 902 3513 1036 3555; x_wconf 75' lang='lat' dir='ltr'><strong>saxa</strong></span> <span class='ocrx_word' id='word_1_452' title='bbox 1069 3498 1331 3563; x_wconf 87' lang='lat' dir='ltr'><strong>mitteret,</strong></span> <span class='ocrx_word' id='word_1_453' title='bbox 1364 3497 1552 3552; x_wconf 87' lang='lat' dir='ltr'><strong>nescio</strong></span> <span class='ocrx_word' id='word_1_454' title='bbox 1581 3513 1691 3567; x_wconf 91' lang='lat' dir='ltr'><strong>quo</strong></span> <span class='ocrx_word' id='word_1_455' title='bbox 1726 3513 1855 3553; x_wconf 89' lang='lat' dir='ltr'><strong>casu</strong></span> <span class='ocrx_word' id='word_1_456' title='bbox 1883 3509 2133 3554; x_wconf 84' lang='lat' dir='ltr'><strong>conster-</strong></span> 
     </span>
    </p>
   </div>
   <div class='ocr_carea' id='block_1_62' title="bbox 549 3591 2130 3663">
    <p class='ocr_par' dir='ltr' id='par_1_62' title="bbox 549 3591 2130 3663">
     <span class='ocr_line' id='line_1_62' title="bbox 549 3591 2130 3663; baseline 0 -15"><span class='ocrx_word' id='word_1_457' title='bbox 549 3604 679 3648; x_wconf 83' lang='lat' dir='ltr'><strong>nata</strong></span> <span class='ocrx_word' id='word_1_458' title='bbox 736 3593 1008 3663; x_wconf 84' lang='lat' dir='ltr'><strong>quibusve</strong></span> <span class='ocrx_word' id='word_1_459' title='bbox 1062 3602 1182 3645; x_wconf 89' lang='lat' dir='ltr'><strong>acta</strong></span> <span class='ocrx_word' id='word_1_460' title='bbox 1235 3591 1564 3657; x_wconf 90' lang='lat' dir='ltr'><strong>terroribus,</strong></span> <span class='ocrx_word' id='word_1_461' title='bbox 1617 3606 1772 3647; x_wconf 85' lang='lat' dir='ltr'><strong>versa</strong></span> <span class='ocrx_word' id='word_1_462' title='bbox 1831 3593 1999 3662; x_wconf 85' lang='lat' dir='ltr'><strong>puppi</strong></span> <span class='ocrx_word' id='word_1_463' title='bbox 2063 3592 2130 3648; x_wconf 88' lang='lat' dir='ltr'><strong>ad</strong></span> 
     </span>
    </p>
   </div>
   <div class='ocr_carea' id='block_1_63' title="bbox 548 3683 2135 3755">
    <p class='ocr_par' dir='ltr' id='par_1_63' title="bbox 548 3683 2135 3755">
     <span class='ocr_line' id='line_1_63' title="bbox 548 3683 2135 3755; baseline 0.003 -18"><span class='ocrx_word' id='word_1_464' title='bbox 548 3692 751 3739; x_wconf 89' lang='lat' dir='ltr'><strong>terram</strong></span> <span class='ocrx_word' id='word_1_465' title='bbox 786 3701 847 3740; x_wconf 87' lang='lat' dir='ltr'><strong>se</strong></span> <span class='ocrx_word' id='word_1_466' title='bbox 873 3685 1151 3742; x_wconf 92' lang='lat' dir='ltr'><strong>subducit.</strong></span> <span class='ocrx_word' id='word_1_467' title='bbox 1184 3683 1463 3739; x_wconf 87' lang='lat' dir='ltr'><strong>Classiarii</strong></span> <span class='ocrx_word' id='word_1_468' title='bbox 1517 3700 1644 3755; x_wconf 83' lang='lat' dir='ltr'><strong>pars</strong></span> <span class='ocrx_word' id='word_1_469' title='bbox 1682 3694 1945 3755; x_wconf 86' lang='lat' dir='ltr'><strong>concepta</strong></span> <span class='ocrx_word' id='word_1_470' title='bbox 1993 3686 2135 3741; x_wconf 76' lang='lat' dir='ltr'><strong>fidu-</strong></span> 
     </span>
    </p>
   </div>
   <div class='ocr_carea' id='block_1_64' title="bbox 548 3777 2134 3848">
    <p class='ocr_par' dir='ltr' id='par_1_64' title="bbox 548 3777 2134 3848">
     <span class='ocr_line' id='line_1_64' title="bbox 548 3777 2134 3848; baseline 0.002 -16"><span class='ocrx_word' id='word_1_471' title='bbox 548 3778 635 3832; x_wconf 83' lang='lat' dir='ltr'><strong>cia</strong></span> <span class='ocrx_word' id='word_1_472' title='bbox 689 3778 759 3832; x_wconf 82' lang='lat' dir='ltr'><strong>ad</strong></span> <span class='ocrx_word' id='word_1_473' title='bbox 791 3779 1180 3848; x_wconf 87' lang='lat' dir='ltr'><strong>imperatorem</strong></span> <span class='ocrx_word' id='word_1_474' title='bbox 1228 3777 1512 3842; x_wconf 85' lang='lat' dir='ltr'><strong>deﬁciunt,</strong></span> <span class='ocrx_word' id='word_1_475' title='bbox 1543 3793 1670 3848; x_wconf 87' lang='lat' dir='ltr'><strong>pars</strong></span> <span class='ocrx_word' id='word_1_476' title='bbox 1707 3779 1775 3832; x_wconf 89' lang='lat' dir='ltr'><strong>ad</strong></span> <span class='ocrx_word' id='word_1_477' title='bbox 1807 3794 1908 3834; x_wconf 87' lang='lat' dir='ltr'><strong>sua</strong></span> <span class='ocrx_word' id='word_1_478' title='bbox 1954 3787 2134 3835; x_wconf 75' lang='lat' dir='ltr'><strong>castra</strong></span> 
     </span>
    </p>
   </div>
   <div class='ocr_carea' id='block_1_65' title="bbox 546 3869 2136 3942">
    <p class='ocr_par' dir='ltr' id='par_1_65' title="bbox 546 3869 2136 3942">
     <span class='ocr_line' id='line_1_65' title="bbox 546 3869 2136 3942; baseline 0.003 -19"><span class='ocrx_word' id='word_1_479' title='bbox 546 3878 695 3924; x_wconf 75' lang='lat' dir='ltr'><strong>terra</strong></span> <span class='ocrx_word' id='word_1_480' title='bbox 728 3877 984 3940; x_wconf 87' lang='lat' dir='ltr'><strong>pergunt,</strong></span> <span class='ocrx_word' id='word_1_481' title='bbox 1030 3885 1094 3924; x_wconf 89' lang='lat' dir='ltr'><strong>ac</strong></span> <span class='ocrx_word' id='word_1_482' title='bbox 1127 3870 1215 3924; x_wconf 88' lang='lat' dir='ltr'><strong>vel</strong></span> <span class='ocrx_word' id='word_1_483' title='bbox 1246 3869 1301 3924; x_wconf 89' lang='lat' dir='ltr'><strong>in</strong></span> <span class='ocrx_word' id='word_1_484' title='bbox 1340 3870 1478 3924; x_wconf 91' lang='lat' dir='ltr'><strong>mari</strong></span> <span class='ocrx_word' id='word_1_485' title='bbox 1517 3871 1726 3926; x_wconf 88' lang='lat' dir='ltr'><strong>versari</strong></span> <span class='ocrx_word' id='word_1_486' title='bbox 1769 3881 1865 3926; x_wconf 88' lang='lat' dir='ltr'><strong>aut</strong></span> <span class='ocrx_word' id='word_1_487' title='bbox 1907 3886 2136 3942; x_wconf 86' lang='lat' dir='ltr'><strong>prorsus</strong></span> 
     </span>
    </p>
   </div>
   <div class='ocr_carea' id='block_1_66' title="bbox 547 3960 2135 4032">
    <p class='ocr_par' dir='ltr' id='par_1_66' title="bbox 547 3960 2135 4032">
     <span class='ocr_line' id='line_1_66' title="bbox 547 3960 2135 4032; baseline 0.005 -20"><span class='ocrx_word' id='word_1_488' title='bbox 547 3974 790 4029; x_wconf 87' lang='lat' dir='ltr'><strong>pugnare</strong></span> <span class='ocrx_word' id='word_1_489' title='bbox 836 3970 1222 4032; x_wconf 83' lang='lat' dir='ltr'><strong>pernegarent.</strong></span> <span class='ocrx_word' id='word_1_490' title='bbox 1259 3960 1353 4016; x_wconf 86' lang='lat' dir='ltr'><strong>Sic</strong></span> <span class='ocrx_word' id='word_1_491' title='bbox 1406 3961 1616 4032; x_wconf 85' lang='lat' dir='ltr'><strong>absque</strong></span> <span class='ocrx_word' id='word_1_492' title='bbox 1645 3962 1836 4019; x_wconf 86' lang='lat' dir='ltr'><strong>labore</strong></span> <span class='ocrx_word' id='word_1_493' title='bbox 1863 3964 2135 4020; x_wconf 87' lang='lat' dir='ltr'><strong>dissoluta</strong></span> 
     </span>
    </p>
   </div>
   <div class='ocr_carea' id='block_1_67' title="bbox 549 4049 2132 4123">
    <p class='ocr_par' dir='ltr' id='par_1_67' title="bbox 549 4049 2132 4123">
     <span class='ocr_line' id='line_1_67' title="bbox 549 4049 2132 4123; baseline 0.005 -19"><span class='ocrx_word' id='word_1_494' title='bbox 549 4049 775 4106; x_wconf 70' lang='lat' dir='ltr'><strong>Thomas</strong></span> <span class='ocrx_word' id='word_1_495' title='bbox 800 4052 1017 4119; x_wconf 84' lang='lat' dir='ltr'><strong>classis,</strong></span> <span class='ocrx_word' id='word_1_496' title='bbox 1044 4053 1324 4123; x_wconf 87' lang='lat' dir='ltr'><strong>cessitque</strong></span> <span class='ocrx_word' id='word_1_497' title='bbox 1366 4054 1421 4109; x_wconf 90' lang='lat' dir='ltr'><strong>in</strong></span> <span class='ocrx_word' id='word_1_498' title='bbox 1454 4054 1711 4119; x_wconf 87' lang='lat' dir='ltr'><strong>nihilum,</strong></span> <span class='ocrx_word' id='word_1_499' title='bbox 1744 4070 1868 4111; x_wconf 88' lang='lat' dir='ltr'><strong>cum</strong></span> <span class='ocrx_word' id='word_1_500' title='bbox 1918 4057 2132 4112; x_wconf 86' lang='lat' dir='ltr'><strong>nullum</strong></span> 
     </span>
    </p>
   </div>
   <div class='ocr_carea' id='block_1_68' title="bbox 545 4146 2131 4217">
    <p class='ocr_par' dir='ltr' id='par_1_68' title="bbox 545 4146 2131 4217">
     <span class='ocr_line' id='line_1_68' title="bbox 545 4146 2131 4217; baseline 0.006 -21"><span class='ocrx_word' id='word_1_501' title='bbox 545 4153 641 4197; x_wconf 84' lang='lat' dir='ltr'><strong>aut</strong></span> <span class='ocrx_word' id='word_1_502' title='bbox 694 4160 795 4214; x_wconf 92' lang='lat' dir='ltr'><strong>pro</strong></span> <span class='ocrx_word' id='word_1_503' title='bbox 847 4146 1071 4201; x_wconf 82' lang='lat' dir='ltr'><strong>navium</strong></span> <span class='ocrx_word' id='word_1_504' title='bbox 1125 4162 1358 4203; x_wconf 87' lang='lat' dir='ltr'><strong>numero</strong></span> <span class='ocrx_word' id='word_1_505' title='bbox 1408 4156 1504 4202; x_wconf 90' lang='lat' dir='ltr'><strong>aut</strong></span> <span class='ocrx_word' id='word_1_506' title='bbox 1560 4162 1663 4217; x_wconf 89' lang='lat' dir='ltr'><strong>pro</strong></span> <span class='ocrx_word' id='word_1_507' title='bbox 1718 4149 2131 4206; x_wconf 87' lang='lat' dir='ltr'><strong>classiariorum</strong></span> 
     </span>
    </p>
   </div>
   <div class='ocr_carea' id='block_1_69' title="bbox 547 4238 1733 4308">
    <p class='ocr_par' dir='ltr' id='par_1_69' title="bbox 547 4238 1733 4308">
     <span class='ocr_line' id='line_1_69' title="bbox 547 4238 1733 4308; baseline 0.006 -18"><span class='ocrx_word' id='word_1_508' title='bbox 547 4238 750 4293; x_wconf 89' lang='lat' dir='ltr'><strong>virtute</strong></span> <span class='ocrx_word' id='word_1_509' title='bbox 800 4240 1126 4308; x_wconf 73' lang='lat' dir='ltr'><strong>praeclarum</strong></span> <span class='ocrx_word' id='word_1_510' title='bbox 1178 4238 1394 4295; x_wconf 78' lang='lat' dir='ltr'><strong>facinus</strong></span> <span class='ocrx_word' id='word_1_511' title='bbox 1444 4242 1733 4297; x_wconf 84' lang='lat' dir='ltr'><strong>edidisset.</strong></span> 
     </span>
    </p>
   </div>
   <div class='ocr_carea' id='block_1_70' title="bbox 2235 3317 3825 3391">
    <p class='ocr_par' dir='ltr' id='par_1_70' title="bbox 2235 3317 3825 3391">
     <span class='ocr_line' id='line_1_70' title="bbox 2235 3317 3825 3391; baseline 0 -20"><span class='ocrx_word' id='word_1_512' title='bbox 2235 3317 2359 3371; x_wconf 85' lang='grc' dir='ltr'>κατ’</span> <span class='ocrx_word' id='word_1_513' title='bbox 2382 3319 2607 3389; x_wconf 77' lang='grc' dir='ltr'>ἦπειρον</span> <span class='ocrx_word' id='word_1_514' title='bbox 2631 3318 2728 3389; x_wconf 83' lang='grc' dir='ltr'>τὴν</span> <span class='ocrx_word' id='word_1_515' title='bbox 2758 3318 3000 3373; x_wconf 87' lang='grc' dir='ltr'>νικῶσαν</span> <span class='ocrx_word' id='word_1_516' title='bbox 3024 3318 3354 3390; x_wconf 75' lang='grc' dir='ltr'>ἐλάμϐανεν.</span> <span class='ocrx_word' id='word_1_517' title='bbox 3386 3319 3476 3382; x_wconf 83' lang='grc' dir='ltr'>Ὧς</span> <span class='ocrx_word' id='word_1_518' title='bbox 3495 3318 3606 3391; x_wconf 85' lang='grc' dir='ltr'><strong>γάρ</strong></span> <span class='ocrx_word' id='word_1_519' title='bbox 3635 3320 3691 3372; x_wconf 78' lang='grc' dir='ltr'>αἱ</span> <span class='ocrx_word' id='word_1_520' title='bbox 3723 3318 3792 3390; x_wconf 87' lang='grc' dir='ltr'>βα</span> <span class='ocrx_word' id='word_1_521' title='bbox 3809 3344 3825 3361; x_wconf 84' lang='lat'><strong>-</strong></span> 
     </span>
    </p>
   </div>
   <div class='ocr_carea' id='block_1_71' title="bbox 2236 3409 3825 3483">
    <p class='ocr_par' dir='ltr' id='par_1_71' title="bbox 2236 3409 3825 3483">
     <span class='ocr_line' id='line_1_71' title="bbox 2236 3409 3825 3483; baseline 0.003 -22"><span class='ocrx_word' id='word_1_522' title='bbox 2236 3409 2444 3462; x_wconf 72' lang='grc' dir='ltr'>σιλικαὶ</span> <span class='ocrx_word' id='word_1_523' title='bbox 2471 3410 2720 3482; x_wconf 85' lang='grc' dir='ltr'>τριήρεις</span> <span class='ocrx_word' id='word_1_524' title='bbox 2749 3412 3020 3482; x_wconf 84' lang='grc' dir='ltr'>ἀνήγοντο</span> <span class='ocrx_word' id='word_1_525' title='bbox 3065 3411 3161 3467; x_wconf 74' lang='grc' dir='ltr'>καὶ</span> <span class='ocrx_word' id='word_1_526' title='bbox 3192 3414 3272 3475; x_wconf 79' lang='grc' dir='ltr'><strong>είς</strong></span> <span class='ocrx_word' id='word_1_527' title='bbox 3323 3412 3516 3483; x_wconf 81' lang='grc' dir='ltr'>χεῖρας</span> <span class='ocrx_word' id='word_1_528' title='bbox 3570 3412 3825 3483; x_wconf 80' lang='grc' dir='ltr'>συνέρχε-</span> 
     </span>
    </p>
   </div>
   <div class='ocr_carea' id='block_1_72' title="bbox 2236 3506 3823 3581">
    <p class='ocr_par' dir='ltr' id='par_1_72' title="bbox 2236 3506 3823 3581">
     <span class='ocr_line' id='line_1_72' title="bbox 2236 3506 3823 3581; baseline 0 -21"><span class='ocrx_word' id='word_1_529' title='bbox 2236 3507 2360 3563; x_wconf 89' lang='grc' dir='ltr'>σθαι</span> <span class='ocrx_word' id='word_1_530' title='bbox 2406 3508 2668 3579; x_wconf 71' lang='grc' dir='ltr'>Ξμελλον,</span> <span class='ocrx_word' id='word_1_531' title='bbox 2702 3508 2830 3581; x_wconf 76' lang='grc' dir='ltr'>ἄρτι</span> <span class='ocrx_word' id='word_1_532' title='bbox 2863 3510 2928 3580; x_wconf 80' lang='grc' dir='ltr'>δὴ</span> <span class='ocrx_word' id='word_1_533' title='bbox 2974 3510 3210 3580; x_wconf 85' lang='grc' dir='ltr'>πόλεμον</span> <span class='ocrx_word' id='word_1_534' title='bbox 3257 3506 3686 3579; x_wconf 82' lang='grc' dir='ltr'>συγκροτοῦντος</span> <span class='ocrx_word' id='word_1_535' title='bbox 3728 3510 3823 3561; x_wconf 80' lang='grc' dir='ltr'>καὶ</span> 
     </span>
    </p>
   </div>
   <div class='ocr_carea' id='block_1_73' title="bbox 2229 3593 3821 3669">
    <p class='ocr_par' dir='ltr' id='par_1_73' title="bbox 2229 3593 3821 3669">
     <span class='ocr_line' id='line_1_73' title="bbox 2229 3593 3821 3669; baseline -0.003 -16"><span class='ocrx_word' id='word_1_536' title='bbox 2229 3599 2411 3663; x_wconf 81' lang='grc' dir='ltr'>λίθους</span> <span class='ocrx_word' id='word_1_537' title='bbox 2429 3601 2756 3669; x_wconf 79' lang='grc' dir='ltr'>ὲπαφιέντος</span> <span class='ocrx_word' id='word_1_538' title='bbox 2785 3601 2880 3654; x_wconf 85' lang='grc' dir='ltr'>τοῦ</span> <span class='ocrx_word' id='word_1_539' title='bbox 2908 3598 3279 3655; x_wconf 73' lang='grc' dir='ltr'>ἀποπατικοῢ</span> <span class='ocrx_word' id='word_1_540' title='bbox 3301 3599 3576 3667; x_wconf 83' lang='grc' dir='ltr'>πλωΐμου,</span> <span class='ocrx_word' id='word_1_541' title='bbox 3600 3598 3701 3650; x_wconf 81' lang='grc' dir='ltr'>οὐκ</span> <span class='ocrx_word' id='word_1_542' title='bbox 3721 3593 3821 3650; x_wconf 75' lang='grc' dir='ltr'>οἷδ’</span> 
     </span>
    </p>
   </div>
   <div class='ocr_carea' id='block_1_74' title="bbox 2230 3690 3819 3764">
    <p class='ocr_par' dir='ltr' id='par_1_74' title="bbox 2230 3690 3819 3764">
     <span class='ocr_line' id='line_1_74' title="bbox 2230 3690 3819 3764; baseline -0.003 -18"><span class='ocrx_word' id='word_1_543' title='bbox 2230 3690 2260 3746; x_wconf 79' lang='grc' dir='ltr'><strong>ὅ</strong></span> <span class='ocrx_word' id='word_1_544' title='bbox 2298 3708 2349 3745; x_wconf 89' lang='grc' dir='ltr'><strong>τι</strong></span> <span class='ocrx_word' id='word_1_545' title='bbox 2378 3692 2643 3755; x_wconf 85' lang='grc' dir='ltr'>παθόντος</span> <span class='ocrx_word' id='word_1_546' title='bbox 2672 3694 2767 3748; x_wconf 84' lang='grc' dir='ltr'>καὶ</span> <span class='ocrx_word' id='word_1_547' title='bbox 2786 3694 3130 3764; x_wconf 85' lang='grc' dir='ltr'>τίσιδείμασι</span> <span class='ocrx_word' id='word_1_548' title='bbox 3161 3691 3256 3745; x_wconf 78' lang='grc' dir='ltr'>καὶ</span> <span class='ocrx_word' id='word_1_549' title='bbox 3275 3690 3528 3761; x_wconf 75' lang='grc' dir='ltr'>θορύϐοις</span> <span class='ocrx_word' id='word_1_550' title='bbox 3552 3700 3819 3758; x_wconf 79' lang='grc' dir='ltr'>περικτυ-</span> 
     </span>
    </p>
   </div>
   <div class='ocr_carea' id='block_1_75' title="bbox 2234 3780 3820 3857">
    <p class='ocr_par' dir='ltr' id='par_1_75' title="bbox 2234 3780 3820 3857">
     <span class='ocr_line' id='line_1_75' title="bbox 2234 3780 3820 3857; baseline -0.003 -21"><span class='ocrx_word' id='word_1_551' title='bbox 2234 3784 2502 3855; x_wconf 78' lang='grc' dir='ltr'>πηθέντος</span> <span class='ocrx_word' id='word_1_552' title='bbox 2556 3786 2651 3840; x_wconf 78' lang='grc' dir='ltr'>καὶ</span> <span class='ocrx_word' id='word_1_553' title='bbox 2684 3786 2944 3857; x_wconf 88' lang='grc' dir='ltr'>πρύμναν</span> <span class='ocrx_word' id='word_1_554' title='bbox 2992 3784 3326 3854; x_wconf 85' lang='grc' dir='ltr'>κρούσαντος</span> <span class='ocrx_word' id='word_1_555' title='bbox 3370 3781 3649 3851; x_wconf 87' lang='grc' dir='ltr'>κατήγετο</span> <span class='ocrx_word' id='word_1_556' title='bbox 3680 3780 3820 3849; x_wconf 76' lang='grc' dir='ltr'>πρὸς</span> 
     </span>
    </p>
   </div>
   <div class='ocr_carea' id='block_1_76' title="bbox 2231 3871 3815 3949">
    <p class='ocr_par' dir='ltr' id='par_1_76' title="bbox 2231 3871 3815 3949">
     <span class='ocr_line' id='line_1_76' title="bbox 2231 3871 3815 3949; baseline -0.004 -20"><span class='ocrx_word' id='word_1_557' title='bbox 2231 3878 2330 3948; x_wconf 81' lang='grc' dir='ltr'>τὴν</span> <span class='ocrx_word' id='word_1_558' title='bbox 2357 3878 2586 3949; x_wconf 60' lang='grc' dir='ltr'>χέρσον</span> <span class='ocrx_word' id='word_1_559' title='bbox 2624 3878 2720 3932; x_wconf 74' lang='grc' dir='ltr'>καὶ</span> <span class='ocrx_word' id='word_1_560' title='bbox 2752 3880 2803 3932; x_wconf 78' lang='lat' dir='ltr'><strong>oi</strong></span> <span class='ocrx_word' id='word_1_561' title='bbox 2859 3880 2957 3949; x_wconf 76' lang='grc' dir='ltr'>μὲν</span> <span class='ocrx_word' id='word_1_562' title='bbox 2989 3876 3099 3930; x_wconf 86' lang='grc' dir='ltr'><strong>τῶν</strong></span> <span class='ocrx_word' id='word_1_563' title='bbox 3133 3873 3347 3946; x_wconf 82' lang='grc' dir='ltr'>ἀνδρῶν</span> <span class='ocrx_word' id='word_1_564' title='bbox 3404 3873 3543 3944; x_wconf 79' lang='grc' dir='ltr'>πρὸς</span> <span class='ocrx_word' id='word_1_565' title='bbox 3588 3871 3815 3941; x_wconf 83' lang='grc' dir='ltr'>βασιλέα</span> 
     </span>
    </p>
   </div>
   <div class='ocr_carea' id='block_1_77' title="bbox 2234 3962 3820 4042">
    <p class='ocr_par' dir='ltr' id='par_1_77' title="bbox 2234 3962 3820 4042">
     <span class='ocr_line' id='line_1_77' title="bbox 2234 3962 3820 4042; baseline -0.008 -17"><span class='ocrx_word' id='word_1_566' title='bbox 2234 3968 2665 4041; x_wconf 81' lang='grc' dir='ltr'>αύτομολοῠντες</span> <span class='ocrx_word' id='word_1_567' title='bbox 2694 3970 2963 4042; x_wconf 70' lang='grc' dir='ltr'>ἐθάρρουν</span> <span class='ocrx_word' id='word_1_568' title='bbox 2992 3966 3429 4041; x_wconf 80' lang='grc' dir='ltr'>μετατιθέμενοι,</span> <span class='ocrx_word' id='word_1_569' title='bbox 3448 3967 3497 4017; x_wconf 76' lang='lat' dir='ltr'><strong>oi</strong></span> <span class='ocrx_word' id='word_1_570' title='bbox 3516 3964 3573 4017; x_wconf 80' lang='grc' dir='ltr'>δὲ</span> <span class='ocrx_word' id='word_1_571' title='bbox 3596 3963 3733 4033; x_wconf 78' lang='grc' dir='ltr'>πρὸς</span> <span class='ocrx_word' id='word_1_572' title='bbox 3757 3962 3820 4013; x_wconf 80' lang='grc' dir='ltr'>τὸ</span> 
     </span>
    </p>
   </div>
   <div class='ocr_carea' id='block_1_78' title="bbox 2232 4053 3823 4135">
    <p class='ocr_par' dir='ltr' id='par_1_78' title="bbox 2232 4053 3823 4135">
     <span class='ocr_line' id='line_1_78' title="bbox 2232 4053 3823 4135; baseline -0.007 -16"><span class='ocrx_word' id='word_1_573' title='bbox 2232 4066 2437 4119; x_wconf 78' lang='grc' dir='ltr'>οἰκεῖον</span> <span class='ocrx_word' id='word_1_574' title='bbox 2466 4065 2830 4135; x_wconf 87' lang='grc' dir='ltr'>στρατόπεδον</span> <span class='ocrx_word' id='word_1_575' title='bbox 2861 4065 2922 4118; x_wconf 85' lang='grc' dir='ltr'><strong>τὸ</strong></span> <span class='ocrx_word' id='word_1_576' title='bbox 2957 4063 3100 4117; x_wconf 88' lang='grc' dir='ltr'><strong>κατά</strong></span> <span class='ocrx_word' id='word_1_577' title='bbox 3149 4063 3254 4133; x_wconf 85' lang='grc' dir='ltr'>γῆν</span> <span class='ocrx_word' id='word_1_578' title='bbox 3304 4058 3725 4129; x_wconf 81' lang='grc' dir='ltr'>ἀπεδίδρασκον,</span> <span class='ocrx_word' id='word_1_579' title='bbox 3759 4053 3823 4108; x_wconf 81' lang='grc' dir='ltr'><strong>τδ</strong></span> 
     </span>
    </p>
   </div>
   <div class='ocr_carea' id='block_1_79' title="bbox 2235 4150 3823 4225">
    <p class='ocr_par' dir='ltr' id='par_1_79' title="bbox 2235 4150 3823 4225">
     <span class='ocr_line' id='line_1_79' title="bbox 2235 4150 3823 4225; baseline -0.005 -16"><span class='ocrx_word' id='word_1_580' title='bbox 2235 4157 2381 4211; x_wconf 82' lang='grc' dir='ltr'><strong>κατά</strong></span> <span class='ocrx_word' id='word_1_581' title='bbox 2410 4157 2689 4211; x_wconf 90' lang='grc' dir='ltr'>θάλασσαν</span> <span class='ocrx_word' id='word_1_582' title='bbox 2726 4154 2865 4210; x_wconf 82' lang='grc' dir='ltr'>εἶναι</span> <span class='ocrx_word' id='word_1_583' title='bbox 2903 4157 3000 4209; x_wconf 77' lang='grc' dir='ltr'>καὶ</span> <span class='ocrx_word' id='word_1_584' title='bbox 3024 4151 3389 4225; x_wconf 80' lang='grc' dir='ltr'>διαμάχεσθαι</span> <span class='ocrx_word' id='word_1_585' title='bbox 3421 4150 3823 4220; x_wconf 80' lang='grc' dir='ltr'>ἀπαρνησάμε-</span> 
     </span>
    </p>
   </div>
   <div class='ocr_carea' id='block_1_80' title="bbox 2234 4237 3824 4313">
    <p class='ocr_par' dir='ltr' id='par_1_80' title="bbox 2234 4237 3824 4313">
     <span class='ocr_line' id='line_1_80' title="bbox 2234 4237 3824 4313; baseline -0.009 -11"><span class='ocrx_word' id='word_1_586' title='bbox 2234 4265 2316 4302; x_wconf 90' lang='grc' dir='ltr'><strong>νοι</strong></span> <span class='ocrx_word' id='word_1_587' title='bbox 2350 4248 2651 4310; x_wconf 60' lang='grc' dir='ltr'>παντελῶς.</span> <span class='ocrx_word' id='word_1_588' title='bbox 2679 4246 2838 4299; x_wconf 76' lang='grc' dir='ltr'>Οὒτω</span> <span class='ocrx_word' id='word_1_589' title='bbox 2863 4245 2961 4313; x_wconf 86' lang='grc' dir='ltr'><strong>μὲν</strong></span> <span class='ocrx_word' id='word_1_590' title='bbox 2988 4240 3084 4296; x_wconf 81' lang='grc' dir='ltr'>οὖν</span> <span class='ocrx_word' id='word_1_591' title='bbox 3107 4241 3340 4309; x_wconf 70' lang='grc' dir='ltr'>ἀπονητὶ</span> <span class='ocrx_word' id='word_1_592' title='bbox 3358 4239 3575 4307; x_wconf 85' lang='grc' dir='ltr'>διελύθη</span> <span class='ocrx_word' id='word_1_593' title='bbox 3601 4237 3662 4292; x_wconf 78' lang='grc' dir='ltr'>τὸ</span> <span class='ocrx_word' id='word_1_594' title='bbox 3690 4253 3824 4289; x_wconf 87' lang='grc' dir='ltr'>ναν-</span> 
     </span>
    </p>
   </div>
   <div class='ocr_carea' id='block_1_81' title="bbox 543 4327 3822 4406">
    <p class='ocr_par' dir='ltr' id='par_1_81' title="bbox 543 4327 3822 4406">
     <span class='ocr_line' id='line_1_81' title="bbox 543 4327 3822 4406; baseline -0.002 -15"><span class='ocrx_word' id='word_1_595' title='bbox 543 4327 729 4394; x_wconf 68' lang='grc' dir='ltr'>τικδν,</span> <span class='ocrx_word' id='word_1_596' title='bbox 755 4330 1015 4391; x_wconf 59' lang='lat' dir='ltr'><strong>Ital-1‘09;</strong></span> <span class='ocrx_word' id='word_1_597' title='bbox 1044 4328 1328 4399; x_wconf 67' lang='grc' dir='ltr'>ἐχώρησεν</span> <span class='ocrx_word' id='word_1_598' title='bbox 1385 4328 1473 4400; x_wconf 75' lang='grc' dir='ltr'><strong>[Ρ-</strong></span> <span class='ocrx_word' id='word_1_599' title='bbox 1502 4329 1595 4401; x_wconf 76' lang='grc'><strong>40]</strong></span> <span class='ocrx_word' id='word_1_600' title='bbox 1642 4333 1723 4393; x_wconf 76' lang='grc' dir='ltr'>είς</span> <span class='ocrx_word' id='word_1_601' title='bbox 1766 4332 1942 4397; x_wconf 76' lang='grc' dir='ltr'>οὐδὲν,</span> <span class='ocrx_word' id='word_1_602' title='bbox 1975 4335 2129 4401; x_wconf 73' lang='grc' dir='ltr'>ἀξιον</span> <span class='ocrx_word' id='word_1_603' title='bbox 2153 4337 2278 4390; x_wconf 82' lang='grc' dir='ltr'>οὕτε</span> <span class='ocrx_word' id='word_1_604' title='bbox 2313 4339 2361 4375; x_wconf 71' lang='grc' dir='ltr'><strong>υ</strong></span> <span class='ocrx_word' id='word_1_605' title='bbox 2387 4339 2482 4393; x_wconf 79' lang='grc' dir='ltr'>τοῦ</span> <span class='ocrx_word' id='word_1_606' title='bbox 2532 4332 2773 4406; x_wconf 79' lang='grc' dir='ltr'>πλήθους</span> <span class='ocrx_word' id='word_1_607' title='bbox 2823 4335 2935 4388; x_wconf 89' lang='grc' dir='ltr'><strong>τῶν</strong></span> <span class='ocrx_word' id='word_1_608' title='bbox 2976 4334 3114 4390; x_wconf 87' lang='grc' dir='ltr'>νεῶν</span> <span class='ocrx_word' id='word_1_609' title='bbox 3165 4332 3293 4385; x_wconf 76' lang='grc' dir='ltr'>οὒτε</span> <span class='ocrx_word' id='word_1_610' title='bbox 3346 4330 3457 4385; x_wconf 86' lang='grc' dir='ltr'><strong>τῶν</strong></span> <span class='ocrx_word' id='word_1_611' title='bbox 3521 4332 3603 4395; x_wconf 79' lang='grc' dir='ltr'>εις</span> <span class='ocrx_word' id='word_1_612' title='bbox 3650 4332 3822 4392; x_wconf 79' lang='grc' dir='ltr'>αὑτὰς</span> 
     </span>
    </p>
   </div>
   <div class='ocr_carea' id='block_1_82' title="bbox 544 4418 1689 4490">
    <p class='ocr_par' dir='ltr' id='par_1_82' title="bbox 544 4418 1689 4490">
     <span class='ocr_line' id='line_1_82' title="bbox 544 4418 1689 4490; baseline 0.001 -17"><span class='ocrx_word' id='word_1_613' title='bbox 544 4418 964 4490; x_wconf 70' lang='grc' dir='ltr'>ἀναϐεϐηκότων</span> <span class='ocrx_word' id='word_1_614' title='bbox 985 4419 1197 4489; x_wconf 65' lang='grc' dir='ltr'>ἀνδρῶν</span> <span class='ocrx_word' id='word_1_615' title='bbox 1225 4419 1689 4488; x_wconf 83' lang='grc' dir='ltr'>διαπραξάμενον.</span> 
     </span>
    </p>
   </div>
   <div class='ocr_carea' id='block_1_83' title="bbox 618 4507 2211 4590">
    <p class='ocr_par' dir='ltr' id='par_1_83' title="bbox 618 4507 2211 4590">
     <span class='ocr_line' id='line_1_83' title="bbox 618 4507 2211 4590; baseline 0.004 -25"><span class='ocrx_word' id='word_1_616' title='bbox 618 4508 707 4565; x_wconf 73' lang='grc'><strong>16.</strong></span> <span class='ocrx_word' id='word_1_617' title='bbox 754 4507 896 4564; x_wconf 81' lang='lat' dir='ltr'><strong>Hinc</strong></span> <span class='ocrx_word' id='word_1_618' title='bbox 933 4526 1177 4580; x_wconf 88' lang='lat' dir='ltr'><strong>quoque,</strong></span> <span class='ocrx_word' id='word_1_619' title='bbox 1216 4512 1379 4581; x_wconf 83' lang='lat' dir='ltr'><strong>cujus</strong></span> <span class='ocrx_word' id='word_1_620' title='bbox 1408 4511 1521 4581; x_wconf 85' lang='lat' dir='ltr'><strong>jam</strong></span> <span class='ocrx_word' id='word_1_621' title='bbox 1557 4512 1935 4583; x_wconf 79' lang='lat' dir='ltr'><strong>meminimus,</strong></span> <span class='ocrx_word' id='word_1_622' title='bbox 1989 4515 2130 4571; x_wconf 84' lang='lat' dir='ltr'><strong>Gre-</strong></span> <span class='ocrx_word' id='word_1_623' title='bbox 2156 4530 2211 4590; x_wconf 72' lang='grc' dir='ltr'><strong><em>Β</em></strong></span> 
     </span>
    </p>
   </div>
   <div class='ocr_carea' id='block_1_84' title="bbox 545 4601 2135 4674">
    <p class='ocr_par' dir='ltr' id='par_1_84' title="bbox 545 4601 2135 4674">
     <span class='ocr_line' id='line_1_84' title="bbox 545 4601 2135 4674; baseline 0.003 -17"><span class='ocrx_word' id='word_1_624' title='bbox 545 4601 758 4670; x_wconf 78' lang='lat' dir='ltr'><strong>gorius,</strong></span> <span class='ocrx_word' id='word_1_625' title='bbox 789 4614 916 4655; x_wconf 89' lang='lat' dir='ltr'><strong>cum</strong></span> <span class='ocrx_word' id='word_1_626' title='bbox 954 4601 1291 4657; x_wconf 85' lang='lat' dir='ltr'><strong>desertorem</strong></span> <span class='ocrx_word' id='word_1_627' title='bbox 1330 4601 1600 4657; x_wconf 81' lang='lat' dir='ltr'><strong>Thomam</strong></span> <span class='ocrx_word' id='word_1_628' title='bbox 1630 4603 1842 4674; x_wconf 65' lang='lat' dir='ltr'><strong>exigua;</strong></span> <span class='ocrx_word' id='word_1_629' title='bbox 1892 4607 2135 4661; x_wconf 83' lang='lat' dir='ltr'><strong>auctori-</strong></span> 
     </span>
    </p>
   </div>
   <div class='ocr_carea' id='block_1_85' title="bbox 546 4694 2135 4772">
    <p class='ocr_par' dir='ltr' id='par_1_85' title="bbox 546 4694 2135 4772">
     <span class='ocr_line' id='line_1_85' title="bbox 546 4694 2135 4772; baseline 0 -19"><span class='ocrx_word' id='word_1_630' title='bbox 546 4694 677 4753; x_wconf 72' lang='lat' dir='ltr'><strong>tatis</strong></span> <span class='ocrx_word' id='word_1_631' title='bbox 709 4706 854 4756; x_wconf 73' lang='lat' dir='ltr'><strong>esse,</strong></span> <span class='ocrx_word' id='word_1_632' title='bbox 878 4695 1224 4766; x_wconf 87' lang='lat' dir='ltr'><strong>multumque</strong></span> <span class='ocrx_word' id='word_1_633' title='bbox 1254 4695 1305 4750; x_wconf 90' lang='lat' dir='ltr'><strong>ei</strong></span> <span class='ocrx_word' id='word_1_634' title='bbox 1330 4696 1573 4751; x_wconf 76' lang='lat' dir='ltr'><strong>nominis</strong></span> <span class='ocrx_word' id='word_1_635' title='bbox 1600 4696 1922 4763; x_wconf 73' lang='lat' dir='ltr'><strong>decessisse,</strong></span> <span class='ocrx_word' id='word_1_636' title='bbox 1949 4699 2135 4772; x_wconf 68' lang='lat' dir='ltr'><strong>longe.</strong></span> 
     </span>
    </p>
   </div>
   <div class='ocr_carea' id='block_1_86' title="bbox 543 4785 2136 4862">
    <p class='ocr_par' dir='ltr' id='par_1_86' title="bbox 543 4785 2136 4862">
     <span class='ocr_line' id='line_1_86' title="bbox 543 4785 2136 4862; baseline 0.002 -20"><span class='ocrx_word' id='word_1_637' title='bbox 543 4802 652 4856; x_wconf 66' lang='lat' dir='ltr'><strong>que</strong></span> <span class='ocrx_word' id='word_1_638' title='bbox 696 4785 936 4855; x_wconf 77' lang='lat' dir='ltr'><strong>amplius</strong></span> <span class='ocrx_word' id='word_1_639' title='bbox 965 4786 1041 4842; x_wconf 83' lang='lat' dir='ltr'><strong>illi</strong></span> <span class='ocrx_word' id='word_1_640' title='bbox 1090 4788 1441 4857; x_wconf 82' lang='lat' dir='ltr'><strong>postmodum</strong></span> <span class='ocrx_word' id='word_1_641' title='bbox 1479 4788 1833 4845; x_wconf 84' lang='lat' dir='ltr'><strong>decessurum</strong></span> <span class='ocrx_word' id='word_1_642' title='bbox 1864 4790 2136 4862; x_wconf 77' lang='lat' dir='ltr'><strong>intellige-</strong></span> 
     </span>
    </p>
   </div>
   <div class='ocr_carea' id='block_1_87' title="bbox 544 4879 2134 4953">
    <p class='ocr_par' dir='ltr' id='par_1_87' title="bbox 544 4879 2134 4953">
     <span class='ocr_line' id='line_1_87' title="bbox 544 4879 2134 4953; baseline 0.003 -16"><span class='ocrx_word' id='word_1_643' title='bbox 544 4891 650 4945; x_wconf 76' lang='lat' dir='ltr'><strong>ret,</strong></span> <span class='ocrx_word' id='word_1_644' title='bbox 712 4879 916 4951; x_wconf 76' lang='lat' dir='ltr'><strong>quippe</strong></span> <span class='ocrx_word' id='word_1_645' title='bbox 968 4880 1180 4935; x_wconf 89' lang='lat' dir='ltr'><strong>homini</strong></span> <span class='ocrx_word' id='word_1_646' title='bbox 1236 4881 1344 4952; x_wconf 67' lang='grc' dir='ltr'><strong>σε</strong></span> <span class='ocrx_word' id='word_1_647' title='bbox 1381 4883 1597 4953; x_wconf 88' lang='lat' dir='ltr'><strong>poculis</strong></span> <span class='ocrx_word' id='word_1_648' title='bbox 1655 4883 1862 4950; x_wconf 79' lang='lat' dir='ltr'><strong>dedito,</strong></span> <span class='ocrx_word' id='word_1_649' title='bbox 1922 4892 1976 4940; x_wconf 81' lang='lat' dir='ltr'><strong>et</strong></span> <span class='ocrx_word' id='word_1_650' title='bbox 2045 4887 2134 4941; x_wconf 91' lang='lat' dir='ltr'><strong>cui</strong></span> 
     </span>
    </p>
   </div>
   <div class='ocr_carea' id='block_1_88' title="bbox 545 4973 2136 5048">
    <p class='ocr_par' dir='ltr' id='par_1_88' title="bbox 545 4973 2136 5048">
     <span class='ocr_line' id='line_1_88' title="bbox 545 4973 2136 5048; baseline 0.005 -22"><span class='ocrx_word' id='word_1_651' title='bbox 545 4973 789 5035; x_wconf 66' lang='lat' dir='ltr'><strong>maxime</strong></span> <span class='ocrx_word' id='word_1_652' title='bbox 827 4973 1116 5044; x_wconf 71' lang='lat' dir='ltr'><strong>prudentia</strong></span> <span class='ocrx_word' id='word_1_653' title='bbox 1152 4975 1390 5043; x_wconf 85' lang='lat' dir='ltr'><strong>deesset,</strong></span> <span class='ocrx_word' id='word_1_654' title='bbox 1418 4991 1525 5046; x_wconf 90' lang='lat' dir='ltr'><strong>qua</strong></span> <span class='ocrx_word' id='word_1_655' title='bbox 1560 4976 1911 5046; x_wconf 77' lang='lat' dir='ltr'><strong>potissimum</strong></span> <span class='ocrx_word' id='word_1_656' title='bbox 1939 4993 2004 5034; x_wconf 89' lang='lat' dir='ltr'><strong>ac</strong></span> <span class='ocrx_word' id='word_1_657' title='bbox 2024 4993 2136 5048; x_wconf 77' lang='lat' dir='ltr'><strong>pm</strong></span> 
     </span>
    </p>
   </div>
   <div class='ocr_carea' id='block_1_89' title="bbox 544 5066 2135 5138">
    <p class='ocr_par' dir='ltr' id='par_1_89' title="bbox 544 5066 2135 5138">
     <span class='ocr_line' id='line_1_89' title="bbox 544 5066 2135 5138; baseline 0.002 -18"><span class='ocrx_word' id='word_1_658' title='bbox 544 5067 698 5125; x_wconf 84' lang='lat' dir='ltr'><strong>omni</strong></span> <span class='ocrx_word' id='word_1_659' title='bbox 731 5066 840 5123; x_wconf 73' lang='lat' dir='ltr'><strong>alia</strong></span> <span class='ocrx_word' id='word_1_660' title='bbox 888 5066 1090 5122; x_wconf 82' lang='lat' dir='ltr'><strong>virtute</strong></span> <span class='ocrx_word' id='word_1_661' title='bbox 1140 5077 1409 5137; x_wconf 83' lang='lat' dir='ltr'><strong>parantur</strong></span> <span class='ocrx_word' id='word_1_662' title='bbox 1448 5068 1717 5134; x_wconf 72' lang='lat' dir='ltr'><strong>victoria),</strong></span> <span class='ocrx_word' id='word_1_663' title='bbox 1770 5079 1983 5138; x_wconf 80' lang='lat' dir='ltr'><strong>partem</strong></span> <span class='ocrx_word' id='word_1_664' title='bbox 2031 5070 2135 5123; x_wconf 91' lang='lat' dir='ltr'><strong>all-</strong></span> 
     </span>
    </p>
   </div>
   <div class='ocr_carea' id='block_1_90' title="bbox 546 5157 2135 5230">
    <p class='ocr_par' dir='ltr' id='par_1_90' title="bbox 546 5157 2135 5230">
     <span class='ocr_line' id='line_1_90' title="bbox 546 5157 2135 5230; baseline 0 -13"><span class='ocrx_word' id='word_1_665' title='bbox 546 5170 711 5224; x_wconf 72' lang='lat' dir='ltr'><strong>quam</strong></span> <span class='ocrx_word' id='word_1_666' title='bbox 740 5170 930 5215; x_wconf 77' lang='lat' dir='ltr'><strong>secum</strong></span> <span class='ocrx_word' id='word_1_667' title='bbox 959 5169 1252 5215; x_wconf 79' lang='lat' dir='ltr'><strong>assumens</strong></span> <span class='ocrx_word' id='word_1_668' title='bbox 1292 5157 1555 5228; x_wconf 65' lang='lat' dir='ltr'><strong>subiectat</strong></span> <span class='ocrx_word' id='word_1_669' title='bbox 1584 5158 1837 5229; x_wconf 81' lang='lat' dir='ltr'><strong>legionis,</strong></span> <span class='ocrx_word' id='word_1_670' title='bbox 1869 5160 2135 5230; x_wconf 83' lang='lat' dir='ltr'><strong>priusque</strong></span> 
     </span>
    </p>
   </div>
   <div class='ocr_carea' id='block_1_91' title="bbox 547 5248 2129 5321">
    <p class='ocr_par' dir='ltr' id='par_1_91' title="bbox 547 5248 2129 5321">
     <span class='ocr_line' id='line_1_91' title="bbox 547 5248 2129 5321; baseline 0.004 -19"><span class='ocrx_word' id='word_1_671' title='bbox 547 5249 803 5311; x_wconf 77' lang='lat' dir='ltr'><strong>monachi</strong></span> <span class='ocrx_word' id='word_1_672' title='bbox 850 5248 1139 5319; x_wconf 81' lang='lat' dir='ltr'><strong>cujusdam</strong></span> <span class='ocrx_word' id='word_1_673' title='bbox 1188 5250 1428 5309; x_wconf 83' lang='lat' dir='ltr'><strong>studiani</strong></span> <span class='ocrx_word' id='word_1_674' title='bbox 1478 5250 1717 5321; x_wconf 85' lang='lat' dir='ltr'><strong>collegii,</strong></span> <span class='ocrx_word' id='word_1_675' title='bbox 1752 5251 1813 5305; x_wconf 90' lang='lat' dir='ltr'><strong>in</strong></span> <span class='ocrx_word' id='word_1_676' title='bbox 1855 5266 1977 5307; x_wconf 82' lang='lat' dir='ltr'><strong>eam</strong></span> <span class='ocrx_word' id='word_1_677' title='bbox 2012 5267 2129 5309; x_wconf 83' lang='lat' dir='ltr'><strong>rem</strong></span> 
     </span>
    </p>
   </div>
   <div class='ocr_carea' id='block_1_92' title="bbox 548 5340 2124 5414">
    <p class='ocr_par' dir='ltr' id='par_1_92' title="bbox 548 5340 2124 5414">
     <span class='ocr_line' id='line_1_92' title="bbox 548 5340 2124 5414; baseline -0.002 -13"><span class='ocrx_word' id='word_1_678' title='bbox 548 5340 727 5403; x_wconf 68' lang='lat' dir='ltr'><strong>missi.</strong></span> <span class='ocrx_word' id='word_1_679' title='bbox 750 5356 915 5411; x_wconf 78' lang='lat' dir='ltr'><strong>opera</strong></span> <span class='ocrx_word' id='word_1_680' title='bbox 940 5343 1350 5402; x_wconf 74' lang='lat' dir='ltr'><strong>communicato</strong></span> <span class='ocrx_word' id='word_1_681' title='bbox 1370 5358 1497 5403; x_wconf 87' lang='lat' dir='ltr'><strong>eum</strong></span> <span class='ocrx_word' id='word_1_682' title='bbox 1521 5342 1854 5414; x_wconf 84' lang='lat' dir='ltr'><strong>imperatore</strong></span> <span class='ocrx_word' id='word_1_683' title='bbox 1872 5345 2124 5410; x_wconf 85' lang='lat' dir='ltr'><strong>consilio,</strong></span> 
     </span>
    </p>
   </div>
   <div class='ocr_carea' id='block_1_93' title="bbox 544 5431 2130 5506">
    <p class='ocr_par' dir='ltr' id='par_1_93' title="bbox 544 5431 2130 5506">
     <span class='ocr_line' id='line_1_93' title="bbox 544 5431 2130 5506; baseline 0.004 -23"><span class='ocrx_word' id='word_1_684' title='bbox 544 5444 577 5484; x_wconf 81' lang='lat' dir='ltr'><strong>a</strong></span> <span class='ocrx_word' id='word_1_685' title='bbox 624 5431 837 5501; x_wconf 83' lang='lat' dir='ltr'><strong>reliquo</strong></span> <span class='ocrx_word' id='word_1_686' title='bbox 872 5447 931 5489; x_wconf 80' lang='lat' dir='ltr'><strong>se</strong></span> <span class='ocrx_word' id='word_1_687' title='bbox 967 5439 1213 5493; x_wconf 75' lang='lat' dir='ltr'><strong>exercitu</strong></span> <span class='ocrx_word' id='word_1_688' title='bbox 1255 5434 1461 5501; x_wconf 79' lang='lat' dir='ltr'><strong>avellit,</strong></span> <span class='ocrx_word' id='word_1_689' title='bbox 1511 5445 1853 5504; x_wconf 84' lang='lat' dir='ltr'><strong>tyrannoque</strong></span> <span class='ocrx_word' id='word_1_690' title='bbox 1896 5450 1928 5488; x_wconf 85' lang='lat' dir='ltr'><strong>a</strong></span> <span class='ocrx_word' id='word_1_691' title='bbox 1976 5442 2130 5506; x_wconf 83' lang='lat' dir='ltr'><strong>tergo</strong></span> 
     </span>
    </p>
   </div>
   <div class='ocr_carea' id='block_1_94' title="bbox 543 5524 2125 5589">
    <p class='ocr_par' dir='ltr' id='par_1_94' title="bbox 543 5524 2125 5589">
     <span class='ocr_line' id='line_1_94' title="bbox 543 5524 2125 5589; baseline 0.003 -10"><span class='ocrx_word' id='word_1_692' title='bbox 543 5524 770 5587; x_wconf 82' lang='lat' dir='ltr'><strong>secedit,</strong></span> <span class='ocrx_word' id='word_1_693' title='bbox 799 5534 913 5581; x_wconf 84' lang='lat' dir='ltr'><strong>tum</strong></span> <span class='ocrx_word' id='word_1_694' title='bbox 943 5534 1004 5584; x_wconf 78' lang='grc' dir='ltr'><strong>ιιι</strong></span> <span class='ocrx_word' id='word_1_695' title='bbox 1036 5528 1188 5585; x_wconf 80' lang='lat' dir='ltr'><strong>illum</strong></span> <span class='ocrx_word' id='word_1_696' title='bbox 1234 5536 1539 5584; x_wconf 57' lang='lat' dir='ltr'><strong>«terreret</strong></span> <span class='ocrx_word' id='word_1_697' title='bbox 1569 5542 1644 5589; x_wconf 78' lang='lat' dir='ltr'><strong>ac</strong></span> <span class='ocrx_word' id='word_1_698' title='bbox 1682 5527 1997 5585; x_wconf 84' lang='lat' dir='ltr'><strong>turbatione</strong></span> <span class='ocrx_word' id='word_1_699' title='bbox 2023 5528 2125 5583; x_wconf 80' lang='lat' dir='ltr'><strong>im-</strong></span> 
     </span>
    </p>
   </div>
   <div class='ocr_carea' id='block_1_95' title="bbox 2310 4505 3821 4581">
    <p class='ocr_par' dir='ltr' id='par_1_95' title="bbox 2310 4505 3821 4581">
     <span class='ocr_line' id='line_1_95' title="bbox 2310 4505 3821 4581; baseline -0.007 -11"><span class='ocrx_word' id='word_1_700' title='bbox 2310 4522 2408 4581; x_wconf 83' lang='grc' dir='ltr'>ις’.</span> <span class='ocrx_word' id='word_1_701' title='bbox 2444 4512 2617 4567; x_wconf 85' lang='grc' dir='ltr'>Ὅθεν</span> <span class='ocrx_word' id='word_1_702' title='bbox 2649 4511 2744 4564; x_wconf 76' lang='grc' dir='ltr'><strong>καὶ</strong></span> <span class='ocrx_word' id='word_1_703' title='bbox 2772 4507 3073 4580; x_wconf 86' lang='grc' dir='ltr'>Γρηγόριος</span> <span class='ocrx_word' id='word_1_704' title='bbox 3096 4507 3125 4559; x_wconf 90' lang='grc' dir='ltr'><strong>ό</strong></span> <span class='ocrx_word' id='word_1_705' title='bbox 3160 4505 3422 4577; x_wconf 74' lang='grc' dir='ltr'>δηλωθεὶς</span> <span class='ocrx_word' id='word_1_706' title='bbox 3456 4505 3821 4576; x_wconf 81' lang='grc' dir='ltr'>συνεωρακὼς</span> 
     </span>
    </p>
   </div>
   <div class='ocr_carea' id='block_1_96' title="bbox 2231 4598 3821 4669">
    <p class='ocr_par' dir='ltr' id='par_1_96' title="bbox 2231 4598 3821 4669">
     <span class='ocr_line' id='line_1_96' title="bbox 2231 4598 3821 4669; baseline -0.008 -6"><span class='ocrx_word' id='word_1_707' title='bbox 2231 4609 2396 4664; x_wconf 79' lang='grc' dir='ltr'>αὐτόν</span> <span class='ocrx_word' id='word_1_708' title='bbox 2423 4623 2483 4660; x_wconf 93' lang='grc' dir='ltr'><strong>τε</strong></span> <span class='ocrx_word' id='word_1_709' title='bbox 2515 4602 2705 4658; x_wconf 78' lang='grc' dir='ltr'>τοῦτον</span> <span class='ocrx_word' id='word_1_710' title='bbox 2736 4603 2827 4656; x_wconf 83' lang='grc' dir='ltr'><strong>τὸν</strong></span> <span class='ocrx_word' id='word_1_711' title='bbox 2851 4600 3166 4669; x_wconf 82' lang='grc' dir='ltr'>ἀποστάτην</span> <span class='ocrx_word' id='word_1_712' title='bbox 3186 4599 3670 4669; x_wconf 80' lang='grc' dir='ltr'>εὐκαταφρόνητον</span> <span class='ocrx_word' id='word_1_713' title='bbox 3690 4598 3821 4651; x_wconf 77' lang='grc' dir='ltr'>ὄντα</span> 
     </span>
    </p>
   </div>
   <div class='ocr_carea' id='block_1_97' title="bbox 2230 4689 3819 4767">
    <p class='ocr_par' dir='ltr' id='par_1_97' title="bbox 2230 4689 3819 4767">
     <span class='ocr_line' id='line_1_97' title="bbox 2230 4689 3819 4767; baseline -0.008 -12"><span class='ocrx_word' id='word_1_714' title='bbox 2230 4718 2291 4755; x_wconf 90' lang='grc' dir='ltr'><strong>τε</strong></span> <span class='ocrx_word' id='word_1_715' title='bbox 2317 4701 2413 4754; x_wconf 74' lang='grc' dir='ltr'>καὶ</span> <span class='ocrx_word' id='word_1_716' title='bbox 2438 4698 2604 4752; x_wconf 69' lang='grc' dir='ltr'>πλόον</span> <span class='ocrx_word' id='word_1_717' title='bbox 2630 4696 2915 4767; x_wconf 85' lang='grc' dir='ltr'>προίόντος</span> <span class='ocrx_word' id='word_1_718' title='bbox 2942 4691 3037 4746; x_wconf 83' lang='grc' dir='ltr'><strong>τοῦ</strong></span> <span class='ocrx_word' id='word_1_719' title='bbox 3076 4692 3273 4763; x_wconf 89' lang='grc' dir='ltr'>χρόνου</span> <span class='ocrx_word' id='word_1_720' title='bbox 3300 4690 3691 4760; x_wconf 86' lang='grc' dir='ltr'>γενησόμενον,</span> <span class='ocrx_word' id='word_1_721' title='bbox 3720 4689 3819 4743; x_wconf 75' lang='grc' dir='ltr'>ἅτε</span> 
     </span>
    </p>
   </div>
   <div class='ocr_carea' id='block_1_98' title="bbox 2231 4780 3820 4862">
    <p class='ocr_par' dir='ltr' id='par_1_98' title="bbox 2231 4780 3820 4862">
     <span class='ocr_line' id='line_1_98' title="bbox 2231 4780 3820 4862; baseline -0.008 -15"><span class='ocrx_word' id='word_1_722' title='bbox 2231 4792 2297 4862; x_wconf 74' lang='grc' dir='ltr'>δὴ</span> <span class='ocrx_word' id='word_1_723' title='bbox 2343 4793 2530 4854; x_wconf 86' lang='grc' dir='ltr'>πότοις</span> <span class='ocrx_word' id='word_1_724' title='bbox 2583 4787 2915 4859; x_wconf 78' lang='grc' dir='ltr'>σχολάζοντα</span> <span class='ocrx_word' id='word_1_725' title='bbox 2970 4784 3066 4837; x_wconf 77' lang='grc' dir='ltr'>καὶ</span> <span class='ocrx_word' id='word_1_726' title='bbox 3125 4782 3444 4853; x_wconf 81' lang='grc' dir='ltr'>φρονήσεως</span> <span class='ocrx_word' id='word_1_727' title='bbox 3485 4780 3820 4850; x_wconf 79' lang='grc' dir='ltr'>ἀμοιροῦντα</span> 
     </span>
    </p>
   </div>
   <div class='ocr_carea' id='block_1_99' title="bbox 2232 4869 3819 4950">
    <p class='ocr_par' dir='ltr' id='par_1_99' title="bbox 2232 4869 3819 4950">
     <span class='ocr_line' id='line_1_99' title="bbox 2232 4869 3819 4950; baseline -0.009 -13"><span class='ocrx_word' id='word_1_728' title='bbox 2232 4882 2377 4937; x_wconf 78' lang='grc' dir='ltr'>κατὰ</span> <span class='ocrx_word' id='word_1_729' title='bbox 2406 4879 2564 4943; x_wconf 85' lang='grc' dir='ltr'>πολὺ,</span> <span class='ocrx_word' id='word_1_730' title='bbox 2592 4879 2660 4933; x_wconf 83' lang='grc' dir='ltr'>δι’</span> <span class='ocrx_word' id='word_1_731' title='bbox 2683 4873 2753 4950; x_wconf 84' lang='grc' dir='ltr'>ἦς</span> <span class='ocrx_word' id='word_1_732' title='bbox 2778 4872 3061 4944; x_wconf 82' lang='grc' dir='ltr'>πεφύκασι</span> <span class='ocrx_word' id='word_1_733' title='bbox 3106 4871 3312 4942; x_wconf 79' lang='grc' dir='ltr'>μᾶλλον</span> <span class='ocrx_word' id='word_1_734' title='bbox 3340 4871 3375 4941; x_wconf 78' lang='grc' dir='ltr'>ἦ</span> <span class='ocrx_word' id='word_1_735' title='bbox 3398 4869 3562 4923; x_wconf 82' lang='grc' dir='ltr'>ποθεν</span> <span class='ocrx_word' id='word_1_736' title='bbox 3592 4869 3819 4924; x_wconf 77' lang='grc' dir='ltr'>ἄλλοθεν</span> 
     </span>
    </p>
   </div>
   <div class='ocr_carea' id='block_1_100' title="bbox 2232 4961 3816 5045">
    <p class='ocr_par' dir='ltr' id='par_1_100' title="bbox 2232 4961 3816 5045">
     <span class='ocr_line' id='line_1_100' title="bbox 2232 4961 3816 5045; baseline -0.008 -15"><span class='ocrx_word' id='word_1_737' title='bbox 2232 4978 2288 5030; x_wconf 79' lang='grc' dir='ltr'><strong>αἱ</strong></span> <span class='ocrx_word' id='word_1_738' title='bbox 2318 4976 2469 5030; x_wconf 85' lang='grc' dir='ltr'>νῖκαι</span> <span class='ocrx_word' id='word_1_739' title='bbox 2499 4969 2914 5045; x_wconf 83' lang='grc' dir='ltr'>προσγίνεσθαι,</span> <span class='ocrx_word' id='word_1_740' title='bbox 2955 4966 3148 5038; x_wconf 75' lang='grc' dir='ltr'>μοῖράν</span> <span class='ocrx_word' id='word_1_741' title='bbox 3193 4981 3316 5020; x_wconf 83' lang='grc' dir='ltr'>τινα</span> <span class='ocrx_word' id='word_1_742' title='bbox 3354 4961 3451 5016; x_wconf 81' lang='grc' dir='ltr'>τοῦ</span> <span class='ocrx_word' id='word_1_743' title='bbox 3502 4963 3594 5030; x_wconf 81' lang='grc' dir='ltr'>ὑφ’</span> <span class='ocrx_word' id='word_1_744' title='bbox 3620 4962 3816 5017; x_wconf 78' lang='grc' dir='ltr'>ἑαυτὸν</span> 
     </span>
    </p>
   </div>
   <div class='ocr_carea' id='block_1_101' title="bbox 2229 5053 3815 5138">
    <p class='ocr_par' dir='ltr' id='par_1_101' title="bbox 2229 5053 3815 5138">
     <span class='ocr_line' id='line_1_101' title="bbox 2229 5053 3815 5138; baseline -0.012 -16"><span class='ocrx_word' id='word_1_745' title='bbox 2229 5070 2513 5138; x_wconf 84' lang='grc' dir='ltr'>τάγματος</span> <span class='ocrx_word' id='word_1_746' title='bbox 2540 5062 2968 5132; x_wconf 76' lang='grc' dir='ltr'>συλλαϐόμενος,</span> <span class='ocrx_word' id='word_1_747' title='bbox 2994 5056 3089 5113; x_wconf 80' lang='grc' dir='ltr'>καὶ</span> <span class='ocrx_word' id='word_1_748' title='bbox 3123 5054 3391 5126; x_wconf 76' lang='grc' dir='ltr'>πρότερον</span> <span class='ocrx_word' id='word_1_749' title='bbox 3411 5053 3466 5106; x_wconf 85' lang='grc' dir='ltr'>δὲ</span> <span class='ocrx_word' id='word_1_750' title='bbox 3497 5053 3815 5123; x_wconf 84' lang='grc' dir='ltr'>κοινολογη-</span> 
     </span>
    </p>
   </div>
   <div class='ocr_carea' id='block_1_102' title="bbox 2231 5146 3817 5231">
    <p class='ocr_par' dir='ltr' id='par_1_102' title="bbox 2231 5146 3817 5231">
     <span class='ocr_line' id='line_1_102' title="bbox 2231 5146 3817 5231; baseline -0.009 -16"><span class='ocrx_word' id='word_1_751' title='bbox 2231 5161 2464 5231; x_wconf 81' lang='grc' dir='ltr'>σάμενος</span> <span class='ocrx_word' id='word_1_752' title='bbox 2497 5157 2576 5228; x_wconf 82' lang='grc' dir='ltr'><strong>τῷ</strong></span> <span class='ocrx_word' id='word_1_753' title='bbox 2614 5156 2829 5227; x_wconf 82' lang='grc' dir='ltr'>βασιλεῖ</span> <span class='ocrx_word' id='word_1_754' title='bbox 2855 5152 2942 5209; x_wconf 87' lang='grc' dir='ltr'><strong>διά</strong></span> <span class='ocrx_word' id='word_1_755' title='bbox 2987 5148 3225 5222; x_wconf 80' lang='grc' dir='ltr'>μοναχοῦ</span> <span class='ocrx_word' id='word_1_756' title='bbox 3262 5165 3407 5211; x_wconf 87' lang='grc' dir='ltr'>τινος</span> <span class='ocrx_word' id='word_1_757' title='bbox 3430 5146 3523 5201; x_wconf 83' lang='grc' dir='ltr'>τοῦ</span> <span class='ocrx_word' id='word_1_758' title='bbox 3556 5148 3662 5201; x_wconf 80' lang='grc' dir='ltr'><strong>ἀπὸ</strong></span> <span class='ocrx_word' id='word_1_759' title='bbox 3706 5148 3817 5201; x_wconf 80' lang='grc' dir='ltr'><strong>τῶν</strong></span> 
     </span>
    </p>
   </div>
   <div class='ocr_carea' id='block_1_103' title="bbox 2227 5240 3817 5318">
    <p class='ocr_par' dir='ltr' id='par_1_103' title="bbox 2227 5240 3817 5318">
     <span class='ocr_line' id='line_1_103' title="bbox 2227 5240 3817 5318; baseline -0.008 -11"><span class='ocrx_word' id='word_1_760' title='bbox 2227 5251 2484 5307; x_wconf 84' lang='grc' dir='ltr'>Στουδίου</span> <span class='ocrx_word' id='word_1_761' title='bbox 2513 5249 2609 5303; x_wconf 81' lang='grc' dir='ltr'>τοῦ</span> <span class='ocrx_word' id='word_1_762' title='bbox 2634 5249 2678 5281; x_wconf 74' lang='grc'><strong>⁸⁸</strong></span> <span class='ocrx_word' id='word_1_763' title='bbox 2708 5247 2975 5318; x_wconf 76' lang='grc' dir='ltr'>βασιλέως</span> <span class='ocrx_word' id='word_1_764' title='bbox 3020 5241 3441 5304; x_wconf 80' lang='grc' dir='ltr'>ἀποσταλέντος.</span> <span class='ocrx_word' id='word_1_765' title='bbox 3466 5240 3619 5312; x_wconf 76' lang='grc' dir='ltr'><strong>ῥῆξιν</strong></span> <span class='ocrx_word' id='word_1_766' title='bbox 3644 5241 3817 5294; x_wconf 81' lang='grc' dir='ltr'>ὲννοεῐ</span> 
     </span>
    </p>
   </div>
   <div class='ocr_carea' id='block_1_104' title="bbox 2228 5332 3818 5407">
    <p class='ocr_par' dir='ltr' id='par_1_104' title="bbox 2228 5332 3818 5407">
     <span class='ocr_line' id='line_1_104' title="bbox 2228 5332 3818 5407; baseline -0.01 -7"><span class='ocrx_word' id='word_1_767' title='bbox 2228 5346 2321 5400; x_wconf 79' lang='grc' dir='ltr'>καὶ</span> <span class='ocrx_word' id='word_1_768' title='bbox 2349 5343 2444 5397; x_wconf 79' lang='grc' dir='ltr'>τοῦ</span> <span class='ocrx_word' id='word_1_769' title='bbox 2475 5342 2786 5396; x_wconf 86' lang='grc' dir='ltr'>ἀποστάτου</span> <span class='ocrx_word' id='word_1_770' title='bbox 2804 5338 3015 5407; x_wconf 84' lang='grc' dir='ltr'>γίνεται</span> <span class='ocrx_word' id='word_1_771' title='bbox 3041 5336 3181 5388; x_wconf 78' lang='grc' dir='ltr'>κατὰ</span> <span class='ocrx_word' id='word_1_772' title='bbox 3202 5333 3397 5400; x_wconf 85' lang='grc' dir='ltr'>νώτου,</span> <span class='ocrx_word' id='word_1_773' title='bbox 3415 5333 3552 5403; x_wconf 81' lang='grc' dir='ltr'>ὁμοῦ</span> <span class='ocrx_word' id='word_1_774' title='bbox 3578 5333 3675 5403; x_wconf 83' lang='grc' dir='ltr'>μὲν</span> <span class='ocrx_word' id='word_1_775' title='bbox 3695 5332 3818 5385; x_wconf 83' lang='grc' dir='ltr'><strong>τοῦ-</strong></span> 
     </span>
    </p>
   </div>
   <div class='ocr_carea' id='block_1_105' title="bbox 2234 5424 3818 5504">
    <p class='ocr_par' dir='ltr' id='par_1_105' title="bbox 2234 5424 3818 5504">
     <span class='ocr_line' id='line_1_105' title="bbox 2234 5424 3818 5504; baseline -0.007 -15"><span class='ocrx_word' id='word_1_776' title='bbox 2234 5453 2327 5489; x_wconf 87' lang='grc' dir='ltr'><strong>τον</strong></span> <span class='ocrx_word' id='word_1_777' title='bbox 2356 5433 2695 5504; x_wconf 77' lang='grc' dir='ltr'>ὲκδειματῶν</span> <span class='ocrx_word' id='word_1_778' title='bbox 2723 5432 2820 5486; x_wconf 70' lang='grc' dir='ltr'><strong>καὶ</strong></span> <span class='ocrx_word' id='word_1_779' title='bbox 2870 5428 3104 5501; x_wconf 75' lang='grc' dir='ltr'>θορύϐου</span> <span class='ocrx_word' id='word_1_780' title='bbox 3162 5426 3411 5498; x_wconf 81' lang='grc' dir='ltr'>πληρῶν,</span> <span class='ocrx_word' id='word_1_781' title='bbox 3457 5424 3595 5493; x_wconf 79' lang='grc' dir='ltr'>ὁμοῦ</span> <span class='ocrx_word' id='word_1_782' title='bbox 3635 5425 3689 5479; x_wconf 79' lang='grc' dir='ltr'>δὲ</span> <span class='ocrx_word' id='word_1_783' title='bbox 3721 5426 3818 5479; x_wconf 76' lang='grc' dir='ltr'>καὶ</span> 
     </span>
    </p>
   </div>
   <div class='ocr_carea' id='block_1_106' title="bbox 2235 5514 3819 5595">
    <p class='ocr_par' dir='ltr' id='par_1_106' title="bbox 2235 5514 3819 5595">
     <span class='ocr_line' id='line_1_106' title="bbox 2235 5514 3819 5595; baseline -0.008 -15"><span class='ocrx_word' id='word_1_784' title='bbox 2235 5527 2346 5580; x_wconf 86' lang='grc' dir='ltr'><strong>τῶν</strong></span> <span class='ocrx_word' id='word_1_785' title='bbox 2372 5528 2452 5589; x_wconf 81' lang='grc' dir='ltr'>εἰς</span> <span class='ocrx_word' id='word_1_786' title='bbox 2480 5523 2708 5595; x_wconf 80' lang='grc' dir='ltr'>βασιλέα</span> <span class='ocrx_word' id='word_1_787' title='bbox 2752 5519 2932 5591; x_wconf 74' lang='grc' dir='ltr'>ἑαυτῷ</span> <span class='ocrx_word' id='word_1_788' title='bbox 2960 5516 3391 5591; x_wconf 71' lang='grc' dir='ltr'>ἡμαρτημένων,</span> <span class='ocrx_word' id='word_1_789' title='bbox 3416 5514 3552 5570; x_wconf 89' lang='grc' dir='ltr'><strong>ἀλλά</strong></span> <span class='ocrx_word' id='word_1_790' title='bbox 3592 5514 3696 5584; x_wconf 80' lang='grc' dir='ltr'>μὴν</span> <span class='ocrx_word' id='word_1_791' title='bbox 3722 5516 3819 5568; x_wconf 78' lang='grc' dir='ltr'>καὶ</span> 
     </span>
    </p>
   </div>
   <div class='ocr_carea' id='block_1_107' title="bbox 1823 5639 2496 5701">
    <p class='ocr_par' dir='ltr' id='par_1_107' title="bbox 1823 5639 2496 5701">
     <span class='ocr_line' id='line_1_107' title="bbox 1823 5639 2496 5701; baseline -0.01 0"><span class='ocrx_word' id='word_1_792' title='bbox 1823 5643 2062 5701; x_wconf 61' lang='lat' dir='ltr'><strong>VARUS</strong></span> <span class='ocrx_word' id='word_1_793' title='bbox 2090 5639 2496 5700; x_wconf 85' lang='lat' dir='ltr'><strong>LECTIONES.</strong></span> 
     </span>
    </p>
   </div>
   <div class='ocr_carea' id='block_1_108' title="bbox 615 5725 1939 5808">
    <p class='ocr_par' dir='ltr' id='par_1_108' title="bbox 615 5725 1939 5808">
     <span class='ocr_line' id='line_1_108' title="bbox 615 5725 1939 5808; baseline -0.016 2"><span class='ocrx_word' id='word_1_794' title='bbox 615 5725 661 5755; x_wconf 61' lang='lat' dir='ltr'><strong><em>u</em></strong></span> <span class='ocrx_word' id='word_1_795' title='bbox 688 5726 864 5808; x_wconf 50' lang='lat' dir='ltr'><strong>{‘1le</strong></span> <span class='ocrx_word' id='word_1_796' title='bbox 887 5728 1101 5808; x_wconf 63' lang='grc' dir='ltr'><strong>,μῖιλλον</strong></span> <span class='ocrx_word' id='word_1_797' title='bbox 1131 5730 1332 5801; x_wconf 62' lang='grc' dir='ltr'>υθστιςῖ</span> <span class='ocrx_word' id='word_1_798' title='bbox 1406 5736 1447 5766; x_wconf 84' lang='grc'><strong>⁶¹</strong></span> <span class='ocrx_word' id='word_1_799' title='bbox 1485 5735 1847 5808; x_wconf 75' lang='grc' dir='ltr'>τετριμμένον</span> <span class='ocrx_word' id='word_1_800' title='bbox 1878 5734 1939 5790; x_wconf 85' lang='grc' dir='ltr'><strong>Ρ.</strong></span> 
     </span>
    </p>
   </div>
   <div class='ocr_carea' id='block_1_109' title="bbox 545 5794 957 5848">
    <p class='ocr_par' dir='ltr' id='par_1_109' title="bbox 545 5794 957 5848">
     <span class='ocr_line' id='line_1_109' title="bbox 545 5794 957 5848; baseline 0 0"><span class='ocrx_word' id='word_1_801' title='bbox 545 5794 656 5848; x_wconf 67' lang='grc' dir='ltr'>θεὸν</span> <span class='ocrx_word' id='word_1_802' title='bbox 681 5794 786 5847; x_wconf 61' lang='lat' dir='ltr'><strong>est</strong></span> <span class='ocrx_word' id='word_1_803' title='bbox 826 5794 957 5848; x_wconf 75' lang='grc' dir='ltr'>τοῦῖ</span> 
     </span>
    </p>
   </div>
   <div class='ocr_carea' id='block_1_110' title="bbox 2043 5723 3813 5805">
    <p class='ocr_par' dir='ltr' id='par_1_110' title="bbox 2043 5723 3813 5805">
     <span class='ocr_line' id='line_1_110' title="bbox 2043 5723 3813 5805; baseline -0.01 -15"><span class='ocrx_word' id='word_1_804' title='bbox 2043 5737 2088 5769; x_wconf 78' lang='grc'><strong>⁸⁸</strong></span> <span class='ocrx_word' id='word_1_805' title='bbox 2120 5733 2502 5805; x_wconf 71' lang='grc' dir='ltr'>ὲνκπιράσαςτ</span> <span class='ocrx_word' id='word_1_806' title='bbox 2603 5730 2646 5762; x_wconf 80' lang='grc'><strong><em>⁸³</em></strong></span> <span class='ocrx_word' id='word_1_807' title='bbox 2672 5745 2739 5784; x_wconf 84' lang='lat' dir='ltr'><strong>an</strong></span> <span class='ocrx_word' id='word_1_808' title='bbox 2766 5728 2847 5792; x_wconf 83' lang='lat' dir='ltr'><strong>tl;</strong></span> <span class='ocrx_word' id='word_1_809' title='bbox 2877 5726 3051 5795; x_wconf 76' lang='grc' dir='ltr'>οὐδέν,</span> <span class='ocrx_word' id='word_1_810' title='bbox 3087 5725 3240 5779; x_wconf 52' lang='grc' dir='ltr'>οὐδὲ)</span> <span class='ocrx_word' id='word_1_811' title='bbox 3298 5725 3447 5792; x_wconf 78' lang='grc' dir='ltr'>ἀξιον</span> <span class='ocrx_word' id='word_1_812' title='bbox 3490 5723 3512 5776; x_wconf 70' lang='grc' dir='ltr'><strong><em>τ</em></strong></span> <span class='ocrx_word' id='word_1_813' title='bbox 3584 5724 3629 5756; x_wconf 72' lang='grc'>⁸⁸</span> <span class='ocrx_word' id='word_1_814' title='bbox 3650 5723 3813 5775; x_wconf 75' lang='grc' dir='ltr'>Στουο</span> 
     </span>
    </p>
   </div>
  </div>
