4200 6468
423 363 490 427 Ti

1506 364 1650 424 LIB.
1688 363 1772 423 II.
1807 389 1875 398 --
1905 361 2248 422 MICHAEL
2289 358 2787 421 AMORIENSIS.
3683 361 3754 424 78

449 489 514 557 τῇ
542 483 700 539 aia-.05
727 487 965 557 γαμετῇ
998 485 1096 539 καὶ
1131 487 1244 547 τοῖς
1268 484 1473 547 τέκνοις
1508 482 1625 554 (καὶ
1657 481 1768 553 γὰρ
1798 478 2062 552 ἐτηροῦν-

2179 486 2360 551 pteret,
2400 489 2514 535 tum
2547 495 2678 535 vero
2711 489 2770 534 ut
2815 479 2914 535 sibi
2954 479 3090 549 ipse,
3122 479 3254 549 quin
3284 489 3337 535 et
3383 479 3542 535 uxori
3594 492 3650 538 ct
3689 482 3770 537 li-‘

462 599 518 636 το
546 585 598 633 ἐν
622 579 850 650 φυλακῇ
889 578 1109 632 ἐκείνου
1145 577 1225 647 τῷ
1253 576 1424 648 Θωμᾷ
1472 574 1873 648 προσθεμένου)
1911 573 2062 625 διαλ-

462 673 624 742 λαγὴν
654 671 752 724 καὶ
787 669 1138 742 συγγνώμην
1169 669 1717 740 πραγματευόμενος.
1758 667 1900 720 Ἀλλ’
1935 664 2062 720 οὔτε

463 763 774 833 ὸβασιλείις
823 761 1010 816 ταῦτα
1065 761 1273 831 ἔφθασε
1326 759 1648 835 διακοῦσαι·
1701 762 1782 824 εἰς
1808 759 2063 814 τοσοῦτον

466 857 573 929 γάρ
604 855 1011 912 ἀπεκέκλειστο
1041 855 1268 909 καὶτῶν
1298 854 1520 923 ἔξωθεν,
1545 855 1654 909 οὐδ’
1685 857 1734 910 εί
1757 855 1869 908 τῶν
1896 855 2065 924 ἐγγὺς

469 953 631 1021 μόνον
664 968 773 1015 τις,
829 950 952 1004 ἀλλ’
1000 949 1112 1003 οὐδ’
1168 949 1219 1002 εί
1269 949 1379 1001 τῶν
1428 949 1765 1020 πορρωτέρω
1799 949 1866 1003 τὰ
1897 948 2063 1003 αὑτοῦ

463 1043 566 1115 fuat;
576 1042 740 1112 μένος
774 1041 1070 1112 ἐτύγχανε.
1095 1040 1208 1096 Καὶ
1235 1043 1263 1094 ό
1284 1040 1483 1112 Θωμᾶς
1504 1042 1565 1095 τὸ
1600 1041 1676 1112 μὴ
1707 1041 1874 1096 πολὺν
1916 1041 2064 1108 ἐξαί-

463 1153 600 1206 qm};
632 1133 826 1188 τοῦτον
861 1133 1120 1202 γενέσθαι
1145 1134 1528 1206 κατοῤῥωδῶν,
1557 1135 1652 1188 καὶ
1676 1133 1840 1204 φόϐον
1871 1135 1929 1186 ἐν
1951 1136 2065 1198 τοῖς

467 1224 658 1280 ἐαυτοῦ
713 1224 944 1294 ποιῆσαι
997 1224 1344 1296 βουλόμενος,
1385 1225 1485 1292 τὴν
1518 1225 1616 1296 μέν
1643 1225 2066 1297 στρατοπεδείαν

470 1319 568 1385 τῆς
597 1317 804 1378 πόλεως
834 1315 938 1369 οὐκ
988 1314 1294 1388 ἐξεκίνησε,
1349 1317 1517 1371 ταυτδ
1545 1315 1703 1370 τοῦτο
1741 1317 2066 1389 προμηθού-

476 1426 653 1480 μενος,
687 1409 786 1463 καὶ
844 1408 1095 1480 προνοῶν
1152 1409 1214 1462 τὸ
1255 1409 1330 1480 μὴ
1383 1409 1676 1480 διωχθῆναι
1740 1408 2059 1476 ἐξόπισθεν·

470 1500 678 1568 ὀλίγους
711 1498 770 1552 δέ
800 1515 978 1561 τινας,
1000 1498 1098 1551 καὶ
1123 1498 1282 1562 ὅσους
1303 1498 1422 1570 ᾔδει
1450 1499 1767 1568 ἀξιοχρέους
1795 1498 1899 1569 τῆς
1929 1499 2066 1571 πρὸς

463 1594 554 1646 τὸν
585 1591 895 1663 Γρηγόριον
930 1592 1110 1662 μάχης
1146 1590 1330 1656 ὄντας,
1372 1590 1708 1662 παραλαϐὼν
1742 1589 1891 1663 ἐξῄει
1929 1592 2066 1663 πρὸς

467 1685 654 1744 αὑτὸν,
683 1685 776 1736 καὶ
806 1683 1151 1752 περιγίνεται
1189 1682 1404 1746 τούτου,
1461 1683 1558 1736 καὶ
1591 1684 1862 1754 φεύγοντα
1895 1701 2064 1737 κατα-

468 1775 655 1830 λαϐὼν
685 1777 916 1846 ἀναιρεῖ.
952 1776 1063 1828 Καὶ
1094 1771 1252 1838 αὖθις
1306 1775 1396 1828 διὰ
1433 1775 1646 1845 ταχέων
1675 1777 1812 1848 πρὸς
1840 1776 1939 1840 τὰς
1970 1775 2064 1830 δυ-

2174 573 2320 627 beris
2354 571 2501 645 (nam
2544 582 2597 627 et
2648 573 2772 627 illos
2823 571 3076 638 Michael,
3125 585 3236 642 quo
3275 587 3342 627 ex
3394 567 3642 643 tempore
3689 574 3756 629 ad

2174 661 2439 720 Thomam
2470 665 2767 728 defecerat,
2791 665 2845 719 in
2877 680 3099 721 carcere
3131 664 3407 737 habebat),
3454 665 3761 736 maiestatis

2174 758 2384 814 scilicet
2432 775 2584 824 rcus,
2630 759 2846 814 veniam
2898 759 3403 831 indulgentiamque
3463 761 3757 818 obtineret.

2175 851 2282 908 Sed
2327 869 2504 922 neque
2552 854 2848 923 imperator
2899 869 3012 908 rem
3069 853 3249 910 adhuc
3294 853 3546 928 audierat
3601 855 3761 924 (adeo

2174 947 2320 1000 enim
2372 947 2554 1001 omnis
2601 956 2754 1000 extra
2800 957 3142 1004 commeatus
3169 948 3427 1004 occlusus
3464 948 3628 1024 erat),
3659 965 3762 1005 nec

2174 1039 2220 1094 si
2255 1039 2402 1109 quis,
2433 1056 2539 1094 non
2574 1025 2752 1095 solum
2787 1056 2976 1096 eorum
3017 1041 3111 1112 qui
3142 1057 3310 1113 prope
3351 1052 3537 1098 essent
3569 1057 3757 1099 verum

2172 1131 2338 1186 etiam
2393 1133 2488 1202 qui
2533 1133 2752 1203 longius
2803 1134 3079 1199 abessent,
3131 1135 3252 1205 ejus
3305 1143 3489 1206 partes
3540 1144 3763 1192 secutus

2173 1237 2340 1284 esset.
2395 1227 2640 1283 Thomas
2697 1237 2878 1282 autem
2935 1228 3144 1283 veritus
3200 1243 3272 1283 ne
3328 1230 3511 1285 subito
3563 1245 3764 1300 magna

2174 1320 2426 1392 Gregorii
2492 1320 2791 1376 auctoritas
2852 1319 3030 1384 ﬁeret,
3087 1321 3245 1387 isque
3300 1322 3417 1376 suis
3471 1319 3764 1378 ordinibus

2174 1423 2442 1470 terrorem
2496 1413 2771 1484 injiceret,
2805 1414 2944 1468 nihil
2979 1413 3156 1469 soluta
3192 1413 3479 1470 obsidione
3531 1421 3628 1470 aut
3669 1430 3764 1470 ca-

2175 1507 2306 1562 stris
2355 1507 2424 1562 ab
2458 1507 2594 1562 urbe
2620 1507 2869 1571 dimotis,
2909 1509 3106 1563 timens
3151 1521 3219 1562 ne
3248 1522 3307 1562 se
3334 1507 3512 1562 hostis
3544 1522 3575 1562 a
3610 1517 3764 1579 tergo

2175 1599 2582 1668 insequeretur,
2627 1614 2833 1669 paucos
2886 1598 3126 1666 aliquos,
3180 1614 3244 1653 ac
3289 1608 3527 1669 quantos
3579 1598 3768 1670 oppri-

2175 1692 2376 1748 mendo
2431 1692 2696 1765 Gregorio
2744 1690 2993 1748 sullicere
3041 1691 3396 1758 existimavit,
3451 1708 3764 1760 assumens,

2175 1783 2232 1841 in
2265 1786 2416 1841 illum
2446 1786 2668 1851 educit;
2705 1786 3003 1856 praelioque
3039 1783 3224 1839 fusum
3263 1800 3326 1839 ac
3361 1784 3414 1839 in
3451 1783 3577 1854 fuga
3614 1801 3767 1841 com-

466 1870 668 1938 νάμεις
722 1867 820 1932 τὰς
877 1867 1356 1938 προσεδρευούσας
1384 1871 1449 1940 τῇ
1483 1869 1636 1922 πόλει
1683 1871 1914 1938 γίνεται,
1973 1869 2069 1923 καὶ

2179 1879 2508 1948 prehensum
2557 1877 2796 1932 necavit.
2836 1874 3082 1946 [linoque
3123 1875 3374 1930 celeriter
3407 1877 3474 1930 ad
3528 1877 3766 1947 reliquas

468 1963 799 2032 γράμμασιν
816 1961 1148 2015 ἐπιστέλλων
1171 1961 1238 2015 τὰ
1257 1960 1450 2016 ἑαυτοῦ
1487 1961 1877 2033 περιαγγέλλει
1896 1963 2070 2017 ἀπαν-

474 2054 673 2123 ταχοῦ.
703 2053 778 2116 ὡς
807 2055 887 2124 εἴη
918 2071 977 2108 τε
1033 2052 1363 2124 νενικηκὼς,
1414 2053 1556 2124 ὅπερ
1604 2054 1705 2106 οὐκ
1735 2048 1834 2124 ἦν,
1867 2054 1964 2106 καὶ
2008 2053 2070 2108 τὸ

480 2145 892 2217 προτχωριὰζον
945 2146 1092 2200 κατὰ
1146 2146 1253 2218 τὴν
1295 2145 1520 2201 Ἐλλάδα
1570 2148 1826 2201 ναυτικὸν
1857 2146 2070 2216 ταχέως

478 2237 723 2290 κελεύων
776 2236 1094 2308 ἀναχθῆναι,
1150 2237 1230 2301 ὡς
1262 2232 1419 2300 αὖθις
1450 2238 1566 2301 τοῖς
1599 2235 1744 2290 κατὰ
1791 2236 2070 2292 θάλασσαν

470 2331 806 2402 προσϐάλλοι
869 2331 1008 2401 μετὰ
1074 2331 1438 2404 στερῤοτέρας
1495 2331 1782 2401 δυνάμεως
1823 2332 2068 2402 μέρεσιν.

480 2425 628 2478 Ἀλλ’
661 2426 867 2478 ἐκεῖναι
900 2424 999 2493 μὲν
1032 2426 1113 2488 είς
1140 2423 1384 2497 ἀριθμὸν
1434 2422 1688 2477 τελοῦσαι
1730 2425 2070 2495 πεντήκοντα

470 2519 609 2587 πρὶς
665 2519 788 2581 ταῖς
819 2517 1166 2588 τριακοσίαις
1201 2516 1655 2586 πολεμιστηρίοις
1684 2516 1802 2586 ἅμα
1845 2516 2063 2586 διήρεσι

477 2613 571 2662 καὶ
606 2613 930 2680 σιταγωγοϊς
961 2610 1040 2683 τῷ
1068 2611 1178 2664 τῶν
1211 2611 1456 2681 Βυρίδων
1481 2610 1525 2642 ⁸⁸
1554 2608 1698 2662 κατὰ
1738 2608 1964 2681 Θρᾴκην
1993 2610 2073 2662 λι-

478 2703 605 2771 μένι
667 2702 1176 2774 ἐγκαθορμίζονται,
1227 2702 1287 2767 ἐξ
1334 2697 1525 2774 οὐρίας
1578 2702 1862 2756 πλέουσαι.
1895 2699 2006 2756 Καὶ
2045 2703 2073 2756 ὀ

469 2794 752 2864 βασιλικὸς
778 2795 835 2848 δὲ
874 2794 1162 2866 πυρφόρος
1204 2794 1391 2857 στόλος
1439 2793 1652 2856 τούτοις
1701 2792 1870 2863 μηδὲν
1903 2793 2074 2859 ἐγνω-

468 2890 622 2942 κόσιν
658 2889 841 2940 ἐκεῖσε
869 2887 1149 2951 ἐπιτεθεὶς
1179 2886 1383 2946 πολλὰς
1420 2887 1520 2956 μὲν
1553 2887 1889 2958 αὐτάνδρους
1923 2886 2075 2956 αἱρεῖ

471 2980 580 3033 τῶν
618 2979 787 3050 νηῶν,
811 2979 966 3042 τινὰς
990 2978 1045 3031 δέ
1083 2980 1180 3031 καὶ
1212 2977 1484 3049 πυρπολεῖ
1518 2978 1872 3050 δυνατωτάτη
1905 2976 2068 3047 χειρὶ,

472 3076 668 3144 ὀλίγων
728 3074 1020 3139 παντελῶς
1068 3073 1174 3139 ἔξω
1233 3073 1543 3144 γενομένων
1578 3073 1675 3128 τοῦ
1732 3071 1943 3136 πάθους
1976 3071 2071 3125 καῖ

2173 1971 2362 2041 copias
2386 1970 2574 2024 urbem
2608 1968 2925 2024 obsidentes
2961 1983 3219 2022 reversus
3253 1965 3461 2023 litteras
3495 1967 3549 2020 in
3574 1982 3766 2022 omnes

2171 2073 2377 2136 partes,
2414 2063 2618 2134 quibus
2648 2061 2752 2116 sibi
2789 2061 3079 2116 victoriam
3112 2060 3236 2132 (etsi
3284 2059 3444 2129 falso)
3479 2061 3770 2116 manifeste

2174 2165 2480 2227 arrogaret,
2543 2151 3160 2226 deditficlassemquc,
3215 2172 3382 2228 quam
3439 2157 3494 2210 in
3559 2155 3768 2211 Achaia

2175 2251 2435 2314 habebat,
2480 2250 2548 2304 ad
2582 2266 2642 2306 se
2673 2265 2836 2320 quam
2881 2251 3122 2319 primum
3173 2249 3370 2306 adduci
3418 2249 3598 2320 jubet,
3659 2264 3769 2320 quo

2173 2357 2368 2397 rursus
2399 2341 2849 2397 instructiorihus
2872 2342 3046 2412 copiis
3079 2343 3215 2398 mari
3240 2358 3480 2413 pugnam
3511 2358 3773 2398 consere-

2174 2446 2276 2492 ret.
2327 2436 2438 2509 64
2477 2436 2782 2493 Constabat
2810 2437 2900 2492 illa
2949 2454 3070 2492 cum
3101 2437 3245 2492 bello
3277 2439 3420 2510 aptis
3449 2438 3770 2503 biremibus,

2176 2541 2286 2587 tum
2316 2530 2586 2587 onerariis
2623 2531 2883 2585 trecentis
2914 2530 3316 2602 quinquaginta
3343 2529 3609 2597 navibus;
3650 2545 3774 2602 quae

2173 2632 2228 2679 et
2279 2624 2429 2679 brevi
2469 2623 2727 2678 secundis
2757 2622 2909 2677 auris
2943 2622 3021 2676 ad
3064 2623 3416 2693 Byridensem
3452 2623 3504 2677 in
3535 2622 3774 2678 Thracia

2173 2721 2393 2784 portum
2429 2713 2730 2783 appellunt.
2772 2714 3134 2783 imperatoria
3171 2722 3356 2769 autem
3400 2716 3774 2786 scyphonibus

2175 2808 2451 2862 instructa
2502 2807 2718 2872 classis,
2765 2806 2877 2861 illic
2933 2807 3121 2862 hostes
3154 2807 3211 2861 in
3259 2807 3497 2862 statione
3523 2809 3775 2863 incautos

2175 2912 2462 2969 aggressa,
2493 2899 2700 2956 multas
2726 2913 2920 2954 eorum
2950 2913 3114 2952 naves
3138 2914 3262 2952 cum
3296 2900 3432 2969 ipsis
3461 2900 3776 2956 vectoribus

2175 2991 2343 3060 capit,
2376 2990 2512 3044 alias
2544 2989 2597 3051 vi
2632 2990 2871 3044 maxima
2913 2989 3222 3056 comburit;
3256 3005 3444 3060 paucae
3480 2990 3774 3048 admodum

2174 3084 2315 3138 cladi
2345 3083 2669 3154 superstites
2702 3082 2866 3138 celeri
2902 3081 3029 3153 fuga
3060 3093 3279 3152 portum
3311 3083 3774 3140 Blaehernensem

473 3171 609 3243 πρὸς
643 3170 738 3224 τον
795 3169 908 3222 τῶν
958 3166 1288 3238 Βλαχερνῶν
1339 3167 1540 3222 κόλπον
1591 3167 1875 3238 καταίρειν
1910 3165 2068 3234 λόγον

2179 3185 2390 3250 petunt,
2435 3175 2485 3230 id
2527 3175 2752 3230 omnino
2779 3183 3091 3244 satagentes
3115 3183 3177 3228 ut
3203 3174 3549 3229 terrestribus
3575 3173 3772 3245 cepiis,
3843 3179 3851 3185 '

472 3261 815 3333 ποιουμένων
871 3262 1061 3328 πολὺν,
1114 3261 1191 3324 ὡς
1221 3260 1288 3314 ἂν
1347 3253 1458 3315 εἶεν
1500 3259 1636 3330 ὁμοῦ
1682 3262 1747 3332 τῇ
1783 3259 1928 3313 κατὰ
1967 3256 2070 3330 γῆν

477 3359 704 3429 στρατιᾷ
724 3373 738 3386 ο
772 3357 803 3410 ὂ
843 3356 942 3409 καὶ
975 3355 1218 3424 γέγονεν.
1247 3354 1330 3407 Τέι
1379 3353 1476 3423 μὲν
1503 3353 1596 3408 οὖν
1627 3352 1770 3407 κατὰ
1800 3352 2072 3408 θάλατταν

475 3449 658 3504 τοῦτον
698 3450 1040 3521 ἐκυϐερνᾶτο
1073 3449 1170 3502 καὶ
1222 3441 1492 3516 ηὐθύνετο
1523 3447 1612 3501 τὸν
1660 3448 1864 3518 τρόπον
1887 3463 1900 3476 ο
1932 3446 2072 3500 κατὰ

473 3543 579 3614 γῆν
601 3544 659 3597 δὲ
688 3543 780 3597 ἀεί
832 3558 952 3605 πως
999 3540 1395 3611 ἁκροόολισμοί
1443 3557 1590 3604 τινες
1624 3543 1689 3594 ἐκ
1722 3541 1924 3610 μέρους
1976 3539 2073 3594 καὶ

467 3637 624 3706 φόνοι
651 3635 925 3704 ἐγένοντο,
967 3633 1063 3686 νῦν
1097 3632 1198 3702 μὲν
1234 3632 1330 3684 τοῦ
1344 3631 1593 3702 Μιχαὴλ,
1619 3629 1716 3685 νῦν
1743 3629 1800 3685 δὲ
1835 3631 1927 3684 τοῦ
1951 3627 2072 3684 υἱοῦ

469 3726 643 3781 αὑτοῦ
695 3725 958 3794 Θεοφίλου
1007 3725 1194 3785 αὐτοῖς
1242 3715 1556 3788 ἐπεξιόντος
1605 3721 1746 3793 μετὰ
1789 3719 2074 3776 Ὀλὸιανοῢ

473 3817 567 3893 [Ρ.
595 3817 696 3890 41]
717 3817 814 3870 καὶ
851 3816 1173 3882 Κατάκυλα,
1208 3809 1303 3869 καὶ
1329 3815 1547 3885 πληγὰς
1583 3809 1695 3867 ἐσθ’
1730 3814 1819 3867 ὅτε
1852 3813 2075 3884 καιρίας

476 3908 722 3971 διδόντος
760 3924 820 3960 τε
850 3907 942 3961 καὶ
973 3907 1379 3977 λαμϐάνοντοςο
1415 3906 1477 3959 οὐ
1503 3904 1630 3976 ’μὴν
1666 3904 1882 3974 ἀγῶνές
1928 3922 2074 3969 τινες

488 3999 748 4068 λαμπρὼ.
774 3999 870 4052 καῖι
897 4001 1127 4054 νεανικοὶ
1177 4003 1243 4053 ἐκ
1274 3992 1637 4070 παρατάξεως
1671 4000 1765 4051 καὶ
1796 3997 1896 4066 τῆς
1925 3998 2100 4066 ίσορ-⁶

496 4093 678 4165 ῥόπου
713 4089 982 4164 δυνάμεως
1017 4093 1170 4166 ἔσχον
1195 4091 1257 4146 τὸ
1285 4092 1478 4163 κῦρος,
1522 4091 1618 4145 ᾶτε
1655 4091 1720 4162 δὴ
1751 4085 1933 4161 πολλῷ
1981 4087 2076 4144 τοῦ

482 4185 714 4257 Μιχαὴλ
740 4184 1124 4256 ἐλαττουμένου
1177 4187 1271 4239 καὶ
1311 4182 1387 4255 μὴ
1440 4183 1580 4256 πρὸς
1609 4182 1710 4253 τὴν
1740 4181 1951 4235 ἐκείνου
1987 4180 2078 4234 εὕρ

476 4278 657 4346 ζωνόν
692 4295 752 4332 τε
806 4279 1160 4356 καὶδιππικὴν
1198 4280 1463 4354 στρατιὰν
1517 4275 1944 4331 ἀντιτάσσεσθαι
1987 4274 2077 4330 δυο

477 4373 747 4443 ναμένου.
1057 4379 1060 4386 ’

558 4463 643 4528 ιζ’.
685 4466 776 4518 Ἐν
801 4463 1017 4528 τούτοις
1037 4461 1133 4518 οὖν
1161 4460 1331 4517 ὄντων
1354 4459 1556 4529 αὐτῶν,
1589 4463 1896 4535 Μορτάγων
1927 4460 1956 4517 ό
1972 4461 2080 4518 τῶν

2176 3270 2323 3341 quod
2382 3278 2436 3324 et
2498 3268 2573 3323 ita
2623 3268 2871 3340 contigit,
2923 3268 3304 3340 iungerentur.
3359 3269 3451 3324 Sic
3499 3284 3585 3324 res
3639 3269 3779 3326 mari

2176 3362 2490 3431 gerebatur,
2527 3359 2782 3430 felieiquc
2823 3360 2960 3416 adeo
3007 3359 3182 3415 exitu.
3215 3359 3385 3415 Terra
3421 3376 3551 3416 vero
3597 3361 3778 3417 couti-

2177 3470 2302 3509 nuze
2341 3468 2510 3525 prope
2559 3451 2836 3522 sigillatim
2887 3459 3046 3507 erant
3090 3450 3434 3506 velitationes
3461 3452 3780 3523 .caedesque

2176 3545 2503 3608 edebantur,
2555 3544 2719 3598 modo
2753 3539 3042 3610 Michaele,
3081 3542 3245 3598 modo
3292 3542 3412 3613 ejus
3444 3541 3555 3597 ﬁlio
3589 3541 3778 3601 Theo-

2178 3639 2329 3711 philo
2380 3653 2505 3694 cum
2549 3636 2782 3693 Olbiano
2831 3646 2886 3694 et
2921 3637 3182 3708 Catacyla
3242 3637 3506 3692 adversus
3561 3637 3780 3693 hostem

2178 3747 2310 3788 suos
2363 3732 2648 3787 cduccnle.
2700 3729 2907 3785 Horum
2964 3731 3279 3800 prteliorum
3337 3731 3524 3804 varius
3573 3731 3777 3796 exitus,

2177 3826 2432 3896 dataeque
2488 3833 2542 3880 et
2607 3833 2842 3893 acceptae
2908 3837 3067 3892 aequo
3114 3837 3252 3893 pene
3299 3831 3477 3878 marte
3546 3821 3783 3879 subinde

2180 3926 2415 3987 Strages.
2475 3917 2634 3973 Justa
2693 3925 2875 3970 tamen
2930 3931 3110 3985 pugna
3146 3929 3429 3985 nunquam
3486 3924 3778 3980 certatum,

2179 4024 2246 4065 eo
2276 4010 2422 4079 quod
2455 4009 2752 4079 imperator
2801 4023 2927 4063 cum
2959 4007 3140 4071 hoste,
3173 4006 3334 4076 cuius
3364 4017 3552 4062 essent
3585 4023 3782 4062 uume—
3825 3993 3832 3998 ’

2181 4103 2424 4158 rosiores
2487 4101 2863 4171 expeditaeque
2933 4114 3003 4154 ac
3061 4108 3352 4168 equestres
3419 4098 3612 4168 copiae,
3670 4099 3780 4156 acti

2183 4193 2446 4266 congredi
2480 4209 2588 4250 non
2627 4199 2836 4264 posset.

2262 4459 2352 4514 l7.
2383 4459 2462 4514 Eo
2509 4471 2694 4512 rerum
2749 4463 2922 4521 statu,
2960 4452 3246 4522 Mortagon
3276 4441 3638 4525 Bulgarorum
3674 4453 3780 4509 im-

490 4557 814 4628 Βουλγάρων
843 4555 1102 4627 βασιλεὺς
1136 4556 1251 4624 (καὶ
1283 4556 1392 4627 γὰρ
1418 4555 1652 4624 ἔφθασεν
1679 4557 1710 4625 ὴ
1747 4553 1904 4628 φήμη
1936 4556 2073 4610 κατὰ

2189 4561 2432 4623 perator,
2471 4549 2613 4604 fama
2655 4549 2890 4614 excitus,
2920 4563 3042 4618 quae
3069 4547 3182 4617 jam
3221 4554 3404 4601 totum
3434 4545 3620 4602 orbem
3658 4563 3784 4628 pere

483 4650 587 4720 τὴν
615 4649 946 4722 οἰκουμένην
989 4645 1081 4701 τὸν
1116 4647 1342 4720 βασιλέα
1389 4647 1499 4701 τῶν
1543 4646 1830 4717 Ῥωμαίων
1863 4648 2080 4717 πολιορ-

477 4743 751 4812 κούμενον
813 4742 1235 4812 διαγγέλλουσα)
1293 4737 1471 4813 λάθρα
1531 4739 1681 4805 τινας
1743 4742 1801 4804 ἐς
1855 4737 2080 4810 βασιλέα

479 4837 713 4908 πέμψας
746 4835 1132 4902 ἐξαποστεῖλαι
1191 4836 1486 4905 αὐτομάτῳ
1515 4831 1709 4904 γνώμῃ
1761 4833 2080 4903 συμμαχίαν

475 4927 915 4998 καθυπισχνείτο
965 4926 1055 4978 καὶ
1097 4919 1350 4998 βοήθειαν
1379 4921 1530 4993 αὐτῷ
1563 4922 1660 4993 τὴν
1692 4920 1974 4992 ἀρκοῦσαν
2005 4921 2087 4976 δι-

475 5021 636 5075 δόναι
668 4995 1073 5088 καθωμολόγει.
1114 4995 1253 5070 ’Ἀλλ’
1277 5017 1305 5069 ὃ
1333 5033 1397 5084 γε
1427 5015 1673 5086 Μιχαὴλ,
1721 5015 1834 5067 εἴτε
1859 5018 1925 5087 τῇ
1957 5015 2088 5086 ἁλη-

481 5113 615 5184 θείᾳ
638 5112 704 5164 τὸ
734 5107 849 5163 τῶν
879 5109 1169 5180 ὁμοφύλων
1199 5108 1405 5179 πλῆθος
1445 5107 1877 5180 καταιδούμενός
1905 5129 1965 5164 τε
1994 5115 2089 5166 καὶ

481 5204 682 5270 ἐλεῶν,
712 5204 826 5257 εἴτε
857 5203 951 5256 καὶ
970 5201 1276 5274 χρημάτων
1312 5202 1633 5271 φειδόμενος
1659 5201 1947 5272 (ἐτύγχανε
1979 5203 2088 5278 γὰρ

485 5302 584 5354 ἐπὶ
611 5298 750 5352 πολὺ
777 5297 876 5360 τὰς
902 5299 1098 5366 χεῖρας
1121 5295 1229 5349 τῶν
1268 5295 1445 5348 ἄλλων
1473 5294 1741 5364 βασιλέων
1773 5297 1863 5365 ὑφ’
1892 5299 2086 5354 ἑαυτὸν

485 5393 629 5463 ἔχων
658 5392 724 5444 ἐκ
756 5389 1097 5460 φειδωλίας),
1125 5388 1223 5459 τὴν
1249 5388 1346 5460 μὲν
1373 5386 1600 5456 γνώμην
1626 5388 1781 5458 ἠξίου
1814 5389 2089 5461 ἀποδοχῆς

480 5487 704 5553 τούτου,
735 5485 1044 5557 παρῃτεῖτο
1063 5481 1242 5552 δὲτὴν
1274 5481 1439 5534 αὐτοῦ
1469 5479 1745 5552 βοήθειαν,
1789 5483 1884 5534 καὶ
1914 5482 2014 5535 οὐκ
2039 5482 2092 5534 εἴ

485 5598 538 5634 τι
562 5579 775 5650 γένοιτο
812 5577 965 5646 παρὰ
997 5573 1092 5627 τοῦ
1127 5574 1462 5637 ἁποστάτου,
1497 5571 1786 5641 βούλεσθαι
1831 5573 1930 5645 τὴν
1965 5576 2088 5626 ἐπι-

486 5675 716 5746 κουρίαν
747 5671 902 5744 αὑτῷ
935 5669 1306 5740 κατεμήνυεν.
1357 5666 1499 5719 Ἀλλ’
1523 5667 1552 5719 ὅ
1581 5684 1643 5736 γε
1669 5669 1977 5739 Μορτάγων
1996 5669 2092 5722 καὶ

2191 4655 2432 4712 vaserat,
2506 4644 2882 4699 Romanorum
2949 4642 3337 4712 imperatorem
3391 4641 3534 4695 intra
3597 4657 3784 4700 muros

2192 4741 2483 4797 obsessum
2513 4735 2712 4801 teneri,
2751 4737 2922 4791 misso
2959 4735 3097 4791 clam
3133 4734 3200 4789 ad
3229 4733 3549 4789 Michaelem
3590 4735 3786 4791 nuntio

2192 4832 2338 4888 ultro
2391 4846 2454 4898 se
2499 4817 2718 4884 auxilia
2770 4827 3068 4884 missurum
3126 4825 3416 4897 pollicetur
3473 4841 3540 4881 ac
3594 4827 3784 4896 copias

2189 4931 2409 4998 quantm
2462 4924 2728 4978 adversus
2783 4921 2997 4977 hostem
3049 4920 3384 4976 suﬁicerent.
3417 4919 3487 4972 At
3518 4911 3627 4989 65
3669 4919 3778 4988 ille,

2189 5020 2306 5080 sive
2361 5031 2554 5073 revera
2611 5013 3011 5081 Romanorum,
3054 5012 3109 5067 in
3151 5010 3378 5068 Thema;
3439 5008 3636 5064 castris
3676 5010 3782 5062 mi-

2189 5108 2490 5175 litantium,
2519 5107 2827 5162 reverentia
2875 5106 3044 5175 inque
3103 5118 3198 5159 eos
3250 5101 3622 5162 miseratione,
3667 5100 3785 5155 sive

2190 5203 2329 5259 alias
2382 5200 2717 5271 parcendum
2766 5197 3080 5266 sumptibus
3112 5193 3349 5250 ducebat
3394 5188 3602 5263 (nullus
3633 5190 3781 5246 enim

2197 5309 2440 5364 unquam
2487 5293 2882 5362 imperatorum
2929 5289 3024 5342 illo
3059 5286 3166 5341 fuit
3197 5277 3528 5351 sordidior),
3562 5279 3784 5336 laudato

2197 5386 2418 5458 Bulgari
2465 5385 2746 5456 proposito
2782 5382 2982 5437 auxilia
3033 5375 3329 5442 recusavit,
3373 5391 3473 5430 nec
3516 5374 3783 5447 quidquid

2196 5481 2418 5536 demum
2452 5487 2716 5549 tyrannus
2754 5472 3088 5545 praestiterit,
3121 5468 3206 5523 eis
3263 5482 3321 5522 se
3353 5481 3581 5522 usurum
3612 5461 3782 5534 signi-

2199 5570 2402 5628 ﬁcavit.
2429 5569 2712 5642 Mortagon
2743 5575 2946 5629 tamen,
2983 5571 3042 5617 ut
3083 5560 3178 5633 qui
3210 5559 3417 5630 alioqui
3444 5557 3603 5632 hellis
3640 5569 3782 5642 prae-

2198 5666 2378 5736 daque
2435 5679 2500 5718 ac
2545 5637 2735 5732 spoliis
2790 5656 3076 5729 gauderet,
3141 5653 3431 5722 fmdusque
3481 5637 3782 5706 tricennatc
3878 5659 3886 5674 ι

1817 5783 2048 5841 νΑῙῖΙΕ
2090 5779 2502 5839 LECTIONES.

591 5864 635 5896 "
667 5865 762 5921 alii
799 5859 1095 5936 Βηρύδων.
1127 5871 1319 5926 margo
1370 5853 1620 5912 Combel‘.
