4200 6418
524 308 598 370 79
1652 297 2169 360 THEOPHANES
2201 297 2775 359 CONTINUATUS.
3763 302 3834 363 80

528 438 654 481 eum
717 421 901 477 Leone
965 418 1085 489 ejus
1144 418 1432 473 decessore
1505 424 1725 486 pactum
1812 416 2139 471 confirmare

2249 413 2419 478 άλλως
2455 413 2713 485 πολέμοις
2770 414 2977 487 χαίρων
3023 417 3117 470 καὶ
3170 416 3269 481 τὰς
3320 416 3384 470 ὲκ
3430 416 3636 471 τούτων
3687 417 3840 484 λείας

537 516 820 588 magisque
872 513 1119 569 stabilire
1167 520 1462 582 quaereret,
1517 510 1787 566 adversus
1838 520 2137 581 tyrannum

533 609 836 664 exercitum
862 616 1040 677 parat.
1079 601 1448 672 Quamobrem
1486 601 1857 658 Romanorum
1888 604 2021 658 lines
2044 618 2141 659 au-

531 703 721 757 dacter
767 703 1051 770 ingressus
1100 700 1167 753 ad
1224 699 1409 753 locum
1447 698 1536 752 cui
1584 696 1862 752 Ceductus
1916 712 2136 766 nomen,

531 802 715 850 castra
778 793 957 864 ponit.
1025 790 1513 847 Pcrcrebrescebat
1574 805 1798 855 rumor;
1859 805 1960 844 nec
2022 788 2140 842 fieri

533 894 750 957 poterat
782 894 843 940 ut
893 884 1129 955 irruptio
1170 894 1466 955 tyrannum
1511 882 1749 937 falleret.
1802 882 2002 936 Merito
2040 882 2142 935 ita-

531 993 641 1047 que
668 977 1045 1047 perturbatur,
1077 977 1371 1045 animoque
1403 975 1566 1044 plane
1597 973 1868 1028 attonitus
1898 982 2000 1028 est.
2036 969 2138 1029 Ubi

534 1080 718 1126 tamen
768 1070 995 1124 emersit
1041 1084 1220 1140 exque
1279 1083 1343 1122 ea
1399 1082 1459 1122 se
1515 1068 1843 1122 :rstuatione
1895 1066 2138 1138 collegit,

534 1164 806 1221 adversus
833 1163 989 1217 illum
1022 1164 1126 1218 sibi
1169 1164 1499 1217 movendum
1533 1162 1844 1216 constituit.
1870 1162 2138 1228 Quoniam

535 1266 720 1312 autem
751 1248 929 1310 di'viso
962 1254 1206 1309 exercitu
1235 1269 1293 1307 se
1322 1268 1553 1323 prorsus
1588 1252 1823 1307 debilem
1861 1252 1978 1307 fore
2028 1253 2141 1307 cla-

535 1347 703 1418 dique
756 1347 1057 1403 obnoxium
1106 1345 1325 1399 videbat
1364 1346 1513 1416 (nam
1566 1354 1620 1400 et
1674 1345 1729 1399 in
1776 1346 2138 1416 expugnanda

537 1441 674 1498 urbe
717 1440 962 1511 Augusta
1014 1454 1122 1495 non
1173 1438 1374 1509 exiguo
1422 1438 1515 1493 sed
1570 1453 1869 1493 numeroso
1902 1437 2141 1507 fortique

537 1533 783 1590 exercitu
820 1549 960 1604 opus
1008 1540 1148 1595 erat,
1193 1546 1371 1602 coque
1411 1532 1588 1601 magis
1627 1531 1772 1602 quod
1818 1532 1931 1599 jam
1964 1531 2139 1599 impe-

537 1634 691 1684 rator
740 1625 1044 1682 exercitum
1096 1624 1243 1679 haud
1296 1626 1758 1680 contemnendum
1827 1632 2135 1695 paraverat.

536 1720 745 1793 quique
778 1720 915 1775 adeo
942 1726 1199 1773 conserto
1229 1715 1362 1787 pede
1394 1731 1638 1786 pugnare
1667 1726 1854 1785 posset
1884 1730 1987 1770 nec
2016 1729 2141 1767 raro

539 1814 784 1871 hostium
808 1823 1046 1882 stragem
1074 1809 1235 1875 dare;
1276 1824 1375 1863 nec
1399 1824 1529 1863 vero
1555 1818 1747 1862 contra
1773 1807 2139 1879 Bulgarorum

539 1906 729 1976 capias
777 1904 937 1958 aliter
974 1916 1137 1973 quam
1190 1915 1388 1968 magno
1435 1898 1728 1967 validoque
1758 1897 2007 1954 exercitu
2042 1912 2143 1967 pu-

543 2011 649 2067 gna
682 1994 881 2049 instrui
912 1990 1172 2063 p0tcrat),
1204 2006 1272 2045 ne
1304 1990 1469 2061 igitur
1502 1989 1653 2043 velut
1680 1989 1902 2058 rapidus
1920 1988 2142 2059 quidam

544 2097 762 2143 torrens
795 2085 848 2140 in
895 2086 1034 2140 duos
1070 2084 1342 2151 quosdam
1388 2081 1659 2137 deductus
1706 2081 1936 2147 rivulos,
1976 2096 2142 2151 quam

544 2195 641 2250 pro
674 2177 841 2249 priori
888 2178 1091 2232 virtute
1138 2176 1250 2248 66
1281 2175 1535 2231 hostibus
1584 2174 1913 2229 imbecillior
1970 2188 2139 2244 appa-

544 2281 710 2333 reret,
738 2276 792 2323 et
819 2269 913 2338 qui
942 2267 1102 2321 facile
1144 2266 1395 2320 edomari
1438 2274 1647 2337 posset,
1692 2266 1843 2320 urbis
1891 2264 2142 2321 obsidio-

543 2375 669 2415 nem
727 2359 781 2413 in
833 2368 1006 2413 totum
1061 2357 1244 2421 solvit,
1295 2357 1461 2428 inque
1502 2356 1791 2425 Bulgaros,
1838 2358 2039 2427 quibus
2084 2373 2144 2413 se

543 2464 733 2522 parem
792 2465 915 2506 esse
977 2450 1371 2514 arbitrabatur,
1431 2449 1690 2515 educens,
1748 2449 1802 2503 in
1854 2464 1920 2503 eo
1977 2464 2140 2519 quem

543 2543 788 2601 diximus
816 2542 1040 2599 Ccducti
1071 2541 1216 2607 loco,
1265 2555 1392 2596 cum
1435 2541 1515 2596 eis
1547 2556 1786 2611 pugnam
1821 2540 2136 2596 committit.

618 2816 706 2871 18.
731 2813 998 2872 Caeterum
1035 2822 1299 2885 tyrannus
1331 2813 1385 2867 in
1429 2827 1494 2867 eo
1544 2811 1734 2883 prrelio
1764 2825 1962 2880 magna
2010 2826 2142 2866 suo-

544 2924 669 2966 rum
709 2918 891 2978 strage
926 2906 1180 2972 vincitur,
1216 2921 1315 2960 nec
1351 2904 1488 2960 adeo
1534 2905 1721 2960 hostes
1751 2904 1903 2960 clade
1954 2903 2137 2971 afficit,

548 3000 646 3059 sed
684 3000 801 3072 ipse
858 3000 927 3055 ab
978 2998 1059 3054 eis
1110 2999 1322 3070 ingenti
1380 2997 1534 3053 clade
1585 2996 1837 3052 adicitur.
1889 2996 2139 3066 Cumque

2242 506 2592 578 καρποῦσθαι
2626 507 2819 575 φιλῶν,
2852 509 3070 571 καὶτὰς
3104 510 3241 581 πρὸς
3272 511 3434 564 αὑτὸν
3474 510 3532 563 δὲ
3566 528 3832 581 τριακον-

2239 597 2451 662 τούτεις
2490 600 2724 663 σπονδάς
2754 603 3131 672 γεγενημένας
3178 603 3334 674 παρὰ
3404 602 3500 656 τοῦ
3550 621 3839 673 προκατα-

2244 689 2465 760 σχόντος
2495 690 2724 754 Λέοντος
2754 692 3151 748 ἐπιϐεϐαιῶσαι
3172 696 3266 750 καὶ
3292 696 3648 767 ἰσχυροτέρας
3673 696 3838 764 π’)ιῆ-

2245 801 2334 836 σαι
2366 782 2566 851 ζητῶν,
2604 784 2703 853 τὴν
2730 784 2871 838 κατὰ
2903 784 3000 838 τοῦ
3042 786 3305 857 τυράννου
3352 786 3618 856 στρατιὰν
3646 788 3840 857 εὐτρέ-

2245 875 2421 941 πιζεν,
2458 873 2553 928 καὶ
2602 874 2669 947 δὴ
2708 876 2818 930 τῶν
2885 876 3175 948 Ῥωμαίων
3227 879 3369 948 ὅρων
3422 877 3643 932 ἔντοσθε
3699 878 3840 950 μετά

2245 971 2560 1044 παρῤησίας
2603 971 2897 1042 γενόμενος
2948 972 3093 1026 κατὰ
3136 973 3229 1025 τὸν
3282 970 3601 1042 Κηδούκτου
3658 972 3838 1043 χῶρον

2243 1066 2388 1119 οὔτω
2437 1064 2780 1136 καλούμενον
2831 1064 3377 1137 ὲστρατοπέδευσεν.,
3420 1063 3713 1117 Ἢκούοντο
3758 1063 3838 1128 δὲ,

2243 1158 2339 1210 καὶ
2391 1154 2580 1209 λαθεῖν
2613 1154 2786 1210 ταῦτα
2832 1155 2925 1209 τὸν
2964 1153 3285 1224 ἀποστάτην
3313 1155 3414 1208 οὐκ
3452 1149 3549 1224 ἦν·
3590 1154 3839 1227 περιεδο-

2244 1246 2383 1317 νήθη
2420 1247 2541 1317 μὲν,
2568 1245 2642 1311 ὡς
2671 1246 2842 1314 εἰκὸς,
2872 1246 2965 1300 καὶ
2991 1245 3090 1310 τὰς
3113 1246 3315 1316 φρένας
3344 1246 3755 1317 κατεκτυπήθη,
3783 1247 3842 1300 ἐν

2242 1339 2392 1409 αὑτῷ
2433 1340 2491 1393 δὲ
2524 1340 2690 1394 πάλιν
2721 1341 3016 1411 γενόμενος
3049 1338 3148 1412 τὴν
3208 1340 3329 1393 κατ’
3361 1340 3526 1394 αὐτοῦ
3580 1339 3841 1409 στρατιὰν

2244 1432 2562 1498 ὲξὼπλιξεν.
2596 1434 2704 1485 Καὶ
2748 1434 2873 1486 ἐπεὶ
2896 1434 2975 1497 είς
2997 1432 3090 1487 δύο
3122 1431 3631 1504 καταμεριζόμενος
3655 1433 3835 1486 ἐδόκει

2246 1523 2526 1588 παντελῶς
2567 1525 2801 1595 ἀσθενής
2826 1540 2885 1578 τε
2915 1520 3056 1579 εἶναι
3098 1525 3191 1578 καὶ
3218 1524 3497 1587 εῠπτωτος
3529 1525 3582 1595 (ἥ
3615 1542 3674 1577 τε
3726 1524 3837 1594 γὰρ

2244 1615 2353 1669 τῶν
2383 1615 2594 1669 πόλεων
2614 1614 3085 1684 βασιλεύουσαοίηι
3116 1615 3509 1687 εὖαριθμήτου,
3535 1614 3671 1669 ἀλλά
3689 1614 3785 1667 πλε
3797 1615 3835 1666 ί-

2248 1725 2371 1762 στου
2399 1708 2683 1777 ἀξιολόγου
2740 1708 2976 1778 στρατοῦ
3023 1710 3203 1762 ἐδέετο
3252 1708 3709 1780 πολιορκουμένη,
3736 1708 3839 1778 ήδη

2249 1802 2343 1854 καὶ
2371 1800 2466 1854 τοῦ
2522 1799 2743 1872 Μιχαὴλ
2770 1802 3030 1872 δυνάμεις
3062 1802 3164 1854 οὐκ
3213 1801 3458 1869 ἀγεννεῖς
3491 1799 3841 1868 συλλέγοντος

2250 1893 2343 1946 καὶ
2372 1892 2515 1946 κατά
2570 1893 2738 1956 πόδας
2780 1893 3035 1947 ἵστασθαι
3072 1893 3397 1963 δυναμένου,
3432 1893 3527 1946 καὶ
3578 1891 3841 1953 πολλάκις

2247 1987 2471 2059 ὄλεθρον
2527 1990 2833 2056 ἐπαγαγεῖν
2888 1989 3075 2052 αὐτοῖς
3111 1988 3471 2058 δυνηθέντος·
3518 1986 3613 2040 καὶ
3648 1987 3683 2057 ἡ
3734 1984 3843 2037 τῶν

2248 2080 2576 2151 Βουλγάρων
2607 2081 2663 2135 δὲ
2710 2081 2945 2152 δύναμις
2992 2081 3052 2134 οὐ
3090 2082 3296 2151 μικρᾶς
3335 2096 3481 2144 τινος
3505 2079 3713 2143 τάξεως
3747 2074 3845 2131 καὶ

2250 2176 2532 2245 στρατιᾶς,
2567 2175 2770 2245 πολλῆς
2792 2173 2850 2228 δὲ
2886 2175 2980 2228 καὶ⁸
3008 2174 3070 2228 οὐ
3106 2175 3204 2247 τῆς
3233 2173 3507 2243 τυχούσης
3536 2171 3714 2227 ἐδέετο
3740 2187 3844 2222 πα-

2250 2263 2573 2335 ρατάξεως),
2592 2294 2661 2305 —
2689 2264 2764 2335 μὴ
2793 2263 2885 2317 οὖν
2913 2266 2992 2328 είς
3026 2263 3119 2317 δύο
3148 2263 3272 2316 τινὰ
3299 2261 3677 2333 διαιρούμενος
3699 2258 3843 2314 κατά

2247 2374 2369 2411 τινα
2400 2357 2601 2428 λάϐρον
2641 2359 2975 2429 χειμάρρουν
3030 2356 3422 2427 ἀσθενέστερος
3462 2354 3591 2426 παρ’
3627 2354 3655 2407 ὃ
3697 2355 3741 2387 ⁸⁸
3774 2347 3842 2424 ἦν

2247 2448 2375 2522 δόξῃ
2402 2467 2460 2501 τε
2490 2451 2602 2512 τοῖς
2629 2448 2846 2521 ἐχθροῖς
2870 2450 2963 2503 καὶ
2999 2447 3325 2521 εὐχείρωτος
3345 2448 3592 2517 γένηται,
3614 2446 3843 2516 ἀπαίρει

2248 2542 2349 2612 μὲν
2394 2541 2531 2604 ὅλως
2588 2540 2690 2611 τῆς
2723 2541 2952 2605 πόλεως,
2979 2541 3116 2613 πρὸς
3144 2541 3235 2595 τὸν
3270 2540 3582 2610 Βούλγαρον
3606 2539 3661 2593 δὲ
3691 2538 3841 2605 ἀξιό-

2248 2648 2419 2702 μαχον
2446 2630 2637 2700 κρίνας
2664 2630 2827 2684 αὑτὸν
2854 2629 2998 2684 κατά
3020 2631 3110 2683 τὸν
3142 2630 3431 2701 εἰρημένον
3458 2627 3624 2681 τόπον
3658 2642 3841 2696 παρα-

2242 2722 2501 2776 τάσσεται
2530 2725 2623 2776 κα“ι
2653 2721 3112 2792 ἀνταγωνίζεται.

2317 2820 2406 2885 ιη’.
2442 2814 2551 2867 Καὶ
2590 2815 2711 2867 ἐπεὶ
2742 2815 2797 2878 ἐς
2837 2817 3027 2886 χεῖρας
3057 2815 3227 2886 ᾔεσαν
3260 2812 3383 2867 κατ’
3422 2810 3694 2880 ἀλλήλων,
3745 2807 3843 2879 ήτ-

2244 2909 2403 2962 τᾶται
2435 2907 2759 2979 δὴξίσχυρῶς
2793 2910 2820 2961 ὀ
2848 2907 3131 2979 τΰραννος,
3164 2907 3257 2960 καὶ
3287 2906 3446 2973 φόνον
3478 2904 3538 2956 οὐ
3569 2903 3716 2957 ποιεῖ
3742 2902 3843 2972 μὲν

2246 3003 2446 3071 πάσχει
2475 3001 2531 3054 δὲ
2568 3002 2720 3072 παρὰ
2750 3001 2858 3054 τῶν
2892 2999 3123 3072 ἐχθρῶν.
3158 3000 3266 3051 Καὶ
3299 2996 3423 3050 ἐπεὶ
3455 2997 3529 3069 μὴ
3566 2997 3743 3059 ἄλλως
3774 2990 3844 3068 ἦν

546 3096 706 3151 aliter
765 3108 875 3148 non
930 3093 1142 3153 liceret,
1199 3089 1324 3160 fuga
1379 3091 1617 3145 salutem
1656 3089 1954 3159 expediunt
1988 3089 2141 3158 quie

2249 3094 2348 3163 τῆς
2405 3093 2681 3165 σωτηρίας
2715 3091 3000 3157 λαϐέσθαι,
3044 3089 3129 3163 [Ρ.
3162 3088 3253 3161 42]
3306 3087 3579 3160 φυγαδείᾳ
3636 3084 3845 3158 ταύτην

547 3186 741 3260 ριίειίο
790 3184 1095 3239 incolumes
1129 3180 1370 3247 fuerant,
1430 3182 1711 3250 arduoque
1744 3180 1982 3250 quodam
2022 3180 2144 3235 loco

549 3293 653 3335 nec
698 3276 844 3332 facili
887 3290 1115 3331 accessu
1147 3273 1382 3343 dispersi
1418 3289 1605 3328 secum
1659 3274 1970 3343 cogitabant
2011 3290 2148 3343 quo-

547 3372 716 3427 modo
756 3384 949 3425 rursus
997 3369 1208 3424 coirent
1251 3382 1315 3421 ac
1366 3380 1559 3436 agmen
1594 3365 1983 3420 instaurarent.
2018 3363 2147 3419 Bul-

549 3476 718 3532 garus
762 3469 944 3515 autem
972 3458 1157 3513 statim
1211 3457 1480 3526 captivos,
1519 3455 1611 3525 qui
1646 3462 1909 3509 venerant
1943 3454 1996 3508 in
2048 3469 2147 3523 po-

550 3559 830 3614 testatem,
884 3563 1195 3611 assumens,
1258 3546 1603 3617 ingentisque
1669 3545 1863 3615 praedae
1922 3560 2147 3615 compos

550 3642 803 3709 effectus,
841 3641 1072 3696 victoria
1111 3639 1261 3693 ferox
1303 3653 1477 3707 eaque
1515 3637 1841 3707 superbiens
1892 3638 2035 3692 redit
2090 3638 2145 3692 in

549 3736 810 3808 patriam.
863 3731 1072 3787 Classis
1122 3730 1191 3786 ad
1246 3730 1604 3785 obsidendam
1674 3731 1866 3784 urbem
1933 3731 2143 3795 relicta,

549 3827 738 3882 audita
789 3839 1015 3879 suorum
1049 3833 1251 3891 strage,
1298 3829 1411 3875 tota
1447 3822 1510 3875 ad
1546 3820 1930 3889 imperatorem
1963 3821 2146 3876 deﬁcit

549 3918 741 3989 illique
766 3916 1103 3986 adiungitur.
1132 3912 1375 3969 Thomas
1407 3929 1570 3984 porro
1601 3915 1851 3971 desertor
1884 3931 1950 3971 eo
1977 3926 2148 3970 teme-

550 4011 729 4067 ritatis
761 4013 961 4080 erupit,
990 4009 1325 4073 daemonum,
1360 4016 1418 4061 ut
1471 4009 1707 4076 videtur,
1744 4008 1819 4063 illi
1875 4009 2001 4064 belli
2050 4026 2144 4065 so-

549 4104 764 4159 ciorum
835 4101 1039 4167 afﬂatu,
1099 4110 1156 4155 ut
1202 4110 1257 4156 et
1314 4101 1563 4156 cladibus
1630 4102 1873 4171 undique
1926 4102 2145 4158 attritus

548 4206 831 4261 casusque
866 4200 1028 4261 atque
1073 4206 1139 4243 ex
1170 4190 1528 4260 amplissimis
1558 4192 1722 4246 rebus
1762 4192 1815 4246 in
1859 4194 2146 4263 angustias

553 4286 897 4355 compulsus,
937 4298 1040 4338 nec
1082 4284 1232 4352 justo
1276 4298 1515 4352 unquam
1560 4285 1748 4354 prtelio
1784 4286 2011 4340 victoria
2049 4303 2148 4353 po-

554 4383 687 4439 titus
730 4380 812 4435 vel
853 4386 1109 4434 conserta
1142 4376 1321 4445 palam
1359 4378 1476 4431 acie
1510 4378 1594 4431 vel
1637 4394 1699 4432 cx
1745 4387 1896 4433 tanto
1932 4378 2141 4431 machi-

554 4486 753 4528 narum
804 4469 1050 4540 quotidie
1095 4467 1219 4521 urbi
1268 4469 1609 4522 admotarum
1636 4480 1903 4538 apparatu
1948 4484 2142 4523 censu-
2179 4454 2224 4509 1)

554 4581 684 4637 que,
717 4563 964 4619 collectis
1013 4562 1213 4615 iterum
1257 4563 1434 4631 copiis
1472 4563 1524 4615 in
1557 4575 1750 4631 eampo
1804 4562 1895 4616 cui
1945 4576 2146 4615 nomen

552 4657 831 4721 Diabasis,
884 4655 1093 4726 aliquot
1148 4654 1218 4707 ab
1269 4654 1402 4707 urbe
1452 4653 1642 4707 stadiis
1681 4652 1895 4718 dissito,
1952 4651 2151 4705 castris

550 4748 832 4808 'metandis
861 4757 974 4803 tum
1019 4762 1084 4801 ex
1132 4745 1246 4817 agri
1293 4745 1579 4817 feracitate
1611 4754 1725 4799 tum
1769 4759 1835 4798 ex
1888 4758 2156 4812 aquarum

551 4843 767 4914 irriguo
797 4841 959 4911 longe
1004 4837 1479 4901 commodissime,
1516 4834 1850 4891 consederit.
1880 4833 2011 4889 Inde
2040 4848 2159 4886 om-

552 4946 680 4993 nem
711 4934 1157 4991 suburbanorum
1181 4929 1506 4999 elegantiam
1528 4925 1953 4981 excursionibus
1976 4939 2158 4980 vasta-

554 5032 649 5086 bat
677 5043 741 5084 ac
766 5027 874 5099 67
908 5028 1018 5097 igni
1052 5022 1401 5081 incendebat.
1421 5018 1579 5074 Haud
1607 5029 1786 5074 tamen
1820 5020 1972 5075 velut
2004 5017 2157 5091 prius

556 5139 616 5181 se
646 5122 854 5179 civitati
890 5120 944 5175 in
990 5122 1347 5186 conspectum
1396 5113 1579 5168 dabat.
1631 5110 1862 5167 Michael
1902 5128 2031 5169 vero
2066 5113 2158 5187 ubi

554 5231 673 5270 rem
720 5211 1007 5277 intellexit,
1057 5207 1256 5261 idoneo
1314 5204 1627 5275 conscripto
1673 5204 1938 5271 exercitu,
1974 5205 2160 5261 Olbia-

556 5321 689 5360 num
738 5316 962 5375 quoque
1014 5307 1069 5355 et
1123 5296 1435 5368 Catacylam
1491 5311 1615 5351 cum
1652 5297 1771 5353 suis
1832 5298 2159 5368 legionibus,

556 5399 704 5453 viros
749 5392 1162 5452 strenuissimos
1208 5405 1273 5444 ac
1327 5389 1554 5459 integra:
1600 5389 1747 5457 fidei,
1800 5390 2007 5445 habens
2062 5391 2158 5444 ad-

558 5501 752 5543 versus
788 5486 944 5541 illum
975 5481 1177 5537 educit.
1216 5479 1455 5534 Offendit
1512 5490 1690 5535 autem
1747 5495 1852 5534 non
1896 5481 2151 5551 pavidum

556 5570 652 5634 aut
730 5580 811 5634 rei
850 5574 1281 5645 sexspeCIatione
1351 5587 1705 5643 suspensum,
1776 5571 1871 5627 sed
1938 5572 2152 5628 fortiter

2248 3184 2617 3256 εὑρίσκουσιν,
2656 3185 2748 3237 καὶ
2783 3183 2841 3236 ἔν
2862 3199 2969 3235 τινι
3000 3180 3160 3254 χώρῳ
3195 3180 3446 3251 δυσϐάτῳ
3474 3180 3845 3250 σκεδαννύμε-

2249 3292 2328 3328 νοι
2349 3278 2619 3330 ἐσκόπουν
2650 3274 2765 3337 πῶς
2801 3274 3162 3340 συνάγωνται.
3202 3272 3341 3324 Ἀλλ’
3369 3272 3396 3325 ὁ
3431 3271 3528 3343 μὲν
3552 3271 3660 3325 τῶν
3677 3272 3844 3324 Βουλ-

2249 3370 2438 3443 γάρων
2472 3368 2719 3440 ἀρχηγὸς
2757 3367 2918 3430 εὐθὺς
2949 3365 3017 3419 τά
3044 3383 3102 3419 τε
3134 3368 3366 3437 σώματα
3400 3365 3845 3435 προσλαϐόμενος

2249 3460 2324 3517 ὧν
2352 3462 2571 3531 ἐγένετο
2602 3460 2823 3531 κύριος,
2859 3458 2953 3511 καὶ
2991 3457 3141 3523 λείας
3188 3457 3243 3511 δὲ
3299 3457 3504 3526 πολλῆς
3551 3457 3845 3528 γενόμενος

2248 3555 2547 3626 ἐγκρατὴς,
2606 3553 2742 3625 πρὸς
2778 3552 2877 3621 τὴν
2903 3550 3097 3604 ἑαυτοῦ
3133 3551 3461 3622 ὑπέστρεψε,
3502 3548 3722 3633 τῇκατ’
3748 3549 3847 3601 αὐ-

2250 3647 2345 3702 τοῦ
2382 3648 2509 3721 νίκῃ
2544 3644 2912 3717 ἐπαιρόμενός
2942 3661 3001 3698 τε
3034 3644 3129 3697 καὶ
3170 3644 3438 3715 γαυριῶν.
3472 3640 3544 3694 re
3566 3640 3623 3693 δὲ
3672 3656 3845 3695 κατα-

2249 3739 2467 3809 λειφθὲν
2496 3742 2743 3793 ναυτικὸν
2778 3737 2852 3801 ὡς
2882 3736 3043 3790 τοῦτο
3090 3737 3351 3807 ἀκήκοεν,
3410 3733 3570 3786 τοῦτο
3602 3733 3646 3763 ⁸⁷
3669 3732 3732 3802 δὴ
3770 3734 3837 3803 τῇ

2251 3832 2407 3885 πόλει
2443 3830 2826 3903 προσεδρεῦον,
2863 3830 3181 3899 προσχωρεῖ
3206 3826 3281 3895 τῷ
3314 3823 3529 3896 βασιλεῖ
3566 3822 3659 3876 καὶ
3718 3820 3840 3891 μετ’

2251 3925 2416 3979 αὐτοῦ
2455 3927 2686 3995 γίνεται.
2730 3924 2790 3978 'O
2819 3922 2865 3978 δ’
2892 3922 2959 3977 αὖ
3010 3921 3322 3990 ἀποστάτης
3375 3919 3454 3981 είς
3485 3917 3708 3969 τοσοῦτο
3735 3910 3843 3988 ἦκα

2252 4015 2511 4092 θάρρους,
2548 4017 2702 4091 παρά
2736 4016 2846 4070 τῶν
2893 4013 3042 4084 αὑτῷ
3074 4009 3531 4084 συμμαχούντων,
3563 4008 3637 4071 ὡς
3675 4006 3844 4068 ἔοικε,

2249 4112 2523 4182 δαιμόνων
2560 4109 2854 4182 ἐγκρατὴς,
2896 4106 3037 4161 ὥστε
3095 4105 3365 4159 πάντοθεν
3423 4099 3849 4170 συντριϐόμενος

2251 4206 2346 4261 καὶ
2381 4205 2751 4276 πληττόμενος
2806 4202 2901 4253 καὶ
2959 4199 3140 4264 ὀλίγος
3187 4198 3251 4250 ἐκ
3286 4193 3499 4247 πολλῶν
3528 4190 3846 4258 γενόμενος,

2251 4297 2497 4368 καθαρᾶς
2526 4311 2587 4347 τε
2618 4292 2775 4360 νίκης
2795 4290 2855 4342 οὔ
2876 4306 3005 4341 ποτε
3034 4280 3520 4356 μετεσχηκὼςόὖτ’
3538 4280 3647 4335 ἀπὸ
3673 4295 3849 4350 παρα-

2250 4388 2459 4453 τάξεως
2522 4384 2646 4436 οὔτε
2696 4382 2803 4452 μὴν
2830 4380 2938 4433 ἀπὸ
2968 4378 3076 4431 τῶν
3103 4377 3226 4430 καθ’
3246 4376 3462 4447 ἡμέραν
3493 4373 3848 4445 προσαγομέ-
3874 4377 3883 4427 Ϊ

2254 4497 2360 4533 νων
2385 4477 2474 4530 διά
2506 4474 2861 4544 πολυχειρίας
2900 4469 3317 4541 μηχανημάτων
3348 4466 3491 4521 κατά
3521 4468 3628 4520 τῶν
3652 4465 3848 4537 τειχῶν

2253 4570 2351 4640 τῆς
2383 4569 2609 4629 πόλεως,
2637 4560 2793 4625 αὖθις
2822 4562 3209 4631 ὲπισυναχθεὶς
3240 4561 3381 4615 κατά
3404 4579 3454 4614 τι
3486 4559 3691 4622 πεδίον,
3720 4557 3847 4611 Διά-

2256 4661 2415 4714 ϐασιν
2445 4659 2588 4712 οὕτω
2627 4657 2987 4729 καλούμενον,
3018 4654 3265 4717 σταδίους
3292 4653 3493 4723 ἀπέχον
3511 4651 3611 4720 τῆς
3637 4649 3846 4711 πόλεως

2260 4753 2480 4814 ἱκανοὺς
2520 4751 2613 4804 καὶ
2647 4748 2783 4821 πρὸς
2838 4748 3267 4821 στρατοπεδείαν
3306 4744 3503 4815 εὐφυὲς
3543 4742 3606 4796 ἐκ
3644 4757 3703 4795 τε
3732 4741 3845 4794 τῶν

2258 4841 2543 4912 φυομένων
2571 4839 2666 4893 καὶ
2698 4840 2905 4893 ὑδάτων
2938 4838 3253 4911 ὲπιρῤύτων
3283 4835 3363 4899 ὃν,
3403 4830 3842 4903 συναθροίζεται.

2257 4932 2528 4986 Κάκεῖθεν
2556 4932 2654 4995 τάς
2686 4934 2969 5003 προνομάς
2998 4930 3167 4984 ποιῶν
3198 4930 3377 4982 πάντα
3404 4926 3504 4995 μὲν
3536 4922 3642 4993 πρὸ
3671 4922 3717 4954 ⁸⁸
3750 4924 3849 4988 τῆς

2256 5023 2465 5084 πόλεως
2490 5021 2669 5093 ἔκειρε
2705 5022 2909 5091 κόσμον
2947 5021 3040 5074 καὶ
3068 5017 3388 5090 ὲπυρπόλει,
3422 5013 3765 5083 ὲνεφανίζετο
3789 5012 3845 5065 δὲ

2258 5114 2371 5175 τοῖς
2402 5112 2543 5166 κατά
2576 5114 2752 5175 πόλιν,
2785 5113 2859 5175 ὡς
2899 5112 2957 5164 τὸ
3004 5111 3294 5181 πρότερον,
3333 5105 3609 5176 οὐδαμῶς.
3656 5103 3720 5157 Ὃ
3750 5104 3847 5155 καὶ

2260 5207 2439 5269 συνεὶς
2492 5205 2521 5258 ὁ
2550 5206 2774 5275 Μιχαὴλ
2823 5205 2915 5258 καὶ
2945 5202 3224 5270 ἀξιόλογον
3279 5200 3553 5269 συστήσας
3589 5194 3845 5268 στρατὸν,

2258 5298 2421 5352 αὐτόν
2464 5315 2521 5351 τε
2568 5297 2842 5351 Ὀλϐιανὸν
2873 5295 2967 5349 καὶ
2998 5294 3334 5347 Κατάκυλαν
3387 5291 3525 5362 ἔχων
3563 5288 3703 5360 μετά
3734 5286 3846 5341 τῶν

2259 5391 2454 5445 ἑαυτοῦ
2487 5391 2740 5460 ἀκμῆτας
2777 5388 3076 5458 ταγμάτων
3112 5386 3205 5439 καὶ
3250 5385 3568 5456 ἀκεραίους,
3598 5382 3719 5435 κατ’
3745 5382 3845 5433 αὐ-

2260 5485 2352 5539 τοῦ
2389 5483 2743 5555 ὲκστρατεύει
2769 5500 2783 5514 ο
2818 5484 2913 5536 καὶ
2941 5481 3134 5535 τοῦτον
3162 5482 3223 5534 οὐ
3262 5478 3708 5553 κατορῤωδοῦντα
3734 5471 3847 5529 οὐδ’

2261 5574 2496 5643 ἐκφοϐού
2506 5591 2688 5645 μενον,
2712 5574 2827 5629 ἀλλ’
2851 5575 3001 5647 αὑτῷ
3022 5572 3493 5647 προσυπαντῶντα
3515 5571 3651 5644 μετὰ
3675 5586 3843 5623 σπουο

1841 5664 2076 5721 VARl/E
2119 5666 2525 5722 LECTIONES.

629 5767 680 5800 ⁸⁸
705 5763 763 5828 ὃ]
788 5758 848 5817 οὗ
876 5762 937 5817 Ρ.
1015 5766 1059 5797 ⁸⁷
1100 5762 1283 5833 τοῦτο]
1298 5763 1403 5831 frti?
1427 5777 1497 5816 an
1527 5759 1686 5813 τοῦτο
1707 5758 1773 5827 δὴ
1803 5757 1910 5810 ea?
1982 5758 2028 5789 ⁸⁸
2068 5759 2167 5828 μὲν
2197 5758 2257 5812 τὸ
2291 5757 2441 5828 ergo?
