4200 6468
407 441 479 507 ιιι
1390 505 1398 515 ,
1482 444 1629 507 LIB.
1666 444 1751 504 II.
1792 470 1853 480 -κ
1891 443 2235 505 MICHAEL
2275 445 2773 511 AMORIENSIS.
3684 453 3761 515 82

432 564 523 634 δῆς
546 560 807 632 ἐφευρὼν
828 564 1112 635 συνῆλθεν
1150 564 1230 628 είς
1271 565 1470 637 χειρῶν
1498 564 1747 636 δύναμιν,
1772 569 1951 637 κρῖναι
1986 567 2046 621 eo

2167 564 2427 621 iustinere
2470 570 3148 639 paratum;quamobrem
3195 570 3412 626 collatis
3454 568 3626 641 signis
3656 571 3755 624 de.—

439 659 543 713 πᾶν
570 655 898 727 βουληθείς.
930 657 1111 712 Ἔνθα
1147 658 1213 741 δὴ
1244 658 1336 711 καὶ
1380 662 1910 731 καταστρατηγῆσαι
1957 660 2047 714 τὸν

2167 660 2492 714 :ernendum
2545 663 2757 717 statuit.
2821 661 3115 734 Tyrannus
3175 679 3300 719 cum
3366 672 3757 731 stratagematc

446 747 669 820 βασιλέα
698 747 1046 818 βουλόμενος
1067 749 1233 812 αὐτὸς
1263 751 1328 820 τῇ
1358 749 1556 803 ἐαυτοῦ
1582 756 2050 823 καταπρατηγείι

447 860 536 895 ται
562 839 725 911 βουλῇ
753 841 855 893 καὶ
896 839 998 893 τοῦ
1057 840 1259 903 παντὸς
1308 840 1673 911 διαμαρτάνει
1722 842 1950 898 σκοποῦ.
1989 839 2048 897 Ὀ

452 935 553 1003 μὲν
581 934 692 1005 γὰρ
724 934 849 1002 ἅμα
896 933 979 1003 τῷ
1011 933 1358 1005 συρραγῆναι
1385 934 1477 987 τὸν
1509 934 1752 1006 πόλεμον
1794 936 1941 989 νῶτα
1972 935 2049 990 δι-

446 1026 600 1079 δόναι
631 1025 712 1097 τῷ
738 1024 959 1094 βασιλεῖ
982 1023 1294 1090 ἐκέλευσεν,
1329 1024 1389 1076 ού
1418 1024 1519 1093 τὴν
1545 1024 1654 1077 τῶν
1698 1025 1895 1078 ἐαυτοῦ
1953 1026 2049 1079 δυ-

450 1119 675 1188 νάμεων
692 1115 928 1187 γνώμην
952 1114 1259 1181 κατανοῶν,
1282 1115 1379 1169 ἀνθ
1388 1114 1587 1187 ρώπων
1608 1114 1846 1171 ἔκπαλαι
1862 1133 2052 1186 γυναι-

450 1210 566 1265 κῶν
591 1209 690 1264 καὶ
708 1209 922 1263 τέκνων
950 1206 1328 1278 στερουμένων
1353 1206 1422 1262 δι’
1446 1207 1610 1261 αὐτὸν
1628 1208 1845 1274 καὶτὰς
1862 1210 2051 1282 χεῖρας

459 1303 537 1374 τῷ
588 1299 870 1371 ἀδελφικῷ
922 1299 1108 1371 λύθρῳ
1170 1300 1682 1370 καταμιαινόντων·
1730 1302 1780 1355 οῖ
1829 1307 2053 1375 ταχεῖαν

465 1395 679 1449 {statim
710 1395 809 1448 καὶ
836 1394 940 1446 οὐκ
985 1393 1068 1457 είς
1105 1393 1364 1446 τοσοῦτον
1403 1393 1598 1465 χρόνον
1626 1396 1926 1466 ἐκταθῆναι
1954 1396 2053 1468 τὴν

463 1490 640 1544 αὐτῶν
664 1489 728 1541 ἐν
758 1488 877 1550 τοῖς
905 1485 1200 1557 ὑπαίθροις
1231 1485 1520 1557 διατριϐὴν
1572 1488 2055 1560 προσδοκήσαντες

455 1581 597 1654 πρὸς
645 1582 758 1636 πᾶν
812 1580 915 1651 μὲν
947 1574 1091 1649 ἦσαν
1119 1577 1245 1633 κατ’
1275 1580 1453 1650 ἀρχὰς
1503 1579 1799 1647 εὐπειθεῖς,
1845 1583 1966 1636 ἐπεὶ¹
1998 1584 2055 1637 δέ

460 1676 560 1727 καὶ
589 1676 617 1727 ὁ
639 1672 831 1743 χρόνος
849 1672 956 1744 ⁴ἤδη
978 1689 1081 1725 που
1107 1671 1394 1738 ἐξετέτατο
1416 1673 1624 1744 (τρίτος
1647 1675 1756 1746 γὰρ
1776 1676 2055 1748 ἐξηνύετο)

464 1764 564 1817 καὶ
592 1760 876 1829 ἀνηνύτοις
896 1764 964 1815 ἐκ
980 1762 1094 1816 τῶν
1112 1761 1239 1816 καθ’
1266 1761 1483 1834 ἡμέραν
1508 1764 1812 1835 γινομένων
1837 1765 2057 1820 ἐδόκουν

459 1856 793 1925 ὶπιχειρεῖν,
836 1851 1029 1923 ἀνδρὸς
1078 1853 1196 1916 ἐνὸς
1245 1852 1514 1926 ἐπιθυμίᾳ
1554 1854 1648 1908 καὶ
1679 1856 1910 1928 ἀπονοίᾳ
1936 1857 2056 1911 δου-

459 1948 737 2009 λεύοντες,
766 1945 1070 2017 τηνικαῦτα
1090 1947 1154 2001 τὸ
1190 1946 1484 2001 κελευσθὲν
1530 1948 1607 2011 ὡς
1627 1950 1858 2019 ἕρμαιόν
1880 1968 1933 2004 τι
1960 1951 2055 2005 λα-

465 2038 660 2101 δόντες
685 2039 785 2110 οὐχ
804 2039 994 2110 ὥσπερ
1024 2040 1237 2102 ἐκεῖνος
1265 2038 1520 2093 ἐϐούλετο
1542 2038 1897 2112 ἐξεπλήρουν,
1918 2041 2057 2096 ἀλλὰ

473 2132 554 2195 ὼς
585 2132 767 2194 αὐτοῖς
790 2131 951 2185 ἐδόκει
977 2130 1167 2187 καλόν.
1202 2131 1261 2185 '0
1292 2132 1392 2203 μὲν
1418 2132 1529 2205 γὰρ
1570 2132 1818 2201 ἐγκλῖναι
1845 2134 2057 2200 τούτοις

472 2225 559 2287 είς
582 2224 831 2277 τοσοῦτον
854 2222 1161 2295 ἐπέτρεπεν
1191 2225 1315 2278 ὅσον
1343 2226 1443 2294 τὴν
1461 2225 1555 2278 τοῦ
1576 2225 1843 2295 βασιλέως
1872 2229 2056 2301 παρά-

463 2315 624 2382 ταξιν
686 2315 935 2370 διαλῦσαι
968 2317 1064 2370 καὶ
1109 2316 1270 2381 αὖθις
1299 2316 1642 2388 ὑποστρέψαι
1676 2318 1921 2391 στερρῶς
1961 2338 2059 2390 φο-

459 2409 723 2471 νεύοντας
745 2426 758 2439 ·
790 2407 877 2481 [Ρ.
900 2407 995 2481 45]
1022 2409 1073 2462 oi
1101 2409 1158 2462 δὲ
1180 2407 1374 2480 κόσμῳ
1400 2409 1496 2464 καὶ
1525 2414 1762 2484 τακτικῇ
1795 2413 2061 2487 ἐμπειρίᾳ

457 2503 561 2575 τὴν
582 2501 678 2556 τοῦ
710 2500 978 2573 βασιλέως
1008 2501 1270 2571 στρατιὰν
1307 2502 1542 2557 κατόπιν
1564 2503 1817 2569 θέουσαν,
1842 2508 1937 2558 καὶ
1959 2506 2061 2577 οὐχ

465 2597 543 2658 ὼς
571 2595 725 2664 ᾠήθη
751 2593 1086 2658 εύδιαλύτως
1114 2596 1181 2660 θ’,
1221 2594 1424 2658 εἰδότες
1457 2595 1854 2668 ἀσχηματίστῳ
1881 2597 2062 2669 χρῶνο

472 2704 563 2740 ται
607 2690 769 2757 φυγῇ,
821 2688 921 2741 καὶ
965 2686 1126 2749 ἄλλος
1169 2685 1308 2759 ἄλλῃ
1341 2687 1690 2741 διεσκέδαστό
1721 2706 1782 2742 τε
1827 2689 1923 2743 καὶ
1980 2690 2060 2744 δι-

461 2780 718 2850 εφέρετο.
736 2780 872 2833 Ἀλλ’
896 2780 948 2833 ot
979 2780 1079 2850 μὲν
1111 2778 1284 2842 ἄλλοι,
1318 2779 1414 2833 νῦν
1456 2779 1557 2849 μὲν
1583 2780 1754 2850 ὀλίγοι
1774 2781 1873 2836 καὶ
1901 2778 2061 2849 αὖθις

457 2873 665 2943 (rapat,
690 2872 772 2943 τῷ
808 2872 1027 2942 βασιλεῖ
1054 2872 1439 2943 προσχωροῦσι
1470 2873 1566 2925 καὶ
1596 2872 2061 2943 καθομολογοῠσιν

462 2964 614 3035 αὐτῷ
636 2983 649 2997 ·
684 2965 852 3029 αὐτὸς
877 2965 938 3019 δὲ
993 2966 1092 3018 σὺν
1123 2964 1328 3034 ὀλίγοις
1373 2965 1488 3019 τισὶ
1517 2965 1656 3037 πρὸς
1686 2967 1786 3037 τὴν
1846 2968 2063 3039 Ἀδρια-

466 3057 721 3114 νούπολιν
747 3058 988 3123 σώζεται
1037 3059 1266 3113 κάκεῖσε
1289 3058 1390 3130 τῆς
1419 3058 1601 3130 φυγῆς
1628 3060 1871 3115 ἵσταται.
1914 3061 1974 3116 '0
2002 3061 2059 3117 δέ

463 3166 528 3218 γε
563 3149 760 3205 τούτου
798 3151 955 3213 νόθος
982 3168 1043 3203 τε
1076 3151 1169 3203 καί
1191 3150 1624 3220 παρέγγραπτος
1655 3153 1771 3217 υίὸς
1808 3153 2062 3210 ’Δναστά-

2152 751 2543 820 imperatorem
2599 755 2763 809 vellet
2813 755 3082 825 decipere,
3116 758 3309 811 eodem
3341 757 3455 826 ipse
3485 753 3758 823 decipitur

2155 853 2212 897 et
2253 844 2321 898 ab
2372 859 2541 915 scopo
2581 862 2809 916 prorsus
2841 848 3081 902 aberrat.
3123 846 3283 903 Jubet
3332 848 3593 903 nimirum
3624 860 3756 901 suos

2156 936 2336 1005 primo
2398 952 2697 1008 congressu
2756 949 2905 1010 terga
2964 940 3281 1010 imperatori
3346 939 3498 1003 dare,
3560 953 3754 1008 parum

2153 1028 2465 1099 intelligens
2505 1044 2611 1100 qua
2661 1031 2736 1085 illi
2794 1032 2847 1086 in
2901 1047 3026 1086 eum
3079 1042 3261 1087 mente
3313 1030 3489 1086 affecti
3544 1018 3777 1085 cssentﬁ

2153 1117 2256 1171 viri
2312 1118 2523 1173 scilicet
2572 1119 2691 1190 ejus
2736 1119 3068 1191 iampridem
3110 1135 3276 1177 causa
3312 1120 3502 1177 liberis
3535 1130 3589 1175 et
3617 1132 3759 1174 uxo-

2154 1210 2314 1266 ribus
2362 1211 2588 1281 privati,
2621 1220 2681 1266 ut
2730 1211 2974 1268 fraterno
3022 1227 3220 1269 cruore
3266 1211 3493 1269 dextras
3546 1210 3758 1280 pollue-

2155 1310 2319 1368 rent;
2349 1302 2443 1373 qui
2479 1302 2637 1357 initio
2673 1302 2917 1371 quidem,
2944 1319 3069 1359 cum
3101 1305 3322 1359 brevem
3350 1302 3757 1374 expeditionem

2160 1394 2278 1448 lore
2320 1409 2421 1449 nec
2469 1410 2529 1450 se
2564 1395 2751 1450 tandiu
2802 1394 2907 1450 sub
2957 1395 3049 1450 dio
3107 1404 3420 1450 moraturos
3471 1409 3595 1450 esse
3629 1408 3757 1463 spe-

2158 1493 2395 1547 rassent,
2454 1486 2520 1540 ad
2555 1485 2739 1539 omnia
2768 1499 2828 1541 se
2856 1484 3223 1554 obsequentes
3248 1485 3617 1555 praebuerant.
3650 1479 3757 1539 Ubi

2159 1587 2340 1630 autem
2393 1575 2505 1646 jam
2541 1584 2759 1646 tempus
2795 1576 3140 1642 trahebatur,
3170 1577 3373 1647 quippe
3410 1591 3535 1632 cum
3576 1590 3760 1630 annus

2154 1665 2266 1735 jam
2307 1668 2504 1723 tertius
2548 1666 2821 1733 ﬂuxisset,
2860 1668 3386 1739 exque‘quotidiana
3416 1666 3758 1737 experientia

2158 1774 2224 1815 ea
2272 1774 2333 1815 se
2381 1767 2593 1814 tentare
2617 1759 2928 1831 [senserant
2968 1776 3090 1832 qua:
3138 1760 3291 1816 nullo
3342 1759 3551 1815 absolvi
3607 1760 3757 1814 exitu

2160 1862 2412 1924 possent,
2444 1853 2575 1908 dum
2623 1854 2790 1911 unius
2840 1855 2939 1909 viri
2990 1854 3204 1910 libidini
3237 1870 3302 1910 ac
3324 1853 3611 1915 dementia:
3642 1868 3758 1909 ser-

2160 1947 2363 2011 virent,
2393 1946 2614 2001 tandem
2666 1946 2721 2002 id
2751 1948 2895 2018 quod
2940 1948 3078 2019 ipsis
3113 1947 3441 2019 imperatum
3495 1954 3636 2010 erat.
3666 1947 3758 2002 in-

2158 2040 2361 2112 sperati
2391 2041 2528 2096 lucri
2563 2039 2687 2095 loco
2718 2041 3075 2112 accipientes,
3107 2056 3215 2096 non
3271 2058 3338 2096 ex
3387 2042 3534 2096 illius
3574 2048 3759 2096 mente

2160 2132 2254 2187 sed
2306 2147 2373 2186 ex
2429 2131 2548 2187 suis
2593 2131 2839 2201 ipsorum
2900 2131 3211 2189 rationibus
3261 2131 3600 2213 implendum
3649 2130 3754 2186 sibi

2158 2230 2443 2293 putavere.
2478 2220 2682 2292 Nempe
2727 2222 2869 2292 jussi
2902 2233 3057 2279 erant
3084 2232 3145 2278 ut
3175 2223 3444 2294 tantisper
3476 2223 3755 2286 cederent,

2158 2315 2291 2368 dum
2345 2313 2493 2384 regia
2535 2312 2684 2368 acies
2738 2314 3078 2384 insequendo
3122 2315 3345 2370 ordines
3397 2316 3654 2380 solveret,
3688 2330 3756 2371 ac

2160 2414 2277 2461 tum
2345 2406 2559 2480 demum
2633 2407 2885 2461 conversi
2948 2406 3409 2463 bostes‘fortitcr
3461 2409 3753 2464 caederent.

2162 2499 2364 2555 Verum
2408 2499 2485 2554 illi
2515 2498 2647 2554 dum
2683 2499 2985 2569 composite
3014 2515 3190 2571 exque
3233 2500 3429 2556 bellica
3464 2509 3600 2568 arte,
3649 2515 3759 2556 non

2162 2599 2372 2648 temere
2438 2591 2637 2647 solutis
2696 2591 3008 2659 ordinibus,
3061 2602 3121 2649 ut
3178 2592 3294 2663 ipse
3352 2603 3659 2664 potaverat,
3728 2611 3757 2647 a

2165 2693 2317 2755 tergo
2364 2684 2667 2740 irruentem
2720 2685 3126 2755 imperatoriam
3165 2686 3278 2758 68
3324 2688 3497 2742 aciem
3552 2687 3759 2746 vident.

2161 2790 2351 2831 veram
2406 2776 2585 2847 reipsa
2614 2775 2864 2847 nihilque
2885 2776 3208 2835 simulantes
3232 2786 3530 2849 capessunt
3551 2778 3760 2850 fugam;

2164 2869 2369 2938 aliique
2417 2868 2527 2923 alio
2579 2868 2831 2939 dissipati
2891 2885 2954 2924 ac
3004 2869 3334 2936 dilabentes,
3368 2870 3532 2925 modo
3578 2860 3761 2941 pauci,

2162 2961 2329 3018 modo
2396 2960 2602 3031 plures,
2637 2960 2705 3015 ad
2758 2959 3153 3030 imperatorem
3211 2962 3543 3033 confugiunt
3594 2977 3764 3032 seque

2166 3051 2246 3106 illi
2304 3060 2656 3107 sacramento
2706 3051 3039 3120 astringunt.
3072 3050 3365 3122 Tyrannus
3415 3068 3539 3108 cum
3573 3054 3764 3123 paucis

2162 3142 2493 3214 quihusdam
2538 3142 2949 3213 Adrianopolim
2972 3185 2987 3209 ,
3019 3144 3205 3199 evadit
3239 3145 3533 3201 incolumis
3577 3144 3765 3215 ibique

466 3258 579 3305 σιος
604 3241 704 3296 τοῦ
730 3242 831 3311 τῆς
886 3241 1072 3313 Βύζης
1136 3240 1357 3311 φεύγων
1390 3242 1827 3313 ἐπιλαμϐάνεται
1870 3245 2058 3300 πτολί-

2167 3234 2351 3307 fugam
2401 3235 2587 3292 sistit:
2618 3235 2740 3307 ejus
2778 3249 2911 3290 vero
2959 3236 3165 3291 nothus
3212 3252 3276 3292 ac
3320 3236 3573 3293 facticius
3619 3235 3764 3292 illius

464 3350 693 3402 σματος,
726 3335 839 3388 Καὶ
867 3333 930 3386 οὐ
965 3333 1109 3386 κατὰ
1140 3331 1331 3403 τύχην,
1354 3327 1527 3402 οἶμαι,
1562 3334 1778 3389 κατὰδὲ
1804 3337 2062 3408 πρόνοιάν

2167 3327 2495 3385 Anastasius
2541 3343 2608 3384 ex
2644 3327 2773 3397 fuga
2807 3326 2964 3400 Byzae
3011 3338 3252 3384 castrum
3296 3339 3549 3403 occupat.
3582 3329 3768 3403 Neque

469 3442 606 3489 τινα,
633 3426 699 3479 ῖν⁹
728 3425 970 3490 ἕκαστος
996 3425 1207 3480 τούτων
1237 3427 1373 3498 πρὸς
1395 3427 1589 3482 ἐαυτὸν
1608 3428 1820 3482 ἐλκύων
1847 3428 1946 3502 τὴν
1968 3430 2062 3486 τοῦ

2168 3421 2221 3477 id
2270 3436 2426 3487 casu,
2477 3420 2575 3477 sed
2622 3428 2774 3477 certa
2806 3418 2901 3475 Dei
2938 3421 3278 3491 providentia
3315 3421 3521 3477 factum
3571 3423 3766 3479 existi-

468 3517 732 3585 βασιλέως
777 3517 1111 3589 προσεδρίαν
1162 3517 1244 3589 τῷ
1270 3518 1445 3591 ἑτέρῳ
1478 3519 1615 3575 διδοῖ
1643 3521 1832 3577 ἄνεσίν
1857 3540 1919 3577 τε
1968 3526 2065 3580 καὶΙ

466 3611 660 3682 καιρὸν
695 3614 781 3674 είς
808 3610 909 3682 τὴν
938 3612 1246 3684 προνομήν.

541 3790 632 3844 ιϐ’.
676 3789 817 3844 Ἀλλ’
849 3791 878 3843 ὃ
904 3807 970 3859 γε
1009 3789 1266 3861 βασιλεὺς
1285 3794 1350 3846 ἐκ
1379 3795 1538 3859 ποδὸς
1558 3795 1772 3862 τούτοις
1800 3799 2068 3871 ἑπόμενος

469 3880 696 3951 πρῶτον
746 3881 887 3950 ἐγνω
910 3883 999 3937 τὸν
1033 3884 1239 3954 Θωμᾶν
1267 3885 1584 3959 πολιορκεῖν
1610 3890 1705 3943 καὶ
1732 3890 1831 3963 τὴν
1860 3908 2065 3963 προγε-

480 3974 797 4041 γενημένην
825 3977 902 4037 εἰς
926 3977 1087 4030 αὐτὸν
1117 3978 1413 4035 ἀποδοῦναι
1451 3981 1630 4054 τούτῳ
1659 3987 1871 4055 ποινήν.
1904 3985 2070 4039 Ὅθεν

492 4062 699 4129 ἐπάγει
725 4063 872 4134 αὐτῷ
900 4067 1225 4141 πολιορκίαν,
1257 4071 1318 4125 ού
1339 4072 1429 4126 διὰ
1468 4075 1939 4147 μηχανημάτωνῆ
1971 4076 2069 4131 ἄλ-

484 4157 603 4209 λων
638 4156 805 4209 τινῶν
841 4161 1144 4228 σπουδάζων
1174 4165 1338 4219 αὐτὸν
1387 4166 1661 4231 καθελεῖν,
1698 4168 1816 4240 ἅμα
1847 4168 1947 4238 μὲν
1977 4170 2071 4223 τὸν

476 4246 755 4317 ἐμφύλιον
779 4250 1190 4325 ἀποδιδράσκων
1239 4258 1499 4328 πόλεμον,
1535 4259 1652 4331 ἃμα
1677 4260 1736 4315 δὲ
1758 4260 1837 4333 τῷ
1868 4262 1915 4295 ⁷⁵
1944 4262 2071 4328 τοὺς

467 4341 570 4410 τὴν
580 4341 824 4396 Σκυθίαν
846 4346 1133 4412 οἰκοῦντας
1154 4349 1265 4403 τῶν
1285 4351 1545 4405 τοιούτων
1567 4352 1886 4425 άμαθήτους
1899 4371 2073 4409 κατα⁴

477 4435 689 4488 σκευῶν
754 4436 1046 4506 βούλεσθαι
1076 4439 1375 4512 διαμένειν,
1412 4443 1551 4498 ἀλλὰ
1572 4443 1718 4516 λιμῷ
1738 4446 1835 4501 καὶ
1856 4446 2073 4520 ἀνάγκη

479 4527 586 4579 τῶν
612 4527 959 4601 ἐπιτηδείων,
992 4529 1075 4597 οἷς
1114 4534 1174 4589 ἐν
1202 4535 1399 4589 σπάνει
1454 4536 1553 4590 καὶ
1599 4537 1779 4611 ἐνδείᾳ
1827 4538 1944 4593 ἀλλ’
1973 4541 2074 4594 οὐκ

2166 3530 2334 3581 mem,
2371 3523 2433 3570 ut
2475 3516 2628 3585 {dum
2690 3515 2927 3586 quisque
2982 3514 3200 3569 illorum
3251 3516 3636 3588 imperatorem
3693 3518 3764 3573 ad

2167 3608 2531 3665 obsidendum
2584 3608 2772 3676 trahit,
2820 3607 2976 3664 alteri
3013 3608 3262 3665 inducias
3296 3618 3619 3682 tempusque
3667 3625 3766 3681 pa-

2171 3701 2395 3757 bulandi
2445 3702 2738 3773 praeberet.

2243 3795 2333 3850 i9.
2374 3793 2550 3854 Porro
2601 3796 2901 3866 imperator
2935 3811 2967 3851 e
3010 3796 3245 3868 vestigio
3300 3794 3429 3854 illos
3478 3796 3767 3854 insecutus

2170 3887 2410 3957 primum
2440 3887 2713 3943 Thomam
2766 3888 3131 3945 obsidendum
3161 3904 3226 3945 ac
3258 3889 3522 3945 vicariam
3570 3890 3620 3946 ei
3649 3905 3769 3963 pm-

2172 3995 2300 4035 nam
2355 3980 2690 4037 reddendam
2738 3981 3052 4036 constituit.
3118 3980 3349 4038 Obsidet
3385 3990 3595 4055 autem,
3652 3997 3766 4038 non

2175 4074 2483 4139 machinas,
2524 4089 2636 4129 non
2667 4081 2942 4128 tormenta
2973 4073 3268 4142 adhibens,
3299 4083 3415 4128 tum
3456 4072 3603 4142 quod
3638 4072 3771 4131 belli

2172 4166 2350 4222 civilis
2372 4166 2575 4222 damna
2608 4166 2785 4221 vitare
2817 4173 3065 4234 cuperet,
3121 4174 3237 4219 tum
3270 4163 3419 4235 quod
3453 4166 3664 4220 vicinos
3688 4165 3769 4222 illi

2176 4258 2387 4313 civitati
2444 4257 2680 4330 Scythas
2729 4273 2796 4313 ea
2852 4258 3223 4313 instrumenta
3275 4258 3474 4315 docere
3519 4258 3765 4326 nolebat,

2176 4353 2381 4424 quibus
2406 4353 2571 4407 urbes
2593 4350 2898 4423 expugnari
2928 4351 3110 4407 solent
3137 4351 3266 4408 :sed
3295 4351 3437 4408 fame
3471 4367 3770 4425 rerumque

2181 4446 2249 4501 ad
2279 4444 2488 4500 victum
2548 4444 2994 4500 necessariarum
3029 4444 3282 4515 penuria,
3314 4460 3441 4500 raro
3466 4445 3521 4499 in
3548 4445 3771 4500 civitate

2179 4545 2492 4593 commeatu
2523 4550 2626 4592 nec
2658 4536 2885 4605 copiosa
2913 4550 3136 4592 annona
3185 4535 3241 4590 in
3268 4552 3333 4592 ea
3378 4539 3642 4609 reposita.
3677 4537 3772 4593 Sic

482 4618 997 4693 émﬂqcaopiCouaa
1022 4627 1055 4697 ἡ
1080 4625 1236 4691 πόλις
1265 4628 1573 4683 ἐδείκνυτο.
1604 4630 1887 4698 Ἐγνωστο
1937 4630 2062 4701 γοῦν

2179 4630 2367 4700 itaque
2400 4629 2478 4683 illi
2506 4629 2897 4694 constitutum,
2929 4628 3097 4699 inque
3132 4643 3256 4685 eum
3287 4630 3511 4684 modum
3542 4629 3770 4691 doctum

476 4710 651 4767 ταῦτα
670 4714 847 4782 αὐτῷ,
879 4718 976 4770 καὶ
1005 4718 1184 4790 ἀρχὴν
1212 4720 1245 4790 ή
1276 4718 1478 4790 πρᾶξις
1522 4720 1854 4791 ἐλάμϐανεν.
1922 4721 1982 4777 '0
2008 4724 2068 4777 δέ

470 4820 539 4871 γε
564 4805 1032 4880 πολιορκούμενος
1079 4811 1283 4877 παντὸς
1335 4813 1438 4883 μὲν
1473 4812 1614 4878 ζώου
1649 4813 1868 4887 πρῶτον
1923 4814 2069 4870 ἰδέαν

470 4894 772 4965 ἄχρηστον,
812 4901 1008 4956 ἔπειτα
1032 4902 1091 4956 δὲ
1123 4906 1217 4957 καὶ
1253 4906 1439 4959 πᾶσαν
1464 4904 1684 4976 ἡλικίαν
1708 4906 1812 4975 τῆς
1860 4907 2070 4973 πόλεως

468 4987 688 5059 ἐξωθεῖ,
714 4992 777 5044 οὒ
810 4994 1265 5067 παρακλητικοῖς,
1292 4997 1369 5062 ὡς
1394 4998 1461 5053 ἂν
1484 4998 1628 5052 εἴποι
1660 5016 1766 5065 τις,
1792 4999 1974 5069 λόγοις
2001 5000 2072 5056 τὰ

471 5083 650 5137 πολλὰ
676 5086 787 5140 τῶν
818 5088 1076 5157 πράξεων
1106 5091 1350 5160 διοικῶν,
1380 5093 1635 5165 τυράννῳ
1663 5093 1722 5148 δὲ
1752 5092 1948 5166 γνώμῃ
1977 5096 2070 5150 καὶ

470 5176 801 5250 αύθεκάστῳ
820 5197 835 5212 ’
859 5180 890 5234 ὃ
922 5183 1096 5236 καὶτὸ
1126 5186 1246 5238 κατ’
1271 5185 1441 5241 αὐτοῦ
1464 5186 1799 5257 ἀνεθυμίασέ
1826 5204 1886 5241 τε
1912 5192 2072 5258 μῖσος

472 5272 573 5324 καὶ
629 5274 958 5331 ἁνενέωσεν.
1001 5278 1235 5333 Ἔπειτα
1269 5279 1347 5342 ὡς
1401 5279 1504 5351 ἤδη
1539 5279 1791 5351 ἤκμαζεν
1825 5282 1854 5334 ό
1886 5281 2068 5354 λιμὸς,

474 5365 760 5436 σωτηρίας
788 5368 830 5400 ⁷³
867 5369 1028 5433 ἐλπὶς
1059 5371 1325 5441 οὐδαμοῦ,
1373 5372 1659 5443 ἠνάγκαζε
1694 5374 1752 5427 δὲ
1806 5376 1902 5429 καὶ
1943 5377 2073 5441 τοὺς

473 5457 682 5528 ἑαυτῆς
715 5457 915 5530 φόρους
965 5461 1275 5526 άνελλιπείς
1304 5462 1506 5535 ἀπῄτει
1544 5464 1608 5534 δὴ
1643 5466 1676 5533 ἡ
1733 5465 1969 5539 γαστὴρ,
2022 5468 2072 5521 oi

476 5550 582 5619 μὲν
614 5550 791 5623 λάθρα
817 5553 910 5607 διά
933 5571 1099 5607 τινων
1124 5555 1360 5633 πυλίδων
1388 5559 1437 5610 oi
1460 5557 1517 5610 δέ
1563 5556 1651 5610 διὰ
1702 5558 2076 5628 τειχῶννκαθ-

477 5643 770 5713 ιμώμενοι,
799 5648 848 5700 οἱ
877 5648 979 5717 μὲν
1008 5649 1268 5719 φέροντες
1291 5650 1371 5721 τῷ
1395 5649 1606 5721 βασιλεῖ
1626 5651 1857 5715 ἑαυτοὺς
1888 5653 2073 5708 ἐπεδίο

475 5736 628 5801 δουν,
662 5738 713 5792 oi
740 5739 798 5793 δὲ
829 5740 970 5813 πρὸς
993 5741 1087 5795 τὸν
1120 5742 1237 5798 υἱὸν
1271 5744 1416 5798 κατὰ
1461 5744 1523 5797 τὸ
1552 5744 1729 5814 Βύζης
1757 5744 2076 5807 πτολίεθοον

2177 4724 2258 4777 rei
2298 4720 2609 4777 exordium.
2637 4718 2911 4776 Obsessus
2946 4720 3193 4776 Thomas
3235 4722 3292 4776 in
3344 4721 3542 4793 primis
3598 4739 3771 4796 genus

2178 4828 2344 4868 omne
2367 4812 2687 4866 animalium
2718 4812 2787 4867 ad
2816 4812 3022 4868 bellum
3050 4813 3270 4881 inutile,
3296 4829 3601 4886 omnesque
3631 4817 3771 4873 adeo

2180 4906 2384 4976 quibus
2433 4919 2531 4974 per
2572 4912 2791 4960 aetatem
2854 4919 2963 4960 non
3018 4905 3209 4961 liceret
3257 4922 3410 4963 arma
3442 4906 3606 4972 ferre,
3634 4909 3773 4965 urbe

2179 5000 2347 5071 ejicit,
2389 4998 2650 5070 pleraque
2702 5013 2919 5069 gerens,
2947 5008 3008 5054 ut
3035 4999 3161 5069 quis
3190 4999 3358 5066 dicat,
3406 5015 3515 5055 non
3550 5000 3768 5056 lenibus

2183 5090 2365 5147 verbis
2392 5101 2448 5145 et
2473 5091 2540 5147 ad
2560 5092 2962 5146 obsecrandum
2994 5093 3339 5162 compositis,
3359 5092 3453 5147 sed
3480 5093 3784 5163 tyrannica

2179 5187 2367 5242 animo
2401 5200 2467 5242 ac
2490 5185 2699 5257 rigido;
2727 5186 2885 5256 quod
2909 5195 2962 5241 et
2993 5186 3105 5258 69
3131 5185 3530 5256 oppidanorum
3556 5187 3611 5240 in
3638 5202 3766 5242 eum

2177 5278 2437 5336 conﬂavit
2494 5279 2759 5348 auxitque
2823 5278 3034 5338 odium.
3090 5277 3295 5333 Deinde
3351 5276 3769 5349 ingravescente

2176 5371 2291 5442 jam
2321 5369 2487 5435 fame,
2517 5384 2583 5426 ac
2622 5369 2796 5425 salute
2827 5370 3111 5440 desperata
3132 5408 3148 5435 ,
3180 5381 3305 5423 cum
3342 5376 3533 5424 venter
3566 5369 3768 5426 nihilo:

2182 5466 2367 5521 minus
2398 5473 2619 5534 cogeret
2653 5478 2865 5533 suaque
2902 5462 3102 5517 tributa
3128 5460 3303 5516 durus
3331 5468 3556 5517 exactor
3593 5461 3771 5542 depo:

2184 5565 2383 5624 sceret,
2416 5556 2513 5627 qui
2546 5555 2688 5611 intra
2725 5556 2880 5611 urbis
2912 5563 3065 5626 sopta
3103 5552 3454 5621 tenebantur,
3490 5554 3583 5610 alii
3606 5556 3769 5611 caecis

2181 5649 2515 5722 quibusdam
2573 5649 2747 5719 portis
2810 5647 3000 5702 furtim
3047 5649 3269 5712 dilapsi,
3335 5648 3428 5704 alii
3482 5647 3616 5703 loris
3666 5662 3765 5718 per

2188 5760 2377 5801 nutans
2412 5742 2696 5809 submissi,
2732 5757 2859 5811 pars
2897 5757 3022 5797 sese
3045 5743 3363 5814 imperatori
3396 5740 3765 5811 dedunt,pars

1789 5833 2026 5895 VARUE
2067 5835 2480 5898 LECTIONES.

564 5926 607 5958 ⁶⁹
632 5928 962 5997 ἐνδιαλύτως
1002 5932 1063 5987 Ρ.
1104 5950 1232 5991 mox
1263 5935 1448 5991 malim
1488 5935 1710 6003 ἰδόντες.
1790 5937 1834 5969 ⁷ο
1868 5936 1946 6007 τῷ
1982 5956 2086 5996 οιιι.
2114 5938 2174 5996 Ρ.
2254 5937 2293 5969 ⁷³
2325 5931 2600 6004 σωτηρίας
2636 5930 2681 5986 δ’
2706 5926 2773 6002 ἦν
2805 5928 2955 5993 ἐλπὶς
2988 5931 3010 5984 3
