4200 6414
583 392 656 454 83
1689 390 2204 455 THEOPHANES
2242 389 2806 453 CONTINUATUS.
3801 391 3871 456 8i

556 506 783 587 Illyzam
809 506 873 561 a.l
904 506 1259 561 Anastasium
1288 506 1408 578 ejus
1448 506 1618 562 filium
1656 508 1996 580 profugiunt.
2024 507 2169 562 Tan-

2275 506 2693 578 ἀπεδίδρασκον.
2741 506 2897 561 Ἐπεὶ
2920 506 3013 563 οὐν
3040 506 3102 561 οὐ
3127 507 3195 562 τά
3230 509 3507 578 ἀναγκαῖα
3544 508 3708 579 μόνον
3732 510 3870 568 ἀλλὰ

582 599 706 654 dem
739 615 861 655 cum
891 601 1101 655 obsessi
1131 616 1238 655 non
1276 601 1438 657 modo
1468 604 1782 658 necessaria
1818 603 1910 657 sed
1953 611 2008 655 et
2035 605 2169 656 abo-

582 694 842 748 minanda
886 704 937 749 et
992 694 1212 749 sordida
1242 696 1742 767 consumpsissent,
1786 712 1851 752 ac
1887 712 2062 767 usque
2104 695 2170 751 ad

583 787 1014 856 putrefactorum
1040 789 1317 844 coriorum
1343 799 1698 861 veterumque
1719 792 1992 845 solearum
2015 805 2171 845 esum

582 878 884 931 neces-sitas
941 879 1269 949 pepulisset,
1312 881 1717 950 oppidanorum
1757 881 1981 951 quidam
2045 896 2170 935 cum

582 968 847 1025 Michaele
877 971 1135 1031 collocuti
1174 972 1471 1042 delictique
1499 975 1712 1026 veniam
1742 974 1972 1044 precati,
2006 988 2071 1028 ac
2108 988 2173 1028 ea

585 1065 875 1131 impetrata
909 1104 923 1127 ,
973 1067 1434 1134 comprehensum
1494 1066 1759 1120 Thomam
1815 1068 2174 1135 vinctumque

586 1156 844 1214 manibus
908 1157 961 1212 in
1013 1160 1188 1216 hostis
1219 1168 1549 1229 potestatem
1600 1158 1848 1214 tradunt.
1906 1158 2172 1228 Quodque

588 1249 797 1320 pridem
836 1265 1026 1321 regum
1063 1250 1309 1305 moribus
1340 1244 1556 1305 sederat
1589 1251 1811 1321 jamque
1842 1266 1944 1306 usu
1994 1250 2171 1307 inole-

589 1348 765 1406 verat,
791 1339 1016 1394 Michael
1052 1340 1293 1410 primum
1321 1342 1646 1408 observans,
1673 1343 1904 1411 ejusque
1927 1342 2173 1398 calcibus

585 1434 790 1488 calcata
825 1434 1041 1490 cervice
1084 1435 1248 1503 pedes
1287 1451 1596 1508 manusque
1630 1444 1871 1499 truncat,
1903 1437 2172 1505 asinoque

579 1526 897 1596 impositum
957 1528 1271 1597 ignominia:
1328 1544 1493 1584 causa
1554 1544 1648 1599 per
1704 1544 1897 1583 omnes
1949 1529 2171 1583 ordines

578 1619 919 1680 circumduci
972 1620 1150 1691 jubet,
1204 1621 1259 1675 id
1311 1639 1481 1677 unum
1535 1623 1750 1693 lugubri
1803 1622 2167 1691 proferentem

579 1727 754 1768 voce:
799 1714 908 1779 Qui
939 1732 1052 1769 vere
1098 1731 1191 1770 rex
1233 1732 1308 1780 es,
1344 1718 1593 1770 miserere
1634 1717 1756 1772 mei.
1806 1715 2171 1771 Percontante

577 1820 763 1863 autem
798 1824 863 1863 ex
895 1824 959 1864 eo
982 1809 1267 1878 Michaele,
1287 1808 1433 1863 Num
1459 1811 1550 1879 qui
1586 1825 1771 1863 eorum
1812 1826 1941 1878 quos
1968 1810 2170 1864 amico-

580 1915 698 1959 rum
715 1898 829 1953 loco
849 1900 992 1955 circa
1014 1916 1068 1957 se
1089 1899 1553 1970 Itabcbat,aiiique
1582 1900 1856 1969 conjurati
1888 1899 2002 1968 ejus
2038 1900 2170 1953 socii

577 2003 772 2058 essent,
797 1994 982 2064 plures
1019 1992 1251 2049 forsitan
1304 1995 1590 2050 delaturos
1614 2003 1752 2056 erat,
1787 1996 1891 2050 nisi
1926 1993 2169 2050 Joannes

577 2084 802 2152 quidam
834 2083 1171 2143 llexabulius
1198 2086 1590 2156 imperatorem
1626 2089 1961 2153 monuisset,
2006 2086 2167 2141 Haud

577 2173 779 2243 decere,
802 2175 927 2249 quin
953 2185 1001 2230 et
1028 2177 1183 2246 plane
1217 2176 1508 2230 absurdum
1529 2192 1661 2242 esse,
1702 2177 1936 2239 inimicis
1968 2177 2167 2231 amicos

580 2265 956 2331 accusantibus
985 2266 1147 2335 ﬁdem
1176 2266 1391 2335 habere.
1420 2267 1541 2333 Quo
1571 2266 1619 2321 is
1649 2281 1905 2320 sermone
1930 2266 2169 2335 majores

578 2357 910 2412 miserorum
952 2357 1155 2412 civium
1202 2372 1554 2427 suorumque
1610 2357 1920 2412 amicorum
1975 2371 2168 2426 pmnas

581 2449 850 2509 dissolvit.
891 2451 983 2506 Sic
1034 2466 1165 2505 vero
1196 2451 1362 2506 etiam
1406 2450 1655 2505 desertor
1685 2450 1793 2520 70
1832 2451 1955 2504 vitae
2003 2449 2168 2504 linem

581 2542 812 2609 accepit,
865 2542 1028 2601 lentis
1077 2541 1365 2599 coniectus
1406 2541 1692 2613 suppliciis
1726 2542 1945 2612 rituque
1981 2541 2168 2597 bestiae

581 2634 723 2687 mori
755 2633 990 2697 dilIicilis
1035 2636 1277 2693 animam
1330 2620 1685 2707 abrumpens,
1734 2634 1879 2688 circa
1926 2634 2165 2690 medium

583 2725 786 2785 mensis
810 2724 1084 2787 Octobris,
1120 2727 1287 2785 homo
1321 2729 1478 2783 initio
1508 2725 1725 2799 quidem
1757 2731 1825 2781 ad
1867 2742 1955 2782 res
1988 2726 2165 2782 maxi-

579 2833 700 2873 mas
746 2819 1126 2899 suscipiendas
1176 2820 1325 2875 visus
1366 2823 1600 2881 idoneus
1638 2825 2070 2890 animosnsque,
2113 2829 2168 2876 et.

579 2909 845 2988 propositi
880 2921 1143 2967 strenuus
1174 2924 1465 2969 exsecutor
1491 2933 1504 2970 :
1529 2930 1821 2988 progressu
1852 2930 1980 2969 vero
2005 2915 2167 2982 longe

578 3015 638 3061 se
670 3002 783 3070 ipse
813 3001 1055 3058 deterior
1085 3006 1358 3073 apparuit,
1381 3021 1483 3061 nec
1510 3022 1611 3076 pro
1634 3022 1695 3061 ea
1719 3008 1977 3076 opinione
1997 3020 2163 3076 quam

576 3093 646 3148 de
694 3110 753 3153 se
807 3096 1182 3151 concitaverat
1220 3108 1527 3168 nactusque
1577 3101 1632 3161 in
1690 3101 1921 3159 aliorqu
1962 3101 2166 3156 animis

2276 592 2373 647 καὶ
2396 592 2465 647 τὰ
2497 594 2748 649 ἀπευκτὰ
2780 595 2877 648 καὶ
2900 595 3084 667 λυπρὰ
3126 597 3335 660 τούτοις
3364 599 3713 669 κατεδήδστο,
3741 603 3869 674 ἄχρι

2276 686 2333 742 δὲ
2370 687 2480 741 τῶν
2512 689 2877 759 σεσημμὲνων
2911 689 3128 743 σκυτῶν
3169 708 3230 745 τε
3258 691 3351 745 καὶ
3381 693 3748 763 καττυμάτων
3800 695 3871 749 τὰ

2277 777 2377 853 τῆς
2402 781 2610 850 τροφῆς
2642 780 2864 852 ἐχώρει,
2898 784 2979 845 είς
3014 782 3204 851 λόγους
3235 785 3378 847 τινὲς
3409 786 3518 838 τῶν
3543 787 3601 838 ὲν
3625 788 3690 857 τῇ
3719 786 3873 841 πόλει

2277 872 2524 935 ἐλθόντες
2569 872 2648 943 τῷ
2698 872 2951 943 βασιλεῖ,
2984 876 3078 927 καὶ
3107 875 3217 929 τῶν
3245 878 3662 949 ἡμαρτημένων
3691 881 3871 950 ἀμνη-

2279 964 2435 1019 στίαν
2469 966 2794 1037 αἰτήσαντές
2826 983 2887 1018 τε
2919 967 3016 1021 καὶ
3064 966 3345 1035 λαϐόντες,
3383 971 3745 1040 περισχόντες
3776 973 3876 1025 αὐ-

2274 1058 2366 1112 τὸν
2399 1058 2742 1128 λαμϐάνουσι
2771 1077 2829 1113 τε
2864 1059 2953 1114 διὰ
2979 1057 3209 1131 ’χειρῶν
3253 1063 3348 1114 καὶ
3403 1064 3747 1133 προσάγουσι
3792 1063 3876 1135 τῷ

2273 1154 2477 1226 ἐχθρῷ.
2525 1156 2584 1210 Ὀ
2614 1156 2669 1208 δὲ
2716 1155 2778 1208 τὸ
2804 1155 2963 1220 δόξαν
3000 1155 3169 1209 πάλαι
3202 1158 3318 1224 ταῖς
3354 1156 3634 1226 βασιλεῦσι
3666 1159 3759 1210 καὶ
3790 1160 3875 1220 εἰς

2277 1250 2569 1321 συνήθειαν
2601 1250 2700 1320 ἤδη
2750 1250 2905 1304 ἐλθὸν
2957 1250 3176 1321 πρῶτον
3221 1250 3453 1315 τελέσας
3481 1252 3577 1304 καὶ
3607 1251 3875 1304 ὑποκάτω

2276 1345 2387 1408 θεὶς
2418 1344 2527 1398 τῶν
2574 1343 2773 1407 ποδῶν,
2813 1343 3227 1416 άκρωτηριάζει
3280 1345 3468 1397 τοῦτον
3516 1344 3599 1415 [Ρ.
3629 1344 3722 1416 41]
3776 1345 3876 1398 καὶ

2276 1439 2443 1504 πόδας
2466 1439 2560 1495 καὶ
2586 1442 2775 1511 χεῖρας
2800 1439 3115 1511 ἀπαράσσει
3145 1441 3331 1507 αὐτοῦ,
3364 1441 3457 1494 ἐπὶ
3486 1442 3609 1495 ὄνου
3646 1458 3706 1494 τε
3737 1440 3873 1493 θεα-

2271 1532 2451 1603 τρίζει
2475 1536 2629 1596 πᾶσι,
2663 1533 2825 1587 τοῦτο
2849 1534 3009 1604 μόνον
3044 1534 3525 1606 ὲπιτραγῳδοῦντα
3543 1552 3556 1565 ο
3574 1534 3877 1601 Ἐλέησόν

2271 1643 2368 1694 με,
2397 1627 2432 1680 ὀ
2474 1625 2715 1693 άληθῶς
2737 1625 3009 1691 βασιλεῦ
3039 1628 3107 1681 ⁷⁸.
3148 1626 3441 1699 Ἐρομένου
3472 1626 3528 1680 δὲ
3558 1627 3653 1680 τοῦ
3711 1626 3872 1696 βασι-

2275 1718 2434 1782 λέως,
2485 1718 2541 1772 εἴ
2574 1735 2736 1784 τινες
2786 1718 2906 1773 τῶν
2956 1717 3120 1783 αὐτῷ
3172 1722 3492 1772 συνόντων
3534 1719 3732 1786 φίλων
3770 1718 3878 1771 καὶ

2273 1812 2463 1880 ἕτεροι
2502 1809 2625 1867 εἷεν
2651 1812 2724 1866 τὰ
2744 1811 2933 1866 αὑτοῦ
2954 1810 3347 1881 φρονοῦντες,
3384 1811 3528 1881 τάχα
3556 1810 3622 1864 ἂν
3656 1811 3880 1864 πολλῶν

2276 1905 2561 1966 κατεῖπεν,
2589 1904 2638 1955 εί
2673 1903 2746 1973 μή
2772 1919 2857 1966 τις
2892 1902 3033 1973 ἀνὴρ
3074 1902 3329 1970 Ἰωάννης
3358 1903 3387 1954 ὁ
3410 1901 3554 1954 κατὰ
3576 1901 3667 1954 τὸν
3714 1900 3881 1967 Ἐξα-

2276 1997 2492 2051 6ούλιον
2546 1996 2608 2049 οὐ
2661 1995 2783 2048 δέον
2834 1994 2939 2065 ἔφη
2991 1990 3157 2060 εἷναι,
3217 1994 3407 2048 Ἀλλὰ
3455 1993 3557 2051 καὶ
3618 1994 3877 2058 ἄτοπον,

2273 2092 2513 2161 ἐχθροῖς
2552 2089 2707 2144 κατὰ
2735 2090 2932 2159 φίλων
2971 2089 3303 2153 πιστεύειν,
3346 2082 3707 2151 ὧβίισιλεῦ.
3761 2086 3880 2138 Καὶ

2275 2177 2431 2248 οὗτος
2465 2185 2566 2255 μὲν
2594 2185 2770 2253 τούτῳ
2797 2183 3010 2236 διέλυσε
3037 2180 3117 2252 τῷ
3149 2181 3294 2252 λόγῳ
3330 2180 3428 2243 τὰς
3458 2180 3713 2249 μείζονας
3762 2178 3880 2232 τῶν

2274 2276 2643 2346 ταλαιπώρων
2669 2277 2735 2348 δὴ
2767 2276 3007 2329 πολιτῶν
3046 2277 3138 2329 καὶ
3166 2274 3337 2344 φίλων
3369 2273 3534 2327 αὐτοῦ
3565 2273 3839 2343 τιμωρίας
3860 2290 3877 2305 ο

2275 2370 2421 2424 οὕτω
2450 2371 2508 2424 δὲ
2554 2371 2651 2423 καί⁵
2679 2370 2708 2423 ὁ
2760 2370 3079 2438 ἀποστάτης
3112 2366 3380 2420 κατέλυσε
3441 2365 3534 2418 τὸν
3570 2364 3704 2434 βίον,
3750 2366 3880 2428 ταῖς

2277 2465 2419 2519 κατὰ
2456 2463 2653 2535 μικρὸν
2686 2464 2901 2523 ποιναῖς
2935 2461 3037 2531 τὴν
3078 2460 3259 2530 ψυχὴν
3309 2458 3632 2529 ἀπορρήξας
3680 2457 3879 2525 ὥσπερ

2272 2577 2327 2612 τι
2380 2557 2521 2623 ζῶον
2550 2540 2943 2619 δυσθανατοῦν,
2981 2554 3148 2625 μηνὸς
3177 2552 3471 2622 μεσοῦντος
3509 2550 3874 2620 Ὀκτωὸρίου,

2275 2649 2417 2703 κατὰ
2446 2648 2548 2719 μὲν
2575 2647 2675 2711 τὰς
2704 2646 2880 2717 ἀρχὰς
2901 2646 3186 2715 γεγονέναι
3217 2644 3390 2698 δοκῶν
3424 2641 3879 2715 μεγαλεπὴϐολος

2274 2740 2371 2797 καὶ
2427 2739 2701 2809 τολμηρὸς
2746 2738 2841 2790 καὶ
2886 2736 2981 2790 τοῦ
3039 2737 3402 2807 προτεθέντος
3454 2733 3875 2805 ὲξεργαστικὸς,

2275 2833 2588 2904 προϐαίνων
2611 2831 2669 2883 δὲ
2693 2830 2886 2899 φανεὶς
2940 2829 3075 2882 πολὺ
3108 2828 3539 2895 καταδεέστερος
3576 2824 3743 2879 αὐτοῦ
3773 2826 3877 2878 καὶ

2273 2924 2372 2993 τῆς
2423 2920 2534 2977 τῶν
2588 2918 2746 2982 ἐκτὸς
2799 2917 3155 2989 προσδοκίας.
3206 2917 3447 2987 Πότερον
3478 2915 3535 2969 δὲ
3570 2916 3667 2968 καὶ
3717 2914 3874 2969 τοῦτ’

2275 3017 2496 3083 ἐγένετο
2522 3013 2675 3083 παρὰ
2707 3010 2804 3081 τὴν
2838 3010 3004 3065 αὐτοῦ
3041 3009 3252 3063 ἐκείνου
3280 3007 3547 3078 διαφοράν
3574 3011 3666 3062 καὶ
3703 3025 3873 3079 μετα-

2274 3107 2439 3179 ϐολὴν
2470 3107 2565 3160 ἐπὶ
2590 3106 2651 3160 τὺ
2688 3104 2933 3176 χεῖρονῆ
2989 3104 3146 3183 παρά
3196 3102 3294 3173 τὴν
3327 3102 3438 3154 τῶν
3483 3101 3872 3173 πολεμούντων

578 3195 716 3245 erat.
754 3186 953 3245 Utrum
992 3200 1177 3243 autem
1203 3190 1284 3244 sic
1309 3191 1382 3243 illi
1408 3193 1672 3254 evenerit,
1703 3194 1845 3261 quod
1883 3192 1997 3262 ipse
2024 3194 2165 3249 alius

2277 3199 2413 3271 πρὸς
2438 3198 2602 3252 αὐτὸν
2633 3197 3015 3268 παραλλαγὴν,
3070 3196 3128 3249 οὐ
3157 3194 3326 3247 πολὺν
3369 3193 3486 3264 ἔχει
3517 3194 3694 3263 λόγον.
3723 3194 3871 3257 Ἕως

579 3294 612 3332 a
644 3295 702 3333 se
736 3280 1003 3337 evasisset
1044 3296 1336 3357 moresque
1366 3283 1419 3338 in
1452 3285 1698 3347 deterius
1729 3286 2071 3350 mutavisset,
2099 3302 2166 3343 an

580 3372 725 3440 quod
758 3372 998 3428 hostium
1028 3374 1247 3430 diversa
1282 3376 1515 3431 subinde
1563 3378 1703 3432 ratio
1756 3381 2037 3447 molesque
2076 3397 2172 3435 ex-

581 3466 802 3530 stiterit,
840 3482 951 3523 non
1008 3469 1240 3524 multum
1293 3469 1479 3525 refert.
1515 3472 1767 3538 Quandiu
1826 3472 2048 3542 quidem
2089 3472 2169 3527 illi

579 3557 783 3612 bellum
815 3561 975 3630 quasi
1010 3561 1164 3617 intus
1198 3577 1264 3619 ac
1293 3562 1661 3621 domesticum
1692 3565 1815 3630 fuit,
1838 3566 1987 3635 quod
2017 3566 2172 3636 prior

582 3652 701 3720 ipse
734 3653 901 3707 animi
935 3654 1165 3709 audacia
1202 3671 1265 3711 ac
1297 3658 1606 3721 temeritate
1656 3660 1758 3719 sibi
1809 3658 2167 3725 conﬂaverat,

585 3760 882 3817 rerumque
920 3747 1073 3803 illius
1123 3759 1300 3806 status
1356 3761 1522 3821 atque
1578 3754 1807 3814 Iirmitas
1860 3754 2170 3819 vacillabat,

556 3828 742 3899 erant
772 3837 893 3915 ejus
933 3839 1081 3895 facta
1136 3842 1275 3897 nihil
1318 3844 1502 3899 minus
1556 3843 1719 3899 fortia
1774 3863 1939 3915 quam
1983 3848 2169 3915 verba,

582 3945 781 4001 resque
832 3932 882 3986 ei
910 3946 975 3986 ex
1032 3934 1216 3989 animo
1260 3937 1546 3991 cedebant.
1602 3936 1702 3993 Ubi
1742 3949 1924 3994 autem
1978 3942 2169 3997 Asiam

584 4024 700 4080 t'ere
752 4025 1067 4087 universam
1127 4027 1455 4098 subjecisset
1506 4032 1674 4101 inque
1731 4034 2006 4103 Europam
2058 4050 2169 4091 non

585 4117 790 4174 imbelli
850 4119 1038 4175 animo
1088 4122 1309 4176 nemine
1363 4123 1665 4180 obsistente
1722 4127 2050 4196 trajeeisset,
2090 4129 2173 4185 vir
2215 4156 2219 4161 -

585 4208 752 4271 nullis
777 4210 996 4277 litteris,
1015 4212 1182 4269 nullis
1211 4214 1636 4277 humanioribus
1661 4220 1915 4277 excultus
1942 4223 2168 4286 studiis,

584 4301 683 4364 sed
721 4301 1093 4361 illiberalibus
1146 4315 1306 4378 atque
1340 4310 1584 4367 sordidis
1642 4312 1930 4380 educatus,
1972 4315 2171 4370 animis

579 4393 693 4462 jam
758 4397 966 4452 exarsit
1019 4400 1387 4473 superbiaque
1443 4404 1666 4460 inﬂatus
1696 4416 1812 4468 est,
1845 4422 1911 4461 ac
1954 4423 1984 4461 a
2031 4424 2170 4464 sano

582 4502 751 4545 sensu
786 4504 886 4544 suo
908 4491 965 4545 in
988 4506 1209 4551 amores
1234 4499 1501 4566 quosdam
1533 4507 1588 4551 et
1620 4499 1927 4566 impudicas
1950 4501 2169 4569 nuptias

2278 3293 2377 3363 μὲν
2411 3292 2520 3362 γάρ
2547 3286 2615 3363 ἦν
2641 3289 2805 3353 αὐτὸς
2826 3288 3022 3343 ἑαυτοῦ
3047 3287 3283 3356 πόλεμος
3309 3286 3544 3352 ἔνδοθεν,
3571 3287 3631 3339 ὂν
3653 3286 3869 3357 φθάσας

2273 3386 2632 3459 ἀνερρίπισεν
2668 3383 2892 3437 αὐθάδει
2921 3381 3117 3454 γνώμῃ
3144 3380 3240 3434 καὶ
3270 3380 3541 3452 τολμηρᾷ,
3580 3382 3673 3434 καὶ
3695 3380 3870 3450 ἀμφί-

2274 3482 2431 3544 ϐολος
2475 3479 2616 3553 πρὸς
2646 3480 2746 3550 τὴν
2772 3477 2882 3536 τῶν
2905 3476 3251 3549 πραγμάτων
3282 3473 3622 3545 κραταίωσιν
3649 3467 3738 3542 ἦν,
3774 3471 3866 3543 ἐρ.

2277 3576 2449 3645 ρωντο
2483 3572 2591 3624 τῶν
2630 3571 2805 3637 λόγων
2835 3569 2890 3621 αἱ
2939 3567 3168 3639 πράξεις
3193 3566 3294 3620 οὐκ
3328 3565 3565 3626 ἔλαττον,
3600 3564 3695 3615 καὶ
3717 3565 3866 3615 κατὰ

2275 3665 2400 3722 νοῦν
2430 3663 2627 3739 ἐχώρει
2660 3663 2729 3715 τὰ
2757 3664 3064 3732 πράγματα
3087 3678 3101 3693 ο
3139 3661 3262 3713 ἐπεὶ
3300 3659 3357 3713 δὲ
3389 3657 3488 3729 τὴν
3545 3656 3735 3708 Ἀσίαν
3772 3672 3862 3724 μι-

2274 3758 2410 3828 κροῦ
2443 3759 2625 3811 πᾶσαν
2660 3754 2917 3821 ὑπέταξε,
2949 3752 3317 3826 διεπεραιώθη
3372 3752 3428 3805 δὲ
3477 3749 3570 3802 καὶ
3601 3748 3740 3818 πρὸς
3763 3748 3862 3817 τὴν

2275 3846 2548 3917 Εὐρώπην
2601 3849 2699 3901 σὺν
2754 3846 2857 3900 δύκ
2888 3847 3105 3915 ἀγεννεῖ
3149 3845 3228 3917 τῷ
3284 3844 3594 3914 φρονήματι
3655 3839 3861 3908 μηδένα

2273 3939 2530 4009 ἐμποδὼν
2568 3939 2842 4011 εὑρηκὼς,
2895 3941 3034 4011 ἀνὴρ
3078 3939 3173 3993 ἆτε
3204 3937 3267 4004 δὴ
3319 3938 3419 3990 οὐκ
3451 3937 3515 3987 ἐκ
3557 3933 3733 4000 λόγων
3770 3930 3863 3983 καὶ

2276 4033 2527 4097 παιδείας
2548 4032 2893 4103 ὁρμώμενος,
2920 4032 3195 4102 βαναύσου
3231 4031 3291 4085 δέ
3322 4046 3470 4092 τινος
3496 4026 3591 4082 καὶ
3639 4025 3868 4092 ἀγυρτι-

2276 4124 2376 4192 κῆς
2402 4125 2642 4194 ὁμιλίας,
2675 4125 2878 4195 ἐξῆπτο
2903 4124 3003 4193 ἡδη
3028 4125 3120 4176 καὶ
3138 4123 3461 4190 ἐπεφύσητο
3492 4118 3715 4171 καὶτῶν
3738 4117 3870 4167 ἑαυ-

2272 4213 2368 4273 τοῦ
2390 4211 2604 4277 ἐξέπλει
2634 4214 2851 4280 φρενῶν
2872 4250 2886 4273 ,
2923 4211 3061 4280 πρὸς
3102 4209 3313 4278 ἕρωτάς
3343 4223 3496 4268 τινας
3527 4207 3621 4258 καὶ
3652 4203 3869 4273 γάμους

2274 4309 2334 4360 οὐ
2371 4304 2744 4376 σωφρονικοὺς
2800 4303 2889 4355 διὰ
2940 4302 3041 4369 τῆς
3098 4296 3220 4352 καθ’
3275 4297 3491 4368 ἡμέραν
3555 4295 3727 4366 μέθης
3775 4294 3871 4348 καὶ

2276 4400 2537 4471 βακχείας
2578 4394 2851 4465 ἀγόμενος
2873 4394 2965 4446 καὶ
3004 4390 3393 4459 αὐξανόμενος.
3437 4389 3575 4442 Ἀλλ’
3607 4388 3744 4459 ὑπὲρ
3768 4389 3869 4458 μὲν

2275 4492 2375 4557 τῆς
2396 4490 2504 4544 τῶν
2552 4487 2899 4558 πραγμάτων
2928 4483 3134 4537 τούτων
3166 4483 3478 4546 συντελείας
3504 4482 3720 4551 δίδομεν
3775 4479 3866 4535 καί

577 4579 695 4649 jugi
738 4582 1059 4639 temulentia
1091 4600 1157 4641 ac
1208 4587 1575 4649 bacchatione
1609 4600 1768 4651 actus
1799 4591 2050 4646 descivit.
2084 4593 2168 4647 Ad

2277 4582 2459 4645 ἄλλοις
2475 4581 2653 4645 ἄλλως
2677 4580 2902 4644 ἐννοεῖν,
2941 4579 3029 4631 ὅτε
3068 4577 3143 4649 μὴ
3170 4578 3282 4639 τοῖς
3303 4575 3597 4647 ἡμετέροις
3631 4572 3867 4644 βούλων-

582 4670 779 4724 harum
812 4683 992 4731 tamen
1029 4692 1214 4732 rerum
1274 4690 1532 4736 eventum
1588 4683 1736 4751 quod
1779 4686 1996 4748 sitmst,
2045 4685 2169 4742 aliis

579 4776 803 4832 quoque
841 4784 940 4839 pro
976 4770 1251 4826 arbitratu
1300 4786 1404 4833 suo
1434 4773 1734 4843 .judicandi
1788 4774 2026 4833 facimus
2083 4777 2171 4832 fa-

570 4863 862 4930 cultatem,
920 4862 966 4923 si
994 4865 1080 4919 cui
1116 4874 1304 4920 nostra
1338 4880 1445 4921 non
1478 4866 1779 4925 arrideant.
1818 4868 2020 4925 Verum
2059 4872 2175 4929 haec

583 4947 870 5007 hactenus.
929 4951 1038 5005 Sed
1089 4963 1143 5006 et
1195 4951 1513 5021 Byzienses,
1570 4961 1876 5025 prostantis
1936 4964 2169 5032 periculi

582 5052 753 5107 metu,
787 5044 897 5098 cito
944 5044 1275 5100 sententiam
1307 5057 1613 5103 mutarunt.
1652 5049 1776 5107 Mox
1806 5054 1950 5107 enim
1996 5055 2171 5111 infor-

577 5133 849 5189 tuniorem
887 5134 1108 5189 Thomae
1160 5147 1384 5208 accepto
1430 5142 1650 5206 nuntio,
1694 5144 1747 5197 in
1787 5147 2062 5203 similibus
2094 5150 2167 5203 si-

578 5226 707 5281 mile
735 5228 988 5293 ineuntes
1016 5230 1331 5299 consilium,
1369 5235 1614 5291 vinetum
1671 5255 1871 5297 manus
1900 5258 1966 5297 ac
2002 5244 2165 5312 pedes

579 5318 684 5391 7]
715 5322 1067 5383 Anastasium
1120 5324 1490 5383 adduxerunt.
1526 5329 1634 5396 Qui
1677 5332 1870 5389 iisdem
1910 5352 1978 5391 ac
2008 5347 2167 5408 pater

576 5414 1003 5473 excarniﬁcatus
1030 5420 1315 5491 suppliciis
1341 5422 1560 5479 vivendi
1598 5426 1761 5481 ﬁnem
1784 5427 1948 5483 fecit.

650 5502 739 5556 ἒς).
767 5502 1093 5576 Quanquam
1130 5526 1259 5566 vero
1294 5511 1411 5569 haec
1438 5514 1512 5569 ita
1536 5527 1833 5573 evenerant
1883 5521 2166 5575 sublatus-

578 5610 685 5663 que
718 5605 982 5667 tyrannus
1007 5610 1145 5669 erat,
1192 5604 1482 5661 maritimae
1508 5618 1689 5665 tamen
1728 5612 1893 5669 urbes
1918 5612 2169 5669 Thraciae

580 5685 809 5745 Paulum
862 5700 919 5747 et
967 5694 1223 5758 Heraclea
1256 5702 1376 5772 ejus
1414 5704 1710 5761 tuebantur
1750 5717 1934 5777 partes
1964 5725 2026 5763 ac
2064 5711 2163 5763 Mi-

674 5876 717 5907 "
751 5877 967 5947 ἀληθῶς
1002 5881 1252 5951 βασιλεὺς
1284 5890 1303 5940 ?
1398 5893 1438 5923 ⁷³
1475 5893 1641 5947 ταῦτα
1673 5895 1735 5949 Ρ.

2273 4694 2367 4732 ται
2399 4675 2800 4741 ὲξακολουθεῖν.
2832 4673 2981 4743 Πλὴν
3011 4673 3143 4741 περὶ
3170 4670 3267 4741 μὲν
3313 4669 3518 4723 τούτων
3549 4667 3863 4735 αὐτάρκως.

2274 4771 2387 4827 Καὶ
2422 4773 2471 4823 οἱ
2499 4771 2564 4823 ἐκ
2589 4754 2775 4837 Βύζης
2791 4767 2849 4820 δὲ
2877 4768 2965 4835 ἐφ’
2990 4765 3186 4837 ἐτέρας
3211 4762 3422 4833 ταχέως
3452 4760 3702 4827 ἐγένοντο
3732 4755 3869 4825 γνὼ-

2280 4881 2411 4935 μης,
2442 4863 2789 4934 ὑφορώμενοι
2818 4861 2911 4915 τὸν
2943 4858 3268 4930 προεστῶτα
3301 4855 3582 4909 κίνδυνονν
3618 4852 3733 4921 ἅμα
3755 4850 3867 4921 γὰρ

2274 4960 2351 5031 τῷ
2376 4958 2644 5019 πυθέσθαι
2678 4958 2748 5011 τὰ
2798 4956 2942 5011 κατὰ
2983 4956 3077 5009 τὸν
3130 4953 3338 5023 Θωμᾶν
3367 4950 3721 5019 ἀτυχήματα,
3779 4945 3867 5013 ἐφ’

2274 5054 2493 5124 ὁμοίαις
2527 5050 2763 5123 πράξεσι
2786 5051 2855 5103 τὰ
2875 5051 3039 5117 ὅμοια
3073 5043 3440 5115 πεποιηκότες
3469 5041 3561 5094 τὸν
3600 5038 3867 5093 ’Δναστά-

2277 5167 2391 5204 σιον
2420 5151 2630 5221 ἡγαγον
2661 5146 2944 5217 δεδεμένον
3001 5145 3191 5214 χεῖρας
3230 5141 3324 5194 καὶ
3362 5138 3553 5202 πόδας.
3605 5133 3793 5189 Ταυτὰ
3821 5133 3867 5164 ⁷³

2277 5244 2333 5298 δὲ
2366 5242 2461 5307 καὶ
2488 5235 2639 5303 οὗτος
2673 5239 2752 5311 [δέ
2783 5236 2867 5308 τε]
2899 5234 3228 5291 πεπονθέναι
3288 5231 3611 5304 βιαζόμενος
3648 5227 3725 5298 τῷ
3762 5243 3867 5279 πα-

2278 5340 2367 5408 τρὶ
2394 5336 2485 5389 τὸν
2517 5335 2630 5405 βίον
2661 5330 3012 5403 μετήλλαξεν.

2353 5525 2422 5571 κ’.
2466 5515 2542 5570 Οὐ
2597 5514 2707 5583 μὴν
2756 5510 3026 5565 ἐπαύοντο
3070 5507 3278 5561 τούτων
3314 5505 3457 5559 οὕτω
3510 5504 3863 5569 καθυπαντηο

2280 5615 2493 5667 σάντων
2522 5608 2663 5662 κατὰ
2685 5606 2909 5676 Θρᾴκην
2936 5603 3119 5666 πόλεις
3151 5600 3431 5673 παράλιοι,
3464 5600 3526 5651 τό
3568 5613 3627 5649 τε
3666 5596 3863 5649 Πάνιον

2277 5707 2375 5762 καὶ
2416 5701 2740 5773 Ἡράκλεια,
2766 5702 2835 5753 τὰ
2867 5696 2959 5752 τοῦ
2988 5694 3253 5763 τυράννου
3282 5691 3550 5763 φρονῆσαι
3574 5706 3584 5719 ·
3610 5683 3864 5740 τοσοὶτον

1866 5800 2094 5857 νΑιυΑς
2142 5797 2547 5858 LECTiONES.
