4200 6446
516 407 585 471 87
1641 393 2151 458 THEOPHANES
2180 396 2743 458 CONTINUATUS.
3710 399 3786 465 88

518 516 766 575 numinis
801 514 1175 584 indignatione
1220 526 1554 583 \quanquam
1590 512 1695 582 ipsi
1721 528 1832 567 non
1870 510 2084 565 intelle-

2203 512 2289 564 καὶ
2313 511 2503 580 οὐρᾶς,
2536 513 2583 564 εί
2609 510 2704 563 καὶ
2734 507 2808 581 μὴ
2832 508 3104 575 συνίεσαν,
3141 507 3542 565 παιδευθέντων
3575 509 3783 578 φόνοις,

517 608 735 677 serant)
763 605 1022 668 caedibus,
1052 603 1343 670 incendiis,
1378 615 1536 659 terrae
1565 588 1830 663 motibus".
1868 601 2099 673 rapinis,

517 703 759 757 civilium
777 709 1027 755 motuum
1054 698 1280 767 iniuria,
1297 698 1720 753 excursionibus
1743 712 1806 752 ac
1824 698 2100 760 vastitate,

518 793 816 865 insperatis
850 793 1068 847 urbium
1103 791 1522 857 mutationibus,
1552 789 1726 860 signis
1756 803 1786 843 e
1819 789 1983 854 caelo,
2026 787 2100 843 si-

517 884 642 954 gnis
684 897 753 937 ex
793 896 920 937 aere
958 881 1240 950 castigatae
1268 881 1525 945 fuissent,
1559 889 1835 950 postremo
1866 880 2100 935 miseras

515 991 738 1046 quoque
788 975 1018 1039 insulas,
1071 975 1215 1029 velut
1272 973 1623 1027 instrumenti
1679 972 1877 1028 musici
1913 985 2099 1028 mesen

516 1068 837 1138 quamdam,
866 1076 924 1122 ut
955 1067 1122 1122 totius
1141 1066 1387 1135 corporis
1415 1066 1570 1136 plaga
1595 1066 1909 1121 communis
1932 1074 2099 1131 esset,

518 1160 664 1213 mala
725 1159 1062 1213 invaserunt.
1106 1156 1305 1212 Verum
1340 1156 1542 1227 corrigi
1576 1171 1684 1210 non
1715 1164 1967 1226 poterant
2005 1154 2100 1225 qui

518 1250 615 1304 Dei
670 1250 909 1305 hominis
954 1248 1183 1318 efﬁgiem
1218 1247 1505 1302 colendam
1566 1248 1937 1317 negavissent.
1980 1246 2100 1312 Quo

518 1345 688 1417 igitur
730 1351 978 1414 tempore
1022 1340 1264 1396 Thomas
1295 1356 1385 1397 res
1417 1355 1588 1395 novas
1619 1340 1803 1394 moliri
1832 1347 2096 1409 coeperat,

519 1437 601 1491 rei
643 1435 789 1490 fama
811 1435 867 1490 in
894 1449 1091 1490 omnes
1120 1434 1226 1488 late
1252 1444 1437 1504 partes
1469 1435 1679 1504 perlata
1732 1433 1973 1503 Agareni
2004 1447 2098 1488 oc-

515 1529 663 1583 cidui
694 1527 887 1583 lberise
929 1527 1085 1583 sinus
1140 1526 1356 1592 incolae,
1398 1525 1620 1582 Oceano
1657 1525 1896 1590 finitimi,
1956 1538 2097 1596 quos

509 1617 841 1692 jampridem
881 1626 1094 1673 mutata
1156 1617 1400 1672 nominis
1427 1617 1791 1688 appellatione
1824 1614 2096 1686 Hispanos

515 1719 733 1775 vocant,
767 1710 989 1780 copiosa
1016 1708 1160 1764 aucti
1188 1708 1472 1763 hominum
1500 1707 1875 1774 multitudine,
1908 1721 2097 1762 suum-

513 1818 621 1871 que
649 1803 784 1857 illud
814 1801 1138 1873 Hesperium
1174 1800 1317 1856 latus
1345 1801 1547 1870 gracile
1570 1816 1881 1871 parumque
1916 1798 2095 1854 fertile

516 1909 581 1950 ac
610 1894 935 1965 opulentum
990 1893 1312 1958 sentientes,
1366 1893 1454 1947 cui
1502 1892 1743 1963 denique
1794 1891 2106 1962 plurimum,

514 1988 583 2041 de
612 1987 711 2041 soli
744 1987 993 2042 ubertate
1014 2001 1078 2042 ac
1112 1986 1355 2042 bonitate
1376 1984 1624 2051 deesset;
1657 1986 1790 2057 quin
1819 1998 1875 2041 et
1904 1986 2094 2041 eodem

515 2081 652 2135 vitio
694 2081 948 2135 laborare
999 2080 1321 2135 orientalem
1356 2094 1577 2151 quoque
1620 2079 1813 2135 lberiae
1842 2095 1907 2136 ac
1936 2080 2099 2134 meri-

512 2172 788 2229 dionalem
819 2172 1030 2243 plagam
1063 2189 1077 2225 :
1113 2186 1227 2227 non
1249 2172 1395 2227 enim
1421 2181 1536 2227 tota
1570 2172 1731 2229 bonis
1764 2181 1924 2228 terra:
1955 2172 2099 2228 deti-

512 2266 615 2320 hus
642 2264 809 2336 pollet
838 2275 933 2320 aut
954 2265 1090 2321 satis
1124 2263 1278 2320 ferax
1313 2274 1399 2321 est
1420 2282 1435 2318 :
1454 2266 1684 2321 occidua
1702 2274 1890 2321 tamen
1914 2264 2093 2335 plaga,

511 2358 593 2412 uti
623 2358 884 2423 diximus,
914 2357 1126 2427 reliqua
1154 2358 1483 2425 squallidior
1527 2365 1614 2414 est
1662 2358 1955 2429 minusque
1989 2355 2098 2429 74

512 2444 667 2504 ferax
705 2464 767 2504 ac
793 2448 1072 2520 gracilior,
1102 2449 1335 2519 ideoque
1363 2449 1501 2520 ipsis
1547 2449 1760 2507 alendis
1795 2466 1858 2506 ac
1896 2466 2097 2521 procu-

511 2544 704 2600 randis
732 2558 839 2598 non
878 2542 1156 2599 sufﬁciens
1174 2585 1186 2607 ,
1212 2543 1361 2613 justa
1387 2544 1634 2613 corporis
1664 2544 1805 2598 mole
1829 2544 2093 2614 praeditis,

513 2651 581 2691 ac
607 2650 749 2705 quos
783 2649 1010 2690 necesse
1056 2634 1131 2689 sit
1178 2642 1524 2689 commeatus
1551 2634 1883 2690 abundantia
1914 2635 2097 2689 adole-

513 2743 691 2794 scere,
721 2743 831 2783 non
865 2728 987 2797 ejus
1015 2727 1265 2797 penuria.
1309 2726 1376 2781 lli
1412 2726 1578 2797 igitur
1610 2727 1675 2781 ad
1704 2727 2093 2799 Apochapsum

513 2819 693 2891 gentis
722 2832 1103 2874 amerumnam
1140 2818 1463 2873 accedentes
1498 2818 1783 2889 rogabant,
1835 2816 1907 2872 Ut
1938 2804 2097 2873 ἐσίο-

426 2948 433 2954 .
514 2913 662 2965 niam
687 2912 821 2981 ipsis
852 2909 1043 2964 ducere
1072 2910 1255 2964 liceret
1285 2921 1441 2980 atque
1466 2910 1575 2964 alio
1597 2913 1969 2981 commigrare,
2005 2912 2096 2981 qui

512 3005 575 3058 ob
603 3004 1000 3059 multitudinem
1032 3012 1254 3074 anguste
1287 3003 1624 3068 habitarent,
1658 3021 1720 3058 ac
1754 3020 1883 3071 quos
1920 3020 2097 3059 neces-

511 3097 784 3152 sariarum
828 3112 1007 3151 rerum
1066 3097 1249 3165 inopia
1286 3108 1562 3165 premeret.
1615 3096 1876 3166 Princeps
1908 3096 2093 3152 statim

2205 605 2587 675 ἐμπρησμοῖς,
2631 604 2898 673 σεισμοῖς,
2937 602 3238 673 ἁρπαγαῖς,
3275 600 3564 672 ἐμφυλίοις
3615 620 3788 657 κατα-

2202 697 2455 768 δρομαῖς,
2503 697 2713 750 πόλεων
2754 696 3101 760 ἀνελπίστοις
3157 694 3502 767 μεταϐολαῖς,
3538 696 3789 766 σημείοις

2203 788 2263 854 ἐξ
2296 788 2552 861 οὐρανοῦ,
2589 789 2840 861 σημείοις
2880 789 2939 855 ἐξ
2976 790 3161 861 ἀέρος,
3212 788 3365 852 τέλος
3399 787 3495 843 καὶ
3543 794 3662 854 ταῖς
3693 806 3813 844 ταο·

2201 881 2504 954 λαιπώροις
2538 883 2726 955 νήσοις
2754 878 2865 935 οἷόν
2896 900 3019 936 τινα
3050 883 3243 953 μέσην,
3289 883 3356 935 ἵν’
3389 882 3665 951 όλόσωμος
3700 882 3786 953 είη

2201 977 2234 1047 ή
2271 975 2490 1046 πληγὴ,
2528 975 2805 1045 ἐπέδραμε
2858 974 2928 1028 τὰ
2976 974 3145 1029 δεινά.
3191 974 3330 1027 Ἀλλ’
3387 974 3488 1028 οὐκ
3533 970 3603 1045 ἦν
3656 991 3789 1026 παι-

2199 1069 2389 1124 δεῦσαι
2415 1070 2543 1133 τούς
2596 1069 2696 1139 τήν
2735 1068 3086 1140 θεάνθρωπον
3132 1067 3536 1139 ἐξηρνημένους
3573 1066 3789 1139 μορφὴν

2201 1163 2555 1233 προσκυνεῖν.
2588 1161 2755 1215 Ὅθεν
2783 1161 2909 1232 ἄρτι
2932 1160 2995 1231 δὴ
3025 1159 3119 1213 τοῦ
3152 1160 3294 1215 κατά
3323 1159 3415 1212 τὸν
3456 1158 3659 1230 Θωμᾶν
3691 1157 3791 1228 ἄρ-

2202 1251 2391 1317 ξαντος
2409 1252 2803 1325 νεωτερισμοῦ,
2822 1254 2946 1306 ἐπεὶ
2963 1251 3138 1305 ταῦτα
3161 1251 3392 1321 ἠκούετο
3418 1252 3462 1283 ⁷⁷
3485 1248 3787 1321 πανταχοῦ,

2199 1346 2249 1397 ot
2278 1345 2371 1398 τὸν
2422 1344 2681 1416 ἑσπέριον
2737 1344 2939 1397 κόλπον
2993 1345 3093 1415 τῆς
3135 1343 3374 1413 Ἰϐηρίας
3413 1343 3492 1414 τῷ
3548 1340 3789 1411 Ὠκεανῷ

2200 1436 2577 1505 γειτονοῦντες
2659 1434 2956 1507 Ἀγαρηνοὶ
3029 1433 3417 1499 κατοικοῦντες
3470 1432 3793 1504 (Ἱσπάνους

2198 1528 2424 1592 τούτους
2457 1530 2486 1581 ὁ
2522 1527 2691 1591 πολὺς
2724 1528 2925 1599 ῥεύσας
2977 1527 3171 1597 χρόνος
3224 1523 3657 1596 μετωνόμασεν),
3708 1526 3789 1589 είς

2200 1620 2405 1691 πλῆθος
2444 1622 2711 1692 σωμάτων
2738 1621 2835 1674 καὶ
2873 1620 3131 1691 εὐθηνίαν
3155 1619 3251 1673 τοῦ
3296 1618 3488 1689 γένους
3528 1617 3790 1689 ἐξηλακό-

2196 1732 2309 1779 τες,
2343 1714 2443 1785 τὴν
2466 1716 2587 1768 κατ’
2618 1713 2817 1778 αὐτοὺς
2844 1714 3099 1782 ἑσπέριον
3126 1710 3369 1783 πλευρὰν
3389 1711 3599 1782 λυπρὰν
3622 1704 3788 1763 οὖσαν

2200 1807 2295 1860 καὶ
2323 1807 2563 1878 μετρίως
2589 1805 2887 1877 εὐδαίμονα
2906 1803 3162 1875 δρῶντες,
3198 1805 3294 1859 καὶ
3320 1802 3650 1874 λειπομένην
3687 1801 3788 1873 μὲν

2199 1900 2300 1969 τῆς
2348 1898 2487 1969 πρὸς
2518 1898 2623 1969 γῆν
2654 1897 2860 1969 ἀρετῆς
2908 1898 3007 1951 καὶ
3045 1896 3305 1967 ἀφθονίας
3342 1895 3485 1949 κατά
3514 1894 3669 1959 πολὺ,
3703 1896 3789 1947 ἐν-

2199 1991 2431 2046 δέουσαν
2461 1991 2518 2044 δέ
2543 1990 2634 2043 καὶ
2663 1990 2802 2064 πρὸς
2824 1990 2957 2043 αὐτὸ
2986 1979 3148 2043 τοῦτο
3176 1990 3220 2021 ⁷⁸
3248 1988 3383 2059 ἐῷον
3413 1988 3513 2058 τῆς
3547 1985 3788 2057 Ἰϐηρίας

2199 2085 2294 2138 καὶ
2327 2083 2500 2137 νότιον
2550 2082 2633 2152 (οὐ
2668 2081 2777 2152 γὰρ
2806 2082 2993 2137 ἆπασα
3046 2081 3184 2151 πρὸς
3233 2074 3551 2148 πᾶσανγῆς
3587 2075 3789 2148 ἀρετὴν

2198 2172 2485 2242 ἐπιτηδεία
2523 2172 2619 2227 καὶ
2645 2169 2900 2242 εῠφορος,
2930 2168 3069 2224 ἀλλὰ
3094 2170 3153 2223 τὸ
3180 2169 3280 2239 τῆς
3330 2166 3590 2237 ἑσπερίου
3624 2164 3790 2217 πλευ-

2201 2267 2321 2339 ρᾶς,
2375 2265 2452 2329 ὡς
2493 2266 2731 2338 εῐρηται,
2761 2263 3047 2333 αὐχμηρόν
3076 2279 3136 2314 τε
3170 2259 3266 2315 καὶ
3322 2257 3659 2333 λυπρότερον
3688 2254 3788 2326 τῆς

2198 2357 2434 2430 λοιπῆς),
2463 2359 2558 2413 καὶ
2574 2357 2838 2427 διὰζτοῦτο
2858 2356 2981 2410 οὔτε
3005 2354 3229 2426 τρέφειν
3262 2352 3567 2423 δυναμένης
3589 2348 3789 2411 αὐτοὺς

2197 2454 2296 2507 καὶ
2333 2454 2556 2507 διοικεῖν
2590 2452 2790 2521 ἄνδρας
2824 2449 3073 2519 σώμασιν
3117 2446 3445 2519 εὐμεγέθεσι
3472 2442 3789 2516 χρωμένους

2197 2544 2293 2598 καὶ
2320 2542 2543 2613 ἀγαθῶν
2562 2543 2796 2612 εὐφορίᾳ
2815 2541 2931 2595 ἀλλ’
2956 2540 3059 2593 οὐκ
3088 2538 3268 2609 ἐνδείᾳ
3294 2534 3695 2606 αὐξανομένους
3716 2530 3786 2597 τ’,

2196 2632 2342 2693 οῦτοι
2375 2638 2506 2707 γοῦν
2533 2635 2930 2707 προσελθόντες
2975 2632 3226 2704 Ἀπόχαψ
3252 2631 3333 2704 τῷ
3376 2628 3588 2684 ἐαυτῶν
3616 2628 3793 2698 ἀμερο

2200 2750 2304 2803 μου
2314 2734 2419 2803 μνῇ
2435 2731 2722 2786 ἀποικίαν
2737 2727 2871 2782 τινὰ
2888 2726 2986 2782 καὶ
3004 2725 3114 2797 γῆς
3122 2722 3581 2796 μετανάστασιν
3601 2719 3791 2790 ᾔτουν

2197 2823 2405 2891 αὐτοῖς
2457 2822 2762 2894 γενέσθαι,
2816 2817 3037 2888 πλήθει
3084 2834 3149 2871 τε
3202 2808 3791 2883 στενοχωρουμένας

2199 2918 2295 2972 καί
2332 2915 2681 2986 ἀναγκαίων
2713 2912 2937 2968 σπάνει
2985 2907 3375 2979 πιεζομένοις.
3435 2903 3494 2957 ’0
3527 2900 3585 2955 δέ
3628 2899 3792 2953 πλοῖά

2197 3028 2318 3064 τινα
2342 3006 2714 3069 ἐπισκευάσας
2747 3004 2955 3077 μακρὰ,
2982 3002 3079 3056 καὶ
3100 3000 3331 3070 δύναμιν
3365 2997 3467 3051 οὐκ
3502 2993 3689 3063 ὀλίγην
3730 2990 3792 3059 ἐξ

2196 3102 2378 3156 αὐτῶν
2404 3100 2610 3153 τούτων
2629 3097 2956 3170 ἐμϐιϐάσας,
2989 3096 3083 3149 ἐπὶ
3104 3092 3360 3167 λῃστείαν
3388 3089 3547 3155 τέως,
3578 3084 3779 3140 λανθὰ-

514 3192 732 3262 magnis
759 3190 1043 3245 instructis
1071 3190 1306 3244 navibus
1335 3191 1610 3260 justisque
1641 3190 1721 3245 eis
1759 3189 1933 3260 copiis
1986 3190 2091 3244 im-

2203 3212 2392 3249 νουσαν
2431 3193 2571 3264 ἔχων
2605 3191 2701 3264 τὴν
2736 3190 2966 3255 ἔννοιαν,
2997 3188 3107 3241 τῶν
3133 3186 3374 3258 πρὸςπῇ
3390 3182 3465 3251 ἕῳ
3517 3177 3791 3250 κειμένων

512 3283 732 3356 positis,
769 3282 945 3338 celato
984 3282 1167 3336 adhuc
1201 3281 1456 3343 consilio,
1497 3281 1563 3335 ad
1591 3280 1833 3337 Orientis
1860 3282 2090 3346 insulas,

513 3392 639 3447 quae
665 3385 868 3432 nostra:
914 3374 1140 3431 ditionis
1169 3384 1348 3442 erant,
1390 3374 1609 3429 interim
1638 3372 1939 3443 praedatum
1963 3373 2096 3428 edu-

510 3470 607 3536 cit,
647 3476 762 3523 tum
796 3467 1036 3524 subditis
1067 3482 1184 3521 rem
1210 3474 1419 3537 gratam
1454 3466 1825 3536 praestitutus,
1857 3480 2093 3535 quorum

511 3558 871 3630 cupiditatem
913 3559 1109 3613 alienis
1145 3557 1347 3628 opibus
1387 3557 1634 3623 satiaret,
1686 3566 1801 3612 tum
1827 3557 1964 3613 adeo
1994 3571 2095 3612 ex-

522 3655 842 3727 ploraturus
876 3670 1007 3709 num
1057 3669 1180 3725 quae
1225 3654 1392 3708 fertili
1440 3654 1558 3708 solo
1589 3668 1653 3709 ac
1691 3654 1875 3725 cpimo
1914 3652 2093 3708 insula

510 3756 849 3815 occurreret,
899 3748 955 3802 in
990 3762 1155 3818 quam
1205 3746 1493 3802 commode
1538 3761 1765 3801 suorum
1821 3744 2094 3801 coloniam

511 3841 761 3897 duceret.
794 3838 1095 3909 Postquam
1130 3838 1297 3908 igitur
1330 3837 1396 3891 ad
1427 3837 1630 3891 multas
1659 3835 1869 3892 insulas
1899 3834 2095 3905 appul-

512 3948 610 3988 sus
644 3933 920 3987 neminem
950 3931 1053 3985 sibi
1097 3931 1446 3985 resistentem
1475 3931 1780 3999 majorcsvc
1802 3938 1895 3983 aut
1917 3928 2097 3983 mino-

512 4044 605 4085 res
636 4042 807 4082 naves
837 4033 1203 4095 Opponentem
1251 4025 1459 4079 invenlt
1512 4025 1727 4096 (omnes
1770 4023 1913 4079 enim
1944 4023 2092 4079 omni

512 4121 720 4176 orbatae
750 4116 1005 4189 praesidio
1066 4124 1245 4182 erant,
1276 4131 1343 4171 eo
1375 4116 1523 4186 quod
1556 4116 1737 4171 omnis
1770 4116 1966 4171 classis
2004 4130 2096 4171 ea-

510 4227 633 4267 rum
662 4210 916 4284 praesidio
951 4210 1251 4263 constituta
1278 4207 1557 4278 suppetias
1583 4206 1808 4263 Thema:
1830 4208 2096 4263 adversus

509 4303 722 4373 Cpolim
769 4298 1169 4369 adnavigarat),
1220 4297 1537 4368 ingentique
1569 4298 1752 4368 praeda
1806 4313 1871 4353 ex
1907 4298 2092 4353 omni-

509 4394 639 4459 bus,
671 4393 738 4448 ad
778 4407 920 4463 quas
970 4390 1237 4461 appulsus
1276 4388 1474 4455 fuerat,
1530 4388 1729 4445 insulis
1768 4392 1995 4460 potitus,
2037 4389 2093 4443 in

510 4484 728 4539 Cretam
760 4497 981 4553 quoque
1022 4483 1191 4547 venit,
1222 4496 1386 4551 quam
1441 4481 1787 4550 depraedatus
1822 4496 1885 4536 ac
1921 4496 2095 4551 popu-

2203 3289 2383 3360 νήσων
2428 3285 2522 3341 καὶ
2566 3283 2858 3357 ἡμετέρων
2879 3278 3259 3352 τυγχανόντων
3310 3274 3603 3346 ἐτράπετο,
3653 3266 3792 3340 ὁμοῦ

2207 3379 2305 3453 μὲν
2336 3379 2396 3434 τὸ
2426 3378 2612 3441 αὐτοῖς
2644 3374 3087 3447 ἐπιθυμούμενον
3112 3367 3406 3441 ἐκπληρῶν
3439 3367 3536 3421 καὶ
3579 3364 3646 3418 ἐκ
3681 3360 3792 3416 τῶν

2203 3472 2505 3545 ἀλλοτρίων
2534 3470 2761 3533 τούτους
2788 3467 3218 3539 προσκορεννὺς,
3243 3460 3379 3532 ὁμοῦ
3428 3460 3485 3516 δὲ
3516 3473 3793 3514 κατασκε-

2203 3568 2440 3638 ψόμενος
2466 3565 2513 3597 ⁸ο
2540 3563 2595 3617 εἴ
2629 3580 2715 3627 τις
2767 3562 2917 3615 ἔστιν
2949 3559 3123 3622 οὕτως
3168 3556 3399 3628 εῦφορος
3453 3552 3562 3607 τῶν
3613 3550 3793 3619 νήσων

2204 3663 2299 3715 καὶ
2327 3657 2535 3731 λιπαρὰ
2566 3658 2646 3720 είς
2672 3655 2953 3727 μετοικίαν
2983 3652 3181 3705 αὐτῶν.
3217 3649 3301 3722 [Ρ.
3327 3647 3426 3719 47].
3466 3643 3618 3697 Ἐπεὶ
3658 3640 3791 3721 γοῦν

2205 3752 2430 3816 πολλαῖς
2470 3750 2578 3804 τῶν
2630 3750 2811 3819 νήσων
2843 3744 3164 3817 πλησιάζων
3194 3743 3287 3797 τὸν
3320 3733 3789 3806 ἀντιπαραταττόρ

2208 3860 2369 3917 μενον
2411 3840 2593 3914 μικρῷ
2642 3839 2677 3911 ἦ
2732 3839 2954 3910 μεγάλῳ
3001 3836 3171 3906 πλοίῳ
3207 3832 3304 3902 οὐχ
3336 3829 3590 3901 εὕρισκεν
3635 3827 3789 3917 (ὲχης

2208 3912 2538 4009 ροῦντοὴγάρ
2566 3912 2741 3986 πᾶσαι
2773 3931 2871 3999 τῆς
2907 3928 3091 3983 αὐτῶν
3151 3922 3426 3998 βοηθείας,
3473 3918 3597 3991 ἄρτι
3645 3912 3789 4009 κατὰ

2203 4004 2303 4101 τῆς
2336 4004 2969 4084 Κωνσταντινουπόλεως
2996 4016 3376 4088 ἐκϐοηθουσῶν
3396 4012 3491 4066 καὶ
3511 4004 3794 4101 πλεουσῶν

2208 4098 2350 4194 μετὰ
2400 4119 2495 4174 τοῦ
2527 4116 2744 4190 Θωμᾶ),
2784 4114 3028 4183 μεγάλας
3059 4112 3116 4164 δέ
3166 4107 3433 4194 ὠφελείας
3580 4098 3792 4194 πασῶν,

2206 4186 2299 4275 αἷς
2326 4210 2422 4265 καὶ
2456 4186 2869 4280 προσῶρμιζεν,
2900 4198 3210 4269 ἐκαρποῦτό
3236 4213 3295 4246 τε
3332 4192 3423 4245 καὶ
3461 4186 3797 4280 ἐλάμϐανεν,

2202 4301 2307 4377 ἧκε
2340 4302 2435 4355 καὶ
2466 4277 2602 4371 πρὸς
2624 4299 2752 4358 τοὺς
2778 4292 3097 4363 Κρηταιεῖς,
3126 4288 3221 4339 καὶ
3255 4284 3480 4377 τούτους
3513 4277 3791 4377 καταδρα-

2209 4368 2325 4463 μὼν
2367 4394 2462 4445 καὶ
2506 4368 2659 4443 λείαν
2704 4386 2941 4454 ποιήσας
2987 4381 3081 4433 καὶ
3113 4372 3672 4448 ἀνδραποδισάμενος,
3717 4368 3795 4431 ὡς

2206 4461 2355 4556 ἐνῆν,
2386 4484 2480 4537 καὶ
2510 4478 2775 4536 πάντοθεν
2800 4470 3138 4543 καταμαθὼν
3163 4470 3263 4541 τὴν
3297 4468 3396 4537 τῆς
3434 4468 3536 4536 γῆς
3568 4461 3793 4534 ἀρετὴν,

510 4575 661 4630 latus
687 4583 953 4644 quantum
1008 4573 1057 4628 ei
1106 4573 1325 4639 licebat,
1373 4588 1505 4628 cum
1526 4574 1678 4628 omni
1711 4586 1777 4626 ex
1805 4581 1961 4645 parte
1992 4573 2097 4628 soli

2209 4580 2303 4632 καὶ
2333 4576 2451 4639 πῶς
2487 4574 2574 4644 εἴη
2618 4571 2754 4640 πρὸς
2782 4570 2964 4622 πᾶσαν
3000 4565 3161 4637 χάριν
3188 4562 3283 4616 καὶ
3312 4556 3535 4630 ἀγαθῶν
3562 4556 3793 4628 εὐφορος

511 4667 816 4725 bonitatem
850 4665 1321 4737 deprehendisset,
1345 4675 1399 4722 et
1428 4676 1768 4737 quantopere
1791 4665 1858 4719 ad
1883 4679 2103 4720 omnem

511 4767 859 4817 venustatem
907 4759 1238 4830 frugumque
1289 4760 1597 4814 ubertatem
1652 4757 1853 4813 fertilis
1912 4765 2100 4811 esset:

516 4854 621 4919 En,
652 4855 747 4920 ait,
786 4869 892 4907 non
936 4862 1014 4907 est
1041 4854 1154 4906 hmo
1189 4850 1302 4905 alia
1328 4850 1489 4921 quam
1522 4860 1664 4901 terra
1691 4847 1861 4917 ﬂuens
1894 4847 2031 4901 tacte
2056 4855 2105 4902 et

514 4944 691 4999 melle.
721 4944 799 4999 Ac
826 4953 938 4997 tum
964 4942 1185 5013 quidem
1208 4941 1444 4995 navibus
1472 4939 1655 4993 omnis
1679 4937 1898 5009 generis
1922 4937 2104 5007 praeda

513 5037 759 5092 oneratis
791 5035 898 5107 75
933 5036 1155 5090 domum
1188 5031 1385 5097 rediit;
1444 5044 1811 5100 reversusque
1858 5031 2099 5085 validam

514 5142 583 5183 ac
615 5127 886 5197 ingentem
915 5126 1147 5181 classem
1180 5121 1422 5175 instruit.
1455 5121 1698 5175 Exeunte
1724 5136 1891 5192 porro
1924 5121 2103 5177 hieme

514 5232 756 5289 vereque
799 5218 1043 5278 ineunte,
1093 5213 1454 5285 quadraginta
1490 5214 1713 5268 navium
1741 5214 1918 5270 classe
1950 5214 2106 5269 belli-

516 5310 670 5367 cosis
742 5309 1057 5365 hominibus
1134 5314 1401 5369 onerata,
1472 5314 1804 5377 captatoque
1860 5308 2105 5362 secundo

517 5414 705 5467 vento,
741 5414 891 5459 recta
931 5404 987 5458 in
1020 5401 1265 5465 Cretam,
1321 5400 1442 5455 aliis
1493 5399 1692 5471 spretis
1727 5400 1945 5465 insulis,
1974 5415 2107 5455 con-

520 5497 714 5552 tendit.
742 5494 863 5551 Jam
888 5510 1018 5567 ergo
1049 5496 1316 5565 appulsus
1338 5503 1477 5560 erat,
1498 5503 1551 5549 et
1574 5492 1641 5548 ad
1661 5494 2105 5564 promontorium

521 5590 667 5659 quod
701 5592 1001 5645 Characem
1054 5599 1255 5643 vocant
1303 5602 1629 5644 exscensum
1686 5586 1912 5644 fecerat.
1966 5586 2105 5642 Cum

2208 4667 2493 4739 ἀφθονίαν,
2550 4663 2752 4726 Τοῦτο,
2785 4661 2910 4730 ἔφη,
2946 4657 3021 4727 γῆ
3061 4658 3174 4711 οὐκ
3213 4655 3373 4721 ἄλλη
3414 4651 3452 4722 ἢ
3481 4652 3519 4719 ἡ
3561 4648 3797 4718 ῥέουσα

2202 4760 2343 4833 μέλι
2375 4760 2473 4812 καὶ
2509 4756 2685 4829 γάλα.
2744 4753 2853 4808 Καὶ
2886 4752 3007 4805 τότε
3044 4748 3147 4821 μέν
3180 4746 3449 4801 παντοίων
3501 4741 3797 4810 γενόμενος

2208 4832 2434 4925 ἀγαθῶν
2459 4853 2501 4885 ⁸¹
2541 4849 2716 4922 ἀπῄει
2741 4849 2842 4918 τὴν
2871 4846 3076 4911 οἴκαδε,
3109 4846 3204 4897 καὶ
3233 4841 3381 4911 πάσῃ
3415 4836 3560 4907 χειρὶ
3599 4835 3695 4888 καὶ
3714 4832 3798 4886 δυ-

2208 4947 2369 5018 νάμει
2398 4943 2651 5000 ναυτικὸν
2670 4940 2765 5012 est,
2777 4957 2934 5011 ρτυεν
2961 4957 2973 4969 ·
3001 4937 3075 5000 ὡς
3098 4936 3142 4989 δ’
3165 4936 3192 4987 ό
3213 4928 3421 5004 χειμὼν
3450 4925 3800 4981 ἐτετελείωτο

2212 5039 2309 5094 καὶ
2328 5038 2389 5091 τὸ
2417 5035 2516 5107 ἔαρ
2537 5034 2887 5103 ὑπέλαμπεν,
2910 5029 3319 5098 τεσσαράκοντα
3344 5018 3640 5093 πληρώσας
3667 5018 3800 5084 ναῦς

2214 5129 2427 5201 ἀνδρῶν
2456 5127 2713 5199 μαχίμων
2758 5125 2854 5177 καὶ
2892 5118 3196 5191 ἐπιτήδειον
3227 5115 3428 5183 ἄνεμον
3459 5112 3801 5184 ἐπιτηρήσας

2210 5226 2311 5296 τὴν
2346 5223 2439 5276 ἐπὶ
2498 5223 2725 5292 Κρήτην
2776 5215 3058 5271 ἐστέλλετο
3111 5207 3454 5277 εὐθυπορῶν,
3491 5204 3591 5268 τὰς
3636 5204 3803 5267 ἄλλας

2212 5316 2322 5371 τῶν
2351 5316 2531 5385 νήσων
2557 5312 2785 5381 θέμενος
2817 5309 2895 5369 εἰς
2929 5304 3103 5358 οὐδέν.
3137 5304 3296 5371 ’Ἄρτι
3316 5299 3447 5368 γοῦν
3477 5296 3799 5365 ἐπλησίαζε,

2217 5406 2310 5459 καί
2347 5403 2424 5473 τῷ
2455 5398 2792 5472 ἀκρωτηρίῳ
2823 5395 2900 5469 τῷ
2935 5393 3154 5466 Χάρακι
3186 5388 3508 5459 καλουμένῳ
3534 5385 3804 5457 κατήγετό

2214 5514 2275 5549 τε
2306 5496 2400 5548 καὶ
2447 5487 2886 5563 προσωρμίζετο.
2943 5486 3033 5549 Ὠς
3077 5484 3123 5538 δ’
3157 5481 3310 5536 οὐδὲν
3362 5477 3486 5533 οὐτε
3529 5478 3671 5532 κατὰ
3704 5476 3803 5549 την

2217 5586 2551 5657 καταγωγὴν
2580 5582 2704 5638 οὔτε
2738 5580 2883 5636 κατὰ
2929 5580 3029 5649 τὴν
3067 5576 3339 5636 ἀπόϐασιν
3370 5573 3546 5643 ἐφάνη
3590 5570 3803 5635 τούτοις

1831 5704 2069 5760 VARI/Ii
2118 5702 2526 5759 LEC'I‘lONES.

608 5805 650 5833 ⁷⁷
680 5803 915 5872 ἥκουστο
940 5815 1135 5873 margo
1158 5801 1407 5858 Combcf.
1483 5806 1525 5837 ⁷⁸
1562 5799 1739 5872 τοῦτο]
1769 5800 1853 5852 τοῖ’
1938 5803 1976 5831 7"
2014 5800 2097 5864 αἰεί

2203 5800 2346 5864 ἑνους
2381 5798 2441 5855 Ρ.
2521 5798 2561 5829 ³⁵
2601 5794 3089 5864 κατασκεψάμενος
3115 5785 3178 5841 Ρο

525 5869 820 5946 πεπληκὼς
844 5869 1394 5947 drawn—Gemellus.

3272 5787 3312 5817 "
3336 5784 3424 5839 τὸν
3470 5782 3656 5837 στόλον
3697 5783 3799 5853 ἐμ⁴
