4200 6420
580 319 641 387 91
1671 331 2182 398 THEOPHANES
2211 335 2767 402 CONTINUATUS.
3787 359 3859 422 92

574 442 796 497 sistant.
859 438 1017 495 Tunc
1088 441 1254 501 simul
1326 457 1423 501 eos
1494 458 1788 507 assumens
1852 449 2148 509 Candaeen

2268 450 2370 523 τῆς
2407 451 2603 525 λοιπῆς
2652 454 2939 526 διαρκείας
2970 458 3063 511 καὶ
3116 460 3473 533 ἐπικρατείας
3518 466 3717 523 αὐτῶν.
3748 471 3860 528 Kal.

576 532 837 600 ostendit,
878 534 969 588 ubi
1013 534 1319 595 etiamnum
1353 538 1571 594 illorum
1614 541 1747 597 urbs
1798 542 2016 599 condita
2063 560 2160 601 ex-

575 632 715 681 stat:
750 626 981 695 ejusque
1034 634 1168 681 tunc
1197 642 1399 698 praeses
1455 630 1816 702 Apochapsus
1841 632 1963 688 fuit.
2028 633 2159 691 Inde

573 730 704 785 ergo
740 716 889 770 velut
917 733 983 771 ex
1022 718 1258 789 quadam
1312 735 1438 778 arce
1483 722 1737 792 profecti,
1764 740 1887 780 cum
1920 728 2157 785 insulam

572 815 742 862 totam
768 816 881 863 tum
913 809 1120 866 vicinas
1148 814 1411 881 quasdam
1441 816 1576 875 alias
1605 819 1852 888 regiones
1873 823 2160 878 excursio-

570 899 737 957 nibus
766 903 1073 968 vastabant,
1099 914 1230 960 utet
1253 905 1366 962 illic
1384 909 1539 963 sedes
1564 922 1825 978 ponerent
1840 922 2161 989 veteresque

577 994 879 1064 inquilinos
906 1012 970 1053 ac
1000 999 1147 1054 cives
1178 1001 1423 1057 servituti
1456 1003 1789 1061 addicerent.
1834 1006 2012 1077 Ipsius
2034 1008 2161 1067 Cre-

573 1095 641 1141 tae
685 1088 850 1143 urbes
894 1105 1089 1146 novem
1124 1109 1288 1164 supra
1335 1096 1525 1165 viginti
1585 1098 1690 1168 ipsi
1738 1108 1903 1169 atque
1949 1104 2158 1171 pedites

558 1172 786 1249 cepere.
843 1180 920 1236 Ex
945 1198 1010 1239 eo
1044 1192 1284 1255 tempore
1321 1203 1427 1242 una
1484 1188 1747 1246 duntaxat
1782 1192 2046 1251 immunis
2086 1198 2156 1252 ab

570 1276 975 1351 expugnatione
999 1278 1278 1348 illaesaque
1330 1282 1534 1338 mansit
1565 1283 1731 1339 verbo
1771 1286 1993 1356 quidem
2024 1290 2156 1345 sub-

565 1369 731 1440 jecta,
758 1386 878 1441 quae
908 1381 1088 1426 tamen
1118 1373 1255 1427 ritus
1275 1389 1407 1430 suos
1436 1389 1500 1431 ac
1529 1375 1897 1434 Christianam
1933 1380 2157 1451 religio-

568 1476 692 1516 nem
727 1473 992 1520 servaret.
1034 1462 1190 1521 Tunc
1217 1480 1350 1520 sane
1382 1474 1437 1519 et
1468 1465 1705 1539 Cyrillus
1756 1466 2009 1541 Gortyna:
2047 1472 2155 1542 epi-

567 1567 789 1623 scopus,
828 1569 895 1610 eo
921 1556 1065 1625 quod
1097 1565 1157 1611 ut
1184 1557 1469 1614 Christum
1521 1570 1742 1631 negaret
1798 1561 1985 1620 induci
2037 1580 2150 1620 non

566 1655 840 1717 potuerat,
874 1649 1033 1718 quasi
1081 1649 1303 1707 victima
1358 1652 1623 1712 innocens
1675 1655 1963 1725 jugulatus
2025 1667 2150 1727 est;

565 1738 729 1809 cujus
761 1750 817 1795 et
843 1742 1093 1812 sanguis,
1128 1745 1278 1798 velut
1310 1744 1496 1802 Abelis
1523 1763 1621 1803 seu
1660 1748 1824 1803 etiam
1845 1748 2149 1818 Zachariae,

566 1832 634 1885 ad
663 1830 835 1887 Deum
870 1834 1096 1900 clamat,
1126 1835 1265 1892 nihil
1323 1847 1570 1897 mutatus
1624 1854 2010 1910 perseverans.
2074 1843 2155 1898 Ex

567 1926 688 1994 ejus
716 1926 1010 1993 sepulchro
1050 1943 1176 1983 cum
1207 1929 1394 1986 ﬁdeles
1426 1933 1674 2006 spongiis
1702 1934 2035 2005 quibusdam
2061 1952 2157 1992 ex-

2272 542 2389 612 ἆμα
2420 544 2604 599 λαϐὼν
2633 546 2724 600 τὸν
2746 547 3002 602 Χάνδακα
3036 551 3249 617 τούτοις
3270 555 3567 622 ἐπέδειξεν,
3604 559 3733 613 ἔνθα
3764 563 3860 617 καὶ

2272 630 2368 687 νῦν
2401 632 2650 688 ἔκτισται
2689 635 2903 707 ἡπόλις
2956 639 3171 694 αὐτῶνθ
3208 643 3304 697 καὶ
3359 646 3587 718 ἡγεμὼν
3626 652 3798 723 αὐτῆς
3828 654 3860 706 6

2284 723 2530 797 ’Λπόχαψ
2567 726 2689 781 τότε
2715 729 2959 797 ἐγεγόνει
2995 732 3187 804 αὐτῆς.
3238 736 3333 790 Ἐκ
3377 740 3585 811 ταύτης
3615 742 3709 798 οῦν
3743 743 3858 800 οἷόν

2267 830 2416 880 τινος
2455 816 2513 885 ἐξ
2564 818 2917 890 ἀκροπόλεως
2965 824 3280 896 ὁρμώμενοι
3326 832 3509 885 πᾶσάν
3554 851 3613 887 τε
3648 836 3856 910 ταύτην

2268 906 2366 977 τὴν
2397 910 2567 979 νῆσον
2596 911 2933 984 κατέτρεχον
2972 918 3068 969 καί
3109 937 3262 984 τινας
3287 922 3398 977 τῶν
3424 930 3857 999 παρακειμένων

2267 998 2368 1053 οὐκ
2394 1000 2638 1071 ἔλαττον,
2663 1005 2739 1068 ὡς
2774 1006 2870 1060 καὶ
2899 1008 2956 1061 ἐν
2982 1009 3176 1076 αὑταῖς
3212 1014 3630 1087 ἐγκατοικῆσαι,
3656 1022 3856 1087 αὐτοὺς

2265 1092 2394 1155 τοὺς
2427 1093 2724 1165 οἰκήτορας
2767 1098 2860 1150 καὶ
2895 1099 3231 1171 αὐτόχθονας
3279 1104 3702 1181 δουλωσάμενοι.
3745 1115 3857 1169 Καὶ

2269 1182 2457 1245 πόλεις
2496 1183 2552 1236 δὲ
2594 1187 2820 1258 Κρήτης
2865 1190 3023 1245 ἐννέα
3053 1193 3190 1265 πρὸς
3230 1200 3350 1260 ταῖς
3392 1199 3599 1254 εἴκοσιν
3628 1202 3854 1268 εὔζωνοί

2264 1290 2324 1327 τε
2365 1276 2461 1328 καὶ
2492 1276 2650 1340 πεζοὶ
2682 1280 3139 1353 ῄχμαλὼτευσαν,
3173 1290 3305 1358 μιᾶς
3331 1289 3519 1346 ἔκτοτε
3546 1294 3716 1365 μόνης
3746 1316 3852 1352 πα-

2264 1368 2611 1441 ραμεινάσης
2653 1373 2934 1429 ἀναλώτου
2985 1378 3080 1431 καὶ
3133 1380 3402 1448 ἀπαθοῦς,
3440 1386 3533 1438 καὶ
3566 1386 3708 1457 λόγῳ
3752 1390 3855 1460 μὲν

2259 1459 2652 1533 ύποταγείσης,
2703 1466 2773 1517 τὰ
2800 1468 3013 1521 ἑαυτῶν
3041 1469 3097 1523 δὲ
3128 1469 3294 1541 ἔθιμα
3341 1474 3440 1527 καὶ
3467 1474 3562 1528 τὸν
3592 1459 3854 1549 Χριστια-

2260 1552 2457 1622 νισμὸν
2492 1555 2875 1630 φυλαττούσης
2903 1559 3209 1633 άλὼὀητον.
3235 1565 3371 1619 Τότε
3401 1567 3493 1621 καὶ
3522 1568 3793 1639 Κύριλλος
3824 1574 3854 1625 6

2261 1645 2537 1719 Γορτύνης
2592 1649 2879 1723 πρόεδρος,
2933 1654 3057 1709 ἐπεὶ
3110 1658 3186 1729 μὴ
3237 1659 3447 1725 τούτοις
3503 1664 3583 1728 εἰς
3622 1665 3853 1737 ἄρνησιν

2260 1735 2460 1810 ἐχώρει
2491 1740 2756 1810 Χριστοῦ,
2787 1743 2862 1806 ὡς
2892 1746 3088 1815 ἱερεῖον
3126 1748 3360 1820 ἄμωμον
3384 1735 3760 1822 ἐσφαγίαστολ
3788 1752 3852 1810 οὗ

2264 1831 2358 1883 καὶ
2389 1830 2450 1884 τὸ
2482 1826 2622 1903 αἷμα
2644 1833 2741 1905 βοᾷ
2779 1837 2941 1907 μένον
2964 1837 3040 1902 ὡς
3073 1840 3167 1893 τοῦ
3191 1842 3357 1897 ’Ἅϐελ
3395 1844 3427 1915 ἢ
3453 1847 3550 1899 καὶ
3573 1846 3851 1921 Ζαχαρίου

2263 1919 2402 1992 πρὸς
2436 1921 2530 1976 τὸν
2565 1922 2700 1977 Θεὸν
2743 1926 3107 1982 ἀναλλοίωτον
3130 1943 3148 1961 ο
3181 1932 3276 1985 καὶ
3311 1933 3483 2005 μύρον
3512 1936 3613 2007 μέν
3640 1919 3853 1995 ἐκεῖθεν

564 2030 820 2086 pressum
861 2019 1040 2074 oleum
1076 2020 1248 2076 libere
1298 2024 1571 2088 hauriant,
1621 2025 1922 2096 tingentem
1974 2035 2148 2083 tamen

2262 2010 2411 2067 ἐστιν
2456 2013 2770 2085 ἀρύσασθαι
2808 2022 2922 2083 τοῖς
2982 2024 3196 2087 πιστοῖς
3255 2025 3519 2095 σπόγγοις
3574 2029 3719 2083 τισὶν
3762 2033 3851 2085 ἐν·

566 2103 754 2159 eolore
794 2108 1119 2179 sanguinem
1158 2119 1369 2167 mutare
1394 2128 1502 2169 non
1536 2114 1740 2171 valent.
1769 2114 2002 2175 Exstant
2027 2134 2148 2174 vero

2260 2106 2733 2176 αποματτόμενον,
2758 2108 2860 2179 τὴν
2884 2110 2942 2164 δὲ
2964 2110 3146 2183 βαφὴν
3174 2114 3268 2167 τοῦ
3295 2116 3528 2187 αἵματος
3554 2120 3851 2177 ἀλλοιῶσαι

564 2188 641 2245 ibi
672 2192 836 2248 etiam
864 2197 958 2251 alii
987 2198 1177 2264 loculi,
1204 2216 1269 2255 ac
1292 2216 1415 2257 cum
1461 2204 1696 2259 aliorum
1750 2207 2017 2277 plurium,
2058 2211 2148 2281 qui

2259 2194 2319 2247 οὐ
2355 2196 2672 2267 πρόσεστιν.
2724 2201 2960 2271 Προσέτι
3002 2202 3110 2274 μὴν
3156 2205 3344 2260 αὐτόθι
3385 2210 3535 2279 σοροὶ
3562 2211 3659 2264 xal
3685 2213 3850 2284 τάφοι

562 2289 680 2336 tum
706 2299 805 2354 pro
832 2286 1054 2343 Christo
1082 2291 1409 2362 martyrium
1448 2294 1559 2365 78
1607 2308 1983 2367 sumpserunt,
2038 2308 2153 2353 tum

562 2375 897 2447 inclytorum
950 2380 1138 2435 decem
1168 2392 1470 2455 martyrum
1502 2397 1682 2443 erecta
1719 2389 1972 2458 sepulcra
2001 2401 2149 2447 sunt.

564 2465 657 2522 Sic
686 2482 818 2538 ergo
853 2474 908 2525 et
954 2487 1050 2541 per
1082 2474 1185 2529 hoc
1218 2484 1435 2545 tempus
1465 2479 1671 2551 talique
1700 2482 1993 2539 occasione
2020 2482 2153 2540 Cre-

565 2567 749 2617 tenses
777 2562 845 2617 de
876 2565 1058 2621 medio
1077 2566 1521 2651 Christianorum
1562 2572 1763 2633 sublati
1793 2584 1941 2633 sunt.

630 2740 722 2798 2L
760 2740 1033 2799 Caeterum
1066 2746 1297 2804 Michael
1342 2749 1432 2805 vix
1490 2752 1708 2807 tandem
1753 2754 2150 2813 circumdanti-

559 2830 664 2887 hus
693 2848 816 2888 eum
838 2850 903 2889 ac
925 2841 1365 2896 conterrentibus
1383 2842 1598 2899 solutus
1629 2844 1901 2915 hostibus,
1926 2864 2150 2904 eorum-

2260 2289 2629 2360 άνεγήγερται
2684 2291 2863 2347 ἄλλων
2921 2312 2983 2350 τε
3042 2297 3258 2351 πολλῶν
3292 2299 3403 2354 τῶν
3433 2302 3575 2374 ὑπὲρ
3608 2305 3849 2376 Χριστοῦ

2256 2380 2381 2433 τότε
2438 2386 2914 2455 μαρτυρησάντων
2978 2388 3071 2442 καὶ
3136 2390 3247 2444 τῶν
3294 2391 3428 2447 δέκα
3481 2396 3851 2466 περιωνύμων

2260 2472 2578 2544 μαρτύρων.
2622 2475 2707 2548 [Ρ.
2745 2476 2838 2550 49]
2880 2479 3121 2551 Τοιούτῳ
3167 2481 3298 2550 γοῦν
3333 2484 3521 2556 τρόπῳ
3560 2487 3655 2539 καὶ
3705 2488 3850 2542 κατὰ

2253 2564 2446 2620 τοῦτον
2468 2569 2905 2641 ἀνηρπάσθησαν
2928 2573 3020 2628 τὸν
3066 2575 3259 2648 καιρὸν
3285 2578 3349 2631 ἐκ
3376 2578 3543 2648 μέσου
3558 2579 3667 2635 τῶν
3711 2581 3852 2654 Χρι-

2252 2658 2487 2712 στιανῶν
2517 2661 2565 2713 οί
2602 2663 2920 2733 Κρηταιεῖς.

2323 2750 2421 2806 κδ’.
2477 2753 2632 2806 Ἐπεὶ
2666 2755 2725 2807 δὲ
2761 2755 2860 2825 ὀψὲ
2896 2757 2990 2810 καὶ
3026 2758 3185 2828 μόλις
3214 2761 3343 2824 τοὺς
3372 2762 3854 2832 περικυκλοῦντας

2250 2845 2440 2900 τοῦτον
2470 2848 2701 2920 ἐχθροὺς
2724 2850 2820 2903 καὶ
2846 2851 3319 2922 περικτυποῦντας
3343 2856 3370 2906 6
3391 2852 3611 2925 Μιχαὴλ
3627 2856 3797 2909 άπεσε
3809 2857 3854 2909 ί-

557 2938 667 2992 que
691 2935 837 2980 metu
861 2926 1149 2995 liberatus,
1171 2947 1293 2987 cum
1312 2934 1379 2988 ad
1403 2934 1572 2990 Deum
1605 2941 1848 2994 converti
1891 2951 2148 3013 recteque

2255 2956 2401 3003 σατο,
2429 2939 2550 2994 δέον
2583 2940 2722 3011 πρὸς
2753 2940 2889 2996 Θεὸν
2918 2942 3228 3013 τραπέσθαι
3260 2945 3357 2998 καὶ
3391 2944 3584 2999 τοῦτον
3613 2946 3849 3018 ἐξευμε-

557 3013 719 3099 factis
749 3019 1071 3089 placabilem
1114 3037 1238 3081 eum
1291 3041 1355 3081 ac
1390 3028 1689 3098 propitium
1724 3030 1952 3086 reddere
1978 3049 2145 3103 opor-

2255 3027 2526 3096 νίσασθαι,
2560 3029 2687 3084 ἵλεω
2717 3031 2807 3087 διὰ
2852 3032 2963 3087 τῶν
3017 3033 3197 3104 ἔργων
3231 3033 3424 3099 ποιῶν,
3458 3038 3486 3090 6
3529 3036 3586 3090 δὲ
3618 3013 3849 3091 τούναν-

557 3094 717 3175 teret,
738 3124 918 3177 secus,
960 3113 1112 3167 velut
1168 3130 1197 3168 a
1222 3131 1281 3170 se
1325 3117 1447 3187 ipso
1476 3135 1583 3173 non
1607 3120 1701 3175 Dei
1743 3130 1881 3178 nutu
1911 3125 2141 3180 salutem

2255 3121 2363 3175 τίον
2393 3122 2425 3193 ἢ
2460 3094 2536 3186 ὡς
2566 3125 2617 3177 οἱ
2648 3125 2921 3181 πολιτικοὶ
2947 3094 3140 3196 θεσμοὶ
3168 3094 3475 3195 βούλονται,
3507 3132 3584 3195 ὡς
3615 3131 3677 3185 ού
3710 3130 3847 3204 παρ’

556 3210 908 3265 consecutus,
934 3213 1126 3260 contra
1153 3220 1215 3261 ac
1240 3208 1453 3277 publica
1463 3210 1589 3279 jura
1609 3212 1865 3284 legesque
1886 3214 2145 3286 habeant,

558 3288 681 3343 vitae
714 3306 827 3345 sua:
862 3295 1102 3350 rationes
1127 3296 1381 3353 instituit.
1417 3299 1655 3357 Proinde
1694 3319 1865 3360 uxore
1911 3317 2145 3374 mortua,

555 3393 679 3433 cum
704 3395 823 3434 eam
859 3384 1007 3455 vulgi
1034 3388 1349 3456 opinionem
1394 3392 1628 3447 ambiret
1678 3403 1737 3449 ut
1768 3395 1915 3451 illius
1949 3397 2147 3469 impla-

555 3471 718 3526 cabili
745 3473 895 3529 luctu
928 3491 1052 3533 eum
1083 3478 1222 3533 allici
1258 3490 1533 3551 putarent,
1563 3486 1791 3541 secretis
1829 3494 2012 3543 tamen
2046 3505 2144 3543 oc-

554 3563 837 3633 cultisque
862 3569 1088 3624 monitis
1116 3586 1240 3624 cum
1275 3582 1467 3628 senatu
1494 3578 1605 3646 agit
1631 3586 1691 3632 ut
1721 3594 1780 3634 se
1818 3580 1884 3634 ad
1919 3583 2145 3652 nuptiae

556 3652 925 3733 rum‘fteilera
959 3659 1179 3714 -iterum
1233 3662 1533 3732 inducant,
1579 3682 1681 3723 nee
1737 3672 1921 3727 verbis
1963 3675 2145 3730 solum

556 3747 822 3804 suasoriis
846 3766 971 3805 cum
1003 3751 1122 3822 ipso
1158 3764 1340 3824 agant,
1370 3758 1465 3813 sed
1495 3768 1545 3813 et
1569 3772 1769 3832 cogant
1811 3764 2033 3836 vimque
2058 3768 2143 3823 fa-

556 3846 746 3894 cturos
783 3842 1124 3911 minitentur,
1149 3849 1255 3902 nisi
1292 3849 1339 3905 is
1382 3853 1607 3907 omnino
1647 3871 1760 3909 rem
1804 3860 2142 3927 praestiterit.

559 3927 851 3985 Ostendam
881 3952 985 3988 non
1009 3952 1158 3998 posse
1188 3940 1555 4010 imperatorem
1582 3948 1813 4002 caelibem
1831 3953 2019 4020 vivere,
2042 3972 2144 4026 quo

554 4020 652 4089 ﬁat
676 4033 730 4075 ut
760 4023 974 4078 illorum
995 4044 1185 4083 uxores
1213 4030 1428 4086 domina
1445 4044 1600 4106 atque
1630 4040 1872 4109 Augusta
1903 4020 2141 4103 careant.

557 4110 633 4165 lta
671 4113 838 4185 igitur
889 4118 1029 4175 lictis
1085 4136 1276 4177 eorum
1319 4129 1671 4185 sermonibus
1723 4132 1790 4185 ad
1834 4144 2140 4194 extremum

552 4206 757 4275 cessit,
807 4223 1125 4283 quanquam
1160 4215 1277 4270 lieri
1305 4233 1414 4273 non
1446 4229 1662 4290 poterat
1696 4233 1887 4281 utnon
1924 4232 2140 4287 tandem

552 4307 801 4368 tempore
832 4303 1015 4359 fabula
1040 4307 1357 4364 nudaretur.
1400 4312 1477 4367 Ae
1510 4316 1748 4384 primum
1776 4321 2143 4394 chirographo

551 4391 803 4450 subditos
823 4395 1138 4468 obstringit,
1174 4401 1445 4474 ﬁdemque
1473 4407 1664 4479 exigit,
1688 4426 1752 4465 ea
1780 4427 1839 4469 se
1862 4391 2141 4483 préstitu-

2258 3214 2424 3269 αὑτοῦ
2462 3217 2556 3285 ἀφ’
2589 3218 2784 3271 ἐαυτοῦ
2812 3218 2869 3272 δὲ
2897 3219 3114 3285 σωθεὶς,
3149 3220 3387 3293 ἔπραττέ
3413 3240 3473 3276 τε
3511 3224 3608 3278 καὶ
3637 3227 3844 3280 ἐπεποο

2255 3308 2489 3364 λῖτευτο.
2519 3311 2630 3381 Τῆς
2654 3315 2908 3383 γαμετῆς
2934 3312 3066 3381 γοῦν
3093 3313 3504 3386 τελευτησάσης
3527 3316 3716 3383 αὑτοῦ,
3745 3318 3845 3373 καὶ

2255 3401 2415 3466 δόξαν
2465 3402 2715 3467 θέλοντος
2774 3407 3074 3476 κατασχεῖν
3123 3406 3233 3459 τῶν
3266 3406 3481 3462 πολλῶν
3524 3408 3601 3473 ὡς
3646 3410 3845 3475 πένθος

2253 3493 2489 3565 ἄληστον
2519 3495 2636 3565 ἔχει
2664 3494 2859 3567 αὐτῆς,
2885 3496 2986 3567 τὴν
3016 3496 3323 3568 σύγκλητον
3350 3500 3523 3554 ἐποίει
3556 3500 3644 3555 διά
3677 3519 3841 3556 τινων

2256 3585 2595 3656 μηνυμάτων
2638 3586 2887 3657 κρυφίων
2913 3588 3010 3641 καὶ
3056 3591 3337 3658 μυστικῶν
3360 3592 3691 3663 αίρήσασθαι
3717 3592 3844 3647 τοῦ·

2254 3692 2344 3729 τον
2377 3679 2563 3731 πεῖσαι
2610 3678 2834 3746 γυναικὶ
2866 3672 3024 3742 αὖθις
3074 3678 3394 3753 ζευχθῆναι,
3435 3683 3530 3736 καὶ
3560 3684 3620 3736 ού
3654 3700 3839 3754 παρα-

2255 3766 2483 3820 καλέσαι
2516 3766 2676 3836 μόνον
2706 3766 2845 3839 πρὸς
2878 3767 3039 3821 τοῦτο
3079 3769 3220 3823 ἀλλά
3260 3771 3354 3823 καὶ
3385 3769 3700 3839 βιάσασθαι,
3741 3772 3838 3824 καὶ

2254 3859 2334 3922 εἰς
2371 3858 2768 3927 ἐπανάστασιν,
2802 3862 2850 3914 εί
2887 3859 2963 3933 μὴ
2990 3860 3147 3915 τοῦτο
3177 3861 3434 3933 γένηται,
3464 3861 3710 3933 χωρῆσαι
3736 3862 3837 3914 αὐ-

2252 3951 2414 4017 τούς·
2466 3954 2547 4008 Οὺ
2598 3953 2707 4023 γὰρ
2733 3953 2907 4010 ἐστιν
2939 3948 3070 4010 οἷον
3112 3953 3397 4026 γυναικὸς
3426 3953 3573 4008 ἄνευ
3612 3953 3842 4023 φάσκειν

2246 4047 2517 4114 βασιλέα
2546 4064 2610 4103 τε
2641 4045 2749 4117 ζῇν
2788 4047 2889 4101 καὶ
2918 4048 3025 4112 τὰς
3050 4046 3343 4117 ἡμετέρας
3377 4046 3718 4115 στερεῖσθαι
3745 4060 3847 4115 τα-
3936 4041 3943 4046 ’

2247 4140 2433 4210 μετὰς
2475 4142 2813 4207 Δεσποίνης
2843 4138 2940 4192 καὶ
2960 4137 3314 4203 βασιλίδος.
3357 4137 3684 4192 Ἐπέπειστο
3713 4136 3846 4204 γοῦν

2251 4232 2349 4302 ὀψὲ
2373 4232 2463 4285 διὰ
2492 4230 2601 4284 τῶν
2655 4230 3009 4284 ἐπιπλάστων
3040 4228 3236 4294 λόγων,
3281 4225 3376 4288 οὓς
3406 4225 3485 4293 τῷ
3526 4229 3703 4295 χρόνῳ
3746 4226 3846 4280 λα-

2252 4324 2367 4377 θεῖν
2395 4325 2496 4377 ούκ
2533 4318 2629 4393 ἦν·
2663 4321 2759 4373 καὶ
2794 4319 3013 4388 πρῶτον
3051 4318 3150 4388 μὲν
3188 4316 3531 4386 χειρόγραφα
3556 4317 3697 4389 ὑπὲρ
3728 4319 3841 4377 τῶν

2254 4416 2394 4486 μήτε
2422 4414 2593 4467 ὄντων
2627 4415 2764 4482 μήτε
2793 4411 3069 4478 ἐσομένων
3100 4411 3283 4463 πᾶσαν
3317 4410 3516 4482 ἀπῄτει
3546 4413 3726 4481 χεῖρα,
3761 4412 3837 4475 ὡς

554 4497 647 4538 ros
673 4501 792 4554 quae
820 4504 920 4542 nec
954 4489 1089 4547 ﬁant
1139 4510 1239 4550 nec
1292 4511 1413 4553 esse
1443 4514 1681 4574 unquam
1731 4507 1966 4575 possint,
2020 4510 2141 4578 ejus

2255 4506 2418 4573 αὐτὴν
2468 4520 2529 4555 τε
2571 4502 2672 4573 τὴν
2715 4499 2985 4569 ἐσομένην
3036 4499 3184 4571 αὐτῷ
3242 4502 3492 4572 γαμετὴν
3531 4503 3623 4554 καὶ
3668 4502 3738 4556 τὰ
3773 4504 3838 4555 ὲκ

552 4572 795 4632 futuram
826 4595 1048 4636 uxorem
1074 4594 1126 4638 et
1149 4602 1287 4655 quos
1317 4606 1382 4645 ex
1428 4591 1517 4647 illa
1563 4599 1870 4667 susceperit
1922 4600 2143 4670 liberos,

546 4682 678 4721 cum
704 4684 735 4724 e
769 4673 905 4729 vivis
936 4679 1256 4746 excesserit,
1306 4684 1533 4739 omnino
1565 4686 1918 4756 defensuros,
1951 4692 2046 4745 sed
2093 4702 2147 4748 et

2242 4593 2449 4664 ταύτης
2481 4594 2682 4662 ἔκγονα
2730 4590 3132 4662 ὑπερασπίζειν
3174 4594 3272 4646 καὶ
3313 4594 3661 4665 ὑπερμαχεῖν
3700 4591 3843 4662 μετὰ

2243 4690 2335 4741 τὸν
2368 4685 2536 4740 αὑτοῦ
2569 4685 2647 4757 μὴ
2685 4684 2989 4738 παύσαιντο
3025 4685 3275 4755 θάνατον,
3314 4686 3450 4739 ἀλλά
3481 4686 3745 4756 κάκείνην
3778 4702 3843 4739 τε

544 4764 671 4813 -tunt
709 4758 833 4817 illos
864 4762 1224 4833 imperatores
1279 4774 1621 4844 tumipsam
1653 4793 1897 4847 quoque,
1945 4788 2004 4833 ut
2047 4797 2147 4852 par

2255 4781 2369 4852 μετ’
2385 4780 2432 4813 ⁸⁸
2461 4779 2708 4842 ἐκείνους
2757 4775 3015 4849 βασιλέας
3048 4776 3226 4850 ἔχοιεν
3259 4778 3355 4833 καὶ
3398 4778 3713 4844 δέσποιναν,
3763 4780 3846 4844 ὡς

540 4858 659 4919 est,
678 4855 957 4911 dominam
993 4859 1297 4919 habituros.
1320 4865 1467 4920 Adeo
1489 4883 1597 4921 non
1628 4869 1684 4923 in
1709 4868 1817 4925 hoc
1840 4871 2005 4927 modo
2030 4890 2145 4930 aevo

544 4944 783 5013 sedpost
813 4962 971 5003 suam
1004 4966 1223 5024 quoque
1246 4967 1473 5020 mortem
1507 4974 1566 5014 se
1592 4959 1991 5030 imperaturum
2028 4967 2139 5039 79

550 5037 923 5110 existimabat,
947 5058 1072 5098 cum
1111 5063 1176 5101 ex
1208 5047 1320 5103 Deo
1356 5048 1486 5119 (non
1526 5059 1785 5124 tanquam
1811 5070 1878 5110 ex
1914 5057 2134 5113 illorum

552 5131 850 5197 penderent
875 5139 1064 5207 manu)
1083 5148 1278 5193 cuncta
1304 5143 1573 5209 speranda
1602 5144 1819 5216 forent;
1849 5148 1953 5203 Per
1982 5169 2138 5222 quem

555 5235 696 5290 reges
731 5241 949 5295 regnant
982 5240 1032 5283 et
1073 5233 1285 5303 tyranni
1320 5243 1491 5289 tenent
1525 5246 1724 5293 terram
1753 5239 1802 5298 ἀ.
1864 5242 2135 5301 Caeterum

550 5328 765 5373 morem
793 5320 933 5388 gerit
975 5322 1053 5377 illi
1088 5330 1597 5401 senatusconsulto,
1629 5349 1775 5392 unus
1814 5336 1931 5408 ipse
1953 5340 2138 5395 omnis

548 5414 715 5462 terra:
748 5409 1072 5483 dominans;
1106 5419 1311 5492 quique
1341 5425 1613 5485 caSIitatis
1655 5433 2001 5507 propositum
2030 5434 2139 5491 ini-

623 5565 647 5604 ἀ
678 5564 841 5624 Prov.
878 5588 997 5640 vm,
1033 5575 1118 5633 15.

2245 4872 2414 4936 εἰκός.
2446 4869 2635 4935 Οὕτως
2663 4870 2725 4923 οὐ
2752 4869 2845 4923 τοῦ
2890 4870 3013 4924 κατ’
3043 4872 3256 4924 ἐκεῖνον
3285 4869 3420 4923 ἀλλ-ἅ
3455 4871 3551 4924 καὶ
3582 4871 3676 4925 τοῦ
3722 4872 3845 4943 μετ’

2241 4966 2404 5020 αὑτὸν
2447 4964 2584 5036 ῷετο
2628 4964 3076 5034 κατακρατήσειν
3122 4964 3339 5029 αἰῶνος,
3391 4963 3509 5017 δέον
3544 4966 3726 5019 πάντα
3775 4967 3843 5019 ἐκ

2244 5055 2380 5113 Θεοῦ
2418 5056 2534 5111 ἀλλ’
2563 5055 2665 5108 ούκ
2703 5054 2928 5108 ἐκείνων
2962 5053 3271 5125 ἀναρτῆσαι
3302 5053 3478 5123 χειρὶ,
3510 5054 3589 5106 Δι’
3622 5053 3694 5107 ὃν
3724 5054 3841 5118 ,Βα-

2243 5148 2438 5216 σιλεῖς
2462 5146 2876 5213 βασιλεύουσι
2924 5144 3023 5200 καὶ
3050 5144 3333 5213 τύραννοι
3376 5145 3664 5215 κρατοῦσι
3698 5144 3833 5215 τῆς.

2245 5242 2392 5313 Πλὴν
2415 5241 2730 5295 ύπέκυπτεν
2757 5238 2787 5290 6
2812 5236 2992 5306 πάσης
3018 5236 3291 5307 κυριεύων
3319 5239 3424 5306 γῆς
3450 5237 3835 5308 προστάγματι

2243 5335 2323 5407 τῷ
2359 5329 2732 5403 συγκλητικῷ,
2782 5330 2879 5383 καὶ
2928 5328 3265 5400 συνάψεσθαι
3313 5330 3464 5386 ἄκων
3511 5330 3755 5401 ἠνείχετο
3805 5330 3835 5382 6

2247 5428 2505 5500 σώφρονα
2543 5425 2657 5496 βίον
2700 5422 3067 5494 ἀνῃρημένος.
3104 5424 3306 5494 Ἤγετο
3355 5420 3449 5479 οὖν
3489 5424 3626 5495 πρὸς
3654 5424 3837 5494 γάμον

1866 5717 2098 5774 VARUE
2140 5710 2548 5771 LECTIONES.

622 5787 673 5823 ³³
698 5788 847 5861 μετ’]
880 5792 974 5845 καὶ
986 5793 1014 5846 τ
