4200 6424
427 332 502 418 τι
1437 365 1583 427 LIB.
1631 365 1708 429 tr.
1751 393 1815 405 —
1854 368 2198 434 MICHAEL
2246 373 2745 437 AMORIENSIS.
3677 374 3750 443 se

449 488 510 523 eu
548 471 705 542 τήνδε
735 472 774 544 ἢ
810 474 1003 545 τήνδε,
1032 476 1174 531 ἀλλὰ
1195 479 1432 548 γυναῖκα
1454 499 1575 535 τινα
1609 482 1778 537 πάλαι
1812 485 1904 540 τὸν
1953 488 2047 541 κό-

2178 498 2312 556 sset,
2342 488 2575 551 invitum
2607 487 2881 545 simulans
2926 490 2980 545 iu
3015 489 3240 561 nuptias
3270 487 3578 549 consentit.
3633 487 3748 544 Du-

464 585 588 637 σειον
614 570 711 621 καὶ
739 568 814 621 τὰ
859 569 1031 623 αὐτοῦ
1079 572 1516 642 ἀποστέρξασαν,
1557 576 1781 649 Χριστῷ
1809 578 1867 633 δὲ
1901 596 2048 651 νυμ-

2175 581 2234 636 :it
2256 596 2387 637 vero
2411 597 2520 637 non
2560 580 2869 651 quamlibet
2894 580 3176 650 feminam,
3207 584 3301 640 sed
3330 598 3454 653 quae
3485 582 3616 638 olim
3643 596 3743 639 sea

458 658 744 727 φιυθεῖσαν
800 661 901 714 καὶ
956 663 1262 734 ἀσκήσεσιν
1313 668 1375 719 ὲκ
1429 667 1621 732 παιδὸς
1665 671 1809 724 κατὰ
1846 672 1944 743 τὴν
1992 674 2050 726 ἐν

2175 674 2283 730 :qu
2314 689 2381 731 ac
2420 674 2607 730 saeculi
2638 674 2803 735 rebus
2836 674 3093 729 nuntium
3134 675 3463 740 remisisset,
3492 674 3751 732 Christo-

458 751 756 821 Πριγκίπῳ
783 753 935 825 νήσῳ
970 753 1141 825 μονὴν
1169 756 1511 827 σχολάσασαν
1543 762 1635 814 καὶ
1676 765 2049 836 προσανέχου-

2175 782 2260 837 lue
2285 766 2560 837 desponsa
2583 774 2755 831 esset,
2779 782 2843 822 ac
2867 768 2997 822 olim
3030 783 3060 822 a
3083 783 3278 837 puero.
3310 769 3366 822 in
3392 767 3751 825 monasterio

457 860 561 896 σαν
585 843 667 913 τῷ
715 843 869 912 Θεῷ·
908 845 1235 918 Εὐφροσύνη
1275 848 1477 920 ταύτης
1510 852 1542 920 ὴ
1578 852 1791 922 κλῆσις,
1820 857 1916 908 καὶ
1949 873 2054 910 πα-

2175 860 2300 929 ιυοό
2333 860 2386 914 iu
2417 859 2678 930 Principe
2709 859 2813 930 (sic
2844 860 3017 928 dicta)
3050 860 3233 916 insula
3256 862 3422 916 situm
3451 870 3558 925 est,
3590 876 3753 916 exer-

454 934 589 1003 τρὶς
634 932 969 1006 ἐσεμνύνετο
999 938 1413 1009 Κωνσταντίνου
1463 937 1625 1009 εἶναι,
1658 944 1844 1017 δικαίᾳ
1874 946 2054 1017 κρίσει

2175 952 2321 1008 :itata
2353 968 2417 1008 ac
2438 953 2549 1008 Deo
2571 953 2789 1011 addicta
2823 962 2991 1009 esset.
3043 952 3419 1025 Euplirusynac
3440 954 3517 1008 illi
3549 968 3752 1009 nomen

456 1026 561 1094 τὴν
594 1025 873 1095 τύφλωσιν
918 1029 1399 1100 ὑπομεμενηκότος
1430 1036 1581 1105 παρὰ
1609 1038 1837 1108 μητρός.
1869 1039 2055 1094 Ταῦτα

2175 1054 2295 1101 erat.
2319 1045 2481 1100 Clara
2497 1046 2713 1101 scilicet
2732 1045 3080 1102 Constantini
3115 1047 3263 1102 illius
3279 1047 3483 1115 proles,
3518 1046 3612 1115 qui
3629 1046 3752 1114 ipsa

459 1116 563 1184 μὲν
605 1119 986 1190 ὲξεπέραινεν,
1038 1122 1131 1174 καὶ
1184 1123 1315 1178 ἵλεω
1338 1125 1403 1178 δι’
1441 1127 1622 1179 αὐτῶν
1656 1130 1716 1182 οὐ
1765 1129 1927 1200 μόνον
1956 1131 2058 1187 οὐκ

2182 1145 2301 1193 uste
2321 1150 2496 1195 matre
2522 1139 2820 1197 ulciscente
2838 1139 3141 1196 luminibus
3154 1147 3392 1195 emeatus
3418 1138 3616 1195 fuerat.
3640 1136 3756 1192 Hoc

464 1208 702 1263 ἰποιεῖτο
722 1211 986 1267 ἀλλὰκαὶ
1022 1213 1344 1285 παρώργισε
1368 1217 1460 1272 τὸν
1489 1220 1641 1274 Θεὸν.

540 1476 639 1532 κε’.
682 1479 942 1534 Καὶκατὰ
982 1480 1093 1539 τῶν
1147 1481 1247 1552 τὴν
1280 1485 1503 1555 Κρήτην
1539 1486 1592 1538 δὲ
1640 1489 2061 1544 καταλαϐόντων

465 1573 564 1624 καὶ
625 1571 1047 1642 λυμαινομένων
1108 1574 1266 1639 αὖθις
1332 1578 1730 1634 ὲπαποστέλλει
1789 1584 2060 1652 στρατόνο

469 1665 757 1734 Κρατερὸς
791 1665 966 1734 ὄνομα
1002 1666 1081 1739 τῷ
1116 1670 1482 1742 στρατηγέτῃ,
1515 1671 1574 1733 ὃς
1612 1673 1920 1744 τηνικαῦτα
1964 1675 2065 1746 τὴν

2166 1230 2259 1286 ille
2290 1230 2536 1286 facinore
2575 1245 2684 1285 non
2715 1230 2883 1286 modo
2926 1246 3034 1287 non
3076 1230 3313 1300 placavit
3350 1228 3600 1286 divinum
3636 1225 3753 1281 Nu-

2163 1339 2312 1385 men.
2339 1322 2475 1393 quin
2516 1324 2698 1393 potius
2737 1322 2863 1392 ejus
2895 1321 2952 1376 in
2980 1336 3039 1385 se
3077 1320 3505 1391 Romanamque
3529 1333 3756 1389 rempu-

2164 1415 2368 1477 blicam
2393 1415 2702 1485 graviorem
2726 1414 2865 1469 iram
2898 1411 3243 1482 provocavit.
3320 1422 3337 1429 "

2235 1507 2325 1565 25.
2362 1507 2555 1577 Itaque
2587 1508 2753 1562 aliam
2783 1521 3007 1577 quoque
3044 1506 3280 1565 classem
3320 1504 3592 1559 adversus
3652 1499 3755 1556 Sa-

2164 1615 2402 1657 racenos
2422 1598 2643 1655 Cretam
2673 1600 2986 1655 obtinentes
3029 1613 3095 1655 ac
3141 1596 3467 1667 diripientes
3518 1595 3758 1649 Cratero

2167 1691 2308 1747 duce
2337 1692 2558 1747 emittit.
2590 1691 2642 1745 Is
2663 1689 3247 1761 cum,Cibyrteotarum
3280 1698 3409 1743 tunc
3427 1685 3757 1757 praefectura

470 1756 583 1811 τῶν
610 1756 1043 1830 Κιϐυρραιωτῶν
1080 1759 1280 1813 διέπων
1307 1764 1658 1834 στρατηγίδα,
1686 1766 2064 1838 ἐϐδομήκοντα

2175 1793 2376 1855 ageret,
2410 1783 2760 1854 septuaginta
2799 1756 3112 1837 biremibus
3146 1797 3213 1835 cx
3255 1783 3373 1835 suis
3414 1756 3759 1847 reliquisque

469 1850 607 1914 ναῦς
647 1850 856 1921 δι’ήρεις
902 1851 1012 1905 τῶν
1041 1853 1134 1922 ὑφ’
1160 1854 1338 1924 ἑαυτῷ
1366 1857 1459 1910 καὶ
1494 1857 1712 1915 πάντων
1751 1859 1862 1913 τῶν
1891 1858 2063 1929 θεμα-

2175 1876 2573 1946 provinciarum
2619 1890 2685 1930 ac
2718 1874 3028 1931 insularum
3065 1872 3385 1942 assumptis,
3452 1870 3605 1926 ferox
3658 1868 3760 1924 ad-

470 1944 646 1997 τικῶν
673 1944 873 2009 λαϐὼν,
903 1944 1126 2015 βρέμων
1162 1944 1281 2017 ἅμα
1325 1947 1418 2000 καὶ
1468 1949 1649 2020 πολλῷ
1678 1949 1762 2021 [Ρ.
1797 1948 1909 2022 50]{
1935 1967 2070 2022 φρο-

483 2043 696 2109 νήματι
724 2041 1089 2109 παρενέϐαλεν
1115 2042 1183 2096 ⁸⁷.
1227 2044 1338 2096 Καὶ
1390 2045 1622 2116 ἐπείπερ
1682 2046 1791 2098 οὐδ’
1840 2046 2073 2111 ἐκείνοις

487 2132 670 2186 ἐδόκει
708 2133 1127 2189 ὑποστέλλεσθαι
1160 2136 1276 2193 ἀλλ’
1306 2139 1366 2201 ἐς
1408 2138 1589 2211 μάχην
1616 2143 1816 2210 χωρεῖν
1845 2140 1943 2210 τὴν
1970 2140 2071 2204 τὰς

479 2225 696 2280 ἑαυτῶν
743 2224 998 2298 δυνάμεις
1058 2229 1155 2283 καὶ
1210 2231 1599 2302 γενναιότητας
1656 2232 2071 2302 ἐπιδειξομένην

474 2323 619 2393 (καλ⁵
656 2321 766 2394 γάρ
809 2324 917 2376 είσι
962 2324 1072 2377 τῶν
1106 2324 1284 2380 ἄλλων
1338 2326 1663 2398 Ἀγαρηνῶν
1699 2320 1845 2380 οὗτοι
1874 2328 1939 2398 δὴ
1977 2328 2070 2380 εὐ-

473 2418 636 2484 φυεῖς
649 2418 692 2483 ),
741 2417 1070 2471 συνέϐαλλον
1099 2418 1157 2471 δὲ
1201 2419 1491 2489 τολμηρῶς
1519 2421 1773 2492 ἑκάτεροι
1801 2422 1945 2477 κατὰ
1977 2424 2070 2476 τὸν

474 2509 665 2574 ἀγῶνα
712 2510 1070 2582 χωρήσαντες
1108 2510 1235 2581 ἄρτι
1276 2510 1341 2582 δὴ
1386 2512 1481 2565 τοῦ
1515 2514 1665 2583 ἡλίου
1695 2512 1794 2577 τὰς
1841 2517 2069 2579 ἀκτῖνας

483 2600 627 2670 ὑπὲρ
648 2600 749 2670 γῆς
782 2601 1160 2670 ὲφαπλοῦντος
1178 2602 1246 2668 ⁸⁸,
1271 2603 1546 2675 οὐδέτεροι
1576 2606 1675 2676 μὲν
1707 2606 1837 2676 ἄχρι
1871 2607 2071 2678 μεσοιῶ⁴

485 2709 589 2764 σης
618 2694 818 2765 ἡμέρας
844 2696 1143 2763 ἐνέκλινον,
1179 2695 1316 2749 ἀλλὰ
1342 2697 1607 2765 γενναίως
1639 2699 1941 2769 μαχόμενοι
1969 2700 2070 2770 τὴν

472 2786 692 2839 ἑαυτῶν
727 2786 1006 2843 ἐδείκνυον
1051 2789 1345 2859 ἐμπειρίαν
1394 2790 1490 2843 καὶ
1531 2790 1799 2863 δύναμινσ
1842 2795 1965 2847 ἐπεὶ
2013 2794 2070 2849 δὲ

473 2880 817 2950 πονήσαντες
865 2881 914 2933 οἱ
968 2881 1265 2951 Κρηταιεῖς
1312 2884 1411 2955 ἤδη
1453 2883 1548 2937 τοῦ
1596 2883 1747 2954 ήλίου
1789 2884 2071 2950 κλίναντος

479 2971 754 3023 ἐνέδωκαν
799 2972 937 3041 πρὸς
975 2973 1176 3043 φυγὴν,
1215 2973 1336 3027 τότε
1379 2975 1444 3046 δὴ
1472 2976 1700 3040 πολλοὺς
1742 2978 1841 3048 μὲν
1887 2978 2070 3031 αὐτῶν

475 3062 830 3128 ἀπέκτειναν,
884 3064 1102 3129 πλείους
1153 3050 1209 3119 δὲ
1261 3066 1328 3121 τὰ
1380 3069 1523 3123 ὅπλα
1583 3069 1850 3139 ῥίψαντας
1900 3074 2069 3141 αἰχμ-

2172 1970 2395 2027 modnm
2434 1984 2501 2027 ac
2543 1968 2972 2025 minitabundus
3001 1967 3223 2022 Cretam
3254 1966 3545 2037 applicuit.
3584 1964 3760 2020 Cum-

2168 2074 2275 2127 que
2300 2074 2400 2115 uee
2424 2059 2695 2129 Agarenis
2730 2073 2927 2128 pugnae
2967 2059 3085 2113 alea
3122 2057 3574 2127 subterfugiemia
3603 2054 3761 2111 vide-

2168 2159 2343 2215 retur,
2379 2150 2476 2205 sed
2515 2149 2950 2205 commitendum
2986 2149 3269 2216 praelium,
3334 2162 3444 2217 quo
3501 2162 3633 2204 suas
3683 2145 3762 2200 illi

2166 2242 2315 2298 vires
2361 2256 2427 2296 ac
2467 2242 2725 2297 bellicam
2780 2241 3165 2296 fortitudinem
3197 2240 3587 2310 experirentur
3621 2237 3764 2308 (sin-

2169 2334 2342 2405 gulari
2395 2335 2544 2389 enim
2606 2334 2684 2388 illi
2751 2333 3114 2388 fortitudinis
3183 2332 3342 2387 laude
3408 2332 3555 2386 inter
3630 2343 3765 2386 suos

2168 2427 2389 2500 claret),
2416 2430 2669 2484 animose
2726 2428 2984 2498 utrinque
3012 2434 3306 2497 pugnatur.
3361 2425 3408 2480 Α
3442 2425 3616 2495 prima
3644 2423 3765 2478 luce

2170 2526 2237 2579 ad
2285 2523 2568 2585 meridiem
2623 2534 2801 2592 usque
2857 2530 3047 2576 neutra
3100 2519 3361 2575 inclinata
3424 2517 3609 2583 acies,
3668 2514 3766 2570 sed

2167 2626 2393 2672 strenue
2420 2616 2640 2684 utrique
2668 2622 2978 2684 pugnantes
3020 2614 3303 2684 egregium
3347 2611 3460 2681 80
3506 2609 3765 2665 militaris

2174 2710 2386 2779 peritiae
2441 2724 2506 2765 ae
2564 2708 2906 2762 fortitudinis
2935 2707 3217 2777 specimen
3253 2703 3609 2760 exhibebant.
3654 2699 3764 2755 Po—

2167 2811 2376 2858 stremo
2406 2808 2664 2870 vergente
2697 2801 2765 2855 ad
2799 2814 3084 2869 vesperam
3116 2797 3209 2853 die
3242 2795 3491 2865 superati
3528 2793 3765 2849 Creten-

2168 2909 2259 2950 ses
2289 2892 2476 2963 fugam
2525 2891 2755 2949 faciunt.
2814 2892 3020 2949 Eorum
3071 2889 3231 2945 multi
3280 2889 3335 2943 in
3372 2900 3551 2957 pugna
3610 2883 3764 2948 caesi,

2171 2986 2358 3057 plures
2409 2985 2639 3054 abiectis
2685 2984 2858 3039 armis
2909 3000 2939 3037 a
2977 2981 3244 3043 Romanis
3305 2975 3767 3048 persequentibus

2170 3078 2341 3149 capti.
2402 3077 2483 3131 Ae
2514 3076 2658 3132 forte
2699 3075 3010 3131 accelerate
3040 3072 3263 3140 negotio
3297 3070 3608 3140 maiorique
3638 3066 3767 3121 dili-

474 3156 718 3219 αὶώτους
745 3155 961 3219 ἔλαϐον,
992 3159 1057 3211 ὲκ
1087 3158 1247 3222 ποδὸς
1274 3160 1552 3228 ἑπόμενοι.
1586 3162 1740 3231 Τάχα
1756 3163 1800 3216 δ’
1829 3162 2075 3232 ἂνῙσπου-

2184 3173 2364 3243 gentia
2395 3170 2569 3241 ipsam
2599 3184 2661 3229 ea
2691 3168 2780 3225 die
2814 3167 3006 3222 urbem
3038 3165 3336 3234 cepissent,
3389 3161 3495 3216 nisi
3521 3175 3630 3214 nox
3683 3158 3768 3214 in-

473 3248 739 3313 δάσαντες
764 3249 961 3303 ἔλαϐον
989 3250 1086 3323 τὴν
1112 3252 1266 3306 πόλιν
1297 3253 1633 3326 αὐθημερὸν,
1664 3257 1714 3308 εἰ
1741 3257 1819 3327 μὴ
1850 3255 1945 3321 νὺξ
1968 3256 2070 3327 ἤδη

2177 3278 2380 3335 gruens
2435 3278 2525 3317 res
2585 3261 2641 3317 in
2693 3261 2974 3316 diversum
3026 3265 3337 3320 mutasset,
3391 3266 3446 3310 ct
3499 3249 3766 3309 Romanis

482 3344 785 3413 φαινομένη
828 3342 1162 3414 ἀνέστρεψεν
1178 3345 1223 3377 ⁸³
1255 3346 1329 3409 ὼς
1362 3345 1432 3400 τὰ
1466 3347 1771 3420 πράγματα
1802 3351 1897 3402 καὶ
1932 3349 2067 3403 ἀνά-

2176 3357 2425 3426 quietem
2480 3354 2833 3424 captantibus
2872 3367 2984 3407 non
3043 3352 3276 3407 salutem
3322 3347 3626 3418 peperisset
3671 3343 3766 3398 sed

482 3436 692 3489 παυλαν
760 3435 978 3500 τούτοις
1027 3435 1254 3509 ζητοῦσι
1296 3439 1457 3517 φόνον
1524 3440 1639 3497 ἀλλ’
1680 3442 1741 3495 οὐ
1796 3440 2072 3512 σωτηρίαν

2175 3448 2453 3504 interitum
2485 3455 2855 3516 stragemque.
2909 3444 2976 3499 Hi
3028 3445 3176 3499 enim
3225 3451 3491 3511 tauquam
3520 3438 3768 3494 victoriae

476 3528 767 3584 ἀπέτεκεν.
804 3530 869 3582 Οί
904 3529 1004 3599 μὲν
1032 3531 1143 3602 γὰρ
1169 3530 1244 3595 ὡς
1274 3532 1373 3604 ἤδη
1399 3532 1780 3602 νενικηκότες,
1809 3535 1904 3586 καὶ
1933 3534 2069 3588 πάν-

2178 3540 2387 3607 seeuri,
2425 3554 2635 3609 speque
2667 3536 2789 3592 fulti
2823 3535 2944 3592 fore
2989 3546 3051 3590 ut
3084 3536 3396 3599 universos,
3454 3532 3550 3601 qui
3606 3529 3767 3600 pauci

473 3639 573 3685 τας
598 3620 791 3692 αὔριον
825 3622 884 3674 ὲν
908 3621 1105 3693 βραχεῖ
1128 3622 1354 3695 βραχεῖς
1378 3623 1539 3688 ὄντας
1586 3623 1912 3687 ἐλπίσαντες
1943 3625 2068 3679 συλ-

2177 3640 2585 3697 remanserant,
2613 3630 2702 3687 die
2725 3628 2973 3684 crastino
2995 3628 3141 3683 facili
3171 3626 3390 3696 negotio
3422 3626 3477 3680 in
3530 3630 3770 3693 poteSta-

474 3713 689 3780 λαϐεῖν,
734 3714 872 3783 πρὸς
912 3714 1112 3779 πότους
1144 3715 1238 3769 καὶ
1267 3715 1499 3786 τρυφὰς,
1548 3716 1626 3779 ὡς
1664 3716 1723 3769 ὲν
1746 3717 1923 3788 οἰκείᾳ
1953 3715 2069 3771 ἀλλ’

2177 3733 2285 3781 tem
2319 3724 2646 3794 redigerent,
2682 3721 2909 3793 perinde
2935 3736 3001 3777 ae
3041 3721 3088 3776 si
3118 3720 3292 3784 domi,
3321 3733 3430 3773 non
3463 3716 3521 3771 in
3551 3715 3770 3771 hostico

481 3811 586 3863 οὒκ
609 3808 667 3860 ἐν
700 3807 955 3879 ἀλλοτρίᾳ
984 3807 1294 3875 διάγοντες,
1327 3809 1712 3878 ὲξεϐἀκχευον,
1753 3810 1893 3882 μήτε
1924 3796 2070 3874 τινὸς

2176 3823 2424 3887 agerent,
2460 3813 2840 3884 potationibus
2890 3823 2945 3868 et
2987 3812 3211 3866 luxuria
3243 3818 3464 3866 noctem
3499 3804 3771 3875 transige-

491 3899 745 3970 φυλακῆς
778 3902 897 3970 μήτ’
927 3900 1095 3969 ἄλλης
1131 3901 1406 3971 σωτηρίας
1436 3903 1536 3971 τῆς
1590 3903 1734 3957 κατὰ
1762 3902 1855 3955 τὸν
1914 3902 2072 3956 πολε-

508 3992 669 4061 μικὸν
698 3992 857 4059 νόμον
877 3994 1160 4063 γινομένης
1190 3994 1598 4065 φροντίσαντες,
1628 3992 1799 4048 ὕπνου
1822 3995 1880 4048 δὲ
1904 3995 2068 4063 μόνου

507 4082 601 4137 καὶ
636 4085 739 4151 τῆς
768 4084 831 4136 τὰ
866 4086 1025 4139 πάντα
1058 4086 1254 4157 ῥᾳδίως
1298 4084 1716 4155 ἀνατρεπούσης
1761 4088 1855 4139 καὶ
1897 4087 2069 4140 ἀπολ-

494 4175 732 4245 λυούσης
750 4176 998 4246 ἀμελείας
1018 4195 1089 4230 «τε
1117 4179 1210 4231 καὶ
1241 4179 1544 4250 ῥᾳστώνης.
1569 4180 1733 4233 Ὅθεν
1753 4197 1817 4232 πε
1826 4181 1880 4250 ρὶ
1901 4182 2074 4250 μέσας

486 4266 712 4333 νύκτας,
734 4268 857 4320 ἐπεὶ
884 4267 973 4321 διὰ
998 4267 1108 4320 τῶν
1137 4266 1348 4323 ἑαυτῶν
1394 4266 1652 4336 φυλάκων
1703 4269 1779 4332 ὡς
1832 4270 1888 4339 ἐν
1938 4269 2077 4321 ἀπο-

485 4358 582 4430 ρίᾳ
623 4358 1041 4429 ἀγρυπνοῦντες
1077 4360 1126 4411 οἰ
1158 4359 1459 4428 Κρηταιείς
1488 4357 1642 4428 ὕπνῳ
1672 4360 1767 4411 καὶ
1791 4358 1919 4428 οἴνῳ
1946 4358 2079 4412 καθ-

487 4452 724 4524 ῃρῆσθαι
751 4451 877 4513 τοὺς
906 4450 1008 4519 τῆς
1049 4448 1365 4521 Ῥωμαῖκῆς
1397 4438 1751 4521 παρεμϐολῆς
1781 4451 2074 4521 ἀνέμαοον,

2172 3907 2324 3965 bant.
2392 3907 2762 3962 Exeubiarum
2813 3921 2911 3962 seu
2968 3905 3206 3959 aliorum
3254 3903 3458 3974 quibus
3518 3901 3576 3954 in
3627 3896 3769 3954 bello

2178 4000 2348 4055 saluti
2382 4008 2608 4055 cautum
2667 3998 2919 4053 videatur
2946 3997 3097 4053 nulla
3143 3997 3225 4052 eis
3278 3995 3451 4061 ratio;
3509 4005 3769 4047 somnum

2176 4093 2450 4149 duntaxat
2485 4104 2539 4147 et
2583 4091 2826 4160 quietem
2868 4089 3169 4159 omniaque
3224 4088 3387 4143 facile
3432 4092 3768 4141 evertentem

2176 4183 2490 4241 socordiam
2519 4194 2573 4237 et
2593 4182 2879 4236 mollitiem
2901 4181 3240 4249 cogitabant.
3263 4179 3557 4234 Cretenses
3581 4178 3772 4245 itaque

2181 4274 2407 4348 (quippe
2442 4289 2668 4330 suarum
2701 4288 2885 4328 rerum
2917 4271 3087 4342 anxii)
3122 4271 3337 4340 vigiles,
3363 4282 3489 4324 cum
3522 4270 3771 4323 Romana

2174 4376 2360 4426 castra
2387 4368 2514 4424 vino
2540 4382 2850 4436 somnoque
2874 4366 3136 4436 depressa
3158 4380 3189 4419 a
3215 4365 3333 4420 suis
3356 4359 3771 4418 excubitoribus

2185 4460 2532 4527 didicissent,
2573 4461 2641 4515 ad
2673 4460 2912 4514 mediam
2958 4458 3181 4515 circiter
3224 4464 3442 4512 noctem
3475 4453 3772 4510 confestim

494 4544 731 4615 αὖθωρὸν
789 4542 1103 4607 ἐξελθόντες
1132 4544 1378 4614 μαχαίρᾳ
1412 4542 1618 4602 πάντας
1656 4541 1971 4610 ἀπώλεσαν,
2002 4542 2075 4607 ὡς

2185 4553 2395 4623 impetu
2422 4553 2479 4607 in
2518 4524 2619 4609 eos
2647 4551 3021 4619 factoomnes
3051 4551 3235 4621 gladio
3275 4550 3573 4615 trucidant,
3608 4548 3681 4602 ita
3715 4557 3783 4606 ut

489 4639 614 4709 μηδ’
636 4637 896 4706 ἄγγελον,
927 4636 990 4688 τὸ
1020 4635 1085 4707 δὴ
1115 4636 1428 4706 λεγόμενον,
1454 4636 1796 4707 ὑποστρέψαι
1822 4641 1916 4689 καὶ
1939 4638 2083 4690 ἐκεῖ-

485 4734 577 4788 Θεν
615 4732 978 4804 διασωθῆναι,
1030 4734 1063 4800 ἢ
1102 4732 1263 4803 μόνον
1292 4732 1385 4786 τὸν
1417 4732 1724 4803 στρατηγὸν
1773 4731 2080 4802 ὲμπορικοῦ

486 4826 754 4882 ἐπιϐάντα
778 4826 969 4879 πλοίου
984 4830 1078 4879 καὶ
1096 4825 1192 4897 τὴν
1214 4825 1493 4897 σωτηρίαν
1512 4824 1802 4896 ζητοῦντα.
1827 4826 1973 4896 Πλὴν
1990 4825 2085 4879 καὶ

484 4918 679 4972 τοῦτον
705 4919 828 4973 ἐπεὶ
860 4919 1137 4989 πανταχοῦ
1160 4920 1186 4971 ὁ
1204 4920 1312 4973 τῶν
1352 4918 1673 4991 Ἀγαρηνῶν
1702 4919 1926 4990 ἡγεμὼν
1954 4920 2087 4974 ἀνα·

483 5008 669 5079 ζητῶν
713 5009 816 5080 μὲν
842 5009 942 5081 οὐχ
974 5009 1196 5081 εὕρισκε
1234 5010 1458 5079 φεύγειν
1484 5010 1542 5064 δὲ
1570 5009 1842 5081 διήκουεν,
1883 5010 2080 5065 ὁλκάσι

484 5100 679 5155 τοῦτον
708 5102 833 5173 μεθ’
860 5102 1146 5174 ἡγεμόνων
1170 5101 1525 5175 ⁵ἀναζητῆσαι
1558 5103 1850 5158 ἐκέλευσεν
1868 5118 1880 5133 ’
1909 5098 1958 5158 οἳ
1987 5103 2083 5157 καὶ

486 5190 892 5259 καταλαϐόντες
928 5194 1120 5249 τοῦτον
1151 5197 1210 5248 ἐν
1242 5196 1339 5267 Κῷ
1369 5197 1465 5252 ἐπὶ
1488 5194 1667 5262 ’ξύλου
1702 5196 2084 5267 κρεμάσαντες

487 5288 866 5362 διαφθαρῆναι
916 5289 1204 5359 ἐποίησαν.
1237 5289 1353 5345 Καὶ
1377 5291 1446 5343 τὰ
1469 5291 1568 5359 μὲν
1601 5289 1741 5343 κατὰ
1776 5288 1875 5360 τἠν
1901 5290 2085 5359 μάχην

488 5383 710 5454 ἐκείνην
747 5384 844 5439 καὶ
886 5384 980 5438 τὸν
1012 5383 1205 5453 ἀγῶνα
1240 5382 1631 5455 συμϐεϐηκότα
1662 5382 1910 5450 τοιαῦτα,
1955 5382 2086 5438 πολ-

490 5473 591 5543 λὴν
623 5477 924 5545 ἐνεγκόντα
962 5477 1258 5546 Ῥωμαίοις
1286 5476 1595 5548 συμφορὰν,
1624 5477 1685 5531 οὐ
1710 5479 1810 5547 τὴν
1832 5476 1890 5541 ἐξ
1915 5477 2085 5549 ἥττης

494 5565 663 5637 μόνον
690 5572 933 5641 ἐκείνης,
961 5569 1101 5625 ἀλλὰ
1130 5570 1227 5624 καὶ
1255 5568 1355 5640 τὴν
1383 5568 1571 5623 ἔκτοτε
1606 5571 1961 5643 κρατήσασαν
1991 5568 2085 5623 καὶ

2184 4660 2256 4705 ne
2287 4644 2539 4699 nuntium
2568 4644 2791 4712 quidem
2825 4644 2995 4715 (quod
3041 4644 3223 4715 adagii
3255 4647 3364 4713 est)
3411 4657 3671 4698 reversus
3703 4640 3778 4696 sit

2186 4746 2278 4790 aut
2314 4736 2454 4791 cladi
2485 4744 2765 4805 superstes
2798 4737 3086 4793 exstiterit.
3150 4735 3306 4792 Unus
3353 4735 3776 4815 dux‘Cra-terus

2189 4830 2522 4885 mercatorio
2549 4846 2681 4891 usus
2724 4830 2946 4900 navigio
2980 4830 3217 4885 salutem
3238 4829 3537 4900 expedivit.
3570 4827 3775 4882 Verum

2191 4919 2341 4975 hunc
2388 4935 2611 4990 quoque
2676 4920 3061 4991 Agarenurum
3122 4921 3235 4976 dux
3283 4919 3379 4977 diu
3434 4919 3778 4987 multumque

2176 5013 2492 5086 quaesitum,
2524 5029 2629 5069 nec
2671 5030 2906 5085 usquam
2937 5015 3248 5081 inventum,
3317 5029 3443 5069 eum
3478 5010 3604 5081 fuga
3651 5025 3779 5065 eva-

2179 5106 2319 5161 sisse
2350 5106 2620 5171 audisset,
2683 5122 2852 5163 naves
2890 5106 3288 5178 praefectosque
3353 5104 3521 5173 mittit
3551 5103 3646 5173 qui
3673 5104 3774 5157 ho-

2182 5198 2385 5254 minem
2422 5207 2674 5269 quaerant
2701 5215 2768 5256 ac
2812 5200 3200 5271 insequantur.
3269 5196 3336 5251 lli
3393 5200 3447 5251 in
3478 5195 3556 5250 Co
3589 5196 3775 5251 insula

2183 5307 2307 5346 eum
2340 5292 2578 5349 assecuti
2606 5292 2661 5348 in
2696 5293 2804 5364 81
2840 5309 3063 5348 crucem
3124 5300 3351 5360 agentes
3403 5287 3777 5347 sustulerunt.

2193 5385 2406 5455 Hicque
2438 5385 2578 5441 adeo
2604 5385 2732 5441 belli
2765 5386 2914 5441 illius
2945 5395 3111 5455 atque
3144 5381 3319 5453 praelii
3364 5388 3598 5435 eventus
3647 5378 3779 5443 fuit,

2194 5478 2337 5533 unde
2367 5478 2560 5550 ingens
2592 5479 2669 5535 rei
2700 5478 2963 5534 Romana:
2998 5489 3182 5533 creata
3215 5474 3526 5540 calamitas,
3571 5488 3681 5528 non
3705 5476 3785 5529 ou

2192 5586 2313 5628 eam
2346 5574 2613 5628 duntaxat
2631 5573 2867 5636 cladem,
2893 5586 3058 5641 quam
3092 5580 3217 5625 tunc
3246 5566 3475 5638 accepit,
3507 5563 3601 5621 sed
3626 5564 3786 5635 quod

1755 5753 1992 5811 VARIzE
2032 5753 2441 5813 LECTIONES.

570 5849 617 5887 θ’
643 5852 1013 5907 παοενέλαϐεν
1037 5848 1100 5907 Ρ.
1174 5849 1217 5882 ⁸⁸
1248 5848 1598 5921 ὑφαπλῶντος
1632 5848 1691 5903 Ρ.
1770 5850 1813 5881 ⁸9
1838 5847 2174 5920 ἀνέστρεψεν
2205 5849 2486 5906 Cedrenus
2517 5865 2529 5903 :
2563 5846 2603 5905 Ρ
2636 5847 2782 5904 enim
2818 5844 3206 5919 ἀπέστρεψεν.
