4200 6448
432 392 443 417 ‘*
501 401 579 463 95
1610 390 2124 453 THEOPHANES
2150 387 2710 451 CONTINUATUS.
3727 387 3800 450 96

500 513 671 569 etiam
705 522 769 563 ex
832 506 925 560 illo
972 515 1220 575 tempore
1273 504 1529 559 roborata
1578 505 1870 575 multiccps
1920 506 2090 576 hydra

2200 503 2554 573 διαμείνασαν
2586 499 2962 570 πολυκέφαλον
2995 498 3182 577 ὕδραν,
3216 501 3395 553 ἐκεῖσε
3428 500 3526 553 καὶ
3555 498 3794 570 ἀλλαχοῦ

504 599 827 665 duraverit;
892 612 1017 666 qua:
1061 612 1188 650 cum
1249 596 1322 651 ibi
1381 596 1617 666 aliisque
1684 596 1821 652 locis
1885 611 2105 666 semper

502 692 898 755 exscindatur,
961 689 1088 746 aliis
1157 689 1391 744 subinde
1483 689 1754 759 germinat
1831 704 1898 744 ac
1964 691 2110 745 revi-

503 784 692 839 rescit.

574 876 665 931 26.
701 876 1017 931 Secundum
1056 877 1172 932 hac
1213 878 1297 930 vir
1324 875 1554 945 quidam
1590 875 1671 931 rei
1713 875 1976 931 militaris
2007 890 2107 945 ap-

509 970 690 1040 prime
748 986 955 1040 guarus
1002 969 1418 1040 prudentiaeque
1459 984 1525 1023 ac
1567 968 1886 1037 sagacitatis
1926 968 2107 1025 laudis

508 1078 621 1115 non
639 1077 855 1132 expers,
873 1069 1240 1132 cognomento
1255 1059 1563 1132 Ooryphas,
1582 1060 2103 1130 imperatorisjussu

516 1156 823 1211 exercitum
853 1155 1019 1225 cogit,
1042 1153 1551 1224 Quadragenarium
1581 1160 1713 1206 tunc
1742 1152 2104 1221 appellatum,

516 1249 664 1317 quod
683 1248 1042 1317 quadraginta
1066 1246 1218 1301 aurei
1241 1246 1295 1299 in
1319 1244 1563 1315 singulos
1590 1244 1871 1299 distributi
1894 1252 2104 1300 essent.

522 1341 575 1396 Is
606 1341 744 1395 alias
773 1356 991 1410 quoque
1024 1337 1255 1403 insulas,
1300 1351 1440 1407 quas
1497 1336 1577 1391 illi
1638 1336 1838 1407 exiguo
1872 1350 2105 1391 numero

521 1435 824 1503 paucisque
880 1431 1089 1485 colonis
1124 1430 1408 1493 tenebant,
1469 1430 1757 1495 invadens,
1789 1428 2104 1499 partimque

509 1523 705 1577 locatis
762 1521 978 1577 insidiis
1009 1521 1204 1589 partim
1242 1519 1433 1589 praelio
1496 1533 1853 1588 congressus,
1901 1519 2104 1587 Agare-

512 1626 615 1665 nos
662 1611 718 1664 in
776 1611 858 1666 eis
915 1610 1291 1665 internecione
1331 1609 1532 1664 delevit
1574 1622 1639 1664 ac
1660 1608 1903 1664 sustulit.
1948 1607 2103 1663 Hanc

505 1719 653 1768 vero,
712 1703 776 1757 de
824 1720 927 1773 qua
976 1702 1123 1755 nobis
1150 1718 1321 1756 sermo
1386 1710 1463 1755 est
1514 1700 1588 1773 (id
1623 1711 1705 1756 est
1747 1700 1988 1771 Cretam)
2032 1703 2102 1755 ad

508 1813 627 1859 nos,
678 1805 735 1848 ut
811 1796 1040 1860 videtur,
1096 1796 1182 1849 lue
1222 1798 1319 1848 hac
1375 1795 1703 1848 liberandam
1776 1796 2097 1851 transmisit.

2221 596 2321 667 μὲν
2349 595 2801 666 ἀποτεμνομένην
2830 594 2935 658 ἀεὶ,
2960 590 3363 647 ἀναϐάλλουσαν
3392 592 3448 646 δὲ
3481 591 3739 663 ἀλλαχοῦ.

2284 868 2397 936 κς⁹.
2439 869 2595 923 Μετὰ
2624 869 2681 923 δὲ
2723 864 2897 922 ταῦτα
2925 869 3066 942 ἀνήρ
3100 887 3185 934 τις
3224 873 3626 944 στρατιωτικῆς
3668 874 3795 927 πεί-

2215 978 2339 1033 ρας,
2395 963 2532 1033 πρὸς
2590 962 2648 1016 δὲ
2697 962 2792 1016 καὶ
2836 963 3153 1033 φρονήσεως
3214 964 3310 1017 καὶ
3360 965 3642 1036 ἀγχινοίας
3693 966 3794 1019 οὐκ

2211 1055 2462 1126 ἄμοιρος,
2508 1049 2571 1107 οὗ
2614 1054 2676 1107 τὸ
2727 1053 3015 1123 ἐπώνυμον
3058 1052 3350 1126 Ὠορύφας,
3405 1058 3635 1129 στρατόν
3673 1076 3794 1113 τινα

2208 1143 2471 1215 ἀθροίσας
2497 1145 2589 1198 τὸν
2616 1145 2715 1219 [Ρ.
2747 1144 2842 1218 51]
2869 1149 3402 1217 τεσσαρακοντάριον
3442 1150 3560 1204 τότε
3594 1153 3794 1206 καλού-

2211 1252 2372 1306 μενον
2395 1236 2681 1309 βασιλικῆς
2705 1238 2770 1290 ἐκ
2790 1238 3161 1309 προστάξεως,
3187 1241 3251 1292 ἐκ
3274 1240 3791 1315 τοῦδιανεμηθῆναι

2207 1328 2394 1391 αὐτοῖς
2439 1328 2545 1382 ἀνά
2590 1330 3003 1399 τεσσαράκοντα
3053 1331 3347 1403 χρυσίνων,
3378 1334 3480 1397 τάς
3532 1352 3592 1387 τε
3624 1336 3794 1400 ἄλλας

2205 1421 2437 1491 νήσους,
2491 1415 2582 1484 αἷς
2624 1421 2884 1489 ὀλίγιστοι
2932 1422 3211 1494 ἐφέροντο,
3268 1425 3644 1496 κατατρέχων,
3697 1430 3794 1482 καὶ

2204 1513 2316 1575 τοῖς
2352 1511 2451 1581 μὲν
2497 1512 2688 1583 λόχους
2712 1514 2955 1581 ἐπάγων,
2985 1518 3099 1578 τοῖς
3133 1515 3189 1568 δὲ
3218 1515 3314 1570 καὶ
3342 1519 3591 1589 φανερῶς
3634 1521 3796 1573 πολι-

2208 1604 2346 1674 μῶν,
2373 1605 2570 1672 ὲξωλόθ
2582 1607 2740 1676 ρευσέ
2769 1624 2828 1660 τε
2855 1609 2951 1661 καὶ
2980 1609 3229 1681 ἀπωλείᾳ
3259 1611 3581 1683 παρέδωκεν
3599 1630 3612 1643 °
3649 1616 3795 1669 Ταύ-

2203 1712 2317 1762 την
2335 1697 2381 1728 ”
2409 1696 2499 1762 δὲ,
2527 1699 2607 1764 ὡς
2630 1699 2848 1766 ἔοικεν,
2873 1701 3270 1772 παρέπεμψεν
3289 1707 3375 1771 είς
3401 1705 3578 1775 ἡμᾶς.
3618 1707 3796 1762 Ἀλλὰ

2202 1788 2275 1841 τὰ
2302 1786 2421 1857 μὲν
2440 1789 2572 1857 περὶ
2601 1788 2795 1858 αὐτῆς
2827 1790 2950 1857 Θεῷ
2978 1791 3222 1861 πάντως
3235 1795 3515 1864 μελήσει,
3531 1796 3796 1867 μελήσει

513 1886 650 1952 Qua:
695 1904 855 1957 porro
892 1887 1044 1940 illum
1081 1897 1341 1954 spectant,
1392 1889 1606 1941 omnino
1663 1885 1874 1939 curabit
1920 1888 2100 1940 Deus:

2205 1877 2273 1931 δὲ
2304 1879 2405 1933 καὶ
2452 1880 2598 1948 ἡμῖν
2647 1882 2773 1949 τοῖς
2805 1883 3035 1952 νύκτωρ
3082 1885 3181 1939 καὶ
3228 1888 3357 1957 μεθ’
3413 1864 3641 1959 ἡμέραν

513 1982 607 2034 sed
636 1992 685 2034 et
714 1981 862 2034 nobis
884 1996 1026 2035 cura:
1049 1983 1170 2043 erit,
1201 1997 1426 2051 quorum
1455 1981 1663 2034 animos
1687 1980 1804 2048 eius
1826 1981 2104 2033 vindican-

507 2068 595 2123 da:
615 2069 916 2123 sollicitudo
940 2070 1033 2122 diu
1064 2081 1326 2141 noctuque
1358 2071 1569 2125 divexat
1606 2088 1668 2125 ac
1692 2071 1925 2140 conﬁcit.

582 2162 668 2216 27.
709 2162 913 2217 Eodem
949 2172 1194 2233 tempore
1240 2163 1583 2234 Euphemius
1613 2166 1839 2234 quidam
1874 2167 1927 2219 in
1965 2163 2106 2220 Sici-

512 2254 586 2309 lia
610 2254 867 2311 tribunus
917 2257 1147 2326 virginis
1174 2257 1463 2327 cujusdam
1495 2258 1548 2312 in
1574 2258 1829 2315 coenobio
1872 2259 2105 2329 agentis,

513 2345 764 2413 olimque
812 2346 867 2399 in
895 2358 963 2400 eo
995 2357 1258 2414 suscepto
1284 2347 1557 2416 religiosae
1609 2348 1975 2403 institutionis
2006 2350 2107 2402 ha-

514 2434 634 2489 bitu
674 2437 960 2501 merentis,
990 2451 1181 2491 amore
1202 2437 1521 2507 corripitur,
1551 2438 1940 2508 explendaeque
1974 2428 2104 2494 libi-5

517 2529 666 2586 dinis
726 2531 929 2600 ingenti
982 2532 1261 2587 desiderio
1317 2533 1588 2601 capulatis
1629 2549 1751 2588 cum
1806 2549 1868 2589 ea
1897 2535 2103 2605 nuptiis

516 2623 861 2678 accenditur.
888 2624 1046 2690 Quod
1074 2639 1205 2679 vero
1225 2626 1534 2695 exemplum
1568 2625 1713 2680 haud
1746 2627 1934 2695 procul
1963 2638 2103 2693 erat,

511 2730 628 2768 rem
655 2714 931 2783 ejusmodi
988 2715 1132 2771 nihil
1164 2727 1357 2773 vetans
1409 2727 1504 2772 aut
1558 2719 1629 2773 ab
1682 2734 1749 2774 eo
1796 2719 2102 2785 deterrens,

509 2807 629 2874 ipse
658 2807 769 2876 82
803 2807 1063 2862 nimirum
1100 2807 1334 2864 Michael
1363 2808 1513 2881 (nam
1548 2819 1604 2865 et
1637 2810 1749 2877 ille,
1785 2812 1864 2866 uti
1893 2812 2101 2868 dictum

511 2908 619 2962 est,
650 2899 835 2954 simile
858 2899 1074 2955 facinus
1098 2916 1271 2971 nuper
1324 2904 1716 2972 perpetrarat),
1775 2904 2041 2974 virginem
2071 2920 2103 2961 ο

512 2992 848 3047 monasterio
898 3003 1112 3064 raptam
1152 2995 1382 3050 invitam
1424 2996 1501 3051 ad’
1542 3012 1603 3053 se
1658 2998 1939 3054 subducit.
1991 2998 2102 3054 Ad-

511 3091 647 3138 eunt
674 3084 861 3154 itaque
887 3084 1210 3143 Michaelem
1245 3088 1473 3160 virginis
1492 3089 1759 3159 germani,
1779 3100 2104 3163 gestumque

514 3175 696 3231 scelus
722 3178 1096 3247 expostulant.
1156 3178 1298 3235 Tum
1336 3181 1639 3251 imperator
1700 3181 1908 3239 Siciliae
1958 3200 2098 3254 prta-
2124 3205 2169 3267 ρ

511 3268 620 3321 tori
670 3270 922 3337 mandat,
956 3273 1220 3342 siquidem
1250 3290 1431 3327 verum
1460 3292 1548 3330 eos
1600 3278 1800 3331 crimen
1840 3278 2100 3333 detulisse

505 3361 847 3429 compererit,
885 3360 1013 3432 legis
1066 3365 1123 3417 in
1171 3380 1291 3418 eum
1337 3367 1511 3435 rigore
1566 3365 1859 3434 Euphemio
1910 3386 2098 3424 nasum

512 3451 816 3507 abscindat.
850 3452 1189 3522 Euphemius
1222 3471 1352 3511 vero
1381 3458 1472 3513 ubi
1500 3459 1744 3523 rescivit,
1800 3475 2098 3533 secumque

507 3542 634 3613 jure
670 3547 939 3615 agendum
965 3558 1226 3617 reputans
1250 3566 1316 3605 ac
1345 3551 1695 3619 imperatoris
1749 3554 1884 3609 iram
1920 3556 2096 3610 refor-

516 3638 756 3706 midans,
783 3641 976 3697 ascitis
994 3642 1050 3697 in
1074 3643 1509 3712 coniurationem
1530 3654 1643 3701 tum
1665 3646 1713 3701 ei
1739 3648 2094 3707 militantium

509 3746 677 3786 manu
699 3728 813 3788 tum
846 3737 1129 3791 nonnullis
1156 3738 1280 3794 aliis
1312 3739 1566 3804 tribunis,
1592 3749 1879 3810 praetorem
1905 3745 1960 3797 in
1994 3745 2100 3800 hoc

515 3824 827 3879 venientem
859 3837 917 3881 ut
940 3842 1135 3897 pinnas
1169 3829 1237 3882 ab
1272 3844 1338 3883 eo
1364 3841 1698 3899 reposceret,
1721 3833 1846 3903 luga
1872 3833 2095 3899 delusit,

508 3918 671 3980 atque
694 3912 763 3967 ad
792 3913 995 3970 Africae
1028 3931 1477 3971 ameramnunem
1516 3917 1783 3991 confugit,
1818 3922 2097 3991 pollicitus

511 4015 732 4056 omnem
763 4019 824 4059 se
847 4004 925 4059 illi
956 4005 1201 4061 Siciliam
1247 4008 1625 4077 subiecturum
1659 4026 1722 4066 ac
1755 4014 1963 4081 grande
1995 4016 2098 4069 tri-

514 4092 710 4148 butum
744 4097 1079 4165 soluturum,
1113 4100 1157 4154 si
1189 4102 1353 4156 modo
1385 4102 1431 4157 is
1467 4103 1516 4157 ei
1551 4103 1863 4174 imperiales
1889 4106 2096 4165 infulas
2124 4118 2127 4121 ‘

509 4201 817 4258 nomenque
847 4190 1085 4245 deferret
1114 4194 1516 4266 nonnullasque
1573 4198 1764 4266 copias
1799 4199 1930 4254 belli
1957 4203 2093 4257 sub-

509 4276 652 4332 sidio
707 4280 1178 4338 subministraret.
1244 4284 1401 4341 Facit
1458 4287 1570 4353 ille,
1613 4304 1677 4344 ac
1720 4290 2094 4349 Romanorum

509 4367 714 4437 impera
723 4382 892 4428 torem
914 4375 1182 4430 acclamat
1198 4393 1212 4442 ;
1227 4393 1633 4450 numerosoque
1643 4382 1925 4453 assignato
1940 4398 2100 4439 exer-

507 4457 622 4513 citu
654 4460 801 4516 illius
828 4462 1001 4531 ipsius
1017 4480 1185 4535 opera
1216 4464 1418 4522 Sicilia;
1443 4484 1670 4540 compos
1692 4472 1957 4539 elIicitur;
1995 4490 2095 4530 nec

2201 1971 2415 2042 ψυχὴν
2446 1973 2804 2029 δαπανῶσιν
2833 1976 2986 2045 ὑπὲρ
3014 1977 3225 2046 αὐτῆς.

2277 2150 2381 2218 κζ’.
2419 2155 2578 2209 Κατὰ
2600 2155 2657 2209 δὲ
2685 2155 2776 2213 τὸν
2800 2157 2963 2213 αὐτὸν
2993 2160 3186 2230 καιρὸν
3217 2160 3509 2233 Εὐφήμιός
3536 2181 3621 2229 τις
3650 2164 3796 2219 κατά

2200 2247 2302 2315 τὴν
2349 2247 2600 2301 Σικελίαν
2670 2251 3033 2322 τουρμάρχης
3095 2252 3265 2305 τελῶν
3314 2255 3591 2326 παρθένου
3648 2255 3796 2321 τινος

2205 2340 2318 2409 ἤρα
2362 2341 2721 2412 ἀσκητηρίοις
2777 2343 3206 2414 ἐνδιαιτωμένης
3253 2346 3348 2399 καὶ
3397 2346 3460 2400 τὸ
3502 2348 3796 2419 μοναχικδν

2203 2431 2439 2484 ἔκπαλαι
2463 2434 2847 2505 ἀναλαϐούσης
2871 2436 3075 2505 σχῆμα,
3103 2438 3198 2490 καὶ
3223 2437 3310 2491 διὰ
3335 2438 3531 2492 πολλοῦ
3554 2442 3797 2494 ἐποιεῖτο

2203 2526 2296 2578 τὸν
2329 2524 2495 2577 αὑτοῦ
2525 2525 2706 2596 ἔρωτα
2732 2527 3112 2598 ἐκπληρῶσαι,
3154 2530 3255 2600 τὴν
3304 2530 3578 2601 παρθένον
3610 2532 3796 2587 λαϐὼν

2205 2634 2324 2681 πως
2356 2620 2438 2681 είς
2480 2620 2749 2689 γαμετήν.
2806 2620 2960 2673 Ἐπεὶ
2993 2622 3124 2688 γοῦν
3180 2624 3534 2694 παράδειγμα
3564 2626 3623 2679 οὐ
3660 2626 3797 2698 πόρ-

2204 2709 2380 2780 ρωθεν
2414 2706 2561 2781 εἶχεν
2596 2712 2657 2764 οὐ
2702 2712 2914 2765 κωλῦον
2944 2714 3055 2767 οὐδ’
3104 2716 3437 2787 ἀποτρέπον,
3484 2716 3675 2770 τοῦτον
3727 2718 3796 2790 δὴ

2202 2800 2294 2855 τὸν
2316 2800 2538 2872 Μιχαὴλ
2567 2803 2690 2873 (καὶ
2715 2804 2847 2874 γὰρ,
2876 2805 2952 2869 ὡς
2974 2807 3209 2879 εἴρηται,
3237 2810 3331 2861 καὶ
3360 2810 3522 2873 αὐτὸς
3551 2809 3797 2864 τοιοῦτόν

2202 2910 2254 2946 τι
2282 2894 2585 2966 ἐτόλμησεν
2604 2898 2646 2964 ),
2688 2898 3008 2968 ἀφαρπάζει
3042 2901 3141 2972 τὴν
3188 2901 3456 2973 παρθένον
3490 2903 3584 2956 τοῦ
3620 2905 3797 2976 ἀσκη-

2200 2986 2393 3057 τηρίου
2428 2988 2523 3041 καὶ
2552 2989 2689 3059 πρὸς
2717 2991 2909 3044 ἑαυτὸν
2937 2990 3177 3045 ἄκουσαν
3211 2993 3549 3063 ὑπηγάγετο,
3573 2994 3797 3067 Ταύτης

2201 3078 2295 3133 οὖν
2315 3082 2363 3133 oi.
2390 3080 2614 3151 ἀδελφοὶ
2638 3081 2717 3153 τῷ
2746 3083 2966 3154 Μιχαὴλ
2993 3086 3281 3155 προσίασι,
3308 3087 3376 3140 τὰ
3401 3087 3495 3141 τοῦ
3516 3087 3795 3160 δράματος

2202 3170 2577 3242 διηγούμενοι.
2623 3174 2681 3228 '0
2711 3174 2767 3229 δὲ
2801 3175 3012 3229 κελεύει
3044 3177 3123 3248 τῷ
3150 3179 3462 3251 στρατηγῷ,
3505 3184 3575 3235 Ei
3605 3181 3794 3250 οὕτως

2201 3264 2472 3333 φωράσω
2514 3266 2790 3335 ἔχουσαν
2836 3270 2952 3338 τὴν
2994 3270 3305 3338 ἀλήθειαν,
3360 3274 3477 3342 τὴν
3503 3275 3648 3343 ῥῖνα
3684 3277 3792 3331 τοῦ

2202 3360 2643 3428 τετολμηκότος
2677 3363 2992 3432 Εὐφημίου
3014 3365 3338 3436 ἀποτεμεῖν
3376 3368 3526 3423 κατὰ
3548 3368 3662 3437 τὴν
3682 3372 3790 3426 τοῦ

2200 3450 2391 3518 νόμου
2430 3451 2753 3519 ἀκρίϐειαν.
2793 3455 2904 3507 Καὶ
2932 3458 2960 3509 ὸ
2992 3456 3279 3528 Εὐφὴμιος
3307 3460 3496 3530 μαθὼν
3524 3460 3587 3533 δὴ
3619 3462 3790 3517 ταῦτα

2204 3543 2299 3596 καὶ
2329 3541 2428 3614 τὴν
2458 3547 2541 3607 είς
2570 3546 2737 3598 αὐτὸν
2767 3548 2861 3601 τοῦ
2891 3549 3056 3620 νόμου
3101 3551 3335 3623 τήρησιν
3365 3555 3458 3607 καὶ
3501 3555 3598 3624 τὴν
3632 3554 3780 3626 βασι-

2201 3636 2361 3708 λικὴν
2390 3636 3008 3711 ἀπειλὴν,,συνωμότας
3056 3644 3239 3697 λαϐὼν
3292 3646 3516 3710 τούτους
3561 3663 3620 3699 τε
3661 3648 3788 3711 τοὺς

2202 3729 2307 3783 ὑπὸ
2330 3730 2429 3801 τὴν
2462 3730 2631 3786 αὑτοῦ
2662 3739 2825 3806 χεῖρα
2862 3735 2955 3789 καί
2986 3753 3139 3800 τινας
3162 3737 3270 3792 τῶν
3299 3736 3779 3807 συντουρμαρχῶν,

2199 3822 2292 3874 τὸν
2321 3827 2629 3895 στρατηγὸν
2653 3828 2747 3881 ἐπὶ
2777 3828 2952 3899 τούτῳ
2984 3828 3422 3898 παραγινόμενον
3453 3825 3782 3897 παρελαύνω

2200 3915 2434 3984 ἐκεῖθεν,
2475 3919 2572 3973 καὶ
2612 3921 2752 3992 πρὸς
2798 3922 2888 3974 τὸν
2928 3922 3192 3993 Ἀφρικῆς
3227 3918 3612 3991 ἀποδιδράσκει
3645 3918 3784 3989 ἀμε-

2202 4012 2502 4082 ραμνουνῆ,
2545 4013 2731 4068 πᾶσαν
2777 4016 2875 4087 τὴν
2906 4016 3159 4069 Σικελίαν
3196 4014 3289 4068 ὑπ’
3331 4014 3526 4084 ἐκείνῳ
3561 4011 3787 4083 ποιῆσαι

2200 4100 2685 4174 καθυποσχόμενος
2723 4106 2819 4159 καὶ
2849 4106 3051 4160 διδόναι
3083 4108 3285 4176 φόρους
3318 4106 3569 4171 πολλοὺς,
3610 4105 3659 4156 εί
3695 4102 3791 4172 μό-

2200 4210 2290 4248 νον
2320 4196 2681 4266 ἀναγορεύσει
2732 4198 2925 4252 τοῦτον
2977 4197 3202 4267 βασιλέα
3238 4196 3331 4246 καί
3357 4211 3481 4246 τινα
3510 4193 3788 4262 παράσχοι

2200 4284 2475 4356 βοήθειαν.
2546 4288 2896 4357 Ἀναγορεύει
2947 4284 3077 4353 γοῦν
3134 4282 3323 4336 τοῦτον
3373 4282 3601 4352 βασιλέα
3648 4284 3785 4335 Ῥω-

2204 4377 2401 4445 μαίων,
2455 4378 2549 4429 καὶ
2588 4380 2748 4448 χεῖρα
2777 4378 2962 4430 δίδωσι
2994 4374 3217 4445 πολλὴν,
3270 4376 3363 4428 καὶ
3407 4375 3504 4445 τῆς
3533 4374 3789 4440 Σικελίας

2200 4470 2477 4539 ἐγκρατὴς
2507 4468 2739 4537 γίνεται,
2781 4470 2915 4539 παρ’
2956 4467 3124 4521 αὑτοῦ
3155 4468 3346 4522 τούτου
3379 4468 3560 4523 λαϐὼν
3590 4470 3788 4541 αὐτὴν,

508 4553 660 4608 illius
692 4555 1058 4625 solummodo,
1090 4561 1183 4615 sed
1218 4571 1275 4617 et
1331 4562 1590 4629 aliorum.
1621 4566 1715 4636 qui
1778 4567 1881 4636 ipsi
1932 4570 2091 4637 adju-

2202 4561 2263 4613 οὐ
2294 4562 2484 4614 τούτου
2527 4562 2686 4632 μόνον
2717 4562 2853 4615 ἀλλὰ
2893 4562 2986 4615 καὶ
3018 4563 3221 4634 ἐτέρων
3271 4562 3588 4634 συνδρόμων
3636 4579 3789 4631 γενο-

507 4660 704 4702 verunt
745 4665 1014 4722 suamque
1066 4653 1274 4721 pariter
1304 4670 1525 4724 operam
1560 4657 1628 4711 ad
1668 4659 1909 4728 regionis
1941 4658 2091 4714 illius

506 4738 869 4796 defectionem
908 4746 1281 4802 contulerunt.
1340 4746 1469 4804 Haec
1505 4749 1811 4806 clarissime
1839 4749 2092 4805 uberius-

428 4896 433 4901 ,
503 4846 613 4901 que
662 4844 958 4892 exsecutus
1003 4835 1387 4910 Theognostus
1422 4842 1681 4897 historia
1729 4857 1894 4911 quam
1960 4851 2091 4897 tunc

501 4922 697 4992 edidit,
732 4928 990 4999 venitque
1044 4929 1100 4983 in
1137 4945 1331 4986 manus
1363 4942 1623 5000 nostras;
1680 4933 1726 4988 is
1758 4932 1969 4987 scilicet
1997 4931 2090 5002 qui

504 5014 573 5068 de
606 5016 996 5087 orthographia
1025 5019 1224 5073 librum
1253 5024 1581 5091 conscripsit
1621 5038 1688 5075 ex
1730 5036 1839 5090 qua
1880 5024 2086 5092 possit,

504 5106 720 5177 singula
756 5108 971 5176 plenius
997 5109 1209 5167 discere
1233 5111 1321 5167 cui
1370 5112 1615 5169 libuerit.
1666 5112 1937 5167 Caeterum
1980 5113 2092 5168 Eu-

508 5198 764 5265 phemius
786 5201 931 5256 haud
947 5202 1022 5256 ita
1049 5212 1171 5272 post
1186 5203 1514 5259 deiectionis
1537 5204 1848 5259 mercedem
1865 5222 2091 5276 sumque

505 5288 791 5357 prannium
819 5292 1188 5358 improbitatis
1232 5296 1411 5364 capite
1442 5310 1619 5351 caesus
1656 5295 1870 5366 recipit.
1916 5296 2091 5370 Regio

509 5396 749 5450 namque
793 5383 979 5439 habitu
1021 5401 1147 5441 cum
1175 5395 1232 5443 et
1268 5386 1575 5456 Syracusas
1628 5389 1910 5453 lustraret,
1972 5389 2093 5444 lon-

504 5472 743 5541 giusque
780 5488 809 5525 a
835 5474 1199 5541 stipatoribus
1228 5480 1369 5541 suis,
1410 5487 1677 5547 quantum
1711 5480 1822 5550 83
1867 5480 1981 5536 fere
2007 5489 2094 5536 est

500 5562 685 5630 jactus
711 5563 945 5634 sagittae,
974 5570 1279 5637 praevolans
1304 5571 1371 5626 ad
1407 5570 1599 5627 urbem
1633 5575 1982 5640 accessisset,
2008 5582 2087 5644 ty-

508 5656 778 5724 rannique
808 5672 874 5711 ac
909 5661 1058 5731 regio
1089 5661 1232 5719 fastu
1264 5664 1595 5736 alloqucnlo
1621 5666 1771 5723 cives
1805 5666 2091 5721 demulce-

2197 4648 2375 4716 μένων
2412 4649 2507 4701 ἐπὶ
2539 4651 2606 4719 τῇ
2649 4649 2912 4703 τοιούτων
2965 4652 3214 4723 ἀπωλείᾳ
3260 4651 3463 4707 τόπων.
3516 4651 3679 4720 Δηλοῖ
3729 4651 3786 4703 δὲ

2191 4738 2365 4792 ταῦτα
2393 4740 2708 4811 σαφέστατα
2736 4743 2828 4796 καὶ
2859 4742 3270 4816 πλατικὼτερον
3300 4747 3335 4816 ἡ
3361 4743 3480 4796 τότε
3510 4745 3785 4814 γραφεῖσα

2193 4828 2525 4901 Θεογνώστῳ
2553 4831 2631 4903 τῷ
2660 4833 2792 4904 περὶ
2826 4834 3200 4906 ὀρθογραφίας
3240 4834 3546 4904 γεγραφότι
3583 4834 3678 4886 καὶ
3704 4835 3786 4898 εἰς

2194 4923 2383 4992 χεῖρας
2413 4922 2645 4977 ἐλθοῦσα
2678 4927 2858 4995 ἡμῶν,
2895 4928 2961 4998 ἢν
2987 4929 3014 4979 ό
3047 4927 3372 4997 βουλόμενος
3402 4924 3785 4999 μεταχειριςόι

2198 5029 2355 5082 μενος
2383 5013 2453 5066 τὰ
2488 5014 2610 5069 καθ’
2640 5015 2873 5070 ἕκαστον
2904 5016 3417 5087 ἀναδιδαχθήσεται.
3452 5015 3601 5085 Πλὴν
3627 5017 3655 5067 ὁ
3685 5015 3785 5086 μὲν

2194 5106 2480 5178 Εὑφήμιος
2540 5098 2656 5179 μετ’
2706 5111 2768 5162 οὐ
2803 5111 2939 5163 πολὺ
2972 5108 3136 5163 ἆθλον
3165 5110 3267 5179 τῆς
3319 5109 3657 5171 ἀποστοσίας
3688 5110 3784 5162 καὶ

2195 5197 2291 5267 τῆς
2319 5198 2517 5252 ἑαυτοῦ
2541 5200 2775 5270 ἀνομίας
2810 5201 3083 5270 λαμϐάνει
3116 5200 3215 5272 τὴν
3236 5201 3335 5271 τῆς
3361 5199 3556 5253 ἑαυτοῦ
3587 5198 3786 5270 στέρη-

2196 5305 2281 5342 σιν
2312 5290 2580 5360 κεφαλῆς.
2632 5292 2828 5363 Σχῆμα
2861 5292 2968 5363 γὰρ
2998 5291 3139 5361 ἔχων
3187 5292 3464 5362 βασιλικὸν
3496 5291 3662 5362 ἀπῄει
3688 5290 3785 5344 καὶ

2195 5382 2339 5436 κατά
2366 5385 2464 5454 τὴν
2497 5385 2874 5454 Συράκουσαν,
2906 5386 3001 5437 καὶ
3031 5384 3096 5454 δὴ
3130 5383 3334 5439 ἄποθεν
3362 5384 3654 5454 γενόμενος
3683 5383 3783 5453 τῆς

2192 5476 2387 5529 ἑαυτοῦ
2445 5476 2654 5539 τάξεως
2705 5478 2800 5530 καὶ
2848 5478 2956 5529 τῶν
3003 5477 3319 5549 δορυφόρων
3366 5477 3443 5541 ὡς
3475 5478 3586 5530 ἀπὸ
3622 5476 3779 5540 τόξου

2193 5569 2353 5640 βολῆς
2376 5571 2596 5638 ἐγένετο
2624 5570 2770 5624 κατά
2799 5569 2899 5641 τὴν
2922 5570 3099 5635 πόλιν,
3133 5570 3339 5642 ὁμιλῶν
3373 5571 3556 5635 αὐτοῖς
3582 5585 3781 5640 τυραν-

2188 5663 2356 5727 νικῶς
2391 5664 2474 5735 ῙΡ.
2508 5662 2608 5736 52]
2641 5681 2700 5717 τε
2732 5665 2825 5718 καὶ
2857 5666 3175 5736 βασιλικῶς.
3212 5666 3415 5725 Τοῦτον
3437 5666 3527 5728 ὡς.
3544 5680 3800 5733 προσερ-.

1793 5759 2025 5815 ἾΑΒΙΑΞ
2066 5757 2474 5813 LECTIUNES.

580 5842 625 5873 "
662 5840 965 5915 ταύτηνι-
996 5846 1134 5920 ὑπὲρ
1160 5850 1355 5921 αὐτῆς]
1387 5853 1739 5912 Constantini
1766 5852 2100 5926 Porphyrogi

2206 5853 2277 5909 oti
2310 5852 2497 5921 verba,
2534 5863 2589 5908 ut
2623 5854 2857 5910 videtur.
2896 5854 3066 5911 Goaa.
