4200 6428
389 291 462 354 s1
1220 292 1367 352 LIB.
1404 288 1498 350 111
1568 315 1620 327 -
1650 256 2148 349 THEOPHI'LUS
2194 280 2622 369 MICHAELIS
2650 276 2931 340 FILIUS.
3650 272 3723 337 ss

421 411 641 485 χύμενον
677 404 948 477 ῑγνωσαν
976 405 1073 460 δύο
1100 406 1249 470 τινὲς
1294 404 1536 475 ἀδελφοὶ,
1567 403 1854 474 γενόμενοι
1886 400 2028 472 σύμ-
2058 432 2070 464 λ

2147 409 2235 465 ret,
2284 399 2365 453 sic
2406 382 2756 453 accedentem
2789 394 2899 449 duo
2937 388 3161 460 quidam
3202 386 3397 442 fratres
3422 386 3729 456 conspicati

434 501 702 561 πνοοικαὶ
746 500 960 555 ταυτὸν
1009 500 1386 571 φρονήσαντες
1415 497 1811 568 προσέρχονται
1857 495 2033 566 τούτῳ

442 594 751 669 ςξπναῶς.
798 593 906 664 τὴν
954 596 1343 663 προσήκουσαν
1394 590 1611 661 βασιλεῖ
1642 587 1810 659 τιμὴν
1840 588 2035 642 ἀπονέ-

442 707 653 764 μοντες.
696 685 791 751 Ὧς
836 686 882 739 δ’
918 685 1204 755 Εὑφήμιος
1234 686 1333 755 τήν
1365 701 1426 737 τε
1466 682 1595 754 παρ’
1621 681 1802 735 αὐτῶν
1832 681 2036 749 ἀναγό-

326 792 341 812 ⁹
439 800 626 857 ρευσιν
656 778 967 842 ἀσπαστῶς
998 778 1219 842 ἐδέξατο
1248 776 1345 830 καὶ
1378 775 1487 830 τῶν
1518 775 1694 829 ἄλλων
1729 775 2036 846 κατήκουεν

437 875 644 939 αὐτῶν,
684 870 1089 943 προσεκαλεῖτο
1119 869 1344 933 τούτους
1374 868 1713 939 φιλοφρόνως
1739 866 2038 922 ἀποδώσων

434 969 531 1025 τὸν
562 965 897 1037 ἀσπασμόν
946 964 1045 1018 καὶ
1088 963 1155 1035 δὴ
1195 960 1387 1026 κλίνας
1414 962 1515 1029 τὴν
1560 961 1805 1033 κεφαλὴν
1838 962 1934 1014 καὶ
1976 961 2038 1014 τὸ

437 1060 618 1130 στόμα
680 1054 1051 1128 προσερεξσας
1117 1054 1198 1124 τῷ
1257 1054 1491 1125 στόματι
1548 1056 1669 1117 ταῖς
1741 1053 1888 1125 θριξὶ
1938 1051 2038 1122 μὲν

436 1151 741 1222 κατέχεται
773 1146 1011 1219 ἰσχυρῶς
1060 1147 1199 1216 πρὸς
1251 1147 1440 1216 ἑτέρου
1475 1146 1585 1200 τῶν
1632 1144 1899 1215 ἀδελφῶν,
1934 1143 2040 1198 ὑπὸ

444 1244 503 1298 δὲ
548 1241 641 1295 τοῦ
690 1241 884 1312 ἑτέρου
932 1241 1253 1309 ἀφαιρεῖται
1284 1238 1385 1309 τὴν
1433 1238 1705 1309 κεφαλήν.
1741 1236 1852 1292 Kal.
1879 1238 1909 1291 ὁ
1939 1236 2039 1309 μὲν

453 1336 733 1405 Εὑφήμιος
762 1331 993 1402 τοιούτῳ
1020 1331 1167 1385 τέλει
1200 1330 1295 1383 τοῦ
1326 1330 1441 1401 βίου
1471 1331 1765 1403 ἐχρήσατο.

520 1426 626 1498 κη’.
660 1427 729 1480 Ol
760 1424 806 1479 δ’
840 1424 1136 1495 ’Δταρηνοὶ
1165 1424 1225 1476 ού
1249 1423 1350 1492 τῆς
1383 1422 1636 1486 Σικελίας
1669 1423 1830 1492 μόνον
1853 1421 2041 1475 ἔκτοτε

443 1517 583 1573 ἀλλά
643 1515 740 1569 καὶ
790 1512 1117 1585 Κώαὸρίας
1174 1514 1268 1566 καὶ
1319 1512 1737 1584 Δαγγοϐαρδίας
1794 1512 2042 1581 ἐγένοντο

442 1608 763 1681 ιτκρατεῖς,
807 1606 991 1661 πᾶσαν
1022 1606 1453 1675 κατατρέχοντες
1495 1604 1591 1658 ml.
1619 1601 2042 1676 διαπορθοῦντες

445 1704 545 1757 καὶ
573 1698 963 1771 ἐνσκηνοῦντες
988 1697 1118 1769 ἄχρι
1142 1700 1238 1768 τῆς
1268 1695 1549 1766 βασιλείας
1574 1695 1668 1749 τοῦ
1700 1698 1759 1750 ὲν
1794 1696 2043 1768 μακαρίᾳ

2134 494 2254 564 pari
2293 492 2454 549 ambo
2493 489 2903 559 conspiratione
2938 499 3159 554 unoque
3222 482 3454 537 consilio
3504 481 3731 551 paeitlce

2134 586 2363 649 adeunt,
2396 582 2742 638 convenienti
2766 595 2866 649 pro
2893 578 3176 647 majestate
3209 574 3416 631 honore
3442 589 3569 628 eum
3600 587 3730 642 pro-

2134 680 2450 743 sequentes.
2497 669 2836 739 Euphemius
2873 662 3071 721 eorum'
3113 665 3302 719 lubens
3339 664 3729 718 salutationem

2136 765 2399 827 admittit,
2429 778 2608 832 exque
2634 762 2759 816 aliis
2783 760 3007 815 eosdem
3040 758 3229 812 titulos
3256 758 3427 811 audit.
3469 756 3610 810 Tum
3637 754 3725 808 vi-

2136 875 2230 915 ros
2266 859 2332 913 ad
2367 873 2426 913 se
2457 857 2686 912 comiter
2709 864 2891 917 vocat,
2930 854 3051 923 ipse
3083 853 3323 907 vicissim
3366 851 3573 906 salutes
3602 847 3731 904 red-

2140 953 2379 1008 diturus.
2408 949 2551 1022 Ergo
2575 966 2699 1003 cum
2727 958 2893 1018 caput
2936 947 3209 1003 inclinans
3239 946 3465 1000 alterius
3500 944 3732 998 fratrum

2139 1046 2221 1102 ori
2284 1045 2538 1100 osculum
2608 1042 2818 1114 ﬁgeret,
2858 1042 3106 1096 crinibus
3169 1039 3259 1095 ille
3319 1039 3727 1108 apprehensum

2138 1140 2319 1194 valide
2357 1147 2526 1203 tenet,
2549 1136 2689 1192 alter
2726 1137 2796 1190 ab
2826 1134 3072 1190 humeris
3112 1141 3275 1203 caput
3328 1137 3603 1201 amputat.
3649 1132 3733 1184 Ac

2140 1230 2363 1303 quidem
2388 1228 2727 1300 Euphemius
2748 1229 2841 1283 tali
2875 1226 3068 1283 mortis
3111 1240 3311 1296 genere
3339 1223 3468 1279 fatis
3504 1235 3736 1278 conces-

2142 1324 2236 1380 sit.

2210 1416 2301 1472 28.
2354 1414 2526 1470 Porro
2578 1410 2835 1468 Saraceni
2879 1425 2946 1465 ex
2989 1423 3057 1463 eo
3096 1416 3340 1478 tempore
3389 1420 3498 1461 non
3548 1405 3736 1460 Sicilia

2143 1510 2321 1565 solum
2351 1508 2445 1563 sed
2478 1515 2532 1561 et
2577 1504 2835 1560 Calabria
2869 1512 2922 1558 et
2965 1499 3347 1570 Longobardia
3380 1497 3536 1567 potiti
3579 1507 3736 1561 sunt,

2143 1615 2361 1655 omnem
2397 1614 2517 1653 eam
2555 1597 2834 1667 regionem
2877 1593 3228 1648 incursantes
3272 1604 3340 1645 ac
3386 1589 3735 1659 populantes,

2144 1691 2213 1747 ad
2254 1704 2430 1760 usque
2462 1699 2706 1758 tempora
2752 1686 2930 1741 felicis
2968 1680 3367 1739 recordationis
3408 1679 3595 1733 Basilii
3630 1678 3735 1731 im-

445 1797 515 1866 τῇ
565 1795 721 1864 λήξει
758 1790 1042 1845 Βασιλείου
1074 1790 1170 1843 τοῦ
1211 1789 1497 1860 βασιλέως.
1544 1788 1707 1843 Ἀλλὰ
1733 1789 1907 1844 ταῦτα
1945 1789 2042 1860 μὲν

2147 1783 2414 1854 peratoris
2468 1781 2579 1835 illic
2630 1780 2949 1842 constitutis
2991 1777 3237 1833 sedibus.
3282 1776 3409 1831 Haec
3452 1773 3737 1828 enimvero

444 1885 482 1955 ἡ
537 1882 751 1937 ἐκείνου
800 1877 1036 1949 δηλώσει
1081 1878 1327 1947 ἱστορίαο
1377 1880 1406 1932 ὁ
1460 1878 1519 1932 δὲ
1584 1877 1805 1950 Μιχαὴλ
1863 1878 2038 1949 μῆνας

447 1972 601 2026 ὀκτὼ
649 1972 746 2025 καὶ
789 1970 883 2041 ἐτη
940 1970 1039 2040 τῆς
1090 1967 1368 2039 βασιλείας
1416 1967 1710 2039 γενόμενος
1767 1968 2044 2040 ὲῩκρατὴς

458 2064 621 2120 ὶννὲα
671 2065 761 2117 τὸν
789 2063 896 2133 βίον
955 2063 1247 2126 κατέλυσε,
1300 2061 1378 2133 τῷ
1422 2061 1718 2133 δυσουρίας
1769 2063 2044 2132 νοσήματι

458 2159 647 2224 ἁλοὺς.
682 2159 888 2239 ἐκτῶν
932 2156 1152 2228 νεφρῶν
1210 2156 1481 2228 λαϐούσης
1529 2155 1630 2227 τὴν
1664 2156 1866 2227 ἀρχὴν,
1904 2156 2043 2226 μήτε

450 2253 557 2322 τὴν
585 2252 725 2323 πρὸς
754 2250 882 2305 Θεὸν
911 2249 1229 2315 καταλύσας
1256 2250 1601 2321 δυσμένειαν,
1633 2245 1712 2313 οἷς
1745 2249 1846 2303 οὐκ
1876 2247 2036 2320 ἡθελε

446 2344 548 2415 τὴν
597 2343 794 2398 ἑαυτοῦ
847 2344 1063 2415 μορφὴν
1114 2342 1182 2396 δι’
1222 2344 1372 2414 ἡμᾶς
1421 2342 1825 2411 ἀναλαϐόμενον
1858 2341 2039 2412 σάρκα

446 2440 803 2508 προσκυνεῖν,
874 2436 1078 2507 μᾶλλον
1144 2435 1202 2488 δὲ
1258 2434 1354 2489 καὶ
1414 2434 1542 2498 τοὺς
1598 2432 2045 2502 προσκυνοῦντας

450 2528 729 2600 καθαιρῶν
758 2528 1027 2583 Μεθόδιόν
1059 2544 1122 2582 τε
1160 2526 1254 2581 καὶ
1282 2526 1581 2597 Εὑθύμιον,
1615 2526 1747 2598 περὶ
1778 2520 1854 2580 ὧν
1885 2525 2044 2596 είρήο

459 2636 658 2692 καμεν,
688 2624 779 2676 καὶ
808 2621 905 2675 τὸν
935 2621 1045 2675 τῶν
1091 2620 1413 2691 Ἀγαρηνῶν
1443 2618 1763 2689 ἐπαυξῆσας
1800 2616 2043 2671 ἀκατάλ-

454 2721 656 2775 λακτον
688 2716 946 2787 πόλεμον,
990 2714 1061 2767 τά
1104 2730 1165 2768 τε
1194 2714 1337 2767 κατά
1379 2712 1581 2780 Θωμᾶν
1616 2711 1713 2765 καὶ⁸
1756 2709 1866 2762 τῶν
1892 2709 2047 2779 Κρη-

445 2812 667 2877 ταιέων,
701 2809 844 2865 ἀλλὰ
876 2806 984 2880 μὴν
1014 2806 1111 2861 καὶ
1143 2806 1252 2859 τῶν
1302 2802 1613 2875 εἰρημένων
1653 2801 1931 2871 Ἀφρίκων
1956 2799 2044 2852 διὰ

448 2901 551 2970 τὴν
584 2897 778 2953 ἑαυτοῦ
809 2897 1012 2952 κακίαν
1060 2894 1484 2957 ἀποστείλαντος
1538 2890 1633 2946 τοῦ
1678 2890 1836 2946 Θεοῦ.
1885 2888 2046 2942 Ἀλλά

450 2998 548 3052 καὶ
597 2996 750 3047 πᾶσα
796 2992 836 3061 ἠ
892 2990 1180 3061 Δαλματία
1210 2988 1310 3058 τῆς
1337 2987 1446 3039 τῶν
1508 2985 1798 3055 Ῥωμαίων
1833 2985 2047 3055 ἀπέστη

2147 1876 2295 1931 illius
2322 1872 2627 1931 declarabit
2651 1872 2907 1927 historia.
2930 1870 3160 1926 Michael
3189 1877 3370 1924 autem
3402 1883 3527 1923 eum
3557 1879 3736 1921 annos

2147 1985 2342 2024 novem
2389 1981 2630 2023 'mcnses
2684 1974 2810 2021 octo
2860 1965 3149 2035 imperium
3218 1962 3503 2025 tenuisset,
3562 1960 3739 2015 urinae

2145 2060 2462 2116 diliicultate
2505 2071 2571 2110 ex
2611 2072 2802 2111 renum
2845 2056 3103 2126 passione
3135 2061 3254 2107 orta
3299 2052 3604 2107 exstinctus
3627 2058 3734 2113 est,

2146 2168 2271 2207 cum
2318 2166 2421 2206 nec
2463 2148 2900 2206 infensissimum
2934 2148 2987 2200 in
3021 2141 3190 2217 Deum
3225 2143 3410 2197 odium
3460 2140 3740 2212 posuisset

2147 2245 2167 2315 (
2194 2260 2257 2300 ea
2279 2244 2487 2300 scilicet
2512 2241 2904 2311 ratione,quod
2927 2239 3048 2309 ejus
3078 2236 3171 2307 qui
3203 2250 3301 2306 pro
3324 2234 3484 2289 nobis
3512 2247 3735 2289 carnem

2146 2336 2448 2407 assumpsit
2499 2333 2733 2405 eﬂigiem
2802 2333 3031 2386 adorare
3084 2330 3252 2383 nollet
3298 2346 3313 2395 ;
3358 2328 3490 2397 quin
3551 2325 3738 2394 potius

2149 2430 2294 2484 illius
2310 2428 2550 2484 cultores
2565 2426 2867 2487 abdicaret,
2886 2423 3221 2478 Methodium
3241 2419 3735 2491 Euphemiumque,

2147 2521 2214 2578 de
2243 2520 2445 2591 quibus
2481 2520 2536 2573 iu
2562 2518 2943 2588 superioribus
2965 2531 3146 2571 sermo
3178 2515 3397 2568 habitus
3431 2513 3559 2581 est),
3594 2513 3740 2580 Aga-

2146 2628 2403 2669 renorum
2446 2626 2666 2683 quoque
2705 2609 3054 2680 implacabile
3086 2608 3287 2663 bellum
3330 2606 3577 2661 auxisset
3616 2621 3632 2671 ;
3674 2618 3740 2658 ac

2150 2706 2295 2764 Deus
2334 2707 2405 2761 ob
2443 2706 2564 2776 ejus
2608 2705 2907 2773 nequitiam
2945 2711 3001 2757 et
3031 2700 3256 2756 Thomas
3304 2699 3651 2754 rebellionem
3685 2704 3740 2752 et

2147 2798 2489 2853 Cretensium
2520 2806 2684 2865 atque
2710 2795 2822 2867 84
2849 2794 3231 2849 Africanorum
3261 2833 3274 2856 ,
3308 2793 3375 2846 de
3408 2790 3606 2860 quibus
3624 2790 3739 2857 jam

2148 2891 2354 2947 dictum
2385 2899 2490 2956 est,
2522 2888 2923 2943 Saracenorum
2954 2885 3157 2940 bellum
3186 2882 3530 2938 immisisset.
3561 2879 3666 2935 Sed
3688 2887 3742 2932 et

2149 2985 2330 3037 omnis
2374 2980 2645 3036 Dalmatia
2685 2978 2788 3033 sub
2820 2978 2875 3032 id
2918 2987 3135 3043 tempus
3169 2990 3200 3029 a
3227 2973 3480 3029 Romano
3512 2972 3741 3037 imperio

450 3088 573 3142 τότε
604 3084 909 3156 βασιλείας,
936 3083 1031 3137 καὶ
1064 3080 1352 3150 γεγόνασιν
1378 3078 1617 3141 ἅπαντες
1656 3077 1957 3147 ίδιὸρυομοί
1987 3094 2047 3130 τε

2151 3073 2369 3137 defecit,
2393 3073 2587 3143 suique
2610 3085 2801 3126 omnes
2818 3069 2960 3138 juris
2982 3082 3046 3121 ac
3070 3066 3171 3121 sibi
3190 3065 3367 3135 capita
3389 3062 3739 3127 exstiterunt,

449 3180 547 3235 καὶ
575 3145 944 3245 αύτοκὲφαλοι
983 3145 1153 3244 pix-pi.
1187 3174 1285 3243 τῆς
1317 3171 1411 3225 τοῦ
1456 3169 1734 3223 Βασιλείου
1761 3145 2052 3222 τοῦίάοιδί-

2155 3167 2515 3239 quoadusque
2551 3164 2787 3235 inclytus
2819 3162 2907 3216 ille
2938 3160 3172 3214 Basilius
3221 3156 3508 3225 imperium
3545 3168 3740 3225 regen-

458 3287 558 3340 μου
617 3266 933 3339 βασιλείαςο
988 3264 1110 3317 τότε
1163 3262 1272 3332 γὰρ
1330 3259 1494 3315 πάλιν
1548 3252 1696 3313 οὗτοι
1757 3258 2052 3328 Ῥωμαίοις

456 3359 946 3429 καθυπετάγησαν.
1002 3353 1343 3424 Πεπλήρωτο
1401 3351 1459 3406 δὲ
1496 3352 1593 3405 καὶ
1664 3352 1693 3404 ὁ
1746 3350 1834 3404 ἐπ’
1901 3349 2053 3421 αὐτῷ

458 3453 727 3525 χρησμὸς,
760 3449 941 3517 λέγων
974 3446 1118 3501 οὕτω
1141 3464 1156 3478 ·

538 3542 721 3613 Ἀρχὴ
743 3541 965 3613 κακῶν*
984 3555 1053 3609 τε
1085 3535 1517 3613 ίτροᾳπεσεζται
1547 3532 1623 3613 τῇ
1646 3531 1842 3613 χθονὶ,

523 3606 718 3669 Ὀὶᾶκ
746 3606 1017 3679 κατάρξῄ
1045 3609 1155 3676 τῆς
1186 3606 1543 3679 Βαϐυλῶνος
1576 3606 1817 3679 δράκων

526 3674 939 3753 Δύστλωσσοὶ-
965 3674 1160 3749 ἇρὃήν
1188 3679 1285 3732 καὶ
1315 3678 1692 3745 φιλόχρυσος
1720 3674 1883 3727 λίαν.

468 3776 663 3846 Ἐτέθη
695 3776 753 3829 δὲ
798 3776 828 3828 ὁ
872 3773 1071 3827 τούτου
1106 3772 1300 3842 νεκρὸς
1334 3772 1392 3823 ὲν
1431 3767 1510 3838 τῷ
1555 3766 1669 3837 ναῷ
1706 3765 1817 3819 τῶν
1855 3763 2056 3833 Ἀγίων

470 3870 834 3937 Ἀποστόλων,
878 3872 940 3922 ὲν
969 3868 1054 3940 τῷ
1082 3866 1250 3940 ἡρώῳ
1289 3861 1701 3929 Ἰουστινιανοῦ,
1732 3863 1789 3915 ὲν
1821 3860 2056 3933 λάρνακι

474 3962 722 4031 πρασὶνῳ
742 3960 1062 4032 Θετταλικῇ.

2150 3258 2280 3313 dum
2310 3256 2550 3324 suscepit
2579 3271 2593 3306 :
2627 3263 2761 3308 tunc
2782 3252 2931 3308 enim
2960 3249 3221 3304 Romanae
3253 3245 3380 3303 facti
3408 3253 3540 3301 sunt
3570 3243 3743 3299 ditio-

2150 3352 2257 3405 nis.
2290 3348 2581 3419 lmpletum
2620 3360 2751 3403 vero
2781 3355 2863 3401 est
2899 3343 3047 3414 quod
3086 3343 3154 3397 de
3181 3340 3277 3395 illo
3304 3337 3585 3394 ferebatur
3614 3349 3745 3392 ora-

2150 3441 2362 3508 culum,
2392 3441 2445 3494 in
2476 3441 2619 3494 hanc
2649 3437 3000 3494 sententiam.

2291 3531 2405 3585 Hoc
2435 3530 2649 3583 initium
2679 3528 2941 3581 malorum
2979 3525 3161 3579 telluri
3196 3525 3422 3589 accidet,

2300 3600 2493 3654 Rerum
2523 3603 2759 3667 potietur
2786 3615 2905 3650 cum
2934 3596 3259 3665 Babylonius
3307 3595 3492 3667 draco,

2298 3666 2826 3740 Lingme'imperitw,
2863 3677 2912 3721 et
2940 3670 3062 3721 auri
3096 3666 3543 3735 cupientissimus.

2155 3764 2387 3818 cadaver
2408 3764 2530 3831 ejus
2556 3763 2859 3831 repositum
2879 3763 2933 3816 in
2950 3759 3251 3817 Iustiniani
3276 3764 3652 3819 monumento,
3672 3754 3744 3810 ad

2153 3855 2326 3909 aedem
2354 3854 2744 3924 Apostolorum
2771 3854 2827 3909 in
2849 3868 2976 3908 arca
3007 3869 3072 3909 ex
3104 3865 3380 3906 marmore
3397 3846 3747 3905 viridiThes-

2154 3950 2347 4004 salieo.

477 4122 3718 4162 MM

1837 4274 2203 4364 ΛΟΓΟΣ
2238 4265 2359 4360 I".

1290 4450 1453 4503 ΠΕΡΙ
1482 4448 1619 4503 ΤΗΣ
1650 4448 2012 4503 ΒΑΣΙΛΕΙΑΣ
2035 4444 2394 4515 ⁵ΘΕΟΦΙΛΟΥ
2424 4441 2591 4497 ΥΙΟΥ
2631 4436 2930 4496 ΜΙΧΔΗΛ.

1786 4750 2148 4839 LIBER
2217 4749 2416 4840 ΙΙΙ.

1420 4920 1791 4979 τιιιῖοιηιιιι
1828 4919 2201 4979 MICHAELIS
2237 4921 2393 4977 FlLlI
2439 4920 2807 4979 IMI’ERIUM.

521 5204 607 5278 [Ρ.
628 5202 726 5275 55]
750 5197 827 5257 α’.
844 5198 928 5254 Τὰ
948 5199 1049 5270 μὲν
1063 5198 1128 5269 δὴ
1149 5198 1463 5271 πραχθέντα
1485 5198 1707 5270 Μιχαὴλ
1722 5197 1801 5269 τῷ
1822 5200 2057 5273 Τραυλῷ

2236 5201 2289 5255 1.
2332 5198 2616 5255 Michaelis
2650 5196 2801 5253 Balbi
2833 5205 2982 5268 gesta
3030 5195 3187 5250 anuis
3234 5207 3430 5249 novem
3465 5190 3757 5250 mensibus

457 5294 856 5367 βασιλεύσαντι
873 5292 1034 5347 ὲννὲα
1059 5290 1241 5345 ἔτεσιν
1266 5291 1402 5361 πρὸς
1427 5292 1594 5361 μησὶν
1620 5289 1766 5345 ὀκτὼ
1787 5290 1935 5362 ὲντῷ
1956 5291 2064 5363 πρὸ

458 5388 649 5444 τούτου
676 5385 879 5459 βιϐλίῳ
899 5383 1204 5457 δεδήλωται
1224 5400 1238 5415 ο
1263 5384 1292 5438 ὁ
1318 5383 1375 5437 δὲ
1401 5383 1515 5446 υἱὸς
1540 5382 1711 5438 αύτοῦ
1732 5384 1837 5455 ήδη
1862 5384 2061 5453 Θεόφι-

459 5480 551 5543 λος
596 5480 797 5550 ἀνδρὸς
846 5476 991 5547 ἔχων
1032 5475 1251 5550 ἠλικίαν
1301 5475 1401 5547 τὴν
1448 5474 1725 5546 πατρικὴν
1758 5474 1935 5545 ἀρχὴν
1965 5471 2062 5528 καὶ

464 5568 747 5639 βασιλείαν
800 5570 946 5621 κατά
986 5567 1081 5621 τὸν
1126 5564 1458 5638 Ὀκτὼσριον
1525 5566 1672 5636 μῆνα
1719 5565 1821 5635 τῆς
1870 5564 2064 5635 ὀγδόης

466 5662 801 5725 ίνδικτιῶνος
831 5658 1132 5727 διεδέξατο,
1155 5660 1300 5730 λόγῳ
1329 5658 1428 5728 μὲν
1460 5651 1554 5711 οὖν
1582 5657 1683 5727 τῆς
1713 5656 2062 5728 δικαιοσύνης

464 5751 652 5826 ὥσπερ
684 5754 944 5827 ἔμπυρος
995 5752 1241 5824 ἐραστὴς
1292 5748 1577 5805 καλεῖσθαι
1611 5748 1932 5823 βουλόμενος
1965 5749 2063 5805 καὶ

2164 5302 2312 5359 octo,
2365 5293 2570 5365 quibus
2613 5306 2798 5347 rerum
2838 5291 3042 5360 potitus
3089 5294 3196 5350 est.
3240 5284 3513 5355 superiori
3544 5282 3686 5339 libro
3717 5301 3754 5339 ιι

2164 5387 2327 5444 nobis
2370 5386 2619 5458 exposita
2653 5395 2803 5440 sunt.
2842 5381 2974 5452 Ejus
3004 5389 3187 5436 autem
3219 5376 3365 5432 ﬁlius
3389 5374 3755 5447 TheOpbilus,

2162 5479 2375 5536 virilem
2417 5479 2530 5549 jam
2562 5485 2777 5533 :etatem
2811 5475 3118 5546 ingressus,
3142 5478 3434 5540 paternum
3462 5468 3756 5538 imperium

2164 5572 2411 5640 suscepit
2454 5584 2645 5625 mense
2678 5565 2924 5632 Octobri,
2962 5562 3266 5618 indictione
3292 5561 3348 5616 8.
3384 5558 3435 5614 ls
3461 5558 3755 5613 ferventis-

2161 5661 2365 5715 simum
2396 5659 2616 5729 quidem
2643 5656 2873 5727 justitiae
2902 5653 3142 5710 studium
3168 5668 3278 5723 prae
3300 5667 3359 5708 se
3382 5650 3493 5722 8'5
3518 5647 3756 5713 ferebat,

2157 5752 2454 5820 legumque
2466 5748 2708 5807 civilium
2733 5746 2959 5806 sedulus
2978 5750 3299 5802 observator
3324 5742 3495 5800 videri
3531 5739 3700 5798 voluit
3736 5756 3754 5795 :
