4200 6476
492 306 593 371 ίτνί

1579 312 2092 376 THEOPIIANES
2132 312 2697 374 CONTINUATUS.

3665 303 3768 371 104

488 427 690 497 saepius
728 425 904 497 rogati
936 425 1025 481 vix
1066 425 1282 481 tandem
1322 428 1737 498 respondissent
1768 432 1974 487 nullius
2020 448 2079 487 se

2190 429 2324 502 τρὶς,
2357 431 2482 483 ὅτου
2511 431 2575 494 δή
2608 447 2695 492 τις
2719 428 2833 497 ἔχοι
2878 428 3069 501 χρείαν
3102 426 3211 481 τῶν
3246 424 3545 494 ἐδωδίμων,
3613 420 3767 473 σίτου

487 534 647 588 egere
685 518 930 588 quandiu
981 518 1075 574 illo
1129 535 1313 573 rerum
1361 520 1584 576 domino
1630 538 1695 577 ac
1748 526 2078 593 imperatore

488 609 724 664 feliciter
756 609 1078 678 gauderent,
1112 625 1176 664 ac
1208 626 1265 664 se
1292 610 1510 680 penitus
1544 628 1655 682 quo
1685 622 1955 682 spectaret
1985 614 2077 669 illa

490 704 847 773 interrogatio
877 703 1096 759 nescire
1120 705 1477 762 addidissent.
1508 707 1577 759 At
1614 708 1847 771 nescitis,
1880 709 2075 778 inquit,

488 810 568 847 me
596 794 684 863 qui
711 793 808 846 Dei
839 803 970 847 nutu
1000 811 1063 847 ac
1093 795 1675 867 volunlaleimperator
1702 797 1977 860 exsistam,
2011 797 2077 850 ab

486 883 729 953 Angusta
756 901 816 936 ac
838 885 1057 954 conjuge
1080 887 1387 938 nauclerum
1405 886 1608 954 factum
1634 888 1784 940 esse?
1807 887 2081 956 Additque

490 978 940 1049 indignabundus
986 996 999 1031 :
1056 978 1202 1031 Num
1251 980 1368 1048 quis
1420 995 1652 1048 unquam
1707 981 2079 1048 imperatorem

489 1069 788 1124 Romanum
849 1070 1025 1139 ejusve
1078 1070 1356 1139 coniugem
1417 1080 1777 1124 mercaturam
1843 1087 2081 1126 exercere

489 1163 622 1216 vidit
646 1164 673 1215 7
712 1162 977 1231 Tuncque
1015 1163 1153 1217 adeo
1188 1178 1313 1217 cum
1349 1177 1510 1217 nemo
1546 1179 1874 1233 responsum
1903 1165 2080 1232 daret,

490 1255 728 1325 egressis
759 1256 1041 1309 duntaxat-
1058 1255 1189 1310 viris
1210 1256 1305 1325 qui
1337 1256 1388 1309 in
1422 1257 1548 1310 navi
1584 1266 1762 1321 erant,
1794 1274 1914 1312 eam
1950 1273 2082 1313 cnn-

491 1344 669 1399 festlin
710 1361 837 1400 cum
881 1346 1097 1400 ancoris
1130 1354 1183 1400 et
1213 1347 1368 1412 velis,
1396 1362 1461 1401 ac
1503 1348 1771 1417 quidquid
1815 1350 2081 1404 mercium

490 1448 630 1503 erat,
682 1438 793 1507 igni
846 1439 1150 1505 succendit,
1198 1442 1433 1495 multum
1495 1452 1683 1511 postea
1740 1443 2083 1512 vituperans,

492 1528 753 1599 nulloque
803 1545 911 1583 non
944 1532 1195 1586 convicio
1247 1532 1528 1587 dominam
1579 1549 1836 1598 onerans,
1891 1550 1955 1589 ac
2001 1535 2087 1589 vel

492 1637 681 1676 necem
724 1623 1009 1689 minitans,
1044 1625 1088 1679 si
1113 1640 1280 1694 porro
1312 1624 1580 1693 ejusmodi
1606 1627 1813 1695 aliquid
1842 1626 2087 1683 factitare

488 1728 731 1784 unquam
771 1715 1301 1786 deprehenderetur.

2181 523 2214 594 ἢ
2251 525 2394 576 οἴνου
2428 523 2461 592 ἦ
2495 538 2641 585 τινος
2667 521 2832 575 ἄλλου
2888 522 2998 575 τῶν
3050 520 3170 574 κατ’
3211 506 3357 572 οἷκον
3400 512 3769 583 ἀναλισκομέ-

2180 632 2308 669 νων.
2360 614 2448 679 Ὠς
2472 615 2528 667 δὲ
2554 615 2813 678 πολλάκις
2840 614 3209 685 ἐρωτηθέντες
3258 612 3411 683 μόλις
3456 608 3600 674 ἥπαξ
3630 609 3773 661 ἀπε-

2183 707 2452 778 κρίθησαν
2478 707 2754 774 Μηδενὸς
2795 707 3115 761 λείπεσθαι
3143 704 3321 774 μέχρι
3355 701 3467 770 τῆς
3513 700 3634 767 σῆς
3667 700 3772 753 εὑ-

2179 799 2507 868 μοιροῦμεν
2526 798 2887 862 δεσποτείας
2908 814 2973 850 τε
2990 797 3087 851 καὶ
3108 795 3456 861 βασιλείας,
3477 791 3573 846 καὶ
3596 808 3770 862 προσ-

2181 890 2444 944 τιθέντων
2460 889 2667 957 Μηδὲν
2684 889 2729 922 ⁸⁸
2743 889 2961 943 εἰδέναι
2980 888 3096 941 τῶν
3108 883 3196 940 ὧν
3219 884 3581 953 ἑρωτώμέθα.
3601 883 3657 936 Ἀ
3665 882 3771 936 ,ω’

2183 984 2296 1037 οὐκ
2318 983 2470 1047 ιστε,
2503 982 2727 1051 ἔφησεν,
2761 980 2851 1033 ὅτι
2876 996 2954 1048 με
2975 980 3095 1034 ὑπὸ
3126 978 3277 1032 Θεοῦ
3300 976 3569 1041 βασιλέα
3599 975 3773 1043 τενό-

2182 1091 2373 1144 μενον
2406 1075 2444 1143 ὴ
2494 1072 2820 1142 Αὐγοῦστα
2870 1070 2970 1125 καὶ
3004 1072 3257 1139 σύμϐιος
3305 1070 3656 1134 ναύκληρόν
3695 1081 3775 1134 με

2187 1165 2542 1235 είρτὰσατο;
2572 1165 2668 1220 καί
2700 1166 2794 1231 τίς
2831 1162 3091 1229 πώποτε,
3128 1162 3266 1232 μετά
3284 1162 3512 1230 πικρίας
3534 1158 3709 1225 λέγων
3722 1157 3770 1190 ⁵⁷

2186 1259 2345 1313 τοῦτο
2390 1259 2591 1329 ψυχῆς,
2637 1256 2905 1323 ,βασιλέα
2974 1255 3280 1325 Ῥωμαίων
3328 1252 3365 1321 ἣ
3422 1250 3538 1320 τὴν
3580 1247 3773 1304 αὐτοῦ

2192 1352 2460 1421 γαμετὴν
2498 1353 2767 1420 ἔμπορον
2807 1350 3139 1414 ἑθεάσατο;
3171 1348 3282 1402 Καὶ
3325 1347 3418 1398 ἐπὶ
3459 1343 3635 1413 τούτῳ
3673 1344 3774 1396 ἁν-

2192 1445 2552 1516 απολογήτων
2599 1444 2892 1514 μενόντων,
2946 1443 3234 1495 ἐκέλευσεν
3286 1437 3535 1507 αὑθωρδν
3576 1435 3775 1506 μόνους

2191 1540 2434 1605 ἐξιόντας
2470 1540 2597 1602 τοὺς
2624 1537 2947 1610 ἀνθρώπους
2997 1537 3096 1608 τὴν
3138 1534 3272 1589 ναῦν
3336 1533 3555 1601 ἐκείνην
3590 1546 3776 1601 παρα-

2188 1631 2371 1685 δοῦναι
2398 1633 2534 1701 πυρὶ
2562 1633 2752 1694 αὑταῖς
2792 1630 3067 1700 ἀγκύραις
3114 1630 3208 1682 καὶ
3262 1626 3454 1689 ἱστίοις
3506 1624 3605 1679 καὶ
3658 1623 3775 1686 τοῖς

2193 1723 2375 1787 ἄλλοις
2410 1726 2575 1778 πᾶσιν
2630 1723 2960 1792 ἀγωγίμοις,
3024 1722 3195 1775 πολλὰ
3223 1719 3501 1775 κατειπὼν
3542 1717 3772 1786 ὕστερον

488 1811 583 1865 καὶ
614 1811 899 1876 παντοίαις
921 1811 1115 1884 ’ὕϐρεσι
1150 1814 1253 1881 τὴν
1295 1812 1591 1868 δέσποιναν
1625 1813 1964 1886 περιϐαλὼν,
1996 1815 2072 1880 ὡς
2101 1818 2194 1871 καὶ
2217 1820 2390 1890 αὐτῆς
2438 1818 2805 1889 ἐπαπειλῆσαι
2856 1817 3146 1887 ἐξαγαγεῖν
3194 1817 3292 1887 τῆς
3333 1815 3499 1886 ζωῆς,
3538 1813 3655 1883 είγε
3708 1811 3779 1884 δὴ

489 1904 676 1960 ἔκτοτε
700 1904 943 1957 τοιοῦτόν
972 1922 1025 1957 τι
1050 1904 1605 1977 ποιοῦσαφωραθείη.

560 2000 615 2054 5.
647 1998 919 2053 Cancrum
943 1998 1234 2055 Theodore
1255 2001 1384 2067 (hoc
1406 2002 1552 2056 enim
1576 2002 1838 2073 Augusta;
1855 2005 2078 2073 nomen)

2257 2000 2318 2056 ε’.
2360 2000 2523 2054 Ἀλλά
2553 1998 2788 2070 πατρίδα
2814 1999 2913 2068 μὲν
2942 1999 2976 2069 ἠ
3009 1994 3265 2066 Θεοδὼρα
3293 1992 3473 2064 (τοῦτο
3516 1993 3626 2063 γὰρ
3653 1992 3779 2047 ὅνο-

489 2090 913 2161 Paphlagoniam
945 2091 1181 2161 patriam
1223 2093 1579 2157 honestabat,
1618 2096 1876 2165 oppidum
1929 2097 2085 2152 Ebis-

488 2199 608 2239 sam
645 2197 662 2238 :
694 2192 949 2252 parentes
975 2182 1246 2239 Marinum
1271 2195 1502 2256 patrem,
1536 2188 1714 2243 virum
1747 2204 1855 2243 non
1883 2189 2085 2245 obscu-

489 2292 611 2331 rum
644 2273 979 2346 autprivata?
1006 2278 1171 2332 sortis
1196 2278 1494 2343 hominem,
1516 2281 1607 2335 sed
1637 2281 1731 2348 qui
1753 2281 2086 2351 drungarius

489 2365 765 2421 exstiterit
814 2367 899 2420 vel
943 2366 1029 2439 (ut
1079 2368 1204 2423 aliis
1244 2368 1443 2440 placet)
1502 2371 1752 2427 tribunus
1793 2389 1806 2425 :
1860 2372 2086 2427 Matrem

492 2456 687 2510 habuit
737 2453 1109 2511 Tlieoctistam
1154 2469 1520 2526 cognomento
1556 2459 1857 2527 Florinam,
1896 2463 2088 2521 ambos

491 2546 599 2615 piis
629 2544 875 2600 moribus
898 2556 1155 2615 rectaque
1184 2546 1236 2600 in
1271 2548 1375 2602 lide
1400 2549 1680 2613 educatos,
1710 2565 1773 2606 ac
1802 2551 1894 2620 qui
1919 2566 2087 2607 vene-

493 2634 748 2691 rabilium
777 2633 1078 2704 imaginum
1102 2636 1336 2700 cultum,
1370 2652 1467 2706 pro
1495 2639 1742 2692 omnium
1773 2638 1892 2709 ejus
1916 2640 2091 2697 aetatis

492 2726 776 2783 hominum
803 2727 966 2798 genio
997 2736 1161 2798 atque
1194 2728 1414 2795 haeresi,
1442 2730 1670 2785 minime
1701 2731 2087 2802 abnegassent,

492 2821 589 2877 sed
619 2822 1012 2877 ardentissimo
1034 2838 1131 2878 eas
1160 2823 1347 2878 studio
1379 2824 1495 2879 oris
1529 2840 1835 2895 manusque
1862 2836 1914 2883 et
1934 2828 2090 2884 sinus

491 2913 748 2985 amplexu
764 2925 1177 2969 venerarentur.
1199 2915 1371 2971 Porro
1389 2916 1678 2973 Theodora
1710 2919 1861 2990 regia
1875 2920 2087 2992 pridem

490 3020 558 3064 ex
604 3006 996 3077 imperatorum
1047 3006 1158 3077 90
1200 3022 1350 3063 more
1389 3022 1598 3064 corona
1643 3010 1869 3075 donata,
1920 3012 2091 3068 Mater

490 3113 714 3170 quoque
750 3097 1066 3155 ’l‘lieoctista
1118 3108 1285 3155 zostaa
1315 3116 1483 3170 quam
1518 3112 1721 3158 vocant
1751 3103 1829 3174 (id
1862 3112 1948 3159 est
1978 3105 2094 3160 cin-

491 3188 621 3260 gulo
653 3190 891 3261 donatae)
918 3206 983 3245 ac
1011 3191 1257 3261 patriciae
1280 3192 1605 3262 dignitatem
1638 3203 1933 3251 consecuta
1951 3206 2089 3253 erat.

2190 2113 2266 2166 μα
2301 2097 2367 2165 τῇ
2398 2091 2712 2164 Αὐγούστῃ)
2746 2090 3133 2160 Παφλαγονίαν
3162 2082 3480 2157 ἐσέμνυνεν,
3518 2085 3615 2138 καὶ
3665 2101 3778 2155 χω-

2191 2188 2308 2260 ρίον
2356 2185 2643 2250 Ἔδισσαν,
2680 2184 2981 2254 γεννήτορα
3021 2182 3078 2235 δὲ
3111 2182 3356 2251 Μαρῖνον
3410 2179 3513 2232 οὐκ
3560 2174 3780 2247 ἄσημόν

2183 2297 2305 2334 τινα
2334 2281 2367 2349 ἢ
2403 2277 2619 2349 ἰδιώτην
2647 2277 2749 2348 τὴν
2788 2276 2982 2345 τύχην,
3040 2272 3402 2343 δρουγγάριον
3452 2270 3511 2324 δὲ
3551 2268 3582 2339 ἢ
3613 2286 3779 2342 τουρ-

2194 2374 2411 2445 μάρχην
2466 2370 2610 2424 κατά
2659 2384 2833 2431 τινας,
2876 2367 2971 2420 καὶ
3025 2367 3240 2437 μητέρα
3294 2363 3629 2432 Θεοκτίστην
3678 2360 3782 2430 τὴν

2186 2464 2331 2518 οὕτω
2377 2462 2659 2534 Φλωρίναν
2696 2457 3241 2529 κατονομαζομένην,
3292 2457 3640 2526 ἀμφοτέρους
3683 2454 3780 2507 εὐ·

2191 2558 2380 2629 σεσείᾳ
2406 2552 2956 2626 ἐντεθραμμένους⁹⁸
2998 2552 3093 2604 καὶ
3124 2553 3224 2620 τὴν
3278 2549 3389 2603 τῶν
3439 2548 3654 2602 σεπτῶν
3697 2548 3784 2600 εί-

2190 2649 2364 2702 κόνων
2417 2645 2800 2718 προσκύνησιν
2853 2644 2954 2696 οὐκ
3033 2641 3469 2712 ὲξαρνουμένους
3527 2638 3649 2709 μὲν,
3699 2636 3782 2699 ὡς

2189 2739 2309 2793 κατ’
2358 2740 2535 2791 έκεῖνο
2574 2736 2779 2798 πάντες
2835 2731 3055 2803 καιροῦ,
3093 2730 3517 2799 ἀσπαζομένους
3563 2727 3621 2781 δὲ
3674 2726 3779 2780 καὶ

2190 2826 2707 2898 ὲνστερνιζομένους
2756 2822 3076 2894 ὑπερφυῶς.
3120 2820 3327 2890 Ἀλλ’ἡ
3386 2819 3483 2888 μὲν
3523 2815 3781 2887 Θεοδώρα

2188 2921 2487 2991 διαδήματι
2535 2916 2818 2987 βασιλείας
2863 2914 3030 2968 πάλαι
3074 2913 3139 2983 δὴ
3190 2911 3549 2974 κατέστεπτο,
3598 2908 3695 2960 καὶ
3743 2910 3782 2979 ἡ

2192 3011 2363 3080 αὐτῆς
2422 3011 2609 3080 μήτηρ
2659 3005 2962 3073 Θεοκτίστη
3023 3002 3204 3071 ζωστή
3258 3017 3317 3053 τε
3371 3000 3467 3053 καὶ
3516 2998 3784 3069 πατρικία

2188 3104 2471 3174 τετίμητο.
2509 3101 2659 3169 Αὕτη
2682 3098 2748 3162 δὴ
2775 3096 2869 3151 οὖν
2896 3098 2928 3166 ἡ
2951 3093 3255 3164 Θεοκτίστη
3285 3092 3428 3146 κατά
3452 3091 3545 3144 τὸν
3573 3092 3781 3160 ἑαυτῆς

2188 3191 2359 3261 οἷκον,
2379 3192 2512 3247 ἔνθα
2533 3191 2599 3261 δὴ
2619 3193 2654 3259 ἠ
2692 3190 2801 3243 τῶν
2829 3188 3111 3255 Γαστρίων
3134 3185 3272 3256 μονὴ
3303 3184 3405 3257 τὴν
3458 3183 3619 3255 πῆξιν
3665 3183 3782 3254 ἔχει

492 3280 570 3338 lbi
623 3284 808 3352 itaque
846 3283 1158 3338 Theoctista
1205 3284 1261 3338 in
1312 3285 1536 3340 domum
1584 3302 1766 3352 suam,
1816 3304 1980 3358 quam
2025 3305 2087 3343 eo

2193 3288 2261 3341 τὰ
2284 3285 2382 3341 νῦν
2412 3286 2511 3338 καὶ
2562 3285 2774 3354 ἵδρυσιν
2801 3277 2895 3353 (ἦν
2946 3281 3004 3333 δὲ
3045 3279 3238 3333 τοῦτον
3307 3277 3369 3342 ἐξ
3415 3278 3627 3330 ἐκείνου
3682 3276 3781 3331 τοῦ

490 3371 617 3427 loco
634 3348 794 3427 sitam
825 3371 1061 3426 habebat
1087 3372 1181 3427 ubi
1199 3372 1364 3429 modo
1385 3374 1729 3432 Gastriorum
1752 3348 2087 3434 exstructum

2197 3378 2491 3450 πατρικίου
2518 3348 2912 3446 ἐξωνησαμγένη
2949 3372 3211 3445 Νικήτα),
3237 3372 3334 3436 τὰς
3366 3373 3465 3442 τῆς
3499 3369 3782 3443 Θεοδὼρας

492 3466 890 3522 monasterium
941 3476 1046 3531 est,
1097 3480 1276 3537 exque
1332 3465 1519 3522 Niceta
1574 3471 1804 3539 patricio
1855 3482 2087 3538 emerat,

493 3558 801 3615 Theodorae
823 3559 967 3616 filias
985 3560 1225 3617 invitans
1240 3561 1510 3631 (quinque
1528 3563 1635 3620 illa:
1660 3580 1892 3621 numero
1910 3576 2089 3631 erant,

494 3647 695 3705 Thecla
728 3658 781 3704 et
800 3648 954 3703 Anna
985 3650 1385 3719 Anastasiaque
1414 3659 1469 3706 et
1494 3652 1783 3708 Pulcheria
1808 3663 1863 3708 et
1898 3653 2094 3735 Maria)

493 3759 621 3799 cum
654 3744 776 3800 aliis
810 3744 1175 3817 munusculis,
1217 3743 1421 3814 quibus
1460 3745 1760 3802 demulceri
1790 3748 1883 3804 hic
1925 3764 2091 3805 sexus

493 3838 652 3903 solet,
698 3837 1106 3904 blandiebatur,
1148 3845 1262 3893 tum
1298 3854 1546 3894 seorsum
1579 3856 1870 3897 assumens
1899 3842 2090 3898 horta-

496 3932 657 3987 batur
700 3938 762 3985 ut
804 3944 971 3999 supra
1020 3945 1211 3984 sexum
1254 3947 1409 3985 suum
1455 3942 1710 4003 saperent
1764 3933 2090 4004 animosque

492 4022 679 4077 viriles
713 4036 778 4076 ac
808 4030 1056 4076 materno
1088 4020 1227 4077 lacte
1257 4021 1452 4093 dignos
1479 4032 1846 4091 assumerent,
1880 4025 2091 4081 abomi-

493 4122 689 4173 nantes
733 4121 1012 4184 paternam
1059 4114 1314 4169 baeresim
1353 4130 1656 4186 sacrasque
1688 4117 2087 4177 venerabilium

493 4204 794 4275 imaginum
842 4204 1217 4273 amplexantes
1271 4220 1336 4260 ac
1384 4207 1771 4263 exosculantes
1825 4207 2085 4280 efﬁgies;

490 4297 771 4366 simulque
802 4294 856 4350 in
894 4311 1092 4350 manus
1117 4311 1431 4363 assumens,
1460 4298 1662 4368 quippe
1693 4314 1832 4369 quas
1861 4301 1914 4357 in
1950 4301 2089 4357 cista

491 4389 732 4459 quadam
774 4388 1045 4458 repositas
1087 4388 1348 4453 habebat,
1389 4390 1561 4444 vultui
1602 4391 1869 4461 labiisque
1899 4394 2090 4450 admo-

493 4495 630 4536 vens
675 4479 887 4551 puellas
937 4481 1340 4547 sanctificabat,
1401 4482 1566 4552 inque
1607 4500 1797 4540 earum
1844 4501 2088 4543 amorem

493 4574 621 4629 illas
669 4572 971 4628 excitabat.
1006 4571 1123 4629 Hoc
1166 4575 1259 4630 illa
1302 4590 1429 4629 cum
1469 4575 1766 4631 identidem
1793 4576 2090 4644 factitaret,

2197 3470 2505 3540 θυγατέρας
2537 3466 2995 3539 μετακαλουμένη
3031 3464 3216 3537 (πέντε
3262 3462 3322 3517 δὲ
3353 3457 3496 3535 ἦσαν
3526 3462 3618 3516 τὸν
3654 3464 3782 3534 ἀρι-

2194 3564 2353 3636 θμὸν,
2381 3566 2492 3636 ἥίτε
2514 3563 2693 3617 Θέκλα
2721 3561 2818 3616 καὶ
2834 3562 3025 3626 Ἄννα,
3045 3560 3380 3615 Ἀναστασία
3404 3574 3464 3610 τε
3494 3556 3588 3610 καὶ
3610 3557 3780 3610 Πουλ-

2193 3656 2374 3728 χερία,
2416 3656 2509 3709 καὶ
2539 3655 2573 3726 ή
2615 3651 2826 3724 Μαρία)
2862 3651 3051 3714 ἄλλαις
3085 3667 3144 3701 τε
3172 3650 3401 3720 δωρεαῖς
3445 3642 3531 3710 αἷς
3569 3647 3777 3713 ὑπάγε-

2197 3750 2321 3803 σθαι
2364 3748 2425 3803 τὸ
2455 3748 2589 3818 θῆλυ
2619 3747 2866 3816 πέφυκεν
2896 3744 3191 3811 ἐδεξιοῦτο,
3224 3743 3318 3796 καὶ
3351 3742 3457 3812 ἰδίᾳ
3483 3739 3777 3809 παραλαμ-

2193 3842 2433 3895 ϐάνουσα
2457 3841 2517 3894 οὐ
2562 3838 2963 3910 μαλακίζεσθαι
2996 3838 3120 3892 οὐδὲ
3175 3836 3356 3906 μένειν
3380 3831 3601 3903 θηλείας
3630 3832 3769 3899 ὅπερ

2192 3931 2333 4006 ἦσαν
2374 3933 2690 4005 ὲξελιπάρει
2737 3932 2834 3985 καὶ
2870 3930 3228 3987 καθικέτευεν
3262 3965 3278 3992 ,
3318 3924 3667 3995 ἀνδρίζεσθαι
3715 3921 3775 3974 δὲ

2192 4028 2288 4081 καὶ
2318 4030 2418 4100 τῆς
2450 4024 2712 4097 μητρῴας
2762 4024 2933 4097 θηλῆς
2966 4024 3095 4088 ἄξια
3150 4017 3480 4075 διανοεῖσθαι
3512 4015 3612 4071 καὶ
3642 4011 3750 4081 πρέ

2190 4139 2386 4187 ποντα,
2416 4121 2517 4193 τὴν
2535 4119 2800 4192 πατρῴαν
2839 4119 2936 4189 μὲν
2969 4116 3183 4188 αἵρεσιν
3236 4108 3778 4184 ἀπορῤιπιζομένας,

2191 4215 2599 4286 καταφιλούσας
2627 4215 2686 4267 δὲ
2736 4215 2832 4265 καὶ
2864 4206 3360 4273 κατασπαζομένας
3386 4236 3389 4239 ν
3414 4202 3515 4262 τὰς
3545 4201 3654 4252 τῶν
3686 4213 3782 4251 σε-

2190 4307 2342 4361 πτῶν
2372 4306 2599 4359 είκόνων
2632 4301 2863 4373 μορφάς.
2884 4301 2996 4351 Καὶ
3011 4297 3129 4365 ειμα
3146 4292 3347 4353 ταύτας
3366 4290 3446 4350 εἰς
3464 4291 3648 4358 χεῖρας
3680 4287 3783 4357 ἑμ-

2192 4401 2465 4453 6ἀλλουσα
2489 4394 2877 4467 (ἐφυλάττοντο
2894 4391 2953 4443 δὲ
2983 4389 3122 4458 αὐτῇ
3142 4386 3199 4438 ἐν
3226 4399 3335 4440 τινι
3380 4381 3669 4452 κιϐωτίῳ),
3701 4379 3781 4450 τῷ

2192 4490 2471 4562 προσώπῳ
2524 4488 2619 4540 καὶ
2661 4485 2776 4545 τοῖς
2836 4482 3073 4552 χείλεσιν
3128 4479 3215 4552 [Ρ.
3250 4476 3344 4550 57]
3419 4475 3779 4546 ἐπιτιθεμένη

2192 4580 2422 4652 ήγίαζέν
2449 4594 2510 4631 τε
2533 4574 2702 4637 αὑτὰς
2736 4573 2835 4626 καὶ
2855 4572 2993 4642 πρὸς
3046 4570 3108 4623 τὸ
3165 4569 3393 4623 ἐκείνων
3449 4566 3673 4637 φίλτρον
3704 4564 3785 4618 δι-

494 4666 809 4736 ardensque
842 4680 971 4736 erga
1006 4665 1275 4737 imagines
1305 4667 1638 4725 desiderium
1682 4672 1937 4740 neptibus
1976 4672 2087 4725 fre-

2191 4672 2439 4741 ήγειρεν.
2457 4668 2631 4721 Τοῦτο
2653 4662 2748 4719 οὖν
2781 4663 3075 4735 ἐνδελεχῶς
3093 4661 3325 4717 ποιοῦσα
3351 4661 3445 4714 καὶ
3475 4662 3594 4721 ταῖς
3618 4659 3784 4726 ἐγγό-

495 4774 676 4830 quens
718 4759 1063 4826 accenderet,
1111 4774 1220 4813 non
1253 4757 1441 4815 fefellit
1478 4774 1567 4817 res
1602 4760 1991 4831 Theophilum.
2040 4761 2091 4815 Is

494 4852 645 4908 enim
679 4851 981 4922 aliquando
1010 4866 1135 4907 cum
1169 4851 1313 4907 ﬁlias
1338 4852 1699 4923 interrogaret
1727 4854 1857 4924 quid
1877 4868 1941 4908 ex
1974 4852 2094 4907 avia

495 4960 785 5000 munerum
841 4945 1208 5015 accepissent,
1265 4944 1467 5014 quidve
1526 4943 1872 5000 humanioris
1931 4942 2096 4997 ofﬁcii

491 5018 998 5104 blanditiarumque
1027 5034 1084 5087 in
1125 5047 1218 5089 eas
1250 5034 1513 5089 collatum
1545 5044 1713 5098 esset,
1753 5033 1981 5103 reliquis
2012 5034 2095 5088 in-

491 5126 923 5199 terrogationem
983 5124 1105 5195 ejus
1171 5135 1432 5195 tanquam
1497 5125 1863 5194 muscipulatn
1908 5126 2095 5181 solerti

494 5220 683 5276 animo
742 5227 1067 5276 constanter
1121 5218 1572 5283 declinantibus,
1638 5216 1927 5275 Pulcheria
1986 5235 2097 5275 non

498 5316 679 5386 magis
729 5324 890 5370 aetate
920 5329 1086 5385 quam
1131 5329 1299 5370 sensu
1330 5315 1627 5369 immatura
1652 5354 1667 5378 ,
1698 5329 1864 5384 quam
1898 5315 2098 5371 blande

495 5416 743 5463 tractata:
766 5416 953 5463 essent
984 5406 1210 5470 referre,
1233 5422 1296 5462 ac
1313 5422 1476 5477 quam
1512 5406 1680 5461 variis
1710 5407 1889 5477 pomis
1919 5409 2095 5463 dona-

497 5508 587 5559 tae.
622 5512 843 5570 unaque
884 5498 1280 5553 venerabilittm
1325 5498 1629 5567 imaginum
1677 5500 2087 5558 venerationem

496 5592 815 5663 adiungere,
838 5598 1004 5661 atque
1041 5590 1113 5645 ita
1139 5606 1250 5645 rem
1279 5589 1385 5662 91
1411 5590 1648 5660 simplici
1673 5606 1839 5648 sensu
1876 5594 2090 5651 verbis-

2194 4781 2305 4826 νοις
2326 4764 2388 4817 τὸ
2419 4761 2551 4832 περὶ
2571 4761 2669 4824 τὰς
2691 4760 2909 4821 εἰκόνας
2946 4758 3170 4828 φίλτρον
3195 4750 3636 4824 ἀναζωπυροῦσα
3682 4749 3786 4802 οὐκ

2193 4857 2351 4910 ἔλαθε
2374 4856 2467 4908 τὸν
2485 4853 2767 4923 Θεόφιλον,
2792 4851 3204 4921 πυνθανόμενον
3232 4849 3260 4901 ὃ
3275 4863 3327 4899 τι
3343 4861 3404 4897 τε
3424 4842 3615 4903 αὐταῖς
3633 4841 3786 4910 παρὰ

2191 4951 2290 5021 τῆς
2328 4948 2565 5020 μάμμης
2589 4945 2896 5019 δεδώρηται
2923 4946 3023 5000 καὶ
3054 4946 3082 4998 ὅ
3105 4961 3162 4996 τι
3187 4942 3412 5013 χάριτος
3434 4934 3788 5007 ἐξείργασται
3830 5014 3839 5022 _

2193 5043 2459 5109 ἀξιον..Δί
2500 5042 2600 5114 μὲν
2633 5043 2743 5113 γὰρ
2782 5041 2939 5095 ἄλλαι
2968 5038 3162 5093 τούτου
3212 5036 3313 5092 τὰς
3340 5031 3568 5093 πεύσεις
3603 5027 3789 5098 ἀγαθά

2201 5137 2499 5208 φρονοῦσαι
2570 5135 2760 5208 ὥσπερ
2793 5135 2947 5197 τινὰς
3003 5130 3177 5193 λαϐὰς
3252 5125 3581 5199 ἐρρωμένως
3639 5138 3787 5188 παρ-

2197 5230 2422 5301 έτρεχον
2442 5246 2455 5260 ·
2491 5230 2526 5300 ἡ
2547 5228 2604 5281 δὲ
2632 5226 2945 5297 Πουλχερία
2975 5223 3072 5277 ἆτε
3119 5220 3312 5290 ἡλικίᾳ
3357 5218 3452 5269 καὶ
3475 5214 3553 5283 νῷ
3591 5211 3793 5281 νηπιά-

2196 5324 2367 5388 Causa.
2387 5324 2488 5386 τάς
2516 5340 2576 5375 τε
2612 5318 3019 5391 φιλοφροσύνας
3051 5314 3206 5383 ἔλεγε
3247 5312 3344 5365 καὶ
3363 5310 3426 5363 τὸ
3452 5307 3654 5376 πλῆθος
3677 5304 3788 5357 τῶν

2193 5417 2450 5485 ὀπωρῶν,
2486 5413 2815 5484 συνηριθμει
2836 5409 2893 5462 δὲ
2915 5408 3013 5461 καὶ
3042 5407 3142 5475 τὴν
3170 5404 3281 5458 τῶν
3307 5400 3523 5455 σεπτῶν
3560 5398 3789 5450 εἰκόνων

2198 5509 2595 5581 προσκύνησιν,
2623 5505 2768 5559 οὕτω
2801 5505 2867 5573 δὴ
2902 5501 3087 5557 ἁπαλὰ
3113 5496 3389 5570 φρονοῦσα
3430 5493 3528 5548 καὶ
3549 5490 3787 5581 λέγουσα

2198 5577 2275 5659 ὡς
2297 5599 2441 5650 νινία
2472 5577 2644 5667 πολλά
2669 5594 2756 5665 εἴη
2788 5594 2926 5664 αὐτῇ
2964 5590 3106 5649 κατά
3124 5587 3463 5645 τδτιιϐώτιον
3490 5582 3585 5638 καὶ.
3614 5577 3787 5633 ταῦτα

1793 5677 2030 5745 VARUE
2075 5690 2479 5749 LECTIONES.

566 5778 614 5811 ⁸⁸
642 5778 778 5849 μηδὲ
812 5778 872 5834 Ρ.
949 5778 995 5812 "
1016 5779 1158 5848 λέγω
1186 5782 1209 5834 ?
1280 5780 1327 5813 "
1358 5780 1917 5855 ἐκτεθραμμένουςῐ).
