2100 3234
288 182 338 214 107

835 176 1089 207 THEOPIIANES
1109 175 1388 206 CONTINUATUS.

1869 177 1920 209 108

285 237 400 274 degebat
414 243 444 263 ac
462 242 563 270 equum
586 234 612 260 in
629 233 735 261 deliciis
747 232 874 259 habebat.
891 232 1019 259 Fluxerat
1033 232 1076 258 iu—

1137 231 1176 258 (αἱ
1191 231 1260 267 πρὸς
1286 231 1332 259 τὸν
1358 232 1489 267 Θεόφιλον
1509 232 1649 259 κατειπὼν
1665 232 1715 259 τοῦ
1734 232 1845 267 ἀνδρὸς.
1866 230 1922 260 Ἦν

286 285 364 312 terim
384 283 495 317 longum
515 285 635 315 tempus,
652 287 714 306 cum
733 279 832 314 partim
849 277 966 313 quadam
988 285 1075 304 attnu—

287 330 386 357 latione
402 327 540 354 hominem
555 325 588 352 ad
601 325 699 352 bellum
718 328 890 359 provocaret,
902 323 1000 359 partim
1012 330 1077 350 vero

287 375 369 402 etiam
386 380 509 400 mterore
523 372 682 403 coniicerm,
699 372 738 397 uti
757 370 810 397 illis
823 369 880 397 fere
892 369 991 397 accidit
1006 376 1077 404 quos

288 421 404 448 adversa
419 418 528 447 fortuna
545 418 605 445 dire
624 417 715 444 afﬁcit.
733 416 853 451 Contigit
869 417 961 451 itaque
979 419 1008 443 ut
1022 423 1077 450 quo

288 472 412 501 tempore
439 465 484 492 ille
509 465 622 492 adversa
645 463 754 490 fortuna
778 463 964 497 premebatur,
986 462 1077 489 Theo-

287 513 380 548 philus
408 518 509 546 cquum
540 516 704 545 generosum
739 513 898 544 quaereret;
931 509 1079 544 missisque

288 559 386 587 litteris
402 558 537 594 primores
554 564 650 584 omnes
666 563 697 583 ac
714 556 892 591 magistratus
923 564 970 583 seu
994 556 1078 584 duces

288 604 423 641 ejusmodi
443 611 543 639 equum
569 603 712 638 diligenter
739 610 862 637 qurererc
875 607 902 629 ct
916 603 949 629 ad
970 610 999 630 se
1014 602 1079 631 mit-

289 656 348 679 tere
361 650 448 684 jubet.
463 650 568 676 Praetor
583 651 691 682 arrepta
707 647 854 675 occasione
870 655 884 674 a
899 648 958 675 viro
977 648 1018 674 vel
1035 647 1079 674 ἰη-

290 697 348 724 vito
368 696 490 723 ablatum
507 701 608 728 equum
625 698 653 721 ut
671 701 730 720 rem
744 701 822 721 suam
841 693 1002 729 imperatori
1016 694 1081 720 mit-

290 744 331 771 tit.
346 743 402 769 Hoc
418 742 533 773 crimen,
559 745 586 768 et
612 740 671 768 haec
696 740 759 776 equi
788 740 912 767 amlssio.
932 740 997 767 Orta
1016 748 1080 768 vero

289 790 384 817 bellica
413 788 504 822 aliqua
533 787 701 815 necessitate
729 787 867 822 rebusque
895 787 1081 815 consternatis

287 834 411 869 jusserat
433 833 583 867 imperator
602 836 633 859 ut
656 840 754 860 omnes
771 832 871 867 quovis
885 832 966 859 modo
983 831 1080 859 militia

289 879 372 907 soluti
393 879 425 906 ad
446 878 549 906 bellum
577 876 836 912 proﬁciscerentur;
857 885 911 912 quo
932 877 1033 905 factum
1052 881 1082 904 ut

290 925 336 953 hic
350 932 460 960 quoque
485 924 612 959 generosi
637 923 713 951 illius
735 923 798 958 equi
817 924 942 958 praesidio
960 924 1080 951 nudatus

290 971 363 998 inter
378 970 550 997 militandum
564 974 679 997 necatus
696 969 742 1003 sit,
757 969 850 997 relicta
865 977 985 1005 paupere
1001 969 1081 997 vidua

290 1023 318 1045 ct
333 1017 437 1044 liberis.
454 1016 524 1049 Quid
543 1024 610 1051 ergo
626 1016 735 1049 mulier,
752 1024 815 1044 cum
838 1021 865 1044 et
887 1015 1080 1051 imperatorem

290 1070 372 1090 aures
388 1062 469 1090 facile
486 1062 652 1097 praebentem
675 1066 702 1089 et
717 1062 789 1097 juris
817 1070 849 1089 ac
873 1062 943 1096 aequi
960 1066 1081 1089 tenacem

290 1108 419 1141 audiret,
443 1107 602 1143 ingentique
623 1107 676 1134 viri
708 1107 846 1135 desiderio
869 1107 1004 1142 ﬂagraret,
1032 1114 1082 1134 nec

292 1154 406 1182 haberet
426 1153 499 1180 untle
519 1153 614 1181 liberis
633 1151 667 1179 ad
684 1152 785 1179 victum
807 1152 960 1179 necessaria
976 1151 1082 1178 submi-

293 1199 441 1227 nistraret?
464 1197 565 1226 Urbem
588 1198 691 1234 regiam
718 1198 795 1233 petit,
821 1205 852 1225 ac
880 1196 1081 1233 Theophilum,

292 1253 348 1281 quo
376 1245 421 1272 die
447 1244 480 1271 ad
508 1244 678 1272 Blaebernas
707 1243 783 1271 exire
810 1243 926 1275 solebat,
953 1243 1004 1270 viri
1026 1243 1083 1278 ipso

293 1299 364 1326 equo
380 1291 543 1319 insidentem
558 1289 728 1325 conspicata,
747 1289 775 1316 in
788 1296 876 1324 genua
888 1288 1084 1323 tprocumbens

292 1337 456 1372 ejnlansqtte
473 1342 505 1362 ac
522 1334 630 1362 frenum
659 1333 723 1368 equi
745 1338 841 1360 tenens
870 1333 985 1368 supplex
1012 1338 1082 1366 orat,

293 1383 427 1416 docetque
439 1381 512 1408 hunc
521 1387 622 1415 equum
642 1386 723 1407 suum
744 1386 816 1413 esse,
833 1386 882 1406 nec
899 1379 983 1406 alium
1000 1386 1083 1413 quam

293 1435 356 1456 eum
378 1428 466 1462 ipsum
481 1426 532 1453 viri
547 1425 603 1461 94
618 1425 694 1453 necis
719 1430 859 1453 auctorem
887 1432 957 1452 esse.
975 1425 1004 1452 In
1024 1429 1084 1452 stu-

293 1482 389 1510 porem
403 1473 458 1508 egit
473 1473 666 1507 imperatorem
691 1471 787 1507 ingens
802 1471 847 1498 illa
874 1470 998 1499 mulieris
1016 1470 1086 1498 ﬁdu-

294 1521 336 1548 cia
351 1528 359 1553 ;
374 1518 622 1553 vehementiusque
640 1518 767 1550 miratus,
784 1524 834 1545 nee
850 1524 945 1545 eorum
966 1524 1028 1552 quae
1042 1517 1084 1545 di-

294 1566 425 1593 cebantur
458 1564 607 1599 quidquam
635 1563 788 1598 intelligens
804 1582 811 1595 ,
841 1562 950 1590 interim
975 1562 1085 1597 quidem

295 1611 398 1642 servari
423 1610 566 1638 mulierem
591 1609 678 1644 jubet,
696 1608 760 1636 dum
777 1608 804 1635 in
825 1608 956 1643 palatium
971 1609 1029 1644 ipse
1044 1615 1087 1636 re-

296 1657 402 1684 diisset.
434 1655 496 1682 Cito
522 1655 616 1690 itaque
643 1661 770 1682 reversus
803 1653 932 1681 feminam
960 1654 1086 1681 accersit.

296 1700 359 1728 Mox
375 1700 419 1727 illa
436 1703 536 1736 priesto
548 1705 602 1733 est,
618 1699 753 1735 docetque
769 1699 859 1726 omnia
877 1699 965 1732 clare,
985 1706 1017 1726 ac
1032 1706 1088 1727 rem

297 1753 405 1773 onmem
426 1745 549 1779 exponit.
564 1744 646 1772 lubet
669 1744 763 1779 itaque
777 1744 929 1779 imperator
942 1748 1089 1779 praetorem

297 1791 368 1825 sisti,
387 1796 414 1818 et
432 1791 466 1818 de
494 1797 567 1825 equo
584 1790 685 1817 acriter
708 1789 833 1825 inquirit.
860 1788 909 1816 Illo
928 1794 1019 1816 autem
1033 1796 1089 1816 non

297 1836 409 1864 aliunde
425 1844 476 1864 nec
493 1843 542 1870 per
557 1835 612 1863 vim
630 1842 663 1863 ac
687 1835 823 1870 rapinam,
836 1835 883 1862 sed
897 1842 930 1862 ex
943 1842 991 1862 sua
1006 1835 1089 1862 domo

297 1882 450 1910 aiiirmante
464 1882 584 1915 misisse,
600 1882 762 1916 producitur
785 1882 812 1908 in
830 1885 1008 1916 conspectum
1028 1888 1090 1908 mu-

297 1930 358 1960 lier.
368 1936 445 1956 reum
460 1928 493 1955 de
505 1928 533 1956 vi
547 1927 777 1963 peractura.Ejus
789 1935 853 1954 mox
865 1933 964 1962 praetor
973 1931 1088 1962 aspectu

298 1974 372 2002 haud
390 1974 441 2002 sibi
460 1974 516 2008 jam
533 1974 566 2001 de
580 1973 723 2001 mendacio
736 1972 874 2006 blandiri;
891 1980 1011 2007 moxque
1024 1980 1090 2006 sup-

298 2020 359 2055 plex
385 2019 570 2046 miserabilem
597 2020 623 2046 in
646 2019 757 2046 modum
773 2018 871 2054 lugens
885 2023 968 2053 atque
981 2017 1089 2053 eiulans

298 2065 473 2100 imperatoris
490 2065 571 2101 pedes
597 2064 735 2099 astringit.
759 2064 831 2098 Quid
859 2068 916 2092 tum
938 2064 1007 2092 ille?
1032 2063 1090 2091 Viri

297 2112 442 2141 facultates
470 2112 559 2139 vidua:
587 2115 670 2146 atque
698 2111 795 2139 liberis
817 2111 886 2139 ratis
913 2111 1089 2146 portionibus

298 2158 471 2186 ha‘ereditario
501 2158 581 2193 quasi
605 2157 667 2193 jure
690 2157 824 2190 ascribit,
854 2164 972 2192 eumque
1003 2157 1091 2191 magi-

298 2207 385 2231 stratu
413 2207 522 2236 movet;
540 2207 622 2237 atque
650 2203 678 2230 in
703 2210 766 2229 eum
786 2202 897 2229 modum
917 2202 992 2237 justa
1016 2203 1091 2230 illius

1128 275 1174 304 οὖν
1199 278 1213 303 6
1239 277 1412 313 στρατιώτης
1429 279 1458 305 ἐν
1487 278 1590 313 ἐαυτῷ,
1608 279 1655 305 καὶ
1678 278 1723 304 τδν
1744 278 1828 306 ἵππον
1850 277 1922 314 ῑχων

1129 324 1305 360 ἐντρύφημα.
1324 325 1472 360 Παρῴχετο
1488 325 1516 351 δὲ
1533 325 1582 351 καὶ
1593 325 1690 360 χρόνος
1708 324 1812 357 ἱκανὸς,
1837 324 1852 351 6
1874 325 1923 351 τὸν

1129 370 1214 405 ἄνδρα
1230 371 1299 406 πρὸς
1317 371 1437 406 πόλεμον
1447 371 1479 397 ἐκ
1491 371 1659 405 φιλονεικίας
1677 370 1860 402 καλῶν,ἀλλά
1874 371 1924 398 καὶ

1130 416 1330 443 καταδαπανῶν
1343 416 1436 448 αὐτὸν,
1450 413 1494 443 οἷα
1519 416 1592 449 φιλεί
1607 417 1664 448 τοῖς
1686 415 1848 451 δυστυχοῦσι
1865 415 1925 442 δει-

1130 464 1193 496 νῶς.
1213 464 1337 498 Ἐγένετο
1351 462 1396 491 οὖν
1413 464 1497 491 ἵππου
1510 463 1613 498 ἀγαθοῦ
1628 464 1743 499 ζήτησις
1762 464 1839 499 παρά
1856 464 1926 491 Θεο-

1131 511 1207 547 φίλου
1231 511 1302 538 κατὰ
1324 511 1370 537 τὸν
1386 511 1436 545 τῆς
1451 509 1598 545 δυστυχίας
1620 510 1718 545 καιρὸν
1738 510 1785 536 τοῦ
1802 509 1900 544 ἀνδρός
1915 517 1924 525 ’

1130 557 1170 584 διὺ
1182 557 1226 583 καὶ
1243 556 1287 583 διὰ
1302 556 1476 592 γραμμάτων
1502 555 1608 587 πάντας
1631 556 1661 583 ὲν
1688 555 1759 582 τέλει
1775 555 1822 581 καὶ
1837 555 1924 588 ἀξιώ-

1132 612 1216 639 μασιν
1231 603 1386 638 ἀνερευνῶν
1409 602 1520 630 ἐκέλευε
1536 601 1637 629 τοιόνδε
1664 601 1712 628 καὶ
1730 601 1833 628 τοιόνδε
1855 601 1928 627 ἀπο-

1133 649 1236 676 στεῖλαι
1252 649 1338 684 αὐτῷ.
1356 649 1438 676 Ὅθεν
1448 649 1596 683 λαϐόμενος
1605 649 1618 675 ὁ
1632 647 1784 683 στρατηγὸς
1794 646 1926 682 ἀφορμῆς

1131 696 1257 730 ἀφείλετο
1273 696 1320 722 τοῦ
1336 695 1433 731 ἀνδρὸς
1442 695 1488 721 τὸν
1504 695 1586 721 ἵππον
1598 694 1646 720 καὶ
1656 694 1779 726 ἄκοντος,
1793 693 1841 720 καὶ
1855 692 1928 727 πρὸς

1133 742 1246 777 βασιλέα
1261 742 1298 773 ὼς
1311 742 1411 768 οἰκεῖον
1437 740 1620 767 ἀπέσταλκεν.
1638 739 1712 775 Αὕτη
1729 740 1744 774 ἦ
1772 738 1858 771 αἰτία,
1874 738 1926 765 καὶ

1131 788 1179 815 τοῦ
1200 789 1284 815 ἵππου
1302 788 1329 815 δέ
1349 789 1366 824 ὴ
1384 787 1522 823 στέρησις.
1546 787 1624 814 Ἐπεὶ
1638 786 1666 813 δὲ
1681 785 1753 812 κατά
1769 793 1831 811 τινα
1845 792 1929 819 περι-

1137 835 1251 862 πέτειαν
1267 834 1372 866 πάντας
1385 834 1528 861 ἐκέλευσεν
1540 834 1555 860 ὁ
1571 832 1708 869 βασιλεὺς,
1723 832 1770 858 καὶ
1784 832 1847 863 τοὺς
1866 831 1931 866 οἱα-

1133 882 1233 917 δήποτε
1255 882 1331 916 αἰτίᾳ
1355 880 1560 916 πεπαυμένους,
1579 879 1682 913 ἐξιέναι
1704 879 1774 914 πρὸς
1794 877 1928 912 πόλεμον,

1134 927 1180 953 καὶ
1194 927 1240 953 τὸν
1251 926 1333 961 ἄνδρα
1344 925 1439 953 τοῦτον
1450 925 1629 960 ἐξεληλυθότα
1641 925 1727 951 ἵππου
1742 923 1929 959 στερούμενον

1135 973 1237 1008 ἀγαθοῦ
1256 973 1384 1008 ἀπήγαγε
1400 973 1451 1007 τῆς
1463 972 1546 1007 ζωῆς,
1574 972 1692 1005 γυναῖκα
1706 969 1930 997 καταλελοιπότα

1136 1020 1182 1046 καὶ
1195 1020 1276 1047 τέκνα
1291 1018 1397 1053 πτωχά.
1417 1018 1450 1044 Τί
1470 1016 1515 1045 οὖν
1537 1018 1553 1053 ἡ
1571 1018 1655 1053 γυνή;
1670 1017 1725 1044 Καὶ
1745 1016 1776 1043 τδ
1796 1015 1932 1051 φιλήκοον

1136 1065 1274 1092 ἀκούουσα
1286 1065 1333 1092 τοῦ
1349 1064 1482 1100 βασιλέως
1497 1065 1545 1090 καὶ
1558 1063 1736 1099 φιλοδίκαιον,
1753 1062 1801 1089 καὶ
1815 1061 1854 1097 τῷ
1877 1060 1931 1088 τοῦ

1135 1111 1231 1146 ἀνδρὸς
1250 1111 1354 1145 φίλτρῳ
1382 1109 1562 1145 ἐκκαιομένη,
1580 1109 1627 1136 καὶ
1647 1109 1704 1140 τοῖς
1720 1108 1826 1139 τέκνοις
1851 1107 1932 1138 ὅπως

1137 1157 1183 1183 καὶ
1195 1157 1327 1192 χορηγοίη
1341 1157 1391 1183 οὐκ
1404 1156 1505 1191 ἔχουσα
1521 1156 1555 1183 τὰ
1567 1155 1636 1190 πρὸς
1650 1155 1735 1190 ζωὴν,
1768 1154 1817 1190 τὴν
1847 1154 1932 1189 βασι-

1136 1203 1269 1230 λεύουσαν
1298 1202 1516 1238 καταλαμϐάνει,
1544 1202 1593 1229 καὶ
1617 1201 1664 1228 τὸν
1689 1200 1831 1235 Θεόφιλον,
1851 1201 1883 1226 ἐν

1137 1249 1229 1285 ἡμέρᾳ
1245 1248 1345 1275 εἴθιστο
1365 1248 1432 1284 πρὸς
1446 1248 1601 1283 Βλαχέρνας
1613 1248 1636 1264 "
1651 1247 1773 1279 ἀπιέναι,
1789 1246 1884 1273 τοῦτον
1894 1245 1933 1281 δὴ

1137 1293 1183 1320 τοῦ
1210 1293 1306 1329 ἀνδρὸς
1334 1293 1419 1327 αὐτῆς
1442 1292 1526 1319 ἵππον
1555 1291 1737 1319 ἀναϐαίνοντα
1766 1289 1930 1322 κατιδοῦσα,

1137 1340 1324 1373 γονυπετοῦσα
1345 1337 1391 1364 καὶ
1403 1336 1644 1372 κατολοφυρομένη
1661 1336 1751 1362 ἐδέετο
1779 1334 1826 1361 τοῦ
1850 1334 1934 1369 βασι-

1138 1384 1215 1416 λέως,
1232 1384 1278 1410 τὸν
1294 1383 1403 1419 χαλινὸν
1418 1383 1465 1410 τοῦ
1482 1383 1566 1411 ἵππου
1585 1382 1749 1418 κατέχουσα,
1765 1381 1809 1416 [Ρ.
1827 1379 1872 1416 59]
1881 1380 1935 1408 καὶ

1138 1429 1311 1456 ἀνεδίδασκεν
1323 1428 1383 1460 πῶς
1394 1428 1480 1463 αὐτῆς
1494 1437 1524 1455 τε
1538 1428 1580 1463 εἴη
1594 1428 1608 1454 6
1621 1427 1715 1459 ἵππος,
1728 1426 1774 1453 καὶ
1788 1425 1839 1452 οὐκ
1850 1425 1933 1458 ἄλλος

1139 1484 1191 1508 τις,
1204 1474 1262 1502 ἀλλ’
1273 1475 1355 1506 αὐτὸς
1371 1475 1456 1506 αἴτιος
1471 1475 1520 1509 τῆς
1536 1474 1582 1500 τοῦ
1605 1473 1700 1508 ἀνδρὸς
1718 1472 1838 1507 σφαγῆς.
1869 1472 1933 1499 Ἐκ-

1140 1520 1246 1556 πλαγὴς
1260 1521 1267 1536 ¹
1283 1520 1331 1548 οὖν
1348 1521 1362 1547 6
1380 1519 1508 1556 βασιλεὺς
1527 1519 1673 1554 γενόμενος
1689 1519 1718 1546 ἐν
1736 1519 1769 1554 τῇ
1789 1518 1934 1554 παρρησίᾳ.

1138 1564 1188 1600 τῆς
1199 1564 1328 1599 γυναικὸς
1343 1565 1390 1591 καὶ
1407 1564 1594 1601 περιθαμόὴς,
1629 1564 1677 1590 καὶ
1699 1563 1754 1591 τῶν
1771 1563 1931 1599 λεγομένων

1141 1609 1219 1642 είδὼς
1232 1610 1320 1644 οὐδὲν,
1337 1610 1407 1642 τέως
1422 1610 1472 1645 μὲν
1488 1609 1573 1645 αὐτὴν
1587 1609 1771 1646 ταμιευθῆναι
1785 1610 1935 1646 διωρίσατο

1139 1658 1188 1691 τῆς
1200 1656 1283 1683 αὐτοῦ
1301 1656 1366 1692 ἄχρι
1393 1656 1524 1683 ἐπανόδου
1553 1655 1622 1691 πρὸς
1649 1655 1683 1682 τὰ
1706 1655 1856 1691 ἀνάκτορα,
1885 1657 1935 1684 καὶ

1140 1701 1232 1728 καλεῖν
1248 1701 1350 1737 ταύτην
1365 1701 1412 1729 καὶ
1431 1701 1463 1736 δὴ
1480 1702 1490 1716 ¹
1516 1700 1617 1736 ἔφησεν
1639 1701 1689 1736 τὴν
1717 1702 1836 1736 γυναῖκα
1861 1702 1933 1736 μετὰ

1141 1747 1259 1783 σπουδῆς
1285 1746 1507 1783 ἐπαναδραμών·
1530 1747 1577 1774 καὶ
1600 1747 1649 1782 ἥδε
1674 1747 1797 1783 παρέστη
1816 1747 1931 1781 εὐθέως,

1140 1793 1338 1820 ἐκδιδάσκουσὰ
1346 1802 1376 1820 τε
1385 1794 1476 1821 πάντα
1489 1794 1536 1819 καὶ
1551 1793 1689 1826 διεξιοῦσα
1702 1794 1805 1827 σαφῶς.
1816 1793 1932 1821 Κελεύει

1140 1839 1186 1866 οὖν
1196 1840 1261 1866 τόν³
1276 1848 1306 1866 τε
1325 1839 1474 1874 ἀφικέσθαι
1502 1840 1547 1866 τὸν
1580 1839 1732 1875 στρατηγὸν
1760 1840 1773 1864 6
1791 1840 1930 1874 βασιλεὺς,

1140 1885 1264 1922 καὶπερὶ
1279 1885 1326 1912 τοῦ
1347 1886 1430 1912 ἵππου
1458 1886 1572 1921 ζήτησιν
1589 1886 1660 1911 ποιεῖ
1686 1886 1823 1919 νεανικήν.
1851 1885 1895 1917 Ὠς
1908 1884 1931 1910 δ’

1139 1931 1245 1958 οἴκοθεν
1259 1932 1272 1958 6
1291 1932 1443 1967 στρατηγδς
1461 1932 1508 1958 καὶ
1537 1933 1587 1958 οὐκ
1613 1931 1733 1962 ἄλλοθεν,
1753 1931 1809 1957 ἀλλ’
1822 1930 1876 1957 οὐδ’
1901 1931 1930 1963 ἐξ

1141 1977 1269 2013 ἁρπαγῆς
1286 1978 1332 2004 τὸν
1354 1978 1438 2006 ἵππον
1467 1979 1654 2014 ἀποσταλῆναι
1672 1978 1837 2010 διεϐεϐαίου,
1860 1986 1932 2012 παρ-

1142 2024 1232 2060 ίστησι
1245 2025 1315 2051 κατὰ
1343 2025 1488 2061 πρόσωπον
1516 2025 1565 2060 τὴν
1586 2025 1730 2060 ἄνθρωπον
1746 2024 1855 2059 ἔλεγχον
1879 2022 1934 2049 τῶν

1140 2069 1295 2105 λεγομένων
1314 2071 1361 2097 καὶ
1373 2071 1537 2104 κατήγορον.
1556 2070 1612 2096 Οὐκ
1628 2070 1727 2104 ἔφερεν
1740 2070 1786 2095 οὖν
1805 2070 1819 2095 6
1835 2077 1935 2104 στρατ-

1141 2116 1210 2151 ηγὸς
1235 2116 1274 2151 τῷ
1304 2116 1399 2150 ψεύδει
1425 2114 1706 2150 καταλαμπρύνεσοαι
1730 2115 1781 2149 τὴν
1801 2114 1863 2148 δψιν
1885 2115 1937 2150 τῆς

1141 2161 1273 2196 γυναικὸς
1291 2159 1403 2195 ἐνορῶν,
1422 2159 1469 2184 καὶ
1484 2158 1542 2193 ἅμα
1568 2157 1662 2191 ἱκέτης
1681 2158 1788 2190 γίνεται
1819 2156 1939 2189 ἐλεεινὸς

1142 2208 1191 2234 καὶ
1205 2206 1251 2233 τοῦ
1267 2205 1402 2240 βασιλέως
1415 2205 1479 2235 τοὺς
1509 2204 1593 2235 πόδας
1611 2203 1745 2238 λαμϐάνει
1761 2203 1831 2238 μετά
1852 2204 1940 2231 κλαυ-

298 2250 446 2282 sententia,
463 2257 495 2277 ac
518 2253 689 2285 quantopere
705 2249 816 2285 iniquos
831 2255 956 2285 raptores
971 2249 1084 2281 odisset,

1143 2252 1223 2287 θμοῦ.
1243 2251 1276 2277 Τί
1295 2248 1341 2277 οὖν
1354 2251 1368 2276 6
1383 2249 1526 2286 βασιλεύς;
1549 2248 1674 2285 Ἐκείνην
1694 2249 1742 2284 μὲν
1754 2250 1803 2285 τὴν
1819 2251 1941 2284 γυναῖκα

297 2295 404 2323 cunctis
419 2294 577 2322 innotescit.

1148 2298 1216 2333 μετὰ
1230 2297 1285 2323 τῶν
1313 2296 1398 2331 αὐτῆς
1420 2295 1526 2322 παίδων
1541 2295 1675 2330 ἀδελφοὺς
1691 2295 1720 2329 ἐξ
1734 2295 1792 2322 [σου
1809 2295 1857 2322 καὶ
1871 2296 1941 2331 κλη-

301 2340 431 2376 ρονόμους
445 2340 495 2376 τῆς
508 2340 613 2368 ἐκείνου
638 2341 775 2370 δείκνυσιν
800 2343 990 2375 ὑποστάσεως,
1008 2342 1154 2379 μεθίστησι
1169 2352 1199 2369 τε
1216 2344 1265 2378 τῆς
1290 2342 1380 2379 ἀρχῆς
1404 2342 1497 2375 αὑτὸν,
1531 2343 1579 2371 καὶ
1603 2344 1670 2370 πᾶσι
1695 2341 1845 2377 κατάδηλος
1866 2343 1943 2377 γίνε-

298 2395 343 2414 ται
357 2387 373 2422 ὴ
392 2386 483 2413 δικαία
494 2387 585 2423 κρίσις
596 2388 679 2415 αὑτοῦ
691 2389 736 2415 xxi
748 2390 778 2415 τὸ
791 2390 859 2425 πρὶς
876 2391 939 2421 τοὺς
957 2390 1088 2424 ἅρπαγας
1098 2389 1320 2425 φιλαπέχθημον.

276 2461 279 2467 ,
333 2435 360 2462 8.
375 2434 431 2462 Nec
445 2436 537 2463 minus
550 2436 673 2464 aedificiis
691 2445 806 2470 operose
821 2437 995 2465 exstruendis
1010 2444 1087 2464 suam

279 2482 344 2518 ,ille
361 2481 531 2517 diligentiam
561 2483 698 2518 probavit.
726 2483 793 2510 Nam
817 2484 894 2511 urbis
918 2490 1023 2515 muros,
1041 2483 1088 2517 qui

279 2529 462 2556 humiliores
495 2534 607 2563 essent,
638 2538 654 2558 ιι
684 2530 871 2557 fundamentis
897 2529 1089 2563 exaediﬁcatis,

298 2576 359 2611 ejus
384 2577 458 2604 velut
476 2577 584 2604 senium
602 2577 741 2610 abstersit,
757 2585 844 2612 eaque
870 2577 1014 2605 altitudine
1028 2585 1092 2604 eum

300 2623 359 2656 pari
375 2623 580 2657 pulchritudine
596 2624 694 2651 extulit
712 2629 742 2652 ut
760 2631 832 2659 aegre
845 2623 973 2658 deinceps
987 2623 1021 2650 ab
1041 2623 1090 2651 bo-

301 2669 389 2696 stibus
403 2670 552 2698 conscendi
570 2670 693 2705 possint;
707 2671 755 2706 qui
774 2675 801 2698 et
815 2670 870 2706 95
884 2671 1018 2699 hactenus
1032 2671 1092 2705 ejus

301 2722 401 2742 nomen
429 2715 527 2743 litteris
554 2724 715 2752 expressmn
742 2718 842 2745 Celebri
871 2718 1003 2745 memoria
1028 2718 1093 2744 reti-

1182 2438 1217 2475 η’.
1229 2438 1285 2474 Οὐχ
1299 2435 1380 2473 ἦττον
1394 2438 1422 2464 δέ
1437 2446 1469 2471 γε
1483 2438 1529 2464 καὶ
1537 2438 1596 2468 ταῖς
1609 2436 1765 2470 οἰκοδομαῖς
1779 2435 1943 2471 ἐγκείμενος

1147 2485 1197 2521 τὴν
1213 2485 1309 2512 ἑαυτοῦ
1325 2484 1462 2511 ἐδείκνυτο
1479 2483 1650 2518 ἐπιμέλειαν.
1667 2483 1751 2517 Τείχη
1776 2490 1806 2507 τε
1829 2482 1882 2517 γὰρ
1905 2483 1944 2509 τὰ

1149 2532 1352 2567 χθαμαλώτερα
1372 2532 1404 2557 ἐκ
1423 2530 1531 2567 βάθρων
1555 2529 1783 2565 ἁναδειμάμενος,
1798 2528 1829 2554 τὸ
1851 2528 1943 2563 γῆρας

1151 2578 1244 2613 ὥσπερ
1260 2578 1401 2611 ἀποξύσας
1423 2577 1469 2603 καὶ
1487 2577 1555 2612 πρὸς
1573 2576 1640 2611 ὕψος
1669 2575 1738 2611 μετά
1757 2574 1873 2606 κάλλους
1887 2575 1944 2600 ἀπ-

1148 2625 1217 2660 άρας
1236 2624 1258 2656 δ,
1275 2624 1364 2651 ἄϐατα
1380 2624 1469 2658 πάντη
1487 2623 1623 2658 πεποίηκε
1639 2623 1695 2654 τοῖς
1711 2622 1819 2657 ἐχθροῖς
1830 2641 1837 2654 ,
1859 2620 1877 2647 ἃ
1894 2621 1944 2647 καί

1149 2671 1230 2706 μέχρι
1244 2670 1292 2697 τοῦ
1309 2669 1357 2697 νῦν
1376 2669 1426 2704 τὴν
1438 2669 1534 2696 τούτου
1556 2668 1745 2704 προσηγορίαν
1761 2667 1944 2703 ἐμφαίνουσιν

1147 2716 1380 2753 ἐγγεγραμμὲνην
1398 2715 1494 2750 ἔχοντα
1518 2716 1546 2742 ἐν
1559 2715 1662 2747 αὐτοῖς.
1686 2715 1724 2742 Οὐ
1753 2713 1806 2752 μὴν
1824 2714 1852 2741 δὲ
1873 2713 1943 2741 ἀλλὰ

952 2807 1069 2835 ΥΛΒΙᾸΞ
1088 2807 1292 2835 LECTlONES.

332 2867 355 2906 ’ξ
373 2866 537 2909 tua-4mg};
553 2866 585 2899 P;
615 2867 687 2909 (μιμᾴ
703 2868 797 2909 nescio
814 2874 851 2909 an
865 2871 974 2909 tueatur
989 2865 1224 2909 co‘llat’umnillud
1240 2873 1266 2909 p:
1285 2865 1316 2909 7Ii
1335 2866 1352 2909 li
1368 2867 1447 2909 25:9};
1465 2864 1721 2909 ιτῷ-κατατςροδὸντι
1743 2862 1837 2891 τοῦτον
1855 2869 1940 2897 στρα-

301 2901 418 2937 τεύματι
428 2902 609 2937 διεσώθησαν.

650 2904 657 2917 ¹
671 2903 818 2936 ἐκπλαγεὶς
833 2902 862 2929 Β.
902 2903 911 2918 ³
924 2902 971 2928 καὶ
986 2900 1030 2935 δὴ]
1049 2902 1109 2928 τότε
1123 2900 1177 2936 δὴῖ
1214 2901 1225 2917 ³
1238 2902 1284 2927 τον
1300 2901 1307 2936 j
1323 2901 1425 2928 αὖτὸνῖ
1464 2902 1473 2917 ⁸
1489 2901 1588 2937 ἐξάρας
1606 2902 1616 2926 '!
