4200 6476
576 403 675 467 ill

572 528 629 571 et
678 529 798 584 quae
864 528 1031 567 unum
1091 512 1357 566 duntaxat
1390 511 1703 565 Romanum
1760 510 2149 580 imperatorem
2184 518 2229 573 Α

575 613 851 664 decerent.
882 605 991 683 97
1027 603 1164 659 Ilinc
1200 604 1272 657 illi
1311 603 1610 658 admiratio
1641 603 1914 673 longeque
1945 616 2009 655 ac
2048 601 2156 656 late

576 700 867 773 pervolans
901 698 1143 754 nominis
1184 696 1427 751 claritas.
1471 694 1743 750 Caeterum
1792 694 1884 749 ubi
1918 695 2157 763 primum

576 794 940 849 Barbarorum
1012 792 1149 846 fines
1205 790 1420 861 attigit,
1479 800 1709 844 cunctos
1767 790 1821 843 in
1876 800 2158 858 stuporem

573 880 961 952 egit;eosque
999 879 1093 949 qui
1145 879 1335 932 amicae
1384 879 1809 948 percontationis
1853 893 2017 934 causa
2063 878 2162 933 ob-

573 970 719 1028 viam
758 966 834 1026 illi
873 971 1254 1043 procederent,
1288 981 1341 1026 et
1397 971 1502 1025 hoc
1533 971 1733 1039 solum,
1761 972 2034 1040 quomodo
2060 970 2163 1024 im-

575 1072 798 1137 perator
830 1065 1059 1120 haberet
1097 1079 1162 1119 ac
1200 1080 1365 1135 quam
1416 1079 1679 1134 prospera
1732 1072 1980 1118 uteretur
2013 1062 2160 1117 vale-

576 1161 789 1226 tudine,
822 1166 1153 1230 quaererent,
1178 1173 1473 1211 munerum
1523 1157 1756 1226 aurique
1789 1154 2162 1211 muniﬁcentia

577 1268 644 1309 ac
681 1252 838 1323 copia
875 1249 1080 1321 ingenti
1122 1249 1489 1305 admiratione
1527 1248 1821 1304 alliciebat.
1851 1247 2006 1303 Tunc
2030 1263 2165 1305 sane

578 1343 648 1397 ad
674 1341 957 1397 lsmaelem
984 1341 1249 1395 accedens
1291 1349 1345 1395 et
1374 1340 1429 1395 in
1459 1350 1820 1410 conspectum
1862 1341 2163 1405 admissus,

581 1431 931 1504 imperatoris
968 1432 1044 1486 illi
1093 1446 1381 1487 sermones
1420 1432 1686 1499 referens,
1737 1448 1861 1488 cum
1911 1448 2165 1503 peroras-

579 1533 684 1590 set,
718 1523 1037 1579 refectionis
1084 1539 1255 1579 causa
1290 1523 1345 1578 in
1395 1523 1759 1579 diversorium
1792 1524 2019 1579 secedit.
2061 1522 2164 1578 Eo-

580 1632 689 1687 que
728 1617 914 1672 animo
949 1616 1213 1672 incitatus
1239 1625 1299 1672 ut
1328 1632 1420 1673 res
1450 1616 1731 1673 Romanas
1758 1618 1931 1688 magis
1964 1618 2166 1687 magis-

510 1699 524 1711 ’
577 1726 687 1783 que
738 1710 990 1776 efferret,
1041 1709 1298 1781 quisquis
1356 1709 1425 1766 ad
1465 1724 1591 1765 eum
1642 1710 1842 1781 quavis
1886 1726 1949 1765 ex
1996 1724 2166 1765 causa

580 1806 809 1878 majoris
858 1805 1157 1863 minorisve
1203 1805 1465 1861 momenti
1498 1804 1806 1871 accederet,
1840 1816 2161 1876 argenteum

580 1899 867 1955 vasculum
923 1912 1061 1953 auro
1111 1897 1466 1968 nummisque
1517 1897 1737 1969 plenum
1793 1898 2051 1951 muniﬁca
2114 1878 2237 1952 ei‘3

584 1991 877 2061 largitione
942 1990 1239 2046 tribuebat.
1294 1988 1639 2062 Quandoque
1694 2006 1826 2047 vero
1883 1990 2165 2048 communi

584 2098 778 2140 mensa
824 2096 950 2138 cum
1006 2080 1266 2137 Barbarie
1320 2082 1553 2150 epulans
1603 2081 2013 2148 malluviorum,
2045 2096 2169 2151 qua!

579 2175 846 2243 diximus,
885 2174 1117 2231 alterum
1146 2174 1308 2246 cujus
1332 2174 1410 2230 illi
1430 2190 1572 2231 usus
1604 2174 1659 2230 in
1685 2176 1997 2230 ministerio
2026 2183 2166 2239 erat,

581 2268 854 2326 ministris
895 2268 1144 2340 praecipit
1168 2277 1230 2324 ut
1258 2269 1516 2325 consulto
1548 2270 1888 2324 amitterent.
1912 2267 2170 2339 Tumque

581 2379 695 2420 non
736 2363 844 2420 levi
874 2372 994 2418 orta
1025 2362 1338 2418 turbatione
1368 2378 1435 2419 ac
1466 2362 1730 2428 clamore,
1759 2362 1905 2434 quod
1932 2362 2013 2417 sic
2036 2361 2169 2416 illud

583 2455 855 2511 amissum
886 2462 1055 2521 esset,
1098 2469 1164 2511 ac
1208 2470 1335 2510 cum
1372 2470 1567 2511 omnes
1605 2454 1836 2510 Barbari
1878 2470 1992 2527 pre
2024 2456 2170 2511 vasis

584 2546 998 2618 pulchritudine
1029 2556 1083 2602 et
1112 2547 1305 2617 lepore
1327 2547 1642 2618 ingentique
1672 2548 1869 2616 pretio,
1898 2551 2170 2617 iacturam

585 2654 730 2711 aegre
766 2638 1008 2697 ferentes
1030 2679 1047 2707 ,
1083 2638 1292 2694 nullam
1334 2655 1443 2696 non
1498 2639 1841 2710 diligentiam
1868 2641 2171 2710 quaerendo

586 2730 933 2797 adhiberent,
989 2745 1077 2796 ac,
1133 2730 1281 2801 quod
1344 2731 1525 2798 aiunt,
1566 2732 1775 2786 nullum
1821 2746 1930 2787 non
1986 2733 2170 2788 funem

588 2823 971 2893 investigando
1006 2832 1315 2887 moverent,
1345 2831 1406 2878 ut
1436 2824 1583 2893 quod
1612 2822 1760 2879 furto
1785 2824 2027 2880 ablatum
2056 2836 2174 2882 erat

589 2916 644 2969 in
683 2915 859 2971 lucem
912 2914 1175 2985 prodiret,
1229 2913 1431 2984 iubens
1484 2914 1574 2969 ille
1624 2914 1859 2985 proferri
1914 2915 2171 2983 alterum,

586 3022 857 3077 servoque
880 3005 1151 3062 mandans
1183 3014 1244 3061 ut
1268 3006 1423 3076 prius
1448 3006 1583 3061 illud
1617 3006 1799 3077 perire
1824 3008 1992 3073 sinat,
2027 3010 2173 3079 quod

587 3100 669 3156 sic
701 3098 931 3155 ulterius
981 3099 1217 3155 scrutari
1251 3098 1584 3166 inhibuerat,
1617 3098 1926 3156 Saracenos
1966 3102 2020 3156 in
2053 3111 2175 3157 stu-

586 3208 779 3265 parem
804 3192 990 3248 vertit.
1021 3189 1163 3247 Hinc
1213 3207 1435 3263 quoque
1478 3207 1902 3249 amcramnunes
1953 3204 2008 3249 et
2056 3195 2173 3265 ipse
2201 3224 2244 3281 ο

587 3281 839 3338 muniﬁci
875 3296 1074 3337 nomen
1110 3282 1383 3347 ambiens,
1405 3291 1569 3354 atque
1613 3283 1665 3338 id
1699 3299 1900 3339 cavens
1936 3300 2005 3339 ne
2032 3285 2174 3339 ulla-

590 3384 752 3432 tenus
795 3374 872 3430 illi
912 3375 1091 3446 impar
1143 3373 1443 3439 videretur,
1498 3390 1625 3429 cum
1671 3376 1832 3431 donis
1877 3375 2002 3431 aliis
2063 3375 2178 3446 98

587 3482 715 3525 eum
744 3467 943 3538 accipit
963 3466 1220 3538 (quorum
1252 3466 1341 3521 ille
1370 3467 1662 3536 splendore
1686 3467 1825 3521 nihil
1847 3475 2039 3536 captus
2063 3476 2189 3533 est,

589 3561 687 3616 sed
724 3561 899 3618 instar
926 3560 1171 3631 pulveris
1216 3573 1405 3616 coram
1460 3559 1740 3631 proiecit),
1777 3570 1893 3616 tum
1929 3561 2177 3631 captivos

589 3663 812 3709 centum
852 3667 1046 3707 recens
1079 3666 1301 3707 carcere
1333 3651 1563 3708 eductos
1593 3651 1901 3722 ablatisque
1934 3652 2178 3723 captivo-

590 3760 715 3802 rum
761 3744 959 3816 pannis
1007 3752 1209 3798 ornato
1249 3743 1452 3798 vestitu
1484 3742 1729 3809 indutos,
1781 3745 2023 3815 amplum
2067 3746 2178 3801 scio

594 3840 722 3894 licet
742 3851 965 3902 munus,
994 3835 1242 3892 donavit.
1286 3834 1491 3891 Verum
1534 3837 1579 3892 is
1617 3852 1839 3908 quoque
1874 3837 2031 3893 valde
2052 3838 2179 3910 qui-
2216 3890 2221 3891 ,

589 3928 715 3982 dem
752 3924 942 3982 laudat
992 3925 1293 3996 probatque
1347 3924 1528 3982 dantis
1566 3928 2020 3996 munificentiam,
2060 3944 2183 3984 mu-

593 4036 700 4077 nus
732 4030 915 4075 tamen
947 4019 1166 4075 interim
1204 4022 1431 4089 respuit,
1461 4021 1647 4091 aitque
1675 4023 1891 4077 interim
1918 4022 2039 4077 illos
2058 4024 2181 4094 qui-

591 4112 715 4167 dem
752 4109 1038 4167 remissius
1067 4110 1387 4180 indultaque
1417 4110 1665 4167 libertate
1703 4112 2006 4183 gaudentes
2038 4113 2181 4184 apud

594 4220 655 4261 se
708 4214 952 4269 acturos,
998 4203 1173 4258 donec
1231 4202 1347 4273 ipse
1384 4205 1536 4275 paria
1592 4202 1789 4272 faciat,
1845 4207 2182 4277 redditisque

592 4297 717 4353 aliis
757 4295 1050 4351 Saracenis
1096 4296 1327 4366 captivis
1384 4297 1550 4352 hosce
1599 4296 1878 4353 Romanos
1930 4299 2181 4369 recipiat.

596 4389 707 4447 Res
742 4390 822 4445 sic
854 4397 1131 4444 transacta
1184 4398 1406 4457 stupore
1448 4388 1785 4444 Saracenum
1834 4389 2032 4444 aﬁ‘ecit.
2073 4389 2184 4447 Nec

594 4482 706 4552 jam
745 4490 802 4535 ut
858 4480 1099 4551 hospite,
1157 4479 1250 4534 sed
1308 4490 1367 4533 ut
1402 4480 1706 4535 domestico
1744 4497 1810 4537 ac
1872 4483 2185 4537 necessario

1637 398 2148 459 TllEOPIIANES
2183 395 2739 457 CONTlNUATUS.

3745 396 3843 461 ll!

2257 528 2375 576 τας,
2407 510 2499 563 καὶ
2545 509 2642 580 τῆς
2672 508 2694 540 ⁸
2725 508 3049 579 ἐρωτήσεως
3082 509 3241 579 χάριν
3279 509 3429 580 αὖτῷ
3470 509 3844 580 ύπηντηκὸσιν

2263 606 2353 655 καὶ
2382 603 2527 665 ὅπως
2566 601 2680 671 ἔχοι
2710 600 3040 671 πυθομένοις
3077 601 3237 672 μόνον
3276 604 3304 655 ὁ
3336 600 3613 672 βασιλεὺς,
3645 603 3712 674 τῇ
3746 602 3845 656 51-

2260 694 2445 765 ψιλείᾳ
2477 693 2584 747 τῶν
2609 694 2799 763 δώρων
2831 692 2928 747 καὶ
2952 692 3047 746 τοῦ
3070 694 3299 764 χρυσίου
3322 693 3603 765 θαυμάσαι
3621 694 3847 760 τούτους

2261 788 2539 859 ἐποίησεν.
2585 787 2720 841 Τότε
2751 784 2816 857 δὴ
2846 786 3157 858 πλησιάσας
3200 786 3277 858 τῷ
3318 788 3543 859 Ἰσμαὴλ
3580 789 3672 843 καὶ
3706 789 3848 843 κατὰ

2262 882 2558 953 πρόσωπον
2599 881 2753 944 στὰς,
2788 880 2884 933 καὶ
2912 880 3260 949 ἀπαγγείλας
3308 882 3438 944 τοὺς
3480 883 3543 934 ἐκ
3578 881 3847 952 βασιλέως

2262 974 2456 1042 λόγους
2487 973 2660 1043 αὐτῷ,
2696 974 2821 1026 ἐπεὶ
2855 973 3216 1041 ἀπηγγέλκει,
3244 973 3431 1027 ἄπεισι
3460 974 3597 1045 πρὸς
3630 975 3691 1027 τὸ
3711 976 3851 1029 ἀνα·

2264 1063 2521 1127 παύσεως
2553 1063 2923 1132 καταγώγιον.
2950 1062 3039 1135 [Ρ.
3070 1063 3161 1136 61]
3190 1064 3408 1117 Μᾶλλον
3432 1064 3489 1118 δέ
3518 1066 3611 1119 καὶ
3647 1066 3852 1135 μᾶλλον

2266 1157 2591 1229 βουλόμενος
2624 1158 2818 1231 ἐξᾶραι
2870 1158 2939 1212 τὰ
2998 1157 3289 1228 Ῥωμαίων
3337 1157 3661 1229 πράγματα,
3722 1159 3853 1222 τοὺς

2264 1249 2351 1318 ἐφ’
2390 1247 2753 1319 οἰᾳδηποτοῦν
2798 1248 2952 1319 αἰτίᾳ
2993 1248 3131 1319 πρὸς
3158 1248 3322 1301 αὐτὸν
3368 1249 3689 1315 φοιτῶντας,
3752 1266 3853 1319 με-

2264 1341 2405 1412 γάλῃ
2438 1358 2499 1394 τε
2545 1341 2640 1394 καὶ
2693 1343 2885 1412 μικρᾷ,
2935 1339 3128 1404 σκεῦός
3183 1357 3236 1392 τι
3291 1339 3563 1411 ἀργύρεον
3621 1343 3854 1413 χρυσίου

2266 1432 2492 1505 πληρῶν
2530 1432 2750 1505 ἑκάστῳ
2789 1432 3032 1486 ἐπεδίδου
3068 1433 3543 1504 φιλοτιμούμενος.
3574 1434 3685 1489 Καί
3718 1451 3853 1488 ποτε

2265 1524 2323 1579 δέ
2344 1527 2457 1588 τοῖς
2486 1524 2784 1596 βαρϐάροις
2806 1524 3255 1595 ’συνεστιώμενος
3279 1524 3391 1578 τῶν
3422 1525 3731 1597 εἰρημένων
3758 1524 3857 1578 δύο

2266 1617 2662 1689 χειρονίπτρων
2691 1620 2800 1679 τοῖς
2826 1617 3162 1687 ὑπηρετοῦσι
3187 1617 3559 1689 παρήγγειλεν
3585 1616 3857 1671 ἀπολέσαι

2266 1707 2473 1761 τούτων
2490 1707 2756 1771 ἑκουσίως
2771 1708 2834 1761 τὸ
2858 1708 2945 1761 ἐτε
2956 1724 3068 1779 ρον,
3083 1708 3111 1761 δ
3128 1709 3207 1771 εἰς
3225 1707 3535 1779 ὑπηρεσίαν
3564 1706 3855 1778 ἐκέκτητο.

2281 1801 2369 1864 Ὦς
2398 1802 2454 1855 δὲ
2479 1800 2643 1872 θροῦς
2673 1818 2755 1865 τις
2781 1802 2881 1855 οὐκ
2911 1801 3145 1873 ἀγεννὴς
3171 1803 3264 1856 ἐπὶ
3286 1804 3351 1873 τῇ
3382 1801 3628 1873 ἀπωλείᾳ
3661 1801 3857 1855 τούτου

2267 1897 2504 1965 ἐγένετο,
2536 1896 2631 1951 καὶ
2671 1897 2873 1957 πάντες
2900 1898 2947 1949 οἱ
2985 1895 3255 1969 βάρϐαροι
3300 1894 3379 1966 τῷ
3423 1894 3610 1949 κάλλει
3658 1891 3857 1947 τούτου

2270 1992 2362 2042 καὶ
2401 1991 2467 2059 τῇ
2501 1989 2813 2061 σεμνότητι,
2842 1990 2923 2043 ἐτι
2961 2007 3024 2057 γε
3053 1990 3150 2042 καί
3187 1991 3251 2060 τῇ
3283 1989 3731 2061 μεγαλοπρεπείᾳ
3764 1987 3859 2058 βε-

2269 2080 2533 2151 ϐλημένοι
2589 2082 2689 2154 τὴν
2751 2082 2930 2153 ψυχὴν
2967 2082 3170 2152 πολλὴν
3222 2081 3518 2154 συζήτησιν
3574 2080 3862 2135 ἐποιοῦντο

2270 2172 2366 2226 καὶ
2389 2172 2639 2244 ἔρευναν,
2688 2174 2783 2227 καὶ
2832 2174 3011 2227 πάντα
3060 2175 3265 2239 κάλων,
3316 2174 3377 2226 τὸ
3424 2173 3489 2244 δὴ
3534 2172 3858 2243 λεγόμενον,

2272 2265 2469 2331 ἔσειον,
2524 2266 2601 2327 ὡς
2640 2265 2708 2320 ἂν
2738 2267 2818 2329 εἰς
2861 2266 2977 2335 φῶς
3007 2266 3147 2337 ἀχθῇ
3192 2267 3254 2319 τὸ
3283 2266 3513 2331 κλαπὲν,
3551 2264 3861 2335 τηνικαῦτα

2270 2354 2428 2425 οὗτος
2461 2360 2522 2415 τδ
2556 2362 2744 2432 ἓτερον
2774 2362 3023 2417 ἐκϐαλεῖν
3056 2362 3341 2427 κελεύσας,
3377 2363 3494 2427 καὶ,
3537 2381 3554 2413 ι
3589 2360 3761 2416 Τοῦτο
3792 2361 3863 2415 ἔα

2273 2455 2617 2526 φθείρεσθαι,
2657 2473 2676 2506 ι
2712 2454 2976 2521 ἐπειπὼν,
3002 2458 3082 2521 εἰς
3123 2456 3332 2527 θάμϐος
3367 2451 3470 2527 ἦγε
3506 2457 3634 2519 τοὺς
3675 2456 3862 2526 Σαρα-

2274 2549 2497 2619 κηνοὺς,
2523 2550 2621 2621 τὴν
2645 2549 2901 2621 τοιαύτην
2932 2548 3160 2621 ζήτησιν
3187 2547 3353 2603 αὐτοῦ
3382 2546 3860 2610 καταπαύσαντος.

2277 2642 2442 2695 Ὅθεν
2473 2642 2568 2695 καὶ
2602 2646 2629 2697 ὁ
2655 2641 3087 2714 ἀμεραμνουνῆς
3121 2640 3722 2712 ἀντιφιλοτιμούμενος,
3766 2642 3867 2693 καὶ

2273 2734 2466 2788 τούτου
2502 2733 2754 2805 δεύτερος
2799 2734 3034 2807 ὀφθῆναι
3079 2734 3153 2806 μὴ
3197 2734 3542 2805 βουλόμενος,
3591 2733 3770 2796 ἄλλοις
3799 2750 3865 2784 τε

2274 2827 2468 2900 δώροις
2489 2828 2650 2883 αὐτὸν
2673 2828 3029 2901 ἐθεράπευεν,
3061 2823 3217 2883 οἷσπε
3227 2845 3257 2899 ρ
3279 2827 3441 2890 αὐτὸς
3464 2826 3561 2895 οὐχ
3583 2824 3865 2896 ἡλίσκετο,

2274 2919 2391 2975 ἀλλ’
2419 2920 2495 2985 ώς
2520 2919 2650 2992 χοῦν
2682 2921 2849 2975 αὐτοῦ
2886 2920 3227 2975 κατενώπιον
3268 2920 3549 2990 ἔρριπτεν,
3586 2918 3681 2971 καὶ
3712 2918 3733 2948 ⁹
3762 2919 3869 2969 ἐπ-

2276 3011 2449 3068 εδίδου
2480 3012 2867 3085 αἰχμαλώτους
2896 3012 3091 3066 ἑκατὸν
3123 3012 3249 3083 ἀρτι
3271 3011 3371 3081 τῆς
3390 3012 3635 3082 φρουρᾶς
3658 3009 3866 3079 ἐξαγα-

2276 3104 2389 3174 γὼν
2423 3105 2519 3159 καὶ
2564 3106 2869 3176 ἀμφιάσεσι
2915 3105 3201 3175 κοσμήσας
3253 3102 3579 3175 εὐπρεπέσι,
3642 3103 3713 3157 τὰ
3760 3102 3866 3173 τῆς

2276 3194 2660 3265 αἰχμαλωσίας
2705 3192 3093 3266 περιελόμενος
3129 3192 3319 3264 ῥάκια.
3372 3190 3536 3246 Ἀλλά
3576 3190 3672 3245 καί
3708 3184 3865 3253 οὗτος

2276 3286 2467 3357 ἐπῄνει
2505 3284 2605 3356 μὲν
2634 3284 2775 3338 πάνυ
2812 3284 2906 3337 καὶ
2944 3284 3245 3355 ἀπεδέχετο
3276 3282 3369 3338 τοῦ
3396 3283 3629 3347 διδόντος
3657 3282 3721 3336 τὸ
3765 3300 3863 3354 με·

2275 3377 2613 3448 γαλόδωρον,
2651 3375 2926 3447 ἐλάμϐανε
2955 3376 3011 3429 δέ
3041 3377 3317 3448 οὐδαμῶς,
3347 3375 3518 3430 εἰπὼν
3551 3374 3777 3439 τούτους
3805 3375 3865 3428 ἐν

2276 3469 2462 3524 ἀνέσει
2499 3468 2600 3539 μέν
2637 3468 2775 3532 τέως
2807 3468 2903 3521 καί
2931 3466 3215 3540 ἐλευθερίᾳ
3248 3469 3431 3540 μένειν
3460 3466 3592 3537 παρ’
3627 3467 3865 3529 ἑαυτοῖς,

2279 3561 2476 3632 μέχρις
2508 3560 2575 3613 ἂν
2604 3560 2704 3632 τὴν
2733 3561 3101 3632 ἀντισήκωσιν
3120 3561 3510 3632 ἐξεργάσηται,
3543 3560 3639 3613 καὶ
3671 3558 3866 3622 ἀλλους

2278 3650 2661 3725 αἰχμαλώτους
2737 3654 3090 3725 Σαρακηνους
3149 3653 3369 3714 ἐπιδοὺς
3424 3651 3656 3714 ἐκείνοις
3738 3653 3867 3713 τοὺς

2278 3746 2583 3818 ἡμετέρους
2600 3746 2920 3818 ἐκλήψεται.
2940 3745 3114 3799 Τοῦτο
3134 3744 3264 3815 γοῦν
3284 3743 3577 3813 γενόμενον
3603 3742 3865 3813 ἐξέπληξε

2280 3839 2374 3893 τὸν
2411 3839 2733 3911 Σαρακηνόν
2756 3854 2771 3870 ·
2802 3838 2897 3894 καί
2940 3838 3124 3892 ούκέτι
3151 3838 3228 3900 ώς
3258 3836 3428 3903 ξένον,
3470 3836 3546 3899 ώς
3574 3838 3775 3889 οἰκεῖον
3810 3836 3868 3889 δέ

2281 3932 2593 4003 ¹ἡγούμενος
2620 3931 2811 3987 τοῦτον
2842 3930 3086 4002 συνεχῶς
3130 3930 3505 4001 μετεκαλείτο,
3536 3928 3631 3982 καὶ
3660 3927 3869 3996 θησαυ-

2286 4025 2413 4098 ροὺς
2442 4023 2685 4078 ἐδείκνυε
2718 4023 2845 4087 τοὺς
2894 4021 3093 4077 ἐαυτοῦ
3142 4021 3237 4075 καί
3282 4020 3354 4074 τὰ
3395 4018 3503 4072 τῶν
3554 4015 3871 4089 οἰκημάτων

2283 4118 2458 4189 κάλλη
2486 4117 2581 4171 καὶ
2611 4116 2711 4189 τὴν
2743 4114 2910 4170 αὐτοῦ
2958 4114 3426 4186 σεμνοπρέπειαν,
3472 4111 3568 4165 καὶ
3601 4110 3776 4173 οὕτως
3808 4107 3873 4179 δὴ

2282 4210 2463 4280 τιμῶν
2488 4226 2554 4277 γε
2597 4208 2788 4262 τοῦτον
2840 4208 3115 4276 ἐφαίνετο,
3155 4205 3315 4276 ἀχρις
3340 4196 3401 4257 οὗ
3439 4199 3875 4274 μεγαλοπρεπῶς

2285 4301 2452 4356 πάλιν
2483 4299 2621 4371 πρὸς
2664 4300 2765 4372 τὴν
2827 4292 3410 4354 Κώνσταντινούπολιν
3445 4292 3873 4361 ἐξαπέσταλκεν.

2292 4398 2390 4461 Ὃς
2418 4395 2514 4449 καί
2553 4395 2691 4466 πρὸς
2722 4395 2814 4448 τὸν
2844 4392 3105 4462 Θεόφιλον
3135 4392 3260 4463 ἄρτι
3295 4388 3653 4462 ἐξεληλυθὼς,
3684 4388 3777 4441 καὶ
3808 4387 3875 4439 τὰ

2288 4487 2388 4557 τῆς
2414 4487 2616 4559 Συρίας
2653 4486 2791 4557 πρὸς
2817 4485 2980 4540 αὑτὸν
3010 4482 3442 4556 διεξερχόμενος,
3474 4481 3659 4535 ἔπεισε
3684 4478 3754 4533 τά
3784 4476 3878 4531 τοῦ

598 4574 695 4629 illo
728 4573 1002 4636 utebatur,
1032 4572 1293 4627 continue
1333 4572 1399 4626 ad
1430 4588 1490 4627 se
1522 4573 1782 4639 invitans,
1826 4589 2067 4645 suosque
2106 4575 2178 4629 illi

2294 4578 2469 4651 Βρύου
2520 4578 2799 4649 ἀνάκτορα
2846 4578 2984 4648 πρὸς
3015 4577 3112 4646 τὴν
3158 4576 3267 4630 τῶν
3318 4574 3655 4647 Σαρακηνῶν
3708 4589 3876 4626 κατα-

595 4668 893 4722 thesauros
926 4674 979 4718 et
1007 4663 1297 4718 domorum
1339 4663 1689 4735 elegantiam,
1718 4680 1784 4721 ac
1831 4665 1877 4721 si
1918 4667 2051 4736 quid
2086 4683 2184 4722 au-

596 4760 813 4833 gustius
836 4758 1015 4831 gentis
1033 4755 1279 4811 moribus
1303 4756 1628 4821 habebatur,
1675 4758 1965 4814 visendum
1995 4770 2185 4816 osten-

599 4855 794 4922 debat;
824 4867 1003 4924 eoque
1035 4851 1188 4906 illum
1220 4850 1372 4906 visus
1396 4860 1481 4906 est
1513 4852 1720 4908 honore
1745 4853 1949 4918 colere,
1981 4854 2187 4924 quoad-

599 4961 775 5019 usque
832 4944 1122 5018 magniﬁce
1155 4958 1350 4997 rursus
1380 4943 1916 5016 Constantinopolim
1949 4946 2184 5002 remisit.

599 5040 876 5097 lleversus
914 5046 1099 5092 autem
1134 5034 1224 5092 ille
1273 5035 1342 5090 ad
1377 5035 1744 5107 Theophilum
1772 5053 1839 5093 ex
1890 5039 2183 5111 legatione,

597 5149 797 5205 resque
829 5132 906 5187 illi
936 5130 1109 5202 Syria:
1139 5144 1429 5194 enarrans,
1463 5131 1642 5185 suasit
1667 5139 1726 5185 ut
1753 5130 1993 5203 Bryense
2031 5133 2186 5203 pala-

600 5227 736 5282 tium
784 5225 852 5280 ad
906 5223 1362 5280 Saracenicarum
1399 5224 1600 5280 aedium
1636 5225 2055 5282 similitudinem
2092 5241 2188 5281 ex-

600 5327 858 5382 strueret,
889 5317 1079 5373 eadem
1116 5315 1290 5390 ﬁgura
1336 5332 1401 5372 ac
1430 5317 1710 5385 varietate,
1766 5327 1824 5374 ut
1860 5320 1995 5373 nihil
2028 5336 2187 5391 pror-

600 5426 697 5465 sus
749 5410 806 5463 in
857 5411 1107 5481 utrisque
1162 5410 1441 5467 diversum
1492 5422 1830 5467 occurreret.
1891 5413 2185 5470 l’rtefectus

600 5503 751 5571 operi
788 5517 967 5573 exque
1021 5502 1249 5559 Joannis
1306 5504 1572 5559 relatione
1632 5517 1929 5560 exsecutus
1988 5517 2068 5561 cst
2107 5509 2189 5560 vir

601 5590 873 5649 Patricius
898 5596 1138 5660 nomine,
1164 5596 1259 5665 qui
1290 5606 1343 5651 et
1377 5597 1492 5665 ipsa
1521 5596 1747 5665 patricia
1786 5596 2053 5667 dignitate
2086 5597 2192 5652 ful-

2294 4670 2666 4740 σκευασθῆναι
2720 4670 3006 4742 ὁμοίωσιν,
3037 4668 3095 4723 ἐν
3122 4686 3181 4722 τε
3213 4668 3460 4740 σχήμασι
3498 4667 3593 4720 καὶ
3634 4662 3876 4731 ποικιλίᾳ

2296 4764 2464 4836 μηδὲν
2511 4764 2739 4818 ἐκείνων
2769 4764 2831 4817 τὸ
2881 4763 3103 4817 σύνολον
3135 4762 3601 4833 παραλλάττοντα,
3650 4756 3879 4817 ἐκείνοις
3976 4824 3979 4825 ν

2294 4857 2487 4911 τούτου
2518 4858 2931 4929 παρισταμένου
2965 4858 3059 4911 καὶ
3090 4855 3233 4910 κατὰ
3269 4854 3367 4925 τὴν
3406 4851 3653 4905 Ἰωάννου
3679 4850 3883 4919 ἐξήγησ

2300 4967 2385 5005 σιν
2436 4950 2506 5003 τὰ
2557 4948 2668 5003 τῶν
2717 4950 2895 5022 ἔργων
2942 4946 3398 5020 ἐκπερατοῦντος,
3451 4943 3510 5007 ὂς
3560 4942 3733 5012 ὄνομα
3780 4940 3880 5012 μέν

2298 5044 2582 5115 Ιίατρίκης
2620 5042 2764 5097 οὕτω
2798 5041 3132 5111 καλούμενος
3161 5038 3497 5109 ὠνομάζετο,
3522 5038 3588 5107 τῇ
3621 5033 3730 5089 τῶν
3775 5051 3883 5087 πα-

2296 5137 2529 5206 τρικίων
2553 5136 2609 5190 δὲ
2635 5138 2770 5208 τιμῇ
2801 5134 3154 5207 ἐσεμνύνετο,
3184 5131 3343 5185 τοῦτο
3373 5131 3534 5202 μόνον
3566 5126 3883 5199 περιττότε-

2299 5246 2393 5299 ρον
2418 5228 2818 5301 ἐργασάμενος,
2852 5228 2915 5282 τὸ
2948 5228 3090 5282 κατά
3127 5226 3220 5280 τὸν
3260 5225 3492 5279 κοιτῶνα
3534 5223 3621 5293 lP.
3653 5216 3746 5294 62]
3786 5219 3885 5291 μὲν

2297 5322 2581 5391 ἀνεγεῖραι
2609 5319 2739 5374 ναὸν
2766 5320 2846 5383 εἰς
2876 5318 3049 5389 ὄνομα
3081 5316 3388 5387 ύπεραγίας
3406 5315 3697 5383 δεσποίνης
3727 5310 3885 5381 ἡμῶν

2298 5414 2588 5479 Θεοτόκου,
2620 5414 2765 5467 κατά
2792 5412 2847 5465 δέ
2875 5411 2935 5465 τὸ
2973 5409 3269 5482 προαύλιον
3292 5410 3400 5462 τῶν
3429 5406 3687 5461 τοιούτων
3708 5404 3883 5458 παλα-

2296 5507 2429 5559 τίων
2468 5507 2562 5559 τὸν
2616 5506 2913 5577 τρίκογχον
2962 5506 3090 5559 ναὸν
3124 5503 3310 5557 κάλλει
3361 5519 3422 5555 τε
3468 5501 3755 5556 κάλλιστον
3793 5498 3886 5551 καί

2301 5599 2524 5670 μεγέθει
2559 5600 2768 5652 πολλῶν
2824 5598 3174 5668 διαφέροντα,
3206 5598 3299 5650 καὶ
3331 5594 3391 5649 τὸ
3449 5595 3547 5665 μὲν
3592 5592 3756 5665 μέσον
3809 5607 3886 5653 εις

1890 5781 2124 5836 ΥΑἰίἰᾹὶ
2158 5781 2560 5839 ιΕιιτιοΝΕς..

677 5864 701 5897 ⁸
726 5864 852 5938 tiae}
884 5866 1037 5930 τοΐςῖ
1112 5869 1132 5897 ⁹
1164 5867 1255 5919 καὶ
1300 5884 1410 5923 om.
1446 5869 1505 5924 P.
