4200 6424
374 333 483 405 ιιι

1181 345 1329 409 LIB.
1372 344 1484 404 III.
1527 368 1593 380 —
1623 341 2119 406 THEOPHILUS
2157 342 2576 405 MICHAELIS
2615 342 2895 405 FILIUS.

3568 302 3676 410 tu

389 461 558 528 ινσμα
584 455 681 511 τοῦ
728 458 1217 529 ἀρχιστρατήγου,
1244 460 1312 511 τὰ
1342 457 1399 511 δὲ
1429 457 1770 530 ἑκατέρωθεν
1797 457 1989 512 τούτου

2099 458 2277 530 gebat.
2326 456 2509 514 Unum
2548 459 2651 516 hoc
2690 458 2927 530 amplius
2980 460 3172 518 habuit
3199 457 3487 530 Theophili
3517 463 3677 518 moli-

401 570 479 616 εις
506 547 803 621 μαρτύρων
837 550 1125 619 γυναικῶν
1147 549 1318 617 ἁγίων
1343 550 1603 621 ὀνόματα.

2092 550 2192 616 ιίο,
2230 550 2376 621 quod
2428 550 2497 606 ad
2551 567 2769 607 sacrum
2838 551 3150 609 cubiculum
3187 555 3291 610 sub
3334 555 3681 611 invocatione

397 648 761 701 sanctissima
799 642 1053 700 Domina:
1089 652 1294 699 nostrae
1322 643 1736 699 DeiGenitricis
1796 657 2012 700 sacram
2051 643 2222 698 adem
2293 644 2587 713 exstruxit,
2646 656 2706 699 ut
2748 656 2803 701 et
2843 646 3106 718 templum
3161 646 3275 719 99
3328 646 3676 703 triconehum

394 757 492 811 pro
523 740 721 809 palatii
756 740 900 795 atrio
926 740 1103 809 (velut
1132 741 1332 811 triplici
1379 741 1611 810 apside),
1644 741 1804 810 longe
1848 739 1981 796 illud
2021 739 2452 810 pulcherrimum
2485 758 2551 799 ac
2580 743 2767 799 multis
2794 742 2936 800 mole
3005 753 3292 814 praestans.
3360 744 3439 801 Ae
3502 745 3680 801 media

392 836 619 905 quidem
641 835 897 905 porticus
959 834 1207 891 caelestis
1266 834 1475 890 militias
1495 834 1759 906 principis
1784 834 2064 891 Michaelis
2111 834 2330 892 nomine
2357 836 2536 891 dicata
2570 846 2683 905 est;
2713 837 2971 908 utrinque
3002 851 3132 892 vero
3150 838 3363 908 posita}.
3394 852 3676 894 sacrarum

392 932 697 987 mulierum
722 932 919 987 dicatas
944 930 1190 996 nomine,
1211 945 1333 1001 quas
1370 932 1500 1001 ipsa:
1531 932 1793 1002 martyria
1827 931 2168 993 dedicarunt.

467 1020 522 1077 ι’.
556 1024 672 1077 Καὶ
705 1022 838 1093 περὶ
878 1021 982 1092 μὲν
1014 1021 1084 1074 τὰ
1112 1020 1340 1075 τοιαῦτα
1371 1021 1545 1075 ἐδόκει
1574 1038 1634 1075 τε
1665 1023 1760 1076 καὶ
1804 1022 1990 1093 ἐνομί-

388 1116 521 1179 ζετο
549 1112 993 1185 μεγαλοπρεπὴς
1020 1113 1049 1165 6
1082 1113 1342 1183 Θεόφιλος
1365 1115 1460 1167 καὶ
1487 1114 1831 1185 θαυμαστός·
1864 1115 1993 1187 περὶ

391 1206 459 1259 δὲ
480 1208 609 1269 τοὺς
638 1206 873 1269 πιστοὺς
900 1206 1051 1275 ἡμᾶς
1076 1204 1174 1259 καὶ
1201 1205 1328 1268 τοὺς
1357 1206 1458 1271 τὰς
1489 1207 1698 1271 σεπτὰς
1723 1208 1818 1262 καὶ
1838 1207 1992 1271 θείας

403 1296 617 1360 εἰκόνας
641 1295 1096 1368 προσκυνοῦντας
1125 1290 1272 1360 οἶοςί
1332 1297 1421 1361 Ὠς
1457 1296 1735 1369 βάρϐαρός
1780 1315 1866 1362 τις
1896 1299 1991 1352 καὶ

404 1390 700 1461 αὐστηρὸς,
738 1389 952 1453 πάντας
981 1388 1293 1460 παρελάσαι
1324 1389 1649 1459 φιλονεικῶν
1696 1391 1790 1445 ἐπὶ
1815 1392 1991 1462 τούτῳ

399 1484 633 1548 δεινούς.
672 1484 739 1537 Οί
770 1484 871 1553 μὲν
900 1482 1011 1552 γὰρ
1043 1483 1154 1553 πρὸ
1197 1482 1363 1537 αὐτοῦ
1412 1483 1586 1553 (Λέων
1615 1483 1672 1537 δὲ
1709 1479 1852 1556 ἦσαν
1895 1485 1989 1539 καὶ

395 1577 624 1648 Μιχαὴλ
649 1576 681 1628 6
730 1573 923 1628 τούτου
980 1574 1189 1647 πατὴρ)
1233 1577 1262 1629 6
1299 1575 1398 1645 μὲν
1437 1574 1726 1629 ἐθέσπισεν
1767 1578 1841 1648 μή
1891 1592 1994 1631 τινι

394 1670 509 1721 τῶν
534 1666 945 1740 γεγραμμένων
988 1667 1235 1733 εἰκόνων,
1271 1667 1376 1722 κᾶν
1423 1668 1478 1722 εί
1507 1685 1610 1722 που
1644 1669 1993 1741 γραφόμεναι

399 1759 642 1830 τύχοιεν,
672 1759 772 1830 τὴν
822 1760 991 1829 ἅγιος
1024 1759 1210 1831 φωνὴν
1257 1760 1713 1832 ὲγχαράττεσθαι,
1769 1762 1847 1827 ὡς
1893 1764 1993 1817 οὐκ

2175 1025 2259 1080 10.
2288 1025 2463 1096 Atque
2491 1025 2577 1081 his
2606 1023 2827 1096 quidem
2854 1025 2907 1082 in
2944 1024 3108 1079 rebus
3156 1024 3425 1098 magniﬁci
3481 1041 3676 1080 nomen

2099 1117 2629 1186 admirationemqne
2659 1116 2860 1172 meruit
2900 1114 3281 1184 Theolibilus:
3324 1131 3452 1186 erga
3496 1113 3679 1171 ﬁdeles

2098 1223 2253 1273 vero,
2292 1223 2356 1262 ac
2383 1208 2475 1278 qui
2500 1207 2841 1269 venerandas
2879 1223 3179 1277 sacrasque
3224 1206 3492 1278 imagines
3532 1209 3679 1263 cole—

2099 1305 2241 1360 rent,
2280 1298 2497 1367 qualem
2530 1312 2589 1353 se
2617 1296 2912 1355 exhibuit?
2952 1296 3120 1358 Plane
3165 1305 3227 1352 ut
3255 1296 3549 1353 barbarum
3578 1297 3681 1353 du-

2100 1403 2353 1459 rumque,
2390 1405 2455 1444 ac
2483 1390 2576 1459 qui
2606 1388 2925 1445 decesseres
2961 1404 3155 1443 omnes
3193 1399 3454 1460 tyrannos
3480 1404 3546 1445 eo
3591 1407 3681 1444 no-

2101 1480 2248 1536 mine
2287 1480 2525 1551 odioque
2565 1496 2827 1551 superare
2870 1480 3245 1537 contenderet.
3299 1479 3546 1539 Fuerunt
3603 1482 3677 1537 illi

2099 1570 2212 1626 beo
2250 1587 2315 1627 ac
2345 1571 2577 1628 Michael
2603 1572 2721 1644 ejus
2758 1582 2933 1651 pater,
2961 1572 3120 1640 cuius
3162 1572 3374 1635 sanctio
3415 1573 3593 1631 fuerat
3624 1585 3682 1631 ut

2098 1663 2533 1734 nullipietarum
2580 1665 2904 1735 imaginum,
2948 1666 3145 1739 quovis
3199 1667 3303 1722 illae
3350 1667 3473 1724 loco
3522 1669 3683 1742 picta:

2098 1757 2433 1817 haberentur
2461 1797 2476 1822 ,
2540 1772 2743 1819 nomen
2801 1766 3017 1811 sanctus
3066 1758 3433 1814 ascriberetur
3470 1776 3487 1827 ;
3532 1761 3679 1830 quod

394 1852 550 1923 ἄλλῳ
575 1852 687 1906 τινὶ
715 1852 923 1923 ταύτην
951 1853 1183 1923 ἁρμόζει
1221 1853 1625 1924 ἐπιγράφεσθαι
1655 1855 1689 1927 ἢ
1716 1855 1795 1928 τῷ
1830 1856 1993 1935 Θείω,

2101 1864 2225 1902 eum
2257 1848 2474 1909 titulum
2534 1864 2599 1904 ac
2630 1864 2820 1904 vocem
2860 1849 2955 1904 uni
2995 1848 3260 1905 duntaxat
3315 1850 3423 1905 Deo
3481 1865 3682 1906 conve-

398 1946 507 1997 οῦκ
527 1945 804 2015 εὐστόχως
822 1944 1001 2014 βαλὼν
1026 1944 1104 2015 τῷ
1123 1945 1201 2018 νῷ
1223 1963 1237 1977 ·
1259 1946 1377 2010 πῶς
1399 1946 1529 2019 γὰρ,
1562 1947 1680 2019 εἷγηε
1703 1947 1798 2002 καὶ
1824 1950 1995 2025 αὐτῆς

404 2038 510 2104 τῆς
544 2038 692 2104 Θεὸς
715 2038 891 2107 φωνῆς
923 2037 1271 2109 ὑψηλοτέρας
1304 2038 1475 2111 οὔσης
1505 2040 1774 2109 μεταδοὺς
1799 2043 1827 2095 ό
1861 2041 1994 2106 Θεὸς

407 2133 532 2195 τοῖς
560 2130 880 2201 ἀνθρώποις,
907 2135 1023 2195 τοῖς
1046 2132 1107 2187 οῦ
1141 2132 1325 2203 φύσει,
1352 2133 1496 2198 θεοῖς
1519 2133 1581 2188 δέ
1609 2134 1847 2205 ¹⁰“φημι,
1879 2135 1993 2209 εἴτε

403 2222 580 2287 αὐτὸς
600 2223 691 2277 διὰ
718 2222 807 2277 τοῦ
826 2224 1111 2296 προφήτου
1133 2219 1203 2295 ἦν
1226 2224 1255 2278 6
1277 2224 1675 2297 φθεγξάμενος,
1701 2226 1801 2296 τῆς
1826 2225 1995 2293 ἅγιος

395 2314 779 2385 ἀποστερήσει
807 2314 1201 2386 ταπεινοτέρας
1227 2313 1396 2387 οὔσης
1425 2316 1570 2371 κατὰ
1592 2316 1727 2371 πολύ
1753 2335 1769 2385 ;
1805 2317 1943 2390 πλὴν
1966 2319 1995 2372 6

398 2406 507 2475 μὲν
529 2405 718 2471 τοῦτο,
754 2408 911 2478 φησὶ.
946 2408 1215 2474 θεσπίσας
1239 2403 1329 2479 ἦν,
1368 2408 1566 2481 ἅτερος
1601 2409 1659 2464 δὲ
1689 2411 1718 2464 6
1747 2411 1899 2466 Λέων
1934 2411 1995 2464 τὸ

402 2498 543 2569 μηδὲ
595 2499 1062 2569 προσκυνεῖσθαι·
1118 2502 1270 2571 Ἐγὼ
1302 2502 1375 2555 δὲ
1400 2503 1469 2556 τὸ
1522 2502 1680 2572 μηδὲ
1726 2501 1995 2574 χρώμασι

407 2591 633 2656 ταύτας
684 2590 1026 2647 τυποῦσθαι
1092 2609 1158 2647 τε
1205 2593 1319 2647 καί·
1361 2592 1768 2663 Μρφάζεσθαι
1794 2637 1808 2661 ,
1846 2594 1996 2651 καθό

406 2680 744 2751 χαμαιπετῆ
773 2681 922 2738 ὄντα
950 2684 1024 2739 οὐ
1051 2684 1169 2753 χρὴ
1209 2685 1361 2754 πρὸς
1397 2685 1590 2740 ταῦτα
1637 2686 1993 2757 ἐπτοῆσθαι,

396 2770 560 2839 πρός
583 2773 783 2840 μόνην
814 2770 885 2825 δὲ
907 2772 1026 2841 τὴν
1064 2774 1357 2842 ἀλήθειαν
1387 2777 1664 2832 σκοπεῖν.
1715 2779 1996 2833 Ἐντεῦθεν

395 2859 495 2916 οὖν
518 2862 866 2935 καθῃροῦντο
899 2865 1000 2936 μὲν
1030 2866 1174 2922 κατὰ
1206 2868 1385 2923 πᾶσαν
1430 2868 1735 2940 ἐκκλησίαν
1761 2872 1817 2925 αί
1854 2869 1997 2925 θεῖαι

404 2954 637 3025 μορφαὶ,
668 2953 839 3025 θηρία
862 2956 922 3010 δὲ
962 2959 1057 3010 καὶ
1098 2956 1311 3028 ῦρνιθες
1356 2958 1480 3013 ἀντὶ
1524 2958 1732 3013 τούτων
1763 2962 1994 3031 ἀνεστη-

405 3045 597 3101 λοῦντο
628 3047 726 3100 καὶ
758 3048 1148 3118 ὲνεγράφοντο,
1186 3050 1286 3121 τὴν
1318 3051 1566 3123 θηριώδη
1601 3053 1698 3107 καὶ
1726 3053 1998 3125 ἀνδραπο-

402 3136 543 3208 δώδη
578 3138 775 3192 τούτου
818 3138 1063 3194 διάνοιαν
1098 3140 1472 3213 ἐξελέγχοντα.
1518 3143 1807 3199 Ἐντεῦθεν
1835 3146 1996 3215 βεϐή-

401 3227 513 3290 λοις
534 3205 704 3297 ⁷χερσὶ
750 3228 825 3283 δι’
852 3232 1064 3300 ἀγορᾶς
1090 3205 1160 3285 τα
1189 3205 1321 3303 ἱερᾶ
1342 3234 1609 3303 κειμήλια
1639 3205 1996 3306 ἐφυϐρίζοντο
2023 3205 2069 3267 c

404 3320 497 3373 καὶ
522 3320 703 3382 ἄλλως
731 3322 1097 3391 ὲῤῥιπτοῦντο
1118 3324 1259 3379 κατὰ
1286 3324 1386 3395 τῆς
1418 3324 1524 3395 γῆς
1551 3328 1689 3398 πυρὶ
1716 3327 1994 3397 διδόμενα,

408 3413 499 3466 καὶ
531 3415 689 3469 κοινὰ
721 3414 793 3467 τὰ
820 3414 981 3484 τίμια
1012 3414 1341 3483 ἐλογίζοντο,
1374 3418 1472 3471 ὅσα
1498 3419 1597 3483 τὰς
1626 3419 1776 3484 Θείας
1802 3420 1998 3494 ἔφερον

404 3504 896 3576 ἐγκεκολαμμένας
938 3508 1171 3579 μορφάς.
1227 3510 1508 3565 Ἐντεῦθεν
1552 3515 1734 3584 πλήρη
1781 3515 1881 3584 μὲν
1928 3516 1999 3570 τὰ

397 3597 661 3651 πολιτικὰ
691 3598 1053 3672 δεσμωτήρια
1078 3601 1188 3654 τῶν
1214 3602 1303 3656 διὰ
1322 3604 1491 3674 τιμῆς
1519 3605 1764 3673 ἀγόντων
1803 3608 1996 3675 αὐτὰς,

398 3687 511 3740 τῶν
555 3691 904 3761 γραφόντων,
957 3692 1069 3745 τῶν
1107 3693 1473 3763 μοναξόντων,
1516 3698 1625 3751 τῶν
1656 3700 1996 3766 ἐπισκόπων,

400 3780 516 3834 τῶν
536 3783 836 3852 ποιμένων,
862 3785 973 3838 τῶν
1004 3790 1468 3859 ποιμαινομένων,
1502 3790 1686 3863 πλήρη
1707 3792 1764 3845 δὲ
1800 3794 1865 3847 τὰ
1895 3792 1996 3865 ὅρη

403 3890 470 3924 τε
508 3874 609 3927 καὶ
645 3875 717 3927 τὰ
740 3876 981 3947 σπήλαια
1008 3877 1117 3931 τῶν
1144 3878 1219 3943 ὡς
1241 3880 1569 3952 κακούργων
1596 3883 1996 3955 ἀναιρεθέντων

418 3962 572 4033 λιμῷ
598 3980 659 4015 τε
678 3966 775 4017 καὶ
802 3966 957 4038 δίψει,
990 3969 1088 4022 καὶ
1117 3970 1226 4023 τῶν
1252 3972 1316 4025 ὲκ
1348 3974 1666 4044 πολιορκίας
1698 3975 1878 4046 δεινῆς
1895 3977 1997 4048 οῦκ

424 4052 521 4105 ἐπ’
550 4052 794 4111 ἔλαττον.
820 4057 971 4129 ’Δρτι
994 4062 1107 4132 γὰρ
1139 4061 1379 4127 ἀϐάτους
1420 4065 1710 4135 τηρεῖσθαι
1739 4069 1851 4130 τοῖς
1902 4084 1999 4137 μο-

414 4150 607 4217 ναχοῖς
624 4149 722 4214 τὰς
741 4151 915 4216 πόλεις
934 4155 1424 4227 ἐγκελευσάμενος,
1451 4160 1545 4213 καὶ
1568 4160 1746 4230 πάντη
1772 4161 1998 4226 τούτους

402 4242 483 4305 ὡς
513 4244 887 4315 ἀποτρόπαιον
915 4248 1321 4305 ἀπελαύνεσθαι
1354 4254 1647 4318 θεσπίσας.
1688 4255 1824 4310 ἀλλὰ
1858 4257 1995 4327 μηδὲ

405 4334 553 4388 κατὰ
603 4336 789 4408 χώραν
838 4342 1070 4409 ὁρᾶσθαι
1126 4345 1352 4416 τολμᾷν,
1409 4346 1493 4418 [Ρ.
1550 4338 1640 4419 65]
1700 4349 1998 4418 εἰργάσατο

404 4421 613 4477 τούτων
638 4426 710 4479 τὰ
740 4432 1083 4502 μοναστήρια
1130 4436 1226 4487 καὶ
1265 4437 1647 4508 ὴσυχαστήρια
1682 4440 1997 4507 περιφανῶς

411 4515 870 4619 πρὶν-ἀνδριαᾲκαὶ
903 4526 1148 4619 κοσμικὰ
1192 4529 1535 4596 καταγώγια.
1571 4530 1729 4591 Τινὲς
1761 4532 1859 4601 μὲν
1886 4533 1993 4602 γὰρ
2027 4564 2071 4619 D

408 4608 589 4663 αὐτῶν
624 4612 921 4683 προδοῦναι
954 4616 1052 4687 τὴν
1101 4619 1305 4689 ἀρετὴν
1336 4621 1433 4673 καὶ
1464 4620 1523 4673 τὸ
1578 4623 1726 4692 ἱερὸν
1789 4622 1994 4691 ἔνδυμα

397 4700 674 4770 οὐμενοῦν
733 4705 984 4771 θέλοντες
1022 4709 1165 4781 λιμῷ
1210 4712 1472 4776 τακέντες
1524 4714 1617 4767 καὶ
1673 4716 1995 4785 κακουχίαις

396 4794 657 4856 ἐξέλιπον
685 4812 699 4823 ·
746 4800 798 4851 oi.
853 4799 910 4852 δὲ
964 4801 1101 4871 πρὸς
1150 4804 1404 4857 τοσοῦτον
1450 4806 1641 4873 ἀγῶνα
1698 4808 1823 4878 μηδ’
1866 4809 1994 4862 ἀντ-

396 4904 429 4937 o
447 4886 714 4956 sealyﬂv
736 4889 1032 4962 δυνάμενοι
1055 4895 1164 4948 τῶν
1187 4896 1505 4967 ἐνδυμάτων
1543 4897 1644 4968 μὲν
1678 4900 1998 4970 κατωλιγὼ-

396 4996 604 5048 ρησαν,
634 4982 738 5051 τὴν
764 4983 974 5037 ἑαυτῶν
1017 4986 1072 5039 δὲ
1107 4991 1385 5059 σωτηρίαν
1434 5007 1550 5054 πως
1590 4989 1953 5063 ᾠκονόμησαν
1976 5008 1993 5023 ·

389 5074 582 5143 ἕτεροι
639 5075 697 5128 δὲ
752 5076 1128 5147 ῥᾳθυμότερον
1180 5082 1475 5147 διαζῶντες
1521 5084 1613 5137 τὸν
1662 5084 1850 5139 ἄνετον
1899 5087 1993 5139 καὶ

392 5163 767 5233 ἐκλελυμένον
811 5167 1130 5235 ἠσπάσαντο
1166 5171 1301 5241 βίον,
1343 5172 1452 5227 τῶν
1488 5174 1649 5227 θείων
1676 5175 1863 5245 ὓμνων
1900 5176 1994 5231 καὶ

392 5256 556 5324 ᾠδῶν
585 5259 681 5327 καὶ
721 5258 1032 5331 suasum;
1086 5264 1501 5335 ἀφειδήσαντες,
1536 5267 1596 5319 τὸ
1632 5267 1675 5298 ¹¹
1704 5266 1838 5337 μηδὲ
1870 5266 1993 5319 τοῦ⁸

392 5365 523 5410 τους
555 5347 833 5405 τελεῖσθαι
882 5355 1008 5416 τοὺς
1044 5356 1335 5423 συλλόγους
1374 5358 1464 5410 τὸν
1505 5359 1766 5428 τύραννον
1802 5359 1986 5429 βούλε-

397 5440 548 5503 σθαι,
580 5440 615 5495 ἃ
648 5444 912 5509 πολλάκις
937 5450 1030 5501 καὶ
1061 5450 1196 5518 μόνα
1238 5450 1493 5505 δύνανται
1530 5456 1716 5524 τηρεῖν
1754 5457 1842 5508 καὶ
1881 5450 1991 5507 οἷον

470 5614 491 5641 ε
541 5603 679 5657 l‘sal.
722 5623 909 5668 Lxxx‘t,
946 5612 999 5661 ti.

2101 1943 2217 1995 nire
2248 1941 2628 2007 arbitraretur,
2655 1957 2763 1997 non
2797 1940 2940 1998 felici
2971 1942 3107 2000 satis
3138 1943 3480 2012 conjectura.
3526 1942 3683 2009 Quo-

2098 2032 2264 2088 modo
2295 2037 2465 2099 enim,
2496 2049 2621 2089 cum
2670 2042 2724 2089 et
2768 2049 2959 2091 vocem
3020 2033 3160 2089 Deus
3197 2034 3357 2107 longe
3399 2034 3684 2091 sublimio-

2098 2140 2237 2188 rem,
2294 2124 2633 2190 hominibus,
2688 2140 2796 2180 non
2838 2135 3030 2181 natura
3075 2126 3170 2182 sed
3225 2125 3519 2197 adoptione
3574 2126 3683 2181 diis

2100 2218 2243 2274 Deus
2272 2217 2573 2289 impartiat,
2625 2216 2897 2290 siquidem
2931 2217 3047 2288 ipse
3078 2232 3172 2287 per
3198 2217 3522 2289 prophetam
3556 2215 3633 2271 ait
3664 2236 3677 2272 :

2098 2312 2211 2385 Ego
2281 2313 2417 2378 dixi,
2466 2312 2555 2368 Dii
2586 2313 2782 2378 estis',
2848 2312 3024 2369 sancti
3074 2327 3261 2368 vocem
3298 2311 3459 2383 longe
3529 2310 3685 2381 abie-

2098 2408 2328 2462 ctiorem
2386 2407 2472 2461 his
2529 2406 2769 2460 ablatam
2850 2401 3187 2459 velit?H:ec
3236 2402 3519 2459 enimvero
3579 2399 3683 2456 Min

2096 2499 2304 2556 chaelis
2378 2500 2463 2554 lex
2531 2507 2697 2570 atque
2757 2498 2994 2553 sanatio.
3069 2497 3222 2552 Alter
3302 2510 3480 2562 vero,
3534 2495 3681 2551 scili—

2098 2601 2182 2648 cet
2215 2590 2346 2658 Leo,
2379 2590 2587 2646 nullam
2643 2591 2726 2645 eis
2756 2588 3167 2643 venerationem
3201 2585 3505 2642 habendam
3550 2600 3684 2641 cou-

2100 2685 2377 2741 stiluerat.
2413 2685 2482 2739 At
2510 2700 2626 2754 ego,
2657 2681 2855 2753 inquit,
2874 2680 3037 2750 jubeo
3061 2696 3122 2735 ne
3158 2678 3425 2734 coloribus
3469 2677 3683 2749 quidem

2097 2793 2210 2832 esse
2241 2776 2555 2848 pingendas,
2581 2791 2640 2829 eo
2671 2776 2811 2845 quod
2830 2790 2933 2827 non
2966 2773 3143 2827 deceat
3168 2770 3416 2825 humilem
3460 2770 3683 2840 degene-

2099 2871 2248 2941 rique
2265 2869 2434 2923 animi
2454 2867 2723 2937 proposito
2752 2881 2925 2919 rerum
2970 2862 3289 2932 ejuscemodi
3326 2860 3686 2916 admiratione

2098 2962 2278 3034 deligi,
2319 2962 2475 3031 inque
2509 2957 2681 3013 solam
2715 2958 2988 3011 veritatem
3018 2956 3190 3009 omnis
3224 2955 3410 3008 mentis
3460 2953 3684 3008 intentio

2099 3052 2376 3124 dirigenda
2392 3052 2482 3105 δίε.
2512 3049 2722 3103 Divinas
2749 3048 2932 3118 itaque
2980 3044 3485 3116 eﬂigiesincunetis
3507 3042 3686 3098 eccle-

2100 3148 2197 3202 siis
2219 3144 2646 3216 dejiciebantur,
2662 3154 2962 3209 earumque
2984 3138 3108 3193 loco
3130 3138 3425 3192 bestiarum
3471 3134 3653 3190 avium
3669 3164 3686 3175 -

2100 3252 2205 3307 que
2237 3235 2531 3291 simulacra
2562 3233 2914 3303 erigebantur
2958 3246 3022 3286 ac
3070 3230 3233 3300 pictis
3286 3226 3566 3282 coloribus
3595 3241 3680 3279 rc-

2101 3326 2606 3398 pt'wsentabantur,
2672 3323 2968 3379 belluinam
3024 3321 3183 3392 100
3238 3335 3302 3375 ac
3360 3318 3682 3375 illiberalem

2101 3419 2391 3490 Theophili
2435 3418 2720 3489 arguentia
2750 3416 3049 3472 insaniam.
3083 3412 3293 3468 Exinde
3333 3424 3686 3468 sacrosancta

2099 3514 2329 3569 donaria
2368 3512 2421 3567 in
2458 3511 2578 3566 foro
2610 3510 2841 3581 impuris
2870 3508 3128 3564 manibus
3166 3506 3527 3579 ignominiose
3572 3512 3686 3560 tra-

2100 3606 2393 3661 ctabantur
2427 3620 2491 3659 ac
2527 3613 2734 3658 temere
2765 3602 2820 3656 in
2887 3611 3091 3657 terram
3145 3599 3494 3670 iactabantur
3544 3596 3689 3668 igni-

2101 3714 2206 3769 que
2238 3697 2614 3762 tradebantur,
2644 3694 2983 3767 profanaque
3018 3709 3083 3749 ae
3106 3691 3418 3747 communia
3447 3689 3687 3761 pretiosa

2101 3791 2342 3863 reposita
2363 3806 2427 3845 ac
2454 3791 2667 3846 cimelia
2698 3788 3065 3855 habebantur,
3101 3799 3443 3857 quaecunque
3470 3782 3688 3839 divinas

2100 3882 2308 3939 formas
2342 3882 2612 3954 insculpta
2650 3881 2944 3936 habebant.
2994 3878 3135 3935 Hinc
3184 3877 3387 3950 publici
3431 3890 3685 3932 carceres

2100 3978 2169 4033 iis
2200 3977 2343 4047 pleni
2388 3977 2481 4047 qui
2540 3975 2746 4030 cultum
2794 3974 2901 4028 illis
2940 3971 3295 4036 adhibebant,
3357 3967 3683 4039 pictoribus.

2100 4064 2412 4130 monachis,
2442 4063 2738 4133 episcopis,
2778 4060 3131 4132 pastoribus,
3168 4059 3426 4115 subditis.
3472 4056 3687 4112 Montes

2102 4171 2320 4227 quoque
2371 4170 2435 4210 ac
2484 4154 2760 4226 spelunca:
2818 4153 2886 4209 iis
2948 4151 3322 4224 replebantur,
3389 4150 3483 4219 qui
3540 4146 3689 4201 velut

2102 4249 2335 4305 malelici
2393 4246 2536 4303 fame
2566 4257 2619 4301 et
2649 4246 2762 4309 siti,
2790 4245 2935 4300 haud
2976 4259 3135 4300 secus
3186 4257 3251 4297 ac
3281 4241 3336 4295 in
3398 4238 3687 4294 obsidione

2100 4344 2312 4409 bOStili,
2354 4343 2469 4398 dire
2521 4338 2982 4397 conliciebantur.
3034 4337 3171 4392 Cum
3227 4332 3373 4389 enim
3410 4331 3687 4387 sanxisset

2102 4456 2169 4496 ne
2199 4437 2484 4494 monachis
2520 4435 2685 4489 ullam
2725 4434 2778 4487 in
2810 4433 3000 4487 urbem
3035 4431 3174 4486 liber
3207 4428 3682 4498 essetingressus,

2100 4543 2155 4587 et
2188 4542 2248 4587 ut
2279 4530 2425 4585 velut
2457 4526 2647 4583 mundi
2693 4525 2909 4596 piacula
2963 4524 3189 4579 omnino
3241 4528 3581 4583 arcerentur,
3620 4533 3687 4572 ac

2102 4639 2170 4678 ne
2217 4622 2331 4676 ruri
2382 4620 2600 4693 quidem
2644 4627 2762 4672 tuto
2791 4615 2963 4671 videri
3020 4616 3352 4678 sinerentur,
3383 4625 3447 4665 ea
3499 4609 3688 4679 utique

2100 4713 2382 4769 molitione
2417 4720 2581 4781 atque
2629 4723 2796 4779 opera
2829 4722 3022 4762 eorum
3083 4703 3415 4760 monasteria
3450 4702 3684 4773 locaque
3742 4694 3747 4704 “

2098 4802 2384 4861 solitudini
2416 4818 2481 4857 ac
2508 4800 2724 4855 silentio
2752 4799 2930 4855 dedita
2982 4808 3326 4853 mortuorum
3376 4797 3555 4867 palam
3597 4811 3685 4851 se-

2097 4898 2285 4970 pulcra
2374 4894 2612 4951 reddidit
2692 4892 3153 4961 saeculariumque
3220 4890 3479 4959 hospitia.
3544 4884 3680 4941 Nam

2098 4993 2320 5065 quidam
2354 5004 2570 5052 eorum,
2607 4994 2821 5041 eumut
2854 4985 3111 5040 virtutem
3169 4994 3497 5050 sacrumque
3531 4977 3688 5033 habi-
3734 4998 3755 5007 π

2100 5095 2212 5138 ιιιιη
2277 5081 2572 5154 proderent
2617 5078 2802 5134 induci
2864 5092 2972 5132 non
3032 5084 3274 5146 possent,
3302 5072 3445 5126 fame
3492 5085 3687 5124 aerum-

2100 5176 2296 5243 nisque
2330 5169 2563 5226 conlecti
2580 5168 2901 5225 defecerunt
2924 5187 2936 5220 :
2961 5166 3051 5220 alii
3076 5179 3204 5220 vero
3223 5170 3375 5216 tanto
3398 5157 3681 5215 certamini

2100 5268 2360 5335 impares.
2391 5278 2453 5316 ac
2498 5276 2596 5315 nec
2652 5260 2941 5313 adversum
2979 5255 3099 5309 ausi
3153 5251 3374 5317 intueri,
3428 5246 3675 5302 habitum

2100 5358 2316 5430 quidem
2352 5354 2727 5426 neglexerunt,
2760 5363 2914 5405 suam
2949 5356 3125 5401 tamen
3154 5344 3385 5397 salutem
3428 5353 3681 5409 quoquo-

2104 5453 2267 5508 IIlOtll)
2303 5453 2665 5520 procurarunt
2694 5462 2705 5498 :
2734 5440 3067 5507 aliidenique
3086 5434 3306 5506 segnius
3342 5436 3504 5490 vitam
3530 5430 3684 5485 insti-

1712 5706 1945 5761 νλίὶῐιΕ
1977 5703 2381 5761 LECTIONES.

573 5796 634 5848 οὐ
662 5797 834 5868 φύσει
867 5799 1035 5863 θεοῖς,
1073 5798 1221 5853 θέσει
1245 5801 1298 5855 δέ
1327 5803 1617 5871 interpres.
1726 5806 1761 5835 "
1797 5803 1910 5872 τῷῗ
