4200 6480
523 332 631 406 115

1626 340 2138 411 ΤΗΕΟΡΗΑΝΕΞ
2186 340 2745 409 CONTINUATUS.

3690 334 3794 400 116

520 460 760 518 tuentes,
793 450 1020 508 delicias
1075 468 1140 508 ac
1188 451 1473 509 luxuriam
1517 452 1817 511 consectati
1848 464 1998 517 sunt,
2047 469 2113 507 ne

2238 455 2435 523 [αλινός
2457 472 2544 518 τις
2572 450 2715 511 εἶναι
2754 458 2868 520 τοῖς
2904 456 3045 527 πρὸς
3087 455 3156 525 τᾲ
3180 456 3324 511 ncilla
3358 456 3608 517 ἀτάκτως
3656 472 3799 509 κατο

466 591 478 601 .
518 545 831 599 divinarum
866 544 1089 614 quidem
1140 544 1364 599 laudum
1399 554 1454 599 et
1481 544 1822 599 canticorum
1857 545 2103 598 habitus-

2213 543 2631 601 ολισθαίνουσιν.

518 652 627 707 que
652 636 918 691 rationem
951 637 1235 703 habentes,
1267 654 1333 693 eo
1380 637 1526 709 quod
1584 637 1669 694 his
1721 653 1944 708 quoque
1997 638 2361 695 conventibus
2429 648 2695 711 tyrannus
2742 639 2851 695 illis
2896 639 3247 694 interdictum
3316 635 3498 701 vellet,
3563 635 3657 706 qui
3711 642 3797 694 vel

520 730 622 785 soli
652 744 758 783 non
792 744 917 783 raro
950 745 1170 786 servare
1211 732 1426 802 possint
1455 746 1521 789 ac
1563 731 1712 785 velut
1750 730 1966 785 frenum
2018 742 2225 788 temere
2268 733 2322 787 in
2353 733 2482 789 vitia
2523 733 2871 803 prolabentes
2898 740 3202 788 coerceant.

594 823 749 892 101
785 823 871 878 ll.
902 822 1014 878 Nec
1047 832 1227 878 tamen
1258 826 1374 879 licri
1408 835 1615 895 poterat
1661 834 1721 879 ut
1766 840 1991 896 prorsus
2039 842 2106 880 ex

521 913 761 968 humana
823 916 933 969 vita
984 916 1199 971 dicendi
1232 916 1459 976 libertas
1496 916 1748 970 exsulata
1806 916 2106 971 videretur.

526 1005 634 1062 Sed
662 1022 852 1062 eorum
888 1008 983 1079 qui
1013 1008 1212 1079 majori
1238 1008 1452 1063 fervore
1492 1010 1851 1074 ducebantur,
1888 1009 2108 1078 quidam

524 1097 749 1167 singuli,
783 1098 1004 1169 quidam
1038 1114 1167 1153 vero
1190 1097 1438 1153 conferto
1472 1099 1711 1167 agmine,
1740 1100 1905 1155 veluti
1933 1100 2110 1155 Abra-

524 1187 746 1244 bamitaa
782 1190 1057 1259 monachi,
1086 1190 1363 1245 hominem
1396 1191 1733 1255 adorientes,
1776 1191 2012 1253 erudite,
2046 1206 2113 1249 ac

528 1289 646 1335 tum
681 1296 746 1335 ex
789 1290 1104 1337 sanctorum
1142 1281 1363 1336 Patrum
1386 1281 1571 1346 dictis,
1609 1282 1920 1341 admirandi
1952 1282 2112 1337 nimi—

528 1387 653 1427 rum
690 1371 932 1447 Dionysii
970 1385 1026 1430 et
1081 1373 1358 1431 llierothei
1422 1391 1487 1431 ac
1520 1373 1733 1441 lrenaei,
1762 1375 2112 1431 demonstra-

529 1474 661 1531 runt
676 1481 781 1520 non
805 1483 980 1538 nuper
1008 1484 1072 1524 ac
1097 1484 1287 1525 recens
1319 1468 1667 1524 adinvcntam
1710 1471 2113 1525 monachorum

530 1557 749 1613 vivendi
779 1558 1049 1614 rationem
1102 1570 1158 1615 et
1187 1561 1563 1632 disciplinam.
1595 1560 1690 1618 sed
1719 1576 1843 1618 esse
1876 1560 2118 1631 peranti-

529 1664 696 1721 quam
726 1650 1031 1722 priscaeque
1070 1652 1299 1723 originis
1350 1668 1658 1725 magnoque
1688 1653 1743 1708 in
1793 1654 1969 1724 pretio
2018 1653 2119 1707 ho.

530 1730 777 1801 minibus
809 1745 1050 1801 habitam
1078 1762 1094 1811 ;
1136 1755 1253 1800 tum
1285 1762 1570 1801 sacrarum
1604 1747 1907 1817 imaginum
1951 1745 2117 1800 ell'or-

531 1833 828 1888 mationem
859 1834 928 1900 ab
967 1834 1343 1905 apostolorum
1374 1835 1489 1904 jam
1533 1850 1652 1889 ιενο
1698 1824 1921 1904 illisque
1954 1832 2119 1887 fami-

2286 827 2375 881 ια’.
2415 826 2562 897 Πλὴν
2591 826 2693 881 οὐκ
2724 821 2793 897 ἦν
2818 827 2997 894 πάντη
3026 824 3126 893 τὴν
3156 821 3470 894 παρρησίαν
3517 821 3611 873 καὶ
3638 821 3799 872 ﬂeo"

2212 918 2403 991 θερίαν
2423 919 2552 972 ἰδεῖν
2573 920 2683 972 τῶν
2712 917 2809 972 ἀνθ
2819 917 3018 986 ρώπων
3045 917 3517 985 ὰποτροιτήσασαν,
3540 913 3674 967 ἀλλὰ
3686 912 3799 965 τῶν

2212 1010 2563 1082 θερμοτέρων
2603 1010 2748 1072 τινὲς
2794 1009 2898 1078 μὲν
2928 1008 3052 1063 καθ’
3097 1004 3201 1072 εἷς,
3235 1008 3379 1070 τινὲς
3411 1007 3469 1063 δὲ
3505 1005 3799 1071 συστάδην,

2211 1103 2288 1167 ὡς
2325 1104 2376 1156 οἱ
2400 1102 2499 1169 τῆς
2529 1102 2639 1155 τῶν
2679 1100 3064 1173 Ἀϐρααμιτῶν
3087 1104 3258 1171 μονῆς
3288 1098 3623 1170 ὁρμώμενοι,
3651 1096 3805 1165 αὐτῷ

2214 1192 2453 1263 λογικῶς
2483 1192 2547 1246 ἔκ
2578 1210 2636 1247 τε
2681 1193 2791 1245 τῶν
2834 1192 3145 1262 εἰρημένων
3178 1193 3288 1253 τοῖς
3318 1189 3599 1260 Πατράσιν
3644 1187 3809 1256 ἡμῶν

2217 1285 2481 1355 Διονυσίῳ
2505 1301 2565 1338 τε
2609 1284 2689 1355 τῷ
2743 1284 2873 1353 θείῳ
2916 1284 3012 1336 καὶ
3072 1282 3322 1350 Ἰεροθὲῳ
3387 1282 3483 1339 καὶ
3525 1277 3810 1350 Εἰρηναίῳ

2216 1375 2576 1431 ἀπεδείκνυον
2606 1375 2682 1439 ὡς
2715 1375 2778 1428 ού
2830 1375 2959 1446 χθὲς
2994 1374 3089 1428 καὶ⁹
3121 1373 3313 1444 πρώην
3343 1374 3376 1442 ἡ
3409 1371 3519 1429 τῶν
3552 1371 3811 1442 μοναχῶν

2218 1466 2467 1520 πολιτεία
2499 1482 2558 1518 τε
2590 1466 2686 1521 καὶ
2733 1465 3074 1529 κατάστασις
3114 1462 3481 1532 ἐπινενόηται,
3512 1459 3721 1519 παλαιὰ
3747 1458 3816 1514 δέ

2217 1575 2303 1621 τις
2350 1557 2446 1613 καὶ
2484 1556 2785 1628 ἀρχέγονος
2829 1556 2924 1609 καὶ
2970 1556 3085 1616 τοῖς
3130 1552 3442 1624 ἀνθρώποις
3480 1551 3812 1622 ἐπέραστος.

2216 1652 2291 1705 Οὐ
2317 1650 2423 1723 μὴν
2442 1650 2501 1704 δὲ
2513 1650 2650 1706 ἀλλὰ
2676 1650 2771 1703 καὶ
2787 1647 2895 1707 τῶν
2911 1647 3073 1702 θείων
3098 1647 3326 1701 εἰκόνων
3345 1645 3661 1701 ὲκτύπωσιν
3678 1644 3817 1697 σύνε-

2215 1740 2418 1812 τροφόν
2436 1758 2496 1794 τε
2519 1740 2629 1794 τῶν
2650 1740 2968 1795 ἀποστόλων
2987 1738 3083 1792 καὶ
3106 1738 3414 1807 ὁμοδίαιτον
3431 1736 3816 1800 ἀπεδείκνυον,

2218 1830 2335 1901 εἴγε
2367 1831 2584 1893 Λουκᾶς
2632 1831 2730 1900 μὲν
2773 1831 2801 1883 ὁ
2850 1828 2993 1890 θεῖος
3023 1828 3125 1897 τὴν
3156 1826 3256 1895 τῆς
3288 1825 3553 1878 Θεοτόκου
3597 1821 3821 1897 μορφὴν

534 1921 730 1978 liarem
775 1922 1168 1989 ostenderunt,
1202 1923 1424 1995 quando
1455 1934 1509 1978 et
1541 1923 1760 1978 divinus
1797 1920 1975 1977 Lucas
2005 1936 2130 1977 san-

2238 1925 2595 1984 ίνετύπωσεν,
2629 1922 2791 1986 αὐτὸς
2817 1922 2873 1975 δὲ
2902 1920 3140 1990 Χριστὸς
3172 1922 3198 1972 ὁ
3224 1917 3503 1985 Δεσπότης
3534 1915 3696 1985 ἡμῶν
3718 1915 3825 1969 καὶ

532 2025 637 2071 σιω
712 2014 958 2087 Deipara:
1021 2016 1315 2088 imaginem
1392 2016 1651 2087 penicillo
1720 2031 1784 2071 ac
1844 2015 2124 2071 coloribus

533 2107 828 2177 expressit,
874 2108 1104 2179 ipseque
1135 2108 1273 2163 adeo
1319 2108 1575 2173 Christus
1596 2107 1865 2171 Dominus
1893 2123 1957 2162 ac
1983 2107 2127 2163 Deus

534 2208 725 2254 noster
768 2201 939 2259 linteo
982 2200 1306 2271 impressam
1366 2202 1450 2259 sui
1482 2201 1777 2270 imaginem
1835 2200 1982 2254 nulla
2021 2215 2130 2253 ma—

541 2305 648 2346 nus
693 2304 859 2359 opera
916 2290 1255 2350 elaboratam
1292 2290 1453 2347 nobis
1508 2290 1745 2361 reliquit.
1806 2290 1921 2347 Hoc
1965 2292 2129 2347 modo

536 2381 866 2439 divinissimi
909 2381 997 2447 isti
1051 2383 1154 2443 viri
1214 2399 1341 2437 cum
1393 2384 1613 2454 tyranni
1678 2383 2006 2437 dementiam
2067 2397 2133 2436 ac

538 2472 803 2531 smvitiam
859 2488 970 2543 pra:
996 2488 1210 2531 summa
1262 2474 1480 2528 dicendi
1512 2473 1762 2527 libertate
1793 2473 2127 2534 irritassrnt.

536 2572 662 2635 post
695 2565 894 2619 multos
947 2565 1084 2620 alios
1130 2566 1407 2621 cruciatus
1455 2567 1591 2625 urbe
1645 2564 1803 2636 ejecti
1845 2565 2131 2633 sunt;qui

540 2672 666 2711 cum
703 2657 769 2711 ad
841 2658 1202 2726 prrecnrsoris
1260 2660 1567 2714 oratorium
1621 2659 1700 2713 sic
1753 2669 2129 2725 nitncnpatnm

540 2746 775 2802 Phoberi
808 2745 1003 2819 (velut
1048 2750 1317 2815 tremendi
1362 2749 1578 2822 dicas),
1608 2748 1662 2807 in
1719 2750 1890 2804 Ponto
1917 2748 2134 2803 Euxino

541 2839 732 2904 situm,
757 2840 1162 2911 confugissent,
1187 2842 1478 2901 verberum
1502 2842 1642 2896 diris
1663 2842 1861 2898 ictibus
1910 2858 2134 2913 prorsus

542 2929 779 2987 confecti
846 2933 1126 2987 cmlestem
1184 2933 1578 2989 beatitudinem
1640 2935 1922 2989 consecuti
1984 2947 2133 2990 sunt.

542 3017 751 3073 Horum
785 3035 941 3077 sacra
976 3023 1199 3093 pignora
1220 3023 1313 3078 diu
1338 3025 1686 3096 multumque
1717 3026 1769 3080 in
1790 3027 1909 3081 solo
1932 3036 2137 3083 temere

537 3112 744 3182 jactata
805 3125 967 3185 atque
1034 3117 1302 3186 projecta,
1359 3132 1463 3173 nec
1521 3118 1818 3188 sepultura:
1874 3119 2135 3173 honorem

544 3216 844 3261 consecuta
907 3206 1119 3278 integra
1181 3209 1460 3278 illmsaque
1501 3219 1715 3266 servata
1778 3221 1926 3275 sunt,
1963 3212 2137 3266 donec

2227 2017 2361 2081 Θεὸς
2396 2017 2497 2087 τὴν
2550 2014 2747 2070 ἑαυτοῦ
2799 2013 2891 2068 ἐπί
2942 2029 3089 2073 τινος
3142 2010 3334 2080 ὀθόνης
3387 2005 3826 2077 ἀπομαξάμενος

2228 2110 2655 2181 ἀχειρότευκτον
2719 2110 2849 2177 ἡμῖν
2910 2104 3297 2173 ἐγκατέλιπεν.
3375 2096 3534 2158 Οὗτοι
3580 2099 3712 2169 γοῦν
3765 2101 3825 2153 οἱ

2229 2203 2499 2257 θειότατοι
2529 2201 2721 2271 ἄνδρες
2755 2201 2855 2269 τὴν
2889 2199 2986 2251 τοῦ
3030 2197 3298 2267 τυράννου
3352 2194 3556 2265 μανίαν
3585 2192 3677 2245 καὶ⁵
3721 2191 3826 2261 θη,

2231 2294 2455 2367 ριωδίαν
2502 2293 2943 2359 ἐκκαλεσάμενοι
2973 2291 3052 2363 τῷ
3100 2291 3305 2360 σφόδρα
3335 2286 3826 2361 παρῤησιασθῆναι

2234 2387 2370 2456 μετὰ
2411 2384 2614 2447 πολλὰς
2650 2385 2847 2452 ἐτέρας
2894 2383 3163 2453 βασάνους
3191 2382 3288 2451 τῆς
3328 2381 3536 2444 πόλεως
3577 2377 3831 2447 ἐξώσθησ-

2234 2494 2353 2540 σαν,
2385 2475 2522 2545 πρὸς
2571 2476 2627 2529 δὲ
2669 2476 2960 2546 εὐκτήριον
3000 2475 3321 2546 Πρώρὸμου
3352 2474 3416 2527 τὸ
3453 2472 3597 2526 οὕτω
3625 2469 3831 2524 καλού-

2236 2587 2396 2641 μενον
2415 2569 2508 2623 τοῦ
2546 2569 2787 2639 Φοεεροῦ
2821 2568 2966 2622 κατὰ
2996 2569 3085 2622 τὸν
3117 2566 3374 2632 Εὔξεινον
3398 2570 3591 2620 πόντον
3617 2579 3832 2632 πεφευο

2235 2662 2419 2728 γότες,
2454 2661 2548 2715 καὶ⁵
2590 2665 2712 2727 ταῖς
2741 2660 2852 2714 τῶν
2882 2662 3166 2732 μαστίγων
3191 2661 3487 2731 ἀφορήτοις
3516 2659 3707 2727 φοραῖς
3729 2672 3831 2710 τε-

2233 2753 2394 2819 λείως
2424 2753 2921 2825 καταπονηθέντες,
2956 2753 3058 2822 τῆς
3088 2753 3202 2809 ἄνω
3235 2752 3445 2822 λήξεως
3473 2747 3784 2820 ἠξιώθησαν
3808 2764 3828 2780 ο

2235 2840 2309 2901 ὧν
2342 2848 2433 2900 καὶ
2458 2846 2525 2899 τὰ
2568 2847 2690 2917 ἱερὰ
2733 2844 2967 2916 σώματα
3008 2845 3105 2899 ἐπὶ
3130 2845 3267 2898 πολὺ
3296 2843 3473 2903 ἄλλως
3514 2839 3832 2912 ἐρριμμένα

2236 2940 2375 3009 πρὸς
2425 2938 2712 3009 τοῦδαφος,
2757 2940 2893 3011 μηδὲ
2925 2939 3027 3008 τῆς
3059 2937 3239 3005 ταφῆς
3281 2931 3677 3003 εὐμοιρηκότα,
3710 2929 3833 2986 σῶα

2236 3032 2648 3103 διετηρήθησαν
2676 3033 2772 3088 καὶ
2800 3030 3084 3099 ἀλώεητα,
3109 3029 3302 3098 μέχρις
3328 3026 3453 3079 ὅτου
3472 3027 3584 3087 τοῖς
3614 3024 3830 3085 πιστοῖς

2238 3126 2507 3195 γενόμενα
2549 3124 2761 3196 φανερὰ
2792 3121 3170 3195 ἒκηδεύθησάν
3218 3137 3279 3174 τε
3324 3119 3420 3175 καὶ
3472 3115 3831 3186 καταλλήλως

2238 3218 2349 3279 τοῖς
2384 3216 2527 3286 ὑπὲρ
2558 3215 2800 3286 Χριστοῦ
2834 3215 3251 3285 μαρτυρήσασιν
3282 3211 3649 3283 ἐτιμήθησαν.

544 3296 763 3350 tandem
817 3296 1066 3355 ﬁdelibus
1125 3299 1309 3369 agnita
1360 3308 1529 3370 atque
1578 3301 1717 3355 elata
1772 3303 2135 3357 conveniente
2178 3303 2387 3361 honore
2449 3306 2517 3361 iis
2551 3306 2645 3377 qui
2684 3321 2784 3375 pro
2821 3306 3045 3361 Christo
3096 3304 3421 3375 martyrium
3477 3314 3833 3371 sumpserunt

545 3393 746 3459 donata
804 3401 949 3446 sunt.

623 3487 780 3563 102
813 3488 902 3557 12,
954 3487 1051 3544 llis
1085 3489 1350 3545 assimilis
1391 3490 1622 3559 parique
1661 3490 1841 3545 clarus
1887 3491 2131 3544 facinore
2157 3490 2201 3552 C

556 3582 865 3639 monachus
899 3582 1141 3653 quidam,
1173 3599 1319 3637 nunc
1347 3598 1478 3637 vero
1501 3583 1568 3636 ad
1611 3582 1898 3637 sacerdotii
1953 3597 2132 3637 arcem

555 3674 852 3730 subvectus
912 3673 1209 3742 divinaque
1277 3673 1625 3727 aemulatione
1680 3673 1875 3742 plenus
1947 3684 2135 3743 tyran-

555 3783 684 3829 num
741 3782 971 3837 argnere
1022 3765 1312 3819 constituit
1356 3780 1441 3833 ac,
1470 3766 1516 3819 si
1550 3766 1663 3819 lieri
1686 3774 1899 3835 posset,
1949 3766 2136 3820 colen-

554 3861 656 3912 das
707 3871 894 3915 sacras
954 3856 1221 3926 imagines
1288 3856 1364 3908 illi
1443 3858 1796 3926 persuadere.
1878 3858 2141 3926 Adeoque

556 3949 834 4004 hominem
867 3963 1053 4001 coram
1111 3948 1444 4004 conveniens
1490 3966 1614 4005 cum
1664 3950 1772 4006 alia
1834 3950 2003 4003 multa
2029 3951 2139 4005 dis-

557 4047 733 4107 putat,
786 4047 901 4092 tum
950 4039 1334 4108 apostolicam
1387 4042 1770 4097 auctoritatem
1808 4053 1984 4114 urget,
2021 4058 2143 4112 quae.

559 4133 637 4186 ait
664 4149 677 4186 :
702 4129 899 4201 Siqui:
944 4130 1087 4185 vobis
1127 4132 1522 4189 anmtntiaverit
1551 4146 1747 4202 pm’ter
1801 4151 1961 4203 quam
2003 4135 2143 4204 quod

560 4224 864 4293 accepistis,
894 4224 1179 4279 anathema
1201 4226 1271 4278 sit
1301 4222 1345 4280 ί.
1366 4223 1568 4279 Verum
1600 4226 1745 4280 hunc
1767 4241 1984 4296 quoque
2007 4226 2145 4280 mul-

562 4315 632 4370 tis
662 4316 981 4372 verberibus
1011 4317 1289 4383 allectum,
1321 4333 1444 4371 cum
1488 4319 1877 4385 sapientiorem
1912 4334 2011 4388 pro
2058 4317 2149 4373 sui

562 4408 777 4473 ratione
831 4422 897 4462 ac
943 4407 1272 4475 disputando
1306 4407 1576 4461 acriorem
1633 4417 1902 4477 tyrannus
1952 4407 2148 4461 adver-

563 4506 722 4559 teret,
755 4497 820 4550 ad
852 4494 1120 4553 Joannem
1153 4511 1313 4557 suum
1345 4496 1622 4564 quondam
1666 4504 2056 4565 praeceptorem
2087 4510 2152 4551 ac

568 4589 895 4659 magistrum
929 4588 1102 4654 misit,
1123 4589 1320 4659 jubens
1340 4596 1400 4642 ut
1429 4588 1732 4642 dialecticis
1774 4604 1897 4644 eum
1918 4589 2149 4644 rationi?

568 4684 673 4738 bus
698 4698 763 4737 ac
793 4682 1135 4753 argumentis
1158 4681 1441 4750 dejiceret.
1478 4678 1675 4736 Verum
1730 4680 1878 4736 hunc
1930 4697 2154 4753 quoque

569 4779 867 4851 praeclarus
892 4787 1150 4844 certatur,
1178 4794 1289 4834 non
1326 4777 1640 4848 sophisticis
1662 4778 2043 4832 acdialecticis
2073 4794 2156 4832 ra-

2309 3487 2507 3560 [P.6£j
2538 3486 2623 3556 ιβ’.
2673 3485 2897 3548 Τούτοις
2931 3484 3227 3557 ἐφάμιλλος
3284 3482 3379 3535 καί
3412 3499 3494 3544 τις
3543 3481 3835 3548 γενόμενος

2243 3581 2499 3653 μοναχὸς,
2528 3579 2653 3648 ἄρτι
2686 3579 2743 3632 δὲ
2772 3578 2909 3647 πρὸς
2938 3575 3112 3647 ἀρχὴν
3134 3575 3234 3643 τῆς
3266 3573 3568 3643 ἱερωσύνης
3600 3572 3835 3641 ἀναδρα-

2244 3671 2479 3740 μὼνκαὶ
2509 3669 2676 3738 ζήλου
2711 3665 2992 3736 πλησθεὶς,
3022 3664 3113 3717 τὸν
3163 3662 3429 3732 τύραννον
3481 3660 3695 3727 ἐλέγξαι
3758 3660 3839 3712 διο

2241 3765 2450 3833 ἐγνωκε
2480 3763 2573 3815 καὶ
2607 3760 2737 3830 περὶ
2765 3758 2874 3811 τῶν
2908 3757 3080 3825 ἁγίων
3115 3755 3339 3809 εἰκόνων
3369 3754 3574 3814 πεῖσαι,
3607 3753 3656 3803 εἰ
3680 3750 3838 3802 δυνα-

2240 3860 2353 3911 τόν.
2406 3856 2512 3908 Καὶ
2541 3853 2607 3923 δὴ
2647 3850 2789 3905 κατὰ
2820 3850 3112 3922 πρόσωπον
3138 3843 3306 3899 αὑτοῦ
3336 3842 3469 3905 στὰς
3500 3842 3636 3896 ἄλλα
3659 3857 3721 3894 τε
3762 3840 3840 3892 δι-

2246 3951 2391 4022 εξῄει
2433 3948 2603 4001 πολλὰ
2639 3945 2732 3998 καὶ
2778 3943 2840 3995 τὸ
2887 3939 2987 3995 τοῦ
3044 3937 3348 3994 ἀποστόλου
3404 3933 3622 3987 Παύλου
3654 3931 3837 4002 ρητδν,

2243 4044 2403 4096 τοὶτο
2435 4042 2500 4110 δὴ
2525 4039 2584 4092 τὸ
2613 4039 2843 4106 φάσκον·
2880 4034 2954 4088 ΕΖ
2970 4051 3058 4098 τις
3076 4030 3219 4101 ὑμῖν
3241 4025 3679 4097 εὐαγγελίζεται
3704 4022 3840 4091 παρ’

2246 4137 2277 4192 ὃ
2307 4133 2703 4204 παρελάβετε.
2753 4127 3021 4196 ἀνάθεμα
3077 4124 3257 4179 ἔστω.
3318 4120 3478 4174 Ἀλλὰ
3544 4118 3640 4171 καὶ
3669 4115 3843 4185 τούτῳ

2247 4231 2463 4301 πληγὰς
2512 4225 2722 4287 ἐπιθεὶς
2757 4223 2857 4279 οὐκ
2903 4220 3119 4286 ὀλίγας,
3167 4214 3291 4268 ἐπεὶ
3349 4210 3631 4281 σοφώτερα
3662 4210 3844 4301 λέγειν

2248 4299 2544 4391 διέγνωκεν
2603 4314 2768 4371 αὑτοῦ
2826 4330 2886 4365 τε
2952 4307 3301 4377 δυνατώτερα
3348 4306 3544 4365 εἰπεῖν,
3581 4300 3718 4374 πρὸς
3753 4299 3845 4352 τὸν

2261 4415 2516 4481 Ἰωάννην
2550 4405 2979 4472 ὲξαπέσταλκεν,
3006 4398 3327 4469 καθηγητὴν
3384 4393 3551 4448 αὐτού
3582 4395 3844 4461 γεγονότα

2251 4524 2311 4560 τε
2338 4507 2430 4558 καὶ
2454 4499 2797 4558 διδάσκαλον,
2819 4494 3190 4554 διαλεκτικαῖς
3227 4489 3537 4555 ἀποδείξεσι
3561 4485 3846 4558 χρώμενον

2254 4591 2582 4648 καταϐαλεῖν
2628 4586 2790 4641 αὑτὸν
2831 4582 3317 4655 ἐγκελευσάμενος.
3381 4578 3547 4632 Ἀλλὰ.
3598 4574 3842 4631 καὶτοῦ-

2253 4705 2346 4741 τον
2374 4687 2402 4738 ὁ
2427 4684 2667 4753 γενναῖος
2688 4677 2995 4749 ἀγωνιστὴς
3022 4675 3082 4730 οὑ
3105 4676 3227 4737 ταῖς
3250 4673 3595 4743 σοφιστικαῖς
3618 4668 3711 4723 καὶ
3731 4668 3849 4721 δια-

2258 4779 2538 4839 λεκτικαῖς
2569 4772 2899 4836 ἀποδείξεσι,
2927 4771 3041 4832 τοῖς
3068 4765 3445 4826 ἀποστολικοῖς
3472 4763 3529 4815 δὲ
3557 4763 3655 4814 καὶ
3682 4761 3851 4826 εὐαγ-

576 4842 843 4937 tionibus,
868 4870 963 4925 sed
993 4842 1311 4938 apostolicis
1341 4842 1783 4941 evangelicisque
1806 4862 2133 4923 testimoniis

2264 4872 2501 4943 γελικοῖς
2530 4869 2766 4939 ῥήμασιν
2790 4861 3032 4933 ἀφωνότε
3045 4876 3133 4929 ρον
3167 4859 3362 4929 ἰχθύων
3397 4854 3684 4920 ἀποδείξας
3712 4852 3853 4913 τέως

574 4967 724 5036 pisce
741 4963 917 5035 magis
932 4962 1203 5032 elinguem
1240 4977 1366 5021 cum
1396 4960 1741 5025 reddidisset,
1771 4960 1865 5014 illo
1891 4960 2159 5015 hactenus

574 5060 787 5114 solutus
822 5066 926 5126 est,
958 5055 1152 5110 Postea
1190 5070 1320 5110 vero
1359 5055 1427 5113 ad
1457 5063 1700 5109 montem
1732 5054 1903 5108 Calon
1950 5054 2156 5107 dictum

577 5153 667 5222 (ac
690 5149 737 5206 si
762 5148 1054 5219 pulchrum
1096 5146 1369 5205 homines)
1400 5146 1652 5206 veniens.
1684 5160 1749 5200 ac
1778 5144 1889 5198 illic
1908 5145 2158 5197 divinum

576 5239 872 5313 quemdam
905 5237 1085 5295 virum
1122 5238 1340 5307 Deoque
1374 5235 1614 5289 amatum
1674 5232 1939 5302 lgnatium
1988 5230 2161 5285 oll'en-

576 5334 734 5398 dens,
766 5333 835 5396 ab
893 5348 959 5387 eo
1012 5330 1380 5393 ordinationis
1424 5344 1622 5382 nmnus
1672 5336 2003 5380 consecutus
2054 5332 2160 5388 cst,

577 5428 756 5496 deque
792 5440 977 5479 rerum
1011 5440 1073 5480 ac
1110 5425 1504 5495 imperatorum
1548 5420 1997 5475 succcssionihus
2031 5418 2164 5472 vati-

579 5522 820 5584 cinatus,
851 5521 919 5575 ad
969 5521 1172 5575 Christi
1237 5527 1512 5574 amantem
1564 5517 1798 5572 Leonem
1850 5520 2159 5583 Augustum

582 5628 648 5675 ac
701 5614 905 5670 liberos
960 5614 1081 5682 ejus
1138 5627 1513 5681 perseverans,
1577 5612 1642 5664 ad
1722 5609 2011 5664 Doruinum
2056 5606 2159 5661 mi-

582 5707 777 5771 gravit.

660 5796 677 5834 τ
712 5794 885 5850 Galat.
926 5811 962 5857 l,
1002 5794 1053 5849 8.

2269 4966 2369 5036 μὲν
2400 4962 2508 5018 ἀπὸ
2542 4959 2731 5012 τούτου
2759 4956 2996 5024 ἐγένετο,
3038 4952 3260 5022 ὓστερον
3296 4950 3350 5002 δὲ
3405 4948 3538 5017 πρὸς
3578 4946 3638 4997 τὸ
3669 4944 3850 4997 Καλὸν

2266 5035 2409 5110 οὕτω
2470 5051 2761 5120 λεγόμενον
2815 5044 3176 5113 ἀποδημήσας
3228 5040 3373 5110 ὄρος,
3424 5035 3691 5105 Ἰγνὰτιόν
3730 5049 3853 5089 τινα

2268 5147 2529 5218 θεοφόρον
2560 5142 2733 5212 ἄνδρα
2760 5134 3081 5192 καταλαϐὼν
3128 5129 3462 5203 χειροτονίας
3509 5146 3566 5182 τε
3599 5128 3850 5198 ἠξίωσεν,

2269 5243 2363 5297 καὶ
2401 5241 2530 5312 περὶ
2552 5237 2657 5295 τῶν
2683 5234 2987 5305 μελλόντων
3013 5227 3356 5298 πραγμάτων
3383 5241 3440 5276 τε
3467 5224 3559 5277 καὶ
3588 5221 3853 5291 βασιλέων

2269 5333 2616 5398 ἁναδιδάξας,
2661 5328 2792 5397 ἄχρι
2840 5324 2935 5378 καὶ
2958 5320 3053 5374 τοῦ
3106 5318 3450 5388 φιλοχρίστου
3494 5317 3717 5375 Λέοντος
3762 5312 3859 5365 καὶ

2268 5426 2377 5479 τῶν
2404 5426 2609 5479 τέκνων
2641 5417 2805 5472 αὑτοῦ
2835 5412 3137 5484 διαμείνας,
3176 5410 3311 5480 πρὸς
3348 5407 3553 5478 Κύριον
3581 5404 3853 5473 ἐξεδήμη-

2270 5536 2382 5572 σεν.
