  <div class='ocr_page' id='page_1' title='image "/cluster/home/n/w/nwhite01/storage/ocr_20150623/109/coo.31924054870138/068.png"; bbox 0 0 4200 6422; ppageno 0'>
   <div class='ocr_carea' id='block_1_1' title="bbox 363 341 468 409">
    <p class='ocr_par' dir='ltr' id='par_1_1' title="bbox 363 341 468 409">
     <span class='ocr_line' id='line_1_1' title="bbox 363 341 468 409; baseline -0.019 0"><span class='ocrx_word' id='word_1_1' title='bbox 363 341 468 409; x_wconf 66' lang='grc' dir='ltr'><strong>ὶὲὶ</strong></span> 
     </span>
    </p>
   </div>
   <div class='ocr_carea' id='block_1_2' title="bbox 1173 335 2889 405">
    <p class='ocr_par' dir='ltr' id='par_1_2' title="bbox 1173 335 2889 405">
     <span class='ocr_line' id='line_1_2' title="bbox 1173 335 2889 405; baseline -0.005 -2"><span class='ocrx_word' id='word_1_2' title='bbox 1173 342 1322 405; x_wconf 83' lang='lat' dir='ltr'><strong>LIB.</strong></span> <span class='ocrx_word' id='word_1_3' title='bbox 1361 341 1479 401; x_wconf 93' lang='lat' dir='ltr'><strong>III.</strong></span> <span class='ocrx_word' id='word_1_4' title='bbox 1517 358 1588 376; x_wconf 79' lang='grc'><strong>--</strong></span> <span class='ocrx_word' id='word_1_5' title='bbox 1625 337 2126 400; x_wconf 73' lang='lat' dir='ltr'><strong>THEOPHILUS</strong></span> <span class='ocrx_word' id='word_1_6' title='bbox 2157 335 2580 397; x_wconf 66' lang='lat' dir='ltr'><strong>MICIIAELIS</strong></span> <span class='ocrx_word' id='word_1_7' title='bbox 2607 335 2889 396; x_wconf 81' lang='lat' dir='ltr'><strong>FILIUS.</strong></span> 
     </span>
    </p>
   </div>
   <div class='ocr_carea' id='block_1_3' title="bbox 3576 332 3680 396">
    <p class='ocr_par' dir='ltr' id='par_1_3' title="bbox 3576 332 3680 396">
     <span class='ocr_line' id='line_1_3' title="bbox 3576 332 3680 396; baseline 0 0"><span class='ocrx_word' id='word_1_8' title='bbox 3576 332 3680 396; x_wconf 67' lang='lat'><strong>2‘2!</strong></span> 
     </span>
    </p>
   </div>
   <div class='ocr_carea' id='block_1_4' title="bbox 380 445 2024 544">
    <p class='ocr_par' dir='ltr' id='par_1_4' title="bbox 380 450 2024 544">
     <span class='ocr_line' id='line_1_4' title="bbox 380 450 2024 544; baseline -0.004 -33"><span class='ocrx_word' id='word_1_9' title='bbox 380 455 885 544; x_wconf 46' lang='grc' dir='ltr'><strong>μεθαρμοσάμενος</strong></span> <span class='ocrx_word' id='word_1_10' title='bbox 906 457 1007 512; x_wconf 72' lang='grc' dir='ltr'><strong>καὶ</strong></span> <span class='ocrx_word' id='word_1_11' title='bbox 1035 457 1250 528; x_wconf 62' lang='grc' dir='ltr'><strong>ῥυθμὸν</strong></span> <span class='ocrx_word' id='word_1_12' title='bbox 1290 455 1611 528; x_wconf 80' lang='grc' dir='ltr'><strong>παρασχὼν,</strong></span> <span class='ocrx_word' id='word_1_13' title='bbox 1653 457 1713 509; x_wconf 80' lang='grc' dir='ltr'><strong>ὲν</strong></span> <span class='ocrx_word' id='word_1_14' title='bbox 1758 455 1825 526; x_wconf 85' lang='grc' dir='ltr'><strong>τῇ</strong></span> <span class='ocrx_word' id='word_1_15' title='bbox 1883 450 1980 506; x_wconf 74' lang='grc' dir='ltr'><strong>τοῦ</strong></span> <span class='ocrx_word' id='word_1_16' title='bbox 2014 488 2024 514; x_wconf 49' lang='grc' dir='ltr'><em>Α</em></span> 
     </span>
    </p>
   </div>
   <div class='ocr_carea' id='block_1_5' title="bbox 2111 445 3693 544">
    <p class='ocr_par' dir='ltr' id='par_1_5' title="bbox 2111 445 3693 523">
     <span class='ocr_line' id='line_1_5' title="bbox 2111 445 3693 523; baseline -0.005 -17"><span class='ocrx_word' id='word_1_17' title='bbox 2111 451 2320 506; x_wconf 80' lang='lat' dir='ltr'><strong>:innans</strong></span> <span class='ocrx_word' id='word_1_18' title='bbox 2350 451 3072 523; x_wconf 78' lang='lat' dir='ltr'><strong>rhythmumqueapponens</strong></span> <span class='ocrx_word' id='word_1_19' title='bbox 3093 446 3147 504; x_wconf 90' lang='lat' dir='ltr'><strong>in</strong></span> <span class='ocrx_word' id='word_1_20' title='bbox 3169 445 3260 504; x_wconf 82' lang='lat' dir='ltr'><strong>llei</strong></span> <span class='ocrx_word' id='word_1_21' title='bbox 3301 445 3536 504; x_wconf 80' lang='lat' dir='ltr'><strong>ecclesia</strong></span> <span class='ocrx_word' id='word_1_22' title='bbox 3562 465 3693 505; x_wconf 88' lang='lat' dir='ltr'><strong>cun.</strong></span> 
     </span>
    </p>
   </div>
   <div class='ocr_carea' id='block_1_6' title="bbox 385 548 1992 624">
    <p class='ocr_par' dir='ltr' id='par_1_6' title="bbox 385 548 1992 624">
     <span class='ocr_line' id='line_1_6' title="bbox 385 548 1992 624; baseline -0.004 -16"><span class='ocrx_word' id='word_1_23' title='bbox 385 553 519 608; x_wconf 73' lang='grc' dir='ltr'><strong>Θεοῦ</strong></span> <span class='ocrx_word' id='word_1_24' title='bbox 547 551 829 624; x_wconf 65' lang='grc' dir='ltr'><strong>ἑκκλησίᾳ</strong></span> <span class='ocrx_word' id='word_1_25' title='bbox 872 553 964 616; x_wconf 83' lang='grc' dir='ltr'><strong>είς</strong></span> <span class='ocrx_word' id='word_1_26' title='bbox 1021 552 1248 606; x_wconf 84' lang='grc' dir='ltr'><strong>πάντων</strong></span> <span class='ocrx_word' id='word_1_27' title='bbox 1289 551 1528 623; x_wconf 67' lang='grc' dir='ltr'><strong>ἐπήκοον</strong></span> <span class='ocrx_word' id='word_1_28' title='bbox 1552 548 1992 622; x_wconf 75' lang='grc' dir='ltr'><strong>ᾄδεσθαιδιωρί-</strong></span> 
     </span>
    </p>
   </div>
   <div class='ocr_carea' id='block_1_7' title="bbox 388 634 1994 716">
    <p class='ocr_par' dir='ltr' id='par_1_7' title="bbox 388 634 1994 716">
     <span class='ocr_line' id='line_1_7' title="bbox 388 634 1994 716; baseline -0.006 -15"><span class='ocrx_word' id='word_1_29' title='bbox 388 663 534 701; x_wconf 67' lang='lat' dir='ltr'><strong>cato.</strong></span> <span class='ocrx_word' id='word_1_30' title='bbox 591 645 835 716; x_wconf 62' lang='grc' dir='ltr'><strong>Φέρεται</strong></span> <span class='ocrx_word' id='word_1_31' title='bbox 873 643 942 714; x_wconf 78' lang='grc' dir='ltr'><strong>δὴ</strong></span> <span class='ocrx_word' id='word_1_32' title='bbox 971 643 1070 697; x_wconf 75' lang='grc' dir='ltr'><strong>καὶ</strong></span> <span class='ocrx_word' id='word_1_33' title='bbox 1096 641 1255 711; x_wconf 80' lang='grc' dir='ltr'><strong>λόγος</strong></span> <span class='ocrx_word' id='word_1_34' title='bbox 1293 657 1380 706; x_wconf 89' lang='grc' dir='ltr'><strong>τις</strong></span> <span class='ocrx_word' id='word_1_35' title='bbox 1429 641 1508 706; x_wconf 78' lang='grc' dir='ltr'><strong>ὡς</strong></span> <span class='ocrx_word' id='word_1_36' title='bbox 1545 641 1710 705; x_wconf 78' lang='grc' dir='ltr'><strong>αὐτὸς</strong></span> <span class='ocrx_word' id='word_1_37' title='bbox 1761 634 1918 702; x_wconf 76' lang='grc' dir='ltr'><strong>οὗτος</strong></span> <span class='ocrx_word' id='word_1_38' title='bbox 1963 639 1994 692; x_wconf 84' lang='grc' dir='ltr'><strong>δ</strong></span> 
     </span>
    </p>
   </div>
   <div class='ocr_carea' id='block_1_8' title="bbox 382 731 1996 811">
    <p class='ocr_par' dir='ltr' id='par_1_8' title="bbox 382 731 1996 811">
     <span class='ocr_line' id='line_1_8' title="bbox 382 731 1996 811; baseline -0.005 -18"><span class='ocrx_word' id='word_1_39' title='bbox 382 737 652 809; x_wconf 78' lang='grc' dir='ltr'><strong>Θεόφιλος</strong></span> <span class='ocrx_word' id='word_1_40' title='bbox 673 737 846 811; x_wconf 71' lang='grc' dir='ltr'><strong>ἔρωτι</strong></span> <span class='ocrx_word' id='word_1_41' title='bbox 871 736 970 791; x_wconf 83' lang='grc' dir='ltr'><strong>τοῦ</strong></span> <span class='ocrx_word' id='word_1_42' title='bbox 997 736 1200 808; x_wconf 85' lang='grc' dir='ltr'><strong>μέλους</strong></span> <span class='ocrx_word' id='word_1_43' title='bbox 1225 734 1577 806; x_wconf 79' lang='grc' dir='ltr'><strong>βαλλόμενος,</strong></span> <span class='ocrx_word' id='word_1_44' title='bbox 1609 731 1864 804; x_wconf 85' lang='grc' dir='ltr'><strong>καθάπερ</strong></span> <span class='ocrx_word' id='word_1_45' title='bbox 1889 749 1996 786; x_wconf 91' lang='grc' dir='ltr'><strong>πα-</strong></span> 
     </span>
    </p>
   </div>
   <div class='ocr_carea' id='block_1_9' title="bbox 380 826 1996 904">
    <p class='ocr_par' dir='ltr' id='par_1_9' title="bbox 380 826 1996 904">
     <span class='ocr_line' id='line_1_9' title="bbox 380 826 1996 904; baseline -0.004 -17"><span class='ocrx_word' id='word_1_46' title='bbox 380 832 544 904; x_wconf 68' lang='grc' dir='ltr'><strong>τέρες</strong></span> <span class='ocrx_word' id='word_1_47' title='bbox 575 831 708 904; x_wconf 75' lang='grc' dir='ltr'><strong>περὶ</strong></span> <span class='ocrx_word' id='word_1_48' title='bbox 735 829 808 886; x_wconf 80' lang='grc' dir='ltr'><strong>τά</strong></span> <span class='ocrx_word' id='word_1_49' title='bbox 829 831 1057 901; x_wconf 74' lang='grc' dir='ltr'><strong>εκγονα,</strong></span> <span class='ocrx_word' id='word_1_50' title='bbox 1085 829 1231 884; x_wconf 82' lang='grc' dir='ltr'><strong>κατὰ</strong></span> <span class='ocrx_word' id='word_1_51' title='bbox 1243 828 1343 899; x_wconf 83' lang='grc' dir='ltr'><strong>τὴν</strong></span> <span class='ocrx_word' id='word_1_52' title='bbox 1361 828 1626 898; x_wconf 78' lang='grc' dir='ltr'><strong>Μεγάλην</strong></span> <span class='ocrx_word' id='word_1_53' title='bbox 1658 826 1996 898; x_wconf 81' lang='grc' dir='ltr'><strong>Ἐκκλησίαν</strong></span> 
     </span>
    </p>
   </div>
   <div class='ocr_carea' id='block_1_10' title="bbox 382 921 1994 998">
    <p class='ocr_par' dir='ltr' id='par_1_10' title="bbox 382 921 1994 998">
     <span class='ocr_line' id='line_1_10' title="bbox 382 921 1994 998; baseline -0.005 -18"><span class='ocrx_word' id='word_1_54' title='bbox 382 928 441 980; x_wconf 77' lang='grc' dir='ltr'><strong>ἰν</strong></span> <span class='ocrx_word' id='word_1_55' title='bbox 463 926 674 998; x_wconf 77' lang='grc' dir='ltr'><strong>φαιδρᾷ</strong></span> <span class='ocrx_word' id='word_1_56' title='bbox 704 925 1023 996; x_wconf 77' lang='grc' dir='ltr'><strong>πανηγύρει</strong></span> <span class='ocrx_word' id='word_1_57' title='bbox 1042 923 1104 978; x_wconf 76' lang='grc' dir='ltr'><strong>οὗ</strong></span> <span class='ocrx_word' id='word_1_58' title='bbox 1133 922 1490 997; x_wconf 72' lang='grc' dir='ltr'><strong>παρῃτήσατο</strong></span> <span class='ocrx_word' id='word_1_59' title='bbox 1531 921 1594 976; x_wconf 71' lang='grc' dir='ltr'><strong>τὸ</strong></span> <span class='ocrx_word' id='word_1_60' title='bbox 1621 922 1994 993; x_wconf 82' lang='grc' dir='ltr'><strong>χειρονομεῖν,</strong></span> 
     </span>
    </p>
   </div>
   <div class='ocr_carea' id='block_1_11' title="bbox 380 1013 1996 1092">
    <p class='ocr_par' dir='ltr' id='par_1_11' title="bbox 380 1013 1996 1092">
     <span class='ocr_line' id='line_1_11' title="bbox 380 1013 1996 1092; baseline -0.003 -20"><span class='ocrx_word' id='word_1_61' title='bbox 380 1017 471 1090; x_wconf 74' lang='grc' dir='ltr'><strong>[Ρ.</strong></span> <span class='ocrx_word' id='word_1_62' title='bbox 511 1017 607 1092; x_wconf 75' lang='lat'><strong>67]</strong></span> <span class='ocrx_word' id='word_1_63' title='bbox 664 1017 793 1083; x_wconf 71' lang='grc' dir='ltr'><strong>δοὺς</strong></span> <span class='ocrx_word' id='word_1_64' title='bbox 843 1018 925 1088; x_wconf 81' lang='grc' dir='ltr'><strong>τῷ</strong></span> <span class='ocrx_word' id='word_1_65' title='bbox 971 1015 1164 1089; x_wconf 80' lang='grc' dir='ltr'><strong>κλήρῳ</strong></span> <span class='ocrx_word' id='word_1_66' title='bbox 1185 1016 1358 1086; x_wconf 80' lang='grc' dir='ltr'><strong>αὐτῆς</strong></span> <span class='ocrx_word' id='word_1_67' title='bbox 1389 1014 1581 1086; x_wconf 84' lang='grc' dir='ltr'><strong>λίτρας</strong></span> <span class='ocrx_word' id='word_1_68' title='bbox 1613 1015 1758 1086; x_wconf 76' lang='grc' dir='ltr'><strong>ὑπὲρ</strong></span> <span class='ocrx_word' id='word_1_69' title='bbox 1803 1013 1996 1068; x_wconf 82' lang='grc' dir='ltr'><strong>τούτου</strong></span> 
     </span>
    </p>
   </div>
   <div class='ocr_carea' id='block_1_12' title="bbox 374 1104 1998 1179">
    <p class='ocr_par' dir='ltr' id='par_1_12' title="bbox 374 1104 1998 1179">
     <span class='ocr_line' id='line_1_12' title="bbox 374 1104 1998 1179; baseline -0.002 -19"><span class='ocrx_word' id='word_1_70' title='bbox 374 1109 616 1179; x_wconf 77' lang='grc' dir='ltr'><strong>χρυσίου</strong></span> <span class='ocrx_word' id='word_1_71' title='bbox 655 1109 881 1163; x_wconf 68' lang='grc' dir='ltr'><strong>ἑκατόν.</strong></span> <span class='ocrx_word' id='word_1_72' title='bbox 943 1107 1058 1162; x_wconf 70' lang='grc' dir='ltr'><strong>Καὶ</strong></span> <span class='ocrx_word' id='word_1_73' title='bbox 1107 1107 1172 1161; x_wconf 78' lang='grc' dir='ltr'><strong>τὸ</strong></span> <span class='ocrx_word' id='word_1_74' title='bbox 1213 1105 1471 1176; x_wconf 82' lang='grc' dir='ltr'><strong>στιχηρὸν</strong></span> <span class='ocrx_word' id='word_1_75' title='bbox 1497 1105 1556 1158; x_wconf 77' lang='grc' dir='ltr'><strong>δὲ</strong></span> <span class='ocrx_word' id='word_1_76' title='bbox 1592 1104 1655 1160; x_wconf 77' lang='grc' dir='ltr'><strong>τὸ</strong></span> <span class='ocrx_word' id='word_1_77' title='bbox 1699 1105 1847 1159; x_wconf 74' lang='grc' dir='ltr'><strong>κατὰ</strong></span> <span class='ocrx_word' id='word_1_78' title='bbox 1895 1105 1998 1178; x_wconf 78' lang='grc' dir='ltr'><strong>τὴν</strong></span> 
     </span>
    </p>
   </div>
   <div class='ocr_carea' id='block_1_13' title="bbox 385 1196 1999 1274">
    <p class='ocr_par' dir='ltr' id='par_1_13' title="bbox 385 1196 1999 1274">
     <span class='ocr_line' id='line_1_13' title="bbox 385 1196 1999 1274; baseline -0.007 -12"><span class='ocrx_word' id='word_1_79' title='bbox 385 1201 707 1272; x_wconf 72' lang='grc' dir='ltr'><strong>βιῖοφὸρον,</strong></span> <span class='ocrx_word' id='word_1_80' title='bbox 752 1201 1091 1266; x_wconf 75' lang='grc' dir='ltr'><strong>Ἐξέλθετε,</strong></span> <span class='ocrx_word' id='word_1_81' title='bbox 1134 1199 1302 1267; x_wconf 66' lang='grc' dir='ltr'><strong>ἔθνη,</strong></span> <span class='ocrx_word' id='word_1_82' title='bbox 1352 1198 1632 1263; x_wconf 66' lang='grc' dir='ltr'><strong>ἐξέλθατε</strong></span> <span class='ocrx_word' id='word_1_83' title='bbox 1681 1196 1785 1253; x_wconf 73' lang='grc' dir='ltr'><strong>καὶ</strong></span> <span class='ocrx_word' id='word_1_84' title='bbox 1834 1197 1999 1274; x_wconf 61' lang='grc' dir='ltr'><strong>λαοί,</strong></span> 
     </span>
    </p>
   </div>
   <div class='ocr_carea' id='block_1_14' title="bbox 388 1289 1621 1366">
    <p class='ocr_par' dir='ltr' id='par_1_14' title="bbox 388 1289 1621 1366">
     <span class='ocr_line' id='line_1_14' title="bbox 388 1289 1621 1366; baseline 0 -19"><span class='ocrx_word' id='word_1_85' title='bbox 388 1294 495 1366; x_wconf 77' lang='grc' dir='ltr'><strong>τῆς</strong></span> <span class='ocrx_word' id='word_1_86' title='bbox 530 1295 742 1349; x_wconf 63' lang='grc' dir='ltr'><strong>ἑκείνου</strong></span> <span class='ocrx_word' id='word_1_87' title='bbox 778 1295 824 1330; x_wconf 80' lang='grc'><strong>¹⁹</strong></span> <span class='ocrx_word' id='word_1_88' title='bbox 854 1293 1023 1363; x_wconf 78' lang='grc' dir='ltr'><strong>φασὶν</strong></span> <span class='ocrx_word' id='word_1_89' title='bbox 1051 1289 1195 1347; x_wconf 75' lang='grc' dir='ltr'><strong>εἶναι</strong></span> <span class='ocrx_word' id='word_1_90' title='bbox 1222 1293 1382 1347; x_wconf 83' lang='grc' dir='ltr'>τόκον</span> <span class='ocrx_word' id='word_1_91' title='bbox 1413 1291 1621 1363; x_wconf 78' lang='grc' dir='ltr'><strong>ψυχῆς.</strong></span> 
     </span>
    </p>
   </div>
   <div class='ocr_carea' id='block_1_15' title="bbox 467 1464 2001 1540">
    <p class='ocr_par' dir='ltr' id='par_1_15' title="bbox 467 1464 2001 1540">
     <span class='ocr_line' id='line_1_15' title="bbox 467 1464 2001 1540; baseline -0.006 -14"><span class='ocrx_word' id='word_1_92' title='bbox 467 1470 557 1536; x_wconf 73' lang='grc' dir='ltr'><strong>ιζ’.</strong></span> <span class='ocrx_word' id='word_1_93' title='bbox 574 1469 730 1526; x_wconf 73' lang='grc' dir='ltr'><strong>Ἐπεὶ</strong></span> <span class='ocrx_word' id='word_1_94' title='bbox 739 1470 800 1525; x_wconf 68' lang='grc' dir='ltr'><strong>δί</strong></span> <span class='ocrx_word' id='word_1_95' title='bbox 822 1469 1037 1524; x_wconf 78' lang='grc' dir='ltr'><strong>καὶτὸν</strong></span> <span class='ocrx_word' id='word_1_96' title='bbox 1063 1469 1166 1540; x_wconf 83' lang='grc' dir='ltr'><strong>τῆς</strong></span> <span class='ocrx_word' id='word_1_97' title='bbox 1193 1467 1441 1538; x_wconf 67' lang='grc' dir='ltr'><strong>κεφαλῆς</strong></span> <span class='ocrx_word' id='word_1_98' title='bbox 1459 1467 1667 1538; x_wconf 87' lang='grc' dir='ltr'><strong>κόσμον</strong></span> <span class='ocrx_word' id='word_1_99' title='bbox 1681 1464 1864 1535; x_wconf 80' lang='grc' dir='ltr'><strong>ὀλίγον</strong></span> <span class='ocrx_word' id='word_1_100' title='bbox 1882 1481 2001 1529; x_wconf 86' lang='grc' dir='ltr'><strong>πως</strong></span> 
     </span>
    </p>
   </div>
   <div class='ocr_carea' id='block_1_16' title="bbox 385 1559 2002 1635">
    <p class='ocr_par' dir='ltr' id='par_1_16' title="bbox 385 1559 2002 1635">
     <span class='ocr_line' id='line_1_16' title="bbox 385 1559 2002 1635; baseline -0.005 -15"><span class='ocrx_word' id='word_1_101' title='bbox 385 1567 452 1620; x_wconf 69' lang='grc' dir='ltr'><strong>ἐκ</strong></span> <span class='ocrx_word' id='word_1_102' title='bbox 469 1565 694 1635; x_wconf 74' lang='grc' dir='ltr'><strong>φύσεως</strong></span> <span class='ocrx_word' id='word_1_103' title='bbox 709 1563 878 1634; x_wconf 75' lang='grc' dir='ltr'><strong>ἔφερε</strong></span> <span class='ocrx_word' id='word_1_104' title='bbox 903 1561 1164 1631; x_wconf 70' lang='grc' dir='ltr'><strong>καὶψιλδς</strong></span> <span class='ocrx_word' id='word_1_105' title='bbox 1191 1561 1290 1624; x_wconf 82' lang='grc' dir='ltr'><strong>τὰς</strong></span> <span class='ocrx_word' id='word_1_106' title='bbox 1307 1560 1502 1632; x_wconf 80' lang='grc' dir='ltr'><strong>τρίχας</strong></span> <span class='ocrx_word' id='word_1_107' title='bbox 1519 1560 1684 1632; x_wconf 79' lang='grc' dir='ltr'><strong>ὑπῆν,</strong></span> <span class='ocrx_word' id='word_1_108' title='bbox 1707 1559 2002 1612; x_wconf 72' lang='grc' dir='ltr'><strong>ἐθέσπισεν</strong></span> 
     </span>
    </p>
   </div>
   <div class='ocr_carea' id='block_1_17' title="bbox 383 1653 2006 1728">
    <p class='ocr_par' dir='ltr' id='par_1_17' title="bbox 383 1653 2006 1728">
     <span class='ocr_line' id='line_1_17' title="bbox 383 1653 2006 1728; baseline -0.004 -15"><span class='ocrx_word' id='word_1_109' title='bbox 383 1659 686 1727; x_wconf 71' lang='grc' dir='ltr'><strong>ἅπανταχῆ</strong></span> <span class='ocrx_word' id='word_1_110' title='bbox 735 1659 795 1710; x_wconf 72' lang='grc' dir='ltr'><strong>ὲν</strong></span> <span class='ocrx_word' id='word_1_111' title='bbox 837 1654 959 1728; x_wconf 82' lang='grc' dir='ltr'><strong>χρῷ</strong></span> <span class='ocrx_word' id='word_1_112' title='bbox 1010 1655 1217 1718; x_wconf 83' lang='grc' dir='ltr'><strong>ταύτας</strong></span> <span class='ocrx_word' id='word_1_113' title='bbox 1248 1655 1570 1725; x_wconf 68' lang='grc' dir='ltr'><strong>ἀποκείρειν</strong></span> <span class='ocrx_word' id='word_1_114' title='bbox 1596 1653 1692 1708; x_wconf 71' lang='grc' dir='ltr'><strong>καὶ</strong></span> <span class='ocrx_word' id='word_1_115' title='bbox 1755 1653 1831 1724; x_wconf 81' lang='grc' dir='ltr'><strong>μή</strong></span> <span class='ocrx_word' id='word_1_116' title='bbox 1878 1668 2006 1707; x_wconf 83' lang='grc' dir='ltr'><strong>τινα</strong></span> 
     </span>
    </p>
   </div>
   <div class='ocr_carea' id='block_1_18' title="bbox 398 1746 2004 1822">
    <p class='ocr_par' dir='ltr' id='par_1_18' title="bbox 398 1746 2004 1822">
     <span class='ocr_line' id='line_1_18' title="bbox 398 1746 2004 1822; baseline -0.006 -15"><span class='ocrx_word' id='word_1_117' title='bbox 398 1753 685 1822; x_wconf 75' lang='grc' dir='ltr'><strong>Ῥωμαῖον</strong></span> <span class='ocrx_word' id='word_1_118' title='bbox 711 1751 843 1804; x_wconf 80' lang='grc' dir='ltr'><strong>δντα</strong></span> <span class='ocrx_word' id='word_1_119' title='bbox 867 1749 965 1807; x_wconf 78' lang='grc' dir='ltr'><strong>τοῦ</strong></span> <span class='ocrx_word' id='word_1_120' title='bbox 983 1747 1263 1820; x_wconf 82' lang='grc' dir='ltr'><strong>τραχήλου</strong></span> <span class='ocrx_word' id='word_1_121' title='bbox 1296 1747 1612 1821; x_wconf 86' lang='grc' dir='ltr'><strong>περαιτέρω</strong></span> <span class='ocrx_word' id='word_1_122' title='bbox 1642 1746 1833 1816; x_wconf 75' lang='grc' dir='ltr'><strong>φέρειν</strong></span> <span class='ocrx_word' id='word_1_123' title='bbox 1867 1761 2004 1814; x_wconf 85' lang='grc' dir='ltr'><strong>συγ-</strong></span> 
     </span>
    </p>
   </div>
   <div class='ocr_carea' id='block_1_19' title="bbox 387 1829 2005 1917">
    <p class='ocr_par' dir='ltr' id='par_1_19' title="bbox 387 1829 2005 1917">
     <span class='ocr_line' id='line_1_19' title="bbox 387 1829 2005 1917; baseline -0.004 -21"><span class='ocrx_word' id='word_1_124' title='bbox 387 1846 601 1917; x_wconf 80' lang='grc' dir='ltr'><strong>χωρεῖν</strong></span> <span class='ocrx_word' id='word_1_125' title='bbox 632 1861 648 1875; x_wconf 75' lang='grc' dir='ltr'><strong>ο</strong></span> <span class='ocrx_word' id='word_1_126' title='bbox 695 1844 744 1897; x_wconf 86' lang='grc' dir='ltr'><strong>εί</strong></span> <span class='ocrx_word' id='word_1_127' title='bbox 772 1843 830 1898; x_wconf 81' lang='grc' dir='ltr'><strong>δέ</strong></span> <span class='ocrx_word' id='word_1_128' title='bbox 877 1859 964 1906; x_wconf 88' lang='grc' dir='ltr'><strong>τις</strong></span> <span class='ocrx_word' id='word_1_129' title='bbox 996 1829 1250 1912; x_wconf 80' lang='grc' dir='ltr'><strong>φωραθῇ,</strong></span> <span class='ocrx_word' id='word_1_130' title='bbox 1297 1839 1522 1904; x_wconf 85' lang='grc' dir='ltr'><strong>πολλαῖς</strong></span> <span class='ocrx_word' id='word_1_131' title='bbox 1568 1838 1918 1909; x_wconf 72' lang='grc' dir='ltr'><strong>αἰκιζόμενον</strong></span> <span class='ocrx_word' id='word_1_132' title='bbox 1953 1837 2005 1870; x_wconf 80' lang='grc'><strong>¹⁹</strong></span> 
     </span>
    </p>
   </div>
   <div class='ocr_carea' id='block_1_20' title="bbox 393 1933 2000 2009">
    <p class='ocr_par' dir='ltr' id='par_1_20' title="bbox 393 1933 2000 2009">
     <span class='ocr_line' id='line_1_20' title="bbox 393 1933 2000 2009; baseline -0.005 -16"><span class='ocrx_word' id='word_1_133' title='bbox 393 1937 628 2009; x_wconf 78' lang='grc' dir='ltr'><strong>μάστιξι</strong></span> <span class='ocrx_word' id='word_1_134' title='bbox 673 1937 810 2008; x_wconf 72' lang='grc' dir='ltr'><strong>πρὸς</strong></span> <span class='ocrx_word' id='word_1_135' title='bbox 841 1936 944 2007; x_wconf 77' lang='grc' dir='ltr'><strong>τὴν</strong></span> <span class='ocrx_word' id='word_1_136' title='bbox 981 1935 1096 1988; x_wconf 83' lang='grc' dir='ltr'><strong>τῶν</strong></span> <span class='ocrx_word' id='word_1_137' title='bbox 1145 1934 1432 2006; x_wconf 86' lang='grc' dir='ltr'><strong>προγόνων</strong></span> <span class='ocrx_word' id='word_1_138' title='bbox 1497 1933 1792 2004; x_wconf 86' lang='grc' dir='ltr'><strong>Ῥωμαίων</strong></span> <span class='ocrx_word' id='word_1_139' title='bbox 1831 1934 2000 1986; x_wconf 71' lang='grc' dir='ltr'><strong>ἐπαν-</strong></span> 
     </span>
    </p>
   </div>
   <div class='ocr_carea' id='block_1_21' title="bbox 397 2019 2002 2103">
    <p class='ocr_par' dir='ltr' id='par_1_21' title="bbox 397 2019 2002 2103">
     <span class='ocr_line' id='line_1_21' title="bbox 397 2019 2002 2103; baseline -0.006 -16"><span class='ocrx_word' id='word_1_140' title='bbox 397 2032 644 2100; x_wconf 80' lang='grc' dir='ltr'><strong>άγεσθαι</strong></span> <span class='ocrx_word' id='word_1_141' title='bbox 665 2032 862 2103; x_wconf 78' lang='grc' dir='ltr'><strong>ἀρετήν</strong></span> <span class='ocrx_word' id='word_1_142' title='bbox 888 2046 903 2060; x_wconf 89' lang='grc'><strong>·</strong></span> <span class='ocrx_word' id='word_1_143' title='bbox 930 2028 1109 2100; x_wconf 79' lang='grc' dir='ltr'><strong>τούτῳ</strong></span> <span class='ocrx_word' id='word_1_144' title='bbox 1137 2029 1248 2100; x_wconf 87' lang='grc' dir='ltr'><strong>γὰρ</strong></span> <span class='ocrx_word' id='word_1_145' title='bbox 1273 2028 1368 2082; x_wconf 80' lang='grc' dir='ltr'><strong>καὶ</strong></span> <span class='ocrx_word' id='word_1_146' title='bbox 1400 2019 1549 2080; x_wconf 72' lang='grc' dir='ltr'><strong>οὗτοι</strong></span> <span class='ocrx_word' id='word_1_147' title='bbox 1601 2023 1914 2097; x_wconf 73' lang='grc' dir='ltr'><strong>τριχώματι</strong></span> <span class='ocrx_word' id='word_1_148' title='bbox 1945 2025 2002 2078; x_wconf 81' lang='grc' dir='ltr'><strong>ὲ-</strong></span> 
     </span>
    </p>
   </div>
   <div class='ocr_carea' id='block_1_22' title="bbox 402 2116 2000 2196">
    <p class='ocr_par' dir='ltr' id='par_1_22' title="bbox 402 2116 2000 2196">
     <span class='ocr_line' id='line_1_22' title="bbox 402 2116 2000 2196; baseline -0.005 -16"><span class='ocrx_word' id='word_1_149' title='bbox 402 2143 468 2180; x_wconf 71' lang='grc' dir='ltr'><strong>σε</strong></span> <span class='ocrx_word' id='word_1_150' title='bbox 480 2123 924 2196; x_wconf 70' lang='grc' dir='ltr'><strong>μνύνοοηο.ὐθεν</strong></span> <span class='ocrx_word' id='word_1_151' title='bbox 939 2122 1224 2194; x_wconf 53' lang='grc' dir='ltr'><strong>καῖνὸμον</strong></span> <span class='ocrx_word' id='word_1_152' title='bbox 1247 2119 1465 2188; x_wconf 69' lang='grc' dir='ltr'><strong>ἐξέθετο</strong></span> <span class='ocrx_word' id='word_1_153' title='bbox 1477 2118 1574 2172; x_wconf 80' lang='grc' dir='ltr'><strong>τοῦ</strong></span> <span class='ocrx_word' id='word_1_154' title='bbox 1594 2120 1668 2189; x_wconf 81' lang='grc' dir='ltr'><strong>μή</strong></span> <span class='ocrx_word' id='word_1_155' title='bbox 1689 2135 1812 2172; x_wconf 87' lang='grc' dir='ltr'><strong>τινα</strong></span> <span class='ocrx_word' id='word_1_156' title='bbox 1822 2116 2000 2172; x_wconf 80' lang='grc' dir='ltr'><strong>διόλου</strong></span> 
     </span>
    </p>
   </div>
   <div class='ocr_carea' id='block_1_23' title="bbox 398 2210 2002 2290">
    <p class='ocr_par' dir='ltr' id='par_1_23' title="bbox 398 2210 2002 2290">
     <span class='ocr_line' id='line_1_23' title="bbox 398 2210 2002 2290; baseline -0.007 -16"><span class='ocrx_word' id='word_1_157' title='bbox 398 2219 763 2290; x_wconf 72' lang='grc' dir='ltr'><strong>κατατολμᾷν</strong></span> <span class='ocrx_word' id='word_1_158' title='bbox 828 2215 1144 2289; x_wconf 76' lang='grc' dir='ltr'><strong>περαιτέρω</strong></span> <span class='ocrx_word' id='word_1_159' title='bbox 1207 2214 1304 2269; x_wconf 77' lang='grc' dir='ltr'><strong>τοῦ</strong></span> <span class='ocrx_word' id='word_1_160' title='bbox 1382 2213 1610 2285; x_wconf 77' lang='grc' dir='ltr'><strong>αὐχένος</strong></span> <span class='ocrx_word' id='word_1_161' title='bbox 1681 2210 2002 2283; x_wconf 87' lang='grc' dir='ltr'><strong>προϐαίνειν</strong></span> 
     </span>
    </p>
   </div>
   <div class='ocr_carea' id='block_1_24' title="bbox 385 2315 516 2368">
    <p class='ocr_par' dir='ltr' id='par_1_24' title="bbox 385 2315 516 2368">
     <span class='ocr_line' id='line_1_24' title="bbox 385 2315 516 2368; baseline -0.023 0"><span class='ocrx_word' id='word_1_162' title='bbox 385 2315 516 2368; x_wconf 73' lang='grc' dir='ltr'><strong>ἐᾶν.</strong></span> 
     </span>
    </p>
   </div>
   <div class='ocr_carea' id='block_1_25' title="bbox 463 2381 2002 2477">
    <p class='ocr_par' dir='ltr' id='par_1_25' title="bbox 463 2381 2002 2477">
     <span class='ocr_line' id='line_1_25' title="bbox 463 2381 2002 2477; baseline -0.007 -15"><span class='ocrx_word' id='word_1_163' title='bbox 463 2406 561 2477; x_wconf 83' lang='grc' dir='ltr'><strong>ιη’.</strong></span> <span class='ocrx_word' id='word_1_164' title='bbox 630 2405 779 2460; x_wconf 80' lang='grc' dir='ltr'><strong>Ἔδει</strong></span> <span class='ocrx_word' id='word_1_165' title='bbox 806 2404 864 2459; x_wconf 64' lang='grc' dir='ltr'><strong>δὲ</strong></span> <span class='ocrx_word' id='word_1_166' title='bbox 897 2405 1006 2475; x_wconf 72' lang='grc' dir='ltr'><strong>ἄρα</strong></span> <span class='ocrx_word' id='word_1_167' title='bbox 1032 2401 1126 2457; x_wconf 73' lang='grc' dir='ltr'><strong>καὶ</strong></span> <span class='ocrx_word' id='word_1_168' title='bbox 1148 2400 1218 2455; x_wconf 83' lang='grc' dir='ltr'><strong>τὰ</strong></span> <span class='ocrx_word' id='word_1_169' title='bbox 1243 2381 1365 2456; x_wconf 70' lang='grc' dir='ltr'><strong>κατ’</strong></span> <span class='ocrx_word' id='word_1_170' title='bbox 1403 2398 1567 2454; x_wconf 65' lang='grc' dir='ltr'><strong>αὐτὸν</strong></span> <span class='ocrx_word' id='word_1_171' title='bbox 1589 2398 1684 2453; x_wconf 73' lang='grc' dir='ltr'><strong>καὶ</strong></span> <span class='ocrx_word' id='word_1_172' title='bbox 1706 2396 1807 2468; x_wconf 77' lang='grc' dir='ltr'><strong>τὴν</strong></span> <span class='ocrx_word' id='word_1_173' title='bbox 1836 2395 2002 2452; x_wconf 78' lang='grc' dir='ltr'><strong>αὐτοῦ</strong></span> 
     </span>
    </p>
   </div>
   <div class='ocr_carea' id='block_1_26' title="bbox 391 2488 2006 2569">
    <p class='ocr_par' dir='ltr' id='par_1_26' title="bbox 391 2488 2006 2569">
     <span class='ocr_line' id='line_1_26' title="bbox 391 2488 2006 2569; baseline -0.006 -16"><span class='ocrx_word' id='word_1_174' title='bbox 391 2501 728 2569; x_wconf 76' lang='grc' dir='ltr'><strong>συγγένειαν</strong></span> <span class='ocrx_word' id='word_1_175' title='bbox 768 2494 1188 2568; x_wconf 79' lang='grc' dir='ltr'><strong>προνοήσασθαι</strong></span> <span class='ocrx_word' id='word_1_176' title='bbox 1237 2510 1297 2547; x_wconf 81' lang='grc' dir='ltr'><strong>τι</strong></span> <span class='ocrx_word' id='word_1_177' title='bbox 1330 2491 1428 2547; x_wconf 77' lang='grc' dir='ltr'><strong>καὶ</strong></span> <span class='ocrx_word' id='word_1_178' title='bbox 1458 2491 1736 2561; x_wconf 81' lang='grc' dir='ltr'><strong>διοικῆσαι</strong></span> <span class='ocrx_word' id='word_1_179' title='bbox 1767 2491 1910 2545; x_wconf 67' lang='grc' dir='ltr'>κατὰ</span> <span class='ocrx_word' id='word_1_180' title='bbox 1943 2488 2006 2543; x_wconf 77' lang='grc' dir='ltr'><strong>τὸ</strong></span> 
     </span>
    </p>
   </div>
   <div class='ocr_carea' id='block_1_27' title="bbox 393 2582 2002 2661">
    <p class='ocr_par' dir='ltr' id='par_1_27' title="bbox 393 2582 2002 2661">
     <span class='ocr_line' id='line_1_27' title="bbox 393 2582 2002 2661; baseline -0.006 -17"><span class='ocrx_word' id='word_1_181' title='bbox 393 2592 581 2661; x_wconf 77' lang='grc' dir='ltr'><strong>τούτῳ</strong></span> <span class='ocrx_word' id='word_1_182' title='bbox 601 2587 794 2642; x_wconf 76' lang='grc' dir='ltr'><strong>δοκοῦν</strong></span> <span class='ocrx_word' id='word_1_183' title='bbox 825 2603 842 2620; x_wconf 75' lang='grc' dir='ltr'><strong><em>ο</em></strong></span> <span class='ocrx_word' id='word_1_184' title='bbox 874 2585 972 2640; x_wconf 75' lang='grc' dir='ltr'><strong>καὶ</strong></span> <span class='ocrx_word' id='word_1_185' title='bbox 997 2586 1087 2639; x_wconf 80' lang='grc' dir='ltr'><strong>διὰ.</strong></span> <span class='ocrx_word' id='word_1_186' title='bbox 1116 2585 1296 2650; x_wconf 84' lang='grc' dir='ltr'><strong>τοῦτο,</strong></span> <span class='ocrx_word' id='word_1_187' title='bbox 1327 2584 1449 2637; x_wconf 74' lang='grc' dir='ltr'><strong>ἐπεὶ</strong></span> <span class='ocrx_word' id='word_1_188' title='bbox 1503 2584 1674 2637; x_wconf 79' lang='grc' dir='ltr'><strong>πέντε</strong></span> <span class='ocrx_word' id='word_1_189' title='bbox 1712 2583 1816 2654; x_wconf 83' lang='grc' dir='ltr'><strong>μὲν</strong></span> <span class='ocrx_word' id='word_1_190' title='bbox 1841 2582 2002 2654; x_wconf 70' lang='grc' dir='ltr'><strong>ἔτυχε</strong></span> 
     </span>
    </p>
   </div>
   <div class='ocr_carea' id='block_1_28' title="bbox 394 2674 2005 2753">
    <p class='ocr_par' dir='ltr' id='par_1_28' title="bbox 394 2674 2005 2753">
     <span class='ocr_line' id='line_1_28' title="bbox 394 2674 2005 2753; baseline -0.004 -17"><span class='ocrx_word' id='word_1_191' title='bbox 394 2681 709 2753; x_wconf 73' lang='grc' dir='ltr'><strong>τηνικαῦτα</strong></span> <span class='ocrx_word' id='word_1_192' title='bbox 754 2679 1080 2752; x_wconf 81' lang='grc' dir='ltr'><strong>θυγατέρων</strong></span> <span class='ocrx_word' id='word_1_193' title='bbox 1121 2677 1392 2748; x_wconf 69' lang='grc' dir='ltr'><strong>ὑπάρχειν</strong></span> <span class='ocrx_word' id='word_1_194' title='bbox 1434 2675 1640 2748; x_wconf 75' lang='grc' dir='ltr'><strong>πατὴρ,</strong></span> <span class='ocrx_word' id='word_1_195' title='bbox 1687 2677 1895 2753; x_wconf 71' lang='grc' dir='ltr'><strong>ἔρημος</strong></span> <span class='ocrx_word' id='word_1_196' title='bbox 1945 2674 2005 2730; x_wconf 77' lang='grc' dir='ltr'><strong>δὲ</strong></span> 
     </span>
    </p>
   </div>
   <div class='ocr_carea' id='block_1_29' title="bbox 382 2748 2006 2850">
    <p class='ocr_par' dir='ltr' id='par_1_29' title="bbox 382 2748 2006 2850">
     <span class='ocr_line' id='line_1_29' title="bbox 382 2748 2006 2850; baseline -0.006 -20"><span class='ocrx_word' id='word_1_197' title='bbox 382 2748 696 2850; x_wconf 68' lang='grc' dir='ltr'><strong>ἀρρενικῆς</strong></span> <span class='ocrx_word' id='word_1_198' title='bbox 723 2748 910 2844; x_wconf 64' lang='grc' dir='ltr'><strong>ὡράτο</strong></span> <span class='ocrx_word' id='word_1_199' title='bbox 936 2748 1124 2842; x_wconf 80' lang='grc' dir='ltr'><strong>γονῆς,</strong></span> <span class='ocrx_word' id='word_1_200' title='bbox 1152 2767 1254 2842; x_wconf 73' lang='grc' dir='ltr'><strong>τὴν</strong></span> <span class='ocrx_word' id='word_1_201' title='bbox 1285 2767 1478 2823; x_wconf 84' lang='grc' dir='ltr'><strong>πασῶν</strong></span> <span class='ocrx_word' id='word_1_202' title='bbox 1514 2748 1770 2844; x_wconf 42' lang='grc' dir='ltr'><strong>ἐσχάτην</strong></span> <span class='ocrx_word' id='word_1_203' title='bbox 1783 2767 2006 2839; x_wconf 83' lang='grc' dir='ltr'><strong>Μαρίαν</strong></span> 
     </span>
    </p>
   </div>
   <div class='ocr_carea' id='block_1_30' title="bbox 386 2859 2004 2940">
    <p class='ocr_par' dir='ltr' id='par_1_30' title="bbox 386 2859 2004 2940">
     <span class='ocr_line' id='line_1_30' title="bbox 386 2859 2004 2940; baseline -0.007 -15"><span class='ocrx_word' id='word_1_204' title='bbox 386 2867 671 2940; x_wconf 77' lang='grc' dir='ltr'><strong>ὕπερϐαλ)</strong></span> <span class='ocrx_word' id='word_1_205' title='bbox 682 2868 857 2930; x_wconf 87' lang='grc' dir='ltr'><strong>όντως</strong></span> <span class='ocrx_word' id='word_1_206' title='bbox 905 2863 1278 2936; x_wconf 72' lang='grc' dir='ltr'><strong>ἠγαπημένην</strong></span> <span class='ocrx_word' id='word_1_207' title='bbox 1327 2862 1494 2917; x_wconf 75' lang='grc' dir='ltr'><strong>οὖσαν</strong></span> <span class='ocrx_word' id='word_1_208' title='bbox 1516 2861 1628 2915; x_wconf 83' lang='grc' dir='ltr'><strong>τῶν</strong></span> <span class='ocrx_word' id='word_1_209' title='bbox 1656 2861 1834 2915; x_wconf 75' lang='grc' dir='ltr'><strong>ἄλλων</strong></span> <span class='ocrx_word' id='word_1_210' title='bbox 1846 2859 2004 2933; x_wconf 82' lang='grc' dir='ltr'><strong>ᾠήθη</strong></span> 
     </span>
    </p>
   </div>
   <div class='ocr_carea' id='block_1_31' title="bbox 389 2952 2006 3031">
    <p class='ocr_par' dir='ltr' id='par_1_31' title="bbox 389 2952 2006 3031">
     <span class='ocr_line' id='line_1_31' title="bbox 389 2952 2006 3031; baseline -0.007 -14"><span class='ocrx_word' id='word_1_211' title='bbox 389 2963 507 3017; x_wconf 74' lang='grc' dir='ltr'><strong>δεῖν</strong></span> <span class='ocrx_word' id='word_1_212' title='bbox 544 2960 807 3029; x_wconf 76' lang='grc' dir='ltr'><strong>συζεῦξαι</strong></span> <span class='ocrx_word' id='word_1_213' title='bbox 851 2958 1032 3031; x_wconf 78' lang='grc' dir='ltr'><strong>ἀνδρί.</strong></span> <span class='ocrx_word' id='word_1_214' title='bbox 1073 2958 1132 3012; x_wconf 88' lang='lat'><strong>&#39;0</strong></span> <span class='ocrx_word' id='word_1_215' title='bbox 1184 2957 1229 3010; x_wconf 85' lang='grc' dir='ltr'><strong>δ’</strong></span> <span class='ocrx_word' id='word_1_216' title='bbox 1265 2955 1406 3028; x_wconf 78' lang='grc' dir='ltr'><strong>ἀνὴρ</strong></span> <span class='ocrx_word' id='word_1_217' title='bbox 1433 2956 1535 3025; x_wconf 78' lang='grc' dir='ltr'><strong>τῆς</strong></span> <span class='ocrx_word' id='word_1_218' title='bbox 1567 2953 1678 3008; x_wconf 85' lang='grc' dir='ltr'><strong>τῶν</strong></span> <span class='ocrx_word' id='word_1_219' title='bbox 1712 2952 2006 3024; x_wconf 80' lang='grc' dir='ltr'><strong>Κρηνιτῶν</strong></span> 
     </span>
    </p>
   </div>
   <div class='ocr_carea' id='block_1_32' title="bbox 393 3042 2007 3125">
    <p class='ocr_par' dir='ltr' id='par_1_32' title="bbox 393 3042 2007 3125">
     <span class='ocr_line' id='line_1_32' title="bbox 393 3042 2007 3125; baseline -0.007 -15"><span class='ocrx_word' id='word_1_220' title='bbox 393 3055 675 3125; x_wconf 78' lang='grc' dir='ltr'><strong>κατήγετο</strong></span> <span class='ocrx_word' id='word_1_221' title='bbox 689 3053 916 3124; x_wconf 79' lang='grc' dir='ltr'><strong>γενεᾶς,</strong></span> <span class='ocrx_word' id='word_1_222' title='bbox 936 3051 1123 3122; x_wconf 84' lang='grc' dir='ltr'><strong>χώρας</strong></span> <span class='ocrx_word' id='word_1_223' title='bbox 1140 3049 1240 3120; x_wconf 83' lang='grc' dir='ltr'><strong>τῆς</strong></span> <span class='ocrx_word' id='word_1_224' title='bbox 1257 3048 1368 3103; x_wconf 85' lang='grc' dir='ltr'><strong>τῶν</strong></span> <span class='ocrx_word' id='word_1_225' title='bbox 1400 3047 1738 3120; x_wconf 83' lang='grc' dir='ltr'><strong>’Δρμενίων,</strong></span> <span class='ocrx_word' id='word_1_226' title='bbox 1757 3042 2007 3110; x_wconf 78' lang='grc' dir='ltr'><strong>’Δλέξιος</strong></span> 
     </span>
    </p>
   </div>
   <div class='ocr_carea' id='block_1_33' title="bbox 2095 539 3692 612">
    <p class='ocr_par' dir='ltr' id='par_1_33' title="bbox 2095 539 3692 612">
     <span class='ocr_line' id='line_1_33' title="bbox 2095 539 3692 612; baseline -0.002 -13"><span class='ocrx_word' id='word_1_227' title='bbox 2095 543 2200 599; x_wconf 83' lang='lat' dir='ltr'><strong>etis</strong></span> <span class='ocrx_word' id='word_1_228' title='bbox 2232 543 2586 599; x_wconf 77' lang='lat' dir='ltr'><strong>audientibus</strong></span> <span class='ocrx_word' id='word_1_229' title='bbox 2619 541 2832 598; x_wconf 82' lang='lat' dir='ltr'><strong>cantari</strong></span> <span class='ocrx_word' id='word_1_230' title='bbox 2864 540 3142 612; x_wconf 69' lang='lat' dir='ltr'><strong>praecepit.</strong></span> <span class='ocrx_word' id='word_1_231' title='bbox 3194 539 3300 595; x_wconf 89' lang='lat' dir='ltr'><strong>Sed</strong></span> <span class='ocrx_word' id='word_1_232' title='bbox 3337 550 3392 595; x_wconf 90' lang='lat' dir='ltr'><strong>et</strong></span> <span class='ocrx_word' id='word_1_233' title='bbox 3419 541 3561 594; x_wconf 80' lang='lat' dir='ltr'><strong>fama</strong></span> <span class='ocrx_word' id='word_1_234' title='bbox 3605 547 3692 596; x_wconf 82' lang='lat' dir='ltr'><strong>est</strong></span> 
     </span>
    </p>
   </div>
   <div class='ocr_carea' id='block_1_34' title="bbox 2095 632 3685 706">
    <p class='ocr_par' dir='ltr' id='par_1_34' title="bbox 2095 632 3685 706">
     <span class='ocr_line' id='line_1_34' title="bbox 2095 632 3685 706; baseline -0.003 -15"><span class='ocrx_word' id='word_1_235' title='bbox 2095 635 2350 692; x_wconf 90' lang='lat' dir='ltr'><strong>eumdem</strong></span> <span class='ocrx_word' id='word_1_236' title='bbox 2383 635 2566 706; x_wconf 89' lang='lat' dir='ltr'><strong>ipsum</strong></span> <span class='ocrx_word' id='word_1_237' title='bbox 2602 633 2994 705; x_wconf 84' lang='lat' dir='ltr'><strong>Theophilum,</strong></span> <span class='ocrx_word' id='word_1_238' title='bbox 3027 634 3108 690; x_wconf 89' lang='lat' dir='ltr'><strong>sic</strong></span> <span class='ocrx_word' id='word_1_239' title='bbox 3153 632 3419 687; x_wconf 87' lang='lat' dir='ltr'><strong>modulati</strong></span> <span class='ocrx_word' id='word_1_240' title='bbox 3483 639 3685 687; x_wconf 87' lang='lat' dir='ltr'><strong>cantus</strong></span> 
     </span>
    </p>
   </div>
   <div class='ocr_carea' id='block_1_35' title="bbox 2096 723 3692 799">
    <p class='ocr_par' dir='ltr' id='par_1_35' title="bbox 2096 723 3692 799">
     <span class='ocr_line' id='line_1_35' title="bbox 2096 723 3692 799; baseline -0.001 -15"><span class='ocrx_word' id='word_1_241' title='bbox 2096 743 2287 784; x_wconf 86' lang='lat' dir='ltr'><strong>amore</strong></span> <span class='ocrx_word' id='word_1_242' title='bbox 2320 727 2480 799; x_wconf 78' lang='lat'><strong>107</strong></span> <span class='ocrx_word' id='word_1_243' title='bbox 2508 727 2773 790; x_wconf 87' lang='lat' dir='ltr'><strong>illectum,</strong></span> <span class='ocrx_word' id='word_1_244' title='bbox 2806 739 2871 782; x_wconf 85' lang='lat' dir='ltr'><strong>ac</strong></span> <span class='ocrx_word' id='word_1_245' title='bbox 2897 725 3044 780; x_wconf 78' lang='lat' dir='ltr'><strong>velut</strong></span> <span class='ocrx_word' id='word_1_246' title='bbox 3075 739 3136 779; x_wconf 84' lang='lat' dir='ltr'><strong>se</strong></span> <span class='ocrx_word' id='word_1_247' title='bbox 3164 732 3423 795; x_wconf 87' lang='lat' dir='ltr'><strong>parentes</strong></span> <span class='ocrx_word' id='word_1_248' title='bbox 3451 725 3520 779; x_wconf 87' lang='lat' dir='ltr'><strong>ad</strong></span> <span class='ocrx_word' id='word_1_249' title='bbox 3546 723 3692 782; x_wconf 80' lang='lat' dir='ltr'><strong>Illius</strong></span> 
     </span>
    </p>
   </div>
   <div class='ocr_carea' id='block_1_36' title="bbox 2099 817 3692 892">
    <p class='ocr_par' dir='ltr' id='par_1_36' title="bbox 2099 817 3692 892">
     <span class='ocr_line' id='line_1_36' title="bbox 2099 817 3692 892; baseline -0.002 -15"><span class='ocrx_word' id='word_1_250' title='bbox 2099 836 2165 877; x_wconf 90' lang='lat' dir='ltr'><strong>ac</strong></span> <span class='ocrx_word' id='word_1_251' title='bbox 2193 831 2423 892; x_wconf 85' lang='lat' dir='ltr'><strong>nepotes</strong></span> <span class='ocrx_word' id='word_1_252' title='bbox 2450 822 2674 886; x_wconf 81' lang='lat' dir='ltr'><strong>habent,</strong></span> <span class='ocrx_word' id='word_1_253' title='bbox 2709 819 2856 876; x_wconf 91' lang='lat' dir='ltr'><strong>haud</strong></span> <span class='ocrx_word' id='word_1_254' title='bbox 2887 834 2919 874; x_wconf 88' lang='lat' dir='ltr'><strong>a</strong></span> <span class='ocrx_word' id='word_1_255' title='bbox 2950 818 3217 890; x_wconf 74' lang='lat' dir='ltr'><strong>dignitate</strong></span> <span class='ocrx_word' id='word_1_256' title='bbox 3247 817 3537 889; x_wconf 75' lang='lat' dir='ltr'><strong>ofﬁcioque</strong></span> <span class='ocrx_word' id='word_1_257' title='bbox 3556 818 3692 874; x_wconf 85' lang='lat' dir='ltr'><strong>alie-</strong></span> 
     </span>
    </p>
   </div>
   <div class='ocr_carea' id='block_1_37' title="bbox 2099 908 3688 983">
    <p class='ocr_par' dir='ltr' id='par_1_37' title="bbox 2099 908 3688 983">
     <span class='ocr_line' id='line_1_37' title="bbox 2099 908 3688 983; baseline -0.004 -13"><span class='ocrx_word' id='word_1_258' title='bbox 2099 928 2232 970; x_wconf 88' lang='lat' dir='ltr'><strong>num</strong></span> <span class='ocrx_word' id='word_1_259' title='bbox 2265 921 2489 983; x_wconf 78' lang='lat' dir='ltr'><strong>putasse</strong></span> <span class='ocrx_word' id='word_1_260' title='bbox 2519 911 2750 968; x_wconf 81' lang='lat' dir='ltr'><strong>solemni</strong></span> <span class='ocrx_word' id='word_1_261' title='bbox 2805 911 3142 981; x_wconf 85' lang='lat' dir='ltr'><strong>quandoque</strong></span> <span class='ocrx_word' id='word_1_262' title='bbox 3202 908 3428 964; x_wconf 76' lang='lat' dir='ltr'><strong>festo‘ia</strong></span> <span class='ocrx_word' id='word_1_263' title='bbox 3494 909 3688 980; x_wconf 73' lang='lat' dir='ltr'><strong>Magna</strong></span> 
     </span>
    </p>
   </div>
   <div class='ocr_carea' id='block_1_38' title="bbox 2099 1001 3693 1076">
    <p class='ocr_par' dir='ltr' id='par_1_38' title="bbox 2099 1001 3693 1076">
     <span class='ocr_line' id='line_1_38' title="bbox 2099 1001 3693 1076; baseline -0.004 -12"><span class='ocrx_word' id='word_1_264' title='bbox 2099 1007 2334 1065; x_wconf 79' lang='lat' dir='ltr'><strong>ecclesia</strong></span> <span class='ocrx_word' id='word_1_265' title='bbox 2383 1021 2550 1062; x_wconf 89' lang='lat' dir='ltr'><strong>manu</strong></span> <span class='ocrx_word' id='word_1_266' title='bbox 2599 1015 2870 1076; x_wconf 83' lang='lat' dir='ltr'><strong>gestuque</strong></span> <span class='ocrx_word' id='word_1_267' title='bbox 2899 1014 3050 1060; x_wconf 89' lang='lat' dir='ltr'><strong>certa</strong></span> <span class='ocrx_word' id='word_1_268' title='bbox 3082 1002 3201 1076; x_wconf 89' lang='lat' dir='ltr'><strong>lege</strong></span> <span class='ocrx_word' id='word_1_269' title='bbox 3241 1001 3514 1058; x_wconf 78' lang='lat' dir='ltr'><strong>movendo</strong></span> <span class='ocrx_word' id='word_1_270' title='bbox 3559 1015 3693 1058; x_wconf 70' lang='lat' dir='ltr'><strong>can-</strong></span> 
     </span>
    </p>
   </div>
   <div class='ocr_carea' id='block_1_39' title="bbox 2100 1093 3693 1172">
    <p class='ocr_par' dir='ltr' id='par_1_39' title="bbox 2100 1093 3693 1172">
     <span class='ocr_line' id='line_1_39' title="bbox 2100 1093 3693 1172; baseline -0.007 -14"><span class='ocrx_word' id='word_1_271' title='bbox 2100 1103 2316 1158; x_wconf 87' lang='lat' dir='ltr'><strong>toribus</strong></span> <span class='ocrx_word' id='word_1_272' title='bbox 2372 1101 2592 1172; x_wconf 67' lang='lat' dir='ltr'><strong>praeire,</strong></span> <span class='ocrx_word' id='word_1_273' title='bbox 2649 1114 2770 1154; x_wconf 88' lang='lat' dir='ltr'><strong>eam</strong></span> <span class='ocrx_word' id='word_1_274' title='bbox 2799 1099 2854 1154; x_wconf 92' lang='lat' dir='ltr'><strong>in</strong></span> <span class='ocrx_word' id='word_1_275' title='bbox 2910 1114 3025 1154; x_wconf 90' lang='lat' dir='ltr'><strong>rem</strong></span> <span class='ocrx_word' id='word_1_276' title='bbox 3087 1105 3312 1153; x_wconf 78' lang='lat' dir='ltr'><strong>centum</strong></span> <span class='ocrx_word' id='word_1_277' title='bbox 3356 1096 3477 1150; x_wconf 88' lang='lat' dir='ltr'><strong>auri</strong></span> <span class='ocrx_word' id='word_1_278' title='bbox 3536 1093 3693 1148; x_wconf 79' lang='lat' dir='ltr'><strong>libris</strong></span> 
     </span>
    </p>
   </div>
   <div class='ocr_carea' id='block_1_40' title="bbox 2099 1193 3689 1268">
    <p class='ocr_par' dir='ltr' id='par_1_40' title="bbox 2099 1193 3689 1268">
     <span class='ocr_line' id='line_1_40' title="bbox 2099 1193 3689 1268; baseline -0.004 -15"><span class='ocrx_word' id='word_1_279' title='bbox 2099 1197 2222 1268; x_wconf 81' lang='lat' dir='ltr'><strong>ejus</strong></span> <span class='ocrx_word' id='word_1_280' title='bbox 2261 1198 2510 1254; x_wconf 77' lang='lat' dir='ltr'><strong>ecclesiae</strong></span> <span class='ocrx_word' id='word_1_281' title='bbox 2543 1197 2694 1252; x_wconf 89' lang='lat' dir='ltr'><strong>clero</strong></span> <span class='ocrx_word' id='word_1_282' title='bbox 2731 1197 2972 1251; x_wconf 79' lang='lat' dir='ltr'><strong>tributis.</strong></span> <span class='ocrx_word' id='word_1_283' title='bbox 3028 1194 3312 1250; x_wconf 78' lang='lat' dir='ltr'><strong>Modulum</strong></span> <span class='ocrx_word' id='word_1_284' title='bbox 3369 1207 3592 1266; x_wconf 90' lang='lat' dir='ltr'><strong>quoque</strong></span> <span class='ocrx_word' id='word_1_285' title='bbox 3635 1193 3689 1247; x_wconf 90' lang='lat' dir='ltr'><strong>in</strong></span> 
     </span>
    </p>
   </div>
   <div class='ocr_carea' id='block_1_41' title="bbox 2100 1283 3692 1361">
    <p class='ocr_par' dir='ltr' id='par_1_41' title="bbox 2100 1283 3692 1361">
     <span class='ocr_line' id='line_1_41' title="bbox 2100 1283 3692 1361; baseline -0.006 -15"><span class='ocrx_word' id='word_1_286' title='bbox 2100 1290 2190 1346; x_wconf 92' lang='lat' dir='ltr'><strong>die</strong></span> <span class='ocrx_word' id='word_1_287' title='bbox 2220 1288 2360 1346; x_wconf 81' lang='lat' dir='ltr'><strong>festo</strong></span> <span class='ocrx_word' id='word_1_288' title='bbox 2418 1290 2752 1361; x_wconf 87' lang='lat' dir='ltr'><strong>palmarum,</strong></span> <span class='ocrx_word' id='word_1_289' title='bbox 2787 1286 2962 1350; x_wconf 70' lang='lat' dir='ltr'><strong>Exite,</strong></span> <span class='ocrx_word' id='word_1_290' title='bbox 2990 1294 3189 1357; x_wconf 75' lang='lat' dir='ltr'><strong>gentes,</strong></span> <span class='ocrx_word' id='word_1_291' title='bbox 3221 1286 3364 1340; x_wconf 71' lang='lat' dir='ltr'><strong>exite</strong></span> <span class='ocrx_word' id='word_1_292' title='bbox 3393 1294 3444 1340; x_wconf 80' lang='lat' dir='ltr'><strong>et</strong></span> <span class='ocrx_word' id='word_1_293' title='bbox 3485 1283 3692 1356; x_wconf 77' lang='lat' dir='ltr'><strong>populi,</strong></span> 
     </span>
    </p>
   </div>
   <div class='ocr_carea' id='block_1_42' title="bbox 2100 1380 3078 1455">
    <p class='ocr_par' dir='ltr' id='par_1_42' title="bbox 2100 1380 3078 1455">
     <span class='ocr_line' id='line_1_42' title="bbox 2100 1380 3078 1455; baseline -0.006 -15"><span class='ocrx_word' id='word_1_294' title='bbox 2100 1384 2222 1455; x_wconf 89' lang='lat' dir='ltr'><strong>ejus</strong></span> <span class='ocrx_word' id='word_1_295' title='bbox 2262 1382 2466 1454; x_wconf 80' lang='lat' dir='ltr'><strong>ingenii</strong></span> <span class='ocrx_word' id='word_1_296' title='bbox 2499 1381 2669 1438; x_wconf 82' lang='lat' dir='ltr'><strong>fctum</strong></span> <span class='ocrx_word' id='word_1_297' title='bbox 2718 1397 2841 1437; x_wconf 88' lang='lat' dir='ltr'><strong>esse</strong></span> <span class='ocrx_word' id='word_1_298' title='bbox 2869 1380 3078 1437; x_wconf 89' lang='lat' dir='ltr'><strong>dicunt.</strong></span> 
     </span>
    </p>
   </div>
   <div class='ocr_carea' id='block_1_43' title="bbox 2175 1469 3694 1544">
    <p class='ocr_par' dir='ltr' id='par_1_43' title="bbox 2175 1469 3694 1544">
     <span class='ocr_line' id='line_1_43' title="bbox 2175 1469 3694 1544; baseline -0.005 -12"><span class='ocrx_word' id='word_1_299' title='bbox 2175 1478 2264 1532; x_wconf 75' lang='lat' dir='ltr'><strong>l7.</strong></span> <span class='ocrx_word' id='word_1_300' title='bbox 2298 1476 2438 1543; x_wconf 85' lang='lat' dir='ltr'><strong>Quia</strong></span> <span class='ocrx_word' id='word_1_301' title='bbox 2468 1489 2602 1532; x_wconf 72' lang='lat' dir='ltr'><strong>vero</strong></span> <span class='ocrx_word' id='word_1_302' title='bbox 2628 1491 2658 1530; x_wconf 86' lang='lat' dir='ltr'><strong>a</strong></span> <span class='ocrx_word' id='word_1_303' title='bbox 2694 1483 2892 1530; x_wconf 88' lang='lat' dir='ltr'><strong>natura</strong></span> <span class='ocrx_word' id='word_1_304' title='bbox 2921 1488 3128 1544; x_wconf 89' lang='lat' dir='ltr'><strong>paucos</strong></span> <span class='ocrx_word' id='word_1_305' title='bbox 3160 1485 3433 1542; x_wconf 87' lang='lat' dir='ltr'><strong>rarosque</strong></span> <span class='ocrx_word' id='word_1_306' title='bbox 3461 1469 3694 1540; x_wconf 83' lang='lat' dir='ltr'><strong>capillos</strong></span> 
     </span>
    </p>
   </div>
   <div class='ocr_carea' id='block_1_44' title="bbox 2105 1561 3691 1634">
    <p class='ocr_par' dir='ltr' id='par_1_44' title="bbox 2105 1561 3691 1634">
     <span class='ocr_line' id='line_1_44' title="bbox 2105 1561 3691 1634; baseline -0.007 -10"><span class='ocrx_word' id='word_1_307' title='bbox 2105 1567 2343 1624; x_wconf 82' lang='lat' dir='ltr'><strong>habebat</strong></span> <span class='ocrx_word' id='word_1_308' title='bbox 2370 1582 2437 1622; x_wconf 91' lang='lat' dir='ltr'><strong>ac</strong></span> <span class='ocrx_word' id='word_1_309' title='bbox 2465 1566 2796 1621; x_wconf 72' lang='lat' dir='ltr'><strong>recalvaster</strong></span> <span class='ocrx_word' id='word_1_310' title='bbox 2820 1575 2957 1628; x_wconf 88' lang='lat' dir='ltr'><strong>erat,</strong></span> <span class='ocrx_word' id='word_1_311' title='bbox 2999 1563 3119 1634; x_wconf 89' lang='lat' dir='ltr'><strong>lcge</strong></span> <span class='ocrx_word' id='word_1_312' title='bbox 3158 1563 3345 1617; x_wconf 82' lang='lat' dir='ltr'><strong>sanxit</strong></span> <span class='ocrx_word' id='word_1_313' title='bbox 3394 1561 3462 1616; x_wconf 88' lang='lat' dir='ltr'><strong>ad</strong></span> <span class='ocrx_word' id='word_1_314' title='bbox 3509 1570 3691 1615; x_wconf 89' lang='lat' dir='ltr'><strong>cutem</strong></span> 
     </span>
    </p>
   </div>
   <div class='ocr_carea' id='block_1_45' title="bbox 2105 1655 3694 1736">
    <p class='ocr_par' dir='ltr' id='par_1_45' title="bbox 2105 1655 3694 1736">
     <span class='ocr_line' id='line_1_45' title="bbox 2105 1655 3694 1736; baseline -0.003 -17"><span class='ocrx_word' id='word_1_315' title='bbox 2105 1665 2313 1736; x_wconf 88' lang='lat' dir='ltr'><strong>ubique</strong></span> <span class='ocrx_word' id='word_1_316' title='bbox 2344 1661 2744 1726; x_wconf 88' lang='lat' dir='ltr'><strong>detondendos,</strong></span> <span class='ocrx_word' id='word_1_317' title='bbox 2780 1675 2881 1716; x_wconf 83' lang='lat' dir='ltr'><strong>nec</strong></span> <span class='ocrx_word' id='word_1_318' title='bbox 2915 1659 3013 1715; x_wconf 90' lang='lat' dir='ltr'><strong>ulli</strong></span> <span class='ocrx_word' id='word_1_319' title='bbox 3049 1658 3427 1715; x_wconf 79' lang='lat' dir='ltr'><strong>Romanorum</strong></span> <span class='ocrx_word' id='word_1_320' title='bbox 3461 1655 3546 1713; x_wconf 85' lang='lat' dir='ltr'><strong>l‘as</strong></span> <span class='ocrx_word' id='word_1_321' title='bbox 3570 1671 3694 1714; x_wconf 84' lang='lat' dir='ltr'><strong>esse</strong></span> 
     </span>
    </p>
   </div>
   <div class='ocr_carea' id='block_1_46' title="bbox 2107 1746 3694 1826">
    <p class='ocr_par' dir='ltr' id='par_1_46' title="bbox 2107 1746 3694 1826">
     <span class='ocr_line' id='line_1_46' title="bbox 2107 1746 3694 1826; baseline -0.005 -14"><span class='ocrx_word' id='word_1_322' title='bbox 2107 1757 2252 1813; x_wconf 88' lang='lat' dir='ltr'><strong>ultra</strong></span> <span class='ocrx_word' id='word_1_323' title='bbox 2312 1755 2514 1812; x_wconf 89' lang='lat' dir='ltr'><strong>collum</strong></span> <span class='ocrx_word' id='word_1_324' title='bbox 2557 1755 2831 1810; x_wconf 86' lang='lat' dir='ltr'><strong>demissos</strong></span> <span class='ocrx_word' id='word_1_325' title='bbox 2872 1767 3109 1826; x_wconf 87' lang='lat' dir='ltr'><strong>gestare.</strong></span> <span class='ocrx_word' id='word_1_326' title='bbox 3154 1752 3252 1809; x_wconf 89' lang='lat' dir='ltr'><strong>Sin</strong></span> <span class='ocrx_word' id='word_1_327' title='bbox 3283 1760 3465 1806; x_wconf 88' lang='lat' dir='ltr'><strong>autem</strong></span> <span class='ocrx_word' id='word_1_328' title='bbox 3494 1746 3694 1818; x_wconf 80' lang='lat' dir='ltr'><strong>aliquis</strong></span> 
     </span>
    </p>
   </div>
   <div class='ocr_carea' id='block_1_47' title="bbox 2108 1843 3698 1922">
    <p class='ocr_par' dir='ltr' id='par_1_47' title="bbox 2108 1843 3698 1922">
     <span class='ocr_line' id='line_1_47' title="bbox 2108 1843 3698 1922; baseline -0.006 -16"><span class='ocrx_word' id='word_1_329' title='bbox 2108 1851 2244 1922; x_wconf 89' lang='lat' dir='ltr'><strong>legis</strong></span> <span class='ocrx_word' id='word_1_330' title='bbox 2274 1859 2650 1920; x_wconf 88' lang='lat' dir='ltr'><strong>transgressor</strong></span> <span class='ocrx_word' id='word_1_331' title='bbox 2679 1849 3056 1920; x_wconf 89' lang='lat' dir='ltr'><strong>deprehensus</strong></span> <span class='ocrx_word' id='word_1_332' title='bbox 3092 1853 3261 1911; x_wconf 73' lang='lat' dir='ltr'><strong>esset,</strong></span> <span class='ocrx_word' id='word_1_333' title='bbox 3290 1843 3480 1900; x_wconf 90' lang='lat' dir='ltr'><strong>multis</strong></span> <span class='ocrx_word' id='word_1_334' title='bbox 3507 1858 3698 1899; x_wconf 81' lang='lat' dir='ltr'><strong>emen-</strong></span> 
     </span>
    </p>
   </div>
   <div class='ocr_carea' id='block_1_48' title="bbox 2106 1937 3694 2013">
    <p class='ocr_par' dir='ltr' id='par_1_48' title="bbox 2106 1937 3694 2013">
     <span class='ocr_line' id='line_1_48' title="bbox 2106 1937 3694 2013; baseline -0.008 -13"><span class='ocrx_word' id='word_1_335' title='bbox 2106 1945 2297 2000; x_wconf 87' lang='lat' dir='ltr'><strong>datum</strong></span> <span class='ocrx_word' id='word_1_336' title='bbox 2334 1942 2676 2006; x_wconf 81' lang='lat' dir='ltr'><strong>verberibus,</strong></span> <span class='ocrx_word' id='word_1_337' title='bbox 2714 1941 2782 1998; x_wconf 92' lang='lat' dir='ltr'><strong>ad</strong></span> <span class='ocrx_word' id='word_1_338' title='bbox 2821 1939 3110 2013; x_wconf 78' lang='lat' dir='ltr'><strong>priStiuam</strong></span> <span class='ocrx_word' id='word_1_339' title='bbox 3154 1939 3533 1995; x_wconf 79' lang='lat' dir='ltr'><strong>Romanorum</strong></span> <span class='ocrx_word' id='word_1_340' title='bbox 3578 1937 3694 1990; x_wconf 79' lang='lat' dir='ltr'><strong>vir-</strong></span> 
     </span>
    </p>
   </div>
   <div class='ocr_carea' id='block_1_49' title="bbox 2106 2025 3697 2102">
    <p class='ocr_par' dir='ltr' id='par_1_49' title="bbox 2106 2025 3697 2102">
     <span class='ocr_line' id='line_1_49' title="bbox 2106 2025 3697 2102; baseline -0.008 -9"><span class='ocrx_word' id='word_1_341' title='bbox 2106 2046 2280 2094; x_wconf 84' lang='lat' dir='ltr'><strong>tutem</strong></span> <span class='ocrx_word' id='word_1_342' title='bbox 2338 2033 2708 2092; x_wconf 88' lang='lat' dir='ltr'><strong>revocandum</strong></span> <span class='ocrx_word' id='word_1_343' title='bbox 2766 2050 2908 2091; x_wconf 87' lang='lat' dir='ltr'><strong>esse.</strong></span> <span class='ocrx_word' id='word_1_344' title='bbox 2973 2031 3114 2089; x_wconf 84' lang='lat' dir='ltr'><strong>Nam</strong></span> <span class='ocrx_word' id='word_1_345' title='bbox 3172 2033 3275 2088; x_wconf 91' lang='lat' dir='ltr'><strong>hac</strong></span> <span class='ocrx_word' id='word_1_346' title='bbox 3330 2044 3552 2102; x_wconf 89' lang='lat' dir='ltr'><strong>quoque</strong></span> <span class='ocrx_word' id='word_1_347' title='bbox 3619 2025 3697 2082; x_wconf 89' lang='lat' dir='ltr'><strong>illi</strong></span> 
     </span>
    </p>
   </div>
   <div class='ocr_carea' id='block_1_50' title="bbox 2108 2125 3698 2198">
    <p class='ocr_par' dir='ltr' id='par_1_50' title="bbox 2108 2125 3698 2198">
     <span class='ocr_line' id='line_1_50' title="bbox 2108 2125 3698 2198; baseline -0.007 -11"><span class='ocrx_word' id='word_1_348' title='bbox 2108 2129 2548 2188; x_wconf 88' lang='lat' dir='ltr'><strong>houestabantur</strong></span> <span class='ocrx_word' id='word_1_349' title='bbox 2597 2128 2846 2185; x_wconf 67' lang='lat' dir='ltr'><strong>caesarie.</strong></span> <span class='ocrx_word' id='word_1_350' title='bbox 2902 2125 3044 2198; x_wconf 89' lang='lat' dir='ltr'><strong>Lege</strong></span> <span class='ocrx_word' id='word_1_351' title='bbox 3096 2125 3285 2198; x_wconf 89' lang='lat' dir='ltr'><strong>itaque</strong></span> <span class='ocrx_word' id='word_1_352' title='bbox 3341 2132 3566 2178; x_wconf 90' lang='lat' dir='ltr'><strong>cautum</strong></span> <span class='ocrx_word' id='word_1_353' title='bbox 3627 2135 3698 2176; x_wconf 83' lang='lat' dir='ltr'><strong>ne</strong></span> 
     </span>
    </p>
   </div>
   <div class='ocr_carea' id='block_1_51' title="bbox 2107 2214 3693 2296">
    <p class='ocr_par' dir='ltr' id='par_1_51' title="bbox 2107 2214 3693 2296">
     <span class='ocr_line' id='line_1_51' title="bbox 2107 2214 3693 2296; baseline -0.006 -18"><span class='ocrx_word' id='word_1_354' title='bbox 2107 2223 2233 2296; x_wconf 82' lang='lat' dir='ltr'><strong>quis</strong></span> <span class='ocrx_word' id='word_1_355' title='bbox 2262 2223 2492 2279; x_wconf 90' lang='lat' dir='ltr'><strong>omnino</strong></span> <span class='ocrx_word' id='word_1_356' title='bbox 2511 2223 2654 2277; x_wconf 90' lang='lat' dir='ltr'><strong>ultra</strong></span> <span class='ocrx_word' id='word_1_357' title='bbox 2676 2221 2880 2276; x_wconf 76' lang='lat' dir='ltr'><strong>collum</strong></span> <span class='ocrx_word' id='word_1_358' title='bbox 2908 2219 3138 2291; x_wconf 82' lang='lat' dir='ltr'><strong>capillos</strong></span> <span class='ocrx_word' id='word_1_359' title='bbox 3156 2217 3443 2274; x_wconf 85' lang='lat' dir='ltr'><strong>demittere</strong></span> <span class='ocrx_word' id='word_1_360' title='bbox 3472 2214 3693 2272; x_wconf 85' lang='lat' dir='ltr'><strong>audeat.</strong></span> 
     </span>
    </p>
   </div>
   <div class='ocr_carea' id='block_1_52' title="bbox 2183 2391 3699 2472">
    <p class='ocr_par' dir='ltr' id='par_1_52' title="bbox 2183 2391 3699 2472">
     <span class='ocr_line' id='line_1_52' title="bbox 2183 2391 3699 2472; baseline -0.012 -10"><span class='ocrx_word' id='word_1_361' title='bbox 2183 2405 2274 2462; x_wconf 76' lang='grc'><strong>18.</strong></span> <span class='ocrx_word' id='word_1_362' title='bbox 2305 2403 2442 2472; x_wconf 83' lang='lat' dir='ltr'><strong>Quia</strong></span> <span class='ocrx_word' id='word_1_363' title='bbox 2474 2415 2607 2458; x_wconf 81' lang='lat' dir='ltr'><strong>vero</strong></span> <span class='ocrx_word' id='word_1_364' title='bbox 2631 2416 2762 2458; x_wconf 88' lang='lat' dir='ltr'><strong>suas</strong></span> <span class='ocrx_word' id='word_1_365' title='bbox 2798 2412 3020 2470; x_wconf 89' lang='lat' dir='ltr'><strong>quoque</strong></span> <span class='ocrx_word' id='word_1_366' title='bbox 3048 2396 3204 2452; x_wconf 90' lang='lat' dir='ltr'><strong>illum</strong></span> <span class='ocrx_word' id='word_1_367' title='bbox 3229 2409 3320 2450; x_wconf 89' lang='lat' dir='ltr'><strong>res</strong></span> <span class='ocrx_word' id='word_1_368' title='bbox 3343 2391 3699 2462; x_wconf 75' lang='lat' dir='ltr'><strong>amniumque</strong></span> 
     </span>
    </p>
   </div>
   <div class='ocr_carea' id='block_1_53' title="bbox 2109 2483 3700 2572">
    <p class='ocr_par' dir='ltr' id='par_1_53' title="bbox 2109 2483 3700 2572">
     <span class='ocr_line' id='line_1_53' title="bbox 2109 2483 3700 2572; baseline -0.011 -15"><span class='ocrx_word' id='word_1_369' title='bbox 2109 2500 2403 2572; x_wconf 85' lang='lat' dir='ltr'><strong>disponere</strong></span> <span class='ocrx_word' id='word_1_370' title='bbox 2433 2510 2611 2566; x_wconf 83' lang='lat' dir='ltr'><strong>exque</strong></span> <span class='ocrx_word' id='word_1_371' title='bbox 2638 2493 2868 2549; x_wconf 90' lang='lat' dir='ltr'><strong>arbitrio</strong></span> <span class='ocrx_word' id='word_1_372' title='bbox 2895 2503 3227 2561; x_wconf 87' lang='lat' dir='ltr'><strong>componere</strong></span> <span class='ocrx_word' id='word_1_373' title='bbox 3255 2486 3500 2552; x_wconf 88' lang='lat' dir='ltr'><strong>decebat,</strong></span> <span class='ocrx_word' id='word_1_374' title='bbox 3548 2483 3700 2555; x_wconf 88' lang='lat' dir='ltr'><strong>quod</strong></span> 
     </span>
    </p>
   </div>
   <div class='ocr_carea' id='block_1_54' title="bbox 2109 2577 3699 2666">
    <p class='ocr_par' dir='ltr' id='par_1_54' title="bbox 2109 2577 3699 2666">
     <span class='ocr_line' id='line_1_54' title="bbox 2109 2577 3699 2666; baseline -0.011 -17"><span class='ocrx_word' id='word_1_375' title='bbox 2109 2595 2354 2666; x_wconf 88' lang='lat' dir='ltr'><strong>quinque</strong></span> <span class='ocrx_word' id='word_1_376' title='bbox 2389 2601 2520 2647; x_wconf 89' lang='lat' dir='ltr'><strong>tunc</strong></span> <span class='ocrx_word' id='word_1_377' title='bbox 2551 2589 2694 2644; x_wconf 76' lang='lat' dir='ltr'><strong>tilias</strong></span> <span class='ocrx_word' id='word_1_378' title='bbox 2735 2601 2836 2642; x_wconf 89' lang='lat' dir='ltr'><strong>nec</strong></span> <span class='ocrx_word' id='word_1_379' title='bbox 2867 2585 3034 2640; x_wconf 88' lang='lat' dir='ltr'><strong>ullam</strong></span> <span class='ocrx_word' id='word_1_380' title='bbox 3080 2583 3348 2638; x_wconf 83' lang='lat' dir='ltr'><strong>hactenus</strong></span> <span class='ocrx_word' id='word_1_381' title='bbox 3396 2577 3699 2635; x_wconf 76' lang='lat' dir='ltr'><strong>masculant</strong></span> 
     </span>
    </p>
   </div>
   <div class='ocr_carea' id='block_1_55' title="bbox 2108 2672 3704 2759">
    <p class='ocr_par' dir='ltr' id='par_1_55' title="bbox 2108 2672 3704 2759">
     <span class='ocr_line' id='line_1_55' title="bbox 2108 2672 3704 2759; baseline -0.011 -16"><span class='ocrx_word' id='word_1_382' title='bbox 2108 2687 2320 2759; x_wconf 89' lang='lat' dir='ltr'><strong>prolem</strong></span> <span class='ocrx_word' id='word_1_383' title='bbox 2351 2690 2690 2753; x_wconf 84' lang='lat' dir='ltr'><strong>susceperat,</strong></span> <span class='ocrx_word' id='word_1_384' title='bbox 2740 2695 2806 2734; x_wconf 76' lang='lat' dir='ltr'><strong>ex</strong></span> <span class='ocrx_word' id='word_1_385' title='bbox 2845 2679 2955 2734; x_wconf 86' lang='lat' dir='ltr'><strong>illis</strong></span> <span class='ocrx_word' id='word_1_386' title='bbox 2995 2687 3126 2733; x_wconf 88' lang='lat' dir='ltr'><strong>natu</strong></span> <span class='ocrx_word' id='word_1_387' title='bbox 3171 2675 3452 2731; x_wconf 85' lang='lat' dir='ltr'><strong>minimam</strong></span> <span class='ocrx_word' id='word_1_388' title='bbox 3484 2672 3704 2741; x_wconf 78' lang='lat' dir='ltr'><strong>sibique</strong></span> 
     </span>
    </p>
   </div>
   <div class='ocr_carea' id='block_1_56' title="bbox 2111 2763 3704 2850">
    <p class='ocr_par' dir='ltr' id='par_1_56' title="bbox 2111 2763 3704 2850">
     <span class='ocr_line' id='line_1_56' title="bbox 2111 2763 3704 2850; baseline -0.01 -16"><span class='ocrx_word' id='word_1_389' title='bbox 2111 2794 2223 2850; x_wconf 70' lang='lat' dir='ltr'><strong>pra:</strong></span> <span class='ocrx_word' id='word_1_390' title='bbox 2254 2776 2482 2847; x_wconf 88' lang='lat' dir='ltr'><strong>reliquis</strong></span> <span class='ocrx_word' id='word_1_391' title='bbox 2508 2773 2708 2830; x_wconf 80' lang='lat' dir='ltr'><strong>eximie</strong></span> <span class='ocrx_word' id='word_1_392' title='bbox 2724 2772 2975 2835; x_wconf 87' lang='lat' dir='ltr'><strong>charam,</strong></span> <span class='ocrx_word' id='word_1_393' title='bbox 2993 2769 3220 2824; x_wconf 81' lang='lat' dir='ltr'><strong>Mariam</strong></span> <span class='ocrx_word' id='word_1_394' title='bbox 3248 2766 3494 2832; x_wconf 88' lang='lat' dir='ltr'><strong>nomine,</strong></span> <span class='ocrx_word' id='word_1_395' title='bbox 3509 2763 3704 2821; x_wconf 86' lang='lat' dir='ltr'><strong>statuit</strong></span> 
     </span>
    </p>
   </div>
   <div class='ocr_carea' id='block_1_57' title="bbox 2109 2856 3704 2940">
    <p class='ocr_par' dir='ltr' id='par_1_57' title="bbox 2109 2856 3704 2940">
     <span class='ocr_line' id='line_1_57' title="bbox 2109 2856 3704 2940; baseline -0.01 -13"><span class='ocrx_word' id='word_1_396' title='bbox 2109 2872 2227 2927; x_wconf 80' lang='lat' dir='ltr'><strong>viro</strong></span> <span class='ocrx_word' id='word_1_397' title='bbox 2258 2879 2486 2940; x_wconf 85' lang='lat' dir='ltr'><strong>nuptum</strong></span> <span class='ocrx_word' id='word_1_398' title='bbox 2520 2866 2760 2922; x_wconf 84' lang='lat' dir='ltr'><strong>tradere.</strong></span> <span class='ocrx_word' id='word_1_399' title='bbox 2816 2864 3072 2920; x_wconf 85' lang='lat' dir='ltr'><strong>Delectus</strong></span> <span class='ocrx_word' id='word_1_400' title='bbox 3101 2861 3333 2916; x_wconf 88' lang='lat' dir='ltr'><strong>maritus</strong></span> <span class='ocrx_word' id='word_1_401' title='bbox 3362 2875 3428 2914; x_wconf 75' lang='lat' dir='ltr'><strong>ex</strong></span> <span class='ocrx_word' id='word_1_402' title='bbox 3454 2856 3704 2914; x_wconf 82' lang='lat' dir='ltr'><strong>Crenita-</strong></span> 
     </span>
    </p>
   </div>
   <div class='ocr_carea' id='block_1_58' title="bbox 2109 2953 3703 3034">
    <p class='ocr_par' dir='ltr' id='par_1_58' title="bbox 2109 2953 3703 3034">
     <span class='ocr_line' id='line_1_58' title="bbox 2109 2953 3703 3034; baseline -0.013 -13"><span class='ocrx_word' id='word_1_403' title='bbox 2109 2981 2232 3021; x_wconf 94' lang='lat' dir='ltr'><strong>rum</strong></span> <span class='ocrx_word' id='word_1_404' title='bbox 2262 2972 2443 3034; x_wconf 82' lang='lat' dir='ltr'><strong>gente,</strong></span> <span class='ocrx_word' id='word_1_405' title='bbox 2474 2960 2771 3015; x_wconf 81' lang='lat' dir='ltr'><strong>Armenius</strong></span> <span class='ocrx_word' id='word_1_406' title='bbox 2811 2957 3014 3028; x_wconf 86' lang='lat' dir='ltr'><strong>patria,</strong></span> <span class='ocrx_word' id='word_1_407' title='bbox 3065 2953 3294 3010; x_wconf 76' lang='lat' dir='ltr'><strong>Alexius</strong></span> <span class='ocrx_word' id='word_1_408' title='bbox 3331 2956 3703 3023; x_wconf 85' lang='lat' dir='ltr'><strong>cognomento</strong></span> 
     </span>
    </p>
   </div>
   <div class='ocr_carea' id='block_1_59' title="bbox 2112 3040 3703 3121">
    <p class='ocr_par' dir='ltr' id='par_1_59' title="bbox 2112 3040 3703 3121">
     <span class='ocr_line' id='line_1_59' title="bbox 2112 3040 3703 3121; baseline -0.012 -6"><span class='ocrx_word' id='word_1_409' title='bbox 2112 3057 2369 3120; x_wconf 80' lang='lat' dir='ltr'><strong>Moscles,</strong></span> <span class='ocrx_word' id='word_1_410' title='bbox 2399 3055 2576 3110; x_wconf 78' lang='lat' dir='ltr'><strong>forma</strong></span> <span class='ocrx_word' id='word_1_411' title='bbox 2607 3053 2834 3121; x_wconf 77' lang='lat' dir='ltr'><strong>elegans</strong></span> <span class='ocrx_word' id='word_1_412' title='bbox 2873 3064 2938 3104; x_wconf 92' lang='lat' dir='ltr'><strong>ac</strong></span> <span class='ocrx_word' id='word_1_413' title='bbox 2966 3046 3184 3103; x_wconf 80' lang='lat' dir='ltr'><strong>ﬂorenti</strong></span> <span class='ocrx_word' id='word_1_414' title='bbox 3231 3052 3410 3111; x_wconf 65' lang='lat' dir='ltr'><strong>aetate,</strong></span> <span class='ocrx_word' id='word_1_415' title='bbox 3460 3042 3529 3097; x_wconf 89' lang='lat' dir='ltr'><strong>ad</strong></span> <span class='ocrx_word' id='word_1_416' title='bbox 3555 3040 3703 3096; x_wconf 86' lang='lat' dir='ltr'><strong>arcis</strong></span> 
     </span>
    </p>
   </div>
   <div class='ocr_carea' id='block_1_60' title="bbox 392 3135 2024 3224">
    <p class='ocr_par' dir='ltr' id='par_1_60' title="bbox 392 3138 2007 3218">
     <span class='ocr_line' id='line_1_60' title="bbox 392 3138 2007 3218; baseline -0.005 -18"><span class='ocrx_word' id='word_1_417' title='bbox 392 3143 919 3218; x_wconf 70' lang='grc' dir='ltr'><strong>τοῦνομα,Μουσελὶ</strong></span> <span class='ocrx_word' id='word_1_418' title='bbox 935 3144 1036 3213; x_wconf 75' lang='grc' dir='ltr'><strong>τὴν</strong></span> <span class='ocrx_word' id='word_1_419' title='bbox 1055 3141 1402 3211; x_wconf 73' lang='grc' dir='ltr'><strong>ἐπωνυμίαν,</strong></span> <span class='ocrx_word' id='word_1_420' title='bbox 1421 3140 1499 3212; x_wconf 82' lang='grc' dir='ltr'><strong>τῷ</strong></span> <span class='ocrx_word' id='word_1_421' title='bbox 1518 3140 1651 3193; x_wconf 85' lang='grc' dir='ltr'><strong>εῐδει</strong></span> <span class='ocrx_word' id='word_1_422' title='bbox 1665 3138 1890 3209; x_wconf 84' lang='grc' dir='ltr'><strong>ὡραῖος,</strong></span> <span class='ocrx_word' id='word_1_423' title='bbox 1909 3139 2007 3192; x_wconf 86' lang='grc' dir='ltr'><strong>ἁκ-</strong></span> 
     </span>
    </p>
   </div>
   <div class='ocr_carea' id='block_1_61' title="bbox 2111 3135 3702 3224">
    <p class='ocr_par' dir='ltr' id='par_1_61' title="bbox 2111 3135 3702 3224">
     <span class='ocr_line' id='line_1_61' title="bbox 2111 3135 3702 3224; baseline -0.013 -15"><span class='ocrx_word' id='word_1_424' title='bbox 2111 3162 2319 3224; x_wconf 88' lang='lat' dir='ltr'><strong>partem</strong></span> <span class='ocrx_word' id='word_1_425' title='bbox 2351 3151 2404 3206; x_wconf 90' lang='lat' dir='ltr'><strong>in</strong></span> <span class='ocrx_word' id='word_1_426' title='bbox 2441 3147 2767 3204; x_wconf 70' lang='lat' dir='ltr'><strong>Crenetissze</strong></span> <span class='ocrx_word' id='word_1_427' title='bbox 2801 3143 2966 3215; x_wconf 75' lang='lat'><strong>108</strong></span> <span class='ocrx_word' id='word_1_428' title='bbox 2994 3142 3156 3198; x_wconf 86' lang='lat' dir='ltr'><strong>dictis</strong></span> <span class='ocrx_word' id='word_1_429' title='bbox 3185 3139 3394 3195; x_wconf 66' lang='lat' dir='ltr'><strong>aedibus</strong></span> <span class='ocrx_word' id='word_1_430' title='bbox 3422 3135 3702 3192; x_wconf 87' lang='lat' dir='ltr'><strong>habitans.</strong></span> 
     </span>
    </p>
   </div>
   <div class='ocr_carea' id='block_1_62' title="bbox 399 3231 2005 3311">
    <p class='ocr_par' dir='ltr' id='par_1_62' title="bbox 399 3231 2005 3311">
     <span class='ocr_line' id='line_1_62' title="bbox 399 3231 2005 3311; baseline -0.005 -19"><span class='ocrx_word' id='word_1_431' title='bbox 399 3239 588 3311; x_wconf 75' lang='grc' dir='ltr'><strong>μάξων</strong></span> <span class='ocrx_word' id='word_1_432' title='bbox 608 3237 712 3310; x_wconf 79' lang='grc' dir='ltr'><strong>τὴν</strong></span> <span class='ocrx_word' id='word_1_433' title='bbox 727 3236 976 3306; x_wconf 80' lang='grc' dir='ltr'><strong>ἠλικίαν,</strong></span> <span class='ocrx_word' id='word_1_434' title='bbox 997 3233 1164 3287; x_wconf 77' lang='grc' dir='ltr'><strong>οίκῶν</strong></span> <span class='ocrx_word' id='word_1_435' title='bbox 1178 3235 1321 3287; x_wconf 79' lang='grc' dir='ltr'><strong>κατὰ</strong></span> <span class='ocrx_word' id='word_1_436' title='bbox 1343 3234 1404 3286; x_wconf 78' lang='grc' dir='ltr'><strong>τὸ</strong></span> <span class='ocrx_word' id='word_1_437' title='bbox 1420 3232 1520 3302; x_wconf 79' lang='grc' dir='ltr'><strong>τῆς</strong></span> <span class='ocrx_word' id='word_1_438' title='bbox 1541 3231 1890 3303; x_wconf 81' lang='grc' dir='ltr'><strong>ἀκροπόλεως</strong></span> <span class='ocrx_word' id='word_1_439' title='bbox 1911 3231 2005 3301; x_wconf 85' lang='grc' dir='ltr'><strong>μέ-</strong></span> 
     </span>
    </p>
   </div>
   <div class='ocr_carea' id='block_1_63' title="bbox 401 3324 2005 3404">
    <p class='ocr_par' dir='ltr' id='par_1_63' title="bbox 401 3324 2005 3404">
     <span class='ocr_line' id='line_1_63' title="bbox 401 3324 2005 3404; baseline -0.006 -18"><span class='ocrx_word' id='word_1_440' title='bbox 401 3332 680 3404; x_wconf 75' lang='grc' dir='ltr'><strong>ρος,κατά</strong></span> <span class='ocrx_word' id='word_1_441' title='bbox 699 3331 805 3392; x_wconf 76' lang='grc' dir='ltr'><strong>τὰς</strong></span> <span class='ocrx_word' id='word_1_442' title='bbox 834 3327 980 3382; x_wconf 74' lang='grc' dir='ltr'><strong>οὕτω</strong></span> <span class='ocrx_word' id='word_1_443' title='bbox 1012 3326 1357 3396; x_wconf 83' lang='grc' dir='ltr'><strong>καλουμένας</strong></span> <span class='ocrx_word' id='word_1_444' title='bbox 1389 3326 1491 3396; x_wconf 77' lang='grc' dir='ltr'><strong>τῆς</strong></span> <span class='ocrx_word' id='word_1_445' title='bbox 1524 3324 1898 3396; x_wconf 84' lang='grc' dir='ltr'><strong>Κρηνιτίσσης</strong></span> <span class='ocrx_word' id='word_1_446' title='bbox 1923 3325 2005 3377; x_wconf 82' lang='grc' dir='ltr'><strong>οἰ-</strong></span> 
     </span>
    </p>
   </div>
   <div class='ocr_carea' id='block_1_64' title="bbox 399 3416 2010 3496">
    <p class='ocr_par' dir='ltr' id='par_1_64' title="bbox 399 3416 2010 3496">
     <span class='ocr_line' id='line_1_64' title="bbox 399 3416 2010 3496; baseline -0.006 -16"><span class='ocrx_word' id='word_1_447' title='bbox 399 3428 543 3490; x_wconf 70' lang='grc' dir='ltr'><strong>κίαςο</strong></span> <span class='ocrx_word' id='word_1_448' title='bbox 560 3426 620 3479; x_wconf 80' lang='grc' dir='ltr'><strong>δν</strong></span> <span class='ocrx_word' id='word_1_449' title='bbox 639 3423 866 3496; x_wconf 85' lang='grc' dir='ltr'><strong>πρῶτον</strong></span> <span class='ocrx_word' id='word_1_450' title='bbox 888 3423 987 3491; x_wconf 73' lang='grc' dir='ltr'><strong>μὲν</strong></span> <span class='ocrx_word' id='word_1_451' title='bbox 998 3422 1066 3492; x_wconf 78' lang='grc' dir='ltr'><strong>τῇ</strong></span> <span class='ocrx_word' id='word_1_452' title='bbox 1081 3419 1189 3473; x_wconf 82' lang='grc' dir='ltr'><strong>τῶν</strong></span> <span class='ocrx_word' id='word_1_453' title='bbox 1207 3420 1514 3492; x_wconf 87' lang='grc' dir='ltr'><strong>πατρικίων</strong></span> <span class='ocrx_word' id='word_1_454' title='bbox 1531 3419 1625 3472; x_wconf 80' lang='grc' dir='ltr'><strong>καὶ</strong></span> <span class='ocrx_word' id='word_1_455' title='bbox 1640 3417 1750 3471; x_wconf 86' lang='grc' dir='ltr'><strong>τῶν</strong></span> <span class='ocrx_word' id='word_1_456' title='bbox 1767 3416 2010 3472; x_wconf 82' lang='grc' dir='ltr'><strong>ἀνθυπά-</strong></span> 
     </span>
    </p>
   </div>
   <div class='ocr_carea' id='block_1_65' title="bbox 395 3511 2009 3592">
    <p class='ocr_par' dir='ltr' id='par_1_65' title="bbox 395 3511 2009 3592">
     <span class='ocr_line' id='line_1_65' title="bbox 395 3511 2009 3592; baseline -0.006 -17"><span class='ocrx_word' id='word_1_457' title='bbox 395 3539 503 3575; x_wconf 84' lang='grc' dir='ltr'><strong>των</strong></span> <span class='ocrx_word' id='word_1_458' title='bbox 517 3521 766 3592; x_wconf 82' lang='grc' dir='ltr'><strong>τιμήσας</strong></span> <span class='ocrx_word' id='word_1_459' title='bbox 790 3517 918 3588; x_wconf 71' lang='grc' dir='ltr'><strong>ἀξίᾳ</strong></span> <span class='ocrx_word' id='word_1_460' title='bbox 935 3514 1097 3570; x_wconf 78' lang='grc' dir='ltr'><strong>διὰτὸ</strong></span> <span class='ocrx_word' id='word_1_461' title='bbox 1117 3514 1254 3586; x_wconf 75' lang='grc' dir='ltr'><strong>πρὸς</strong></span> <span class='ocrx_word' id='word_1_462' title='bbox 1277 3518 1376 3584; x_wconf 69' lang='grc' dir='ltr'><strong>τὴν</strong></span> <span class='ocrx_word' id='word_1_463' title='bbox 1396 3512 1675 3583; x_wconf 83' lang='grc' dir='ltr'><strong>θυγατέρα</strong></span> <span class='ocrx_word' id='word_1_464' title='bbox 1691 3511 1885 3566; x_wconf 80' lang='grc' dir='ltr'><strong>τούτου</strong></span> <span class='ocrx_word' id='word_1_465' title='bbox 1920 3531 2009 3582; x_wconf 79' lang='grc' dir='ltr'><strong>φι-</strong></span> 
     </span>
    </p>
   </div>
   <div class='ocr_carea' id='block_1_66' title="bbox 388 3605 2010 3683">
    <p class='ocr_par' dir='ltr' id='par_1_66' title="bbox 388 3605 2010 3683">
     <span class='ocr_line' id='line_1_66' title="bbox 388 3605 2010 3683; baseline -0.007 -14"><span class='ocrx_word' id='word_1_466' title='bbox 388 3615 717 3683; x_wconf 81' lang='grc' dir='ltr'><strong>λόστοργον,</strong></span> <span class='ocrx_word' id='word_1_467' title='bbox 745 3611 945 3665; x_wconf 73' lang='grc' dir='ltr'><strong>ἔπειτα</strong></span> <span class='ocrx_word' id='word_1_468' title='bbox 968 3609 1026 3663; x_wconf 78' lang='grc' dir='ltr'><strong>δὲ</strong></span> <span class='ocrx_word' id='word_1_469' title='bbox 1056 3607 1154 3661; x_wconf 59' lang='grc' dir='ltr'><strong>καὶ⁵</strong></span> <span class='ocrx_word' id='word_1_470' title='bbox 1199 3607 1508 3678; x_wconf 83' lang='grc' dir='ltr'><strong>μάγιστρον</strong></span> <span class='ocrx_word' id='word_1_471' title='bbox 1539 3607 1634 3659; x_wconf 81' lang='grc' dir='ltr'><strong>καὶ</strong></span> <span class='ocrx_word' id='word_1_472' title='bbox 1657 3605 1917 3676; x_wconf 82' lang='grc' dir='ltr'><strong>Καίσαρα</strong></span> <span class='ocrx_word' id='word_1_473' title='bbox 1947 3605 2010 3658; x_wconf 83' lang='grc' dir='ltr'><strong>τὸ</strong></span> 
     </span>
    </p>
   </div>
   <div class='ocr_carea' id='block_1_67' title="bbox 389 3700 2009 3780">
    <p class='ocr_par' dir='ltr' id='par_1_67' title="bbox 389 3700 2009 3780">
     <span class='ocr_line' id='line_1_67' title="bbox 389 3700 2009 3780; baseline -0.006 -17"><span class='ocrx_word' id='word_1_474' title='bbox 389 3709 634 3780; x_wconf 67' lang='grc' dir='ltr'><strong>ἔσχατον</strong></span> <span class='ocrx_word' id='word_1_475' title='bbox 662 3705 1063 3776; x_wconf 76' lang='grc' dir='ltr'><strong>ἀνηγόρευσεν,</strong></span> <span class='ocrx_word' id='word_1_476' title='bbox 1079 3700 1315 3774; x_wconf 81' lang='grc' dir='ltr'><strong>στρατεύ</strong></span> <span class='ocrx_word' id='word_1_477' title='bbox 1323 3701 1472 3773; x_wconf 87' lang='grc' dir='ltr'><strong>ματά</strong></span> <span class='ocrx_word' id='word_1_478' title='bbox 1486 3717 1544 3755; x_wconf 87' lang='grc' dir='ltr'><strong>τε</strong></span> <span class='ocrx_word' id='word_1_479' title='bbox 1556 3701 1678 3765; x_wconf 75' lang='grc' dir='ltr'><strong>δοὺς</strong></span> <span class='ocrx_word' id='word_1_480' title='bbox 1695 3702 1856 3756; x_wconf 75' lang='grc' dir='ltr'><strong>ἱκανὰ</strong></span> <span class='ocrx_word' id='word_1_481' title='bbox 1874 3700 2009 3773; x_wconf 74' lang='grc' dir='ltr'><strong>πρὸς</strong></span> 
     </span>
    </p>
   </div>
   <div class='ocr_carea' id='block_1_68' title="bbox 394 3792 2012 3870">
    <p class='ocr_par' dir='ltr' id='par_1_68' title="bbox 394 3792 2012 3870">
     <span class='ocr_line' id='line_1_68' title="bbox 394 3792 2012 3870; baseline -0.004 -17"><span class='ocrx_word' id='word_1_482' title='bbox 394 3803 502 3870; x_wconf 72' lang='grc' dir='ltr'><strong>τὴν</strong></span> <span class='ocrx_word' id='word_1_483' title='bbox 521 3797 937 3870; x_wconf 78' lang='grc' dir='ltr'><strong>Λογγοϐαρδίαν</strong></span> <span class='ocrx_word' id='word_1_484' title='bbox 954 3795 1283 3866; x_wconf 79' lang='grc' dir='ltr'><strong>ἐξέπεμψεν,</strong></span> <span class='ocrx_word' id='word_1_485' title='bbox 1318 3793 1508 3865; x_wconf 83' lang='grc' dir='ltr'><strong>χρείας</strong></span> <span class='ocrx_word' id='word_1_486' title='bbox 1542 3792 1850 3863; x_wconf 80' lang='grc' dir='ltr'><strong>τηνικαῦτα</strong></span> <span class='ocrx_word' id='word_1_487' title='bbox 1876 3809 2012 3846; x_wconf 88' lang='grc' dir='ltr'><strong>κατ-</strong></span> 
     </span>
    </p>
   </div>
   <div class='ocr_carea' id='block_1_69' title="bbox 405 3884 2009 3958">
    <p class='ocr_par' dir='ltr' id='par_1_69' title="bbox 405 3884 2009 3958">
     <span class='ocr_line' id='line_1_69' title="bbox 405 3884 2009 3958; baseline -0.005 -14"><span class='ocrx_word' id='word_1_488' title='bbox 405 3889 754 3958; x_wconf 71' lang='grc' dir='ltr'><strong>επειγούσης</strong></span> <span class='ocrx_word' id='word_1_489' title='bbox 801 3887 966 3952; x_wconf 83' lang='grc' dir='ltr'><strong>τινός.</strong></span> <span class='ocrx_word' id='word_1_490' title='bbox 1033 3885 1200 3940; x_wconf 79' lang='grc' dir='ltr'><strong>ΚαΥὸ</strong></span> <span class='ocrx_word' id='word_1_491' title='bbox 1247 3885 1348 3955; x_wconf 83' lang='grc' dir='ltr'><strong>μὲν</strong></span> <span class='ocrx_word' id='word_1_492' title='bbox 1374 3885 1538 3956; x_wconf 73' lang='grc' dir='ltr'><strong>ἀπῄει</strong></span> <span class='ocrx_word' id='word_1_493' title='bbox 1570 3884 1752 3946; x_wconf 87' lang='grc' dir='ltr'><strong>καλῶς</strong></span> <span class='ocrx_word' id='word_1_494' title='bbox 1784 3885 1854 3937; x_wconf 72' lang='grc' dir='ltr'><strong>τὰ</strong></span> <span class='ocrx_word' id='word_1_495' title='bbox 1886 3884 2009 3938; x_wconf 83' lang='grc' dir='ltr'><strong>κατ’</strong></span> 
     </span>
    </p>
   </div>
   <div class='ocr_carea' id='block_1_70' title="bbox 418 3974 2011 4049">
    <p class='ocr_par' dir='ltr' id='par_1_70' title="bbox 418 3974 2011 4049">
     <span class='ocr_line' id='line_1_70' title="bbox 418 3974 2011 4049; baseline -0.004 -15"><span class='ocrx_word' id='word_1_496' title='bbox 418 3978 589 4034; x_wconf 71' lang='grc' dir='ltr'><strong>αὒτδν</strong></span> <span class='ocrx_word' id='word_1_497' title='bbox 610 3979 810 4046; x_wconf 71' lang='grc' dir='ltr'><strong>ἀνύων,</strong></span> <span class='ocrx_word' id='word_1_498' title='bbox 833 3980 923 4032; x_wconf 65' lang='grc' dir='ltr'><strong>καὶ</strong></span> <span class='ocrx_word' id='word_1_499' title='bbox 943 3978 1019 4042; x_wconf 85' lang='grc' dir='ltr'><strong>ὡς</strong></span> <span class='ocrx_word' id='word_1_500' title='bbox 1046 3978 1224 4032; x_wconf 75' lang='grc' dir='ltr'><strong>ἐδόκει</strong></span> <span class='ocrx_word' id='word_1_501' title='bbox 1248 3979 1324 4049; x_wconf 83' lang='grc' dir='ltr'><strong>τῷ</strong></span> <span class='ocrx_word' id='word_1_502' title='bbox 1357 3976 1576 4049; x_wconf 84' lang='grc' dir='ltr'><strong>βασιλεῖ</strong></span> <span class='ocrx_word' id='word_1_503' title='bbox 1595 3993 1608 4007; x_wconf 87' lang='grc'><strong>·</strong></span> <span class='ocrx_word' id='word_1_504' title='bbox 1648 3977 1742 4030; x_wconf 75' lang='grc' dir='ltr'><strong>καὶ</strong></span> <span class='ocrx_word' id='word_1_505' title='bbox 1768 3975 1856 4029; x_wconf 78' lang='grc' dir='ltr'><strong>διὰ</strong></span> <span class='ocrx_word' id='word_1_506' title='bbox 1881 3974 2011 4029; x_wconf 82' lang='grc' dir='ltr'><strong>τοῦ-</strong></span> 
     </span>
    </p>
   </div>
   <div class='ocr_carea' id='block_1_71' title="bbox 415 4067 2008 4144">
    <p class='ocr_par' dir='ltr' id='par_1_71' title="bbox 415 4067 2008 4144">
     <span class='ocr_line' id='line_1_71' title="bbox 415 4067 2008 4144; baseline -0.001 -20"><span class='ocrx_word' id='word_1_507' title='bbox 415 4091 484 4128; x_wconf 87' lang='grc' dir='ltr'><strong>το</strong></span> <span class='ocrx_word' id='word_1_508' title='bbox 517 4071 741 4144; x_wconf 66' lang='grc' dir='ltr'><strong>ἤκμαζε</strong></span> <span class='ocrx_word' id='word_1_509' title='bbox 796 4072 893 4141; x_wconf 82' lang='grc' dir='ltr'><strong>μὲν</strong></span> <span class='ocrx_word' id='word_1_510' title='bbox 921 4075 948 4126; x_wconf 84' lang='grc' dir='ltr'><em>ὁ</em></span> <span class='ocrx_word' id='word_1_511' title='bbox 978 4073 1112 4143; x_wconf 81' lang='grc' dir='ltr'><strong>πρὸς</strong></span> <span class='ocrx_word' id='word_1_512' title='bbox 1145 4071 1307 4125; x_wconf 83' lang='grc' dir='ltr'><strong>αὐτὸν</strong></span> <span class='ocrx_word' id='word_1_513' title='bbox 1355 4071 1518 4135; x_wconf 83' lang='grc' dir='ltr'><strong>πόθος</strong></span> <span class='ocrx_word' id='word_1_514' title='bbox 1574 4069 1670 4124; x_wconf 77' lang='grc' dir='ltr'><strong>τοῦ</strong></span> <span class='ocrx_word' id='word_1_515' title='bbox 1720 4067 2008 4141; x_wconf 79' lang='grc' dir='ltr'><strong>βασιλέως,</strong></span> 
     </span>
    </p>
   </div>
   <div class='ocr_carea' id='block_1_72' title="bbox 407 4159 2012 4238">
    <p class='ocr_par' dir='ltr' id='par_1_72' title="bbox 407 4159 2012 4238">
     <span class='ocr_line' id='line_1_72' title="bbox 407 4159 2012 4238; baseline -0.004 -18"><span class='ocrx_word' id='word_1_516' title='bbox 407 4165 741 4238; x_wconf 74' lang='grc' dir='ltr'><strong>συνήκμαζε</strong></span> <span class='ocrx_word' id='word_1_517' title='bbox 786 4163 843 4218; x_wconf 80' lang='grc' dir='ltr'><strong>δὲ</strong></span> <span class='ocrx_word' id='word_1_518' title='bbox 880 4165 971 4218; x_wconf 77' lang='grc' dir='ltr'><strong>καὶ</strong></span> <span class='ocrx_word' id='word_1_519' title='bbox 1000 4167 1027 4218; x_wconf 82' lang='grc' dir='ltr'>ὁ</span> <span class='ocrx_word' id='word_1_520' title='bbox 1052 4164 1112 4231; x_wconf 77' lang='grc' dir='ltr'>ἐξ</span> <span class='ocrx_word' id='word_1_521' title='bbox 1140 4162 1446 4232; x_wconf 84' lang='grc' dir='ltr'><strong>ἀνθρώπων</strong></span> <span class='ocrx_word' id='word_1_522' title='bbox 1483 4160 1678 4232; x_wconf 81' lang='grc' dir='ltr'><strong>φθόνος</strong></span> <span class='ocrx_word' id='word_1_523' title='bbox 1722 4160 1894 4232; x_wconf 78' lang='grc' dir='ltr'><strong>αὐτῷ,</strong></span> <span class='ocrx_word' id='word_1_524' title='bbox 1919 4159 2012 4213; x_wconf 72' lang='grc' dir='ltr'><strong>καί</strong></span> 
     </span>
    </p>
   </div>
   <div class='ocr_carea' id='block_1_73' title="bbox 403 4250 2002 4334">
    <p class='ocr_par' dir='ltr' id='par_1_73' title="bbox 403 4250 2002 4334">
     <span class='ocr_line' id='line_1_73' title="bbox 403 4250 2002 4334; baseline -0.006 -19"><span class='ocrx_word' id='word_1_525' title='bbox 403 4278 555 4324; x_wconf 86' lang='grc' dir='ltr'><strong>τινες</strong></span> <span class='ocrx_word' id='word_1_526' title='bbox 612 4257 918 4334; x_wconf 62' lang='grc' dir='ltr'><strong>ἐλοιδόρουν</strong></span> <span class='ocrx_word' id='word_1_527' title='bbox 953 4259 1049 4312; x_wconf 76' lang='grc' dir='ltr'><strong>καὶ</strong></span> <span class='ocrx_word' id='word_1_528' title='bbox 1089 4257 1389 4330; x_wconf 86' lang='grc' dir='ltr'><strong>βλάσφημά</strong></span> <span class='ocrx_word' id='word_1_529' title='bbox 1433 4273 1557 4310; x_wconf 86' lang='grc' dir='ltr'><strong>τινα</strong></span> <span class='ocrx_word' id='word_1_530' title='bbox 1600 4253 1843 4324; x_wconf 73' lang='grc' dir='ltr'><strong>ἔφασκον</strong></span> <span class='ocrx_word' id='word_1_531' title='bbox 1878 4250 2002 4308; x_wconf 84' lang='grc' dir='ltr'><strong>κατ’</strong></span> 
     </span>
    </p>
   </div>
   <div class='ocr_carea' id='block_1_74' title="bbox 406 4345 2014 4424">
    <p class='ocr_par' dir='ltr' id='par_1_74' title="bbox 406 4345 2014 4424">
     <span class='ocr_line' id='line_1_74' title="bbox 406 4345 2014 4424; baseline -0.006 -16"><span class='ocrx_word' id='word_1_532' title='bbox 406 4353 600 4422; x_wconf 78' lang='grc' dir='ltr'><strong>αὑτοῦ,</strong></span> <span class='ocrx_word' id='word_1_533' title='bbox 623 4352 702 4417; x_wconf 84' lang='grc' dir='ltr'><strong>ὡς</strong></span> <span class='ocrx_word' id='word_1_534' title='bbox 730 4353 832 4424; x_wconf 76' lang='grc' dir='ltr'><strong>τῆς</strong></span> <span class='ocrx_word' id='word_1_535' title='bbox 853 4368 914 4404; x_wconf 88' lang='grc' dir='ltr'><strong>τε</strong></span> <span class='ocrx_word' id='word_1_536' title='bbox 931 4349 1211 4422; x_wconf 80' lang='grc' dir='ltr'><strong>βασιλείας</strong></span> <span class='ocrx_word' id='word_1_537' title='bbox 1246 4348 1507 4418; x_wconf 77' lang='grc' dir='ltr'><strong>ἐπιθυμεῖ</strong></span> <span class='ocrx_word' id='word_1_538' title='bbox 1533 4347 1629 4401; x_wconf 76' lang='grc' dir='ltr'>καὶ</span> <span class='ocrx_word' id='word_1_539' title='bbox 1661 4347 1742 4400; x_wconf 89' lang='grc' dir='ltr'><strong>δεῖ</strong></span> <span class='ocrx_word' id='word_1_540' title='bbox 1774 4363 1920 4399; x_wconf 83' lang='grc' dir='ltr'><strong>ποτε</strong></span> <span class='ocrx_word' id='word_1_541' title='bbox 1953 4345 2014 4401; x_wconf 79' lang='grc' dir='ltr'><strong>τὸ</strong></span> 
     </span>
    </p>
   </div>
   <div class='ocr_carea' id='block_1_75' title="bbox 410 4440 2008 4520">
    <p class='ocr_par' dir='ltr' id='par_1_75' title="bbox 410 4440 2008 4520">
     <span class='ocr_line' id='line_1_75' title="bbox 410 4440 2008 4520; baseline -0.007 -14"><span class='ocrx_word' id='word_1_542' title='bbox 410 4452 556 4520; x_wconf 65' lang='grc' dir='ltr'><strong>ἄλφα</strong></span> <span class='ocrx_word' id='word_1_543' title='bbox 596 4448 694 4503; x_wconf 80' lang='grc' dir='ltr'><strong>τοῦ</strong></span> <span class='ocrx_word' id='word_1_544' title='bbox 731 4447 873 4519; x_wconf 76' lang='grc' dir='ltr'><strong>θῆτα</strong></span> <span class='ocrx_word' id='word_1_545' title='bbox 904 4444 1362 4514; x_wconf 84' lang='grc' dir='ltr'><strong>κατακυριεῦσαι.</strong></span> <span class='ocrx_word' id='word_1_546' title='bbox 1401 4443 1566 4500; x_wconf 84' lang='grc' dir='ltr'><strong>Ὅθεν</strong></span> <span class='ocrx_word' id='word_1_547' title='bbox 1597 4445 1721 4496; x_wconf 72' lang='grc' dir='ltr'><strong>ἐπεὶ</strong></span> <span class='ocrx_word' id='word_1_548' title='bbox 1759 4441 1860 4505; x_wconf 78' lang='grc' dir='ltr'><strong>τὰς</strong></span> <span class='ocrx_word' id='word_1_549' title='bbox 1886 4440 2008 4495; x_wconf 84' lang='grc' dir='ltr'><strong>κατ’</strong></span> 
     </span>
    </p>
   </div>
   <div class='ocr_carea' id='block_1_76' title="bbox 412 4533 2005 4614">
    <p class='ocr_par' dir='ltr' id='par_1_76' title="bbox 412 4533 2005 4614">
     <span class='ocr_line' id='line_1_76' title="bbox 412 4533 2005 4614; baseline -0.007 -16"><span class='ocrx_word' id='word_1_550' title='bbox 412 4541 579 4598; x_wconf 77' lang='grc' dir='ltr'><strong>αὑτοῦ</strong></span> <span class='ocrx_word' id='word_1_551' title='bbox 591 4540 971 4614; x_wconf 76' lang='grc' dir='ltr'><strong>συρῤαφείσας</strong></span> <span class='ocrx_word' id='word_1_552' title='bbox 986 4537 1239 4602; x_wconf 72' lang='grc' dir='ltr'><strong>διαϐολὰς</strong></span> <span class='ocrx_word' id='word_1_553' title='bbox 1267 4540 1294 4590; x_wconf 77' lang='grc' dir='ltr'>ὁ</span> <span class='ocrx_word' id='word_1_554' title='bbox 1321 4539 1539 4608; x_wconf 81' lang='grc' dir='ltr'><strong>Καῖσαρ</strong></span> <span class='ocrx_word' id='word_1_555' title='bbox 1555 4534 1797 4602; x_wconf 78' lang='grc' dir='ltr'><strong>Ἀλέξιος</strong></span> <span class='ocrx_word' id='word_1_556' title='bbox 1814 4533 2005 4606; x_wconf 84' lang='grc' dir='ltr'><strong>διακή-</strong></span> 
     </span>
    </p>
   </div>
   <div class='ocr_carea' id='block_1_77' title="bbox 412 4624 2004 4705">
    <p class='ocr_par' dir='ltr' id='par_1_77' title="bbox 412 4624 2004 4705">
     <span class='ocr_line' id='line_1_77' title="bbox 412 4624 2004 4705; baseline -0.008 -13"><span class='ocrx_word' id='word_1_557' title='bbox 412 4654 555 4701; x_wconf 85' lang='grc' dir='ltr'><strong>κοεν,</strong></span> <span class='ocrx_word' id='word_1_558' title='bbox 582 4636 676 4691; x_wconf 83' lang='grc' dir='ltr'><strong>τὸν</strong></span> <span class='ocrx_word' id='word_1_559' title='bbox 701 4635 904 4705; x_wconf 77' lang='grc' dir='ltr'><strong>φθόνον</strong></span> <span class='ocrx_word' id='word_1_560' title='bbox 935 4632 1128 4704; x_wconf 81' lang='grc' dir='ltr'><strong>ὥσπερ</strong></span> <span class='ocrx_word' id='word_1_561' title='bbox 1166 4629 1678 4700; x_wconf 79' lang='grc' dir='ltr'><strong>κατευλαϐούμενος</strong></span> <span class='ocrx_word' id='word_1_562' title='bbox 1708 4628 1878 4682; x_wconf 83' lang='grc' dir='ltr'><strong>πολλὰ</strong></span> <span class='ocrx_word' id='word_1_563' title='bbox 1908 4624 2004 4680; x_wconf 78' lang='grc' dir='ltr'><strong>τοῦ</strong></span> 
     </span>
    </p>
   </div>
   <div class='ocr_carea' id='block_1_78' title="bbox 405 4721 2006 4804">
    <p class='ocr_par' dir='ltr' id='par_1_78' title="bbox 405 4721 2006 4804">
     <span class='ocr_line' id='line_1_78' title="bbox 405 4721 2006 4804; baseline -0.008 -18"><span class='ocrx_word' id='word_1_564' title='bbox 405 4731 677 4804; x_wconf 65' lang='grc' dir='ltr'><strong>βασιλέως</strong></span> <span class='ocrx_word' id='word_1_565' title='bbox 724 4729 910 4784; x_wconf 72' lang='grc' dir='ltr'><strong>ἐδέετο</strong></span> <span class='ocrx_word' id='word_1_566' title='bbox 959 4729 1226 4798; x_wconf 83' lang='grc' dir='ltr'><strong>οίκτεῖραι</strong></span> <span class='ocrx_word' id='word_1_567' title='bbox 1260 4725 1452 4779; x_wconf 80' lang='grc' dir='ltr'><strong>τοῦτον</strong></span> <span class='ocrx_word' id='word_1_568' title='bbox 1505 4724 1600 4778; x_wconf 77' lang='grc' dir='ltr'><strong>καὶ</strong></span> <span class='ocrx_word' id='word_1_569' title='bbox 1645 4721 2006 4793; x_wconf 76' lang='grc' dir='ltr'><strong>συγχωρῆσαι</strong></span> 
     </span>
    </p>
   </div>
   <div class='ocr_carea' id='block_1_79' title="bbox 405 4815 2011 4896">
    <p class='ocr_par' dir='ltr' id='par_1_79' title="bbox 405 4815 2011 4896">
     <span class='ocr_line' id='line_1_79' title="bbox 405 4815 2011 4896; baseline -0.006 -18"><span class='ocrx_word' id='word_1_570' title='bbox 405 4825 551 4896; x_wconf 81' lang='grc' dir='ltr'><strong>πρὸς</strong></span> <span class='ocrx_word' id='word_1_571' title='bbox 579 4823 674 4877; x_wconf 84' lang='grc' dir='ltr'><strong>τδν</strong></span> <span class='ocrx_word' id='word_1_572' title='bbox 704 4823 923 4894; x_wconf 83' lang='grc' dir='ltr'><strong>μονήρη</strong></span> <span class='ocrx_word' id='word_1_573' title='bbox 955 4820 1070 4890; x_wconf 86' lang='grc' dir='ltr'><strong>βίον</strong></span> <span class='ocrx_word' id='word_1_574' title='bbox 1094 4817 1524 4890; x_wconf 81' lang='grc' dir='ltr'><strong>μετατάξασθαι.</strong></span> <span class='ocrx_word' id='word_1_575' title='bbox 1563 4815 1725 4870; x_wconf 79' lang='grc' dir='ltr'><strong>Ἀλλὰ</strong></span> <span class='ocrx_word' id='word_1_576' title='bbox 1752 4818 1875 4870; x_wconf 81' lang='grc' dir='ltr'><strong>τότε</strong></span> <span class='ocrx_word' id='word_1_577' title='bbox 1910 4816 2011 4886; x_wconf 85' lang='grc' dir='ltr'><strong>μὲν</strong></span> 
     </span>
    </p>
   </div>
   <div class='ocr_carea' id='block_1_80' title="bbox 401 4909 2016 4985">
    <p class='ocr_par' dir='ltr' id='par_1_80' title="bbox 401 4909 2016 4985">
     <span class='ocr_line' id='line_1_80' title="bbox 401 4909 2016 4985; baseline -0.007 -11"><span class='ocrx_word' id='word_1_578' title='bbox 401 4917 525 4974; x_wconf 73' lang='grc' dir='ltr'><strong>οὔτ’</strong></span> <span class='ocrx_word' id='word_1_579' title='bbox 565 4919 778 4981; x_wconf 83' lang='grc' dir='ltr'><strong>ἐκεῖνος</strong></span> <span class='ocrx_word' id='word_1_580' title='bbox 808 4913 1214 4985; x_wconf 81' lang='grc' dir='ltr'><strong>συνεχώρησεν,</strong></span> <span class='ocrx_word' id='word_1_581' title='bbox 1247 4912 1348 4984; x_wconf 80' lang='grc' dir='ltr'><strong>τὴν</strong></span> <span class='ocrx_word' id='word_1_582' title='bbox 1373 4911 1602 4983; x_wconf 86' lang='grc' dir='ltr'><strong>χηρείαν</strong></span> <span class='ocrx_word' id='word_1_583' title='bbox 1622 4910 1723 4979; x_wconf 80' lang='grc' dir='ltr'><strong>τῆς</strong></span> <span class='ocrx_word' id='word_1_584' title='bbox 1744 4909 2016 4981; x_wconf 83' lang='grc' dir='ltr'><strong>θυγατρὸς</strong></span> 
     </span>
    </p>
   </div>
   <div class='ocr_carea' id='block_1_81' title="bbox 405 5005 2016 5086">
    <p class='ocr_par' dir='ltr' id='par_1_81' title="bbox 405 5005 2016 5086">
     <span class='ocr_line' id='line_1_81' title="bbox 405 5005 2016 5086; baseline -0.006 -19"><span class='ocrx_word' id='word_1_585' title='bbox 405 5011 895 5086; x_wconf 78' lang='grc' dir='ltr'><strong>προὸαλλόμενος,</strong></span> <span class='ocrx_word' id='word_1_586' title='bbox 950 5011 1045 5064; x_wconf 74' lang='grc' dir='ltr'><strong>καὶ</strong></span> <span class='ocrx_word' id='word_1_587' title='bbox 1076 5009 1104 5062; x_wconf 80' lang='grc' dir='ltr'>ὀ</span> <span class='ocrx_word' id='word_1_588' title='bbox 1167 5007 1358 5079; x_wconf 76' lang='grc' dir='ltr'><strong>ῥηθεὶς</strong></span> <span class='ocrx_word' id='word_1_589' title='bbox 1415 5010 1632 5077; x_wconf 80' lang='grc' dir='ltr'><strong>Καῖσαρ</strong></span> <span class='ocrx_word' id='word_1_590' title='bbox 1679 5005 1873 5076; x_wconf 73' lang='grc' dir='ltr'><strong>ἔμενεν</strong></span> <span class='ocrx_word' id='word_1_591' title='bbox 1930 5006 2016 5076; x_wconf 76' lang='grc' dir='ltr'><strong>ἐφ’</strong></span> 
     </span>
    </p>
   </div>
   <div class='ocr_carea' id='block_1_82' title="bbox 407 5099 2016 5177">
    <p class='ocr_par' dir='ltr' id='par_1_82' title="bbox 407 5099 2016 5177">
     <span class='ocr_line' id='line_1_82' title="bbox 407 5099 2016 5177; baseline -0.003 -19"><span class='ocrx_word' id='word_1_592' title='bbox 407 5105 647 5177; x_wconf 69' lang='grc' dir='ltr'><strong>ἡσυχίας</strong></span> <span class='ocrx_word' id='word_1_593' title='bbox 675 5101 882 5172; x_wconf 78' lang='grc' dir='ltr'><strong>πολλῆς</strong></span> <span class='ocrx_word' id='word_1_594' title='bbox 916 5105 1027 5166; x_wconf 83' lang='grc' dir='ltr'><strong>τοῖς</strong></span> <span class='ocrx_word' id='word_1_595' title='bbox 1047 5101 1330 5173; x_wconf 88' lang='grc' dir='ltr'><strong>δημοσίοις</strong></span> <span class='ocrx_word' id='word_1_596' title='bbox 1354 5099 1646 5170; x_wconf 82' lang='grc' dir='ltr'><strong>ὲνασχολού</strong></span> <span class='ocrx_word' id='word_1_597' title='bbox 1654 5117 1816 5170; x_wconf 88' lang='grc' dir='ltr'><strong>μενος</strong></span> <span class='ocrx_word' id='word_1_598' title='bbox 1834 5099 2016 5170; x_wconf 80' lang='grc' dir='ltr'><strong>πράγ-</strong></span> 
     </span>
    </p>
   </div>
   <div class='ocr_carea' id='block_1_83' title="bbox 411 5193 2023 5271">
    <p class='ocr_par' dir='ltr' id='par_1_83' title="bbox 411 5193 2023 5271">
     <span class='ocr_line' id='line_1_83' title="bbox 411 5193 2023 5271; baseline -0.003 -18"><span class='ocrx_word' id='word_1_599' title='bbox 411 5217 605 5271; x_wconf 84' lang='grc' dir='ltr'><strong>μασιν.</strong></span> <span class='ocrx_word' id='word_1_600' title='bbox 655 5198 744 5262; x_wconf 88' lang='grc' dir='ltr'><strong>Ὠς</strong></span> <span class='ocrx_word' id='word_1_601' title='bbox 778 5197 835 5251; x_wconf 82' lang='grc' dir='ltr'><strong>δὲ</strong></span> <span class='ocrx_word' id='word_1_602' title='bbox 866 5195 958 5250; x_wconf 71' lang='grc' dir='ltr'><strong>τὸν</strong></span> <span class='ocrx_word' id='word_1_603' title='bbox 994 5195 1215 5266; x_wconf 83' lang='grc' dir='ltr'><strong>Μιχαὴλ</strong></span> <span class='ocrx_word' id='word_1_604' title='bbox 1245 5194 1538 5266; x_wconf 79' lang='grc' dir='ltr'><strong>ἐγέννησεν</strong></span> <span class='ocrx_word' id='word_1_605' title='bbox 1563 5197 1590 5248; x_wconf 89' lang='grc' dir='ltr'>ὁ</span> <span class='ocrx_word' id='word_1_606' title='bbox 1620 5193 1902 5262; x_wconf 81' lang='grc' dir='ltr'><strong>Θεόφιλος,</strong></span> <span class='ocrx_word' id='word_1_607' title='bbox 1927 5195 2023 5248; x_wconf 77' lang='grc' dir='ltr'><strong>καὶ</strong></span> 
     </span>
    </p>
   </div>
   <div class='ocr_carea' id='block_1_84' title="bbox 409 5287 2020 5366">
    <p class='ocr_par' dir='ltr' id='par_1_84' title="bbox 409 5287 2020 5366">
     <span class='ocr_line' id='line_1_84' title="bbox 409 5287 2020 5366; baseline -0.004 -18"><span class='ocrx_word' id='word_1_608' title='bbox 409 5298 445 5366; x_wconf 71' lang='grc' dir='ltr'>ἡ</span> <span class='ocrx_word' id='word_1_609' title='bbox 475 5291 680 5348; x_wconf 82' lang='grc' dir='ltr'><strong>τούτου</strong></span> <span class='ocrx_word' id='word_1_610' title='bbox 714 5291 814 5362; x_wconf 82' lang='grc' dir='ltr'><strong>μὲν</strong></span> <span class='ocrx_word' id='word_1_611' title='bbox 846 5290 1096 5361; x_wconf 81' lang='grc' dir='ltr'><strong>θυγάτηρ</strong></span> <span class='ocrx_word' id='word_1_612' title='bbox 1117 5288 1212 5343; x_wconf 82' lang='grc' dir='ltr'><strong>τοῦ</strong></span> <span class='ocrx_word' id='word_1_613' title='bbox 1241 5287 1526 5360; x_wconf 83' lang='grc' dir='ltr'><strong>Καίσαρος</strong></span> <span class='ocrx_word' id='word_1_614' title='bbox 1575 5287 1634 5342; x_wconf 85' lang='grc' dir='ltr'><strong>δὲ</strong></span> <span class='ocrx_word' id='word_1_615' title='bbox 1666 5289 1884 5359; x_wconf 76' lang='grc' dir='ltr'><strong>γαμετὴ</strong></span> <span class='ocrx_word' id='word_1_616' title='bbox 1925 5288 2020 5341; x_wconf 80' lang='grc' dir='ltr'><strong>τὸν</strong></span> 
     </span>
    </p>
   </div>
   <div class='ocr_carea' id='block_1_85' title="bbox 415 5379 2022 5456">
    <p class='ocr_par' dir='ltr' id='par_1_85' title="bbox 415 5379 2022 5456">
     <span class='ocr_line' id='line_1_85' title="bbox 415 5379 2022 5456; baseline -0.003 -18"><span class='ocrx_word' id='word_1_617' title='bbox 415 5387 536 5455; x_wconf 78' lang='grc' dir='ltr'><strong>βίον</strong></span> <span class='ocrx_word' id='word_1_618' title='bbox 570 5383 930 5456; x_wconf 76' lang='grc' dir='ltr'><strong>μετήλλαξεν,</strong></span> <span class='ocrx_word' id='word_1_619' title='bbox 968 5380 1174 5450; x_wconf 81' lang='grc' dir='ltr'><strong>ταύτην</strong></span> <span class='ocrx_word' id='word_1_620' title='bbox 1210 5381 1308 5451; x_wconf 80' lang='grc' dir='ltr'><strong>μὲν</strong></span> <span class='ocrx_word' id='word_1_621' title='bbox 1329 5380 1582 5434; x_wconf 83' lang='grc' dir='ltr'><strong>τοσοῦτον</strong></span> <span class='ocrx_word' id='word_1_622' title='bbox 1624 5380 1923 5452; x_wconf 82' lang='grc' dir='ltr'><strong>τετίμηκεν</strong></span> <span class='ocrx_word' id='word_1_623' title='bbox 1947 5379 2022 5445; x_wconf 84' lang='grc' dir='ltr'><strong>ὼς</strong></span> 
     </span>
    </p>
   </div>
   <div class='ocr_carea' id='block_1_86' title="bbox 411 5471 2023 5546">
    <p class='ocr_par' dir='ltr' id='par_1_86' title="bbox 411 5471 2023 5546">
     <span class='ocr_line' id='line_1_86' title="bbox 411 5471 2023 5546; baseline -0.002 -15"><span class='ocrx_word' id='word_1_624' title='bbox 411 5483 511 5532; x_wconf 78' lang='grc' dir='ltr'><strong>καὶ</strong></span> <span class='ocrx_word' id='word_1_625' title='bbox 546 5477 641 5530; x_wconf 81' lang='grc' dir='ltr'><strong>τὸν</strong></span> <span class='ocrx_word' id='word_1_626' title='bbox 669 5475 800 5546; x_wconf 79' lang='grc' dir='ltr'><strong>χοῦν</strong></span> <span class='ocrx_word' id='word_1_627' title='bbox 823 5474 1000 5546; x_wconf 78' lang='grc' dir='ltr'><strong>αὐτῆς</strong></span> <span class='ocrx_word' id='word_1_628' title='bbox 1030 5475 1089 5526; x_wconf 75' lang='grc' dir='ltr'><strong>ὲν</strong></span> <span class='ocrx_word' id='word_1_629' title='bbox 1115 5473 1350 5544; x_wconf 79' lang='grc' dir='ltr'><strong>λάρνακι</strong></span> <span class='ocrx_word' id='word_1_630' title='bbox 1399 5471 1575 5528; x_wconf 76' lang='grc' dir='ltr'><strong>θεῖναι</strong></span> <span class='ocrx_word' id='word_1_631' title='bbox 1631 5489 2023 5546; x_wconf 84' lang='grc' dir='ltr'><strong>περιηργυρω-</strong></span> 
     </span>
    </p>
   </div>
   <div class='ocr_carea' id='block_1_87' title="bbox 2113 3227 3704 3316">
    <p class='ocr_par' dir='ltr' id='par_1_87' title="bbox 2113 3227 3704 3316">
     <span class='ocr_line' id='line_1_87' title="bbox 2113 3227 3704 3316; baseline -0.013 -13"><span class='ocrx_word' id='word_1_632' title='bbox 2113 3247 2254 3302; x_wconf 87' lang='lat' dir='ltr'><strong>Huic</strong></span> <span class='ocrx_word' id='word_1_633' title='bbox 2297 3243 2516 3316; x_wconf 88' lang='lat' dir='ltr'><strong>patricii</strong></span> <span class='ocrx_word' id='word_1_634' title='bbox 2555 3241 2794 3312; x_wconf 87' lang='lat' dir='ltr'><strong>primum</strong></span> <span class='ocrx_word' id='word_1_635' title='bbox 2831 3253 2897 3293; x_wconf 90' lang='lat' dir='ltr'><strong>ac</strong></span> <span class='ocrx_word' id='word_1_636' title='bbox 2923 3233 3298 3307; x_wconf 87' lang='lat' dir='ltr'><strong>proconsulis,</strong></span> <span class='ocrx_word' id='word_1_637' title='bbox 3338 3243 3452 3301; x_wconf 90' lang='lat' dir='ltr'><strong>quo</strong></span> <span class='ocrx_word' id='word_1_638' title='bbox 3495 3227 3704 3285; x_wconf 87' lang='lat' dir='ltr'><strong>eratin</strong></span> 
     </span>
    </p>
   </div>
   <div class='ocr_carea' id='block_1_88' title="bbox 2112 3323 3706 3398">
    <p class='ocr_par' dir='ltr' id='par_1_88' title="bbox 2112 3323 3706 3398">
     <span class='ocr_line' id='line_1_88' title="bbox 2112 3323 3706 3398; baseline -0.012 -5"><span class='ocrx_word' id='word_1_639' title='bbox 2112 3339 2280 3394; x_wconf 78' lang='lat' dir='ltr'><strong>tiliam</strong></span> <span class='ocrx_word' id='word_1_640' title='bbox 2316 3348 2528 3397; x_wconf 84' lang='lat' dir='ltr'><strong>amore,</strong></span> <span class='ocrx_word' id='word_1_641' title='bbox 2562 3329 2758 3387; x_wconf 84' lang='lat' dir='ltr'><strong>collata</strong></span> <span class='ocrx_word' id='word_1_642' title='bbox 2791 3345 2824 3385; x_wconf 89' lang='lat' dir='ltr'><strong>a</strong></span> <span class='ocrx_word' id='word_1_643' title='bbox 2847 3326 3156 3398; x_wconf 85' lang='lat' dir='ltr'><strong>Theophilo</strong></span> <span class='ocrx_word' id='word_1_644' title='bbox 3182 3323 3422 3396; x_wconf 82' lang='lat' dir='ltr'><strong>dignitas</strong></span> <span class='ocrx_word' id='word_1_645' title='bbox 3445 3331 3551 3389; x_wconf 88' lang='lat' dir='ltr'><strong>est;</strong></span> <span class='ocrx_word' id='word_1_646' title='bbox 3588 3330 3706 3375; x_wconf 89' lang='lat' dir='ltr'><strong>tum</strong></span> 
     </span>
    </p>
   </div>
   <div class='ocr_carea' id='block_1_89' title="bbox 2111 3418 3712 3496">
    <p class='ocr_par' dir='ltr' id='par_1_89' title="bbox 2111 3418 3712 3496">
     <span class='ocr_line' id='line_1_89' title="bbox 2111 3418 3712 3496; baseline -0.012 -9"><span class='ocrx_word' id='word_1_647' title='bbox 2111 3447 2247 3487; x_wconf 77' lang='lat' dir='ltr'><strong>vero</strong></span> <span class='ocrx_word' id='word_1_648' title='bbox 2272 3431 2440 3486; x_wconf 88' lang='lat' dir='ltr'><strong>etiam</strong></span> <span class='ocrx_word' id='word_1_649' title='bbox 2466 3429 2753 3496; x_wconf 81' lang='lat' dir='ltr'><strong>magister,</strong></span> <span class='ocrx_word' id='word_1_650' title='bbox 2787 3439 2851 3480; x_wconf 91' lang='lat' dir='ltr'><strong>ac</strong></span> <span class='ocrx_word' id='word_1_651' title='bbox 2885 3423 3108 3479; x_wconf 87' lang='lat' dir='ltr'><strong>demum</strong></span> <span class='ocrx_word' id='word_1_652' title='bbox 3138 3419 3321 3476; x_wconf 74' lang='lat' dir='ltr'><strong>Czesar</strong></span> <span class='ocrx_word' id='word_1_653' title='bbox 3352 3418 3422 3472; x_wconf 91' lang='lat' dir='ltr'><strong>ab</strong></span> <span class='ocrx_word' id='word_1_654' title='bbox 3454 3431 3521 3471; x_wconf 89' lang='lat' dir='ltr'><strong>eo</strong></span> <span class='ocrx_word' id='word_1_655' title='bbox 3559 3429 3712 3470; x_wconf 84' lang='lat' dir='ltr'><strong>crea-</strong></span> 
     </span>
    </p>
   </div>
   <div class='ocr_carea' id='block_1_90' title="bbox 2113 3507 3707 3593">
    <p class='ocr_par' dir='ltr' id='par_1_90' title="bbox 2113 3507 3707 3593">
     <span class='ocr_line' id='line_1_90' title="bbox 2113 3507 3707 3593; baseline -0.012 -13"><span class='ocrx_word' id='word_1_656' title='bbox 2113 3535 2224 3590; x_wconf 87' lang='lat' dir='ltr'><strong>tus,</strong></span> <span class='ocrx_word' id='word_1_657' title='bbox 2251 3525 2477 3593; x_wconf 89' lang='lat' dir='ltr'><strong>copioso</strong></span> <span class='ocrx_word' id='word_1_658' title='bbox 2511 3521 2818 3575; x_wconf 89' lang='lat' dir='ltr'><strong>instructus</strong></span> <span class='ocrx_word' id='word_1_659' title='bbox 2853 3515 3101 3572; x_wconf 76' lang='lat' dir='ltr'><strong>exercitu</strong></span> <span class='ocrx_word' id='word_1_660' title='bbox 3148 3513 3201 3567; x_wconf 92' lang='lat' dir='ltr'><strong>in</strong></span> <span class='ocrx_word' id='word_1_661' title='bbox 3239 3507 3707 3582; x_wconf 87' lang='lat' dir='ltr'><strong>Longobardiam,</strong></span> 
     </span>
    </p>
   </div>
   <div class='ocr_carea' id='block_1_91' title="bbox 2113 3603 3707 3684">
    <p class='ocr_par' dir='ltr' id='par_1_91' title="bbox 2113 3603 3707 3684">
     <span class='ocr_line' id='line_1_91' title="bbox 2113 3603 3707 3684; baseline -0.013 -11"><span class='ocrx_word' id='word_1_662' title='bbox 2113 3618 2281 3673; x_wconf 83' lang='lat' dir='ltr'><strong>rebus</strong></span> <span class='ocrx_word' id='word_1_663' title='bbox 2321 3616 2398 3672; x_wconf 87' lang='lat' dir='ltr'><strong>ita</strong></span> <span class='ocrx_word' id='word_1_664' title='bbox 2441 3611 2823 3684; x_wconf 85' lang='lat' dir='ltr'><strong>poscentibus,</strong></span> <span class='ocrx_word' id='word_1_665' title='bbox 2869 3609 3129 3664; x_wconf 87' lang='lat' dir='ltr'><strong>mittitur.</strong></span> <span class='ocrx_word' id='word_1_666' title='bbox 3191 3605 3268 3660; x_wconf 82' lang='lat' dir='ltr'><strong>Eo</strong></span> <span class='ocrx_word' id='word_1_667' title='bbox 3299 3603 3526 3658; x_wconf 76' lang='lat' dir='ltr'><strong>Alexius</strong></span> <span class='ocrx_word' id='word_1_668' title='bbox 3576 3615 3707 3671; x_wconf 81' lang='lat' dir='ltr'><strong>pro-</strong></span> 
     </span>
    </p>
   </div>
   <div class='ocr_carea' id='block_1_92' title="bbox 2114 3695 3713 3771">
    <p class='ocr_par' dir='ltr' id='par_1_92' title="bbox 2114 3695 3713 3771">
     <span class='ocr_line' id='line_1_92' title="bbox 2114 3695 3713 3771; baseline -0.011 -11"><span class='ocrx_word' id='word_1_669' title='bbox 2114 3704 2291 3762; x_wconf 81' lang='lat' dir='ltr'><strong>fectus</strong></span> <span class='ocrx_word' id='word_1_670' title='bbox 2322 3718 2448 3759; x_wconf 90' lang='lat' dir='ltr'><strong>cum</strong></span> <span class='ocrx_word' id='word_1_671' title='bbox 2476 3709 2643 3766; x_wconf 87' lang='lat' dir='ltr'><strong>esset,</strong></span> <span class='ocrx_word' id='word_1_672' title='bbox 2688 3698 2952 3769; x_wconf 75' lang='lat' dir='ltr'><strong>praeclare</strong></span> <span class='ocrx_word' id='word_1_673' title='bbox 2981 3695 3032 3752; x_wconf 90' lang='lat' dir='ltr'><strong>ei</strong></span> <span class='ocrx_word' id='word_1_674' title='bbox 3084 3709 3174 3750; x_wconf 85' lang='lat' dir='ltr'><strong>res</strong></span> <span class='ocrx_word' id='word_1_675' title='bbox 3210 3699 3502 3750; x_wconf 87' lang='lat' dir='ltr'><strong>cesserunt</strong></span> <span class='ocrx_word' id='word_1_676' title='bbox 3528 3703 3713 3771; x_wconf 68' lang='lat' dir='ltr'><strong>exque</strong></span> 
     </span>
    </p>
   </div>
   <div class='ocr_carea' id='block_1_93' title="bbox 2113 3783 3712 3862">
    <p class='ocr_par' dir='ltr' id='par_1_93' title="bbox 2113 3783 3712 3862">
     <span class='ocr_line' id='line_1_93' title="bbox 2113 3783 3712 3862; baseline -0.013 -6"><span class='ocrx_word' id='word_1_677' title='bbox 2113 3800 2296 3857; x_wconf 84' lang='lat' dir='ltr'><strong>soceri</strong></span> <span class='ocrx_word' id='word_1_678' title='bbox 2331 3807 2479 3853; x_wconf 86' lang='lat' dir='ltr'><strong>voto.</strong></span> <span class='ocrx_word' id='word_1_679' title='bbox 2525 3794 2646 3862; x_wconf 83' lang='lat' dir='ltr'><strong>Quo</strong></span> <span class='ocrx_word' id='word_1_680' title='bbox 2685 3793 2888 3849; x_wconf 80' lang='lat' dir='ltr'><strong>factum</strong></span> <span class='ocrx_word' id='word_1_681' title='bbox 2919 3800 3002 3846; x_wconf 81' lang='lat' dir='ltr'><strong>est</strong></span> <span class='ocrx_word' id='word_1_682' title='bbox 3053 3799 3114 3844; x_wconf 94' lang='lat' dir='ltr'><strong>ut</strong></span> <span class='ocrx_word' id='word_1_683' title='bbox 3164 3793 3448 3844; x_wconf 76' lang='lat' dir='ltr'><strong>crescente</strong></span> <span class='ocrx_word' id='word_1_684' title='bbox 3496 3783 3550 3839; x_wconf 92' lang='lat' dir='ltr'><strong>in</strong></span> <span class='ocrx_word' id='word_1_685' title='bbox 3581 3795 3712 3836; x_wconf 90' lang='lat' dir='ltr'><strong>eum</strong></span> 
     </span>
    </p>
   </div>
   <div class='ocr_carea' id='block_1_94' title="bbox 2115 3876 3716 3962">
    <p class='ocr_par' dir='ltr' id='par_1_94' title="bbox 2115 3876 3716 3962">
     <span class='ocr_line' id='line_1_94' title="bbox 2115 3876 3716 3962; baseline -0.011 -15"><span class='ocrx_word' id='word_1_686' title='bbox 2115 3890 2464 3962; x_wconf 85' lang='lat' dir='ltr'><strong>imperatoris</strong></span> <span class='ocrx_word' id='word_1_687' title='bbox 2493 3903 2681 3944; x_wconf 88' lang='lat' dir='ltr'><strong>amore</strong></span> <span class='ocrx_word' id='word_1_688' title='bbox 2712 3901 2777 3940; x_wconf 90' lang='lat' dir='ltr'><strong>ac</strong></span> <span class='ocrx_word' id='word_1_689' title='bbox 2805 3883 3082 3940; x_wconf 88' lang='lat' dir='ltr'><strong>desiderio</strong></span> <span class='ocrx_word' id='word_1_690' title='bbox 3119 3897 3226 3936; x_wconf 88' lang='lat' dir='ltr'><strong>una</strong></span> <span class='ocrx_word' id='word_1_691' title='bbox 3266 3894 3489 3950; x_wconf 90' lang='lat' dir='ltr'><strong>quoque</strong></span> <span class='ocrx_word' id='word_1_692' title='bbox 3534 3876 3716 3931; x_wconf 84' lang='lat' dir='ltr'><strong>homi-</strong></span> 
     </span>
    </p>
   </div>
   <div class='ocr_carea' id='block_1_95' title="bbox 2116 3967 3715 4044">
    <p class='ocr_par' dir='ltr' id='par_1_95' title="bbox 2116 3967 3715 4044">
     <span class='ocr_line' id='line_1_95' title="bbox 2116 3967 3715 4044; baseline -0.012 -5"><span class='ocrx_word' id='word_1_693' title='bbox 2116 3999 2248 4039; x_wconf 90' lang='lat' dir='ltr'><strong>num</strong></span> <span class='ocrx_word' id='word_1_694' title='bbox 2292 3982 2345 4036; x_wconf 90' lang='lat' dir='ltr'><strong>iu</strong></span> <span class='ocrx_word' id='word_1_695' title='bbox 2372 3995 2498 4036; x_wconf 87' lang='lat' dir='ltr'><strong>eum</strong></span> <span class='ocrx_word' id='word_1_696' title='bbox 2531 3977 2735 4034; x_wconf 84' lang='lat' dir='ltr'><strong>invidia</strong></span> <span class='ocrx_word' id='word_1_697' title='bbox 2763 3976 2939 4041; x_wconf 73' lang='lat' dir='ltr'><strong>magis</strong></span> <span class='ocrx_word' id='word_1_698' title='bbox 2971 3980 3314 4044; x_wconf 85' lang='lat' dir='ltr'><strong>augesceret.</strong></span> <span class='ocrx_word' id='word_1_699' title='bbox 3342 3967 3463 4023; x_wconf 85' lang='lat' dir='ltr'><strong>Non</strong></span> <span class='ocrx_word' id='word_1_700' title='bbox 3486 3967 3715 4022; x_wconf 84' lang='lat' dir='ltr'><strong>deerant</strong></span> 
     </span>
    </p>
   </div>
   <div class='ocr_carea' id='block_1_96' title="bbox 2115 4061 3712 4150">
    <p class='ocr_par' dir='ltr' id='par_1_96' title="bbox 2115 4061 3712 4150">
     <span class='ocr_line' id='line_1_96' title="bbox 2115 4061 3712 4150; baseline -0.013 -18"><span class='ocrx_word' id='word_1_701' title='bbox 2115 4078 2210 4150; x_wconf 85' lang='lat' dir='ltr'><strong>qui</strong></span> <span class='ocrx_word' id='word_1_702' title='bbox 2265 4073 2692 4132; x_wconf 89' lang='lat' dir='ltr'><strong>criminarentur</strong></span> <span class='ocrx_word' id='word_1_703' title='bbox 2737 4078 2790 4126; x_wconf 92' lang='lat' dir='ltr'><strong>et</strong></span> <span class='ocrx_word' id='word_1_704' title='bbox 2847 4067 3140 4122; x_wconf 88' lang='lat' dir='ltr'><strong>maledicta</strong></span> <span class='ocrx_word' id='word_1_705' title='bbox 3189 4063 3442 4135; x_wconf 66' lang='lat' dir='ltr'><strong>quredam</strong></span> <span class='ocrx_word' id='word_1_706' title='bbox 3485 4061 3540 4116; x_wconf 90' lang='lat' dir='ltr'><strong>iu</strong></span> <span class='ocrx_word' id='word_1_707' title='bbox 3582 4073 3712 4114; x_wconf 90' lang='lat' dir='ltr'><strong>eum</strong></span> 
     </span>
    </p>
   </div>
   <div class='ocr_carea' id='block_1_97' title="bbox 2111 4154 3714 4246">
    <p class='ocr_par' dir='ltr' id='par_1_97' title="bbox 2111 4154 3714 4246">
     <span class='ocr_line' id='line_1_97' title="bbox 2111 4154 3714 4246; baseline -0.015 -15"><span class='ocrx_word' id='word_1_708' title='bbox 2111 4175 2405 4246; x_wconf 77' lang='lat' dir='ltr'><strong>iactarent,</strong></span> <span class='ocrx_word' id='word_1_709' title='bbox 2451 4167 2613 4240; x_wconf 90' lang='lat' dir='ltr'><strong>quasi</strong></span> <span class='ocrx_word' id='word_1_710' title='bbox 2641 4163 2963 4220; x_wconf 88' lang='lat' dir='ltr'><strong>dominandi</strong></span> <span class='ocrx_word' id='word_1_711' title='bbox 2997 4160 3197 4229; x_wconf 90' lang='lat' dir='ltr'><strong>cupido</strong></span> <span class='ocrx_word' id='word_1_712' title='bbox 3235 4159 3417 4228; x_wconf 84' lang='lat' dir='ltr'><strong>ipsum</strong></span> <span class='ocrx_word' id='word_1_713' title='bbox 3449 4154 3714 4210; x_wconf 83' lang='lat' dir='ltr'><strong>incessis-</strong></span> 
     </span>
    </p>
   </div>
   <div class='ocr_carea' id='block_1_98' title="bbox 2117 4249 3715 4333">
    <p class='ocr_par' dir='ltr' id='par_1_98' title="bbox 2117 4249 3715 4333">
     <span class='ocr_line' id='line_1_98' title="bbox 2117 4249 3715 4333; baseline -0.015 -10"><span class='ocrx_word' id='word_1_714' title='bbox 2117 4275 2221 4333; x_wconf 87' lang='lat' dir='ltr'><strong>set,</strong></span> <span class='ocrx_word' id='word_1_715' title='bbox 2257 4279 2322 4319; x_wconf 89' lang='lat' dir='ltr'><strong>ac</strong></span> <span class='ocrx_word' id='word_1_716' title='bbox 2353 4261 2473 4317; x_wconf 82' lang='lat' dir='ltr'><strong>fore</strong></span> <span class='ocrx_word' id='word_1_717' title='bbox 2499 4269 2561 4316; x_wconf 88' lang='lat' dir='ltr'><strong>ut</strong></span> <span class='ocrx_word' id='word_1_718' title='bbox 2598 4259 2642 4312; x_wconf 82' lang='lat' dir='ltr'><strong>A</strong></span> <span class='ocrx_word' id='word_1_719' title='bbox 2675 4257 2727 4312; x_wconf 91' lang='lat' dir='ltr'><strong>in</strong></span> <span class='ocrx_word' id='word_1_720' title='bbox 2755 4257 2798 4310; x_wconf 86' lang='grc' dir='ltr'>Θ</span> <span class='ocrx_word' id='word_1_721' title='bbox 2826 4253 3162 4326; x_wconf 85' lang='lat' dir='ltr'><strong>quandoque</strong></span> <span class='ocrx_word' id='word_1_722' title='bbox 3206 4249 3497 4321; x_wconf 88' lang='lat' dir='ltr'><strong>imperium</strong></span> <span class='ocrx_word' id='word_1_723' title='bbox 3544 4261 3715 4301; x_wconf 83' lang='lat' dir='ltr'><strong>usur-</strong></span> 
     </span>
    </p>
   </div>
   <div class='ocr_carea' id='block_1_99' title="bbox 2117 4341 3712 4433">
    <p class='ocr_par' dir='ltr' id='par_1_99' title="bbox 2117 4341 3712 4433">
     <span class='ocr_line' id='line_1_99' title="bbox 2117 4341 3712 4433; baseline -0.014 -17"><span class='ocrx_word' id='word_1_724' title='bbox 2117 4369 2294 4433; x_wconf 87' lang='lat' dir='ltr'><strong>paret.</strong></span> <span class='ocrx_word' id='word_1_725' title='bbox 2335 4355 2713 4424; x_wconf 87' lang='lat' dir='ltr'><strong>Quamobrem</strong></span> <span class='ocrx_word' id='word_1_726' title='bbox 2763 4350 2854 4406; x_wconf 88' lang='lat' dir='ltr'><strong>ubi</strong></span> <span class='ocrx_word' id='word_1_727' title='bbox 2902 4351 3019 4405; x_wconf 85' lang='lat' dir='ltr'><strong>haec</strong></span> <span class='ocrx_word' id='word_1_728' title='bbox 3063 4349 3119 4401; x_wconf 90' lang='lat' dir='ltr'><strong>in</strong></span> <span class='ocrx_word' id='word_1_729' title='bbox 3155 4361 3214 4402; x_wconf 89' lang='lat' dir='ltr'><strong>se</strong></span> <span class='ocrx_word' id='word_1_730' title='bbox 3245 4361 3337 4415; x_wconf 89' lang='lat' dir='ltr'><strong>per</strong></span> <span class='ocrx_word' id='word_1_731' title='bbox 3375 4341 3712 4400; x_wconf 90' lang='lat' dir='ltr'><strong>calumniam</strong></span> 
     </span>
    </p>
   </div>
   <div class='ocr_carea' id='block_1_100' title="bbox 2121 4435 3716 4512">
    <p class='ocr_par' dir='ltr' id='par_1_100' title="bbox 2121 4435 3716 4512">
     <span class='ocr_line' id='line_1_100' title="bbox 2121 4435 3716 4512; baseline -0.013 -4"><span class='ocrx_word' id='word_1_732' title='bbox 2121 4451 2347 4510; x_wconf 80' lang='lat' dir='ltr'><strong>rescivit</strong></span> <span class='ocrx_word' id='word_1_733' title='bbox 2375 4448 2602 4506; x_wconf 80' lang='lat' dir='ltr'><strong>Alexius</strong></span> <span class='ocrx_word' id='word_1_734' title='bbox 2625 4445 2830 4512; x_wconf 70' lang='lat' dir='ltr'><strong>Caesar,</strong></span> <span class='ocrx_word' id='word_1_735' title='bbox 2863 4443 3016 4499; x_wconf 85' lang='lat' dir='ltr'><strong>velut</strong></span> <span class='ocrx_word' id='word_1_736' title='bbox 3051 4441 3252 4497; x_wconf 87' lang='lat' dir='ltr'><strong>timens</strong></span> <span class='ocrx_word' id='word_1_737' title='bbox 3281 4450 3596 4507; x_wconf 69' lang='lat' dir='ltr'><strong>carensque</strong></span> <span class='ocrx_word' id='word_1_738' title='bbox 3626 4435 3716 4490; x_wconf 89' lang='lat' dir='ltr'><strong>in-</strong></span> 
     </span>
    </p>
   </div>
   <div class='ocr_carea' id='block_1_101' title="bbox 2113 4528 3720 4610">
    <p class='ocr_par' dir='ltr' id='par_1_101' title="bbox 2113 4528 3720 4610">
     <span class='ocr_line' id='line_1_101' title="bbox 2113 4528 3720 4610; baseline -0.011 -8"><span class='ocrx_word' id='word_1_739' title='bbox 2113 4547 2341 4608; x_wconf 78' lang='lat' dir='ltr'><strong>vidiam.</strong></span> <span class='ocrx_word' id='word_1_740' title='bbox 2391 4543 2584 4598; x_wconf 89' lang='lat' dir='ltr'><strong>multis</strong></span> <span class='ocrx_word' id='word_1_741' title='bbox 2616 4539 2763 4610; x_wconf 89' lang='lat' dir='ltr'><strong>apud</strong></span> <span class='ocrx_word' id='word_1_742' title='bbox 2795 4539 3186 4608; x_wconf 74' lang='lat' dir='ltr'><strong>imperatorem</strong></span> <span class='ocrx_word' id='word_1_743' title='bbox 3231 4531 3490 4604; x_wconf 76' lang='lat' dir='ltr'><strong>precibus</strong></span> <span class='ocrx_word' id='word_1_744' title='bbox 3521 4528 3720 4601; x_wconf 81' lang='lat' dir='ltr'><strong>agebat</strong></span> 
     </span>
    </p>
   </div>
   <div class='ocr_carea' id='block_1_102' title="bbox 2114 4631 3718 4696">
    <p class='ocr_par' dir='ltr' id='par_1_102' title="bbox 2114 4631 3718 4696">
     <span class='ocr_line' id='line_1_102' title="bbox 2114 4631 3718 4696; baseline -0.011 1"><span class='ocrx_word' id='word_1_745' title='bbox 2114 4651 2174 4696; x_wconf 90' lang='lat' dir='ltr'><strong>ut</strong></span> <span class='ocrx_word' id='word_1_746' title='bbox 2195 4655 2311 4696; x_wconf 67' lang='lat' dir='ltr'><strong>suae</strong></span> <span class='ocrx_word' id='word_1_747' title='bbox 2339 4639 2600 4693; x_wconf 88' lang='lat' dir='ltr'><strong>misertus</strong></span> <span class='ocrx_word' id='word_1_748' title='bbox 2623 4636 2789 4690; x_wconf 85' lang='lat' dir='ltr'><strong>sortis</strong></span> <span class='ocrx_word' id='word_1_749' title='bbox 2813 4633 2881 4688; x_wconf 91' lang='lat' dir='ltr'><strong>ad</strong></span> <span class='ocrx_word' id='word_1_750' title='bbox 2909 4631 3212 4686; x_wconf 88' lang='lat' dir='ltr'><strong>monastica</strong></span> <span class='ocrx_word' id='word_1_751' title='bbox 3236 4643 3362 4684; x_wconf 90' lang='lat' dir='ltr'><strong>eum</strong></span> <span class='ocrx_word' id='word_1_752' title='bbox 3387 4635 3512 4682; x_wconf 78' lang='lat' dir='ltr'><strong>vota</strong></span> <span class='ocrx_word' id='word_1_753' title='bbox 3535 4635 3718 4680; x_wconf 79' lang='lat' dir='ltr'><strong>trans-</strong></span> 
     </span>
    </p>
   </div>
   <div class='ocr_carea' id='block_1_103' title="bbox 2115 4719 3721 4803">
    <p class='ocr_par' dir='ltr' id='par_1_103' title="bbox 2115 4719 3721 4803">
     <span class='ocr_line' id='line_1_103' title="bbox 2115 4719 3721 4803; baseline -0.009 -14"><span class='ocrx_word' id='word_1_754' title='bbox 2115 4737 2196 4790; x_wconf 91' lang='lat' dir='ltr'><strong>ire</strong></span> <span class='ocrx_word' id='word_1_755' title='bbox 2257 4740 2555 4803; x_wconf 81' lang='lat' dir='ltr'><strong>pateretur.</strong></span> <span class='ocrx_word' id='word_1_756' title='bbox 2585 4727 2790 4782; x_wconf 80' lang='lat' dir='ltr'><strong>Verum</strong></span> <span class='ocrx_word' id='word_1_757' title='bbox 2829 4735 2963 4782; x_wconf 89' lang='lat' dir='ltr'><strong>tunc</strong></span> <span class='ocrx_word' id='word_1_758' title='bbox 2992 4723 3215 4796; x_wconf 83' lang='lat' dir='ltr'><strong>quidem</strong></span> <span class='ocrx_word' id='word_1_759' title='bbox 3240 4735 3345 4778; x_wconf 90' lang='lat' dir='ltr'><strong>nec</strong></span> <span class='ocrx_word' id='word_1_760' title='bbox 3379 4719 3721 4788; x_wconf 84' lang='lat' dir='ltr'><strong>Theophilus</strong></span> 
     </span>
    </p>
   </div>
   <div class='ocr_carea' id='block_1_104' title="bbox 2119 4812 3718 4891">
    <p class='ocr_par' dir='ltr' id='par_1_104' title="bbox 2119 4812 3718 4891">
     <span class='ocr_line' id='line_1_104' title="bbox 2119 4812 3718 4891; baseline -0.01 -8"><span class='ocrx_word' id='word_1_761' title='bbox 2119 4826 2334 4891; x_wconf 87' lang='lat' dir='ltr'><strong>annuit,</strong></span> <span class='ocrx_word' id='word_1_762' title='bbox 2364 4824 2529 4878; x_wconf 82' lang='lat' dir='ltr'><strong>ﬁliam</strong></span> <span class='ocrx_word' id='word_1_763' title='bbox 2576 4821 2776 4876; x_wconf 88' lang='lat' dir='ltr'><strong>marito</strong></span> <span class='ocrx_word' id='word_1_764' title='bbox 2815 4819 3039 4874; x_wconf 85' lang='lat' dir='ltr'><strong>viduam</strong></span> <span class='ocrx_word' id='word_1_765' title='bbox 3069 4831 3238 4888; x_wconf 83' lang='lat' dir='ltr'><strong>grave</strong></span> <span class='ocrx_word' id='word_1_766' title='bbox 3277 4830 3399 4870; x_wconf 88' lang='lat' dir='ltr'><strong>esse</strong></span> <span class='ocrx_word' id='word_1_767' title='bbox 3422 4812 3718 4883; x_wconf 87' lang='lat' dir='ltr'><strong>objicieus,</strong></span> 
     </span>
    </p>
   </div>
   <div class='ocr_carea' id='block_1_105' title="bbox 2121 4907 3718 4989">
    <p class='ocr_par' dir='ltr' id='par_1_105' title="bbox 2121 4907 3718 4989">
     <span class='ocr_line' id='line_1_105' title="bbox 2121 4907 3718 4989; baseline -0.01 -15"><span class='ocrx_word' id='word_1_768' title='bbox 2121 4935 2207 4983; x_wconf 88' lang='lat' dir='ltr'><strong>ac,</strong></span> <span class='ocrx_word' id='word_1_769' title='bbox 2238 4932 2401 4989; x_wconf 90' lang='lat' dir='ltr'><strong>quem</strong></span> <span class='ocrx_word' id='word_1_770' title='bbox 2433 4913 2704 4981; x_wconf 75' lang='lat' dir='ltr'><strong>diximus,</strong></span> <span class='ocrx_word' id='word_1_771' title='bbox 2731 4912 2922 4968; x_wconf 67' lang='lat' dir='ltr'><strong>Caesar</strong></span> <span class='ocrx_word' id='word_1_772' title='bbox 2944 4910 3115 4966; x_wconf 89' lang='lat' dir='ltr'><strong>multa</strong></span> <span class='ocrx_word' id='word_1_773' title='bbox 3147 4924 3272 4964; x_wconf 87' lang='lat' dir='ltr'><strong>eum</strong></span> <span class='ocrx_word' id='word_1_774' title='bbox 3307 4907 3494 4978; x_wconf 89' lang='lat' dir='ltr'><strong>quiete</strong></span> <span class='ocrx_word' id='word_1_775' title='bbox 3528 4918 3594 4959; x_wconf 80' lang='lat' dir='ltr'><strong>ac</strong></span> <span class='ocrx_word' id='word_1_776' title='bbox 3627 4919 3718 4959; x_wconf 87' lang='lat' dir='ltr'><strong>se-</strong></span> 
     </span>
    </p>
   </div>
   <div class='ocr_carea' id='block_1_106' title="bbox 2121 4995 3722 5076">
    <p class='ocr_par' dir='ltr' id='par_1_106' title="bbox 2121 4995 3722 5076">
     <span class='ocr_line' id='line_1_106' title="bbox 2121 4995 3722 5076; baseline -0.007 -13"><span class='ocrx_word' id='word_1_777' title='bbox 2121 5023 2290 5064; x_wconf 88' lang='lat' dir='ltr'><strong>curus</strong></span> <span class='ocrx_word' id='word_1_778' title='bbox 2311 5005 2547 5076; x_wconf 88' lang='lat' dir='ltr'><strong>publicis</strong></span> <span class='ocrx_word' id='word_1_779' title='bbox 2573 5004 2741 5060; x_wconf 85' lang='lat' dir='ltr'><strong>rebus</strong></span> <span class='ocrx_word' id='word_1_780' title='bbox 2772 5018 2997 5074; x_wconf 89' lang='lat' dir='ltr'><strong>operam</strong></span> <span class='ocrx_word' id='word_1_781' title='bbox 3033 5001 3226 5057; x_wconf 63' lang='lat' dir='ltr'><strong>dabat.</strong></span> <span class='ocrx_word' id='word_1_782' title='bbox 3271 4997 3376 5054; x_wconf 89' lang='lat' dir='ltr'><strong>Ubi</strong></span> <span class='ocrx_word' id='word_1_783' title='bbox 3414 5005 3597 5054; x_wconf 88' lang='lat' dir='ltr'><strong>autem</strong></span> <span class='ocrx_word' id='word_1_784' title='bbox 3629 4995 3722 5052; x_wconf 80' lang='lat' dir='ltr'><strong>ille</strong></span> 
     </span>
    </p>
   </div>
   <div class='ocr_carea' id='block_1_107' title="bbox 2121 5086 3720 5165">
    <p class='ocr_par' dir='ltr' id='par_1_107' title="bbox 2121 5086 3720 5165">
     <span class='ocr_line' id='line_1_107' title="bbox 2121 5086 3720 5165; baseline -0.009 -11"><span class='ocrx_word' id='word_1_785' title='bbox 2121 5099 2442 5155; x_wconf 83' lang='lat' dir='ltr'><strong>Michaelem</strong></span> <span class='ocrx_word' id='word_1_786' title='bbox 2465 5096 2634 5151; x_wconf 82' lang='lat' dir='ltr'><strong>lilium</strong></span> <span class='ocrx_word' id='word_1_787' title='bbox 2663 5102 3009 5165; x_wconf 87' lang='lat' dir='ltr'><strong>susceperat,</strong></span> <span class='ocrx_word' id='word_1_788' title='bbox 3053 5093 3340 5164; x_wconf 83' lang='lat' dir='ltr'><strong>ipsiusque</strong></span> <span class='ocrx_word' id='word_1_789' title='bbox 3369 5089 3474 5143; x_wconf 83' lang='lat' dir='ltr'><strong>lilia</strong></span> <span class='ocrx_word' id='word_1_790' title='bbox 3506 5102 3572 5141; x_wconf 89' lang='lat' dir='ltr'><strong>ac</strong></span> <span class='ocrx_word' id='word_1_791' title='bbox 3599 5086 3720 5140; x_wconf 69' lang='lat' dir='ltr'><strong>Ca:-</strong></span> 
     </span>
    </p>
   </div>
   <div class='ocr_carea' id='block_1_108' title="bbox 2130 5179 3722 5256">
    <p class='ocr_par' dir='ltr' id='par_1_108' title="bbox 2130 5179 3722 5256">
     <span class='ocr_line' id='line_1_108' title="bbox 2130 5179 3722 5256; baseline -0.011 -6"><span class='ocrx_word' id='word_1_792' title='bbox 2130 5194 2273 5250; x_wconf 89' lang='lat' dir='ltr'><strong>saris</strong></span> <span class='ocrx_word' id='word_1_793' title='bbox 2312 5207 2452 5248; x_wconf 80' lang='lat' dir='ltr'><strong>uxor</strong></span> <span class='ocrx_word' id='word_1_794' title='bbox 2476 5191 2620 5246; x_wconf 89' lang='lat' dir='ltr'><strong>diem</strong></span> <span class='ocrx_word' id='word_1_795' title='bbox 2653 5189 2892 5254; x_wconf 90' lang='lat' dir='ltr'><strong>obierat,</strong></span> <span class='ocrx_word' id='word_1_796' title='bbox 2932 5187 3080 5242; x_wconf 89' lang='lat' dir='ltr'><strong>illam</strong></span> <span class='ocrx_word' id='word_1_797' title='bbox 3110 5183 3332 5256; x_wconf 82' lang='lat' dir='ltr'><strong>quidem</strong></span> <span class='ocrx_word' id='word_1_798' title='bbox 3363 5195 3541 5252; x_wconf 90' lang='lat' dir='ltr'><strong>usque</strong></span> <span class='ocrx_word' id='word_1_799' title='bbox 3580 5179 3722 5236; x_wconf 84' lang='lat' dir='ltr'><strong>adeo</strong></span> 
     </span>
    </p>
   </div>
   <div class='ocr_carea' id='block_1_109' title="bbox 2129 5271 3723 5353">
    <p class='ocr_par' dir='ltr' id='par_1_109' title="bbox 2129 5271 3723 5353">
     <span class='ocr_line' id='line_1_109' title="bbox 2129 5271 3723 5353; baseline -0.009 -11"><span class='ocrx_word' id='word_1_800' title='bbox 2129 5286 2318 5349; x_wconf 86' lang='lat' dir='ltr'><strong>coluit,</strong></span> <span class='ocrx_word' id='word_1_801' title='bbox 2355 5293 2415 5339; x_wconf 92' lang='lat' dir='ltr'><strong>ut</strong></span> <span class='ocrx_word' id='word_1_802' title='bbox 2442 5293 2496 5339; x_wconf 88' lang='lat' dir='ltr'><strong>et</strong></span> <span class='ocrx_word' id='word_1_803' title='bbox 2522 5283 2642 5353; x_wconf 86' lang='lat' dir='ltr'><strong>ejus</strong></span> <span class='ocrx_word' id='word_1_804' title='bbox 2674 5283 2888 5338; x_wconf 89' lang='lat' dir='ltr'><strong>cineres</strong></span> <span class='ocrx_word' id='word_1_805' title='bbox 2926 5279 2984 5334; x_wconf 89' lang='lat' dir='ltr'><strong>in</strong></span> <span class='ocrx_word' id='word_1_806' title='bbox 3022 5291 3152 5332; x_wconf 89' lang='lat' dir='ltr'><strong>arca</strong></span> <span class='ocrx_word' id='word_1_807' title='bbox 3184 5273 3458 5345; x_wconf 85' lang='lat' dir='ltr'><strong>argenteis</strong></span> <span class='ocrx_word' id='word_1_808' title='bbox 3499 5271 3723 5328; x_wconf 89' lang='lat' dir='ltr'><strong>laminis</strong></span> 
     </span>
    </p>
   </div>
   <div class='ocr_carea' id='block_1_110' title="bbox 2129 5366 3723 5443">
    <p class='ocr_par' dir='ltr' id='par_1_110' title="bbox 2129 5366 3723 5443">
     <span class='ocr_line' id='line_1_110' title="bbox 2129 5366 3723 5443; baseline -0.009 -7"><span class='ocrx_word' id='word_1_809' title='bbox 2129 5381 2366 5436; x_wconf 86' lang='lat' dir='ltr'><strong>obducta</strong></span> <span class='ocrx_word' id='word_1_810' title='bbox 2413 5378 2742 5440; x_wconf 86' lang='lat' dir='ltr'><strong>condiderit,</strong></span> <span class='ocrx_word' id='word_1_811' title='bbox 2789 5372 3194 5443; x_wconf 84' lang='lat' dir='ltr'><strong>insculptisque</strong></span> <span class='ocrx_word' id='word_1_812' title='bbox 3225 5370 3276 5423; x_wconf 90' lang='lat' dir='ltr'><strong>in</strong></span> <span class='ocrx_word' id='word_1_813' title='bbox 3304 5383 3370 5424; x_wconf 85' lang='lat' dir='ltr'><strong>ea</strong></span> <span class='ocrx_word' id='word_1_814' title='bbox 3397 5366 3595 5423; x_wconf 88' lang='lat' dir='ltr'><strong>iambis</strong></span> <span class='ocrx_word' id='word_1_815' title='bbox 3620 5381 3723 5422; x_wconf 92' lang='lat' dir='ltr'><strong>cu-</strong></span> 
     </span>
    </p>
   </div>
   <div class='ocr_carea' id='block_1_111' title="bbox 2127 5459 3723 5546">
    <p class='ocr_par' dir='ltr' id='par_1_111' title="bbox 2127 5459 3723 5546">
     <span class='ocr_line' id='line_1_111' title="bbox 2127 5459 3723 5546; baseline -0.009 -18"><span class='ocrx_word' id='word_1_816' title='bbox 2127 5474 2442 5546; x_wconf 85' lang='lat' dir='ltr'><strong>juscunque</strong></span> <span class='ocrx_word' id='word_1_817' title='bbox 2484 5471 2673 5544; x_wconf 80' lang='lat' dir='ltr'><strong>ﬂagitii</strong></span> <span class='ocrx_word' id='word_1_818' title='bbox 2725 5470 2834 5525; x_wconf 85' lang='lat' dir='ltr'><strong>reis</strong></span> <span class='ocrx_word' id='word_1_819' title='bbox 2861 5483 2929 5526; x_wconf 88' lang='lat' dir='ltr'><strong>eo</strong></span> <span class='ocrx_word' id='word_1_820' title='bbox 2982 5462 3433 5536; x_wconf 77' lang='lat' dir='ltr'><strong>confugientibus</strong></span> <span class='ocrx_word' id='word_1_821' title='bbox 3461 5460 3595 5531; x_wconf 82' lang='lat' dir='ltr'><strong>asyli</strong></span> <span class='ocrx_word' id='word_1_822' title='bbox 3627 5459 3723 5528; x_wconf 86' lang='lat' dir='ltr'><strong>jus</strong></span> 
     </span>
    </p>
   </div>
   <div class='ocr_carea' id='block_1_112' title="bbox 417 5555 2024 5643">
    <p class='ocr_par' dir='ltr' id='par_1_112' title="bbox 417 5564 2024 5643">
     <span class='ocr_line' id='line_1_112' title="bbox 417 5564 2024 5643; baseline -0.002 -22"><span class='ocrx_word' id='word_1_823' title='bbox 417 5567 561 5643; x_wconf 79' lang='grc' dir='ltr'><strong>μένῃ</strong></span> <span class='ocrx_word' id='word_1_824' title='bbox 590 5570 690 5624; x_wconf 73' lang='grc' dir='ltr'><strong>καὶ</strong></span> <span class='ocrx_word' id='word_1_825' title='bbox 745 5569 1048 5638; x_wconf 83' lang='grc' dir='ltr'><strong>προνόμιον</strong></span> <span class='ocrx_word' id='word_1_826' title='bbox 1105 5564 1292 5620; x_wconf 79' lang='grc' dir='ltr'><strong>δοῦναι</strong></span> <span class='ocrx_word' id='word_1_827' title='bbox 1343 5565 1432 5619; x_wconf 81' lang='grc' dir='ltr'><strong>διὰ</strong></span> <span class='ocrx_word' id='word_1_828' title='bbox 1489 5565 1896 5636; x_wconf 78' lang='grc' dir='ltr'><strong>λελαξευμένων</strong></span> <span class='ocrx_word' id='word_1_829' title='bbox 1965 5567 2024 5619; x_wconf 85' lang='grc' dir='ltr'><strong>ἐν</strong></span> 
     </span>
    </p>
   </div>
   <div class='ocr_carea' id='block_1_113' title="bbox 2111 5555 3724 5643">
    <p class='ocr_par' dir='ltr' id='par_1_113' title="bbox 2132 5555 3724 5628">
     <span class='ocr_line' id='line_1_113' title="bbox 2132 5555 3724 5628; baseline -0.008 -7"><span class='ocrx_word' id='word_1_830' title='bbox 2132 5565 2517 5622; x_wconf 89' lang='lat' dir='ltr'><strong>constituerit:</strong></span> <span class='ocrx_word' id='word_1_831' title='bbox 2574 5564 2824 5619; x_wconf 80' lang='lat' dir='ltr'><strong>Alexium</strong></span> <span class='ocrx_word' id='word_1_832' title='bbox 2877 5573 3027 5626; x_wconf 82' lang='lat' dir='ltr'><strong>vero,</strong></span> <span class='ocrx_word' id='word_1_833' title='bbox 3075 5558 3169 5628; x_wconf 86' lang='lat' dir='ltr'><strong>qui</strong></span> <span class='ocrx_word' id='word_1_834' title='bbox 3223 5555 3364 5610; x_wconf 87' lang='lat' dir='ltr'><strong>clam</strong></span> <span class='ocrx_word' id='word_1_835' title='bbox 3419 5561 3724 5609; x_wconf 76' lang='lat' dir='ltr'><strong>mutaverat</strong></span> 
     </span>
    </p>
   </div>
   <div class='ocr_carea' id='block_1_114' title="bbox 411 5653 2024 5735">
    <p class='ocr_par' dir='ltr' id='par_1_114' title="bbox 411 5658 2024 5735">
     <span class='ocr_line' id='line_1_114' title="bbox 411 5658 2024 5735; baseline -0.003 -17"><span class='ocrx_word' id='word_1_836' title='bbox 411 5665 559 5735; x_wconf 73' lang='grc' dir='ltr'><strong>αὐτῇ</strong></span> <span class='ocrx_word' id='word_1_837' title='bbox 587 5661 809 5734; x_wconf 75' lang='grc' dir='ltr'><strong>ἰάμϐων</strong></span> <span class='ocrx_word' id='word_1_838' title='bbox 824 5660 1056 5724; x_wconf 70' lang='grc' dir='ltr'><strong>ἀσυλίας</strong></span> <span class='ocrx_word' id='word_1_839' title='bbox 1085 5662 1196 5723; x_wconf 79' lang='grc' dir='ltr'><strong>τοῖς</strong></span> <span class='ocrx_word' id='word_1_840' title='bbox 1229 5660 1329 5728; x_wconf 78' lang='grc' dir='ltr'><strong>ἐφ’</strong></span> <span class='ocrx_word' id='word_1_841' title='bbox 1349 5659 1481 5722; x_wconf 76' lang='grc' dir='ltr'><strong>οἵοις</strong></span> <span class='ocrx_word' id='word_1_842' title='bbox 1508 5658 1708 5729; x_wconf 84' lang='grc' dir='ltr'><strong>δήποτε</strong></span> <span class='ocrx_word' id='word_1_843' title='bbox 1742 5659 2024 5731; x_wconf 81' lang='grc' dir='ltr'><strong>ἐγκλήμα-</strong></span> 
     </span>
    </p>
   </div>
   <div class='ocr_carea' id='block_1_115' title="bbox 2111 5653 3720 5735">
    <p class='ocr_par' dir='ltr' id='par_1_115' title="bbox 2133 5653 3720 5720">
     <span class='ocr_line' id='line_1_115' title="bbox 2133 5653 3720 5720; baseline -0.009 -6"><span class='ocrx_word' id='word_1_844' title='bbox 2133 5661 2383 5716; x_wconf 86' lang='lat' dir='ltr'><strong>ordinem</strong></span> <span class='ocrx_word' id='word_1_845' title='bbox 2424 5673 2488 5716; x_wconf 89' lang='lat' dir='ltr'><strong>ac</strong></span> <span class='ocrx_word' id='word_1_846' title='bbox 2522 5656 2891 5713; x_wconf 82' lang='lat' dir='ltr'><strong>mouasticum</strong></span> <span class='ocrx_word' id='word_1_847' title='bbox 2919 5653 3166 5710; x_wconf 83' lang='lat' dir='ltr'><strong>habiturn</strong></span> <span class='ocrx_word' id='word_1_848' title='bbox 3209 5655 3550 5720; x_wconf 80' lang='lat' dir='ltr'><strong>susceperat,</strong></span> <span class='ocrx_word' id='word_1_849' title='bbox 3591 5659 3720 5702; x_wconf 89' lang='lat' dir='ltr'><strong>cum</strong></span> 
     </span>
    </p>
   </div>
   <div class='ocr_carea' id='block_1_116' title="bbox 1726 5755 2402 5813">
    <p class='ocr_par' dir='ltr' id='par_1_116' title="bbox 1726 5755 2402 5813">
     <span class='ocr_line' id='line_1_116' title="bbox 1726 5755 2402 5813; baseline 0.006 -6"><span class='ocrx_word' id='word_1_850' title='bbox 1726 5755 1958 5810; x_wconf 69' lang='lat' dir='ltr'><strong>\‘AlilJE</strong></span> <span class='ocrx_word' id='word_1_851' title='bbox 1997 5755 2402 5813; x_wconf 58' lang='lat' dir='ltr'><strong>LEC&#39;I‘IONES.</strong></span> 
     </span>
    </p>
   </div>
   <div class='ocr_carea' id='block_1_117' title="bbox 493 5846 1463 5920">
    <p class='ocr_par' dir='ltr' id='par_1_117' title="bbox 493 5846 1463 5920">
     <span class='ocr_line' id='line_1_117' title="bbox 493 5846 1463 5920; baseline -0.003 -13"><span class='ocrx_word' id='word_1_852' title='bbox 493 5851 536 5885; x_wconf 77' lang='lat'>&quot;</span> <span class='ocrx_word' id='word_1_853' title='bbox 557 5852 781 5920; x_wconf 58' lang='lat' dir='ltr'><strong>inim;</strong></span> <span class='ocrx_word' id='word_1_854' title='bbox 811 5849 869 5905; x_wconf 75' lang='grc' dir='ltr'><strong>Ρ.</strong></span> <span class='ocrx_word' id='word_1_855' title='bbox 956 5851 1000 5882; x_wconf 78' lang='grc'><strong>’⁸</strong></span> <span class='ocrx_word' id='word_1_856' title='bbox 1022 5846 1368 5920; x_wconf 74' lang='grc' dir='ltr'><strong>αἰκιζόμενος</strong></span> <span class='ocrx_word' id='word_1_857' title='bbox 1401 5847 1463 5909; x_wconf 72' lang='grc'><strong>1³.</strong></span> 
     </span>
    </p>
   </div>
   <div class='ocr_carea' id='block_1_118' title="bbox 2928 5958 2958 5968">
    <p class='ocr_par' dir='ltr' id='par_1_118' title="bbox 2928 5958 2958 5968">
     <span class='ocr_line' id='line_1_118' title="bbox 2928 5958 2958 5968; baseline 0 0"><span class='ocrx_word' id='word_1_858' title='bbox 2928 5958 2958 5968; x_wconf 51' lang='grc' dir='ltr'><strong><em>Α</em></strong></span> 
     </span>
    </p>
   </div>
  </div>
