4200 6476
517 348 618 412 123

1607 338 2118 403 THEOPHANES
2156 339 2715 404 CONTINUATUS.

3686 336 3787 403 124

513 458 661 513 nulla
693 455 744 510 vi
777 464 870 509 aut
900 451 1154 508 suasione
1182 450 1252 505 ab
1298 449 1551 505 instituto
1576 461 1762 520 posset
1794 450 2087 512 deducere,

2213 466 2277 504 τιν
2305 450 2614 523 ἀνθρώποις
2666 450 2890 505 ἁλοῦσιν
2914 452 3011 505 καὶ
3042 449 3453 523 προσφυγοῦσιν
3498 453 3615 507 ἐκεῖ
3646 469 3661 485 ο
3692 455 3788 508 τὸν

514 564 657 621 :rgre
683 548 802 617 ejus
838 544 1187 600 consectandi
1220 543 1438 598 veniam
1479 543 1630 607 iecit,
1670 542 1856 597 multis
1893 555 2096 611 expro-

513 645 681 699 brans
716 640 874 711 109
901 636 1053 710 quod
1096 652 1281 691 secum
1324 645 1380 691 et
1422 636 1476 690 in
1513 636 1637 691 aula
1668 635 1877 690 versari
1905 633 2095 698 nollet,

516 735 610 790 sed
634 734 906 788 obscurus
938 739 992 785 et
1028 730 1081 784 in
1113 729 1315 799 angulo
1343 728 1529 782 mallet
1563 727 1729 781 vitam
1763 740 1948 797 agere.
2009 724 2098 779 ld-

514 829 662 883 circo
717 826 929 898 regium
981 823 1379 882 monasterium
1412 821 1480 876 ad
1515 820 1900 891 Chrysopolim
1928 820 1976 875 ei
2009 820 2100 875 tri-

515 919 683 985 buit;
722 918 790 972 ad
854 918 969 973 hrec
1032 917 1196 970 etiam
1255 914 1509 979 tloriarii,
1568 921 1624 967 et
1664 915 1807 982 quod
1854 920 1973 971 erat
2030 913 2100 966 ad

517 1010 744 1066 Elaeam.
802 1007 877 1066 At
907 1022 1038 1063 vero
1071 1022 1199 1062 cum
1233 1007 1287 1061 in
1341 1005 1801 1077 Chrysopolitano
1853 1018 2099 1059 commo-

518 1107 758 1163 raretur,
807 1112 872 1157 ac
907 1096 1244 1168 quandoque
1290 1095 1594 1153 commoda:
1636 1093 2100 1149 deambulationis

519 1206 689 1246 causa
719 1192 786 1246 ad
828 1189 1010 1246 locum
1053 1187 1332 1244 Anthemii
1360 1186 1590 1253 dictum,
1619 1186 1689 1242 ad
1719 1186 2102 1241 Armamenta-

520 1283 666 1338 rium
734 1290 866 1336 tunc
918 1280 1335 1349 imperatorium
1389 1285 1770 1348 spectantem,
1835 1278 2100 1341 venisset,

522 1389 710 1430 secum
742 1379 1005 1443 reputans
1036 1370 1251 1441 singula
1289 1384 1520 1441 quaeque
1547 1369 1877 1429 monasteria
1908 1370 2101 1425 condi—

523 1477 705 1523 torum
738 1466 960 1521 nomina
983 1463 1145 1518 viridi
1179 1478 1397 1533 semper
1432 1478 1497 1519 ac
1519 1463 1812 1518 immortali
1837 1464 2101 1518 memoria

522 1571 781 1621 servare,
844 1555 1136 1625 impetrato
1211 1554 1561 1624 imperatoris
1617 1554 1877 1610 mandato
1947 1553 2102 1607 illum

522 1662 776 1704 coemere
828 1646 1065 1714 statuit,
1123 1646 1321 1716 suique
1374 1646 1516 1716 juris
1572 1645 1779 1701 factum
1823 1654 2105 1701 exstructo

2208 544 2444 613 Ἀλὲξιον
2463 546 2519 598 δὲ
2554 546 2729 617 λάθρα
2767 546 3207 616 μεταταξάμενον
3238 546 3324 618 ['P.
3355 544 3446 618 68]
3475 547 3572 601 καὶ
3601 548 3662 600 τὸ
3693 566 3791 618 μο-

2197 640 2419 709 ναχικδν
2448 639 2979 710 μεταμφιασάμενον
3009 638 3249 709 ἕσθημα,
3277 638 3401 691 ἐπεὶ
3450 638 3526 709 μὴ
3556 638 3790 709 ἠδύνατο

2198 734 2383 785 πεῖσαι
2409 733 2503 784 τοῦ
2535 731 2699 785 πάλιν
2727 730 2862 785 αὐτὸ
2880 730 3194 793 ἀποϐαλεῖν,
3222 730 3379 799 μόλις
3409 731 3788 801 συγχωρῆσαι.

2197 824 2416 887 πολλοῖς
2442 824 2668 877 ὀνείδεσι
2700 821 3012 891 περιϐαλὼν
3035 818 3117 885 οἷς
3138 822 3199 875 οὐ
3226 821 3349 891 μετ’
3373 821 3542 874 αὐτοῦ
3569 821 3791 891 ἐκρινεν

2199 912 2366 981 εἶναι,
2396 916 2511 968 ἀλλ’
2544 918 2602 969 ἐν
2628 914 2970 985 παραϐύστῳ
2999 931 3104 967 που
3127 915 3221 967 καὶ
3252 914 3443 983 γωνίᾳ.
3483 912 3651 965 Ὅθεν
3677 911 3794 965 ἐδί-

2197 1010 2290 1063 δου
2322 1008 2495 1079 τούτῳ
2516 1008 2727 1079 δωρεάν
2768 1008 2831 1060 τό
2877 1024 2935 1060 τε
2970 1005 3109 1060 κατὰ
3132 1005 3482 1076 Χρυσόπολιν
3502 1003 3790 1075 βασιλικὸν

2204 1103 2589 1173 μοναστήριον,
2620 1101 2845 1172 προσέτι
2873 1100 2979 1171 μὴν
2998 1100 3092 1153 καὶ
3114 1099 3174 1152 τδ
3196 1097 3291 1153 τοῦ
3318 1098 3574 1168 Βυρσέως
3607 1096 3706 1150 καὶ
3726 1097 3793 1149 τδ

2200 1191 2296 1246 τοῦ
2341 1191 2483 1246 κατὰ
2513 1192 2604 1246 τὸν
2649 1192 2889 1244 Ἐλαίαν.
2935 1189 3077 1244 Ἀλλ’
3106 1190 3316 1252 ἐκεῖνος
3365 1186 3444 1259 τῷ
3492 1185 3637 1241 κατὰ
3683 1186 3789 1256 τὴν

2201 1284 2543 1357 Χρυσόπολιν
2579 1285 2693 1337 ὄντι
2722 1281 3158 1353 ἐνδιαιτώμενος,
3184 1281 3308 1335 ἐπεί
3328 1298 3457 1335 ποτε
3483 1279 3793 1349 περιπάτου

2201 1378 2396 1449 ἐδεήθη
2420 1378 2512 1431 καὶ
2546 1377 2690 1431 κατὰ
2717 1377 2807 1429 τὺν
2847 1374 3128 1444 Ἀνθεμίου
3147 1377 3311 1427 τόπον
3333 1374 3569 1441 ἐγένετο,
3632 1371 3794 1441 βασι-

2203 1469 2374 1523 λικῶν
2391 1467 2692 1538 τηνικαῦτα
2719 1467 3053 1537 τυγχάνοντα
3104 1466 3213 1520 τῶν
3250 1466 3571 1534 μαγγόινων,
3605 1462 3796 1531 ελεγεν

2203 1561 2260 1616 δὲ
2287 1562 2362 1625 ὡς
2397 1560 2632 1614 ἕκαστον
2652 1560 2761 1613 τῶν
2796 1558 3063 1625 σεμνείων
3092 1558 3202 1611 τῶν
3230 1556 3663 1625 οίκοδομούντων
3692 1556 3796 1623 φέ-

2210 1669 2293 1724 ρει
2317 1651 2418 1723 τὴν
2446 1651 2636 1721 κλῆσιν
2658 1651 2946 1714 ἀθάνατον,
2978 1650 3152 1703 εἵλετο
3179 1647 3366 1703 τοῦτον
3390 1648 3479 1701 διά
3504 1646 3795 1716 βασιλικῆς

522 1739 861 1796 monasterio
898 1752 1191 1805 exornare;
1224 1737 1368 1807 quod
1397 1748 1452 1792 et
1483 1735 1785 1794 Theodore:
1816 1737 2100 1808 Augustae,

2213 1744 2555 1816 προστάξεως
2585 1740 2957 1812 ἐξωνήσασθαι
2982 1744 3075 1796 καὶ
3096 1742 3227 1796 ἴδιον
3258 1739 3689 1796 κατασκευάσαι.
3726 1737 3798 1789 ’0

526 1830 678 1887 illius
738 1846 931 1887 socrus
982 1844 1108 1900 ope,
1171 1844 1495 1885 concessum
1546 1839 1650 1886 est.
1715 1828 1864 1885 Loco
1920 1830 2105 1901 itaque

2213 1807 2303 1889 καὶ
2332 1807 2548 1902 διά-τῆς
2574 1807 2843 1902 βασιλίδος
2866 1830 3154 1902 Θεοδὼρας
3203 1830 3443 1899 ἐγένετο,
3484 1827 3587 1897 τῆς
3626 1825 3797 1880 αὐτοῦ

524 1924 756 1996 pulchre
790 1923 1038 1980 aediﬁciis
1087 1934 1282 1977 ornato
1316 1923 1479 1993 inque
1511 1922 1831 1978 monasterii
1866 1923 2102 1979 formam

526 2031 803 2086 usumque
849 2016 1204 2086 composito,
1262 2014 1375 2070 illic
1438 2014 1555 2084 ipse
1612 2014 1796 2069 vivere
1847 2014 2104 2070 desinens

528 2109 789 2163 humatus
812 2114 914 2174 est;
942 2106 1172 2177 ejusque
1197 2107 1343 2176 quod
1369 2105 1573 2162 dictum
1598 2120 1628 2160 a
1653 2106 1812 2161 nobis
1833 2114 1917 2161 est
1941 2105 2103 2160 ﬁdem

527 2198 661 2253 facit
711 2213 838 2253 cum
887 2197 1036 2254 illius
1093 2198 1435 2269 sepulcrum,
1498 2206 1614 2253 tum
1677 2214 1798 2268 quae
1856 2197 1987 2252 olim
2035 2214 2102 2253 ex

527 2289 650 2358 ejus
707 2287 933 2342 nomine
984 2286 1097 2342 illic
1133 2289 1311 2357 posita
1342 2288 1523 2358 imago
1566 2296 1669 2342 est.
1720 2286 1863 2353 Quin
1897 2296 1952 2341 et
1985 2287 2105 2357 ejus

529 2392 823 2445 germanus
883 2374 1234 2430 Theodosius
1285 2390 1458 2446 prope
1520 2375 1776 2430 conditus
1824 2384 1945 2441 est,
2008 2376 2103 2446 qui

528 2463 814 2535 patriciam
876 2462 1198 2534 dignitatem
1259 2471 1590 2518 consecutus
1660 2462 1833 2518 multa
1886 2465 2106 2531 optima:

528 2556 654 2611 vita:
686 2572 800 2611 sua:
832 2555 1161 2610 documenta
1198 2554 1251 2608 'm
1286 2570 1350 2608 eo
1379 2554 1714 2609 monasterio
1751 2554 2067 2625 reliquerat.

603 2649 692 2706 i9.
763 2646 935 2703 Porro
996 2647 1264 2717 Agarenis
1318 2646 1721 2717 ingruentibus,
1776 2647 2107 2716 illorumque

530 2741 671 2796 duce
709 2738 948 2796 lbraimo
979 2755 1105 2794 cum
1139 2738 1326 2793 multis
1364 2738 1701 2809 myriadibus
1731 2739 1783 2793 in
1827 2740 2107 2799 Romanos

530 2832 933 2902 expeditionem
976 2840 1253 2895 mon-nte,
1300 2827 1634 2898 Theophilus
1668 2846 1888 2902 quoque
1923 2836 2107 2906 magni

532 2924 701 2979 animi
741 2924 1010 2993 fortisque
1055 2922 1268 2976 laudem
1328 2921 1594 2984 ambiens,
1649 2936 1750 2977 nec
1806 2924 2107 2995 quidquam

529 3012 785 3069 timidum
823 3021 919 3067 aut
958 3012 1124 3066 melle
1170 3011 1356 3065 animo
1409 3026 1654 3075 versans,
1701 3015 2105 3083 expeditionem

2203 1924 2493 1996 πενθερᾶς.
2529 1924 2694 1977 Ὅθεν
2723 1922 2903 1986 καλῶς
2933 1922 3371 1991 ἐποικοδομήσας
3401 1919 3499 1973 καὶ
3526 1918 3608 1981 είς
3631 1934 3802 1988 μονα-

2203 2018 2360 2090 χικὴν
2386 2017 2538 2085 τάξιν
2554 2016 2778 2085 ἀγαγὼν
2799 2018 2975 2069 ἐκεῖσε
2991 2016 3081 2069 τὸν
3103 2015 3219 2086 βίον
3238 2013 3589 2085 ἐκλιμπάνων
3610 2012 3797 2082 ἐτέθη.

2202 2111 2293 2164 τὸν
2337 2110 2509 2179 τάφον
2566 2109 2662 2162 καὶ
2706 2108 2807 2179 τὴν
2853 2107 3021 2163 αὐτοῦ
3050 2106 3257 2162 ἄνωθεν
3301 2106 3800 2176 ἐπιγεγραμμένην

2204 2203 2393 2256 εἰκόνα
2425 2201 2680 2271 μάρτυρα
2714 2199 2853 2271 ἔχων
2883 2199 2991 2252 τῶν
3028 2199 3360 2269 λεγομένων.
3417 2198 3491 2251 Οὐ
3519 2195 3627 2267 μὴν
3658 2194 3801 2248 ἀλλὰ

2203 2297 2301 2348 καὶ
2344 2295 2374 2347 ό
2434 2293 2628 2346 τούτου
2687 2291 2917 2362 ἀδελφὸς
2968 2292 3247 2355 Θεοδόσιος
3286 2290 3516 2362 πλησίον
3560 2287 3801 2342 τέθειται

2205 2386 2396 2451 αὐτοῦ,
2416 2384 2727 2455 πατρικίων
2754 2385 2889 2453 τιμῇ
2944 2382 3356 2452 ἔγκαταλεγεὶς,
3390 2380 3563 2435 πολλὰ
3594 2378 3805 2449 γνωρί-
3888 2432 3891 2433 ,

2208 2497 2394 2551 σματα
2418 2481 2519 2549 τῆς
2542 2476 2711 2530 αὐτοῦ
2739 2474 2972 2547 ἀρίστης
3000 2474 3239 2546 βιώσεως
3267 2477 3327 2529 ἐν
3348 2473 3428 2545 τῷ
3450 2473 3803 2546 μοναστηρίῳ

2206 2570 2548 2627 καταλιπών.

2279 2662 2364 2718 ιθ’.
2403 2662 2768 2733 Ἐγκειμένων
2797 2663 2854 2716 δέ
2883 2661 2992 2715 τῶν
3036 2661 3355 2732 Ἀγαρηνῶν
3384 2660 3480 2713 καὶ
3511 2657 3649 2729 μετὰ
3670 2656 3803 2711 πολ-

2206 2755 2321 2809 λῶν
2347 2755 2623 2827 μυριάδων
2652 2754 2747 2809 τοῦ
2790 2756 3024 2827 Ἰϐραὴμ
3050 2736 3193 2808 κατὰ
3230 2753 3521 2824 Ῥωμαίων
3560 2754 3801 2821 ἐκστρα-

2206 2850 2476 2915 τεύοντος,
2525 2848 2620 2903 καλ⁵
2646 2851 2675 2903 ὁ
2704 2849 2964 2918 Θεόφιλος
3000 2848 3165 2919 ἔρωτι
3203 2846 3517 2916 φιλοτιμίας
3548 2846 3643 2899 καὶ
3666 2862 3798 2914 γεν-

2208 2945 2488 3012 ναιότητος
2518 2942 2613 2996 ἐπὶ
2638 2942 2876 3013 πόλεμον
2922 2941 3143 3009 ἔξεισιν,
3184 2940 3446 3009 ἄνανδρον
3495 2938 3648 2993 οὐδὲν
3681 2938 3802 2991 οὐδὲ

2213 3032 2457 3102 μαλακὸν
2483 3031 2680 3085 ἐννοῶν
2727 3047 2742 3063 ο
2777 3034 2825 3085 εί
2855 3032 2963 3099 γάρ
2983 3048 3035 3083 τι
3083 3031 3175 3083 καὶ
3224 3029 3345 3092 δέος
3374 3029 3610 3098 προσῆν,
3670 3027 3789 3083 ἀλλ’

529 3116 585 3161 et
620 3106 737 3176 ipse
767 3105 1018 3175 suscipit.
1054 3104 1193 3157 Nam
1236 3103 1338 3157 etsi
1387 3104 1599 3158 timoris
1642 3104 1848 3175 aliquid
1908 3107 2104 3177 inerat,

2213 3127 2250 3196 ἡ
2272 3124 2379 3179 τῶν
2403 3126 2499 3178 σὺν
2529 3123 2677 3193 αὐτῷ
2705 3123 2915 3194 ἀνδρῶν
2946 3120 3089 3176 κατὰ
3120 3120 3394 3191 πολέμους
3425 3119 3595 3190 πεῖρά
3618 3137 3680 3174 τε
3705 3109 3803 3175 καὶ

531 3212 760 3253 suorum
800 3206 983 3251 tamen
1038 3196 1115 3249 rei
1168 3195 1422 3249 militaris
1472 3196 1665 3265 peritia
1720 3205 1776 3253 et
1822 3199 2017 3266 virtus,
2054 3203 2108 3257 id

532 3297 800 3359 quantum
835 3298 977 3354 erat,
1026 3288 1188 3343 facile
1231 3289 1518 3343 avertebat
1561 3305 1627 3345 ac
1655 3293 1845 3361 procul
1875 3293 2114 3364 depelle-

533 3382 648 3436 bat.
722 3379 980 3435 Virorum
1044 3379 1201 3433 alteri
1268 3379 1680 3450 Theophobus,
1739 3383 1898 3455 llo
1959 3386 2115 3444 alteri

534 3473 750 3528 Manuel
815 3489 1013 3528 nomen
1077 3481 1219 3529 erat.
1290 3473 1460 3529 Porro
1518 3474 1735 3538 Manuel
1796 3479 2117 3538 fortitudine

534 3565 849 3636 spectabilis
884 3566 1017 3637 ipsis
1059 3582 1278 3636 quoque
1325 3567 1578 3624 hostibus
1626 3569 1901 3627 universis
1954 3582 2116 3629 notus

536 3665 676 3713 erat.
735 3659 815 3714 Ex
844 3659 1123 3714 Armeniis
1162 3675 1401 3729 namque
1432 3670 1607 3725 ortus,
1660 3660 1842 3718 Leone
1876 3664 2116 3734 impera-

538 3761 658 3806 tore
695 3751 1055 3806 Orientalium
1107 3752 1283 3821 copiis
1329 3752 1642 3822 przeluerat,
1692 3755 2118 3826 decessorisque

537 3843 659 3915 ejus
705 3843 987 3899 Michaelis
1042 3845 1371 3915 equisonum
1432 3848 1712 3917 princeps,
1771 3863 1935 3919 quem
1988 3864 2117 3919 pro-

538 3946 890 3995 tostratorem
918 3947 1136 4007 vocant,
1166 3940 1467 3996 exstiterat.
1497 3939 1571 3995 De
1595 3940 1929 4012 Theophobo
1952 3946 2114 3998 etiam

538 4029 853 4096 dicendum,
897 4031 1041 4086 unde
1083 4038 1139 4086 et
1191 4032 1470 4101 quomodo
1514 4048 1581 4087 ex
1614 4032 1905 4088 Persarum
1949 4034 2118 4105 stirpe

540 4136 702 4181 natus
734 4126 789 4181 in
824 4127 1174 4197 imperatoris
1204 4129 1456 4183 notitiam
1498 4128 1707 4183 venerit
1744 4129 1977 4201 ejusque
2012 4130 2116 4185 sibi

540 4234 788 4275 sororem
820 4221 1174 4275 matrimonio
1200 4220 1467 4291 junxerit.
1523 4221 1764 4288 Quidam
1795 4224 1947 4294 regia
1980 4224 2115 4278 Per-

538 4327 725 4366 sarum
772 4320 923 4368 satus
965 4311 1217 4383 prosapia
1249 4312 1545 4383 aliquando
1581 4311 1794 4383 Cpolim
1827 4313 2115 4386 fungendae

538 4405 825 4477 legationis
867 4414 1033 4462 causa
1071 4412 1317 4460 venerat.
1364 4404 1416 4460 ls
1460 4419 1572 4459 non
1612 4420 1678 4460 ex
1711 4406 1954 4475 legitimo
1983 4422 2116 4462 con-

534 4468 708 4569 ju‘qio,
743 4498 839 4553 sed
872 4497 1092 4552 occulto
1120 4496 1418 4552 concubitu
1459 4506 1719 4562 suscepto
1753 4468 2110 4567 Theophobn,
2140 4468 2194 4530 D

540 4591 679 4645 urbe
719 4588 996 4644 discessit.
1045 4587 1317 4654 Quoniam
1370 4596 1553 4642 autem
1585 4588 1729 4658 apud
1774 4588 1973 4644 Persas
2026 4591 2113 4645 in-

537 4679 783 4735 violabili
824 4679 950 4748 jure
992 4679 1078 4732 lex
1130 4679 1361 4745 obtinet,
1407 4694 1606 4735 cavens
1640 4680 1851 4737 scilicet
1888 4696 1957 4737 η,
1991 4682 2115 4751 (παῖε

540 4774 703 4828 aliter
732 4773 887 4843 regni
928 4788 1155 4842 compos
1211 4772 1497 4837 efﬁciatur,
1543 4789 1707 4843 quam
1765 4774 1811 4829 si
1855 4790 1922 4830 ex
1966 4775 2117 4845 regia

541 4873 698 4919 ortus
744 4863 913 4934 stirpe
966 4865 1057 4929 sit,
1107 4864 1379 4934 regiaeque
1407 4864 1644 4919 familiae
1684 4865 1785 4919 viri
1842 4867 2118 4924 continuis

541 4958 702 5014 bellis
731 4973 796 5013 ac
823 4959 1089 5029 Agar-etiis
1125 4958 1233 5013 huc
1262 4958 1392 5013 illuc
1430 4961 1589 5015 sedes
1620 4969 1835 5016 mutare
1871 4965 2112 5031 cogenti-

542 5052 648 5107 bus
681 5066 746 5106 ac
769 5051 1101 5122 pellentibus
1125 5051 1462 5117 defecerant,
1490 5067 1725 5123 cumque
1750 5053 1956 5124 alioqui
1976 5055 2118 5125 apud

541 5157 641 5196 eos
679 5141 773 5211 qui
814 5140 1057 5196 Persidis
1089 5142 1368 5213 regionem
1397 5142 1673 5208 colebant,
1711 5143 1918 5198 multus
1957 5144 2025 5199 de
2053 5159 2120 5199 eo

544 5249 731 5288 rumor
758 5234 1181 5303 percrebuisset,
1210 5250 1333 5290 esse
1351 5236 1642 5304 quemdam
1668 5233 1913 5306 Byzantii
1937 5233 2119 5291 Theo-

546 5327 787 5396 phohum
853 5329 1076 5383 nomine
1147 5330 1333 5400 (quem
1407 5330 1583 5397 ipsum
1655 5344 1934 5384 rumorem
1999 5329 2122 5399 ejus

549 5426 679 5471 tunc
716 5429 868 5489 pater
911 5421 1233 5491 sparserat),
1281 5421 1458 5476 visum
1490 5429 1575 5477 est
1614 5420 1906 5476 Persarum
1939 5430 2121 5478 satra-

548 5510 634 5578 pis
668 5525 732 5565 ac
770 5514 1090 5580 proceribus
1145 5514 1359 5571 occulte
1407 5514 1674 5585 quosdam
1734 5513 1971 5578 mittere,
2028 5516 2121 5585 qui

551 5613 667 5653 rem
697 5601 985 5670 diligenter
1019 5604 1381 5673 inquirerent.
1420 5606 1482 5660 lli
1508 5607 1696 5675 itaque
1719 5606 1785 5660 ad
1815 5605 2121 5662 Romanum

2216 3219 2531 3290 γενναιότης
2553 3217 2829 3288 ἀπέτρεπε
2854 3214 3012 3268 τοῦτο
3041 3215 3135 3269 καὶ⁵
3152 3214 3343 3285 πόρρω
3372 3231 3466 3268 ποι
3490 3214 3805 3286 ἐναπέπεμο

2217 3329 2307 3364 πε.
2366 3308 2633 3379 Θεόφοϐος
2684 3306 2735 3361 οἰ
2794 3306 2986 3376 ἄνδρες
3031 3307 3129 3360 καὶ
3172 3307 3431 3377 Μανουὴλ
3488 3307 3802 3361 ἐκαλοῦντο.

2230 3400 2371 3453 Ἀλλ’
2396 3402 2423 3453 ὁ
2440 3397 2700 3471 Μανουὴλ
2730 3398 2773 3429 ²¹
2805 3397 2978 3461 δεινὸς
3003 3399 3092 3450 ἐπ’
3128 3397 3373 3468 ἀνδρεία,
3401 3398 3495 3452 καὶ
3509 3399 3621 3461 τοῖς
3644 3398 3805 3450 ἐναν-

2216 3491 2351 3554 τίοις
2378 3490 2552 3544 άπασι
2584 3490 2860 3559 γνώριμος
2884 3506 2899 3520 ο
2924 3488 2983 3556 ἐξ
3022 3487 3322 3561 Ἀρμενίων
3340 3489 3449 3560 γὰρ
3471 3489 3571 3560 τὴν
3591 3489 3805 3556 γένεσιν

2216 3578 2307 3655 ἦν,
2336 3584 2432 3636 καὶ
2463 3583 2557 3635 τοῦ
2584 3581 2819 3652 στρατοῦ
2850 3581 2961 3637 τῶν
3003 3581 3364 3635 Ἀνατολικῶν
3399 3581 3491 3634 ἐπί
3515 3579 3607 3634 τοῦ
3638 3580 3806 3635 Λέον-

2217 3689 2309 3736 τος
2345 3670 2777 3743 προηγούμενος,
2812 3670 2907 3724 καὶ
2935 3670 3029 3723 τοῦ
3054 3671 3159 3739 πρὸ
3200 3669 3365 3724 αὐτοῦ
3383 3670 3605 3740 Μιχαὴλ
3652 3670 3809 3722 ίππο.

2218 3763 2449 3835 κόμωνὸ
2475 3762 2693 3834 πρῶτος
2714 3779 2727 3793 ·
2762 3761 3228 3833 πρωτοστράτορα
3257 3760 3447 3814 τοῦτόν
3479 3777 3665 3829 φασιν.
3696 3762 3804 3829 Δη-

2220 3852 2384 3908 λώσει
2413 3852 2470 3907 δέ
2501 3853 2596 3907 καὶ
2623 3852 2715 3907 τὸν
2746 3851 3018 3920 Θεόφοϐον
3043 3852 3071 3903 ὁ
3101 3849 3278 3917 λόγος,
3309 3848 3432 3903 ὅθεν
3470 3866 3529 3903 τε
3547 3849 3641 3902 καὶ
3656 3848 3805 3910 ὅπως

2220 3948 2282 4000 ἐκ
2308 3944 2538 4017 Περσῶν
2565 3944 2943 4015 καταγόμενος
2967 3942 3046 4013 τῷ
3071 3942 3282 4014 βασιλεῖ
3314 3941 3505 4009 γέγονε
3529 3939 3806 4011 γνώριμος

2219 4040 2314 4093 καὶ
2352 4038 2449 4110 τὴν
2481 4038 2719 4109 ἀδελφὴν
2766 4036 2934 4091 αὑτοῦ
2998 4037 3077 4099 εἱς
3125 4035 3304 4105 γάμον
3348 4035 3651 4106 ἡρμόσατο.
3714 4032 3809 4095 Εἰς

2221 4130 2519 4202 πρεσϐείαν
2542 4130 2628 4192 τίς
2661 4145 2792 4182 ποτε
2820 4127 2930 4181 τῶν
2954 4129 3017 4181 ἐκ
3042 4128 3330 4197 βασιλικῆς
3362 4125 3551 4197 σειρᾶς
3584 4124 3810 4195 Περσῶν

2220 4222 2551 4290 ἀφικόμενος
2576 4206 2712 4290 πρὸς
2735 4216 2834 4289 τὴν
2852 4216 3284 4279 Κωνσταντίνου,
3316 4215 3419 4266 οὐκ
3466 4214 3531 4266 ἐκ
3574 4212 3810 4282 νομίμου

2226 4311 2543 4381 συναφείας,
2578 4308 2808 4380 κρυφίου
2841 4308 2897 4361 δέ
2927 4309 3021 4360 καὶ
3042 4306 3305 4377 λαθραίας
3329 4304 3518 4358 τοῦτον
3546 4301 3811 4373 γεννηθῆο

2219 4422 2305 4456 ναι
2334 4403 2564 4473 ποιήσας
2600 4399 3039 4469 ἐξαπεδήμησεν.
3099 4398 3253 4450 Ἐπεὶ
3273 4398 3330 4450 δὲ
3349 4396 3513 4466 νόμος
3538 4399 3649 4459 τοῖς
3675 4396 3814 4468 Πέρ-

2223 4511 2345 4557 σαις
2370 4491 2722 4562 ἀπαράϐατος
2754 4489 2838 4561 [Ρ.
2870 4488 2963 4560 69]
2999 4490 3073 4560 μή
3123 4505 3246 4541 τινα
3291 4491 3393 4561 τῆς
3448 4489 3581 4560 παρ’
3633 4488 3813 4543 αὐτῶν

2223 4586 2397 4657 ἀρχῆς
2428 4584 2671 4654 ἐγκρατῆ
2703 4581 2981 4651 γενέσθαι,
3007 4583 3055 4633 εί
3086 4580 3162 4652 μὴ
3200 4583 3301 4651 τῆς
3353 4581 3640 4652 βασιλικῆς
3678 4597 3810 4652 μετ-

2223 4679 2321 4748 έχῃ
2352 4677 2558 4745 σειρᾶς,
2587 4674 2831 4739 ἐξέλιπον
2847 4674 2904 4727 δέ
2933 4675 2998 4726 ἐκ
3030 4674 3139 4727 τῶν
3161 4674 3402 4744 συνεχῶν
3437 4673 3690 4743 πολέμων
3714 4689 3814 4741 καὶ

2222 4769 2348 4839 τῇδε
2366 4768 2586 4821 κάκεῖσε
2603 4764 3074 4836 μετασκηνώσεων
3091 4766 3195 4819 ὑπὸ
3208 4764 3637 4835 τῶνἈγαρηνῶν
3655 4764 3815 4817 ἐλαυ-

2226 4860 2442 4932 νόμενοι
2468 4861 2519 4913 οἱ
2551 4859 2652 4929 τῆς
2676 4858 2961 4929 βασιλικῆς
2982 4858 3176 4929 φυλῆς,
3213 4857 3351 4911 ἀλλὰ
3370 4856 3465 4910 καὶ
3494 4855 3651 4924 λόγος
3683 4857 3813 4925 ἐφέ-

2229 4970 2352 5023 ρετο
2374 4951 2539 5014 πολὺς
2566 4950 2695 5020 περὶ
2720 4948 2884 5004 αὐτοῦ
2912 4949 3064 5020 παρὰ
3107 4950 3217 5001 τῶν
3247 4949 3304 5000 ἐν
3340 4945 3570 5015 ’Περσίδι
3620 4946 3813 5015 μενόν-

2224 5062 2355 5109 των,
2384 5038 2512 5117 ὠςῇ
2543 5060 2626 5107 τις
2669 5043 2810 5096 κατὰ
2838 5043 2897 5095 τὸ
2921 5041 3212 5105 Βυζάντιον
3247 5040 3641 5108 ὠνομασμένος
3679 5039 3812 5093 Θεό·

2228 5139 2390 5210 φοϐος
2430 5136 2546 5209 (καλ⁵
2572 5135 2680 5208 γὰρ
2700 5132 2768 5207 ἦν
2792 5135 2967 5199 δοθεὶς
2996 5134 3042 5164 ²²
3070 5133 3176 5185 ὑπὸ
3201 5132 3296 5185 τοῦ
3320 5131 3622 5201 τηνικαῦτα
3654 5133 3809 5183 σπεί-

2229 5247 2422 5302 ραντος
2454 5228 2643 5282 τοῦτον
2667 5226 2919 5297 πατρὸς),
2957 5225 3106 5291 ἔδοξε
3131 5226 3243 5288 τοῖς
3263 5224 3509 5293 ἀρίστοις
3535 5224 3644 5277 τῶν
3666 5224 3807 5293 Περ-

2230 5324 2340 5376 σῶν
2384 5320 2572 5392 κρύφα
2620 5319 2775 5382 τινὰς
2831 5315 3112 5386 ἐκπέμψαι
3170 5317 3265 5369 τοῦ
3328 5316 3663 5386 ζητουμένου
3732 5319 3812 5379 εἰς

2230 5417 2480 5487 ἔρευναν.
2540 5413 2647 5466 Καὶ
2674 5413 2738 5481 δὴ
2765 5409 3164 5472 καταλαϐόντες
3206 5409 3603 5479 τὴνήμετέραν
3653 5407 3813 5477 μόγις

2231 5509 2419 5563 τοῦτόν
2450 5522 2581 5559 ποτε
2604 5507 2668 5574 τῇ
2715 5505 2885 5573 μητρὶ
2914 5501 3144 5555 συνόντα
3168 5504 3261 5555 καὶ
3287 5502 3429 5555 κατὰ
3458 5501 3556 5570 τὴν
3602 5499 3811 5565 Ὀξεῑαν

2232 5602 2648 5668 ὲνδιαιτὼμενον
2700 5595 3189 5668 προσεφεύρισκον.
3254 5597 3405 5649 Ἐπεὶ
3426 5595 3556 5665 γοῦν
3600 5595 3698 5647 οὐκ
3748 5592 3811 5645 ἔκ

1823 5695 2058 5749 VARIAﬂ
2110 5692 2509 5751 LECTlONES.

631 5785 671 5825 ³³
697 5788 723 5837 ὁ
756 5785 854 5851 μὲν
881 5784 1179 5853 Μανουὴλῖ
1258 5786 1587 5849 “animai;
1624 5803 1812 5857 margo
1841 5787 2087 5843 Combef.
