4200 6462
533 347 633 412 127

1595 342 2107 405 THEOPHANES
2135 344 2415 406 CONTIN
2425 346 2703 409 UATUS.

3705 346 3810 412 128

531 459 741 516 nos'ad
798 459 1001 516 bellum
1057 458 1482 529 procedentibus
1538 472 1661 513 eam
1722 456 2112 513 connumerari

2235 457 2459 528 πτόλεμον
2518 457 2727 523 ἐξιοῦσι
2794 460 3091 530 Ῥωμαίοις
3146 461 3288 515 κατὰ
3325 460 3436 514 τῶν
3487 460 3808 533 Ἀγαρηνῶν

527 553 717 623 jussit.

605 644 696 700 22.
758 642 855 700 His
899 658 1033 713 ergo
1089 641 1224 697 viris
1276 640 1448 696 fretus
1489 639 1849 711 Theophilus,
1878 640 2025 711 quod
2059 647 2114 694 et

536 739 674 793 alias
728 736 873 792 bello
940 744 1202 791 strenuos
1266 732 1465 798 sciret,
1514 734 1779 788 adversus
1830 731 2114 801 Agarenos

535 826 926 899 proﬁciscitur,
982 841 1109 881 cum
1159 834 1216 881 et
1263 824 1566 887 lbraemus.
1604 824 1682 879 uti
1745 823 1955 879 dictum
2004 832 2115 888 est,

540 920 698 991 113
752 919 918 974 etiam
976 918 1091 987 ipse
1146 918 1199 972 in
1252 932 1352 972 nos
1392 917 1674 972 movisset.
1739 916 1877 972 Cum
1929 916 2118 985 itaque

536 1009 842 1081 ambtejam
881 1010 1049 1073 acies,
1079 1024 1142 1063 ac
1175 1017 1288 1062 tum
1315 1008 1691 1079 Agarenorum
1718 1008 1974 1077 princeps
1999 1017 2116 1062 tum

526 1100 877 1172 Theophilus
906 1100 960 1154 in
986 1100 1168 1155 vicino
1195 1110 1403 1165 essent,
1428 1108 1683 1169 essetque
1712 1114 1801 1155 res
1827 1099 1881 1153 in
1914 1098 2121 1155 delibe-

524 1188 812 1251 rrationem
854 1204 1071 1259 vocata,
1124 1192 1387 1249 Manuelis
1416 1208 1482 1248 ea
1531 1194 1804 1250 sententia
1855 1191 1984 1259 fuit,
2031 1194 2120 1248 in-

538 1289 765 1360 dignum
805 1286 977 1342 videri
998 1286 1372 1341 Romanorum
1397 1286 1786 1356 imperatorem
1811 1300 1937 1341 cum
1969 1300 2121 1341 ame-

538 1393 811 1436 ramnune
865 1387 1119 1433 conserta
1176 1380 1294 1433 acie
1343 1392 1608 1447 pugnare;
1662 1392 1831 1432 unum
1882 1377 2119 1447 aliquem

539 1486 664 1527 cum
708 1481 861 1541 parte
910 1470 1185 1527 exercitus
1227 1471 1281 1524 in
1325 1484 1451 1525 eum
1491 1470 1918 1534 immittendum,
1959 1470 2125 1540 idque

2214 549 2404 620 ³ναριθ
2414 550 2635 621 μεῖσθαι
2668 551 2993 621 προσέταξε.

2286 640 2394 712 κβ’.
2418 641 2644 705 Τούτοις
2667 641 2799 711 γοῦν
2825 642 3189 715 τεθαρρηκὼς
3208 643 3238 696 6
3262 642 3542 715 Θεόφιλος,
3570 646 3690 698 ἐπεὶ
3713 646 3813 699 καὶ

2216 734 2394 797 ἄλλως
2421 734 2540 806 ⁴ᾔδει
2565 733 2791 798 τούτους
2820 734 3391 806 ἀνδραγαθιζομένους
3410 777 3425 801 ,
3462 738 3543 801 είς
3570 738 3813 806 πόλεμον

2217 832 2363 885 κατὰ
2386 829 2495 883 τῶν
2551 829 2871 900 Ἀγαρηνῶν
2911 828 3081 897 ἔξεισι
3116 833 3214 885 καὶ
3265 831 3361 885 τοῦ
3417 829 3649 903 Ἰϐραὴμ
3684 828 3813 884 καθ’

2217 921 2397 993 ἡμῶν,
2430 920 2507 985 ὡς
2535 921 2774 992 εἴρηται,
2802 920 3325 991 ἐκστρατεύσαντος.
3388 921 3653 992 Ἐπείπερ
3678 923 3815 991 γοῦν

2219 1014 2387 1083 ἐγγὺς
2415 1012 2664 1085 ἀλλήλων
2686 1014 2715 1067 ὃ
2742 1030 2803 1067 τε
2829 1013 2937 1068 τῶν
2970 1014 3308 1086 Σαρακηνῶν
3341 1014 3586 1085 ἀρχηγὸς
3619 1015 3814 1084 ἐγεγόο

2219 1122 2300 1159 νει
2330 1106 2426 1159 καὶ
2445 1106 2473 1159 6
2497 1105 2779 1175 Θεόφιλος,
2803 1106 2911 1159 ἐδει
2932 1105 2989 1160 δὲ
3011 1106 3108 1159 καὶ
3143 1105 3361 1178 βουλῆς,
3381 1107 3410 1157 6
3433 1106 3533 1178 μέν
3552 1107 3813 1180 Μανουὴλ

2220 1198 2280 1251 οὗ
2326 1195 2536 1251 δίκαιον
2590 1197 2759 1269 ἔφησε
2817 1197 3045 1268 βασιλέα
3087 1198 3383 1268 Ῥωμαίων
3435 1197 3576 1269 πρὸς
3601 1199 3815 1271 ἅμερα-

2226 1292 2430 1361 μνουνῆ
2451 1288 2577 1343 πολε
2586 1291 2731 1358 μεῖν,
2754 1289 2893 1343 ἀλλά
2908 1306 3030 1344 τινα
3065 1288 3131 1360 μέ
3140 1306 3238 1360 ρος
3259 1289 3495 1344 λαϐόντα
3515 1289 3625 1343 τῶν
3648 1307 3816 1361 στρα-

2222 1380 2495 1435 τιωτικῶν
2541 1381 2745 1446 ἐξιέναι
2798 1384 2940 1438 κατὰ
2965 1382 3264 1452 πρόσωπον
3301 1382 3414 1435 τῶν
3447 1381 3681 1453 ἐχθρῶν,
3717 1381 3815 1435 καὶ.

2224 1474 2342 1545 ἃμα
2400 1473 2520 1545 μεθ’
2551 1474 2771 1543 ἡμέραν
2802 1473 2965 1527 τοῦτο
2992 1476 3192 1539 ποιεῖν,
3220 1476 3249 1528 6
3276 1473 3552 1544 Θεὸφοϐος
3577 1473 3634 1527 δὲ
3671 1470 3815 1528 εἶναι

540 1562 777 1617 interdiu
830 1559 1190 1616 factitandum
1257 1577 1402 1618 esse.
1487 1561 1692 1617 Contra
1753 1560 2125 1631 TheOphobus

2235 1569 2331 1637 μὲν
2366 1568 2475 1621 ἐπι
2504 1567 2868 1639 παρατάξεως
2904 1567 2995 1622 τὸν
3028 1567 3253 1638 βασιλέα
3283 1569 3561 1633 ἐϐούλετο,
3595 1568 3819 1642 νύκτωρ

540 1662 867 1727 praesentem
917 1653 972 1708 in
1016 1655 1135 1712 acie
1168 1656 1554 1725 imperatorem
1602 1656 1798 1711 adesse
1834 1657 2121 1725 suadebat;

2235 1658 2283 1713 δὲ
2313 1659 2630 1730 ἐπιτεθῆναι
2660 1659 2846 1722 αὐτοῖς
2883 1660 3022 1729 μετὰ
3041 1658 3138 1714 τοῦ
3161 1659 3272 1713 τῶν
3303 1661 3530 1731 Περσῶν
3559 1656 3817 1728 πεζικοῦ,

544 1758 712 1804 noctu
761 1757 945 1806 tamen
991 1748 1455 1815 congrediendum
1483 1786 1499 1813 ,
1559 1748 1923 1817 impressione
1983 1746 2123 1804 facta

2235 1750 2322 1805 mi.
2371 1751 2463 1804 ὅτε
2516 1750 2681 1804 πάλιν
2720 1750 2986 1821 δεήσειεν,
3038 1750 3419 1805 ἐπικυκλῶσαι
3468 1752 3531 1805 τὸ
3569 1752 3821 1807 ἱππικόν.

543 1857 643 1913 per
675 1843 929 1900 Persicas
956 1842 1238 1914 pedestres
1268 1841 1477 1911 copias;
1525 1857 1591 1897 ac
1633 1852 1748 1898 tum
1784 1852 1971 1913 postea
1999 1858 2123 1898 cum

2241 1844 2383 1897 Ἀλλ’
2404 1844 2504 1897 οὐκ
2532 1843 2720 1896 ἔπεισε
2746 1843 2841 1897 τὸν
2867 1844 3115 1912 βασιλέα,
3138 1845 3403 1898 εἰπόντων
3428 1844 3661 1910 πολλῶν,
3687 1860 3827 1914 σφε-

543 1950 776 1992 necesse
808 1936 998 2003 fuerit,
1029 1943 1317 2005 equestres
1360 1945 1568 1991 turmas
1600 1944 1798 2005 praesto
1834 1934 1971 2002 lore,
2006 1952 2129 2006 quae

2235 1934 2581 2007 τεριζομένου
2605 1934 2650 1967 ’⁸
2672 1934 2767 1989 τοῦ
2796 1934 3071 2005 Θεοφόϐου
3097 1935 3196 2007 τὴν
3220 1934 3328 1989 τῶν
3356 1935 3647 2006 Ῥωμαίων
3662 1935 3826 2000 δόξαν

543 2024 801 2080 hostilem
840 2024 1141 2080 exercitum
1164 2032 1352 2080 essent
1380 2023 1746 2079 conclusum.
1785 2023 1989 2080 Verum
2018 2041 2128 2081 non

2235 2027 2327 2081 ml.
2355 2026 2445 2081 διὰ
2475 2025 2635 2080 τοῦτο
2661 2026 2992 2097 βουλομένου
3027 2028 3086 2081 ἐν
3139 2028 3299 2080 νυκτὶ
3348 2028 3612 2097 πολεμεῖν
3632 2044 3647 2060 ο
3682 2026 3828 2100 πλὴν

544 2116 825 2188 acquievit
854 2118 1179 2187 imperator,
1222 2115 1411 2171 multis
1455 2116 1661 2173 idcirco
1694 2133 1931 2189 pugnam
1964 2128 2127 2174 noctu

544 2209 943 2265 conserendam
992 2208 1229 2265 suadere
1269 2207 1666 2279 Theophobum
1697 2210 2031 2275 dicentibus,
2070 2218 2133 2266 ut

545 2299 651 2355 sibi
701 2301 806 2372 ipsi
855 2300 1231 2357 Romanorum
1284 2300 1592 2357 vindicaret
1625 2302 1879 2372 gloriam.
1927 2301 2131 2372 Aperto

546 2392 737 2464 itaque
764 2391 937 2448 Marte
963 2392 1243 2448 decretum
1286 2401 1345 2448 ut
1374 2408 1499 2448 cum
1533 2392 1691 2448 hoste
1731 2393 2133 2463 congrederen-

548 2491 662 2536 tur.
704 2481 974 2537 Caztcrum
1008 2482 1315 2547 lbraemus,
1358 2482 1627 2538 incertum
1656 2498 1787 2538 num
1822 2486 2133 2557 arrogantia

548 2574 751 2630 ductus
799 2590 867 2628 an
929 2574 1279 2645 imperatoris
1340 2585 1487 2630 metu
1553 2578 1921 2644 conterritus,
1982 2588 2135 2649 parte

548 2667 830 2722 exercitus
883 2677 1166 2737 assumpta
1210 2667 1461 2733 recessit,
1517 2668 1768 2724 immisso
1808 2670 2135 2726 Abucbazar

549 2774 679 2814 cum
738 2758 1019 2830 octoginta
1080 2759 1322 2814 millibus
1380 2769 1719 2815 armatorum
1778 2761 1845 2815 ad
1894 2777 2132 2832 pugnam

550 2852 974 2907 conserendam.
1044 2849 1145 2904 Diu
1207 2852 1466 2922 utrinque
1522 2852 1740 2906 fortiter
1789 2853 2133 2924 dimicatum;

552 2944 773 2999 tandem
821 2944 1023 3000 schola:
1064 2958 1190 2998 cum
1242 2944 1546 2999 domestico
1591 2944 1836 3000 adversa:
1862 2946 1999 3001 aciei
2032 2948 2136 3001 im-

551 3042 683 3105 petu
719 3043 922 3090 coacta:
960 3034 1155 3089 cedere
1189 3048 1253 3089 ac
1293 3035 1475 3104 fugam
1514 3033 1675 3089 inire.
1729 3032 1979 3105 Hincque
1999 3036 2134 3091 adeo

2232 2118 2410 2186 ἔδοξεν
2439 2119 2519 2182 είς
2544 2118 2856 2189 τούμφανὲς
2882 2117 3003 2189 μεθ’
3040 2118 3258 2190 ἡμέραν
3301 2117 3570 2190 συρρἦαι
3598 2117 3690 2173 τὸν
3722 2119 3827 2175 πό-

2232 2211 2289 2264 λε
2298 2227 2419 2280 μον.
2452 2210 2563 2264 Καὶ
2591 2213 2621 2262 6
2651 2211 2750 2281 μὲν
2778 2209 3035 2280 Ἰϐραὴμ,
3055 2212 3157 2264 εῖτ*
3183 2210 3361 2274 ἄλλως
3388 2209 3826 2276 καταλαζονευό-

2236 2318 2397 2373 μενος
2431 2302 2541 2356 εῐτε
2566 2302 2633 2374 δὴ
2661 2303 2757 2356 καὶ
2787 2302 2935 2373 φόϐῳ
2959 2302 3225 2373 βασιλέως
3257 2302 3827 2375 περιστοιχιζόμενος,

2237 2400 2406 2471 μέρος
2436 2397 2623 2452 λαϐὼν
2653 2396 2749 2451 τοῦ
2791 2397 3027 2470 στρατοῦ
3053 2396 3427 2469 ἀνεχώρησεν,
3477 2397 3827 2471 Ἀϐουχάζαρ

2233 2492 2293 2545 δέ
2325 2491 2463 2563 πρὸς
2491 2489 2582 2545 τὸν
2633 2490 2777 2544 κατὰ
2805 2490 3073 2561 βασιλέως
3099 2490 3339 2561 πόλεμον
3375 2490 3514 2560 μετὰ
3542 2490 3826 2561 μυριάδων

2235 2581 2380 2637 ὀκτὼ
2405 2579 2815 2647 ἐξαπέστειλεν,
2866 2579 2919 2634 οῖ
2957 2581 3054 2633 καὶ
3084 2579 3371 2650 καρτερῶς
3401 2582 3543 2650 ἄγαν
3569 2580 3831 2651 ἀνδρισα-

2240 2674 2417 2744 μένων
2446 2671 2778 2743 ἀμφοτέρων
2812 2672 2906 2725 ἐπὶ
2940 2671 3100 2735 πολὺ,
3136 2671 3220 2745 [Ρ.
3263 2672 3355 2745 71]
3386 2673 3543 2737 τέλος
3582 2672 3831 2728 ἐνδοῦναι

2235 2762 2336 2827 τὰς
2384 2762 2581 2833 σχολὰς
2633 2761 2776 2830 μετὰ
2826 2760 2921 2814 τοῦ
2955 2760 3280 2833 δομεστίκου
3333 2762 3427 2816 καὶ
3481 2763 3619 2834 πρὸς
3647 2762 3833 2834 φυγὴν

2235 2856 2513 2924 τραπῆναι
2560 2852 2934 2920 ἐξεϐιάσαντο.
2991 2853 3155 2908 Ὅθεν
3204 2856 3232 2908 6
3260 2853 3516 2925 βασιλεὺς
3547 2852 3687 2924 μετὰ
3729 2853 3838 2925 τῆς

2239 2946 2529 3017 βασιλικῆς
2558 2946 2836 3016 φάλαγγος
2858 2945 3071 2999 καὶδύο
3093 2944 3350 3015 χιλιάδων
3382 2945 3634 3017 Περσῶν,
3658 2962 3842 3018 προσ-

2238 3041 2392 3102 όντος
2449 3040 2659 3103 τούτοις
2713 3037 2940 3092 καὶτοῦ
2992 3037 3290 3107 Θεοφόϐου,
3319 3038 3415 3090 ἐπί
3442 3055 3587 3101 τινος
3641 3037 3841 3108 βουνοῦ

555 3131 854 3199 imperator
897 3143 1023 3183 cum
1069 3128 1295 3182 cohorte
1348 3127 1604 3197 praetoria
1649 3137 1705 3181 et
1737 3128 1955 3183 duobus
2003 3128 2134 3185 Per-

2246 3133 2510 3198 σέσωστο,
2537 3132 2630 3185 τὸν
2661 3132 2790 3201 περὶ
2818 3130 3001 3200 ψυχῆς
3031 3129 3278 3184 κίνδυνον
3309 3131 3684 3203 ὑφορώμενος.
3723 3134 3844 3187 Καὶ

554 3237 745 3277 sarum
797 3221 1061 3282 millibus.
1112 3236 1221 3275 una
1254 3221 1419 3275 etiam
1469 3220 1730 3288 adjuncto
1781 3219 2138 3291 Theophobo,

558 3318 616 3370 in
665 3314 860 3369 collem
905 3313 1199 3383 quemdam
1232 3310 1396 3367 saluti
1428 3321 1678 3367 metuens
1704 3312 1897 3368 evasit.
1932 3313 2144 3369 Acriter

558 3408 629 3462 ad
672 3420 960 3475 vesperam
1003 3420 1179 3475 usque
1223 3405 1371 3460 circa
1424 3404 1578 3459 illum
1632 3416 1959 3475 pugnatum,
2023 3407 2145 3463 aliis

559 3507 823 3569 capturos
865 3514 924 3554 se
973 3500 1357 3568 imperatorem
1408 3498 1835 3567 conlidentibus,
1892 3501 2015 3555 aliis
2061 3501 2147 3554 ul-

561 3590 900 3645 ciscentibus
946 3588 1107 3661 115
1149 3605 1250 3644 nec
1294 3604 1420 3644 eum
1462 3591 1694 3660 prodere
1723 3592 2143 3647 sustinentibus.

560 3682 735 3739 Nocte
780 3685 963 3752 itaque
1011 3682 1453 3752 superveniente,
1503 3682 1598 3753 qui
1642 3698 1769 3738 cum
1817 3683 2148 3754 imperatore

564 3783 743 3843 erant,
781 3774 1036 3829 simulata
1067 3775 1250 3844 gaudii
1279 3776 1459 3845 specie
1492 3785 1834 3845 perstrepere
1865 3776 2144 3840 manibus,

564 3868 933 3934 conclamare,
955 3869 1225 3940 cinnyris,
1250 3867 1493 3933 chordis,
1515 3868 1762 3938 aliasque
1788 3868 2147 3924 buccinarum

567 3963 750 4022 sonitu
775 3977 956 4019 aerem
1001 3964 1233 4034 strepitu
1291 3964 1543 4034 implere;
1594 3978 1704 4032 quo
1750 3963 2011 4017 nimirum
2061 3962 2148 4017 in-

567 4065 756 4128 gentes
782 4057 887 4113 sibi
920 4067 1114 4113 auctas
1144 4072 1273 4128 spes
1296 4058 1535 4128 novique
1566 4056 1797 4114 subsidii
1832 4057 2152 4127 opinionem

570 4148 946 4205 conterrendis
992 4150 1232 4204 hostium
1281 4150 1484 4205 animis
1528 4150 1861 4220 ingererent.
1903 4148 2059 4217 Quod
2098 4159 2156 4206 et

2244 3224 2374 3296 ἄχρι
2408 3225 2507 3295 μὲν
2558 3224 2798 3293 ἑσπέρας
2829 3223 3002 3285 πολὺς
3042 3218 3111 3294 ἦν
3162 3226 3190 3276 6
3224 3225 3352 3295 περὶ
3384 3225 3549 3279 αὐτὸν
3577 3224 3840 3296 πόλεμος,

2243 3314 2355 3367 τῶν
2385 3314 2485 3384 μὲν
2513 3312 2850 3377 ἐλπιζόντων
2889 3311 3081 3365 τοῦτον
3119 3313 3214 3366 ἐπὶ
3248 3315 3440 3385 χεῖρας
3480 3314 3693 3381 λαϐεῖν,
3727 3314 3844 3369 τῶν

2245 3405 2302 3459 δὲ
2323 3405 2746 3474 ἁνταμυνόντων
2778 3403 2874 3457 καὶ
2904 3402 2978 3473 μὴ
3008 3403 3301 3475 προδοῦναι
3328 3404 3519 3458 τοῦτον
3542 3404 3843 3475 διακαρτε-

2252 3483 2509 3565 ρούντων.
2541 3494 2632 3547 Διὸ
2655 3494 2852 3557 νυκτὸς
2880 3493 3007 3565 ἄρτι
3029 3496 3333 3564 γενομένης
3378 3495 3596 3565 κρότοις
3640 3494 3842 3565 χειρῶν

2246 3605 2309 3641 τε
2332 3589 2427 3640 καὶ
2462 3587 2807 3657 ἀλαλαγμοῖς
2855 3588 3099 3657 ἐχρῶντο
3131 3590 3181 3640 οί
3236 3587 3378 3657 μετὰ
3423 3587 3517 3640 τοῦ
3549 3587 3839 3656 βασιλέως,

2250 3680 2467 3750 χαίρειν
2510 3675 2998 3747 προσποιούμενοι,
3054 3675 3341 3746 κιννύραις
3373 3692 3433 3727 τε
3472 3676 3568 3728 καὶ
3622 3675 3846 3746 χορδαῖς

2249 3774 2346 3826 καὶ
2371 3771 2547 3833 ἄλλως
2574 3769 2839 3840 βουκίνων
2888 3769 3096 3836 φωναῖς
3122 3767 3213 3824 τὸν
3248 3767 3445 3838 αίθέρα
3467 3768 3841 3838 περιεδόνουν,

2250 3864 2473 3927 ἐλπίδας
2505 3863 2566 3915 ού
2591 3863 2691 3926 τὰς
2716 3859 2991 3932 τυχούσας
3012 3862 3127 3923 τοῖς
3160 3858 3378 3929 ἐχθροῖς
3401 3857 3650 3921 θέλοντες
3678 3873 3839 3930 περι-

2253 3959 2500 4028 ποιῆσαι.
2538 3957 2603 4010 Ὃ
2625 3956 2721 4009 καὶ
2754 3954 2957 4025 συνέϐη
2986 3970 2999 3985 ·
3038 3953 3193 4024 μίλια
3238 3951 3348 4023 γὰρ
3398 3950 3457 4017 ἓξ
3489 3951 3845 4021 ὑποχωρῆσαι

2252 4049 2479 4113 τούτους
2525 4051 2606 4114 είς
2652 4047 2899 4101 τούπίσω
2946 4047 3069 4101 τινὰ
3105 4043 3515 4115 κατορρωδοῦσι
3538 4042 3848 4115 προσϐολήν

2254 4160 2313 4197 τε
2347 4142 2442 4195 καὶ
2466 4141 2745 4195 κύκλωσιν
2777 4138 3166 4211 προσεγένετο.
3196 4137 3359 4191 Ὅθεν
3386 4135 3571 4198 ἀδείας
3596 4135 3850 4205 τυχόντες

570 4242 644 4297 ita
684 4243 935 4313 contigit.
968 4239 1079 4298 Hoc
1105 4243 1254 4297 enim
1276 4242 1459 4313 ipsum
1490 4242 1568 4297 illi
1600 4244 1970 4313 suspicantes,
2000 4260 2065 4298 ac
2086 4260 2134 4298 nt

2261 4238 2462 4307 μικρᾶς
2484 4236 2535 4287 οἱ
2565 4237 2694 4305 περὶ¹
2717 4234 2809 4287 τὸν
2836 4232 3082 4303 βασιλέα,
3110 4231 3299 4300 πόρρω
3322 4245 3427 4281 που
3457 4227 3672 4282 νυκτῶν
3700 4231 3849 4299 φυγῇ

569 4334 627 4391 in
649 4333 798 4404 ipsos
823 4335 1009 4390 hostes
1038 4334 1403 4403 irrumperent
1429 4334 1498 4389 ab
1527 4333 1717 4401 eisque
1743 4334 2134 4388 circumdarent

2257 4328 2596 4399 χρησάμενοι
2654 4326 2755 4393 τὴν
2812 4322 3091 4392 σωτηρίαν
3142 4317 3697 4389 ἐπραγματεύσαντο,
3755 4320 3855 4372 καὶ

572 4435 685 4492 tur,
726 4427 793 4481 ad
848 4441 942 4481 sex
987 4425 1134 4478 milia
1181 4439 1446 4494 passuum
1502 4438 1802 4479 recessere.
1854 4426 2134 4493 lmperatm

2262 4423 2401 4489 πρὸς
2426 4417 2506 4486 τῷ
2534 4415 2937 4487 καταπροδόντι
2979 4412 3171 4466 τοῦτον
3230 4410 3609 4483 στρατεύματι
3660 4411 3757 4465 καὶ
3785 4410 3860 4464 τὰ

572 4532 699 4572 cum
729 4518 847 4573 suis
879 4516 1221 4585 aliquantum
1251 4514 1496 4585 periculo
1536 4514 1852 4570 sublevatus
1894 4514 2021 4582 fuga
2062 4529 2134 4569 sal

2264 4512 2409 4567 νῶτα
2445 4510 2590 4563 δόντι
2620 4510 2733 4572 τοῖς
2786 4508 3004 4576 ἐχθροῖς
3051 4503 3415 4575 διεσώθησαν.
3453 4503 3716 4574 Μέμψεσι
3754 4502 3860 4573 μέν

574 4609 747 4665 lutem
778 4606 1075 4677 expedivit,
1100 4614 1155 4661 et
1174 4607 1241 4661 ad
1271 4606 1579 4660 exercitum
1614 4606 1708 4676 qui
1740 4605 2063 4676 prodiderat
2092 4620 2134 4660 ac

2265 4598 2359 4656 οὖν
2414 4599 2635 4663 πολλαῖς
2664 4600 2693 4652 6
2725 4595 2980 4668 βασιλεὺς
3028 4596 3088 4649 τὸ
3134 4593 3482 4665 προδεδωκὸς
3540 4592 3861 4665 στράτευμα

574 4703 809 4771 turpiter
840 4710 989 4772 terga
1020 4700 1246 4755 dederat
1273 4699 1567 4755 incolumis
1589 4700 1791 4756 evadit.
1824 4700 1903 4755 Ac
1931 4699 2134 4769 quiden

2267 4693 2664 4755 καθυπέϐαλεν,
2692 4692 2879 4761 χάρισι
2905 4688 2963 4742 δέ
2989 4688 3084 4741 καὶ
3112 4690 3302 4757 τιμαῖς
3329 4686 3697 4758 διαφερόντως
3730 4686 3863 4749 τοὺς

578 4795 911 4866 proditorem
959 4793 1262 4849 exercitum
1298 4793 1597 4868 imperator
1652 4793 1836 4847 acrius
1882 4792 2134 4862 objurgat

2269 4788 2399 4858 περὶ
2419 4785 2511 4839 τὸν
2542 4782 2813 4853 Θεόφοϐον
2840 4781 3155 4853 ἐγέραιρεν.
3181 4779 3347 4834 Ὅθεν
3372 4780 3421 4832 οἱ
3461 4778 3668 4849 Πέρσαι
3691 4776 3863 4849 ἔρωτι

578 4901 851 4941 summam
881 4901 1013 4941 vero
1050 4883 1388 4954 Theophobo
1433 4884 1659 4955 suisque
1695 4885 1924 4954 gratiam
1977 4884 2134 4946 habet

2267 4879 2518 4948 διαπύρῳ
2553 4877 2691 4950 πρὸς
2719 4875 2811 4928 τὸν
2840 4872 3112 4942 Θεόφοϐον
3128 4870 3463 4935 ἐξεκαίοντο,
3498 4870 3593 4922 καὶ
3620 4870 3864 4941 θυμηδίᾳ

580 4982 932 5054 praemiisque
974 4995 1039 5035 ac
1083 4978 1385 5035 honoribus
1425 4977 1713 5048 magniﬁce
1750 4977 1980 5048 accepit.
2024 4976 2134 5031 ﬂint

2267 4978 2374 5031 τινὶ
2402 4974 2627 5046 ἀρρήτῳ
2666 4967 3183 5040 Γἀναθαρρυνόμενοι
3255 4965 3374 5035 μετ’
3417 4963 3584 5017 αὑτοῦ
3611 4966 3702 5018 τὸν
3734 4966 3863 5019 κατ’

578 5074 764 5131 Persa:
814 5073 1043 5130 ferventi
1104 5072 1158 5127 in
1225 5070 1621 5142 Theophobum
1682 5085 1871 5126 amore
1926 5071 2134 5125 incensi

2282 5065 2603 5138 ’Λγαρηνῶν
2629 5060 2957 5117 ὑποδύεσθαι
2983 5059 3221 5129 πόλεμον
3252 5056 3583 5121 ἐλιτάνευον,
3614 5057 3708 5110 καὶ
3739 5056 3866 5127 τρέ-

582 5162 1000 5236 incredibilique
1031 5167 1232 5238 gaudio
1269 5166 1519 5233 animati,
1569 5182 1680 5222 uno
1708 5166 1804 5223 illo
1845 5166 1985 5220 duce
2023 5167 2134 5234 Aga

2272 5177 2397 5214 πειν
2430 5158 2655 5221 τούτους
2694 5154 2753 5220 ἐξ
2774 5153 3046 5225 ἀηττήτου
3098 5150 3384 5219 δυνάμεως
3428 5149 3747 5203 ἐϐεϐαίουν·
3782 5150 3869 5203 διὸ

585 5274 844 5315 renorum
881 5260 984 5316 sibi
1030 5259 1233 5314 bellum
1287 5258 1543 5313 concredi
1577 5258 1879 5328 postulant,
1933 5256 2134 5311 invicta

2276 5254 2370 5306 καὶ
2394 5252 2423 5304 ὁ
2458 5249 2712 5321 βασιλεὺς
2734 5243 3091 5317 ἡγεμονεύειν
3124 5240 3303 5294 αὐτῶν
3338 5240 3594 5294 ἐϐούλετο
3620 5240 3711 5294 τὸν
3736 5240 3869 5294 Θεό-

588 5368 696 5421 que
750 5353 918 5407 animi
988 5353 1039 5407 vi
1086 5362 1290 5408 certam
1363 5352 1466 5407 sibi
1528 5352 1858 5421 compressis
1921 5349 2171 5404 hostibus
2280 5344 2470 5415 φοϐον.

594 5444 921 5513 puliicentur
981 5447 1292 5500 victoriam.
1352 5444 1721 5512 Quamobrem
1777 5444 1941 5498 etiam
1997 5441 2170 5512 impe-

593 5548 744 5591 rator
774 5536 1170 5607 Theophobum
1210 5538 1501 5593 Persarum
1531 5538 1724 5591 ducem
1760 5535 1876 5591 fore
1910 5536 2170 5591 decrevit.
2564 5612 2568 5613 ί
2614 5612 2617 5613 ν
2777 5609 2786 5613 _
2912 5609 2923 5613 _
3111 5607 3132 5613 _
3171 5606 3223 5613 Μ
3424 5604 3458 5613 η
3671 5601 3681 5613 ἴ

666 5631 755 5683 25.
799 5628 1111 5698 Insequenti
1168 5647 1313 5686 anno
1361 5628 1698 5701 Theophilus
1732 5644 1924 5685 rursus
1982 5627 2134 5697 cepia

2351 5615 2455 5684 κγ’.
2491 5612 2581 5677 Τῷ
2606 5612 2649 5665 δ’
2669 5609 2875 5664 ἐπιόντι
2910 5607 3144 5677 ἐνιαυτῴ
3171 5606 3336 5674 ἔξεισι
3368 5604 3527 5659 πάλιν
3557 5600 3873 5673 patimini-

1898 5719 2134 5776 VARle
2172 5707 2574 5776 LEGTlONES.

675 5815 719 5843 “
754 5814 825 5875 ὡς
856 5829 943 5877 σῳ.
970 5813 991 5863 ’ἰ
