4200 6426
408 338 507 403 RQ

1208 338 1353 399 LIB.
1383 336 1499 398 III.
1528 362 1597 373 --
1636 334 2131 396 TIIEOPIIILUS
2171 334 2591 396 MICHAELIS
2622 337 2899 398 FILIUS.

3592 342 3692 405 130

422 468 559 522 usu;
582 450 612 505 ὸ
638 447 931 519 Θεόφιλος,
962 452 1061 505 καὶ
1093 453 1235 506 κατὰ
1283 453 1344 506 τὸ
1392 452 1699 523 Χαρσιανὸν
1735 450 1906 505 πολλὰ
1945 452 2008 503 ὲκ

2117 451 2374 505 adversus
2408 451 2711 506 lsmaelitas
2745 452 2948 517 educit,
2982 466 3045 508 ac
3070 467 3193 508 cum
3225 453 3306 509 eis
3336 469 3401 509 ex
3427 458 3693 525 superiori

422 544 519 613 τῆς
543 543 819 615 προτέρας
859 544 1021 613 νίκης
1064 545 1175 597 τῶν
1218 544 1578 615 Ἰσμαηλιτῶν
1608 544 2014 609 άπαυθαδιαζο-

424 637 596 708 μένων
616 636 714 691 καί
744 635 1254 708 άλαζονευομὲνων,
1276 636 1485 700 τούτοις
1520 635 1863 707 συμπλακεὶς
1886 636 2016 690 πολ-

418 727 541 793 λούς
593 746 652 782 τε
688 730 979 800 χειροῦται
1031 729 1262 795 τούτων,
1294 731 1392 783 καὶ
1440 730 1588 783 λείαν
1642 729 2014 802 λαμϐάνειὼς

412 821 528 874 τῶν
551 819 717 875 πέντε
750 822 847 875 καὶ
875 823 1057 876 εἴκοσι
1088 821 1216 892 ἄχρι
1250 822 1522 893 χιλιάδων,
1553 823 1649 876 καὶ
1681 821 1822 894 μετὰ
1854 822 2015 892 νίκης

412 912 682 984 λαμπρᾶς
706 912 841 983 πρὸς
863 915 964 984 τὴν
987 915 1381 984 βασιλεύουσαν
1406 915 1788 987 ἐπανέρχεται.
1812 914 2010 986 Ἔτυχε

410 1002 551 1073 γοῦν
586 1022 674 1068 τις
702 1005 813 1059 τῶν
844 1007 938 1059 ἐπὶ
1002 1008 1207 1077 χειρῶν
1249 1008 1449 1078 εὐφυΐᾳ
1491 1007 1811 1079 ὀνομαστῶν
1842 1009 2010 1079 αἰχμ-

407 1096 625 1151 άλωτον
639 1096 919 1168 ληφθῆναι
929 1098 1067 1167 Ἀγα
1075 1098 1271 1171 ρηνῶν.
1290 1098 1476 1167 Τούτῳ
1500 1097 1741 1170 μεγάλας
1757 1099 1853 1162 τὰς
1868 1100 2010 1155 κατὰ

410 1190 655 1262 πόλεμον
681 1191 889 1260 ἀρετάς
920 1191 989 1244 δι’
1020 1193 1318 1264 ἐγγράφων
1349 1193 1644 1262 ἐγκωμίων
1679 1195 1708 1247 0
1741 1191 1851 1247 τῶν
1878 1210 2009 1265 σχο-

415 1280 527 1336 λῶν
586 1280 872 1351 προεστὼς
930 1282 1254 1355 ἐμαρτύρει,
1307 1284 1403 1337 καὶ
1449 1282 1697 1337 ἐϐεϐαίου
1722 1284 1800 1347 ὡς
1832 1285 1917 1355 είη
1949 1300 2007 1338 τε

419 1374 594 1442 δεξιὸς
615 1376 745 1447 περὶ
758 1377 861 1446 τὴν
890 1376 1162 1430 ἱππασίαν
1186 1374 1280 1429 καὶ
1301 1378 1402 1449 τὴν
1422 1375 1516 1431 τοῦ
1540 1376 1791 1448 σώματος
1813 1377 2007 1447 ῥώμην

420 1470 690 1535 γενναῖος.
732 1469 827 1521 καὶ
876 1470 961 1523 ὅτι
999 1467 1119 1523 δυσὶ
1146 1467 1336 1538 δόρασι
1392 1467 1677 1540 χρώμενος
1729 1471 1860 1541 περὶ
1906 1471 2007 1541 τὴν

2122 542 2346 598 victoria
2377 543 2535 599 elatis
2560 559 2624 598 ac
2655 544 3046 601 ferocientibus
3070 546 3136 600 ad
3167 545 3531 602 Charsianuui
3564 565 3695 605 cou-

2118 648 2363 703 gressus,
2397 635 2586 691 multis
2615 651 2807 691 eorum
2842 636 3170 708 subiugatis,
3217 641 3463 710 captivos
3497 642 3562 695 ad
3611 644 3695 696 vi-

2117 724 2251 792 ginti
2288 738 2453 794 supra
2478 726 2722 796 quinque
2761 727 2930 781 millia
2957 728 3217 793 abducit;
3249 730 3562 800 illustrique
3592 747 3695 803 po-

2115 816 2247 871 titus
2268 817 2448 886 prada
2470 817 2538 872 ad
2564 818 2755 873 urbem
2793 830 3077 889 augustam
3102 822 3259 880 redit.
3283 822 3430 877 Inter
3451 822 3694 894 captivos

2116 908 2400 979 Agarenos
2430 926 2705 966 nonnemo
2734 912 2836 967 ruit
2867 928 3129 968 manuum
3162 913 3407 983 agilitate
3434 915 3691 971 celebris.

2119 997 2278 1070 115
2303 997 2467 1055 Hunc
2493 1000 2809 1056 scholarum
2842 1018 3042 1072 praeses
3090 1004 3284 1060 bellica
3328 1004 3531 1060 virtute
3576 1008 3693 1062 exi-

2113 1091 2442 1163 miutn,ejus
2468 1094 2675 1165 scripto
2698 1096 3035 1167 consignatis
3064 1098 3692 1168 laudibus,perhibebat;

2112 1185 2506 1255 asserebatque
2534 1187 2814 1256 equitandi
2844 1197 2963 1244 arte
2986 1191 3246 1259 praeiere
3272 1190 3603 1245 industrium
3628 1206 3694 1245 ac

2110 1275 2364 1345 corporis
2401 1277 2602 1333 robore
2631 1288 2942 1347 strenuum,
2982 1282 3254 1352 ejusmodi
3308 1283 3546 1354 denique
3598 1282 3694 1353 qui

2111 1363 2170 1421 in
2202 1368 2362 1438 equis
2411 1370 2613 1439 duplici
2667 1371 2899 1427 solerter
2937 1373 3094 1429 hasta
3126 1375 3340 1430 hostem
3372 1377 3695 1447 aggredere-

2113 1468 2222 1514 tur.
2253 1459 2412 1526 Quod
2440 1462 2604 1531 igitur
2638 1463 2692 1519 in
2717 1465 2866 1520 circo
2910 1465 3197 1521 domestici
3227 1466 3540 1536 triumphus
3566 1480 3695 1537 age-

415 1558 690 1612 ιππασίαν
749 1558 904 1631 [μὲν]
956 1560 1222 1629 ἐντέχνως
1286 1559 1427 1628 ἄγαν
1476 1561 1570 1615 καὶ
1617 1561 1833 1629 εὐφυῶς
1866 1561 2006 1630 πρὸς

2117 1548 2291 1615 batur,
2317 1552 2463 1607 inter
2502 1555 2749 1624 captivos
2783 1555 2963 1626 primo
2990 1557 3037 1611 is
3066 1556 3190 1611 loco
3222 1556 3532 1622 incedebat,
3570 1572 3696 1612 cor-

409 1651 547 1714 τοὺς
602 1654 725 1705 κατ’
764 1653 933 1707 αὐτοῦ
969 1652 1262 1709 διαϐαίνει.
1321 1652 1479 1708 Ἐπεὶ
1528 1654 1660 1724 γοῦν
1698 1656 1757 1708 ὲν
1789 1654 1869 1726 τῷ
1894 1655 2005 1712 τῶν

2117 1640 2258 1709 poris
2278 1641 2397 1712 ipsa
2420 1644 2749 1712 proceritate
2772 1646 3053 1716 animique
3074 1646 3332 1717 superbia
3356 1662 3421 1703 ac
3445 1648 3696 1704 celsitate

416 1742 611 1796 ἵππων
648 1742 1035 1814 άμιλλητηρίφ
1062 1746 1091 1798 0
1122 1744 1215 1799 τοῦ
1238 1745 1564 1816 δομεστίκου
1592 1746 1857 1816 θρίαμϐος
1885 1748 2004 1800 ἑτε-

2111 1731 2180 1787 dc
2206 1733 2324 1803 ipso
2355 1750 2608 1805 sparsum
2645 1752 2921 1794 rumorem
2951 1740 3311 1796 conﬁrmans.
3350 1738 3554 1797 Videns
3588 1742 3693 1796 ita-

414 1834 587 1901 λεῖτο,
638 1839 940 1907 προηγεῖτο
964 1837 1022 1891 δὲ
1048 1829 1206 1901 οὗτος
1242 1837 1319 1909 τῷ
1352 1838 1446 1892 τοῦ
1501 1837 1753 1909 σώματος
1788 1839 2011 1909 μεγέθει
2042 1827 2087 1857 ⁵³
2119 1841 2231 1896 (ιυθ
2258 1827 2586 1898 ίωβθηίονο
2613 1829 2842 1901 eiusque
2888 1832 3091 1888 celebri
3121 1832 3267 1888 fama
3315 1843 3519 1898 πιοῑαεν
3562 1849 3696 1889 0οη-

412 1924 516 1979 Ital.
547 1923 629 1997 τῷ
668 1925 773 1996 τῆς
792 1925 973 1996 ψυχῆς
999 1926 1353 1999 ἀναστήματι
1375 1928 1503 1992 τοὺς
1537 1928 1670 2000 περὶ
1714 1929 1880 1983 αὐτοῦ
1924 1929 2013 1984 λό-

418 2032 559 2084 γους
594 2016 1030 2087 ἔπισφραγίζων,
1066 2018 1322 2072 ἐκέλευσὲ
1356 2036 1476 2084 πως
1524 2019 1647 2073 ίδὼν
1676 2022 1705 2074 0
1735 2020 2012 2091 βασιλεὺς,

425 2109 527 2159 καὶ
556 2108 669 2170 τοῖς
703 2108 937 2174 ὶπαίνοις
958 2108 1212 2174 κλαπεὶς,
1233 2109 1316 2183 [Ρ.
1338 2109 1427 2182 72]
1455 2111 1624 2165 ἵππον
1652 2129 1712 2165 τε
1737 2111 1829 2166 τὸν
1845 2113 2014 2183 ἄνδρα

425 2196 691 2268 ἐπιϐῆναι
719 2198 806 2251 καὶ
827 2197 1030 2268 δόρατα
1057 2198 1291 2253 λαϐόντα
1316 2199 1411 2253 δύο
1440 2201 1537 2271 τὴν
1561 2202 1794 2270 εὐφυΐαν
1820 2201 2013 2256 τούτου

418 2287 521 2343 καὶ
555 2288 842 2361 ἀριστείαν
871 2290 1063 2363 ἁπάσῃ
1086 2294 1154 2363 τῇ
1191 2292 1345 2347 πόλει
1382 2294 1743 2361 ἐνδείξασθαι.
1799 2296 1910 2349 Καὶ
1947 2295 2013 2367 δὴ

409 2377 613 2432 τούτου
647 2380 948 2449 γενομένου
980 2382 1075 2434 καί¹
1101 2383 1214 2445 τοῖς
1246 2382 1629 2455 ἀπειροτέροις
1657 2383 1848 2453 τέρψιν
1877 2403 2014 2456 παρ-

414 2470 642 2541 έχοντος
668 2473 737 2541 τῇ
761 2472 973 2540 ὁράσει,
1012 2471 1291 2543 Θεόδωρος
1312 2475 1340 2525 0
1373 2473 1658 2547 Κρατερὸς
1690 2474 1835 2528 οὕτω
1860 2475 2015 2543 λεγό-

425 2578 613 2633 μενος.
636 2565 664 2617 0
690 2564 788 2617 καὶ
816 2564 960 2634 μετὰ
982 2564 1161 2635 βραχῦ
1179 2566 1424 2636 ἀρχηγὸς
1444 2566 1545 2641 τῆς
1575 2566 1689 2620 τῶν
1721 2567 1894 2636 ἁγίων
1928 2567 2015 2639 μβο

430 2656 723 2725 μαρτύρων
745 2655 1033 2724 φάλαγγος
1062 2656 1328 2726 γεγονὼς,
1351 2656 1673 2727 πλησιάζων
1700 2658 1780 2729 τῷ
1805 2658 2019 2729 βασιλεῖ

420 2743 825 2819 ἐξεμυκτήριζε
854 2747 949 2802 τὸν
979 2749 1305 2821 ’Δγαρηνδν,
1336 2749 1583 2822 ἀνδρεῖον
1613 2751 1766 2805 οὐδὲν
1791 2753 2016 2822 φάσκων

411 2838 541 2892 οὐδὲ
576 2837 1031 2910 καταπληκτικὸν
1065 2840 1499 2913 ἐνδεικνύμενον.
1532 2836 1605 2913 Ὅ
1632 2842 1725 2895 καὶ
1768 2842 2016 2914 χαλεπή-

417 2947 520 2995 νας
554 2929 587 2983 0
618 2928 900 3000 βασιλεὺς,
943 2932 1125 2987 Ἀλλὰ
1153 2931 1228 2986 δι’
1260 2934 1471 3004 ίσχὺος
1523 2934 1685 3003 ἔχεις
1713 2935 1921 3002 αὐτὸς,
1969 2932 2019 2993 ὦ

424 3020 723 3089 θηλυδρια
760 3021 861 3075 καὶ
891 3022 1177 3093 ἀνανδρε,
1220 3025 1498 3080 τοιοῦτόν
1523 3043 1575 3079 τι
1605 3026 1975 3096 ἐργάσασθαι
1992 3046 2013 3095 ;

2115 1933 2313 1976 sceuso
2334 1936 2478 1992 equo
2506 1924 2824 1995 duplicique
2867 1936 3083 1995 arrepta
3133 1927 3289 1982 basta
3314 1928 3449 1983 artis
3491 1927 3605 1983 suae
3631 1944 3696 1985 ac

2114 2010 2352 2066 solertiae
2408 2015 2684 2083 specimen
2738 2024 3022 2086 spectante
3059 2030 3245 2072 coram
3306 2026 3422 2073 tota
3476 2018 3697 2074 civitate

2115 2102 2384 2160 exhibere
2432 2106 2610 2174 jubet.
2639 2106 2695 2162 Id
2743 2122 2870 2162 cum
2901 2108 3056 2163 lieret
3084 2119 3141 2165 et
3189 2110 3266 2165 rei
3320 2111 3693 2180 spectaculum

2116 2190 2488 2261 imperitiores
2515 2194 2775 2263 alliceret,
2812 2196 3136 2253 Theodorus
3162 2208 3526 2269 cognomento
3554 2199 3695 2254 Cra-

2116 2288 2269 2338 terus
2293 2284 2365 2351 (is
2390 2286 2483 2354 qui
2511 2300 2619 2341 non
2647 2287 2819 2342 multo
2844 2298 2965 2357 post
2989 2297 3302 2344 sanctorum
3330 2288 3690 2359 quadraginta

2116 2372 2353 2428 duorum
2386 2386 2690 2446 martyrum
2729 2377 2976 2433 cohortis
2998 2378 3108 2434 dux
3140 2378 3372 2446 exstitit)
3422 2381 3489 2433 ad
3523 2381 3695 2449 impe-

2116 2475 2351 2523 ratorem
2392 2469 2660 2524 accedens
2691 2471 3002 2541 Agarenum
3054 2472 3418 2539 subsannare,
3451 2472 3697 2542 nihilque

2116 2573 2242 2614 eum
2272 2560 2419 2631 quod
2445 2560 2604 2617 fortis
2629 2563 2798 2617 animi
2820 2562 2893 2618 sit
2918 2563 3133 2633 quodve
3161 2574 3441 2635 stuporem
3474 2563 3698 2633 injicere

2116 2652 2315 2708 debeat
2368 2669 2434 2709 ea
2486 2654 2771 2711 molitione
2804 2665 3066 2726 praestare
3094 2658 3261 2712 etiam
3320 2667 3484 2728 atque
3530 2658 3695 2711 etiam

2114 2757 2388 2799 asserere.
2424 2744 2506 2800 Ad
2536 2760 2698 2815 quem
2729 2746 3176 2817 indignabundus
3196 2749 3515 2817 imperator,
3550 2745 3697 2801 Num

2117 2850 2259 2894 vero.
2289 2834 2591 2903 eﬂ'eminate
2623 2845 2679 2888 tu
2709 2844 2760 2888 et
2800 2838 3019 2901 evirate,
3054 2836 3317 2901 eiusmodi
3342 2837 3564 2907 aliquid,
3591 2853 3699 2907 qua

2118 2926 2285 2995 polles
2308 2927 2645 2995 fortitudine,
2663 2928 2835 2994 possis
2862 2937 3121 2996 prwstare
3142 2931 3168 2983 ?
3188 2928 3393 2982 Contra
3414 2929 3697 2983 Craterus:

2123 3017 2347 3072 Duabus
2402 3019 2613 3088 quidem
2642 3019 2833 3083 hastis,
2865 3034 2895 3071 0
2925 3019 3238 3086 imperator,
3273 3035 3366 3072 nec
3388 3019 3560 3072 didici
3605 3033 3701 3072 nec

420 3115 534 3171 Kal.
556 3113 619 3177 ὃς
666 3114 894 3181 αὐτίκα,
920 3116 1037 3170 Δύο
1054 3118 1192 3186 μὲν,
1211 3118 1501 3184 βασιλεῦ,
1532 3118 1619 3188 μὴ
1640 3120 1848 3189 μαθὼν
1872 3122 2015 3176 οὐδὲ

2124 3112 2203 3163 uti
2230 3108 2417 3163 valeo:
2452 3124 2577 3164 nam
2606 3125 2698 3164 nec
2740 3126 3002 3180 nugarum
3049 3110 3310 3179 ejusmodi
3340 3125 3465 3163 usus
3498 3110 3698 3179 aliquis

416 3204 954 3275 μεταχειρίσασθαι
991 3206 1216 3274 δόρατα
1254 3208 1517 3279 δύναμαι
1539 3224 1556 3241 ο
1586 3209 1731 3264 οὐδὲ
1778 3210 1891 3280 γὰρ
1944 3212 2015 3266 ἐν

423 3297 667 3368 πολέμῳ
681 3298 971 3366 τοιαύτης
998 3300 1169 3369 χρεία
1185 3298 1556 3369 ἀδολεσχίας
1573 3314 1587 3329 ·
1619 3300 1709 3353 ἐνί
1729 3299 1797 3353 δὲ
1813 3300 2015 3370 δόρατι

423 3388 730 3459 χρώμενος
770 3388 892 3458 τὴν
917 3391 1007 3456 είς
1044 3390 1194 3444 Θεὸν
1218 3391 1585 3458 πεποίθησιν
1605 3390 1724 3461 ἔχω
1757 3393 2016 3458 βεϐαίαν

422 3480 840 3551 ὡςκρημνίσω
870 3498 937 3535 τε
966 3481 1184 3535 τοῦτον
1201 3481 1300 3535 καὶ
1330 3481 1438 3535 τοῦ
1466 3482 1656 3536 ἵππου
1675 3484 2012 3541 καταϐαλῶ.

420 3574 532 3646 τήν
564 3573 891 3648 παρρησίαν
921 3573 1056 3643 γοῦν
1109 3573 1185 3645 μὴ
1224 3574 1406 3643 φέρων
1453 3576 1481 3627 0
1510 3573 1766 3644 βασιλεὺς
1817 3570 1854 3649 ἦ
1904 3577 2016 3649 μὴν

417 3663 619 3735 ἔφησε.
641 3664 789 3719 κατὰ
811 3663 912 3733 τῆς
935 3663 1181 3734 κεφαλῆς
1202 3663 1366 3717 αὑτοῦ
1388 3666 1480 3717 τὸν
1509 3665 1672 3737 ὅρκον
1697 3667 2015 3736 ἐπαγαγὼν,

421 3754 648 3825 θανάτῳ
676 3752 1017 3826 παραδοῦναι
1046 3755 1140 3807 τδν
1165 3752 1342 3822 άγιον,
1374 3755 1423 3807 εί
1460 3754 1535 3825 μὴ
1562 3756 1689 3819 τοὺς
1711 3756 1904 3827 λόγους
1923 3756 2016 3811 δν-

423 3862 537 3911 τως
560 3850 643 3910 είς
667 3847 831 3917 ιργον
857 3846 1121 3915 ἀγάγοιεν
1142 3845 1211 3901 ’⁸.
1247 3846 1443 3901 Ἵππον
1471 3842 1565 3902 οὖν
1599 3848 1806 3913 ἀναϐὰς
1834 3850 1863 3902 0
1885 3849 2016 3903 Θεό-

436 3936 616 4002 δωρος
644 3936 742 3988 καὶ
762 3934 884 4006 δόρυ
906 3936 1088 3991 λαϐὼν
1116 3938 1175 3988 ὲν
1200 3938 1385 4008 χεροῖν
1414 3936 1613 3991 θᾶττον
1636 3937 1669 4009 ἢ
1695 3937 1853 4008 λόγος
1876 3941 1935 3994 ιν
1954 3940 2017 3993 οὐ

448 4023 679 4088 mihi;
698 4026 952 4097 περιόδοις
974 4030 1069 4084 τὸν
1103 4031 1422 4101 Σαρακηνὸν
1453 4033 1884 4103 κατεκρήμνισε,
1920 4035 2020 4089 καὶ

442 4114 600 4187 μέγα
628 4115 803 4187 τούτῳ
830 4124 1035 4193 φρονεῖν
1081 4122 1318 4177 δέδωκεν
1364 4124 1641 4195 οὐδαμῶς.
1713 4126 1770 4181 '0
1799 4128 1899 4198 μὲν
1924 4123 2019 4183 οὗν

432 4207 698 4277 βασιλεὺς
730 4210 967 4285 ᾐσχύνθη
996 4212 1095 4267 ἆτε
1151 4213 1218 4286 δὴ
1268 4216 1749 4288 καταϐεϐλημένον
1782 4218 1904 4273 ίδὼν
1927 4220 2018 4275 τὸν

429 4293 756 4369 Σαρακηνὸν
815 4299 909 4353 ὑπ’
948 4301 1142 4371 ἀνδρὸς
1189 4301 1450 4374 εὐνούχου
1507 4305 1604 4360 καί¹
1651 4306 1713 4358 οὐ
1765 4308 2018 4375 γενναίου

431 4388 603 4455 τινος,
634 4389 949 4463 πανοῦργος
970 4393 1030 4447 δὲ
1058 4393 1199 4459 τέως
1227 4393 1304 4449 ὢν
1334 4394 1433 4450 καὶ
1458 4395 1559 4468 τὴν
1603 4398 1807 4471 ἀρετὴν
1841 4399 2021 4454 αίδού-

2113 3205 2169 3257 in
2195 3203 2329 3258 bello
2360 3205 2567 3258 exsistit
2594 3222 2609 3259 :
2646 3220 2755 3258 una
2787 3220 2906 3259 vero
2929 3213 3141 3273 arrepta
3160 3243 3177 3269 ,
3213 3202 3309 3258 Dei
3339 3204 3507 3274 fretus
3536 3204 3698 3257 auri-

2114 3295 2211 3359 lio,
2243 3311 2373 3367 equo
2406 3296 2669 3365 dejectum
2699 3298 2769 3351 iri
2796 3297 3061 3351 hominem
3091 3313 3154 3351 ac
3174 3312 3453 3351 excussum
3478 3311 3698 3366 prorsus

2116 3388 2347 3458 conﬁdo.
2388 3386 2547 3444 Tunc
2594 3390 2895 3459 imperator
2927 3388 3143 3445 dicendi
3185 3389 3337 3444 illam
3388 3389 3695 3445 libertatem

2116 3495 2225 3535 non
2259 3479 2460 3543 ferens.
2495 3496 2593 3551 per
2636 3490 2805 3551 caput
2845 3498 3009 3537 suum
3044 3482 3234 3552 jurare
3260 3482 3513 3547 Cratero,
3554 3497 3618 3538 se
3647 3482 3699 3537 ci

2116 3569 2286 3624 vitam
2340 3579 2680 3642 erepturum,
2711 3572 2819 3628 nisi
2854 3574 3016 3646 ιιθ
3061 3588 3123 3630 re
3178 3575 3293 3645 ipsa
3328 3576 3477 3646 quod
3515 3575 3700 3631 verbis

2113 3661 2421 3733 iactaverat
2448 3664 2718 3733 impleret.
2741 3663 2869 3720 Mos
2897 3680 3030 3735 ergo
3056 3665 3377 3722 Theodorus
3396 3681 3702 3723 conscenso

2117 3769 2261 3827 equo
2308 3765 2634 3828 arreptaque
2685 3759 2840 3814 basta
2895 3774 3117 3813 manum
3168 3774 3499 3823 conserens,
3552 3758 3701 3815 dicto

2118 3847 2282 3903 citius
2332 3863 2434 3904 nec
2483 3848 2649 3921 longo
2678 3850 2910 3917 ambitu,
2960 3850 3272 3922 Agarenum
3326 3865 3473 3921 equo
3509 3852 3698 3907 datum

2118 3940 2452 4011 praecipitem
2486 3941 2658 3996 altum
2685 3956 2877 4012 sapere
2906 3957 3014 3996 non
3048 3942 3195 3996 sivit.
3230 3939 3435 3997 Puduit
3464 3942 3699 4013 impera-

2119 4045 2316 4098 torem,
2345 4034 2476 4088 dum
2509 4049 2619 4089 non
2646 4048 2676 4088 a
2714 4035 2832 4088 viro
2858 4034 3097 4104 quodam
3139 4033 3429 4104 magniﬁce
3452 4043 3701 4101 strenuo,

2119 4125 2218 4183 sed
2251 4128 2319 4181 ab
2343 4128 2557 4181 evirato
2586 4134 2924 4195 prostratum
2978 4125 3312 4180 Saracenum
3348 4125 3502 4179 vidit.
3558 4124 3704 4181 luteo

2120 4219 2225 4275 ritu
2261 4231 2467 4285 tamen,
2507 4219 2708 4275 callido
2737 4218 3001 4289 vafroque
3043 4217 3297 4283 consilio,
3333 4217 3546 4288 virique
3592 4219 3704 4274 vir-

2120 4318 2291 4369 tutem
2350 4313 2643 4379 reveritus,
2701 4311 2877 4368 amice
2919 4310 3101 4366 verbis
3153 4309 3375 4380 accipit,
3424 4311 3705 4382 donatque

2121 4404 2370 4461 vestibus
2403 4404 2638 4460 honoris
2664 4418 2856 4469 causa,
2916 4403 3120 4458 civium
3168 4401 3384 4458 animos
3430 4400 3705 4457 oﬂ‘enderc

436 4495 594 4549 μενος
618 4481 715 4537 τοῦ
743 4485 941 4553 ἀνδρὸς
984 4487 1451 4560 ἐφιλοφρονήσατο
1486 4489 1585 4559 μὲν
1613 4489 1796 4559 λόγοις
1823 4492 2010 4559 αὑτὸν,

2123 4496 2353 4564 veritus,
2382 4496 2430 4553 si
2454 4495 2591 4567 quid
2614 4496 2835 4551 homine
2862 4495 3023 4551 aliter
3055 4504 3322 4551 uteretur.

437 4573 626 4637 στολάς
650 4592 714 4628 τε
751 4576 850 4629 καὶ
876 4577 1173 4649 περιϐολὰς
1205 4578 1358 4652 αὐτῷ
1388 4578 1487 4649 τὴν
1510 4579 1788 4636 πολιτείαν
1829 4582 2011 4637 αἰδού-

428 4682 595 4737 μενος
624 4668 965 4740 ἐδωρήσατο.

500 4776 607 4831 κδ’.
644 4778 811 4848 ’Δρτι
841 4778 899 4833 δὲ
929 4779 1095 4835 πάλιν
1126 4780 1223 4836 τοῦ
1258 4780 1420 4852 ἔαρος
1450 4783 1741 4855 ίσταμένου
1769 4787 1863 4841 καί
1887 4790 2019 4854 τοὺς

427 4869 689 4939 μαχητάς
710 4871 835 4923 κατ’
863 4871 1110 4943 ἀλλήλων
1138 4873 1481 4944 ὁπλίζοντος,
1525 4879 1554 4931 0
1581 4878 1840 4948 Θεόφιλος
1860 4879 2019 4935 δύναο

423 4978 528 5031 μιν
556 4959 760 5032 πολλὴν
815 4961 1089 5034 ἠθροικὼς
1117 4967 1259 5022 κατὰ
1303 4968 1415 5022 τῶν
1459 4969 1798 5041 Σαρακηνῶν
1824 4971 2014 5039 ἔξεισι,

421 5050 525 5105 καὶ
566 5051 662 5105 τὸν
692 5053 842 5106 ὅσιον
870 5054 1135 5108 Μεθόδιον
1164 5057 1264 5127 τῆς
1298 5056 1527 5127 εἱρκτῆς
1564 5058 2016 5130 ἀναῤῥυσάμενος

420 5145 525 5198 καὶ
558 5144 684 5215 μεθ’
706 5142 904 5200 ἑαυτοῦ
929 5147 1288 5219 ἐπαγόμενος,
1315 5148 1377 5202 οὐ
1408 5147 1503 5203 νῦν
1555 5151 1717 5221 μόνον
1745 5152 1838 5205 xxi.
1869 5152 2022 5223 πρῶ-

421 5256 521 5293 τον
551 5241 599 5271 "
637 5240 755 5294 ἀλλ’
798 5241 888 5295 ἀεὶ
916 5240 1077 5295 τοῦτο
1126 5243 1298 5296 ποιῶν
1333 5244 1428 5299 καὶ
1467 5244 1697 5317 πλησίον
1733 5264 1837 5300 που
1878 5247 2019 5319 ἔχων

425 5333 621 5397 αὐτὸν,
648 5336 757 5388 είτε
788 5335 885 5388 τοῦ
914 5335 1103 5406 ἀσαφῆ
1144 5334 1339 5411 ’ἕνεκεν
1370 5338 1464 5392 καὶ
1506 5338 1720 5402 πολλοῖς
1765 5340 2019 5408 ἄγνωστα

424 5424 667 5479 διαλύειν
700 5428 794 5481 καὶ
821 5424 1082 5496 γνώριμα
1124 5426 1305 5498 τούτῳ
1330 5432 1507 5482 ποιεῖν
1533 5428 1621 5483 διὰ
1650 5432 1747 5501 τὴν
1778 5432 2016 5501 ὲνυπάρυ

425 5534 634 5589 χουσαν
660 5520 812 5592 αύτῷ
838 5519 1035 5587 σοφίαν
1059 5517 1307 5590 (καὶγὰρ
1338 5519 1601 5592 ἐτύγχανε
1634 5522 1742 5575 τῶν
1772 5523 2011 5594 ἀποκρύ-

426 5631 541 5683 φιον
571 5613 710 5685 ἄγαν
732 5611 1031 5688 ζητητικὸς
1055 5613 1083 5665 0
1103 5611 1410 5683 Θεόφιλος),
1462 5614 1570 5668 εἴτε
1614 5614 1676 5686 δή
1711 5633 1860 5678 τινας
1918 5619 2019 5671 ἐπ-

2195 4789 2288 4846 24.
2323 4786 2444 4843 Jam
2480 4800 2611 4842 vero
2644 4801 2866 4842 rursum
2897 4800 3025 4841 vere
3053 4796 3343 4857 appetente
3375 4804 3440 4843 ac
3474 4788 3709 4847 bellato-

2126 4897 2217 4938 res
2246 4882 2396 4936 viros
2425 4880 2569 4935 inter
2604 4895 2664 4935 se
2691 4879 3092 4942 committente,
3125 4878 3467 4951 Theophilus
3515 4882 3709 4954 ingen-

2128 4972 2276 5027 tibus
2301 4969 2600 5027 contractis
2633 4970 2806 5038 c0piis
2836 4976 3028 5024 contra
3061 4969 3368 5025 Saracenos
3402 4970 3707 5038 proﬁcisci-

2127 5075 2239 5128 tur,
2276 5064 2473 5118 educto
2511 5076 2544 5116 e
2574 5076 2794 5117 carcere
2826 5061 3042 5131 sibique
3071 5060 3330 5130 adjuncto
3375 5070 3569 5115 sancto
3598 5061 3706 5115 lle-

2124 5157 2333 5213 tbodio.
2386 5154 2575 5226 Neque
2624 5168 2755 5209 vero
2810 5160 2943 5208 tunc
2996 5153 3233 5223 primum
3298 5152 3444 5216 fecit,
3497 5153 3591 5207 sed
3652 5166 3740 5208 ct‘

2124 5263 2340 5319 semper
2395 5246 2697 5314 iactitabat,
2728 5260 2900 5316 penes
2927 5259 2987 5300 se
3012 5244 3191 5299 virum
3238 5243 3466 5309 habens,
3497 5243 3612 5299 sive
3647 5256 3705 5299 ut

2123 5341 2246 5413 ejus
2303 5339 2591 5409 sapientiae
2619 5339 2671 5393 vi
2705 5340 2940 5395 obscura
2969 5336 3243 5408 vulgoque
3294 5335 3475 5407 ignota
3506 5337 3705 5392 dissol-

2122 5441 2275 5487 verct
2325 5445 2503 5500 eaque
2558 5428 2661 5499 ipsi
2708 5428 2943 5498 aperiret
2975 5426 3114 5495 (erat
3162 5425 3310 5480 enim
3367 5423 3705 5495 Theophilus

2125 5524 2504 5579 abstrusarum
2541 5534 2725 5576 rerum
2767 5532 3037 5589 operosus
3068 5516 3476 5589 investigator),
3505 5518 3617 5572 sive
3651 5517 3701 5570 id

2125 5629 2348 5678 cavens,
2380 5626 2447 5669 ne
2476 5628 2616 5684 quas
2647 5612 2695 5667 is
2721 5609 2911 5667 turbas
2955 5624 3014 5666 se
3060 5608 3287 5666 absente
3317 5609 3387 5666 ob
3420 5618 3704 5680 sacrarum

1741 5709 1973 5767 VARIIE
2013 5707 2417 5768 LECTIONES.

490 5813 534 5845 ss
559 5806 812 5883 ἀγάγοιῖ
902 5806 948 5837 ⁸⁸
980 5803 1074 5857 καὶ
1110 5802 1352 5876 πρῶτον]
1383 5802 1437 5857 δὲ
1473 5820 1562 5873 πρ.
1606 5800 1666 5861 Ρ.
