4200 6454
578 314 685 382 135
1654 315 2169 378 THEOPHANES

2297 310 2773 372 *NTINUATUS.
3765 300 3877 364 136

575 429 787 485 Salvus
819 426 949 483 inde
1002 434 1255 496 receptus
1294 425 1508 497 Cpolim
1544 428 1599 484 in
1650 445 1866 484 sacram
1920 427 2181 483 Blacher—

2297 426 2475 492 ἄπιθι,
2501 428 2740 489 τέκνον,
2764 422 2914 491 πρὸς
2944 423 3054 476 τόν
3079 422 3306 489 πατέρα
3345 436 3462 474 σου
3483 435 3493 447 ·
3519 417 3627 487 ἐμὲ
3648 417 3716 472 δὲ
3738 419 3881 475 ἴσθι

575 536 802 578 nensem
829 520 999 576 aedem
1031 519 1203 584 venit,
1230 534 1359 591 erga
1399 536 1565 592 quam
1600 522 1766 577 sciret
1798 520 2166 591 Theophilum

2297 516 2683 583 πορευόμενον
2729 515 2802 568 οὐ
2854 512 3006 581 πρὸς
3034 513 3249 577 ἄλλον,
3287 512 3440 580 πρὸς
3477 510 3545 563 δὲ
3577 508 3687 563 τὸν
3722 510 3885 578 ἐμόν

578 630 688 671 non
715 615 992 682 vulgarem
1022 613 1227 669 habere
1253 614 1441 669 fidem.
1495 614 1767 682 Quocirca
1798 616 1961 671 etiam
1995 617 2170 687 magi-

2297 607 2461 674 ῖντως
2495 607 2768 672 ,ϐασιλέα
2810 607 2910 662 καί
2945 609 3176 675 κύριον.
3228 605 3529 669 Διασωθεῒς
3567 604 3611 657 δ’
3659 604 3881 657 ἐκεῖθεν

576 707 679 763 stri
705 709 913 761 honore
946 704 1210 770 donatur,
1238 706 1549 777 exindeque
1577 707 1864 778 TheOphili
1894 718 2174 778 compater

2297 700 2413 772 πρὸς
2442 702 2539 771 τὴν
2566 699 2962 770 βασιλεύουσαν
2997 702 3078 763 είς
3113 698 3206 753 τὸν
3237 701 3294 753 ἐν
3339 697 3675 768 Βλαχέρναις
3726 696 3882 751 θεῖον

576 799 751 864 audit,
804 811 861 853 et
914 798 1229 853 scholarum
1282 800 1622 856 domesticus
1654 802 1970 871 praeficitur.
2008 801 2164 870 121

2297 796 2631 865 ιπεφοιτήκει
2661 793 2811 857 ναὸν,
2842 794 2935 847 τὸν
2959 794 3222 863 Θεόφιλον
3252 790 3412 855 εἰδὼς
3442 792 3504 845 οὐ
3538 792 3637 862 τὴν
3667 791 3878 862 coxo-3°-

574 892 697 949 Non
744 894 948 949 desunt
977 891 1072 963 qui
1104 892 1291 948 dicant
1337 892 1546 963 fugisse
1590 895 1811 965 quidem
1859 892 2168 949 Manuelem

2297 903 2381 940 παν
2411 886 2604 957 ἔχοντα
2636 886 2819 941 πίστιν
2853 888 2935 952 είς
2988 888 3176 945 αὐτόν.
3238 886 3402 940 Ὅθεν
3437 888 3530 938 καὶ
3568 888 3882 955 μὰγιστρος

578 985 649 1042 ad
699 986 1004 1057 Agarenos,
1045 1000 1111 1039 ac
1138 984 1430 1054 Theophili
1466 1001 1656 1056 opera,
1710 985 1787 1039 uti
1820 985 2029 1040 dictum
2061 995 2166 1051 est,

2297 982 2528 1051 τιμᾶται.
2591 980 2688 1035 καὶ
2740 980 3030 1043 σύντεκνος
3066 979 3253 1033 ἔκτοτε
3312 976 3646 1051 χρηματίζει
3678 976 3880 1043 αὑτοῦ,

581 1075 755 1131 fuisse
786 1084 1127 1140 revocatum,
1155 1089 1264 1129 non
1300 1084 1483 1130 tamen
1513 1076 1815 1145 majestatis
1845 1085 2166 1131 accusatum

2297 1077 2374 1125 ta‘t
2398 1071 2720 1142 δομέστικος
2750 1071 3149 1143 προόιῦάζεται
3187 1071 3298 1125 τῶν
3339 1070 3567 1141 σχολῶν.
3613 1069 3735 1122 Etsi.
3770 1070 3881 1138 μὲν

581 1164 888 1236 Theophilo
934 1165 1241 1235 imperante
1280 1163 1505 1234 fugisse,
1539 1164 1635 1220 sed
1670 1164 1937 1219 Michaele
1965 1162 2170 1218 Traulo

2297 1166 2322 1217 ς’
2359 1165 2403 1196 ³⁸
2435 1164 2485 1218 οἳ
2511 1166 2656 1236 φυγῇ
2701 1165 2800 1235 μὲν
2835 1164 3146 1236 χρήσασθαι
3179 1165 3271 1218 τὸν
3293 1162 3551 1233 Μανουήλ
3579 1179 3711 1232 φασι
3738 1161 3887 1233 πρδς

582 1257 700 1328 ejus
731 1268 908 1329 patre,
935 1258 1051 1312 sive
1083 1256 1212 1311 odio
1244 1256 1297 1310 in
1332 1255 1485 1311 illum
1535 1256 1820 1323 defecerit,
1871 1257 1988 1311 sive
2023 1254 2171 1325 quod

2297 1257 2407 1318 τοὺς
2447 1257 2506 1323 ἐξ
2539 1258 2741 1327 Ἀγαρ,
2778 1258 2872 1311 καὶ
2901 1258 2990 1312 διὰ
3016 1257 3118 1328 τὴν
3170 1254 3457 1324 Θεοφίλου,
3504 1254 3579 1318 ὡς
3633 1254 3884 1325 εἴρηται,

580 1363 795 1407 veteres
818 1351 937 1422 ejus
970 1347 1285 1403 inimicitias
1313 1361 1602 1417 suspectas
1635 1348 1878 1403 haberet.

2297 1346 2647 1403 επανελθόντα
2669 1350 2932 1419 σπουδὴν,
2955 1349 3016 1403 οὐ
3049 1348 3155 1419 μὴν
3177 1348 3506 1432 ξαθοσίωσιν
3536 1345 3885 1417 ὲγκληθέντα

582 1445 677 1499 ἐπὶ
703 1443 963 1511 Θεοφίλου
995 1444 1209 1511 φυγεῖν,
1262 1440 1357 1493 ἐπὶ
1411 1439 1634 1509 Μιχαὴλ
1685 1439 1742 1492 δὲ
1779 1437 1874 1492 τοῦ
1912 1436 2161 1509 Τραυλοῦ
2200 1437 2295 1492 τοῦ
2320 1438 2518 1493 τούτου
2555 1439 2763 1512 πατρὸς
2789 1482 2803 1507 ,
2840 1442 2951 1495 εἴτε
3020 1439 3115 1494 καὶ
3164 1441 3311 1511 μίσει
3369 1439 3449 1511 τῷ
3516 1439 3652 1511 πρὸς
3710 1440 3889 1494 αὑτὸν

581 1537 907 1608 φερόμενον,
959 1535 1069 1588 εἴτε
1122 1534 1187 1602 δη
1220 1531 1316 1586 καὶ
1364 1532 1602 1586 παλαιὰν
1666 1531 1945 1585 δεδοικότα
2005 1532 2167 1603 μῆνιν
2206 1530 2393 1585 αὑτοῦ.

652 1629 875 1686 Interim
919 1642 1053 1681 vero
1095 1626 1261 1680 etiam
1294 1624 1497 1681 Jannes
1531 1624 1859 1680 Cl’olitanus
1892 1624 2187 1696 episcopus

2366 1628 2773 1698 Χειροτονεῖται
2802 1630 2858 1683 δὲ
2886 1628 2981 1684 καὶ
3023 1629 3233 1700 Ἰαννῆς
3259 1630 3559 1693 ἐπίσκοπος
3590 1631 3892 1685 Κωνσταν-

582 1721 891 1785 ordinatur,
925 1719 1130 1789 Aprilis
1174 1718 1442 1787 vigesima
1503 1718 1703 1787 prima,
1735 1717 1827 1772 die
1858 1716 2169 1783 Dominica,

2297 1722 2638 1788 τινουπόλεως
2658 1723 2801 1776 κατὰ
2822 1723 2922 1795 τὴν
2942 1723 3134 1777 εἰκάδα
3159 1724 3387 1794 πρώτην
3418 1722 3511 1777 τοῦ
3558 1722 3889 1794 Ἀπριλλίου

1654 315 2169 378 THEOPHANES
2208 310 2773 374 CONTINUATUS.

583 1814 885 1884 impietatis
927 1812 1215 1883 praemium
1273 1826 1658 1882 perversaque
1712 1811 1837 1866 fidei
1891 1827 1957 1867 ac
2004 1812 2179 1868 sacris

585 1905 927 1977 imaginibus
995 1903 1183 1975 negati
1262 1905 1447 1959 cultus
1516 1903 1889 1959 sacerdotium
1987 1919 2181 1959 conse-

585 2009 769 2056 eutus.

657 2086 750 2141 27.
778 2086 953 2142 Porro
1004 2085 1342 2157 Theophilus
1387 2086 1517 2141 dum
1559 2086 1837 2142 curiosior
1876 2096 1961 2143 est
1999 2087 2183 2158 inqui-

586 2179 743 2235 rendi
782 2179 989 2244 studio,
1040 2190 1096 2234 et
1147 2192 1209 2235 ut
1248 2178 1488 2234 futuram
1530 2180 1922 2249 imperatorum
1963 2196 2186 2236 succes-

587 2269 802 2324 sionem
863 2269 1127 2325 vaticinio
1185 2269 1472 2325 condiscat
1529 2270 1817 2339 operosius
1893 2270 2183 2335 incumbit,

588 2361 879 2416 mulierem
914 2360 1214 2431 quamdam
1245 2361 1624 2430 superioribus
1652 2360 1809 2416 bellis
1826 2376 1891 2415 ex
1924 2362 2187 2432 Agarenis

587 2462 829 2523 captam,
862 2451 1168 2525 Pythonico
1232 2453 1431 2523 spiritu
1460 2452 1774 2517 obsessam,
1819 2454 2185 2524 quorumdam

588 2544 861 2599 relatione
892 2544 1115 2616 accipit.
1174 2543 1309 2598 Eam
1362 2544 1549 2616 itaque
1580 2545 1838 2610 accersit,
1867 2560 1933 2601 ac
1961 2546 2185 2616 quinam

590 2636 647 2691 in
706 2636 931 2705 longum
997 2644 1214 2707 tempus
1257 2634 1491 2706 imperio
1561 2635 1786 2707 petituri
1832 2637 1944 2692 sint
1978 2652 2045 2693 ex
2095 2637 2186 2692 illa

590 2726 813 2799 quaerit.
860 2726 942 2782 Ad
1005 2743 1171 2798 quem
1203 2737 1377 2791 vates,
1412 2742 1804 2783 successurum
1851 2730 1972 2799 ejus
2015 2730 2188 2785 lilium

590 2834 718 2875 cum
755 2819 1021 2890 conjuge,
1090 2820 1403 2891 TheOphilo
1448 2821 1736 2893 respondit
1774 2839 1788 2875 :
1821 2832 2011 2893 postea
2059 2838 2190 2879 vero

591 2912 712 2969 fore
771 2921 833 2968 ut
890 2911 1346 2968 Martinaciorum
1379 2928 1553 2986 genus
1598 2929 1775 2969 annos
1806 2915 1991 2985 plures
2018 2916 2191 2987 impe-

592 3004 736 3058 rium
795 3013 1002 3060 teneat.
1054 3004 1206 3060 Illico
1241 3007 1427 3077 itaque
1477 3005 1830 3062 Martinacem
1881 3008 2048 3072 hunc,
2085 3008 2189 3064 etsi

593 3095 701 3166 ipsi
732 3094 992 3151 afﬁnitate
1017 3072 1399 3168 conjunctum,
1446 3114 1576 3153 raso
1628 3099 1809 3169 capite
1857 3096 2194 3169 Theophilus
2222 3072 2265 3128 δ

594 3191 929 3245 monachum
995 3189 1145 3255 facit,
1173 3190 1405 3260 ejusque
1446 3192 1595 3246 mdes
1636 3192 1690 3244 in
1750 3192 1971 3246 domum
2008 3191 2101 3247 Dei
2132 3207 2197 3247 ac

596 3282 1002 3337 monachorum
1033 3282 1376 3337 domicilium
1403 3282 1624 3351 redigit.
1650 3279 1838 3351 Neque
1859 3281 1964 3336 hoc
1990 3287 2194 3345 solum,

594 3370 690 3427 sed
719 3379 775 3426 et
804 3371 909 3425 alia
952 3372 1110 3442 plura
1135 3372 1336 3427 mulier
1372 3372 1669 3426 vaticinata
1712 3381 1818 3435 est,
1854 3388 2047 3443 nempe.
2066 3371 2198 3427 Jan-

597 3477 722 3517 nem
744 3460 1103 3533 patriarchali
1154 3466 1284 3518 sede
1345 3463 1624 3534 dcjectum
1655 3463 1744 3527 iri,
1796 3479 2197 3536 sacrarumque

597 3555 900 3624 imaginum
978 3555 1350 3610 revocandam
1430 3555 1754 3626 religionem
1824 3571 1891 3611 ac
1962 3558 2195 3612 cultum.

596 3645 782 3714 Quare
812 3646 1125 3702 vehementi
1145 3646 1340 3702 dolore
1371 3648 1530 3717 122
1552 3648 1805 3703 concitus
1835 3648 2195 3719 Theophilus,

600 3751 829 3807 remque
861 3737 1032 3793 altius
1058 3748 1241 3793 mente
1282 3740 1528 3793 retinens
1549 3779 1564 3804 ,
1596 3754 1976 3810 saepenumero
2005 3745 2198 3812 Augu-

600 3839 767 3895 stam,
803 3830 872 3885 ad
900 3831 1016 3887 haec
1046 3841 1101 3887 et
1140 3831 1523 3888 Theoctistum
1572 3832 1906 3903 logothetam
1941 3835 2201 3890 monebat

601 3937 667 3979 ac
699 3923 1027 3979 hortabatur
1057 3924 1362 3997 multisque
1420 3926 1791 3983 sacramentis
1830 3928 2107 3998 adigebat.
2132 3943 2200 3984 ne

602 4029 845 4086 unquam
904 4012 1137 4070 Jannem
1206 3999 1571 4087 patriarchali
1644 4017 1775 4072 sede
1827 4017 1991 4087 dejici
2036 4028 2199 4074 autve

599 4109 870 4179 imagines
920 4108 1026 4164 coli
1089 4118 1433 4181 paterentur.
1495 4109 1729 4165 Tantam
1794 4126 1925 4165 vero
1973 4127 2199 4182 operam

598 4200 937 4274 vestigandis
967 4201 1280 4259 istiusmodi
1323 4203 1721 4275 imperatorum
1754 4205 2201 4263 successionibus

594 4294 810 4363 posuit.
838 4303 895 4348 ut
919 4303 976 4349 et
1001 4292 1199 4350 Jannis
1259 4311 1325 4349 ex
1364 4296 1506 4365 pelvi
1555 4295 1897 4351 divinatione
1935 4295 2198 4352 Basilium

2286 1812 2477 1882 μηνὸς,
2513 1813 2699 1885 ἡμέρᾳ
2730 1813 2950 1886 πρώτῃ,
2984 1809 3148 1867 ἆθλον
3182 1813 3443 1877 ἀσεϐείας
3482 1815 3576 1866 καὶ
3614 1814 3893 1878 ἀπιστίας

2284 1908 2380 1959 καὶ
2414 1905 2509 1960 τοῦ
2541 1908 2617 1979 μὴ
2647 1910 2745 1972 τὰς
2776 1909 2928 1971 θείας
2954 1908 3175 1970 είκόνας
3214 1908 3546 1978 προσκυνεῖν
3578 1906 3678 1979 τὴν
3710 1908 3891 1979 ίερω-

2285 1998 2453 2071 σύνην
2482 2000 2954 2071 ἀπενεγκάμενος.

2362 2091 2468 2157 κζ’.
2498 2094 2789 2165 Ζητητικῷ
2814 2095 2867 2147 δὲ
2890 2095 2969 2164 τῷ
2992 2092 3240 2164 Θεοφίλῳ
3268 2092 3594 2163 τυγχάνοντι
3624 2094 3719 2147 καὶ
3740 2093 3898 2162 ἄγαν

2287 2185 2595 2256 ἐγκειμένῳ
2630 2187 2760 2255 περὶ
2791 2185 3047 2253 γνώσεως
3080 2185 3191 2239 τῶν
3232 2185 3540 2255 μελλόντων
3575 2184 3899 2255 βασιλεύειν

2287 2278 2523 2348 ἀνδρῶν,
2555 2277 2779 2347 γύναιόν
2807 2296 2855 2333 τι
2882 2279 3087 2349 ληφθὲν
3121 2280 3186 2332 ὲκ
3213 2277 3324 2331 τῶν
3361 2279 3543 2349 ¹Ἀγαρ
3580 2277 3721 2332 κατὰ
3749 2280 3896 2342 τοὺς

2290 2369 2565 2439 πολέμους
2602 2370 3136 2433 τούτους,Πύθωνος
3183 2372 3555 2442 κατεχόμενον
3605 2370 3896 2439 πνεύματι

2290 2460 2445 2533 παρά
2472 2478 2636 2514 τινων
2674 2461 3036 2533 ἀνεμάνθανε.
3087 2461 3261 2517 Τοῦτο
3306 2460 3401 2517 οὖν
3446 2463 3623 2534 ἠγαγὲ
3660 2478 3716 2515 τε
3750 2465 3900 2533 παρ’

2291 2553 2471 2624 ἑαυτῷ
2509 2555 2537 2607 ὁ
2582 2555 2878 2624 Θεόφιλος,
2945 2556 3037 2609 καὶ
3084 2556 3230 2622 τίνες
3282 2553 3393 2609 εἷεν
3443 2550 3519 2609 ὦν
3563 2556 3596 2626 ὴ
3633 2555 3900 2625 βασιλεία

2289 2650 2573 2719 διαρκέσει
2629 2650 2722 2704 ἐπὶ
2771 2648 2907 2702 πολὺ
2966 2648 3324 2703 ἐπυνθάνετο.
3394 2648 3483 2710 Ὠς
3509 2648 3594 2713 δὲ,
3628 2646 3730 2701 Σοῦ
3790 2648 3901 2721 μὲν

2292 2742 2540 2812 διάδοχον
2590 2741 2683 2794 τὸν
2727 2742 2818 2795 σὺν
2846 2742 2961 2794 υίὸν
2995 2742 3091 2794 καὶ
3122 2741 3405 2813 γαμετὴν,
3441 2740 3790 2808 ἁπεφοίϐασέ
3833 2758 3899 2794 τε

2294 2837 2552 2904 γενέσθαι
2579 2835 2675 2888 καὶ
2707 2835 3109 2906 ἐμαντεύσατο,
3146 2836 3447 2903 μετέπειτα
3479 2833 3536 2886 δὲ
3564 2832 3692 2898 τοὺς
3721 2834 3898 2906 Μαρ-

2294 2930 2577 2994 τινακίους
2603 2929 2697 2982 ἐπὶ
2728 2929 2862 2982 πολὺ
2891 2930 2991 2999 τῆς
3022 2926 3302 2998 βασιλείας
3333 2928 3653 2995 κατασχεῖν,
3682 2927 3895 2983 αὐτίκα

2298 3022 2488 3077 τοῦτον
2519 3023 2611 3075 τὸν
2640 3020 3025 3090 Μαρτινάκην,
3060 3019 3154 3073 καί
3180 3018 3262 3072 τοί
3292 3036 3355 3087 γε
3394 3022 3895 3090 προσῳκειωμένον

2298 3114 2449 3184 αὐτῷ
2470 3131 2585 3176 πως
2609 3114 2751 3165 κατὰ
2771 3114 3117 3181 συγγένειαν,
3135 3111 3271 3181 πρὸς
3299 3111 3359 3163 τὸ
3379 3110 3637 3181 μονάζειν
3662 3111 3897 3166 ἀπέκειο

2300 3222 2416 3276 ρεν,
2464 3205 2559 3257 καὶ
2602 3205 2693 3256 τὸν
2733 3204 2932 3257 ἑαυτοῦ
2983 3198 3133 3257 οἷκον
3184 3202 3321 3256 Θεοῦ
3373 3204 3466 3257 καὶ
3512 3206 3763 3275 μοναχῶν
3798 3205 3895 3259 ὲν-

2298 3293 2582 3359 απέδειξεν
2610 3294 2956 3365 ἐνδιαίτημα.
2991 3295 3067 3347 υὺ
3101 3294 3260 3349 τοῦτο
3288 3294 3345 3350 δὲ
3385 3296 3571 3367 μόνον,
3598 3298 3736 3352 ἀλλὰ
3792 3298 3897 3352 καὶ

2298 3386 2472 3440 πολλά
2499 3387 2610 3439 τῶν
2652 3386 2957 3457 μελλόντων
2995 3387 3056 3441 τὸ
3088 3388 3312 3457 γύναιον
3346 3390 3722 3444 ἀπεθέσπισεν
3742 3407 3757 3420 ο
3798 3392 3898 3443 τόν

2297 3497 2358 3535 τε
2385 3483 2494 3550 γὰρ
2534 3479 2745 3548 ἰαννῆν
2770 3479 2867 3533 τοῦ
2898 3481 3303 3553 πατριαρχικοῦ
3340 3481 3533 3554 θρόνου
3564 3484 3757 3558 πόρρω
3784 3500 3896 3536 που

2299 3573 2554 3643 γενέσθαι
2603 3571 2959 3643 ἑνεσήμανεν,
3000 3573 3095 3626 καὶ
3123 3575 3224 3642 τὴν
3252 3572 3365 3627 τῶν
3393 3574 3609 3628 σεπτῶν
3659 3575 3898 3629 εἰκόνων

2300 3665 2680 3738 ὰναστήλωσιν
2713 3668 3114 3736 κατεσάφησεν.
3143 3659 3239 3728 Οἷς
3268 3665 3367 3736 τὴν
3386 3666 3568 3736 ψυχὴν
3586 3669 3613 3719 ό
3629 3666 3901 3736 Θεόφιλος

2300 3759 2579 3822 ὲπώδυνος
2628 3757 2873 3828 γεγονὼς
2907 3760 3004 3813 καὶ
3045 3758 3431 3812 δυσαπονιπτα
3482 3757 3659 3813 ταῦτα
3699 3758 3898 3827 φέρων

2300 3853 2389 3907 ἀεὶ
2419 3852 2593 3906 πολλὰ
2617 3850 2701 3924 [Ρ.
2730 3850 2824 3923 76]
2852 3851 3115 3912 πολλάκις
3140 3849 3306 3921 ἐπῇδε
3330 3853 3396 3922 τῇ
3424 3848 3620 3904 ἑαυτοῦ
3649 3850 3899 3920 γαμετῇ,

2302 3946 2439 4018 πρὸς
2465 3945 2522 3999 δὲ
2546 3947 2640 4001 καὶ
2666 3944 2931 4015 λογοθέτῃ
2968 3942 3276 4013 Θεοκτίστῳ
3309 3943 3542 4015 παρῄνει
3567 3944 3661 3996 καὶ
3693 3940 3903 4010 πλήθει

2300 4036 2629 4105 κατεδέσμει
2676 4035 2858 4106 ὅρκων
2894 4031 2989 4087 τοῦ
3033 4034 3169 4104 μήτε
3196 4032 3288 4085 τὸν
3342 4032 3555 4103 ’ῐαννῆν
3592 4029 3901 4105 ὑπερορίας

2299 4130 2486 4199 τυχεῖν
2524 4127 2663 4198 μήτε
2690 4127 2798 4199 μὴν
2828 4125 2928 4190 τὰς
2957 4126 3175 4189 εἰκόνας
3206 4128 3657 4196 προσκυνήσεως.
3692 4125 3900 4178 Τοσοῦ-

2301 4234 2395 4269 τον
2441 4216 2497 4269 δὲ
2541 4217 2650 4287 ἄρα
2698 4217 2767 4269 τὰ
2803 4215 2935 4286 περὶ
2982 4215 3080 4286 τῆς
3128 4214 3409 4286 βασιλείας
3468 4215 3672 4286 ἡρεύνα
3700 4233 3760 4270 τε
3800 4220 3896 4270 καὶ

2302 4308 2608 4379 ἐξιχνίαζεν
2635 4306 2710 4371 ὡς
2742 4307 2837 4361 καὶ
2858 4307 3010 4378 παρά
3027 4307 3122 4359 τοῦ
3157 4306 3359 4362 Ἰαννοῦ
3381 4309 3439 4361 ὲν
3460 4306 3901 4382 λεκανομαντείᾳ

601 4384 819 4456 imperii
851 4399 1035 4439 arcem
1069 4394 1460 4453 δυεεθριυτυηὶ
1484 4385 1774 4455 ρθτδιιῑοιιθ
1798 4384 2014 4439 νίάθτίι·
2050 4384 2199 4441 ΡΙἚ⁹
2233 4416 2276 4469 ι)
2303 4400 2396 4454 τὸν
2433 4400 2696 4471 μέλλοντα
2730 4399 3015 4451 Βασίλειον
3064 4399 3165 4470 τὴν
3212 4399 3474 4472 τοιαύτην
3529 4401 3897 4473 ὑπειληφέναι
3934 4453 3938 4457 ι

604 4475 1096 4544 terimperatorem
1125 4475 1253 4530 aliis
1312 4490 1536 4545 quoque
1561 4490 1629 4530 ex
1676 4490 1740 4529 ea
1786 4475 2199 4531 sciscitantibus

604 4566 802 4621 mulier
847 4568 1151 4637 respondit.
1200 4567 1257 4623 ιιι
1324 4568 1411 4622 his
1456 4566 1826 4623 Constantino
1887 4566 2197 4639 Triphylia,

605 4658 839 4711 multum
863 4658 1077 4728 roganti
1113 4674 1179 4714 ac
1225 4659 1387 4714 enixe
1440 4669 1706 4714 eventura
1738 4658 2031 4728 quaerenti,
2060 4672 2201 4727 pra:-

602 4748 877 4805 dixitfore
908 4750 1168 4806 nimirum
1200 4752 1395 4822 utipse
1414 4767 1480 4807 ac
1506 4750 1603 4805 lilii
1636 4750 1841 4805 Basilio
1872 4749 2203 4820 imperatore

602 4842 916 4898 clericalem
984 4844 1234 4899 habitum
1297 4844 1625 4911 induerent;
1701 4841 1851 4914 quod
1893 4850 1948 4897 et
1997 4843 2198 4898 evenit.

603 4936 845 5008 Georgio
871 4953 1092 5009 quoque
1132 4938 1454 4993 militarium
1509 4937 1820 4993 tabularum
1853 4951 1917 4992 ac
1942 4937 2203 4991 matricu-

604 5028 780 5083 larum
805 5028 1066 5099 praefecto
1092 5029 1345 5099 prmdixit
1376 5030 1492 5083 fore
1542 5042 1596 5083 ut
1633 5029 1686 5084 in
1731 5027 1876 5084 Circi
1907 5026 2077 5083 funda
2106 5043 2205 5082 ne-

603 5130 826 5177 caretur
862 5122 1096 5193 ejusque
1156 5122 1469 5179 substantia
1530 5124 1663 5177 fisco
1719 5122 2086 5179 addiceretur.
2140 5122 2205 5176 Et

604 5213 721 5271 haec
748 5213 974 5286 quidem
1004 5216 1272 5271 hactenus
1313 5216 1468 5286 juxta
1496 5215 1876 5273 Platonem....

678 5418 771 5473 28.
805 5420 963 5475 Anno
1014 5422 1267 5492 sequenti
1296 5421 1535 5491 Agareni
1583 5431 1636 5476 et
1678 5420 2016 5488 TheOphilus
2039 5435 2201 5489 cxpe-

609 5511 821 5565 ditione
844 5512 1104 5583 utrinque
1136 5524 1414 5584 suscepta,
1456 5514 1718 5583 utrinque
1758 5515 1857 5567 abs
1884 5528 1944 5567 se
1964 5523 2112 5566 metu
2143 5529 2201 5566 re

612 5599 822 5668 integra
859 5600 1086 5655 domum
1144 5604 1447 5659 redierunt.
1498 5603 1701 5661 Eodem
1774 5604 1889 5659 fere
1952 5613 2199 5672 tempore

2299 4493 2474 4564 ἀρχὴν
2514 4491 2774 4564 καθαρῶς
2827 4492 3043 4545 ἐνιδεῖν.
3081 4492 3156 4544 Οὐ
3189 4491 3296 4562 μὴν
3335 4491 3393 4547 δὲ
3420 4491 3558 4546 ἀλλὰ
3600 4492 3697 4547 καὶ
3732 4495 3896 4548 Κων-

2301 4589 2582 4639 στανττνον
2610 4585 2701 4640 τὸν
2727 4582 2869 4639 κατά
2897 4584 2988 4637 τὸν
3016 4584 3314 4656 Τριφύλιον
3334 4585 3403 4640 τὰ
3424 4585 3578 4657 αὐτῷ
3611 4586 3896 4657 συμϐησόο

2305 4697 2442 4751 μενα
2474 4681 2755 4753 διετράνου
2790 4682 2853 4734 τὸ
2879 4679 3104 4748 γύναιον
3127 4719 3143 4746 ,
3192 4679 3366 4735 πολλὰ
3417 4680 3752 4753 λιπαροῦντα
3793 4683 3894 4734 καὶ

2302 4774 2743 4844 πυνθανόμενον·
2778 4772 2944 4826 αὐτόν
2974 4790 3033 4826 τε
3064 4773 3173 4845 γὰρ
3217 4773 3314 4826 καὶ
3359 4774 3485 4835 τοὺς
3538 4771 3707 4826 αὑτοῦ
3754 4774 3898 4837 υίείς

2301 4863 2568 4935 κληρικοῦ
2605 4864 2794 4933 σχῆμα
2829 4862 2923 4915 ἐπὶ
2962 4863 3053 4915 τοῦ
3089 4860 3371 4916 Βασιλείου
3402 4861 3797 4933 διαμειφθῆναι
3824 4881 3835 4889 ·
3868 4864 3896 4917 ὃ

2302 4955 2399 5010 καὶ
2429 4955 2671 5025 γέγονεν.
2702 4957 2811 5008 Καὶ
2839 4955 2877 5007 Γ
2880 4954 3111 5026 εώργιον
3141 4955 3196 5008 δὲ
3228 4954 3321 5008 τὸν
3357 4952 3455 5017 τὰς
3484 4957 3898 5026 στρατιωτικὰς

2302 5050 2519 5121 δέλτους
2543 5048 2951 5121 ἐπειλημμένον
2970 5048 3063 5101 ἐπὶ
3084 5047 3349 5119 σφενδόνῃ
3365 5050 3431 5118 τῇ
3454 5048 3597 5102 κατὰ
3619 5050 3711 5102 τὸν
3732 5050 3899 5107 ἱππό-

2305 5144 2506 5214 δρομον
2554 5141 2987 5212 ἀποκτανθῆναι,
3027 5141 3120 5194 καὶ
3166 5143 3268 5210 τὴν
3323 5140 3565 5211 ὓπαρξιν
3620 5142 3788 5196 αὑτοῦ
3819 5143 3897 5213 τῷ

2304 5233 2572 5304 βασιλικῷ
2594 5232 2916 5303 ἀνειλῆφθαι
2961 5230 3192 5302 ταμείῳ.
3222 5230 3330 5284 Καὶ
3358 5230 3533 5286 ταῦτα
3564 5232 3662 5302 μὲν
3686 5227 3789 5287 ὧδέ
3818 5250 3896 5304 πη

2301 5328 2444 5381 κατὰ
2479 5326 2814 5380 Πλάτωνα...

2374 5420 2480 5489 κη’.
2517 5417 2608 5488 Τῷ
2644 5417 2688 5470 δ’
2725 5418 2933 5471 ἐπιόντι
2979 5416 3090 5470 ἔτει
3137 5416 3273 5488 πρὸς
3323 5415 3416 5470 τὸν
3468 5415 3588 5471 κατ’
3646 5415 3895 5486 ἀλλήλων

2309 5517 2548 5584 πόλεμον
2576 5513 2630 5566 οἴ
2660 5514 2706 5567 τ’
2761 5513 3057 5583 ’Λγαρηνοὶ
3096 5512 3190 5565 καὶ
3215 5514 3243 5565 ό
3274 5511 3533 5580 Θεόφιλος
3580 5509 3890 5575 ἐξελθόντες

2312 5606 2536 5673 ἔμειναν
2567 5603 2841 5672 ἄπρακτοι
2870 5601 3148 5667 παντελῶς
3179 5602 3441 5673 ἀλλήλους
3475 5600 3892 5673 καταπτοούμε-

1928 5698 2161 5755 ΥΛῐίΙᾸί
2194 5697 2607 5758 LECTIONES.

685 5782 815 5854 ⁸θεῖ’]
850 5784 951 5853 ei]?
986 5800 1056 5838 an
1082 5789 1206 5836 τοιῖ
