4200 6414
549 377 654 446 143

1638 365 2053 429 ἸΗΕΟΡΗΑΝ
2066 365 2154 424 ES
2185 363 2464 424 CONTIN
2478 365 2746 425 UA'l‘US.

3716 363 3816 428 ιιι

551 511 664 551 tum
693 494 1026 565 prodituros,
1079 498 1240 558 atque
1294 487 1360 542 ad
1391 503 1538 550 eum,
1577 500 1749 555 a’quo
1792 483 2126 548 defecerant,

2246 481 2296 534 ιδ
2343 481 2660 552 στράτευμα
2718 482 2827 536 τῶν
2901 482 3185 554 Ῥωμαίων
3241 482 3675 554 καταπροδοῦναι
3726 485 3820 537 καὶ

550 590 848 660 principem
877 599 1000 640 esse
1058 597 1400 638 reversuros.
1435 580 1693 635 RemJlle
1723 579 1910 634 statim
1959 577 2128 645 impe-

547 684 712 738 ratori
768 690 983 736 secreto
1029 677 1339 739 denuntiat,
1375 675 1743 744 hortaturque
1783 681 1842 726 ut
1881 686 2005 726 cum
2029 670 2124 724 de-

547 775 701 837 lectis
751 788 866 828 suze
921 771 1082 825 saluti
1139 769 1417 830 consulat,
1470 783 1569 822 nec
1599 774 1875 835 exspectet
1915 764 2041 818 dum
2071 762 2128 816 in

547 866 786 920 hostium
809 879 1005 918 manus
1036 863 1233 916 veniat.
1252 859 1540 927 Quaerente
1560 859 1654 912 illo
1687 876 1701 912 :
1734 858 1800 910 A1
1827 857 1918 925 qui
1943 855 2040 926 ﬁat
2071 863 2130 908 ut

547 965 697 1009 tanta
714 953 950 1007 militum
989 949 1166 1011 turba,
1185 949 1276 1020 qui
1301 948 1431 1002 mihi
1459 947 1821 1010 adharserunt,
1843 941 2128 999 incolumis

545 1047 744 1102 abeat?
778 1045 898 1100 Tibi
931 1045 1108 1107 modo,
1150 1041 1349 1110 inquit,
1382 1041 1691 1109 imperator,
1724 1038 1863 1092 Dens
1904 1036 2130 1090 salutem

493 1138 507 1150 '
543 1148 788 1207 pra'stet;
817 1135 1005 1206 reliqui
1056 1147 1178 1186 mox
1223 1131 1334 1184 suis
1366 1131 1517 1184 rebus
1555 1128 1850 1185 consulant.
1885 1127 2129 1183 Tandem

544 1248 674 1302 ergo
707 1231 809 1287 sub
835 1225 1329 1299 ipsumdiluculum
1370 1225 1704 1294 imperatore
1752 1222 1880 1293 fuga
1917 1223 2128 1293 elapso,

544 1333 598 1376 ct
635 1320 797 1392 129
830 1334 956 1374 cum
989 1318 1055 1371 ad
1117 1315 1591 1371 Chiliococomum
1644 1315 1933 1380 evasisset,
1990 1328 2132 1384 quos

545 1416 778 1469 desertis
819 1411 1108 1466 ordinibus
1134 1418 1283 1479 terga
1314 1408 1534 1464 dedisse
1575 1408 1744 1464 duces
1792 1423 2131 1463 commemo~

545 1508 812 1572 ravimus,
845 1515 1200 1559 occurrentes
1251 1502 1512 1574 indignos
1545 1517 1602 1557 se
1651 1503 1762 1556 vita
1795 1501 2133 1572 proﬁteban-

543 1612 656 1661 tur.
690 1599 784 1669 qui
820 1601 1209 1667 imperatorem
1242 1595 1296 1648 in
1330 1610 1509 1664 pugna
1545 1595 1950 1664 prodidissent;
1989 1594 2133 1664 jam-

543 1707 650 1764 que
680 1692 795 1746 suis
847 1689 950 1760 ipsi
1005 1689 1200 1760 gladiis
1239 1697 1462 1758 pertora
1507 1688 1813 1754 nudabant,
1854 1698 2017 1757 atque
2064 1687 2133 1742 ad

543 1783 664 1854 ejus
681 1799 741 1840 se
768 1783 932 1855 pedes
958 1783 1158 1852 oppleti
1185 1780 1445 1852 lacrymis
1487 1779 1900 1851 provolvebant.
1931 1777 2131 1834 Verum

2240 573 2378 644 πρὸς
2407 574 2506 644 τὴν
2539 573 2598 639 ἐξ
2634 568 2701 645 ἦς
2729 574 3050 644 ἀπέστησαν
3077 574 3163 647 [Ρ.
3196 573 3287 647 80]
3323 578 3522 646 χωρεῖν
3553 575 3819 646 κεφαλήν.

2237 666 2381 738 Δῆλα
2406 665 2537 735 γοῦν
2555 665 2634 738 τῷ
2663 667 2873 738 βασιλεῖ
2893 667 2990 720 λάθ
3001 653 3068 738 ῥα
3090 671 3256 733 ποιεῖ,
3281 670 3374 722 καὶ
3405 668 3598 722 ἑαυτὸν
3627 667 3824 732 σώζειν

2240 759 2380 828 μετά
2411 759 2654 828 λογάδων
2683 760 2839 829 ἠξίου
2871 761 2964 813 καὶ
2999 762 3075 831 μὴ
3108 762 3428 832 περιμένειν
3467 761 3567 832 τὴν
3596 761 3821 816 ἀλωσιν.

2237 851 2366 916 Καὶ,
2391 849 2520 917 Πῶς
2541 851 2712 904 ἔσται
2733 851 2840 905 τοῦ
2857 853 3153 905 τοσούτου
3166 852 3342 918 λαοῦ,
3368 853 3825 922 ἐπερωτήσαντος

2241 944 2337 998 τοῦ
2390 943 2678 1014 βασιλέως,
2719 945 2758 1012 ἠ
2799 947 3085 1013 σωτηρία,
3137 945 3265 1015 ἐμοὶ
3297 945 3824 1015 προσμεινάντων;

2235 1036 2360 1100 Σοί,
2411 1037 2565 1108 φησὶ,
2600 1038 2788 1106 μόνον
2815 1037 2993 1103 ἔστω,
3024 1037 3313 1105 βασιλεῦ,
3343 1036 3409 1090 τὸ
3439 1037 3727 1098 σώζεσθαι
3754 1037 3826 1090 ἐκ

2239 1127 2387 1181 Θεοῦ
2412 1143 2427 1159 ·
2464 1123 2632 1184 οὗτοι
2663 1126 2732 1180 δὲ
2773 1128 2994 1198 ταχέως
3029 1129 3102 1182 τὰ
3147 1129 3274 1182 κατ’
3326 1127 3549 1193 αὐτοὺς
3598 1127 3829 1193 Bromii-

2235 1234 2480 1276 σουσιν.
2519 1221 2649 1289 Ὀψέ
2673 1221 2805 1290 γοῦν
2835 1222 2980 1276 κατὰ
3004 1221 3064 1275 τὸ
3083 1222 3410 1295 περίορθρον
3438 1221 3531 1274 τοῦ
3562 1220 3826 1292 βασιλέως

2237 1319 2383 1388 φυγῇ
2418 1317 2766 1389 χρησαμένου
2797 1318 2892 1371 καὶ
2924 1318 3059 1388 πρὸς
3087 1318 3150 1370 τὸ
3181 1316 3592 1386 Χιλιοκόκωμον
3614 1316 3684 1348 ³⁸⁸
3702 1314 3826 1369 δια-

2239 1410 2527 1475 σωθέντος,
2562 1412 2612 1464 οἱ
2638 1411 2994 1467 λειποτάκται
3015 1411 3126 1464 τῶν
3153 1406 3478 1481 στρατηγῶν
3502 1409 3581 1477 τῷ
3613 1407 3833 1478 βασιλεῖ

2239 1503 2797 1576 προσαπαντήσαντες
2819 1504 3071 1569 ἀναξίους
3095 1503 3337 1574 ἔφασκον
3367 1499 3505 1556 εἶναι
3525 1503 3626 1571 τῆς
3655 1501 3828 1572 ζωῆς,

2241 1591 2464 1664 βασιλέα
2515 1596 2572 1650 ἐν
2627 1596 2853 1667 πολέμῳ
2905 1597 3346 1667 καταπροέντας,
3403 1597 3498 1651 καὶ
3551 1597 3668 1667 ἅμα
3713 1599 3832 1661 τοῖς

2241 1686 2455 1740 ἑαυτῶν
2484 1687 2821 1758 ἐγυμνοῦντο
2855 1688 3036 1758 ξίφεσι
3067 1689 3160 1744 καὶ
3191 1693 3302 1753 τοῖς
3336 1688 3496 1742 ποσὶν
3531 1685 3828 1741 ὑπετίθουν

2241 1778 2430 1843 αὑτοῦ,
2460 1779 2692 1850 δάκρυσι
2718 1780 3040 1852 βρεχόμενοι
3069 1783 3325 1852 παρειάς.
3365 1780 3504 1834 Ἀλλ’
3523 1781 3551 1834 ό
3571 1778 3832 1850 Θεόφιλος

543 1875 903 1946 Theophilus,
939 1873 1186 1926 inaudito
1215 1872 1294 1926 rei
1328 1870 1642 1941 spectaculo
1671 1885 1784 1940 prce
1817 1869 1927 1924 iilis
1951 1870 2136 1924 animo

2246 1871 2472 1941 τρωθεὶς
2510 1874 2735 1926 ἐκείνων
2769 1874 2970 1944 μᾶλλον
3002 1874 3169 1928 αὐτοῦ
3204 1875 3304 1946 τὴν
3333 1874 3512 1946 ψυχὴν
3539 1873 3618 1943 τῷ
3650 1889 3835 1944 παρα-

545 1969 790 2032 saucius,
827 1965 959 2022 Cum
1012 1982 1104 2035 ego
1129 1964 1310 2018 divina
1339 1964 1664 2034 ope,inqnit,
1701 1963 1982 2017 incolumis
2007 1979 2129 2018 era-

545 2061 724 2125 serim,
767 2059 998 2114 tradetis
1045 2069 1092 2113 et
1137 2075 1246 2123 vos,
1277 2059 1322 2112 si
1358 2073 1476 2111 cum
1525 2057 1672 2111 hoste
1703 2057 1918 2128 fortiter
1936 2073 2132 2127 pugna-

543 2155 743 2210 veritis.

612 2249 705 2304 55.
743 2246 857 2302 Hoc
890 2261 1020 2319 ergo
1061 2245 1304 2300 hostium
1345 2254 1680 2315 stratagema
1727 2243 2136 2314 Persarumque

545 2349 713 2395 noctu
743 2355 868 2394 cum
897 2343 978 2394 eis
1009 2338 1306 2393 collocutio
1335 2337 1614 2407 (idemque
1638 2344 1721 2391 est
1753 2335 1933 2393 fcedus
1961 2337 2136 2416 dicas)

545 2429 868 2501 TheOphobi
910 2429 1147 2484 inimicis
1181 2429 1411 2499 ejusque
1453 2444 1642 2483 necem
1684 2429 2139 2485 machinantibus

543 2525 719 2578 altera
771 2523 836 2576 ad
893 2521 1228 2577 calumniam
1279 2535 1342 2575 ac
1403 2528 1712 2591 opportuna
1752 2521 1971 2576 occasio
2015 2521 2138 2576 luit.

548 2615 723 2671 Porro
776 2630 1201 2670 ameramnuncs
1237 2613 1422 2668 audita
1453 2629 1680 2668 suorum
1714 2627 1823 2667 non
1849 2612 1951 2668 levi
1973 2615 2144 2668 victo-

547 2710 656 2776 ria,
684 2709 820 2763 nihil
850 2708 965 2778 jam
999 2717 1289 2762 cunctatus
1314 2707 1601 2760 Amor-ium
1629 2706 1966 2776 aggreditur.
1995 2707 2142 2762 Con-

542 2801 720 2870 ]uncti
754 2801 939 2870 itaque
965 2798 1033 2853 ad
1061 2797 1350 2868 Theophili
1388 2797 1616 2866 patriam
1654 2797 1817 2851 ambo
1844 2798 2144 2861 exercitus,

549 2894 725 2965 ipsius
755 2893 967 2949 scilicet
1009 2905 1420 2946 arneramnunee
1441 2899 1497 2945 et
1523 2890 1639 2954 lilii,
1672 2889 1764 2960 qui
1788 2890 1901 2959 jam
1933 2889 2146 2946 fortiter

547 2987 927 3048 dimicaverat,
986 2983 1238 3052 valloque
1291 2983 1459 3036 ducto
1515 2991 1697 3052 ccepta
1765 2981 1986 3036 obsidio
2037 2991 2141 3037 est.

549 3078 771 3135 Interim
794 3078 1098 3146 imperator
1119 3074 1428 3146 Dorylzeum
1454 3087 1711 3129 reversus
1725 3073 2148 3127 Atneraumunm

549 3170 796 3225 animum
829 3167 1150 3224 muneribus
1183 3167 1452 3232 tentabat,
1479 3182 1611 3221 num
1644 3167 1729 3222 his
1753 3168 2039 3223 delinitum
2075 3166 2146 3220 ab
2171 3208 2217 3267 ϐ

547 3265 900 3335 expeditione
951 3277 1209 3317 revocare
1238 3271 1424 3331 posset
1468 3269 1521 3314 et
1568 3261 1635 3314 ad
1687 3275 1789 3316 sua
1840 3261 2140 3315 remittere.

553 3355 711 3411 “and
745 3371 875 3411 vero
908 3356 1000 3410 ille
1031 3364 1205 3427 paret,
1237 3355 1349 3408 alto
1380 3364 1602 3423 pectore
1637 3352 1834 3408 diruta:
1866 3352 2055 3421 patria:
2079 3366 2144 3406 ac

550 3455 776 3502 vastata:
808 3445 1068 3515 iniuriam
1101 3442 1308 3499 ferens.
1328 3442 1471 3509 Quin
1495 3443 1610 3497 imo
1634 3442 1960 3513 legationem
1986 3457 2144 3512 Sper-

550 3539 666 3604 nit;
702 3537 1037 3605 mancipium
1091 3545 1249 3589 vocat
1308 3550 1373 3588 ac
1438 3535 1737 3604 ignavum,
1795 3534 2145 3604 graviterque

549 3632 858 3688 subaannat
889 3644 953 3685 ac
1009 3627 1251 3682 ludibrio
1297 3626 1498 3690 habet,
1537 3626 1686 3695 quod
1723 3639 1831 3679 non
1873 3634 2003 3680 ante
2041 3625 2142 3694 ipsi

551 3737 761 3778 rnorem
786 3720 1042 3791 gesserit,
1077 3718 1171 3772 sed
1210 3717 1374 3773 modo
1425 3732 1552 3772 cum
1595 3718 1648 3771 in
1698 3715 1978 3772 novaculae
2028 3718 2144 3770 acie

552 3831 642 3871 res
682 3815 860 3885 posita
900 3815 991 3868 sit.
1031 3811 1246 3866 Retinet
1277 3825 1410 3866 vero
1447 3815 1614 3867 etiam
1650 3825 1790 3881 quos
1819 3809 1911 3864 ille
1938 3809 2145 3879 legatos

553 3909 798 3970 miserat,
835 3905 994 3976 13o
1025 3919 1166 3974 quos
1199 3905 1335 3975 ipsis
1363 3904 1544 3961 oculis
1584 3917 1769 3960 rerum
1805 3904 2144 3974 inspectores

552 4016 619 4058 ac
650 4009 818 4055 testes
845 3999 1152 4053 adhiberet.

623 4093 715 4151 54.
758 4094 834 4149 Ac
876 4108 1004 4148 vero
1038 4103 1284 4162 tempore
1335 4091 1670 4161 pmlabente
1704 4091 1972 4147 evasisset
2015 4091 2146 4146 urbs

553 4203 774 4258 quoque
803 4186 1108 4250 excidium,
1144 4185 1277 4240 dum
1329 4183 1386 4240 hi
1434 4183 1640 4239 nullam
1675 4197 1784 4239 non
1831 4183 2142 4240 machinam

554 4280 835 4340 adhibent,
862 4279 1066 4348 quibus
1091 4276 1257 4331 urbes
1273 4277 1582 4346 expugnari
1611 4277 1811 4340 solent,
1832 4276 1908 4330 illi
1934 4274 2147 4330 fortiter

554 4370 872 4442 depellunt;
922 4369 1195 4436 multique
1247 4366 1567 4432 desiderati,
1598 4367 1727 4420 dum
1787 4368 1870 4422 sic
1910 4368 2146 4437 pugnaci

2243 1961 2386 2033 δὸξῳ
2409 1966 2504 2016 τοῦ
2534 1965 2881 2035 πράγματος,
2924 1967 2993 2020 El
3030 1965 3168 2034 ἐγὼ,
3216 1968 3368 2037 φησὶ,
3413 1966 3727 2036 σέσωσμαι
3761 1964 3834 2019 ἐκ

2244 2055 2393 2109 Θεοῦ
2415 2095 2431 2116 .
2468 2055 2826 2123 σῶθήσεσθε
2873 2059 2970 2112 καί
3017 2057 3188 2125 ὑμεῖς
3216 2058 3633 2129 ἀγωνιζόμενοι
3678 2056 3837 2110 κατὰ

2241 2146 2361 2201 τῶν
2389 2148 2637 2218 ἐχθρῶν.

2315 2241 2416 2309 λγ’.
2444 2239 2616 2295 Τοῦτο
2650 2242 2742 2296 οὖν
2779 2245 2842 2296 τὸ
2879 2244 3035 2315 παρὰ
3083 2245 3294 2315 ἐχθρῶν
3325 2247 3690 2317 στρατήγημα
3739 2247 3841 2300 καὶ

2240 2330 2275 2397 ἡ
2307 2333 2597 2403 νυκτερινή
2637 2351 2756 2395 πως
2792 2332 2958 2386 λαλιά
2986 2335 3381 2405 τῶνΉερσῶν,
3412 2336 3615 2390 ταυτὸν
3647 2336 3705 2390 δέ
3739 2338 3844 2392 καὶ

2245 2423 2447 2494 σπονδὴ
2487 2426 2687 2487 εἰπεῖν,
2716 2428 2831 2488 τοῖς
2874 2427 2972 2496 μὲν
2997 2427 3276 2496 Θεοφόσου
3301 2429 3518 2499 ἐχθροῖς
3542 2430 3637 2483 καὶ
3667 2428 3841 2483 θάνα-

2244 2534 2334 2570 τον
2368 2518 2768 2590 ψηφιζομένοις
2801 2522 2968 2576 αὑτοῦ
3018 2523 3250 2595 δευτέρα
3284 2541 3370 2590 τις
3416 2524 3644 2593 γέγονεν
3685 2525 3843 2580 αίτία

2246 2611 2341 2664 καὶ
2383 2612 2609 2684 ἀφορμὴ
2641 2613 2900 2683 εὔκαιρος
2942 2617 3022 2679 είς
3058 2617 3335 2689 διαϐολὴν,
3389 2619 3468 2689 τῷ
3532 2617 3577 2672 δ’
3624 2620 3840 2693 ἅμερα-

2251 2707 2452 2774 μνουνῇ
2499 2706 2764 2773 ἀκηκοότι
2807 2705 2964 2777 νίκης
3019 2707 3080 2760 οὐ
3141 2709 3347 2779 μικρᾶς
3396 2709 3492 2761 καὶ
3540 2709 3682 2761 κατὰ
3741 2707 3840 2760 τοῦ

2259 2795 2316 2847 Ἀ
2327 2797 2519 2866 μορίου
2555 2797 2897 2869 καταδρομὴ.
2923 2799 3141 2853 ’Ἦνωτο
3167 2799 3301 2869 γοῦν
3327 2801 3468 2853 κατά
3493 2801 3592 2869 τὴν
3620 2799 3714 2852 τοῦ
3741 2799 3840 2871 βα-

2250 2887 2446 2954 σιλέως
2480 2891 2720 2964 πατρίδα
2765 2893 3057 2964 ἀμφότερα
3088 2894 3156 2947 τά
3189 2893 3553 2963 στρατόπεδα.
3584 2892 3751 2947 αὐτοῦ
3777 2910 3841 2947 τι

2247 2979 2343 3033 τοῦ
2401 2982 2798 3053 ἀμεραμνουνῆ
2863 2985 2957 3037 καὶ
3002 2982 3163 3036 τοῦτο
3208 2982 3274 3053 δὴ
3323 2982 3382 3036 τδ
3412 2983 3843 3056 προπολεμῆσαν

2253 3073 2500 3146 σφοδρῶς
2528 3075 2624 3128 τοῦ
2651 3075 2794 3142 υἱοῦ,
2833 3077 2930 3130 καὶ
2958 3078 3179 3148 χάρακα
3212 3077 3569 3148 περιέϐαλλον
3611 3081 3705 3134 καὶ
3737 3079 3842 3150 τῆς

2252 3165 2574 3237 πολιορκίας
2607 3167 2942 3238 ἀπήρχοντο.
2968 3169 3081 3223 Καὶ
3128 3168 3266 3233 τέως
3309 3171 3622 3242 ἀπόπειραν
3663 3171 3840 3225 ἐποίει

2247 3258 2625 3328 ἀποστραφεὶς
2654 3259 2796 3311 κατά
2834 3259 3134 3331 Δορύλαιον
3164 3264 3191 3316 ὁ
3220 3263 3482 3332 Θεόφιλος
3500 3265 3595 3318 τοῦ
3645 3263 3844 3335 δώροις

2247 3349 2410 3403 αὐτὸν
2431 3351 2644 3406 ἐκεῖθεν
2667 3353 2984 3422 ἀποστῆσαι
3025 3357 3118 3409 καὶ
3143 3357 3281 3429 πρὸς
3309 3357 3379 3411 τά
3406 3359 3583 3412 οίκεῖα
3615 3359 3840 3429 ποιῆσαι

2247 3443 2672 3514 παλινοστῆσαι.
2700 3445 2847 3500 Ἀλλ’
2884 3447 2947 3501 οὐ
2984 3448 3254 3516 πείθεται,
3293 3451 3702 3522 ἐνδομυχοῦσαν
3743 3452 3847 3520 φό-

2249 3553 2362 3606 ρων
2387 3535 2486 3606 τὴν
2509 3537 2611 3606 τῆς
2640 3538 2907 3609 πατρίδος
2936 3539 3104 3593 αὑτοῦ
3133 3541 3336 3595 ἀλωσίν
3352 3559 3410 3594 τε
3435 3544 3528 3594 καὶ
3553 3541 3841 3611 πόρθησιν.

2246 3630 2467 3684 Μᾶλλον
2501 3629 2603 3700 μὲν
2634 3626 2729 3684 οὖν
2759 3631 3033 3694 ὲξουθένει
3065 3633 3159 3685 καὶ
3192 3631 3531 3702 ἀνδράποδον
3563 3631 3751 3685 ἐκάλει
3783 3649 3843 3686 τε

2247 3721 2344 3774 καὶ
2370 3720 2565 3786 δειλὸν,
2600 3722 2956 3792 μυκτηρίζων
2991 3723 3087 3775 καὶ
3121 3722 3499 3794 διακωμῳδῶν
3529 3719 3611 3786 οἷς
3643 3722 3703 3775 οὗ
3737 3725 3844 3795 πρὸ

2247 3814 2441 3869 τούτου
2475 3815 2672 3885 τούτῳ,
2711 3816 2846 3870 ἀλλὰ
2872 3815 2968 3869 νῦν
2999 3815 3092 3868 ἐπὶ
3122 3815 3286 3886 ξυροῦ
3327 3814 3526 3868 ἑστῶτι
3568 3814 3839 3872 ἐπείθετο.

2253 3902 2383 3978 Εἶχε
2415 3907 2514 3978 μὲν
2538 3904 2633 3961 οὖν
2664 3907 2758 3961 καὶ
2780 3908 2908 3972 τοὺς
2935 3907 3342 3969 ἀποσταλέντας
3369 3905 3634 3976 πρέσϐεις
3655 3905 3843 3959 αὐτόθι

2247 4020 2378 4066 που,
2410 4002 2521 4055 τῶν
2553 4001 2856 4074 δρωμένων
2888 4002 3136 4065 ἐπόπτας
3157 3999 3255 4055 καὶ
3284 4000 3594 4070 μάρτυρας.

2319 4093 2413 4149 λδ’.
2448 4094 2560 4148 Καὶ
2593 4093 2659 4166 δὴ
2687 4093 2733 4126 ³⁷
2768 4095 2964 4164 χρόνου
2998 4093 3396 4164 παρῳχηκότος
3427 4091 3684 4159 διέφυγεν
3710 4087 3778 4142 ἂν
3810 4090 3843 4160 ἡ

2248 4186 2406 4251 πόλις
2435 4187 2530 4240 τὸν
2575 4186 2823 4256 ὄλεθρον,
2856 4186 2935 4256 τῷ
2978 4189 3157 4239 πᾶσαν
3213 4185 3358 4237 ἰδέαν
3387 4181 3708 4252 πολιορκίας
3737 4179 3845 4233 τῶν

2253 4279 2353 4349 μέν
2387 4279 2832 4344 ὲνδεικνυόντων,
2862 4279 2972 4332 τῶν
2998 4278 3055 4330 δέ
3089 4275 3570 4339 καταϐαλλόντων,
3593 4275 3688 4327 καὶ
3711 4272 3844 4326 πολ-

2249 4370 2360 4424 λῶν
2409 4371 2778 4442 ἀνῃρημένων
2833 4371 2895 4435 ἐξ
2948 4370 3278 4440 ἀμφοτέρων
3323 4368 3554 4439 ἀνδρῶν,
3590 4365 3698 4420 τῶν
3743 4366 3844 4436 μέν

555 4461 912 4518 contentione
939 4459 1198 4528 utrinque
1223 4466 1487 4513 certatur.
1505 4456 1890 4527 Hactenusque
1911 4459 2141 4528 Agareni

2251 4461 2633 4529 ἀμυνομένων,
2660 4460 2776 4514 τῶν
2820 4459 2878 4514 δέ
2925 4459 3387 4530 πολιορκούντων,
3438 4457 3741 4528 ἀπράκτων
3785 4453 3845 4508 δέ

557 4551 714 4608 irrito
743 4557 946 4605 conatu
979 4549 1251 4615 laborant,
1277 4549 1574 4619 multisque
1599 4563 1825 4604 suorum
1851 4551 2141 4619 peremptis

2251 4550 2392 4615 τέως
2413 4552 2682 4622 μενόντων
2699 4551 2810 4606 τῶν
2827 4551 3151 4623 ’Δγαρηνῶν
3177 4550 3391 4616 καὶτῆς
3416 4547 3618 4618 πολλῆς
3640 4545 3843 4617 ὀφρύος

558 4660 624 4699 ac
657 4645 818 4712 longe
841 4642 1116 4696 diminuta
1144 4643 1391 4712 ipsorum
1430 4643 1676 4697 exercitu
1713 4642 1854 4697 altos
1882 4641 2005 4698 illos
2036 4635 2141 4697 ani-

2253 4643 2709 4714 κατασπωμένων
2729 4641 2810 4714 τῷ
2843 4643 3050 4713 πλῆθος
3079 4641 3391 4715 ἀνῃρῆσθαι
3415 4640 3567 4697 λαοῦ.
3599 4639 3709 4694 Καὶ
3735 4638 3844 4708 γὰρ

557 4751 679 4792 mos
725 4744 978 4807 ponunt:
1040 4735 1107 4788 ad
1164 4735 1513 4805 septuaginta
1547 4736 1694 4789 enim
1745 4737 1940 4804 millia,
1984 4751 2141 4792 censu

2253 4736 2388 4790 ὡσεὶ
2448 4734 2690 4806 χιλιάδες
2742 4736 3118 4807 ἐϐδομήκοντα
3174 4733 3551 4795 ἐκλελοιπάτες
3611 4729 3844 4800 εὐρέθηο

557 4827 771 4894 habito,
803 4837 928 4899 post
956 4839 1175 4899 captam
1212 4822 1404 4899 urbem
1437 4828 1659 4882 inventa
1696 4827 1804 4883 illis
1829 4827 2141 4883 desiderari.

2255 4843 2358 4881 σαν
2382 4826 2468 4899 [Ρ.
2498 4824 2591 4901 8i]
2623 4827 2764 4898 μετά
2786 4827 2888 4898 τὴν
2910 4827 3114 4882 ἅλωσιν
3136 4823 3553 4898 ἀριθμούμενοι.
3577 4817 3724 4872 Ἀλλ’
3744 4819 3846 4874 οὐκ

559 4919 762 4978 Verum
797 4920 913 4976 fieri
960 4936 1069 4974 non
1126 4928 1344 4989 poterat
1382 4930 1443 4974 ut
1496 4920 1759 4975 transiret
1795 4936 1958 4991 quem
2011 4920 2141 4975 Deus

2253 4916 2342 4989 ἦν’
2370 4913 2668 4988 παρελθεῖν
2708 4921 2811 4991 τὴν
2858 4923 2923 4976 ἐκ
2952 4919 3091 4975 Θεοῦ
3142 4919 3421 4989 μάχαιραν
3465 4915 3849 4985 ὴπειλημένην

556 5013 773 5069 cmlitus
803 5012 1046 5082 gladium
1093 5012 1481 5076 intentaverat,
1516 5013 1588 5067 ob
1627 5013 1994 5069 contumelias
2023 5015 2148 5083 qui-

557 5109 662 5162 bus
695 5106 890 5162 haresi
923 5107 975 5159 in
1010 5105 1130 5160 dies
1163 5116 1491 5176 augescente
1520 5107 1589 5160 ah
1636 5109 1717 5162 eis
1752 5109 2150 5177 excipiebatur.

559 5199 770 5253 Idcirco
802 5197 1052 5268 plebeius
1105 5197 1330 5266 quidam
1371 5212 1549 5268 exque
1598 5199 1784 5270 populi
1837 5199 1964 5254 faece
2002 5199 2155 5265 (Boi-

559 5288 730 5342 ditzes
764 5287 980 5343 misello
1029 5301 1229 5340 nomen
1285 5286 1425 5352 erat)
1461 5287 1568 5340 illis
1593 5288 1704 5356 jam
1758 5287 2058 5342 recessuris
2101 5297 2157 5340 et

559 5395 684 5433 cum
722 5380 924 5447 probro
957 5379 1025 5433 ad
1069 5393 1166 5433 sua
1194 5379 1523 5444 reversuris,
1547 5381 1688 5433 inter
1712 5378 1941 5432 missilia
1988 5378 2152 5447 jaetis

561 5473 779 5534 litteris,
821 5473 896 5524 ita
928 5472 1222 5541 suggessit.
1245 5470 1390 5536 Quid
1419 5488 1532 5537 vos,
1555 5474 1736 5537 amici,
1770 5474 1934 5527 tantis
1959 5484 2152 5527 exant-

563 5564 689 5618 latis
717 5562 1011 5625 laboribus,
1031 5579 1086 5614 re
1113 5565 1318 5632 infecta
1357 5566 1610 5619 arumnis
1647 5566 1871 5633 confecti
1897 5566 2153 5620 recessuri

563 5657 691 5710 estis
708 5655 734 5707 7
774 5652 956 5708 Vertite
977 5669 1100 5722 ergo
1125 5656 1192 5706 ad
1215 5671 1303 5710 eas
1328 5666 1523 5721 turres,
1550 5657 1639 5711 ubi
1671 5675 1893 5727 superne
1912 5661 2150 5728 lapideus

2258 5011 2491 5076 ἄνωθεν,
2522 5007 2607 5075 οἷς
2656 5013 2914 5084 ὑϐρίζετο
2947 5013 3008 5066 τὸ
3041 5012 3200 5066 Θείον
3231 5009 3607 5079 αὐξανομένης
3646 5008 3713 5076 δὴ
3745 5007 3848 5077 τῆς

2257 5104 2548 5173 αἱρέσεως.
2601 5107 2703 5158 Διά
2751 5106 2913 5160 τοῦτο
2959 5106 3101 5176 ἀνήρ
3147 5120 3233 5166 τις
3276 5103 3387 5155 τῶν
3421 5101 3848 5172 ὑποϐεϐηκότων

2257 5196 2565 5268 (Βοῐδίτζης
2599 5194 2756 5262 οὗτος
2806 5199 3059 5252 ἐκαλεῖτο
3101 5199 3130 5251 ὁ
3164 5197 3370 5263 ἀθλιος)
3408 5195 3699 5265 μέλλουσιν
3743 5195 3845 5266 ἢδη

2257 5309 2376 5355 πως
2405 5293 2713 5363 ἀναχωρεῖν
2744 5293 2840 5345 καὶ
2870 5290 3011 5362 πρὸς
3046 5291 3148 5362 τὴν
3181 5289 3392 5344 οἰκείαν
3434 5290 3553 5360 μετ’
3583 5289 3848 5359 αἰσχύνης

2255 5389 2624 5453 παλινοστεῖν,
2653 5389 2734 5454 Tl,
2755 5387 2940 5458 φησὶν,
2963 5382 3011 5442 ὦ
3041 5382 3227 5451 οὗτοι,
3251 5387 3554 5458 γράμματα
3572 5383 3658 5438 διὰ
3679 5384 3850 5454 βελῶν

2256 5481 2589 5551 πεπομφὼς,
2633 5479 2938 5535 τοσοῦτον
2973 5479 3561 5547 τεταλαιπωρηκότες
3589 5477 3849 5546 μέλλετε

2255 5571 2630 5641 ἀποφοιτᾷν,
2675 5574 3045 5643 κεκμηκότες
3095 5573 3374 5642 ἄπρακτα
3427 5570 3525 5624 καί
3581 5585 3848 5633 πεπονη-

2257 5667 2470 5728 κότες;
2526 5667 2777 5720 Ἐλθετε
2826 5665 3146 5737 τοιγαροῦν
3195 5664 3344 5718 κατὰ
3402 5663 3542 5727 τοὺς
3582 5662 3851 5730 πύργους

1866 5749 2100 5806 νΑἰῖίΑιῖ
2163 5753 2568 5812 LECTIONES.

649 5839 715 5870 "'
747 5837 1137 5901 Χιλιόκωμονῖ
1215 5840 1256 5870 "
1295 5840 1381 5912 δὴ]
1410 5859 1488 5896 τοι
1513 5845 1537 5895 9
