4200 6414
471 332 587 401 155'

1567 339 2079 402 THEOPHANES
2118 336 2687 399 CONTINUATUS.

3649 334 3765 401 lﬁﬁ

477 449 796 506 (Iumentum
830 450 1172 507 descendens
1228 451 1477 507 eundem
1518 469 1649 509 cum
1679 454 2063 525 superioribus

2167 451 2326 507 τοῦτο
2350 455 2450 525 μὶν
2477 452 2576 525 τὴν
2604 450 2811 523 ὀροφὴν
2850 452 2967 522 ἔχει
2997 451 3232 525 στεῤῥάν
3258 469 3321 506 τε
3353 453 3450 507 καὶ
3474 453 3763 526 λαμπρὲν,

474 542 704 612 figuram
733 541 937 597 habere
966 543 1216 599 invenies
1232 561 1297 599 ac
1323 546 1806 615 compositionem,
1835 562 2065 602 novem-

468 634 646 689 decim
690 634 965 690 columnis
1015 637 1343 705 subnixum,
1370 647 1693 695 constructa
1722 640 1941 711 porticu
1980 641 2061 711 pi-

466 739 659 797 peran
690 727 889 797 lapide.
921 728 1099 799 Prope
1131 729 1275 785 hanc
1308 731 1606 800 porticum,
1643 733 1808 802 paulo
1831 734 2072 789 interius

470 821 754 890 magisque
779 822 845 876 ad
878 823 1174 889 orientem,
1206 824 1357 880 aliud
1392 825 1675 896 quidpiam
1704 824 2061 882 Tetraserum

466 914 732 968 excitavit
776 914 1002 982 artifex,
1056 916 1238 986 ipsum
1305 917 1539 988 perinde.
1598 918 1799 988 triplici
1850 919 2075 975 concha

467 1007 958 1075 comprehensum,
1013 1008 1078 1063 ad
1130 1009 1551 1066 similitudinem
1607 1011 1953 1067 imminentis
1983 1012 2062 1067 ilii

469 1095 764 1154 Triconchi
792 1118 806 1167 ;
867 1116 1103 1171 quarum
1142 1118 1250 1158 una
1283 1103 1506 1175 quidem
1540 1105 1607 1159 ad
1639 1105 1905 1161 orientem
1936 1122 2067 1178 spc-

467 1201 604 1260 ctat,
645 1193 881 1249 duarum
898 1209 1031 1249 vero
1048 1181 1295 1251 aliarum
1323 1196 1558 1253 alteram
1588 1196 1655 1253 ad
1689 1198 2062 1265 occidentem,

470 1285 699 1340 alteram
742 1286 811 1341 ad
872 1288 1157 1344 meridiem
1211 1290 1629 1363 comprehendit
1673 1306 1689 1343 :
1742 1289 1899 1363 ιιι
1940 1306 2073 1363 qua

470 1386 654 1432 autem
703 1393 831 1448 pars
870 1380 939 1434 ad
989 1381 1308 1452 aquilonem
1348 1384 1548 1455 vergit,
1580 1384 1786 1455 duplici
1804 1384 2071 1443 columna

467 1483 600 1524 vero
626 1469 871 1541 piperina
904 1472 1205 1529 discretum
1254 1477 1579 1548 mysterium
1617 1477 1802 1544 habet,
1836 1478 1919 1533 sic
1959 1479 2066 1539 rita

469 1576 571 1632 pro
591 1564 669 1618 rei
710 1564 928 1621 ratione
989 1580 1391 1639 nuncupatum,
1432 1586 1501 1626 eo
1527 1573 1673 1641 quod
1721 1572 1862 1627 haud
1901 1587 2071 1628 secus

470 1667 537 1707 ac
564 1669 761 1725 specus
826 1673 1093 1716 resonans
1140 1662 1435 1732 repetitum
1489 1677 1683 1718 sonum
1719 1679 1941 1721 omnem
1989 1665 2065 1737 (is

471 1745 623 1803 Echo
657 1750 884 1825 dicitur)
933 1755 1001 1809 ad
1033 1756 1324 1815 audientes
1370 1758 1697 1813 transmittit
1729 1775 1743 1813 :
1781 1758 1898 1825 sic,
1947 1758 2069 1816 sive

472 1837 599 1907 quis
625 1840 693 1897 ad
727 1843 1013 1901 orientalis
1043 1847 1162 1903 sive
1204 1848 1273 1905 ad
1312 1850 1674 1909 occidentalis
1716 1851 1944 1908 conchae
1969 1866 2066 1924 pa-

471 1929 665 1988 rietem
729 1936 996 1995 accedens
1028 1939 1251 1996 silentio
1306 1957 1372 1998 ac
1413 1958 1601 1999 secum
1631 1944 1749 2015 ipse
1784 1945 2063 2017 loquatur,

472 2040 651 2097 exque
676 2028 949 2087 diametro
1005 2048 1071 2090 ac
1118 2049 1189 2089 ex
1228 2036 1462 2093 adverso
1497 2047 1648 2095 recta
1713 2040 1856 2096 alius
1912 2048 2071 2096 stans

470 2118 669 2188 parieti
690 2134 881 2177 aurem
916 2125 1229 2192 admoveat,
1270 2144 1461 2186 vocem
1497 2132 1719 2187 silentio
1750 2133 1981 2201 dictam,
2003 2148 2068 2189 ae

473 2209 521 2264 si
567 2209 622 2264 in
681 2226 875 2268 aurem
916 2216 1041 2286 quis
1096 2217 1309 2275 locutus
1353 2231 1523 2289 esset,
1575 2223 1837 2280 distincte
1888 2226 2064 2283 audit.

472 2299 609 2358 Tale
666 2304 933 2363 nimirum
988 2320 1073 2366 est
1114 2313 1263 2381 quod
1312 2313 1388 2368 ibi
1445 2316 1775 2370 miraculum
1816 2318 2070 2374 exhiberi

472 2395 761 2470 contingit.

549 2667 643 2722 43.
694 2668 833 2725 Huic
876 2671 977 2725 :edi
1032 2672 1354 2743 adjunctum
1407 2691 1633 2746 unaque
1683 2689 2070 2736 constructum

473 2762 617 2832 ejus,
672 2764 825 2833 quod
868 2765 1215 2831 dicebamus,
1269 2767 1453 2840 Sigma
1520 2772 1884 2843 peristylium.
1939 2773 2071 2832 Post

475 2854 594 2910 haec
624 2856 911 2913 subdivan
938 2860 1220 2929 quoddam
1238 2862 1439 2917 atrium
1474 2864 1794 2930 eﬂunditur,
1830 2867 2069 2923 mediam

474 2946 691 3003 habens
723 2950 967 3019 phialam
994 2968 1219 3021 aeream,
1263 2955 1435 3027 cujus
1461 2958 1676 3014 labrum
1710 2969 1942 3031 argento
1971 2977 2068 3019 co-

474 3052 752 3098 renatum.
788 3042 914 3101 Haec
941 3062 1168 3103 auream
1197 3048 1407 3106 habens
1442 3052 1725 3109 cochleam
1769 3054 1853 3109 sic
1881 3055 2070 3127 appel-

472 3128 582 3186 lata
610 3144 714 3199 est,
747 3136 1288 3205 mysticaTriconrbi
1327 3142 1533 3213 phiala,
1554 3158 1622 3199 ex
1648 3144 1830 3201 vicino
1857 3147 2071 3203 scilicet

475 3229 713 3295 utroque
737 3226 995 3292 aedilicio,
1031 3233 1297 3303 mysterio
1337 3248 1401 3289 ac
1432 3234 1773 3300 Triconcho,
1810 3248 1975 3293 nacta
2010 3246 2072 3293 ut

472 3314 559 3371 sic
596 3327 906 3375 vocaretur.
975 3319 1180 3377 Eodem
1230 3339 1402 3395 prope
1450 3325 1572 3380 loco
1625 3326 1805 3397 juncti
1850 3337 2071 3383 exstant

472 3409 673 3480 gradus
706 3426 774 3466 cx
819 3412 1210 3472 Proeconnesio
1247 3418 1485 3473 candido
1528 3417 1747 3487 lapide;
1779 3421 2070 3490 mediaque

471 3518 689 3572 eorum,
750 3523 892 3577 quos
928 3509 1194 3575 diximus,
1252 3510 1523 3580 graduum
1561 3526 1870 3567 marmorea
1898 3514 2068 3583 apsis,

470 3596 675 3668 duplici
703 3600 897 3654 ordine
919 3602 1277 3669 graciliorum
1318 3604 1704 3657 columnarum
1736 3604 1893 3659 fulta.
1931 3604 2072 3661 Sunt

468 3698 526 3746 et
577 3691 671 3759 ibi,
728 3691 796 3746 ad
863 3694 1005 3747 latus
1039 3694 1304 3749 orientale
1339 3693 1551 3763 Sigma,
1580 3697 1709 3751 aerei
1750 3697 1938 3755 leones
1960 3700 2071 3756 duo

473 3782 757 3840 hiantibus
812 3784 1068 3841 faucibus
1112 3786 1304 3841 erecti.
1365 3785 1431 3841 Hi
1484 3803 1682 3859 aquam
1725 3801 2065 3859 evomentes,

472 3874 826 3944 mediamque
852 3888 1071 3929 omnem
1103 3889 1288 3931 aream
1335 3876 1519 3949 Sigma
1554 3880 1715 3937 latice
1746 3884 2069 3955 compluen-

471 3975 575 4028 tes,
609 3980 716 4021 non
746 3968 1002 4038 exiguam
1030 3967 1189 4041 142
1219 3972 1468 4040 prebeat
1497 3976 1850 4047 voluptatem.
1878 3976 2069 4037 Phiala

472 4070 681 4124 autem,
706 4076 817 4132 quo
849 4071 1095 4132 tempore
1148 4080 1316 4123 nuces
1364 4077 1419 4122 et
1449 4070 1735 4142 amygdala
1774 4072 2069 4147 frugesque

470 4153 592 4208 aliae
619 4170 683 4208 ac
707 4169 868 4225 poma
901 4158 1023 4213 esui
1076 4169 1203 4230 apta
1246 4172 1398 4225 sunt,
1438 4163 1662 4220 condito
1702 4166 1885 4237 plena,
1914 4183 1973 4224 se
1999 4186 2068 4227 ex

470 4246 697 4303 cochlea
768 4248 1123 4319 eﬂ‘undeute,
1188 4254 1446 4325 quisquis
1512 4259 1813 4315 astantium
1880 4262 2066 4329 vellet,

471 4338 744 4395 miscebat
798 4342 1189 4414 praebebatque
1242 4346 1511 4412 delicias,
1571 4350 1789 4408 cunctis
1842 4353 2065 4422 quidem

471 4433 618 4489 haud
684 4436 851 4491 dubie
909 4438 1243 4509 thymelicis,
1280 4441 1346 4495 iis
1386 4450 1571 4497 tamen
1614 4446 1855 4517 amplius
1881 4448 1973 4517 qui
1996 4462 2066 4505 ex

2166 550 2247 603 ὄτι
2278 550 2370 602 καὶ
2398 547 2795 602 πεντεκαίδεκα
2827 546 3006 601 κίοσιν
3038 547 3306 619 ἡδρασται
3336 547 3402 601 ὲκ
3433 546 3585 601 λίθου
3612 549 3762 602 δοκι·-

2170 641 2363 713 μίνουο
2398 640 2496 695 se.
2532 641 2804 711 στύρακος
2850 641 2913 695 δὲ
2954 642 3094 712 πρὸς
3151 640 3246 696 τὸν
3300 640 3553 712 θεμέλιον
3597 641 3770 694 αὐτοῦ

2166 734 2381 789 κατιὼν
2401 734 2500 805 τὴν
2524 733 2697 805 αὐτὴν
2718 733 2910 805 ἔχοντα
2935 734 3033 789 τοῦ
3070 734 3348 805 σχήματος
3371 734 3558 787 εἰκόνα
3582 751 3642 787 τε
3668 734 3767 788 καὶ

2165 826 2435 898 ὁμοίωσιν.
2452 827 2731 898 εὑρήσεις,
2764 827 2923 881 ἐννέα
2958 831 3097 899 πρὸς
3126 829 3251 891 ταῖς
3278 826 3414 882 δέκα
3443 828 3621 881 κίοσιν
3645 827 3766 880 δια-

2167 918 2594 989 ϐασταζόμενον,
2621 916 2719 973 καλ
2744 918 2835 971 τὸν
2870 918 3176 990 περίπατον
3206 917 3401 989 έχοντα
3440 934 3764 989 κατεστρω-

2169 1007 2331 1077 μένον
2360 1009 2423 1063 ὲκ
2467 1006 2619 1065 λίθου
2664 1006 3001 1077 πιπεράτου.
3053 1005 3263 1061 Τούτου
3301 1007 3362 1060 δὲ
3408 1006 3641 1077 πλησίον
3668 1005 3764 1059 τοῦ

2167 1100 2500 1170 περιπάτου,
2532 1100 2812 1173 ἐνδότερον
2843 1117 2948 1157 που
2994 1098 3092 1154 καὶ
3136 1097 3627 1171 άνατολικώτερον,
3656 1099 3769 1151 Τε-

2164 1192 2434 1265 τράσερόν
2480 1209 2536 1246 τι
2579 1194 2617 1247 6-
2653 1192 2907 1264 τεχνίτης
2952 1192 3260 1264 ἐξήγειρεν,
3299 1191 3451 1262 τρισὶ
3492 1192 3589 1247 καὶ
3631 1191 3769 1246 αὐτὸ

2166 1286 2392 1356 κόγχαις
2429 1285 2821 1357 διειλημμένον
2846 1286 2991 1341 κατὰ
3026 1283 3126 1357 τὴν
3171 1284 3363 1341 είκόνα
3407 1283 3504 1339 τοῦ
3551 1285 3769 1339 ἐπικει-

2169 1376 2337 1446 μένου
2365 1375 2518 1448 αὐτῷ
2566 1376 2898 1448 Τρικόγχου.
2942 1375 3107 1431 Ἀλλά
3151 1375 3252 1447 τὴν
3293 1375 3397 1447 μὲν
3450 1372 3581 1445 μίαν
3627 1372 3769 1446 πρὸς

2164 1468 2267 1539 τὴν
2300 1468 2591 1541 ἀνατολὴν,
2616 1468 2719 1533 τὰς
2750 1468 2947 1542 ἐτέρας
2976 1468 3035 1523 δὲ
3058 1468 3153 1521 δύο
3193 1469 3323 1540 μίαν
3360 1468 3460 1538 μὲν
3490 1466 3629 1539 πρὸς
3665 1466 3771 1535 τὴν

2165 1560 2319 1616 δύσιν
2357 1561 2599 1633 θατέραν
2628 1562 2686 1616 δὲ
2722 1561 2861 1633 πρὸς
2904 1562 3003 1633 τὴν
3049 1561 3403 1633 μεσημϐρίαν
3440 1557 3772 1631 συμπεριείο

2168 1654 2361 1725 ληφεν.
2396 1654 2471 1707 Τὸ
2496 1653 2553 1707 δὲ
2577 1654 2830 1725 άρκτῷον
2873 1654 3041 1726 μέρος
3070 1655 3139 1707 ἐκ
3166 1654 3261 1707 δύο
3284 1653 3483 1707 κιόνων
3509 1650 3769 1723 ἀληθινο-

2170 1749 2427 1821 πιπέρων
2452 1748 2570 1820 ἔχει
2602 1748 3049 1821 διανειργόμενον
3096 1751 3444 1821 Μυστήριον·
3490 1745 3638 1802 οὕτω
3665 1744 3771 1814 τὴν

2170 1842 2365 1915 κλῆσιν
2394 1841 2509 1913 ἔχει
2535 1842 2701 1897 τοῦτο
2716 1842 3073 1915 κατάλληλον.
3112 1844 3221 1899 Καὶ
3245 1845 3279 1914 ἠ
3310 1843 3459 1899 αίτία
3481 1842 3565 1896 ὅτι
3595 1840 3773 1896 καθάο
3804 1902 3809 1911 ι

2173 1952 2280 2007 περ
2323 1937 2394 1991 τὰ
2443 1935 2617 2008 ἄντρα
2649 1935 2977 2008 συνεπηχῶν
3002 1936 3049 1971 ⁸³
3090 1935 3305 2007 ἀϐλαϐῆ
3347 1936 3451 2007 τὴν
3491 1935 3610 2005 ἠχὼ
3648 1934 3772 1988 δια-

2172 2028 2385 2100 πέμπει
2418 2028 2556 2101 πρὸς
2600 2030 2727 2094 τοὺς
2772 2030 3113 2093 ἀκούοντας·
3153 2030 3249 2083 καὶ
3297 2029 3352 2083 εἷ
3375 2046 3458 2093 τις
3484 2028 3564 2098 τῷ
3604 2027 3779 2096 τοίχῳ

2170 2122 2482 2194 πλησιάσας
2515 2123 2618 2195 τῆς
2648 2124 2980 2195 ἀνατολικῆς
3016 2124 3227 2195 κόγχης
3258 2124 3372 2177 εἴτε
3403 2122 3468 2194 δὴ
3499 2122 3595 2175 καὶ
3623 2120 3778 2174 δυτι-

2171 2218 2273 2287 κῆς
2316 2219 2383 2271 έν
2416 2217 2702 2292 μυστηρίῳ
2739 2234 2791 2271 τι
2828 2217 2960 2291 εἴπῃ
3007 2216 3109 2271 καὶ
3137 2216 3262 2269 καθ’
3292 2214 3509 2280 ἑαυτὸν,
3554 2216 3617 2267 ὲκ
3649 2214 3776 2267 δια.-

2176 2308 2381 2381 μέτρου
2406 2325 2465 2362 τε
2494 2309 2590 2365 καὶ
2620 2307 2922 2378 ἀντιπέρας
2952 2306 3245 2377 ἱστάμενος
3277 2304 3487 2377 ἕτερος,
3515 2303 3565 2356 εί
3591 2302 3652 2356 τὸ
3678 2297 3783 2363 οὖς

2171 2402 2250 2473 τῷ
2278 2402 2445 2474 τοίχῳ
2492 2401 2769 2473 ἐπιθῆται,
2822 2400 2925 2473 τῆς
2974 2402 3047 2455 ὲν
3089 2399 3378 2472 μυστηρίῳ
3429 2396 3779 2468 italo-opim;

2172 2495 2392 2565 ἐκείνης
2423 2496 2610 2565 φωνῆς
2638 2494 2908 2566 αὐτήκοος
2938 2511 3058 2557 πως
3086 2494 3402 2564 γενήσεται.
3436 2489 3693 2544 Τοιοῦτόν
3719 2506 3783 2544 τι

2171 2588 2301 2659 περὶ
2331 2588 2468 2643 αὐτὸ
2498 2586 2691 2658 θαῦμα
2719 2586 3020 2656 ἐγγίνεται.

2247 2678 2359 2750 μγ’.
2394 2680 2586 2750 Τούτῳ
2638 2680 2702 2751 δὴ
2756 2679 2841 2750 τῷ
2886 2679 3024 2749 οτκῳ
3074 2678 3472 2750 παρεπεπήγει
3516 2692 3634 2737 πως
3681 2674 3780 2727 καὶ

2174 2771 2724 2840 συγκατεσκεύασται
2762 2771 2793 2826 6
2832 2768 2929 2824 τοῦ
2976 2769 3159 2841 Σίγμα
3200 2768 3545 2840 περίστυλος.
3588 2767 3615 2819 6
3643 2767 3781 2837 πρό-

2169 2882 2330 2937 τερον
2372 2867 2505 2939 ἡμῖν
2556 2866 2880 2938 εἰρημένος.
2926 2866 3024 2921 Ἐκ
3073 2865 3132 2920 δὲ
3176 2865 3371 2919 τούτου
3410 2861 3681 2932 ὕπαιθρον
3721 2876 3780 2913 τε

2171 2960 2266 3014 καὶ
2291 2960 2516 3032 έξάερον
2544 2960 2793 3031 κέχυται,
2828 2959 2994 3031 μέσον
3027 2959 3126 3030 μὲν
3160 2957 3362 3028 φιάλην
3393 2953 3515 3025 ἔχον
3539 2953 3775 3025 χαλκῆν,

2172 3054 2233 3121 ἐξ
2266 3053 2514 3126 ἀργύρου
2566 3055 2629 3107 τὸ
2664 3053 2841 3125 χεῖλος
2883 3052 3115 3123 έχουσαν
3169 3051 3511 3122 ἐστεμμένον
3537 3066 3554 3082 ·
3596 3047 3776 3120 qm-

2098 3177 2141 3236 ϐ
2173 3162 2379 3217 χρυσον
2412 3146 2727 3218 στροϐίλιον
2764 3146 2968 3216 ἔχουσα
2996 3143 3143 3199 οὕτω
3184 3145 3632 3216 κατωνόμασται,
3669 3161 3771 3215 μυ-

2177 3238 2338 3310 στικὴ
2391 3239 2487 3292 τοῦ
2542 3239 2851 3311 Τρικόγχου
2906 3238 3099 3310 φιάλη,
3155 3238 3221 3292 ἐκ
3277 3255 3336 3293 τε
3389 3238 3485 3291 τοῦ
3544 3237 3782 3308 πλησίον

2173 3330 2600 3401 ᾠκοδομημένου
2625 3332 2821 3399 Μυστη
2831 3329 2948 3401 ρίου
2973 3332 3069 3385 καὶ
3098 3332 3193 3385 τοῦ
3218 3334 3516 3402 τρικόγχου
3539 3331 3662 3401 eiad]
3674 3346 3781 3400 μα-

2173 3437 2266 3482 τος
2304 3421 2627 3489 ἐπωνυμίαν
2672 3418 2937 3475 λαϐοῦσα.
2972 3422 3070 3474 Ἐκ
3102 3419 3159 3474 δδ
3193 3419 3403 3490 ταύτης
3448 3418 3617 3474 αὐτοῦ
3668 3434 3775 3470 που

2174 3513 2404 3583 πλησίον
2436 3514 2530 3568 καὶ
2572 3513 2882 3584 άναὸάθραι
2912 3514 3217 3584 ἑστήκασιν
3246 3512 3312 3567 ὲκ
3346 3510 3775 3584 Προικοννησίου

2172 3604 2325 3659 λίθου
2360 3606 2579 3672 λευκοῦ,
2612 3607 2709 3660 καὶ
2753 3608 2920 3676 μέσον
2944 3606 3054 3660 τῶν
3097 3605 3411 3677 εἰρημένων
3437 3602 3783 3673 ἀναϐαθμῶν-

2172 3699 2411 3773 τροπικὴ
2436 3702 2500 3755 ὲκ
2524 3701 2859 3772 μαρμάρων,
2878 3699 2983 3753 ὐπδ
3004 3699 3100 3753 δύο
3118 3696 3553 3767 λεπτοκαλάμων
3577 3696 3787 3749 κιόνων

2173 3792 2569 3865 έστηριγμένη.
2598 3792 2777 3849 Αὑτοῦ
2804 3809 2909 3846 που
2941 3791 3095 3864 παρὰ
3118 3791 3221 3863 τὴν
3240 3790 3485 3863 πλευρὰν
3504 3788 3602 3843 τοῦ
3636 3786 3773 3859 πρὸς

2176 3883 2238 3938 τδ
2266 3881 2428 3957 εὖρος
2457 3886 2641 3957 Σίγμα
2686 3885 2779 3940 καὶ
2819 3883 2915 3938 δύο
2944 3885 3128 3955 χαλκᾶ
3149 3883 3600 3953 λεοντοχάσματα
3638 3882 3771 3933 ἔπε-

2172 3978 2471 4051 πήγεισαν.
2531 3978 2697 4032 Ἀλλά
2750 3977 2925 4033 ταῦτα
2985 3977 3087 4048 μὲν
3157 3976 3305 4048 ὕδωρ
3357 3976 3665 4047 ἐκφέροντα
3713 3973 3777 4027 τὸ

2172 4071 2355 4125 κοῖλον
2380 4071 2529 4126 ἅπαν
2549 4070 2645 4125 τοῦ
2668 4071 2850 4144 Σίγμα
2873 4070 3151 4143 ἐπλήρουν
3171 4068 3267 4124 τοῦ
3290 4070 3553 4140 νάματος,
3581 4066 3776 4138 τέρψιν

2171 4162 2233 4217 οὐ
2258 4165 2464 4236 μικρὰν
2489 4164 2803 4236 παρέχοντα
2820 4180 2836 4196 ⁸
2867 4165 2900 4236 ἡ
2938 4164 2996 4218 δὲ
3022 4164 3086 4235 δὴ
3118 4163 3285 4234 φιάλη
3308 4162 3453 4217 κατὰ
3470 4162 3562 4215 τὸν
3582 4160 3783 4230 καιρὸν

2171 4256 2283 4311 τῶν
2333 4255 2593 4328 δοξίμων,
2646 4257 2955 4311 πιστακίων
2994 4255 3093 4310 καὶ
3150 4253 3234 4326 [Ρ.
3278 4251 3371 4324 88]
3420 4250 3771 4322 ἀμυγδάλων,

2170 4348 2309 4407 ἀλλὰ
2342 4351 2450 4421 μὴν
2480 4349 2575 4404 καὶ
2606 4348 2915 4421 κουναρίων
2964 4346 3403 4419 πεπληρωμένη,
3436 4345 3681 4400 κονδίτου
3712 4347 3777 4399 ἐκ

2172 4440 2482 4514 στροϐιλίου
2531 4441 2903 4509 ὲκδιδομένου,
2946 4442 3114 4495 πᾶσιν
3158 4440 3353 4512 ἐκίρνα
3406 4439 3503 4492 καὶ
3547 4439 3775 4510 παρεῖχε

458 4528 695 4607 organis
716 4532 1143 4601 contentiusque
1167 4533 1491 4603 psallebant.
1528 4535 1589 4591 In
1634 4537 1898 4607 gradibus
1931 4554 2063 4597 con-

2167 4535 2381 4606 τρυφᾷν
2431 4535 2548 4598 τοῖς
2577 4533 2693 4588 ὅσοι
2732 4534 2798 4587 δι’
2843 4534 3087 4603 ἐφέσεως
3128 4528 3278 4605 εἰχον
3316 4532 3426 4586 τῶν
3466 4532 3776 4602 ἑστηκότων

470 4620 676 4677 εἰειοηε
725 4623 906 4678 omnis
961 4625 1199 4696 populus
1253 4636 1308 4682 et
1357 4628 1712 4700 magistratus
1770 4648 1878 4689 una
1931 4649 2061 4692 cum

469 4715 792 4771 oﬂlcialibus
825 4717 1174 4788 imperatoris
1219 4720 1541 4776 comitatum
1588 4723 1909 4794 implebant,
1943 4743 2062 4784 me—

468 4811 618 4866 dium
641 4812 931 4878 habentes,
965 4813 1018 4867 in
1068 4829 1132 4869 ea
1191 4815 1402 4871 scilicet
1435 4834 1599 4888 quam
1629 4819 1879 4876 dicebam
1912 4837 2061 4878 mar-

468 4920 653 4961 morea
690 4906 904 4978 apsitlc,
937 4907 981 4962 si
1015 4908 1237 4978 quando
1257 4910 1450 4966 adesse
1488 4915 1853 4985 contingeret,
1890 4918 2056 4972 etiam

468 5001 785 5056 scholarum
840 5001 1202 5057 domesticum
1248 5017 1374 5058 cum
1431 5005 1690 5062 excubilo
1742 5017 1796 5063 et
1841 5009 2059 5067 duobus

468 5090 793 5159 factionum,
829 5093 1073 5150 Prasinm
1102 5095 1500 5168 scilicetatque
1536 5094 1772 5164 Venetze,
1797 5100 2060 5167 tribunis,

468 5184 543 5239 ita
591 5194 651 5239 ut
704 5183 928 5241 Venetae
980 5186 1202 5256 quidem
1257 5184 1517 5245 factionis
1576 5189 1837 5248 tribunus
1892 5200 2064 5249 staret

461 5276 619 5349 juxta
647 5280 1009 5336 domesticum
1048 5282 1387 5351 scholarum,
1432 5281 1678 5341 Prasinae
1714 5299 1849 5340 vero
1888 5288 2063 5342 tribu-

468 5385 574 5426 nus
624 5372 783 5439 juxta
837 5376 1207 5443 excubitum;
1264 5375 1349 5431 sin
1388 5389 1571 5433 autem
1602 5381 1937 5451 quandoque
1959 5382 2063 5436 do-

468 5464 762 5521 mesticum
820 5468 1251 5540 cxcubltumque
1298 5470 1493 5528 deesse
1539 5473 1909 5543 contingeret,
1963 5489 2061 5531 eos

469 5556 662 5612 saltem
709 5557 976 5616 habentes
1024 5577 1166 5633 quos
1214 5562 1457 5622 diximus
1509 5566 1784 5623 tribunos.
1851 5565 2058 5624 Horum

470 5652 717 5706 omnium
754 5652 1030 5723 inspector
1045 5666 1165 5713 erat
1192 5658 1513 5729 imperator,
1535 5662 1685 5716 omni
1714 5662 2063 5733 jucunilitatc

2160 4628 2298 4693 έκεί,
2331 4630 2466 4681 πᾶσι
2500 4627 2601 4697 μὲν
2626 4627 3043 4699 ἀναντιρῤήτως
3074 4629 3182 4691 τοῖς
3210 4628 3277 4679 ἐκ
3308 4624 3577 4696 θυμέλης,
3610 4624 3783 4677 πλέον

2159 4720 2218 4775 δὲ
2246 4721 2362 4784 τοῖς
2394 4717 2455 4786 ἐξ
2479 4719 2731 4792 ὀργάνων
2770 4718 3037 4790 ψάλλουσι
3065 4719 3163 4774 καὶ
3191 4719 3252 4772 τὸ
3287 4720 3565 4772 σύντονον.
3602 4715 3762 4770 Κατὰ

2164 4814 2262 4884 μὲν
2293 4814 2357 4886 δὴ
2388 4818 2490 4879 τὰς
2519 4810 2835 4886 άναὸάθρας
2883 4816 2911 4868 ὀ
2949 4813 3126 4885 δῆμος
3170 4813 3319 4876 ἄπας
3347 4812 3642 4882 ἱστάμενος
3677 4814 3773 4867 καί

2160 4908 2222 4962 τδ
2254 4908 2561 4981 πολίτευμα
2596 4909 2738 4981 μετά
2772 4909 2882 4961 τῶν
2911 4908 3229 4981 περατικῶν
3258 4908 3310 4939 ⁸⁸
3345 4906 3647 4977 ταγμάτων
3672 4905 3775 4975 τὴν

2162 5001 2325 5069 τάξιν
2355 5000 2632 5073 ἐπλήρουν
2679 5002 2777 5074 τὴν
2816 5000 3126 5072 βασιλικὴν,
3161 4999 3327 5071 μέσον
3358 4997 3542 5051 αὐτῶν
3570 4996 3779 5069 δηλαδὴ

2164 5094 2309 5149 κατὰ
2342 5095 2443 5166 τὴν
2480 5096 2782 5168 εἰρημένην
2829 5093 3180 5165 μαρμάρινον
3228 5090 3528 5164 τροπικὴν,
3579 5093 3629 5144 εί
3674 5089 3773 5160 μὲν

2162 5188 2400 5259 τύχοιεν,
2427 5190 2644 5260 ἔχοντες
2666 5190 2762 5242 καλ⁵
2786 5188 2881 5241 τὸν
2909 5188 3236 5256 δομέστικον
3260 5185 3372 5239 τῶν
3399 5184 3605 5256 σχολῶν
3633 5184 3772 5250 μετᾶ

2162 5286 2259 5337 τοῦ
2290 5284 2611 5338 ὲσνκουὸίτου
2646 5285 2741 5338 καὶ
2770 5283 2881 5336 τῶν
2921 5282 3015 5335 δύο
3043 5282 3371 5353 δημάρχων,
3406 5278 3502 5333 τοῦ
3534 5296 3592 5332 τε
3626 5296 3787 5348 πρα-

2172 5378 2321 5434 σίνου
2350 5379 2446 5435 τοῦ
2470 5395 2531 5432 τε
2572 5378 2815 5449 βενέτου,
2853 5376 3088 5443 πλησίον
3122 5376 3221 5447 μὲν
3244 5377 3295 5407 ⁸⁸
3320 5375 3414 5428 τοῦ
3445 5374 3773 5446 δομεστίκου

2172 5474 2466 5545 ἱσταμένου
2500 5472 2596 5526 τοῦ
2645 5472 2757 5525 τῶν
2804 5470 3039 5541 βενέτων
3090 5469 3400 5542 δημάρχου,
3444 5466 3674 5538 πλησίον
3714 5464 3772 5519 δὲ

2168 5568 2265 5623 τοῦ
2301 5567 2620 5620 ὲσκουὸίτου
2659 5564 2756 5618 τοῦ
2802 5564 2911 5618 τῶν
2959 5561 3265 5635 πρασίνων,
3316 5564 3363 5615 εί
3404 5558 3462 5614 δὲ
3508 5560 3583 5632 μὴ
3615 5557 3770 5629 τύχοι

2166 5662 2345 5714 ἐνίοτε
2376 5658 2701 5731 δομέστικος
2728 5657 2825 5714 καὶ
2854 5661 2882 5714 ὁ
2912 5657 3255 5727 ὲσκούὃιτος,
3290 5655 3426 5714 ἀλλὰ
3467 5656 3603 5721 τέως
3643 5653 3772 5718 τούς

1780 5753 2019 5811 γΑιιω
2082 5751 2502 5811 LECTIONES.

544 5843 589 5881 δ’
621 5844 999 5917 συνεπηχῶν
1096 5849 1140 5880 ⁸⁸
1164 5847 1513 5919 ὑπηρετικῶν
1556 5867 1766 5923 margo.
1846 5854 1888 5885 ³⁷
1926 5851 2048 5925 μὲν]
2080 5852 2133 5906 δὲ
2170 5851 2229 5907 Ρ.
