2100 3219
222 168 272 206 ill

627 169 699 200 LIB.
721 168 778 198 III.
800 181 835 186 —
850 159 1098 199 THEOPIIILUS
1109 168 1318 201 MICIIAELIS
1337 171 1478 202 FILIUS.

1809 171 1866 203 158

225 236 258 262 γε
268 224 430 262 δημάρχους
442 225 567 261 ιχοντες.
582 224 690 252 Τούτων
706 223 805 259 ἔφορος
821 220 855 259 ήν
870 223 999 250 ἁπάντων
1011 223 1025 249 ὸ

1078 223 1208 258 repletus,
1233 224 1261 252 in
1275 232 1362 253 aureo
1376 226 1546 261 gemmisque
1561 226 1690 254 distincto
1708 226 1808 255 sedens
1820 235 1867 254 so-

227 272 362 309 βασιλεῦς,
390 271 441 298 καὶ
465 270 602 307 θυμηδίας
633 269 742 305 ἀπάσης
770 269 970 305 πληρούμενος,
995 269 1024 296 ἐν

226 318 315 354 χρυσῷ
336 317 453 352 διαλίθῳ
475 316 566 351 Θρόνῳ
585 315 751 351 καθήμενος,
767 316 814 342 καὶ
834 316 871 351 μὴ
891 315 1042 351 πρότερον”

226 363 453 399 ἐξανιστάμενος,
476 362 515 394 ὡς
530 363 579 390 καὶ
594 361 713 389 τακτικὰ
727 361 819 397 βιὸλία
832 362 880 389 καὶ
895 361 1024 397 βασιλικὰ

223 410 445 445 διαγορεὺουσιν,
468 409 488 444 ἢ
506 408 562 436 τῶν
585 409 778 443 σκιρτημάτων
793 408 905 435 ἐκείνων
920 409 1025 435 ἐπαπο-

223 456 325 485 λαῧσαι
346 456 392 484 διὰ
406 456 456 489 τῆς
470 455 536 487 θέας
551 455 599 481 καὶ
617 454 671 481 τῶν
691 454 838 481 πολιτικῶν
853 453 1024 489 ὲξαλμάτων.

223 503 306 529 οὕτω
320 502 372 537 μὲν
393 501 482 528 ταῦτα
506 500 554 527 καὶ
574 499 617 526 διὰ
639 498 718 526 τοῦτο
751 499 791 535 τῷ
813 498 935 533 Θεοφίλῳ
957 507 1026 525 κατ-

222 547 452 583 εσκευάσθησαν,
466 545 595 579 τοσοῦτος
604 545 635 573 δὲ
648 545 719 582 ἔρως
732 543 767 582 ἦν
781 544 884 573 τούτων
898 544 972 580 αὐτῷ
987 544 1025 577 ὡς

223 595 273 622 καὶ
296 594 349 626 τὰς
367 593 496 629 συνήθεις
519 592 575 620 τῶν
597 586 770 628 πραγμάτιον
793 591 951 628 ἀντιλήψεις
977 592 1025 619 καὶ

227 639 287 666 καθ’
303 638 328 655 ⁵⁸
341 639 455 674 ἡμέραν
476 637 655 674 προελεύσεις
676 638 707 664 ὲν
722 636 798 673 αὗτῷ
825 637 860 673 δὴ
880 637 1025 673 Τρικόγχῳ

228 684 358 712 ἐκτελεῖν.
378 681 418 712 οὗ
442 684 491 711 καὶ
517 684 589 711 κατὰ
610 684 757 720 πρόσωπον
778 683 830 718 τῆς
851 683 880 717 ἐξ
902 683 1024 720 ἀργύρου

227 730 491 766 κατεσκευασμένης
504 729 558 756 τῶν
571 728 662 756 πυλῶν
673 729 841 765 ἀνεστηκυῖα
853 731 927 757 ἐστιν
938 730 1025 767 ὀροφὴ

224 778 359 812 τέσσαρσι
380 776 455 804 κίοσι
474 776 698 812 μετεωριζομένη
722 778 755 805 ὲκ
778 777 957 812 Θετταλικοῦ,
976 779 1030 806 ’ποῦ’

225 826 274 852 καὶ
289 825 436 860 πρασίνου,
462 825 551 853 λίθου.
566 825 693 861 Ἀντικρὺ
712 825 741 852 δὲ
761 825 864 861 ταύτης
886 826 934 854 καὶ
954 827 1024 854 κατὰ

227 871 374 907 μέτωπον,
399 871 515 907 πλησίον
536 871 569 907 δὴ
591 871 646 898 τῶν
659 871 1023 908 ,είρημένωνγὰναὸαθμῶῆ

226 917 299 945 κατὰ
317 917 350 944 τὺ
370 917 439 954 πρὸς
461 917 568 952 δυσμὰς
592 917 675 953 μέρος
697 917 744 945 τοῦ
773 907 864 954 Σίγμα
891 918 1024 954 τρίκλινοι

227 963 385 998 πεφυκότες
418 963 458 1000 τῷ
488 963 611 1000 Θεοφίλῳ
639 964 870 1001 ὲξῳκοδόμηνται.
904 965 1024 1001 Πυξίτης

231 1009 320 1045 ὃνομα
329 1010 368 1045 τῷ
380 1010 418 1037 ἑνί
438 1019 469 1037 τε
487 1010 536 1038 καὶ
548 1010 712 1047 κατωτέρῳ,
728 1010 829 1047 ἅτερος
840 1011 869 1039 δὲ
882 1011 1024 1047 ἀνώνυμος

236 1057 289 1092 μιν
302 1056 433 1094 om”;
445 1057 484 1090 δὲ,
500 1057 550 1085 καὶ
562 1057 646 1085 αὐτοῦ
666 1057 712 1085 τδν
726 1058 861 1093 βασίλειον
879 1058 980 1094 κλῆρον
995 1058 1025 1085 ἐν

231 1101 325 1138 ἑαυτῷ
345 1101 498 1130 διαιτᾶσθαι
519 1102 621 1138 λαχών.
647 1102 749 1131 Τούτου
769 1103 801 1139 δὴ
824 1103 938 1137 Πυξίτου
952 1104 1025 1131 κατὰ

227 1148 281 1184 τὴν
295 1147 418 1185 πλευρὰν
438 1150 525 1184 στίχοι
542 1149 754 1185 λελατόμηνται,
772 1150 927 1187 ἀσηκρῆτις
947 1149 1025 1182 ὅντες

225 1196 390 1231 γεννήματα
402 1196 537 1231 Στεφάνου
559 1196 608 1231 μὲν
628 1197 736 1232 ἔχοντος
750 1196 880 1234 τοῦνομα,
904 1197 977 1224 οὕτω
995 1196 1025 1224 δὲ

224 1242 275 1269 τοῦ
291 1242 489 1269 Καπετωλίτου
505 1243 789 1279 προσαγορευομένου.
805 1244 836 1270 Ol
850 1243 878 1270 δὲ
891 1242 962 1270 κατὰ
979 1243 1025 1271 τδν

229 1287 278 1315 τοῦ
290 1288 380 1324 Σίγμα
397 1288 562 1323 περίδρομον
577 1288 792 1323 ἐγκολαφθέντες
812 1288 859 1316 τοῦ
871 1289 1025 1325 οίκουμενι-

232 1333 282 1361 κοῦ
295 1334 455 1361 διδασκάλου
472 1334 614 1368 (Ἰγνάτιος
634 1331 711 1367 οὗτος
727 1335 862 1370 ἐκαλεῖτο)
875 1334 1026 1369 τυγχάνου-

227 1389 283 1407 σιν.
299 1380 379 1407 Κατὰ
392 1380 423 1407 τδ
439 1379 581 1415 εὐώνυμον
596 1380 624 1407 δὲ
642 1381 736 1416 μέρος,
756 1380 794 1413 ὡς
809 1381 877 1416 πρὸς
892 1381 1026 1413 ἀνατολὰς

225 1426 274 1453 τοῦ
288 1426 392 1462 Σῖγμα,
408 1426 502 1461 ἕτερός
515 1435 558 1459 τις
572 1426 709 1462 τρίκλινος
721 1426 879 1462 ἐξήρτηται,
893 1427 922 1459 ὃς
935 1427 1026 1461 Ἔρως

229 1471 281 1507 μὲν
295 1471 492 1508 ἐπικέκληται,
516 1472 655 1508 ὁπλοθήκη
677 1473 706 1499 δὲ
727 1472 803 1508 αὐτῷ
829 1473 1024 1509 ἐχρημάτιζεν.

235 1516 380 1546 Ἐντεῦθεν
396 1518 448 1545 οὐκ
459 1517 525 1546 ἄλλο
547 1525 574 1544 τι
593 1518 611 1554 ἢ
636 1518 817 1554 ίστορημένας
840 1519 954 1551 ἀσπίδας
979 1520 1027 1546 καὶ

1078 269 1125 302 lio,
1139 277 1191 298 nec
1216 271 1293 305 prius
1321 271 1460 307 surgebat,
1481 276 1510 299 ut
1532 271 1609 300 libris
1634 272 1732 300 bellica
1756 273 1871 308 ipsaque

1078 315 1278 352 imperatorum
1314 317 1469 346 domestica
1505 318 1711 347 continentibus
1734 322 1872 349 statutum

1077 367 1130 395 est,
1156 370 1238 398 quam
1267 364 1523 398 gesticulationibus
1546 364 1682 399 ejusmodi
1711 364 1871 400 civiumque

1078 408 1201 443 tripudio
1211 409 1364 437 delectatus
1373 414 1456 437 esset.
1475 410 1514 437 Ite
1527 410 1596 444 haec,
1612 410 1695 446 inque
1709 418 1773 438 eum
1787 418 1870 439 usum

1077 461 1092 481 a
1106 453 1257 489 Theophilo
1268 458 1419 483 exstructa.
1431 454 1521 482 Tanto
1544 459 1635 483 autem
1653 455 1750 483 borum
1775 463 1870 483 amore

1077 501 1233 534 tenebatur,
1244 506 1275 530 ut
1286 505 1437 531 consuetas
1450 508 1600 529 causarum
1614 501 1675 529 lites
1691 501 1719 529 in
1733 500 1868 529 Triacon-

1076 547 1130 574 cho
1148 547 1208 583 ipso
1222 547 1363 575 dirimeret
1372 547 1534 582 etqpotidie
1543 547 1578 575 ad
1589 547 1678 583 ipsum
1691 547 1866 583 procederet:

1076 596 1121 624 cui
1137 596 1219 623 etiam
1250 602 1267 623 a
1292 594 1382 623 fronte
1406 598 1495 631 portae
1508 598 1644 630 argentea:
1662 593 1742 630 143
1753 594 1870 622 sublime

1076 646 1196 677 quatuor
1217 641 1355 669 columnis
1380 640 1534 669 Thessalici
1558 641 1718 674 marmoris,
1739 641 1813 676 quod
1828 645 1871 670 est

1077 687 1173 720 viride,
1201 692 1303 715 tectum
1327 686 1463 714 imminet.
1482 685 1504 713 E
1524 686 1639 722 regione
1653 690 1745 714 autem
1758 686 1833 714 illius
1845 690 1873 715 et

1077 742 1094 762 a
1108 738 1195 769 tergo,
1208 733 1280 762 haud
1291 733 1387 769 procul
1401 732 1435 761 ab
1450 733 1485 761 iis
1501 739 1572 768 quos
1593 732 1715 762 diximus
1729 731 1871 767 gradibus,

1077 779 1110 806 ad
1141 778 1234 814 Sigma
1261 777 1458 806 occidentalem
1476 781 1593 812 partem.
1616 784 1677 812 qua:
1691 781 1802 804 exstant
1817 776 1870 804 tri~

1076 825 1171 858 clinia,
1189 824 1344 860 Theophila
1359 828 1475 852 auctore
1495 826 1560 851 sunt
1582 825 1734 850 exstructa.
1761 821 1872 858 Pyxites

1076 878 1177 899 nomen
1196 871 1241 899 uni
1262 878 1296 898 ac
1310 869 1435 898 inferiori
1456 878 1465 897 :
1490 869 1621 902 alterum,
1642 868 1716 904 quod
1730 871 1772 896 cst
1786 875 1869 903 supe-

1075 918 1143 951 rius,
1165 921 1241 945 caret
1255 916 1377 949 nomine,
1396 916 1424 944 in
1450 923 1506 951 quo
1535 915 1619 942 etiam
1637 913 1751 949 palatini
1776 913 1872 942 clerici

1075 963 1170 991 vestiri
1184 962 1284 991 solent.
1296 961 1337 990 Ad
1348 961 1454 997 Pyxitis
1461 960 1532 988 latus
1545 958 1674 995 insculpti
1684 962 1749 987 sunt
1762 965 1871 990 versus.

1076 1009 1207 1045 Stephani
1224 1017 1240 1037 a
1255 1008 1369 1037 secretis
1389 1006 1535 1043 Capetoliti
1562 1013 1630 1034 vena
1641 1005 1766 1040 producti
1790 1013 1796 1031 :
1820 1004 1869 1040 qui

1075 1059 1167 1083 autem
1197 1054 1225 1082 in
1251 1053 1344 1089 Sigma
1373 1053 1482 1089 porticu
1505 1056 1615 1080 exstant
1637 1051 1754 1085 exarati,
1772 1049 1871 1086 lgnatii

1075 1102 1116 1131 sic
1131 1101 1284 1137 nuncupati
1298 1100 1465 1128 universalis
1491 1098 1626 1134 magistri,
1642 1097 1746 1133 ingenii
1770 1104 1871 1125 monu-

1076 1151 1167 1175 menta
1182 1151 1257 1175 sunt.
1268 1147 1311 1175 Ad
1326 1146 1423 1174 laevum
1441 1145 1526 1177 latus,
1534 1144 1609 1172 velut
1624 1143 1657 1172 ad
1675 1144 1769 1179 Sigma
1780 1143 1873 1171 orien—

1076 1193 1158 1221 talem
1178 1197 1296 1228 partem.
1311 1192 1386 1220 aliud
1402 1191 1542 1227 quoddam
1559 1189 1710 1217 triclinium
1734 1189 1872 1222 imminet,

1076 1242 1261 1275 cognomento
1279 1238 1370 1271 Eros;
1393 1237 1469 1273 quod
1487 1236 1525 1263 illi
1540 1243 1682 1263 armorum
1700 1242 1788 1271 penus
1802 1238 1873 1261 erat.

1076 1283 1146 1313 Hinc
1162 1291 1216 1312 non
1225 1282 1300 1311 aliud
1317 1282 1379 1318 quis
1395 1281 1424 1310 in
1443 1289 1475 1310 eo
1488 1281 1579 1309 videat
1589 1288 1672 1317 quam
1689 1280 1799 1317 clypeos
1814 1287 1875 1307 om-

1075 1331 1175 1366 nisque
1189 1330 1299 1366 generis
1313 1336 1392 1358 arma
1419 1328 1446 1356 in
1474 1327 1627 1363 parietibus
1647 1326 1766 1363 depicta,
1789 1324 1874 1360 inque

1077 1377 1141 1410 illis,
1170 1380 1202 1404 ut
1227 1383 1277 1412 par
1304 1380 1357 1410 est,
1378 1374 1518 1404 coloribus
1537 1381 1678 1409 manuque
1698 1380 1731 1401 ac
1745 1370 1874 1408 penicillo

1076 1429 1216 1457 expressa.
1231 1422 1315 1457 lnque
1329 1429 1394 1449 eum
1421 1420 1534 1449 modum
1564 1428 1581 1449 θ,
1601 1417 1758 1448 Triconcho
1771 1418 1804 1446 ad
1822 1425 1874 1445 oc-

1077 1468 1174 1497 ciduas
1189 1476 1277 1504 usque
1288 1473 1380 1503 partes
1407 1467 1540 1495 excitatas
1563 1466 1599 1494 ibi
1613 1466 1686 1494 aedes
1710 1464 1792 1493 liceat
1806 1471 1875 1492 con-

1078 1517 1184 1553 spicere
1198 1525 1205 1544 :
1218 1516 1251 1544 ad
1265 1515 1398 1543 orientem
1414 1519 1508 1543 autem
1520 1514 1602 1541 etiam
1624 1512 1717 1540 videas
1729 1519 1811 1546 quam
1826 1518 1875 1538 vo-

227 1564 300 1593 ὅπλα
316 1566 435 1592 παντοῖα
453 1564 503 1592 ῑδοι
526 1573 568 1596 τις
591 1566 620 1592 ὲν
648 1565 735 1600 αὐτῷ,
759 1565 807 1592 καὶ
828 1565 942 1597 ταύταις
964 1566 1027 1598 τοὺς

1079 1567 1142 1591 cant
1156 1561 1346 1598 Margaritam.
1367 1559 1417 1589 Est
1441 1564 1532 1587 autem
1550 1559 1597 1586 illa
1613 1557 1763 1586 triclinium
1783 1556 1875 1584 alun-

227 1611 337 1648 τοίχους
353 1611 607 1647 διαμορφουμῌας,
622 1611 660 1644 ὡς
674 1611 703 1639 τὸ
715 1612 799 1644 εἰκός.
815 1612 871 1640 Καὶ
881 1612 915 1639 τὰ
931 1612 981 1647 μὲν
997 1613 1027 1646 ἐξ

230 1656 313 1685 αὑτοῦ
337 1656 387 1684 τοῦ
411 1657 567 1694 τρικὸγχου
595 1658 659 1694 ἄχρι
681 1657 713 1694 δὴ
733 1658 786 1685 τῶν
812 1658 923 1694 δυσμῶν
941 1659 1027 1691 οὕτως

230 1702 335 1732 ἔνεστιν
351 1703 418 1732 ίδεῑν
432 1703 497 1737 τοὺς
508 1704 747 1740 ἁνεγηγερμένους
758 1705 849 1738 οἴκους
865 1706 939 1732 ἐκεί’
955 1706 1026 1733 κατᾶ

229 1750 258 1777 δι
272 1751 305 1778 τδ
318 1749 391 1786 πρὸς
403 1750 539 1782 ἀνατολὰς
551 1750 635 1786 μέρος
654 1751 716 1783 tam;
731 1751 781 1787 μὲν
794 1751 841 1779 καὶ
852 1752 898 1779 τὸν
909 1752 1027 1788 Μαργα-

229 1796 310 1833 ρετην
326 1795 370 1834 [Ρ.
386 1795 434 1833 89]
447 1797 730 1833 προσαγορευόμενον.
747 1797 889 1832 Τρίκλινος
902 1794 980 1830 οὗτος
995 1799 1027 1825 ὲκ

229 1843 342 1881 βάθρων
354 1842 394 1879 τῷ
404 1843 527 1879 Θεοφίλῳ
540 1844 697 1879 ἀνεστηκὼς
709 1844 742 1877 ⁸⁸,
753 1844 782 1876 ὃς
792 1844 864 1871 ὀκτὼ
877 1845 926 1880 μὲν
941 1845 1027 1872 κίοσιν

232 1889 429 1925 ροδοποικῐλοις
443 1890 489 1917 τὸν
503 1890 601 1926 ὄροφον
616 1891 786 1926 στηρίζεται,
801 1891 866 1924 τοὺς
879 1892 985 1927 τοίχους
999 1892 1027 1919 δὲ

233 1935 318 1968 ζῶον-ς
338 1936 565 1972 πεποικιλμένους
591 1937 770 1968 παντοδαπῶς
787 1938 835 1965 καὶ
846 1939 869 1954 ⁵ο
884 1938 914 1965 τὸ
930 1938 1027 1974 ἔδαφος

239 1979 302 2016 ῐχει
322 1981 356 2008 ιιι
370 1982 581 2018 Προκοννησίου
610 1983 686 2010 λίθου
713 1983 761 2010 xui.
789 1985 929 2020 συγκοπῆς
954 1984 1028 2012 ἅπαν

243 2028 472 2064 κατεστρωμένον.
490 2030 571 2061 Ἴδοις
590 2029 618 2056 δὲ
635 2030 683 2056 καὶ
698 2029 745 2056 τοῦ
761 2030 790 2057 ὲν
807 2030 882 2065 αὐτῷ
899 2031 1028 2062 κοιτῶνος

235 2076 271 2102 ἐκ
289 2074 429 2110 τεσσάρων
448 2076 498 2111 μὲν
527 2075 625 2103 κιόνων
648 2076 787 2103 Βαθυῒνων
802 2076 848 2104 τὸν
871 2076 965 2112 χρυσῷ
978 2086 1028 2104 κα-

232 2121 381 2148 τάστικτον
398 2120 498 2149 κύκλον
522 2122 572 2157 τῆς
593 2121 695 2157 ὀροφῆς
720 2122 896 2157 ἀνεχόμενον,
915 2123 947 2150 ἐκ
963 2131 1027 2149 τεσ-

233 2168 326 2203 σάρων
340 2167 369 2194 δὲ
385 2166 559 2195 Θετταλικῶν
572 2168 622 2200 τὰς
639 2167 721 2200 στοὰς
738 2168 965 2204 ἀνεγηγερμένας
980 2168 1029 2196 καὶ

235 2213 452 2249 βασταζομένας,
469 2213 517 2240 τοῦ
540 2222 571 2241 τε
596 2212 757 2241 ἀνατολικοῦ
784 2216 886 2249 μέρους
908 2208 956 2241 καὶ
979 2213 1027 2242 τοῦ

1078 1608 1214 1637 damentis
1225 1616 1241 1636 a
1253 1607 1405 1643 Theophilo
1429 1606 1593 1638 excitatum,
1613 1604 1694 1640 cujus
1708 1606 1811 1632 tectum
1827 1609 1876 1630 co—

1078 1655 1179 1683 lumnae
1195 1659 1257 1683 octo
1270 1654 1380 1682 Rhodio
1395 1660 1533 1681 marmore
1549 1651 1632 1679 variae,
1650 1650 1767 1678 fulciunt
1782 1647 1874 1677 :muri

1078 1701 1169 1730 omnis
1179 1701 1288 1737 generis
1300 1700 1384 1736 pictis
1393 1699 1559 1727 animalibus
1573 1697 1714 1733 variegati,
1728 1695 1875 1732 pavimen-

1080 1751 1137 1775 tum
1154 1755 1235 1775 omne
1265 1746 1461 1775 Proeconnesio
1485 1749 1601 1773 stratum
1620 1744 1710 1779 lapide
1731 1746 1759 1770 et
1775 1741 1874 1770 tessel-

1079 1794 1176 1821 latum.
1213 1793 1312 1821 Videre
1335 1793 1417 1821 etiam
1444 1792 1508 1820 licet
1532 1791 1625 1820 orbem
1655 1789 1735 1826 ια
1758 1797 1875 1817 camerae

1079 1840 1198 1870 cubiculi
1217 1839 1290 1876 quod
1311 1839 1367 1867 illic
1387 1843 1439 1872 est,
1457 1846 1526 1866 auro
1541 1838 1699 1866 distinctum
1714 1840 1740 1863 et
1757 1840 1875 1870 quatuor

1080 1886 1216 1916 columnis
1239 1885 1383 1914 Bathuinis
1397 1885 1557 1918 sulIultum;
1570 1888 1690 1920 quatuor
1711 1882 1774 1910 item
1789 1881 1875 1909 Thes<

1080 1933 1174 1962 salicis
1199 1936 1367 1960 sustentatas
1391 1933 1525 1967 porticus,
1544 1936 1601 1959 tum
1624 1929 1766 1958 orientalis
1781 1928 1876 1956 lateris

1080 1983 1137 2007 tum
1151 1976 1311 2005 meridialis.
1341 1976 1408 2012 Ejus
1425 1977 1544 2012 parietes
1567 1980 1594 2003 et
1616 1975 1805 2009 pavimentum
1820 1981 1878 2001 ma-
1905 2004 1912 2009 ί

1079 2023 1178 2059 gnilice
1194 2026 1280 2050 strata
1296 2021 1410 2058 perinde
1427 2029 1460 2050 ac
1472 2021 1637 2057 Margarilae.
1661 2020 1829 2049 Versabatur
1849 2019 1876 2046 in

1079 2078 1112 2099 eo
1130 2068 1260 2098 cubiculo
1282 2068 1451 2104 Theophilus
1478 2068 1512 2096 ab
1538 2067 1705 2102 aequinOctio
1735 2073 1820 2094 verno
1842 2065 1877 2093 ad

1079 2116 1274 2153 aequinoctium
1297 2113 1457 2143 autumnale
1490 2121 1522 2142 ac
1549 2113 1690 2149 deinceps.
1705 2112 1765 2141 1am
1784 2117 1875 2140 autem

1080 2165 1224 2197 appetente
1236 2159 1347 2188 hiemali
1377 2159 1497 2187 solstitio
1518 2158 1551 2186 ad
1580 2158 1654 2185 aliud
1674 2157 1832 2187 cubiculum
1850 2156 1876 2184 iu

1080 2207 1190 2236 Cariani
1203 2207 1323 2235 triclinio
1331 2206 1515 2239 commeabat,
1524 2205 1596 2242 quod
1608 2205 1666 2241 ipse
1674 2208 1877 2237 construxerat;

237 2245 517 2293 μεσημϐρινοῦίτοὺς
535 2258 643 2294 τοίχους
656 2259 686 2286 δὲ
704 2259 751 2286 καὶ
770 2245 801 2286 'er
815 2245 913 2294 έδαςρος
926 2260 1027 2295 ὁμοίως

1083 2256 1108 2282 in
1120 2262 1175 2290 quo
1187 2254 1221 2283 ab
1237 2253 1400 2281 australium
1417 2257 1561 2280 ventorum
1582 2251 1833 2279 vehementioribus
1850 2258 1879 2277 se.

233 2305 287 2334 τοῖς
316 2305 499 2340 Μαργαρίτου
530 2304 745 2341 κατεστρωμένα
768 2304 915 2341 λαμπρῶς.
944 2303 1029 2338 Οὗτος

231 2349 305 2383 μὲνό
322 2349 422 2377 κοιτὼν
436 2348 510 2386 εἶχεν
531 2351 559 2377 ἐν
574 2350 664 2386 ἐαυτῷ
676 2350 854 2386 διαιτώμενον
870 2351 916 2378 τὸν
930 2352 1029 2388 Θεόφι-

227 2395 277 2422 λον
294 2394 349 2422 ἀπὸ
363 2396 414 2430 τῆς
430 2397 541 2432 ἐαρινῆς
556 2395 729 2431 μεσημερίας
745 2397 766 2412 ἰ
787 2397 871 2432 μέχρι
887 2397 937 2433 τῆς
965 2407 1030 2434 μετ-

229 2442 371 2477 οπωρινῆς
382 2443 405 2458 ¹¹²
419 2442 467 2470 καὶ
482 2440 560 2473 αὖθις
571 2450 578 2456 ·
593 2441 657 2478 ἄρτι
672 2442 700 2469 δὲ
715 2442 765 2478 τῆς
780 2444 940 2479 χειμερινῆς
954 2453 1029 2478 γειτ.

228 2486 379 2521 νιαζούσης
398 2487 504 2523 τροπῆς
527 2487 598 2515 κατὰ
619 2487 666 2515 τὸν
683 2488 761 2515 ἄλλον
786 2488 955 2524 μετῳκίζετο
973 2497 1030 2518 κοι-

227 2534 306 2559 τῶνα
323 2532 370 2559 τὺν
394 2533 467 2560 κατὰ
482 2532 528 2560 τὸν
546 2532 686 2570 Καριανὺν
706 2532 854 2568 τρίκλινον,
878 2533 926 2560 καὶ
947 2534 1030 2562 αὐτὸν

228 2578 281 2606 ὑπ’
294 2579 399 2606 ἑκείνου
411 2578 621 2615 ᾠκοδομημένον
634 2577 678 2606 διὰ
691 2578 740 2610 τὰς
754 2578 809 2605 τῶν
821 2578 905 2606 νότων
920 2579 1030 2616 ίσχυρο·

229 2625 316 2660 τέρας
331 2625 380 2652 καὶ
395 2624 552 2661 βιαιοτέρας
566 2625 650 2656 πνοάς
664 2632 672 2639 ’
684 2624 698 2651 ὃ
713 2624 760 2652 καὶ
772 2623 820 2651 νῦν
837 2624 883 2651 τοῦ
902 2625 1028 2652 παππίου

230 2672 306 2698 ἔστιν
320 2669 385 2698 ἰδεῖν
401 2671 585 2705 καταγώγιον.
598 2671 655 2706 οὐχ
667 2667 748 2707 ἦττον
767 2670 795 2697 δὲ
809 2671 921 2706 κατόψει
938 2671 983 2698 καὶ
998 2671 1029 2698 τὺ

231 2718 323 2745 ἐκεῖσε
339 2717 372 2753 δὴ
388 2717 503 2754 ἡλιακὸν
521 2716 567 2744 ὑπ’
579 2717 685 2745 ἐκείνου
704 2716 943 2753 καταϐεϐλημένα)
958 2718 1029 2745 κατὰ

230 2763 378 2799 πρόσωπον
392 2763 441 2790 τοῦ
453 2763 550 2799 βορρᾶ.
567 2762 596 2796 ἑξ
612 2759 642 2791 οὗ
656 2763 688 2799 δὴ
703 2763 854 2798 ὡρᾶτοςκαὶ
869 2763 900 2790 τδ
913 2763 1029 2790 παλαιὸν

1080 2303 1243 2336 protegeret.
1259 2298 1424 2327 Cubiculum
1447 2297 1498 2325 hoc
1513 2305 1586 2324 nunc
1604 2297 1690 2332 papiac
1704 2296 1877 2324 domicilium

1079 2352 1131 2375 cst.
1146 2347 1200 2374 Nec
1215 2347 1307 2373 minus
1322 2343 1439 2377 videbis,
1452 2342 1527 2379 quod
1545 2343 1599 2370 illic
1608 2346 1707 2376 exstat,
1722 2343 1762 2370 sic
1776 2343 1879 2370 dictum

1081 2393 1176 2421 Solare
1189 2392 1223 2420 ab
1239 2399 1271 2419 eo
1288 2390 1322 2418 ad
1336 2390 1495 2425 aquilonem
1513 2388 1677 2421 fundatum;
1694 2396 1727 2416 cx
1747 2395 1802 2424 quo
1814 2383 1880 2414 edn-

1080 2439 1259 2476 spieicbatur,
1278 2436 1352 2473 quod
1376 2441 1443 2464 tunc
1459 2435 1515 2464 illic
1538 2439 1608 2468 erat,
1623 2439 1702 2462 vetus
1721 2433 1880 2469 Sphaeristc-

1079 2485 1163 2518 rium,
1180 2484 1227 2511 ubi
1242 2485 1269 2510 et
1283 2490 1354 2510 nova
1370 2484 1511 2509 exstructa
1532 2480 1649 2508 ecclesia
1663 2488 1670 2513 ;
1683 2483 1803 2513 suntque
1818 2478 1881 2505 duae

1078 2532 1176 2568 phialae
1187 2535 1216 2559 et
1234 2529 1330 2557 hortus
1342 2528 1467 2561 interior,
1489 2528 1523 2555 ab
1546 2527 1655 2563 inclytae
1669 2525 1811 2553 memoriae
1828 2524 1879 2553 Ba-

1080 2578 1142 2606 silio
1167 2577 1331 2611 imperatore
1359 2574 1465 2602 eﬂ‘ecta.
1503 2573 1536 2600 Et
1575 2573 1684 2608 quidem
1710 2571 1743 2598 ad
1771 2570 1879 2606 plagam

1080 2623 1242 2653 orientalem
1267 2623 1325 2650 haec
1346 2626 1411 2649 sunt
1439 2620 1499 2656 ejus
1511 2619 1624 2647 aedilicia
1654 2627 1661 2645 :
1689 2617 1721 2644 ad
1753 2620 1879 2644 austrum

1083 2678 1158 2703 vero,
1184 2668 1324 2705 productis
1348 2668 1466 2701 primum
1492 2665 1646 2695 Solaribus,
1676 2663 1713 2690 uti
1749 2663 1879 2696 superius

1083 2717 1212 2749 diximus,
1241 2715 1393 2750 hortisquc,
1417 2714 1464 2749 qui
1496 2720 1570 2740 nttnc
1598 2716 1673 2745 sunt,
1708 2709 1877 2741 constitutis.

1084 2767 1217 2799 pra-terea
1231 2761 1313 2789 etiam
1329 2758 1455 2787 cubicula
1475 2756 1626 2790 exstruxit,
1649 2756 1722 2792 quod
1743 2753 1877 2783 Catullam

226 2810 490 2847 τῖουκανιοντήριονἰ
513 2811 603 2838 ἐκεῖσε
625 2809 776 2845 τηνικαῦτα
799 2810 944 2845 τυγχάνον,
970 2810 1035 2838 ἔνθα

1088 2813 1199 2839 vocant.
1219 2808 1391 2841 alterumque
1412 2805 1450 2832 illi
1476 2805 1613 2838 vicinum;
1629 2802 1755 2839 quodque
1778 2801 1877 2828 iterum

891 2856 1007 2885 VARIAE
1024 2855 1226 2886 LECTIONES.

257 2908 280 2924 "
296 2905 375 2942 καθ’]
393 2904 456 2941 μεθ’
470 2904 500 2931 Ρ.
542 2903 562 2920 δ’
578 2904 729 2939 ἐνεστηκώς
743 2912 747 2917 ·
759 2903 774 2931 ὅ
789 2904 809 2932 Ρ
857 2905 880 2921 ⁵⁸
893 2904 940 2931 καὶ
957 2913 1011 2932 om.
1025 2905 1053 2931 I‘.
1095 2904 1115 2919 θ’
1133 2901 1298 2938 ίπημερὲιςῖ

1336 2900 1359 2914 ¹¹
1373 2898 1567 2934 μετοπωρινῆς
1583 2897 1611 2924 Ρ.
