2100 3225
256 187 307 219 159

252 247 337 277 prope
357 240 422 269 illud
437 239 532 267 ordine
548 238 658 266 tertium
671 242 714 266 est
733 247 739 265 :
757 245 789 265 ac
812 238 894 265 modo
915 236 1044 271 Augustae
1058 237 1080 265 A

253 289 370 314 vestium
396 294 484 322 penus
499 285 562 321 (hoc
585 289 627 312 est
641 284 813 320 vestiarium)
839 289 891 311 est.
911 284 1046 311 Cmtcrum

254 332 385 365 Camilas,
415 331 456 359 sic
486 331 590 358 dictum
619 330 789 364 cubiculum,
811 334 913 357 tectum
935 328 1046 362 quidem

254 377 336 405 habet
350 384 419 405 auro
433 377 605 410 distinctum,
624 376 697 412 quod
710 376 845 404 columna:
861 383 907 403 sex
927 374 1048 402 Thessa-

254 424 298 452 lici
312 424 410 459 lapidis
433 424 496 458 (hoc
509 429 551 452 est
566 422 672 458 viridis)
693 423 811 450 sublime
828 421 907 458 145
921 421 1046 449 l'ulciunt.

255 470 393 498 Parietum
413 470 560 498 inferiores
579 470 689 505 quidem
708 473 799 505 partes
816 468 953 496 similibus
976 475 1049 495 mar-

255 517 358 545 moreis
388 517 491 545 crustis
517 520 666 544 constratae
697 520 782 548 sunt;
808 515 965 550 superiores
984 522 1049 541 vero

255 564 387 591 exhibent
400 567 505 591 statuas
520 562 654 598 quasdam
669 570 703 589 ex
722 560 840 589 tessellis
867 561 1048 595 compositas,

255 619 315 646 qua:
330 619 409 646 poma
435 611 596 645 decerpunt.
624 608 759 637 Praeterea
782 615 848 635 vero
869 608 951 635 etiam
973 607 1050 642 pavi-

256 662 379 684 mentum
394 664 426 684 ex
446 655 640 684 Praeconnesio
656 654 744 689 lapide
764 659 890 682 stratum.
905 653 963 681 Una
981 662 1051 688 qun-

256 711 309 738 qne
323 709 493 731 exstructum
510 702 674 734 oratorium,
701 701 756 729 duo
772 699 917 729 continens
941 701 1050 732 altaria,

256 752 372 776 alterum
386 749 565 776 sanctissima:
588 748 633 775 Dei
647 747 794 776 Genitricis
803 748 922 780 nomine,
935 747 1051 775 alterum

258 795 400 823 Michaelis
415 795 548 830 principis
573 794 693 822 caelestis
719 794 833 826 militiae.
864 794 1005 828 subjectus
1027 793 1051 821 ei

256 843 363 874 xystus,
381 846 428 873 per
441 839 557 866 clatrum
588 845 775 866 marmoreum
791 839 818 866 in
840 839 986 867 triclinium
999 838 1052 867 Au.

257 892 335 911 reum
371 889 529 919 aspectans,
544 884 717 912 bibliothecae
728 886 790 913 usui
804 885 932 914 addictus
949 894 963 913 a
973 886 1053 914 Chri-

257 931 293 958 sti
313 935 423 958 amante
449 930 631 958 Constantino
663 932 939 968 Porphyrogenneto;
972 927 1055 968 cujus,

258 984 356 1004 rursus
367 976 540 1004 cmnaculum
558 976 677 1011 parietes
688 976 798 1011 quidem
818 984 850 1004 cx
865 976 1002 1004 Bathuino
1018 977 1052 1004 la-

258 1022 321 1058 pide
343 1022 500 1057 splendidos
524 1022 615 1055 habet,
632 1023 817 1058 pavimentum
837 1030 904 1050 vero
927 1030 1008 1050 omne
1018 1031 1051 1051 ex

258 1068 404 1096 tessellulis
417 1069 580 1096 marmoreis
591 1068 660 1096 varii
677 1069 779 1097 coloris
797 1069 979 1104 compositura
999 1074 1051 1097 est.

259 1115 337 1149 Quod
350 1114 481 1143 Camilam
495 1116 620 1151 sequltur
634 1115 750 1143 alterum
764 1115 933 1147 cubiculum.
949 1121 1050 1143 tectum

259 1162 346 1198 priori
370 1162 460 1191 simile
487 1162 579 1194 habet,
601 1162 752 1191 Dociminis
772 1166 892 1197 quatuor
917 1163 1053 1190 columnis

260 1208 420 1241 subnixum,
436 1209 623 1244 pavimentum
653 1209 850 1237 Prmconnesio
874 1213 993 1237 stratum
1010 1209 1052 1237 la-

259 1255 333 1290 pide.
368 1254 507 1283 Parietum
539 1262 631 1282 aerem
660 1254 818 1291 (inferiores
831 1255 934 1283 scilicet
950 1255 1052 1292 partes)

261 1300 492 1336 quemadmodum
507 1300 628 1336 primum
652 1300 809 1328 cubiculum
827 1301 918 1329 aureis
938 1302 1054 1329 tcssellis

262 1347 364 1382 ubique
378 1352 540 1375 exornatum
563 1346 664 1375 habet:
680 1347 817 1382 reliquum
838 1354 912 1379 vero,
929 1347 975 1374 ubi
989 1348 1054 1374 deii-

1069 908 1089 936 ll

262 1393 337 1421 ciunt
364 1393 519 1425 tessellnlac,
544 1393 658 1420 arbores
671 1393 795 1427 quaedam
818 1393 1055 1428 versicolorcsque

262 1440 355 1475 ﬁgura:
366 1440 480 1476 implent
490 1448 522 1467 ex
535 1440 651 1467 Prasino
660 1447 806 1468 marmore.
819 1439 888 1467 Huic
901 1440 1052 1474 subjectum

261 1487 429 1520 cubiculum,
444 1487 515 1523 quod
530 1490 557 1514 et
571 1487 677 1514 medius
691 1491 785 1522 xystus
801 1495 848 1514 scu
864 1487 1052 1515 ambulacrum

262 1533 373 1567 dicitur,
404 1539 574 1562 exsectorum
600 1541 728 1570 gynaeceo
751 1533 940 1569 prasiectorum
963 1534 1053 1562 domi-

263 1580 327 1609 cilio
342 1581 479 1608 addictum
490 1585 542 1607 est.
558 1580 681 1607 Tertium
707 1580 835 1615 denique,
856 1589 909 1608 una
932 1588 994 1608 cum
1011 1589 1059 1609 cu-
1071 1578 1094 1611 C

264 1626 366 1659 biculo,
385 1627 458 1661 quod
474 1633 548 1654 nunc
569 1625 699 1661 Augustae
725 1627 842 1654 vestium
862 1634 949 1661 penus
964 1632 1006 1654 est
1020 1626 1057 1662 (id

263 1677 306 1700 est
320 1671 503 1707 vestiarium),
520 1672 611 1699 simile
625 1672 668 1700 his
688 1676 789 1701 tectum
809 1672 900 1699 habet.
916 1672 1061 1700 Pavimen-

266 1722 323 1745 tum
339 1717 458 1745 candido
478 1718 569 1753 lapide
586 1716 782 1746 Prwconnesio
792 1722 925 1749 stratum:
944 1718 1061 1753 parietes

265 1771 371 1798 omnes,
389 1772 443 1793 non
463 1769 527 1792 tunc
553 1762 663 1800 quidem
691 1763 772 1799 146
798 1763 845 1791 sed
877 1768 982 1799 postea,
1009 1764 1060 1792 Mi-

265 1810 361 1839 chaele
375 1809 521 1846 Theophili
542 1810 599 1837 tilio
630 1809 808 1845 imperatore,
837 1810 919 1845 pictis
934 1810 1062 1846 imagini-

266 1856 319 1885 bus
341 1857 449 1893 egregie
475 1856 577 1883 ornati.
603 1855 670 1890 Ejus
695 1856 768 1890 quod
800 1856 865 1884 huic
884 1856 1061 1892 conjunctum

267 1902 464 1936 cohaerensque
491 1901 674 1929 diversorium
704 1906 765 1934 est,
794 1907 896 1929 tectum
925 1903 1063 1932 columnis

267 1951 372 1983 septem
392 1946 519 1975 Carianis
545 1946 677 1982 fulcitur;
709 1948 832 1984 quinque
866 1957 898 1977 ex
926 1946 1062 1978 meridiali

268 1993 359 2030 plaga,
378 1994 484 2021 duabus
512 2002 545 2022 ex
578 2001 608 2021 ea
641 2002 703 2030 quae
734 1995 768 2023 ad
791 1995 925 2030 orientem
946 2001 1063 2031 spectat,

269 2047 349 2067 muro
361 2039 463 2074 duplici
493 2040 627 2073 munitur,
648 2041 749 2076 quibus
763 2040 958 2078 (porphyretici
975 2042 1063 2077 Pega-

269 2084 397 2121 nusiique
424 2089 452 2112 et
480 2084 604 2116 Cariaui.
620 2094 727 2114 necnon
750 2091 778 2114 et
802 2087 921 2121 Prasini,
940 2089 1065 2117 uudulati

269 2132 388 2169 denique
414 2132 566 2161 Thessalici
584 2135 732 2163 marmoris
754 2139 854 2163 crustae
868 2141 1064 2165 ornamentum

270 2180 402 2216 prabent.
418 2180 578 2215 Appellatur
591 2180 772 2209 diversoriqu
789 2181 860 2209 istud
875 2190 908 2210 ac
924 2182 985 2210 aula
1004 2182 1065 2210 Mu-

271 2227 346 2255 sicus
358 2227 393 2255 ob
405 2234 573 2254 marmorum
583 2227 658 2254 vario
678 2227 770 2255 colore
781 2228 998 2263 compositorum
1019 2229 1063 2257 in-

272 2273 377 2308 signem
408 2273 581 2308 elegantiam,
608 2272 681 2300 unde
704 2278 731 2301 et
753 2273 903 2308 pavimenti
920 2274 1018 2302 faciem
1029 2283 1063 2302 ex

272 2318 392 2345 diversis
409 2317 503 2352 ﬁguris
518 2317 690 2353 diversisque
709 2326 742 2346 ac
757 2319 949 2354 pulcherrimis
965 2321 1064 2356 lapidi-

274 2364 327 2392 bus
356 2363 465 2400 egregie
485 2364 679 2392 concinnatam
714 2364 807 2392 habet.
841 2365 921 2394 Dicas
947 2366 1066 2396 videndo

273 2415 382 2447 pratum
396 2418 458 2438 esse
469 2410 585 2438 diversis
609 2409 724 2439 tioribus
746 2416 867 2439 scatens.
881 2411 952 2440 Huic
970 2413 1003 2441 ad
1019 2422 1067 2442 oc-

275 2457 410 2485 cidentale
429 2457 500 2484 latus
523 2456 598 2484 aliud
620 2457 778 2485 cubiculum
806 2458 937 2492 adlneret,
967 2460 1065 2488 eadem

276 2511 445 2532 marmorum
475 2502 609 2538 elegantia
634 2503 810 2531 instructum.
825 2504 866 2532 Ad
889 2506 947 2533 haec
963 2509 1064 2533 tectum

276 2550 351 2578 illius
364 2550 499 2578 columnis
514 2549 636 2584 quinque
662 2548 798 2583 Carianis,
826 2551 914 2578 tribus
935 2552 969 2579 ad
985 2552 1069 2580 meri-

276 2597 359 2631 diem,
374 2597 481 2624 duabus
492 2596 525 2624 ad
542 2604 683 2629 occasum,
699 2601 878 2626 sustentatur.
903 2598 984 2626 Aliud
1003 2607 1068 2627 vero

278 2648 321 2670 est
335 2643 368 2670 ad
382 2644 441 2678 ejus
453 2643 543 2678 pedes.
555 2643 658 2670 induas
671 2643 742 2670 aedes
760 2644 888 2677 divisum,
899 2644 971 2672 haud
987 2645 1069 2681 longe

278 2689 314 2717 ab
325 2690 454 2724 Augusta:
467 2697 545 2717 sacro
552 2689 678 2717 cubiculo
688 2697 696 2723 ;
708 2690 752 2717 ubi
766 2690 848 2717 etiam
857 2690 958 2718 Christi
974 2698 1071 2719 amans

281 2735 335 2762 Leo
354 2735 502 2769 imperator
518 2735 625 2764 Sanctae
644 2735 729 2763 Anna:
744 2736 881 2764 exstruxit
895 2738 1048 2765 oratorium
1062 2746 1070 2771 ;

280 2780 361 2814 cujus
387 2780 474 2816 ipsius
499 2785 601 2808 lectum
629 2781 765 2809 columnis
792 2787 910 2816 quatuor
928 2781 1072 2812 Bathuinis

282 2826 403 2859 fulcitur,
418 2826 601 2861 pavimentum
629 2834 660 2854 ex
679 2825 873 2856 Praeconuesio
893 2829 1010 2856 candido
1029 2830 1071 2857 la-

797 183 1051 216 THEOPHANES
1068 182 1349 214 CON'I‘INUATUS.

1096 237 1143 263 καὶ
1159 237 1175 271 ἡ
1189 235 1248 263 Nl:
1256 236 1379 263 ἔκτισται
1394 235 1545 272 Ἐκκλησία
1560 236 1608 264 καὶ
1618 237 1645 265 αἱ
1659 236 1807 271 meum
1822 239 1894 265 ιίσὶν

1099 282 1147 309 καὶ
1160 282 1190 309 τὺ
1206 283 1376 317 μεσοκήπιον
1389 282 1442 309 ὑπὸ
1458 282 1598 309 Βασιλείου
1611 282 1659 310 τοῦ
1675 283 1799 318 ἀοιδίμου
1813 285 1894 318 γενό-

1100 338 1169 364 μενα
1184 329 1328 364 βασιλέως.
1347 329 1401 355 Καὶ
1421 329 1490 364 πρὸς
1515 329 1565 364 μὲν
1579 329 1609 356 τὸ
1631 329 1790 356 ἀνατολικὸν
1809 330 1895 366 μέρος

1099 372 1179 402 αὗται
1193 374 1274 402 αὑτοῦ
1286 375 1314 402 al
1329 375 1485 411 οἰκοδομαί·
1501 375 1569 411 πρὸς
1586 375 1614 402 δὲ
1630 376 1676 403 τδν
1694 376 1770 403 νότον
1784 377 1895 413 πρῶτον

1101 422 1150 455 μὲν
1167 421 1237 448 αὐτὰ
1251 422 1286 448 τὰ
1310 421 1410 457 ἡλιακὰ
1436 422 1592 458 προτείνας,
1607 422 1646 454 ὼς
1668 423 1734 458 ἡμῖν
1759 423 1894 461 πρότερον

1100 469 1218 504 εἴρηται,
1243 469 1290 495 καὶ
1314 469 1377 500 τοὺς
1397 468 1445 495 νῦν
1468 468 1547 501 ὂντας
1568 469 1675 505 κήπους
1699 470 1816 504 ποιήσας
1830 479 1892 498 κου-

1101 514 1229 542 ϐοὑκλεια
1244 515 1455 551 προσεδείματο,
1470 515 1516 542 τόν
1534 524 1564 542 τε
1582 516 1710 550 Καμιλᾶν
1728 516 1800 543 οὕτω
1816 516 1897 551 λεγό-

1102 571 1182 597 μενον
1196 563 1241 589 καὶ
1257 562 1288 589 τι
1307 562 1421 597 πλησίον
1440 562 1546 589 ἐκείνου
1562 562 1754 590 κουϐούκλειον
1767 563 1898 598 δεύτερον

1101 608 1148 635 καὶ
1161 607 1192 634 τδ
1203 607 1297 634 τούτου
1311 607 1393 634 πάλιν
1405 607 1475 635 κατὰ
1489 608 1565 641 τάξιν
1577 608 1691 643 πλησίον
1704 609 1807 644 τρίτον,
1820 610 1834 636 δ
1848 610 1897 636 κού⁸

1101 653 1149 680 νῦν
1162 654 1211 688 τῆς
1227 653 1385 691 Δῆγούστης
1401 653 1459 680 ἐστὶ
1472 653 1637 690 βεστιάριον.
1662 655 1730 682 Ἀλλ’
1743 656 1757 682 ὁ
1773 656 1824 691 μὲν
1835 656 1897 683 Κα-

1104 700 1184 735 μιλᾶς
1196 699 1226 732 ἒξ
1240 700 1328 726 κίοσιν
1349 701 1382 727 ὲκ
1400 700 1564 727 Θετταλικοῦ
1587 701 1674 734 λίθου,
1693 702 1741 729 τοῦ
1762 702 1809 729 καὶ
1821 711 1897 738 πρα-

1104 747 1188 779 σίνου,
1199 746 1248 782 τὴν
1258 747 1525 782 χρυσοκατάστικτον
1535 747 1636 784 ὀροφὴν
1649 748 1900 785 μετεωριζόμενος,

1102 792 1157 820 τῶν
1174 793 1203 820 δὲ
1216 793 1315 828 τοίχων
1331 794 1365 821 τὰ
1385 794 1460 821 κάτω
1490 794 1539 829 μὲν
1565 794 1634 830 ἔχων
1660 794 1689 827 ἐξ
1711 794 1811 831 ὁμοίων
1829 804 1899 822 κατ-

1104 839 1264 874 εστρωμένα
1280 838 1403 872 πλακῶν,
1417 838 1452 865 τὰ
1466 839 1491 865 δ’
1504 839 1561 866 ἄνω
1573 841 1606 866 ὲκ
1620 841 1800 875 χρυσοαυγῶν
1814 841 1901 878 ψηφί-

1104 885 1156 912 δων
1172 886 1321 921 ἀγάλματά
1343 894 1403 913 τινα
1422 886 1568 922 τρυγῶντα
1588 886 1722 924 καρποὺς,
1744 887 1785 914 ἔτι
1804 888 1832 914 δὲ
1850 887 1902 915 καὶ

1103 931 1235 967 τοῦδαφος
1249 933 1281 958 ἐκ
1294 932 1375 960 λίθων
1391 932 1622 968 Προικοννησίων,
1638 933 1813 968 συνῳκοδομη
1819 934 1902 968 μένον

1103 976 1160 1012 ἔχει
1178 978 1226 1004 καὶ
1242 977 1397 1013 εὐκτήριον,
1409 977 1457 1004 δύο
1472 978 1600 1014 περιέχον
1615 977 1735 1013 βήματα,
1749 978 1777 1005 ἐν
1794 979 1843 1014 μὲν
1858 980 1903 1012 είς

1102 1022 1188 1058 ὄνομα
1203 1025 1253 1059 τῆς
1270 1023 1424 1059 ὑπεραγίας
1439 1024 1588 1059 Δεσποίνης
1602 1024 1735 1052 Θεοτόκου
1748 1046 1756 1058 ,
1783 1026 1903 1061 θάτερον

1102 1069 1131 1096 δὲ
1145 1069 1185 1101 είς
1197 1069 1284 1105 ὄνομα
1299 1069 1346 1097 τοῦ
1361 1071 1582 1107 ἀρχιστρατήγου
1599 1071 1720 1107 Μιχαήλ.
1745 1070 1904 1108 ’Υποϐεϐη-

1103 1116 1151 1147 κὺς
1163 1115 1191 1142 δὲ
1204 1115 1298 1143 τούτου
1323 1116 1479 1152 μεσόπατὸν
1494 1118 1578 1151 ἔστιν,
1602 1117 1616 1144 δ
1636 1118 1687 1152 τὴν
1712 1118 1762 1154 μὲν
1784 1119 1904 1146 σκοπιᾶν

1103 1161 1148 1188 διὰ
1164 1162 1339 1198 μαρμαρίνου
1356 1162 1483 1190 κλουϐίου
1508 1162 1578 1198 πρὸς
1598 1163 1645 1190 τὸν
1668 1164 1905 1200 Χρυσοτρίκλιιίον

1103 1207 1165 1243 ἕχον
1179 1208 1219 1240 είς
1236 1208 1412 1244 βιϐλιοθήκην
1427 1208 1582 1245 ἀφώρισται
1601 1210 1678 1246 παρὰ
1692 1211 1906 1239 Κωνσταντὶνοιι

1104 1254 1152 1281 τοῦ
1168 1254 1342 1290 φιλοχρίστου
1368 1255 1629 1293 Πορφυρογεννήτου
1646 1256 1797 1292 βασιλέως·
1816 1253 1906 1294 οὗπερ

1104 1301 1135 1327 τὸ
1151 1301 1348 1337 ἀριστητήριον
1366 1299 1443 1334 αὖθίς
1458 1303 1534 1329 ἐστιν
1551 1303 1583 1331 ὲκ
1599 1303 1682 1331 λίθων
1699 1304 1747 1340 μὲν
1763 1303 1907 1331 Βαϐυτνων

1104 1350 1167 1380 τοῦς
1183 1349 1291 1384 τοίχους
1313 1349 1374 1385 ἔχον
1393 1350 1673 1386 λελαμπρυσμένουςι
1695 1350 1728 1377 ἐκ
1758 1349 1907 1384 συγκοπῶν

1104 1394 1132 1420 δὲ
1146 1395 1193 1421 καὶ
1207 1395 1344 1431 διαφόρων
1359 1397 1461 1432 χροιῶν
1483 1397 1514 1423 τὺ
1536 1397 1635 1432 ἔδαφος
1658 1398 1721 1424 πᾶν.
1740 1397 1782 1433 [Ρ.
1805 1396 1850 1432 90]
1866 1396 1907 1425 Τδ

1104 1440 1133 1467 δὲ
1160 1441 1230 1475 μετὰ
1251 1441 1298 1468 τὸν
1320 1443 1449 1477 Καμιλᾶν
1472 1443 1666 1470 κουϐούκλειον
1691 1442 1828 1478 δεύτερον,
1854 1443 1908 1480 τὴν

1105 1488 1207 1524 ὀροφὴν
1229 1489 1326 1525 ὁμοίαν
1341 1489 1380 1524 τῷ
1404 1490 1530 1526 προτέρῳ
1547 1489 1610 1525 ἔχον
1627 1489 1673 1516 καῖ
1694 1489 1748 1516 ὑπὸ
1763 1489 1906 1525 τεσσάρων

1107 1535 1205 1561 κιόνων
1223 1535 1422 1570 ὲστηριγμένον
1433 1535 1592 1570 δοκιμίνων,
1609 1535 1639 1562 τδ
1660 1534 1757 1571 ἔδαφος
1772 1536 1804 1562 ὲκ
1822 1536 1906 1571 Προι-

1110 1580 1254 1615 κοννησίου
1271 1580 1345 1607 λίθου
1366 1579 1565 1616 κατέστρωται,
1582 1580 1638 1608 τῶν
1652 1581 1761 1617 τοίχων,
1783 1581 1821 1613 ὡς
1837 1582 1868 1609 τὸ
1882 1582 1906 1599 ⁸³

1110 1625 1253 1660 πρότερον,
1268 1625 1314 1655 τὸν
1327 1625 1376 1660 μὲν
1391 1626 1459 1662 ἀέρα
1475 1627 1506 1653 ὲκ
1521 1627 1688 1662 χρυσοειδῶν
1697 1626 1824 1663 ψηφίδων
1837 1628 1906 1660 ὅλως

1110 1671 1348 1707 κατηγλαῖσμένον
1361 1672 1455 1707 φέρον,
1478 1672 1575 1708 δένδρα
1598 1673 1626 1701 δέ
1645 1683 1704 1701 τινα
1727 1675 1774 1702 καὶ
1800 1675 1906 1702 ποικίλ-

1114 1725 1187 1752 ματα
1199 1717 1232 1743 ὲκ
1243 1717 1382 1752 πρασίνων
1396 1717 1492 1753 ἔχοντα
1505 1718 1536 1745 τδ
1547 1719 1641 1747 λεῖπον
1651 1720 1775 1755 ψηφίδων
1785 1720 1908 1757 ἀναπλη-

1114 1762 1254 1798 ρούμενον.
1271 1763 1308 1789 Τδ
1321 1763 1409 1799 τούτῳ
1424 1764 1452 1791 δὲ
1465 1764 1647 1801 ὑποϐιϐηκδς,
1660 1765 1674 1792 ὃ
1688 1766 1735 1792 καὶ
1747 1766 1908 1798 Μεσόπατος

1112 1809 1232 1842 λέγεται,
1255 1810 1295 1842 είς
1314 1810 1423 1845 οἴκησιν
1448 1810 1503 1836 τῶν
1529 1811 1579 1846 τὴν
1607 1812 1801 1845 γυναικωνῖτιν
1826 1820 1910 1839 πεπιν-

1114 1856 1271 1891 στευμένων
1289 1856 1483 1892 καρτζιμάδων
1500 1856 1585 1883 ἐστίν.
1607 1856 1644 1883 Τὸ
1671 1856 1700 1883 δὲ
1722 1857 1815 1891 τρίτον
1839 1858 1910 1892 μετὰ

1112 1902 1160 1930 τοῦ
1176 1902 1381 1934 κουϐουκλεῖου,
1393 1902 1423 1929 τδ
1438 1902 1486 1929 καὶ
1499 1902 1547 1930 νῦν
1561 1903 1611 1937 τῆς
1624 1902 1783 1937 Αὖγούστης
1799 1902 1908 1938 βεστιά-

1116 1957 1173 1985 ριον
1190 1948 1372 1984 χρηματίζον,
1387 1948 1484 1984 ὁμοίαν
1499 1948 1556 1984 ἔχει
1569 1948 1676 1981 τούτοις
1687 1948 1736 1984 τὴν
1748 1949 1850 1984 ὀροφὴν
1861 1949 1910 1975 καὶ

1114 1995 1247 2031 τοῦδαφος
1264 1997 1297 2023 ἑκ
1316 1995 1414 2023 λευκοῦ
1427 1995 1502 2022 λίθου
1525 1995 1737 2031 Προικοννησίου
1754 2004 1912 2030 κατεστρω-

1116 2042 1209 2077 μένον,
1221 2041 1286 2072 τοὺς
1299 2041 1406 2077 τοίχους
1421 2041 1449 2067 δὲ
1463 2040 1586 2072 ἅπαντας
1601 2040 1654 2067 ὕπὸ
1670 2040 1782 2067 εἰκόνων
1797 2040 1911 2075 ὕστερον

1115 2088 1175 2116 ἀλλ’
1190 2088 1221 2115 οὗ
1236 2087 1297 2114 τότε
1308 2086 1561 2122 καταγλαϊσθέντας
1581 2086 1632 2113 ὑπὸ
1649 2085 1697 2113 τοῦ
1714 2086 1774 2112 υἱοῦ
1790 2086 1910 2122 Μιχαήλ.

1115 2133 1153 2161 Τὸ
1171 2134 1260 2169 τούτῳ
1283 2133 1311 2160 δὲ
1336 2133 1477 2169 ἡνωμένον
1499 2132 1548 2158 καὶ
1573 2132 1751 2167 συμπεφυκδς
1770 2132 1912 2167 κατώγιον

1116 2180 1188 2207 ἑπτὰ
1206 2180 1256 2215 μὲν
1278 2179 1351 2206 κίοσι
1372 2179 1522 2214 Καριανοῖς
1540 2177 1590 2213 τὴν
1615 2178 1718 2214 ὀροφὴν
1742 2178 1912 2213 στηρίζεται.

1119 2226 1200 2253 πέντε
1219 2226 1269 2261 μὲν
1284 2225 1353 2261 προς
1372 2225 1548 2260 μεσημϐρίαν
1570 2224 1617 2251 δύο
1636 2224 1665 2251 δὲ
1682 2224 1751 2260 προς
1767 2217 1913 2260 ἀνατολὴν,

1116 2272 1217 2307 τοίχοις
1230 2272 1258 2299 δὲ
1270 2271 1317 2298 δύο
1335 2271 1492 2306 ὠχύρωται,
1513 2271 1545 2298 ὲκ
1566 2271 1679 2297 πλακῶν
1703 2271 1848 2307 Ῥωμαίων
1866 2272 1915 2299 καὶ

1115 2318 1312 2353 Πηγανουσίων
1329 2318 1376 2344 καὶ
1399 2317 1558 2353 Καριανῶν,
1575 2317 1645 2353 πρὸς
1664 2317 1693 2344 δὲ
1709 2318 1757 2345 καὶ
1772 2318 1915 2353 πρασίνων

1115 2363 1368 2399 καλλωπιζομένοις
1391 2363 1534 2395 ποταμίων
1555 2362 1743 2390 Θετταλικῶν·
1774 2362 1915 2394 Μουσικδς

1115 2408 1193 2442 οὗτος
1208 2410 1424 2446 κατονομάζεται
1437 2410 1482 2437 διὰ
1498 2409 1548 2445 τὴν
1561 2409 1617 2436 τῶν
1635 2409 1793 2445 μαρμάρων
1810 2408 1915 2445 ἀκριϐῆ

1117 2456 1270 2493 συγκοπὴν,
1295 2456 1356 2483 ὅθεν
1381 2456 1427 2483 καὶ
1452 2455 1501 2491 τὴν
1530 2455 1578 2482 τοῦ
1606 2455 1722 2489 ἐδάφους
1745 2453 1854 2480 λείωσιν
1883 2454 1916 2480 ἔκ

1118 2504 1255 2539 διαφόρων
1275 2502 1325 2538 μὲν
1341 2502 1490 2538 σχημάτων
1503 2501 1536 2528 ὲκ
1549 2500 1688 2535 διαφόρων
1703 2499 1734 2526 δὲ
1747 2500 1795 2526 καὶ
1805 2498 1917 2533 ὡραίων

1119 2550 1201 2577 λίθων
1216 2550 1403 2586 ἐξηρτυμένην
1417 2548 1480 2584 ἔχει.
1493 2548 1588 2579 Εῖποις
1602 2545 1636 2574 ἄν
1646 2546 1712 2573 αὐτό
1723 2545 1784 2573 ίδὼν
1795 2545 1917 2581 λειμῶνα.

1121 2596 1193 2625 εἶναι
1214 2596 1353 2632 διαφόροις
1381 2594 1475 2623 ἄνθεσι
1502 2592 1631 2629 βρύοντα.
1657 2591 1752 2628 Τούτῳ
1772 2592 1842 2627 πρὸς
1867 2592 1918 2627 μὲν

1121 2643 1198 2671 δύσιν
1212 2645 1284 2671 κατὰ
1306 2641 1428 2678 πλευρὰν
1450 2639 1643 2668 κουϐούκλειον
1666 2639 1769 2674 ἥνωται
1794 2638 1843 2673 τὴν
1862 2638 1919 2665 τῶν

1125 2691 1280 2727 μαρμάρων
1300 2690 1454 2724 ὡραιότητα
1476 2687 1547 2715 κατὰ
1567 2687 1657 2714 πάντα
1671 2686 1754 2722 φέρον
1776 2686 1917 2721 ὲφόμοιον,

1125 2738 1166 2765 ἔτι
1184 2738 1213 2765 δὲ
1228 2737 1275 2764 καὶ
1297 2736 1370 2763 κίοσι
1395 2735 1478 2762 πέντε
1500 2735 1661 2770 Καριανοῖς,
1685 2734 1761 2769 τρισὶ
1783 2733 1833 2769 μὲν
1850 2731 1920 2767 πρδς

1127 2782 1302 2820 μεσημϐρίαν
1314 2782 1362 2809 δύο
1376 2781 1404 2808 δὲ
1419 2781 1489 2817 πρὸς
1503 2779 1620 2816 δυσμὰς,
1635 2779 1686 2816 τὴν
1702 2778 1804 2815 ὀροφὴν
1820 2778 1912 2814 βαστά-

1126 2831 1230 2863 ζουσιν.
1244 2830 1357 2865 Ἕτερον
1381 2828 1409 2855 δὲ
1425 2827 1493 2864 πρὸς
1507 2827 1593 2859 πόδας
1607 2825 1703 2853 τούτου
1720 2825 1804 2858 ἐστὶν,
1819 2824 1858 2856 είς
1873 2821 1921 2850 δύο

926 2876 1044 2906 νΑΒΙᾸε]
1063 2874 1267 2907 LECTIONLS.

318 2921 342 2938 "
352 2922 388 2952 ὡς
399 2921 428 2948 τὺ
442 2920 504 2950 add.
518 2921 708 2950 Comheﬁsius.
