4200 6412
549 320 659 391 ιω

1588 312 2102 377 TIIEOPHANES
2144 304 2708 372 CONTINUATUS.
2772 322 2773 327 ‘

3722 301 3825 369 164

549 452 760 497 ratorcs
790 437 1029 501 luerunt,
1062 450 1201 506 quos
1225 435 1273 489 ei
1329 445 1480 505 pater
1513 433 1835 505 reliquerat,
1874 428 2125 485 Tlteocti‘

2241 440 2351 478 των
2383 425 2631 496 ὑπῆρχον
2659 422 2981 494 φροντισταὶ
3028 422 3123 479 καί
3157 420 3450 495 ἐπίτροποι
3500 421 3594 486 οὓς
3642 422 3829 477 68:6-

547 547 666 590 stus
696 532 980 589 eunuchus
1008 544 1106 600 per
1134 529 1186 583 id
1221 537 1438 599 tempus
1489 527 1723 583 caniclio
1753 523 2044 597 praefectus
2073 536 2137 577 ac

547 623 1053 693 dromi'lognthcta,
1080 621 1396 693 Bardasque
1463 618 1731 692 patricius
1773 634 1839 675 ac
1880 612 2139 688 Augustae

548 718 732 778 frater,
766 730 996 769 necnon
1029 714 1245 769 Manuel
1278 714 1542 785 magister
1565 730 1629 768 ex
1657 711 1931 767 Armeniis
1954 710 2139 766 oriun-

546 808 669 870 dus,
703 803 795 875 qui
848 812 905 859 et
932 805 1195 876 Augusta:
1223 813 1453 874 patruus
1487 812 1626 859 erat.
1678 801 1923 857 Firmato
1952 802 2137 872 itaque

546 897 858 967 reipublicae
903 903 1070 963 statu,
1127 904 1181 950 et
1235 911 1362 951 cum
1416 910 1602 950 rerum
1651 894 1917 950 hactenus
1986 900 2135 948 recta

546 991 871 1061 gubernatio
918 989 1076 1053 foret,
1132 988 1385 1044 futurum
1433 996 1551 1044 erat
1614 997 1675 1043 ut
1731 997 1787 1043 et
1833 987 2133 1059 imaginum

545 1086 728 1140 cultus
799 1085 1199 1139 instauraretur
1249 1082 1657 1152 pristinumque
1703 1081 1973 1136 honorem
2030 1079 2136 1136 illae

548 1191 745 1230 rursus
774 1176 1101 1244 reciperent.
1132 1174 1212 1228 Ad
1246 1174 1555 1228 Manuelem
1582 1174 1767 1244 itaque
1798 1173 1919 1228 diro
1943 1172 2134 1228 morbo

547 1270 810 1338 gravique
869 1267 1245 1323 conﬂictatum
1278 1267 1515 1338 ingressi
1558 1265 1811 1322 Studiani
1851 1265 2133 1332 monachi,

546 1361 749 1430 quippe
804 1361 1004 1429 quibus
1060 1360 1151 1414 ille
1184 1359 1309 1415 fidei
1350 1360 1511 1431 149
1546 1360 1845 1429 plurimum
1874 1358 2129 1426 habebat,

546 1451 690 1505 facili
720 1450 937 1522 negotio
982 1450 1202 1521 citoque
1230 1449 1663 1520 recuperandam
1692 1450 1978 1505 sanitatem
2018 1450 2135 1519 pol-

546 1542 804 1609 licentur,
862 1542 906 1597 si
959 1541 1123 1597 modo
1163 1550 1278 1595 tum
1312 1541 1430 1610 ipse
1469 1549 1788 1597 sanctarum
1829 1540 2132 1614 imaginum

546 1634 753 1688 cultum
783 1634 1069 1704 approbet,
1132 1641 1247 1687 tum
1288 1634 1434 1689 illius
1469 1634 1663 1704 quovis
1693 1633 1813 1690 loco
1847 1634 2131 1690 sanciendi

545 1726 974 1797 imperatoribus
1020 1736 1215 1781 auctor
1264 1728 1516 1782 exsistat.
1569 1725 1722 1782 Multi
1757 1737 2021 1797 praeterea
2065 1743 2130 1783 ex

547 1818 672 1873 aliis
700 1818 980 1873 montibus
1019 1816 1332 1872 divinorum
1370 1826 1588 1888 patrum
1620 1819 1850 1874 Manueli
1890 1820 2131 1875 amicitia

543 1909 720 1981 juncti
754 1925 819 1966 ex
880 1926 945 1965 eo
995 1919 1243 1981 tempore
1298 1924 1409 1981 quo
1442 1911 1491 1965 is
1529 1909 1983 1966 Armeniacorum
2021 1912 2130 1968 dux

545 2013 687 2069 orat,
744 2002 811 2057 ad
867 2017 994 2059 eum
1046 2001 1333 2059 venientes
1394 2001 1698 2070 eademque
1748 2013 2004 2073 rogantes
2065 2004 2133 2059 ad

546 2104 758 2152 rectum
794 2096 1013 2151 tandem
1064 2112 1188 2152 eum
1257 2109 1482 2152 sensum
1522 2096 1769 2160 trahunt,
1815 2104 1868 2149 et
1899 2103 1956 2150 ut
1986 2099 2133 2175 quod

546 2186 684 2258 ipsis
710 2186 766 2241 in
790 2188 929 2243 votis
982 2196 1101 2243 erat
1146 2187 1501 2259 polliceatur,
1540 2188 1585 2242 si
1629 2188 1803 2241 solum
1843 2188 2038 2243 morbo
2066 2188 2135 2243 le-

540 2278 960 2348 varetur;quod
993 2286 1047 2333 et
1084 2277 1303 2334 illorum
1322 2277 1391 2333 ad
1424 2277 1595 2333 Deum
1627 2293 1847 2349 precum
1868 2278 2129 2334 instantia

542 2375 879 2431 εοηερουῑυε
924 2378 1029 2423 εει.

610 2650 669 2708 2.
700 2650 1006 2723 Postquam
1048 2655 1236 2728 itaque
1267 2657 1359 2713 ille
1388 2659 1586 2715 morbo
1619 2660 1886 2716 liberatus
1914 2671 2019 2727 est,
2046 2663 2132 2716 ni-

538 2739 619 2797 hil
650 2758 763 2797 rem
802 2746 1060 2801 monachi
1115 2748 1499 2819 negligendam
1542 2752 1772 2817 ducunt,
1822 2754 1917 2809 sed
1963 2754 2129 2809 obse-

537 2833 746 2887 crando
778 2848 968 2888 eorum
998 2850 1120 2905 quae
1151 2849 1341 2893 sancte
1370 2838 1483 2894 Deo
1520 2840 1801 2911 pollicitus
1832 2851 1980 2899 esset
2014 2859 2129 2900 me-

538 2921 772 2979 minisse
873 2924 1204 2996 rogabant;
1286 2943 1394 2999 qua
1472 2931 1852 2990 admonitione
1944 2935 2128 2993 divina

537 3012 889 3070 aemulatione
910 3016 1269 3087 ejusprorsus
1298 3021 1542 3077 animum
1569 3023 1950 3081 incenderunt.
1973 3025 2130 3082 Com-

2238 518 2395 587 φιλος
2451 518 2767 583 κατέλιπεν,
2800 519 2830 571 ὅ
2858 534 2920 571 τε
2951 518 3277 582 Θεόκτιστος
3310 520 3340 572 ό
3362 516 3637 588 εὐνοῦχος,
3674 534 3828 587 τηνι-

2240 609 2416 664 καῦτα
2437 609 2747 675 κανίκλειος
2764 610 2859 665 καὶ
2873 610 3165 681 λογοθέτης
3185 610 3276 663 τοῦ
3294 611 3497 682 δρόμου
3515 609 3825 680 τυγχάνων,

2240 702 2337 757 καὶ
2384 705 2412 757 ὁ
2454 703 2744 775 πατρίκιος
2773 704 2985 773 Βάρδας
3012 706 3040 758 ό
3082 704 3181 775 τῆς
3210 703 3533 775 Αὑγοὺστης
3577 704 3830 770 ἁδελφὸς,

2240 797 2336 853 καὶ
2378 796 2637 869 Μανουὴλ
2668 800 2696 853 ὁ
2732 798 3036 869 μάγιστρος
3077 801 3147 852 ἐκ
3209 799 3320 851 τῶν
3361 796 3669 868 ’Δρμενίων
3700 812 3836 849 κατ·

2241 888 2531 960 αγόμενος,
2568 889 2627 951 ὃς
2679 889 2776 942 καὶ
2814 888 2960 952 θεῖος
3010 888 3119 942 ἀπὺ
3146 887 3357 960 πατρὸς
3395 890 3496 959 τῆς
3530 886 3835 953 Δεσποίνης

2238 982 2506 1055 ὑπῆρχεν.
2538 982 2841 1053 Ἐπεπήγει
2875 982 2975 1053 μὲν
3001 977 3097 1035 οὗν
3123 981 3193 1035 τὰ
3222 980 3509 1043 πολιτικὰ,
3538 981 3630 1033 καὶ
3644 980 3838 1042 καλῶς

2237 1072 2377 1137 τέως
2413 1071 2480 1126 τὰ
2506 1072 2813 1143 πράγματα
2843 1071 3192 1144 διηυθύνετο,
3233 1072 3426 1143 ἔμελλε
3458 1072 3515 1125 δὲ
3546 1072 3641 1126 καὶ
3666 1072 3838 1142 ήντῶν

2237 1162 2399 1218 θείων
2424 1164 2651 1219 εἰκόνων
2694 1164 3068 1236 προσκύνησις
3116 1164 3570 1229 ἀνακαινίζεσθαί
3625 1181 3684 1217 τε
3735 1164 3840 1218 καὶ

2236 1257 2376 1329 πρὸς
2404 1256 2502 1331 τὴν
2532 1258 2766 1330 ἀρχαίαν
2796 1259 3191 1331 παλινδρομεῖν
3217 1259 3377 1323 αὖθις
3402 1260 3594 1330 τιμήν.
3622 1258 3731 1312 Καὶ
3764 1258 3839 1329 δὴ

2235 1351 2494 1423 Μανουὴλ
2520 1352 2666 1423 νόσῳ
2690 1351 2948 1417 πιέζεται
2978 1352 3125 1423 δεινῇ
3161 1354 3257 1406 καὶ
3310 1352 3528 1424 χαλεπῇ
3554 1366 3569 1381 ·
3604 1352 3745 1422 πρὸς
3768 1349 3838 1403 ὃν

2236 1450 2543 1523 εἰσρέοντες
2576 1452 2808 1523 μοναχοί
2834 1449 2932 1505 τοῦ
2986 1449 3242 1504 Στουδίου
3275 1450 3394 1522 (καὶ
3438 1449 3551 1520 γὰρ
3582 1444 3653 1520 ἦν
3679 1448 3841 1520 αὑτῷ

2239 1539 2324 1615 [Ρ.
2346 1540 2440 1614 93]
2468 1542 2653 1606 πίστις
2681 1543 2783 1596 οὑκ
2819 1541 3054 1612 ἀγεννὴς
3100 1543 3239 1613 πρὸς
3265 1540 3489 1609 αὐτοὺς)
3524 1540 3843 1608 ἀνάκλησιν

2234 1632 2336 1701 τῆς
2369 1633 2584 1701 ὑγιείας
2614 1633 2980 1704 ὑπισχνοῦντο
3010 1633 3202 1704 ῥᾳδίαν
3253 1649 3315 1685 τε
3346 1633 3441 1685 καὶ
3487 1634 3708 1701 ταχεῖαν
3737 1648 3846 1698 γε-

2235 1725 2446 1791 νέσθαι,
2469 1724 2541 1797 ἢν
2572 1726 2735 1797 μόνον
2753 1725 2852 1797 τήν
2869 1725 2981 1779 τῶν
3011 1725 3182 1793 ἁγίων
3206 1723 3583 1796 προσκύνησιν
3607 1724 3847 1778 εἰκόνιον

2238 1818 2403 1882 αὑτός
2438 1836 2500 1871 τε
2528 1818 2734 1890 θελήσῃ
2759 1818 2854 1872 καί
2882 1819 3011 1882 τοὺς
3048 1816 3390 1887 κρατοῦντας
3416 1816 3596 1870 πείσοι
3628 1816 3840 1871 θεσπί-

2237 1929 2326 1966 σαι
2351 1910 2694 1982 ἁπανταχοῦ.
2732 1912 2809 1965 Οὑ
2851 1911 2957 1982 μὴν
2987 1910 3046 1964 δὲ
3089 1909 3227 1963 ἀλλὰ
3255 1910 3352 1963 καὶ
3392 1911 3456 1963 ὲκ
3508 1910 3616 1962 τῶν
3644 1906 3842 1963 ἄλλων

2233 2005 2376 2077 όρῶν
2397 2004 2583 2058 πολλοὶ
2606 2003 2715 2058 τῶν
2737 2003 3014 2075 θεοφόρων
3038 2002 3302 2075 Πατέρων
3324 2002 3642 2072 προσφιλεῖς
3655 2001 3844 2071 τούτῳ

2232 2100 2613 2171 τυγχάνοντες,
2632 2097 2846 2151 ἐκεῖθεν
2866 2097 2966 2161 τὰς
2995 2096 3170 2166 ἀρχὰς
3203 2096 3343 2166 πρὸς
3373 2094 3540 2148 αὑτὸν
3566 2094 3843 2158 λαϐόντες

2233 2192 2323 2246 ὅτε
2393 2191 2506 2245 τῶν
2554 2189 2939 2262 Ἀρμενιακῶν
2987 2190 3342 2261 ἐστρατήγει,
3382 2188 3842 2259 προσφοιτῶντες

2234 2283 2331 2337 καί⁵
2395 2282 2493 2336 ἐπὶ
2522 2284 2640 2346 τοῖς
2686 2280 2895 2351 ὁμοίοις
2934 2280 3386 2350 παρακαλοῦντες
3417 2280 3647 2333 ἔπεισαν
3687 2278 3841 2351 ὀρθὰ

2238 2374 2506 2447 φρονῆσαί
2524 2390 2659 2427 ποτε
2683 2371 2782 2427 καί
2806 2371 2867 2425 τὸ
2888 2371 3226 2442 ποθούμενον
3248 2371 3588 2441 ὑποσχέσθαι
3616 2372 3837 2437 αὐτοῖς,

2234 2469 2283 2521 εἰ
2313 2467 2475 2537 μόνον
2506 2466 2655 2536 ῥᾴων
2688 2464 2902 2533 γένοιτο
2922 2480 2938 2496 ο
2973 2464 3004 2517 ὃ
3034 2465 3129 2517 καί
3160 2464 3353 2533 γέγονε
3385 2466 3454 2535 τῇ
3488 2464 3668 2517 αὑτῶν
3685 2463 3837 2535 πρὸς

2232 2561 2323 2613 τὸν
2353 2559 2488 2612 Θεὸν
2518 2560 2652 2629 εὐχῇ
2688 2558 2782 2611 καὶ
2810 2558 3042 2630 σπουδῇ.

2315 2650 2471 2704 Ἐπεὶ
2498 2650 2630 2719 γοῦν
2660 2645 2817 2714 οὗτος
2857 2650 2961 2721 τῆς
3004 2650 3165 2705 νόσου
3193 2650 3514 2722 ἀπήλλακτο
3536 2651 3629 2704 καὶ
3648 2652 3700 2705 οἰ
3730 2667 3843 2721 μο-

2230 2742 2385 2813 ναχοὶ
2432 2743 2530 2814 τῆς
2568 2743 2707 2814 πρὸς
2738 2741 2800 2795 τὸ
2848 2743 3087 2814 πρᾶγμα
3134 2742 3373 2812 σπουδῆς
3429 2743 3529 2796 οὑκ
3561 2743 3835 2814 ἠμέλουν,

2232 2835 2371 2890 ἀλλὰ
2404 2834 2790 2907 παρακλήσεσι
2845 2822 3125 2908 χρώμενοι
3174 2836 3286 2889 τῶν
3333 2834 3475 2905 πρὸς
3503 2834 3637 2888 Θεὸν
3688 2837 3839 2890 ὑπο-

2233 2928 2473 2998 σχέσεων
2499 2928 2686 2998 ήξίουν
2741 2930 3076 3001 μεμνῆσθαι,
3112 2927 3297 2999 πλήρη
3335 2926 3527 2981 τοῦτον
3556 2928 3655 2982 τοῦ
3678 2929 3833 2986 θείου

2230 3019 2395 3086 ζήλου
2438 3023 2765 3093 εἰργάσαντο
2786 3037 2800 3051 '
2833 3023 2929 3075 καί
2974 3022 3040 3093 δὴ
3070 3022 3187 3084 τοῖς
3231 3021 3657 3093 συνεπιτρόποις
3692 3025 3831 3079 ἀνα-

537 3105 823 3160 municato
852 3107 1037 3177 itaque
1060 3124 1184 3164 cum
1215 3112 1378 3168 sociis
1399 3118 1846 3184 procuratoribus
1866 3119 2120 3187 consilio,

2227 3116 2497 3180 κοινώσας
2520 3116 2589 3169 τὰ
2635 3115 2737 3186 τῆς
2763 3115 2986 3187 βουλῆς,
3036 3115 3134 3169 καί
3169 3114 3366 3179 πείσας
3400 3115 3477 3179 ὡς
3512 3114 3627 3169 ἔστι
3656 3117 3829 3170 καλὸν

533 3208 663 3254 cum
696 3197 805 3253 illis
839 3202 1211 3269 persuasisset
1243 3218 1429 3274 opera:
1453 3208 1690 3277 pretium
1714 3224 1838 3267 esse
1860 3211 2005 3268 bono
2034 3229 2122 3270 res

534 3296 684 3345 statu
708 3289 778 3344 ab
804 3292 1029 3347 exordio
1052 3293 1171 3363 ipso
1207 3310 1563 3367 componere,
1615 3301 1834 3373 illisque
1879 3304 1932 3359 in
1964 3321 2120 3361 suam

535 3379 807 3435 traductis
852 3383 1202 3451 sententiam,
1245 3386 1314 3441 ad
1345 3386 1692 3446 Theodoram
1725 3390 2027 3462 ingreditur
2057 3410 2122 3451 ea

530 3469 606 3528 de
636 3487 697 3527 re
721 3486 1014 3533 commune
1043 3480 1335 3534 consilium
1364 3480 1677 3539 habiturus.
1703 3483 1902 3554 Atilia,
1925 3487 2123 3559 quippe

534 3565 791 3637 religiosa
837 3578 1088 3624 matrona
1135 3587 1375 3644 vereque
1411 3576 1599 3645 regina
1647 3584 1811 3646 atque
1854 3578 2120 3649 Augusta,

410 3720 425 3738 .
516 3655 628 3711 'ubi
663 3657 729 3712 de
760 3667 908 3715 recta
943 3661 1046 3718 [ide
1077 3665 1306 3730 audivit,
1342 3665 1475 3734 Hoc,
1504 3669 1703 3738 inquit,
1729 3685 1930 3739 semper
1952 3679 2002 3726 et
2031 3673 2124 3727 de-

532 3747 915 3820 sideraveram,
962 3771 1057 3809 nec
1088 3770 1302 3811 versare
1328 3760 1509 3813 animo
1560 3777 1795 3831 unquam
1831 3764 2119 3833 cessabam,

528 3844 633 3897 etsi
661 3843 915 3901 hactenus
944 3848 1182 3917 plurium
1233 3859 1537 3925 senatorum
1595 3870 1990 3927 procerumque,
2031 3861 2122 3929 qui

530 3930 617 3986 illi
642 3936 892 3989 studeant
943 3937 1153 4004 haeresi,
1202 3941 1385 4012 ingens
1424 3946 1682 3999 deterruit
1739 3963 2009 4014 numerus,
2059 3966 2123 4005 ne

529 4024 659 4094 quid
675 4023 929 4080 hactenus
944 4026 1057 4098 ejus
1088 4029 1165 4082 rei
1192 4029 1429 4086 molirer.
1466 4031 1579 4088 Nec
1601 4036 1776 4090 minus
1799 4039 1891 4108 qui
1912 4041 2121 4097 tuendae

527 4116 768 4175 ecclesia
790 4119 893 4174 sibi
921 4130 1099 4190 partes
1144 4123 1443 4193 vindicant,
1480 4128 1831 4198 metropolitae
1858 4135 2121 4188 omnium-

528 4222 631 4279 que
662 4211 892 4266 maxime
916 4214 1247 4281 patriarcha.
1278 4213 1335 4269 Is
1378 4234 1626 4287 namque,
1659 4218 1819 4290 150
1855 4238 1976 4276 cum
2003 4240 2121 4278 ma-

527 4299 665 4352 ritus
685 4299 927 4371 exiguam
945 4304 1235 4372 quamdam
1261 4306 1420 4374 hujus
1450 4308 1664 4363 Itwresis
1684 4311 1919 4365 radicem
1950 4330 1983 4366 α
2005 4330 2123 4369 ηια-

520 4390 733 4460 joribus
764 4393 1039 4458 traxisset,
1071 4410 1189 4448 eam
1218 4397 1372 4467 longe
1416 4401 1570 4451 auxit
1600 4400 1964 4473 doctrinisque
2006 4407 2118 4460 suis

2224 3207 2402 3278 ἀρχὴν
2425 3206 2607 3272 δεξιὰν
2636 3207 2750 3271 τοῖς
2779 3206 3106 3278 πράγμασιν
3167 3206 3440 3261 ἐπιθεῖναι
3482 3208 3550 3274 ⁸⁸,
3589 3210 3683 3264 καὶ
3717 3224 3815 3281 με-

2226 3300 2614 3372 ταρῤυθμίσας
2635 3300 2833 3362 αὑτοὺς
2851 3298 3099 3371 καὶπρὸς
3114 3299 3175 3353 τὸ
3193 3300 3391 3356 ἑαυτοῦ
3405 3299 3655 3374 βούλημα
3672 3304 3825 3373 ἀγα-

2224 3393 2359 3462 γὼν,
2388 3392 2524 3465 πρὸς
2552 3392 2657 3467 ’τὴν
2681 3390 2965 3463 Θεοδώραν
2995 3392 3172 3464 εἰσῄει
3203 3394 3273 3448 τὰ
3301 3394 3433 3466 περί
3464 3393 3567 3464 τῆς
3606 3395 3819 3448 ὑποθε-

2225 3502 2365 3551 σεως
2387 3484 2930 3557 κοινολογησόμενος.
2952 3485 3066 3539 Καὶ
3099 3486 3286 3557 ἐκείνη
3318 3488 3419 3556 μὲν
3452 3484 3820 3558 θεοφιλὴςκαὶ

2202 3577 2393 3644 ὑντως
2424 3577 2694 3650 βασίλεια,
2749 3580 2875 3633 ἐπεὶ
2905 3579 3035 3650 περὶ
3090 3580 3191 3651 τῆς
3244 3578 3560 3651 ὀρθοδοξίας
3590 3582 3817 3651 ἤκουσε,

2230 3670 2431 3737 Τοῦτο,
2466 3670 2591 3743 ἔφη,
2624 3670 2821 3725 καίδι⁹
2846 3672 3164 3739 ἐπιθυμίας
3199 3668 3351 3742 ἦγον
3379 3671 3475 3726 ἀεὶ
3513 3674 3611 3725 ναὶ
3632 3676 3818 3741 μελε-

2222 3760 2387 3817 τῶσα
2415 3762 2721 3817 διέλειπον
2776 3760 3054 3832 οὐδαμῶς
3075 3777 3091 3793 ο
3144 3762 3284 3816 ἀλλ’
3325 3762 3365 3830 ἡ
3414 3760 3535 3815 τῶν
3568 3761 3819 3815 πολλῶν

2221 3852 2646 3925 συγκλητικῶν
2680 3855 2779 3909 καί
2808 3853 3013 3910 τῶνέν
3035 3854 3198 3909 τέλει
3226 3853 3303 3924 τῇ
3358 3855 3605 3923 τοιαύτῃ
3637 3866 3817 3923 προσ-

2222 3946 2631 4019 ανακειμένων
2652 3949 2877 4017 αἰρέσει
2933 3946 3175 4015 πληθὺς
3226 3946 3494 4001 ἐκώλυεν
3520 3946 3660 4015 ἄχρι
3704 3945 3819 4010 τῆς

2223 4040 2514 4112 σήμερον,
2570 4041 2684 4111 οὐχ
2735 4036 2921 4111 ἧττον
2949 4039 3018 4093 δὲ
3068 4041 3170 4094 καὶ
3200 4043 3254 4094 οἰ
3287 4038 3400 4111 τῆς
3439 4037 3818 4106 Ἔκκλησίσς

2210 4130 2715 4203 ὑπερμαχοῦντες
2730 4130 3188 4201 μητροπολῖται,
3225 4130 3325 4185 καί
3342 4129 3615 4200 μάλιστα
3652 4133 3685 4184 ὀ
3706 4146 3818 4182 πα-

2222 4224 2527 4295 τριάρχης,
2565 4224 2634 4290 ὃς
2658 4225 2884 4294 μικρὰν
2933 4221 3295 4291 ἓχοντατῆς
3330 4222 3615 4289 τοιαύτης
3656 4221 3817 4290 αἰρέ-

2220 4328 2379 4381 σεως
2416 4314 2523 4369 τὸν
2560 4316 2708 4385 ἐμὸν
2727 4314 2919 4383 ἄνδρα
2963 4314 3082 4383 τὴν
3100 4313 3275 4383 ῥίζαν
3317 4314 3387 4367 ἐκ
3417 4313 3538 4367 τῶν
3568 4313 3817 4385 ⁹γονέων

2221 4407 2322 4461 ἐπί
2348 4407 2564 4461 πλεῖον
2585 4406 2821 4477 ηὔξησέ
2842 4424 2905 4461 τε
2931 4406 3030 4460 καί
3059 4406 3465 4476 στερεωτέραν
3491 4407 3817 4477 εἰργάσατο

528 4496 595 4534 ac
624 4482 821 4536 crebris
860 4485 1212 4541 hortamentis
1245 4490 1599 4544 robustiorem
1628 4492 1777 4560 fecit,
1816 4468 2005 4550 auctor
2030 4498 2118 4551 ui-

2225 4498 2356 4565 ταῖς
2390 4498 2585 4553 αὐτοῦ
2608 4468 2619 4476 “
2646 4468 3015 4569 εἰσηγήσεσί
3050 4515 3114 4553 τε
3147 4468 3247 4551 καί
3285 4498 3550 4565 πυκναῖς
3588 4468 3815 4568 ’παραι-

529 4575 724 4629 mirum
746 4576 829 4629 illi
862 4576 1099 4646 e/fectus,
1130 4590 1185 4633 ut
1215 4581 1285 4635 ad
1316 4584 1534 4637 uerbera
1563 4594 1930 4659 tormentaque
1973 4590 2118 4660 adji-

527 4674 666 4720 ceret
714 4666 976 4734 animum,
1030 4685 1254 4740 quorum
1311 4674 1555 4743 quotidie
1611 4677 1862 4732 adversus
1906 4691 2118 4737 sanctos

530 4772 694 4812 novus
730 4758 932 4827 artifex
954 4769 1093 4828 erat,
1132 4764 1424 4835 taliumque
1461 4769 1511 4821 ei
1537 4767 1805 4823 malorum
1832 4773 1991 4828 miser
2035 4776 2121 4830 in-

523 4863 712 4901 censor
738 4865 801 4902 ac
833 4849 1021 4905 doctor
1054 4851 1176 4923 fuit.
1219 4852 1356 4908 Tum
1394 4854 1471 4910 illi
1506 4873 1521 4912 :
1560 4855 1766 4929 Ecquid
1790 4877 1910 4915 vero
1938 4880 2116 4921 causa

521 4952 622 5007 est,
657 4941 926 5012 Augusta,
973 4959 1095 4997 cum
1140 4945 1219 4999 sic
1275 4948 1471 5003 sentias
1501 4966 1565 5003 ac
1592 4952 1787 5019 optime
1838 4958 2110 5028 consulas,

520 5036 707 5106 quidve
726 5036 969 5107 impedit,
996 5054 1060 5091 ne
1085 5038 1181 5092 hoc
1212 5055 1364 5109 opere
1402 5043 1623 5112 impleas
1677 5045 1915 5118 hancque
1964 5067 2110 5105 com-

521 5144 729 5182 munem
755 5130 920 5183 totius
951 5129 1118 5199 plebis
1141 5131 1386 5186 laetitiam
1418 5134 1714 5207 festamque
1733 5140 2113 5216 lucem-peragi

516 5219 751 5291 iubeas?
789 5218 986 5276 Statim
1048 5236 1180 5293 ergo
1252 5227 1523 5282 accersito
1590 5228 1749 5300 bigis:
1810 5232 2111 5304 drungario

520 5309 679 5380 (erat
717 5312 805 5365 hic
854 5313 1255 5371 Constantinus
1311 5315 1538 5373 Thoma:
1587 5322 1805 5389 patricii
1861 5338 2139 5393 postmor

518 5402 762 5472 dumque
792 5404 979 5461 dromi
1003 5407 1297 5480 iogotlteta:
1319 5412 1508 5483 pater)
1530 5417 1868 5482 patriarchae
1893 5421 2104 5475 denun-

523 5493 620 5546 tiat
650 5493 834 5564 plures
858 5498 1099 5569 undique
1126 5501 1276 5558 viros
1304 5503 1507 5573 pietate
1530 5508 1877 5577 spectabiles,
1909 5528 2105 5569 mona—

523 5583 655 5639 chos
708 5584 837 5640 item
892 5591 1286 5650 convenientes
1335 5598 1793 5669 supplicatiouem
1844 5604 2106 5677 Augustis

2217 4591 2496 4655 νέσεσιν,
2532 4593 2621 4655 εἰς
2653 4591 2929 4660 χαλεπὰς
2965 4591 3166 4657 αἰκίας
3205 4590 3306 4644 καί
3354 4591 3675 4658 ,βασάνους
3716 4592 3817 4646 ὲκ-

2214 4680 2517 4753 τραπῆναι
2547 4684 2769 4738 τοῦτον
2806 4683 3104 4751 ποιήσας,
3141 4682 3216 4750 ἅς
3246 4684 3481 4750 ἐκεῖνος
3514 4684 3816 4754 ὁσημέραι

2216 4778 2370 4831 κατὰ
2403 4775 2526 4830 τῶν
2554 4778 2742 4847 ἁγίων
2774 4776 3067 4846 εὕρηκεν,
3132 4776 3424 4844 ἀλείπτης
3476 4792 3542 4829 τε
3572 4780 3669 4830 καὶ
3724 4776 3807 4833 διο

2217 4868 2530 4936 δὰσκαλος
2581 4868 2703 4923 τῶν
2753 4870 3042 4925 τοιούτων
3080 4868 3285 4923 κακῶν
3316 4871 3349 4922 ό
3398 4868 3604 4931 ἅθλιος
3640 4888 3815 4941 γεγο-

2210 4961 2348 5028 νώς.
2381 4993 2452 5008 ——
2474 4961 2588 5017 Kal
2622 4962 2683 5016 τί
2712 4962 2865 5033 γοῦν
2893 4962 3068 5025 οὕτω,
3098 4960 3421 5025 Δέσποινα,
3451 4963 3813 5031 φρονοῦσάν

2209 5068 2285 5106 σε
2330 5053 2429 5106 καὶ
2484 5052 2953 5122 ,ϐουλευομένην
2999 5053 3073 5105 τὰ
3116 5051 3419 5106 κάλλιστα
3455 5052 3523 5105 τὸ
3561 5054 3809 5110 κωλῦόν

2209 5143 2406 5208 ἐστιν,
2431 5141 2769 5214 ἀντέφησαν,
2790 5141 2879 5212 μὴ
2904 5141 3002 5194 καί
3031 5142 3119 5207 εἰς
3144 5140 3322 5208 ἔργον
3339 5140 3526 5195 ταῦτα
3543 5142 3808 5212 ἀχθῆναι

2210 5233 2310 5286 καί
2348 5232 2464 5301 τὴν
2496 5232 2815 5301 πάνδημον
2870 5230 3100 5297 ταύτην
3146 5228 3437 5282 κελεῦσαι
3491 5231 3576 5295 είς
3618 5228 3809 5298 πέρας

2210 5324 2412 5380 ἐλθεῖν
2435 5325 2656 5393 ἑορτήν
2674 5341 2693 5388 ;
2713 5323 2889 5386 Εὐθὺς
2916 5320 3046 5391 γοῦν
3072 5321 3562 5392 μετακαλεσαμένη
3591 5323 3681 5375 τὸν
3704 5324 3808 5393 τῆς

2188 5419 2407 5491 βίγλης
2464 5418 2828 5488 δρουγγάριον
2862 5415 3294 5487 (Κωνσταντῖνος
3346 5412 3405 5465 δὲ
3452 5407 3608 5476 οὗτος
3648 5410 3736 5483 ἦν,
3773 5417 3803 5468 ό

2213 5511 2308 5567 τοῦ
2340 5508 2647 5582 πατρικίου
2671 5508 2846 5578 Θωμᾶ
2896 5507 2993 5561 καὶ
3021 5504 3159 5576 μετὰ
3188 5504 3365 5560 ταῦτα
3398 5508 3684 5576 γεγονότος
3709 5506 3804 5561 λο-

2216 5605 2441 5676 γαθέτου
2472 5604 2567 5664 τοῦ
2597 5604 2803 5677 δρόμου
2841 5601 3049 5676 πατὴρ)
3076 5602 3225 5675 δηλοῖ
3270 5601 3347 5674 τῷ
3382 5601 3701 5675 πατριάρχῃ
3727 5600 3804 5666 ὡς

1820 5698 2056 5757 νΑιῑιΔε
2089 5701 2493 5759 LECTIONES.

591 5776 639 5809 ⁸³
666 5775 992 5834 ὑποθεῖναιῖ
1028 5782 1100 5838 cf.
1128 5784 1154 5837 1
1189 5784 1273 5841 i9.
