4144 6440
402 330 510 400 16⁸1

1450 327 1867 392 ΤΙΙΕΟΡΗΑΝ
1880 331 1969 397 ES
2005 325 2568 390 CONTINUATUS.

3582 327 3684 391 168

400 448 735 521 indulgentia
780 448 1034 518 veniaque
1087 456 1391 517 prastetur,
1451 457 1763 519 tantumque
1825 448 1998 503 scelus

2125 448 2263 515 ’ἔας’
2302 447 2383 514 ὠς
2408 451 2457 502 εί
2496 448 2584 517 μὴ
2615 448 2795 501 τοῦτο
2826 447 3091 518 γένηται.
3126 448 3253 502 οὔτ’
3283 447 3388 516 ἐμὲ
3440 452 3697 519 σχοιήτε

404 542 663 598 obliuione
689 557 721 594 a
760 538 864 593 Deo
883 539 1144 595 deleatur.
1180 538 1278 596 Sin
1297 549 1475 593 autem
1498 540 1711 594 minime
1732 539 1994 609 feceritis,

407 652 569 707 neque
602 651 682 688 me
716 644 893 687 uestra
960 642 1266 703 sequentem
1290 633 1499 687 decreta
1528 631 1806 697 habebitis,
1839 647 2001 702 neque

404 723 786 779 uenerabilium
837 722 1135 793 imaginum
1205 723 1575 777 adorationem
1640 723 1999 791 praeconium-

406 832 509 889 que
550 833 584 870 a
632 832 714 870 me
760 816 1139 885 impetrabilis,
1189 832 1282 871 nec
1330 832 1451 872 vero
1486 814 1759 870 ecclesiam
1789 816 2003 885 recipie-

415 911 505 965 tis.

482 1039 534 1097 5.
565 1039 792 1109 Expleto
826 1056 952 1095 mox
994 1056 1268 1107 sermone,
1302 1041 1603 1097 orthodoxa
1649 1041 1907 1105 ecclesia,
1937 1056 2005 1096 ac

409 1134 503 1206 qui
534 1134 657 1205 ejus
713 1150 917 1205 prmscs
959 1142 1077 1188 erat
1127 1134 1461 1201 Methodius,
1508 1132 1693 1201 Iusta,
1726 1133 2003 1203 inquiunt,

410 1235 511 1295 est,
547 1229 809 1298 Augusta,
845 1227 1028 1296 petitio
1057 1238 1194 1289 tua;
1243 1242 1406 1296 neque
1449 1242 1543 1280 nos
1600 1240 1883 1295 possumus
1929 1226 2006 1278 ire

419 1318 703 1387 inﬁnitias.
732 1317 898 1388 quui
916 1319 1054 1372 enim
1074 1334 1135 1371 ac
1168 1318 1301 1383 iusti
1326 1320 1465 1372 ratio
1490 1318 1724 1387 postulat
1748 1326 1804 1371 ut
1828 1334 1859 1370 a
1889 1316 2008 1387 qui-

415 1410 510 1464 bus
545 1390 794 1478 beneficia
812 1410 1078 1463 consecuti
1096 1426 1302 1475 sumus,
1330 1412 1625 1481 prasertim
1656 1409 2005 1480 principibus,

416 1502 779 1555 convenientes
823 1502 1030 1572 gratias
1064 1502 1286 1572 largiter
1331 1501 1698 1570 rependamus,
1732 1510 1842 1554 tum
1872 1516 2011 1571 pra:-

417 1595 622 1661 sertim,
648 1610 766 1647 cum
809 1612 912 1648 non
944 1596 1228 1666 tyrannica
1265 1611 1454 1649 manus
1489 1595 1734 1665 imperat,
1757 1594 1845 1648 sed
1868 1610 2009 1648 mens

415 1687 505 1755 pia
539 1696 614 1740 est
644 1698 691 1740 et
717 1687 993 1757 religiosa.
1024 1686 1162 1740 Eunt
1208 1698 1385 1741 tamen
1408 1688 1498 1758 qui
1542 1688 1593 1741 in
1646 1686 1813 1740 aliant
1846 1687 2010 1742 vitam

2100 539 2645 595 ἐπακολουθοῦσαν
2690 539 2834 609 ὑμῖν
2862 540 3000 594 οὔτε
3040 539 3156 609 τὴν
3185 539 3307 594 τῶν
3332 542 3579 596 castrch
3613 545 3698 596 ει-

2103 635 2299 691 κόνων
2330 635 2758 703 προσκύνησιν
2815 633 2912 686 καί
2972 632 3346 702 ἀνάρρησιν,
3381 634 3524 688 ἀλλ’
3552 633 3700 689 οὐδὲ

2102 729 2218 798 τὴν
2250 727 2359 798 τῆς
2380 727 2718 795 ἐκκλησίας
2755 724 3092 795 ἀνάληψιν.

2177 1038 2239 1097 s'.
2275 1042 2384 1096 Καὶ
2416 1040 2531 1109 ἅμα
2567 1038 2657 1093 τὸν
2690 1037 2849 1107 λόγον
2882 1020 3247 1095 κατέπαυσεν.
3280 1036 3409 1094 Ὀτι
3445 1040 3563 1110 μὲν
3584 1036 3707 1098 οὖν

2107 1135 2329 1196 δίκαια,
2345 1135 2379 1204 ή
2402 1132 2682 1204 όρῦόδοξος
2731 1130 3031 1202 Ἐκκλησία
3054 1132 3147 1185 καὶ
3168 1133 3196 1185 ό
3222 1131 3427 1203 ταύτην,
3452 1133 3705 1205 ἐξάρχων

2107 1224 2370 1289 Μεοόδιος
2400 1224 2631 1293 ἔφασαν,
2696 1221 3020 1287 δέσποινα,
3077 1220 3310 1291 ἐξαιτῇ,
3360 1224 3488 1278 οὐδ’
3530 1225 3707 1296 ἡμεῖς

2108 1317 2328 1387 ἔχομεν
2355 1317 2797 1372 ἀπαναίνεσθαι
2818 1332 2830 1345 ·
2868 1314 3105 1369 δίκαιον
3158 1315 3268 1385 γὰρ
3315 1316 3439 1383 τοῖς
3468 1318 3709 1387 εὐεργέ-

2110 1428 2241 1477 τιιις
2270 1410 2368 1464 καὶ
2389 1409 2648 1480 ἄρχουσι
2680 1410 2789 1475 τὰς
2815 1408 3255 1478 προσηκούσας
3286 1408 3536 1479 χάριτας
3560 1411 3709 1465 ἀντ-

2109 1502 2476 1555 επιτίθεσθαι
2520 1499 2831 1570 δαψιλῶς,
2890 1501 3039 1555 ὅταν
3084 1502 3172 1571 μὴ
3212 1502 3498 1571 τυραννίς
3539 1502 3701 1572 ἄρχῃ

2113 1593 2261 1665 χεὶρ,
2292 1594 2431 1649 ἀλλ’
2460 1594 2594 1649 ἐστι
2613 1593 2813 1664 γνώμη
2838 1594 3148 1663 θεοφιλής.
3186 1596 3347 1650 Ἀλλ’
3368 1596 3535 1651 οὔπω
3553 1595 3708 1650 Θεοῦ

2114 1687 2295 1754 δίκην
2331 1688 2377 1719 ⁸⁸
2390 1686 2562 1755 ἡμεῖς
2598 1688 2706 1741 τὸν
2738 1686 2888 1755 πρὸς
2918 1686 3275 1753 ἄλλονβίον
3302 1686 3710 1754 διαϐεϐηκότα

419 1779 812 1850 commigravit,
869 1796 901 1832 a
955 1781 1120 1849 pwnis
1164 1778 1247 1834 illi
1275 1778 1440 1835 αι)εο
1479 1779 1636 1852 153
1688 1780 2011 1845 constitutis,

2125 1777 2359 1833 δυνατοὶ
2391 1778 2778 1847 ἐξαιρεῖσθαι,
2832 1781 2903 1833 τὰ
2938 1780 3091 1848 ὑπὲρ
3145 1778 3304 1848 ἡμᾶς
3338 1780 3707 1851 φανταζόμε-

425 1871 641 1939 majora
677 1873 826 1926 nobis
856 1888 1011 1942 quam
1035 1889 1132 1940 pro
1154 1881 1335 1926 nostra
1372 1874 1629 1942 facultate
1680 1884 2011 1944 arrogantes,

419 1963 833 2035 haudquaquam
886 1965 1108 2018 liberare
1165 1981 1467 2035 possumus.
1503 1964 1648 2020 Licet
1678 1966 1885 2036 quidem
1921 1982 2017 2020 no-

422 2048 500 2109 bis
536 2058 728 2129 (inque
762 2073 879 2111 eam
929 2075 1037 2111 rem
1091 2058 1264 2113 claves
1318 2058 1570 2113 caelorum
1618 2059 1950 2114 concreditas
1982 2076 2014 2113 a

424 2148 531 2203 Deo
576 2149 905 2221 occepimus)
934 2150 1178 2205 omnibus
1204 2151 1295 2222 qui
1324 2151 1484 2205 velint
1518 2153 1747 2219 aperire,
1793 2152 1885 2207 sed
1932 2152 2015 2206 Itis

420 2242 687 2296 duntaxat
722 2243 810 2312 qui
840 2243 895 2296 in
930 2244 1029 2297 hac
1066 2244 1176 2298 vita
1207 2244 1381 2298 adhuc
1411 2243 1787 2314 disponuntur,
1838 2244 2016 2314 prius-

422 2349 580 2402 quam
613 2334 667 2387 in
693 2333 920 2387 alteram
965 2336 1450 2405 commigraverint.
1484 2335 1626 2400 Quin
1654 2337 1814 2390 etiam
1845 2354 2015 2408 quan-

424 2424 596 2495 doque
625 2425 706 2479 his
741 2426 871 2497 ipsis
914 2427 1005 2494 qui
1050 2444 1077 2480 e
1116 2429 1226 2482 vita
1286 2428 1682 2499 emigraverint,
1718 2446 1837 2483 cum
1881 2432 2015 2485 levia

424 2529 547 2570 sunt
573 2518 788 2584 delicta,
825 2521 1013 2590 quibus
1041 2536 1135 2574 nec
1174 2521 1310 2575 desit
1333 2523 1667 2591 paenitentia.
1701 2525 1803 2578 His
1841 2533 2016 2578 autent

422 2609 513 2679 qui
541 2624 627 2678 spe
664 2626 768 2665 non
798 2611 935 2665 bona
965 2612 1092 2667 vivis
1127 2615 1447 2668 excesserint
1503 2613 1784 2685 feruntque
1833 2614 2017 2683 palam

424 2716 536 2753 sua:
569 2700 933 2758 damnationis
976 2704 1314 2769 sententiam,
1349 2720 1533 2773 pamas
1561 2702 1766 2757 diluere
1806 2702 2019 2757 minime

426 2810 730 2862 possumus.

497 2927 555 2985 ϐ.
592 2927 734 2986 Tum
765 2930 1037 3003 Augusta,
1072 2932 1188 2987 sive
1212 2932 1265 2987 id
1299 2948 1427 2988 vere
1464 2917 1579 2989 sive
1610 2934 1816 3005 alioqui
1846 2933 2017 2989 nimia

427 3020 485 3077 in
515 3022 774 3079 maritum
808 3038 1074 3080 succensa
1104 3025 1315 3080 amoris
1340 3025 1391 3080 vi
1422 3025 1603 3097 (quod
1630 3028 1791 3097 plane
1814 3027 1888 3082 ita
1907 3035 2013 3090 est,

2120 1889 2233 1927 νοι.
2270 1871 2521 1926 Δυνατοί
2545 1870 2665 1941 μὲν
2700 1870 2895 1941 ἡμεῖς,
2929 1871 3027 1925 καὶ
3076 1873 3242 1937 κλεῖς
3294 1872 3570 1941 οὐρανῶν
3608 1890 3710 1926 πι-

2119 1964 2475 2031 στευθέντες
2504 1963 2663 2035 παρὰ
2716 1963 2887 2027 Θεοῦ,
2917 1963 3044 2031 τοῖς
3069 1965 3477 2034 ,ϐουλομένοις
3515 1964 3712 2021 πᾶσιν

2120 2058 2472 2127 ἀνοιγνύναι
2493 2056 2681 2123 αὐτάς
2696 2057 2741 2089 ⁵⁷
2767 2074 2782 2089 ο
2813 2056 2974 2112 ἀλλὰ
2995 2057 3118 2123 τοῖς
3139 2056 3291 2111 κατὰ
3316 2058 3460 2123 βίον
3490 2055 3712 2131 τοῦτον

2122 2152 2209 2206 ἔτι
2237 2149 2781 2221 οἰκονομουμένοις,
2812 2147 2955 2219 πρίν
2993 2149 3272 2219 ἀλλαχοῦ
3288 2148 3706 2220 μεταστῶσιν

2123 2245 2296 2299 ἔστιν
2321 2244 2372 2297 δ’
2397 2244 2495 2298 ὅτε
2523 2245 2619 2298 καὶ
2675 2243 2801 2307 τοῖς
2837 2242 3318 2312 μεθισταμένοις,
3352 2243 3500 2297 ὅταν
3526 2260 3589 2298 τε
3616 2261 3712 2312 μι-

2124 2338 2238 2406 κρὰ
2261 2337 2332 2390 τὰ
2351 2336 2679 2407 σφάλματα
2700 2331 2742 2408 ᾖ
2767 2338 2865 2391 καί
2892 2334 3177 2405 μετάνοια
3197 2336 3429 2401 τούτοις
3445 2334 3709 2405 προσῆν.

2130 2430 2256 2494 Τοῖς
2277 2429 2329 2481 δ’
2360 2428 2475 2497 ἤδη
2494 2428 2647 2497 μετὰ
2677 2427 2962 2496 πονηρῶν
2989 2427 3255 2481 ἐλπίδων
3282 2426 3552 2495 ἀπάρασι
3607 2425 3708 2481 καί

2123 2523 2436 2590 πρόδηλον
2476 2521 2728 2593 φέρουσι
2769 2520 2887 2591 τὴν
2918 2520 3303 2591 κατάγνωσιν
3337 2523 3449 2591 οὐχ
3480 2518 3595 2575 οἶοί
3646 2537 3708 2575 τα

2124 2617 2228 2681 τὰς
2257 2616 2515 2681 εὐθύνας
2544 2613 2818 2669 διαλύειν
2847 2614 3079 2682 τούτοις
3109 2608 3305 2684 ἡμεῖς.

2196 2932 2270 2998 ς’.
2305 2934 2415 2987 Καὶ
2441 2934 2473 3003 ἡ
2501 2933 2788 2999 Δέσποινα,
2812 2932 2910 2986 εἴτ’
2932 2931 3148 3001 ἀληθῶς
3181 2929 3293 2983 εῐτε
3317 2927 3410 2982 καὶ
3437 2926 3615 2991 ἄλλως
3635 2925 3713 2998 τῷ

2122 3023 2215 3076 τοῦ
2246 3022 2439 3094 ἀνδρὸς
2467 3023 2953 3093 ἀναθερμανθεῖσα
2987 3020 3195 3091 φίλτρῳ
3232 3020 3390 3090 (ὅπερ
3423 3017 3563 3084 εστι,
3618 3019 3714 3073 καὶ

430 3128 641 3185 uosque
696 3116 1067 3186 assentimur)
1104 3117 1472 3188 jurejurando
1501 3127 1685 3173 tamen
1734 3133 1895 3174 sacro
1938 3118 2014 3173 llli

2125 3121 2281 3190 ἡμεῖς
2332 3116 2830 3189 συγκατιθέμεθα),
2883 3112 2919 3188 ἦ
2975 3116 3086 3187 μὴν
3115 3112 3409 3187 ὲνωμότως
3440 3114 3531 3170 τὸν
3566 3114 3713 3187 ἱερὸν

431 3208 606 3261 choro
634 3206 961 3273 aﬂirmabat,
996 3223 1121 3263 cum
1158 3208 1265 3265 sub
1302 3209 1425 3278 ejus
1455 3209 1637 3264 exitus
1692 3210 1883 3264 horam
1936 3210 2022 3264 in-

429 3306 650 3367 gentem
707 3298 918 3353 luctum
981 3299 1192 3364 ederet,
1232 3300 1461 3371 direque
1522 3301 1917 3356 lamentaretur
1967 3310 2024 3357 et

432 3390 768 3459 deploraret,
806 3404 873 3447 ac
903 3405 1092 3446 coram
1126 3399 1428 3462 exponeret
1453 3401 1659 3463 quanta
1690 3408 1814 3446 eum
1855 3407 2021 3449 suos-

430 3498 541 3547 que
580 3482 895 3540 istiusmodi
943 3484 1170 3541 haresis
1220 3486 1426 3542 invidia
1482 3489 1539 3541 in
1597 3496 1747 3541 tanta
1797 3486 2024 3543 civitate

349 3602 353 3609 -
433 3585 804 3632 consecutura
862 3586 1072 3643 essent,
1122 3593 1322 3648 nempe
1359 3595 1390 3635 ε
1423 3580 1681 3651 precibus
1725 3581 2023 3645 abdicatio,

435 3669 686 3724 dirarum
728 3668 943 3739 prolixa
976 3671 1084 3737 vis,
1127 3673 1312 3741 populi
1358 3672 1616 3737 defectio,
1659 3674 1900 3729 subiisse
1947 3672 2026 3729 illi

438 3762 517 3816 rei
577 3762 998 3832 pauitudiuem,
1043 3763 1321 3834 simulque
1367 3764 1636 3835 imagines
1678 3765 1923 3835 petiisse,
1956 3778 2024 3819 ac

440 3854 675 3908 ferventi
706 3853 916 3921 animo,
940 3854 1128 3908 eadem
1160 3855 1278 3925 ipsa
1307 3855 1554 3926 Augusta
1574 3856 1629 3909 iu
1671 3871 1872 3911 manus
1897 3869 2028 3925 por-

440 3947 1077 4016 rigente,exoscu|atum
1102 3962 1247 4013 esse,
1276 3947 1797 4018 abducentibusque
1825 3946 2032 4017 angelis

438 4039 692 4108 spiritum
730 4037 1043 4094 tradidisse.
1082 4037 1199 4094 Hac
1223 4040 1298 4095 illi
1325 4056 1462 4095 voce
1494 4041 1709 4105 audita,
1742 4042 2032 4108 Augustae-

439 4144 551 4199 que
586 4144 771 4187 mores
806 4129 1161 4201 indolemque
1183 4132 1433 4199 reveriti,
1450 4132 1655 4203 quippe
1680 4146 1808 4187 cum
1827 4130 2033 4186 femina

441 4223 689 4277 omnium
722 4223 1138 4293 religiosissima
1164 4225 1479 4296 Christique
1531 4237 1727 4279 amans
1758 4230 1928 4287 esset,
1969 4236 2034 4276 ac

440 4328 567 4369 cum
591 4315 800 4385 alioqui
824 4325 1143 4371 sanctarum
1169 4317 1474 4388 imaginum
1501 4318 1713 4373 cultum
1736 4313 2035 4371 instaurari

2122 3214 2332 3267 ἐκεῖνον
2363 3212 2550 3265 θίασον
2581 3209 2836 3264 ιὸεόαίου
2859 3208 2935 3271 ὡς
2960 3206 3175 3277 μεγάλα
3201 3207 3589 3278 τραγῳδούσης
3613 3206 3713 3260 καὶ

2121 3303 2635 3374 κατολοφυρομινης
2659 3300 2755 3354 καὶ
2781 3301 2959 3356 πάντα
2974 3299 3429 3372 ἐκτραγῳδούσης
3459 3300 3597 3354 κατὰ
3622 3300 3716 3354 τὸν

2120 3398 2220 3467 τῆς
2252 3396 2433 3464 ἐξόδου
2458 3395 2650 3449 τούτου
2666 3392 2880 3464 καιρὸν,
2909 3393 3004 3447 καὶ
3032 3390 3476 3463 διαγραφούσης,
3507 3392 3584 3456 ὡς
3612 3385 3716 3445 υἷα

2122 3486 2557 3555 ἐπακολουθήσει
2588 3484 2722 3555 ἡμῖν
2758 3482 3161 3554 μεμισημένοις
3193 3485 3252 3535 ιν
3276 3481 3586 3553 τηλικαύτῃ
3618 3482 3716 3536 πό-

2124 3580 2205 3633 λει
2262 3578 2395 3649 περὶ
2431 3576 2535 3647 τῆς
2560 3573 2818 3643 τοιαύτης
2857 3575 3147 3644 αἱρέσεως,
3183 3573 3381 3643 ,εὐχῶν
3432 3572 3711 3643 στέρησις,

2124 3670 2275 3741 ὰρῶν
2324 3668 2641 3733 ὲπίκτασις,
2696 3665 2828 3720 λαοῦ
2882 3666 3278 3729 ιπανάστασις,
3323 3665 3498 3736 εἰσῄει
3536 3663 3715 3733 τούτῳ

2130 3761 2435 3833 μετάμελος
2461 3760 2561 3830 τῆς
2592 3758 2883 3827 αἱρέσεως.
2919 3756 3029 3810 Καὶ
3073 3755 3282 3819 ταύτας
3321 3756 3440 3826 ἅμα
3480 3755 3714 3822 αἰτησά-

2131 3854 2292 3925 μενός
2320 3869 2380 3905 τε
2408 3853 2504 3905 καὶ
2518 3836 3035 3918 ’κατασπασάμενος
3060 3845 3259 3920 ζεούσῃ
3282 3845 3451 3917 ψυχῇ,
3487 3843 3624 3912 ἐμοῦ
3658 3844 3715 3895 ἐν

2129 3948 2289 4017 χερσὶ
2311 3942 2827 4013 καθυποσαλούσης,
2866 3942 2980 4004 τοῖς
3024 3939 3333 4008 ἀπάγουσιν
3374 3936 3631 4005 ἀγγέλοις
3656 3935 3719 3987 τὸ

2131 4038 2354 4110 πνεῦμα
2383 4038 2724 4111 παρέδωκεν.
2748 4035 2969 4107 Ταύτης
2983 4036 3181 4089 ἐκεῖνοι
3207 4030 3509 4103 ἀκηκοότες
3538 4029 3603 4099 δὴ
3619 4028 3721 4095 τῆς

2134 4133 2345 4203 φωνῆς.
2401 4133 2497 4187 καὶ
2524 4131 2621 4186 τὸν
2648 4130 2852 4203 τρόπον
2887 4129 2989 4199 τῆς
3021 4127 3109 4202 [Ρ.
3153 4125 3249 4199 96]
3278 4124 3601 4195 Αὑγούστης
3631 4123 3707 4175 εύ-

2134 4222 2469 4296 λαϐηθέντες
2502 4219 2592 4295 (ἦν
2622 4222 2755 4293 γὰρ,
2784 4222 2833 4274 εί
2867 4219 2961 4274 καί
3005 4237 3113 4283 τις,
3163 4212 3537 4286 φιλόχριστος)
3558 4253 3575 4279 ,
3626 4214 3722 4267 καὶ

2138 4314 2259 4385 ἅμα
2288 4314 2389 4385 τὴν
2421 4313 2530 4368 τῶν
2552 4312 2725 4383 ἁγίων
2744 4312 2971 4366 είκόνων
3016 4306 3309 4380 ζητοῦντες
3336 4306 3528 4377 τιμὴν,
3565 4306 3718 4375 κοινῇ

439 4407 819 4476 exquirerent,
850 4409 1130 4463 communi
1154 4410 1428 4466 sententia
1469 4424 1536 4465 ac
1560 4408 1844 4478 suffragio,
1877 4407 2021 4462 dum-

2138 4406 2306 4477 ψήφῳ
2332 4406 2425 4462 καὶ
2455 4402 2652 4478 γνώμῃ
2680 4403 2779 4474 τῆς
2828 4402 2929 4473 μὶν
2958 4399 3236 4472 ἁμαρτίας
3264 4397 3494 4468 ταύτης,
3531 4399 3583 4451 ει
3628 4395 3721 4449 οὓ-

442 4498 609 4553 modo
662 4512 723 4553 se
774 4514 863 4554 res
894 4497 1187 4571 Theophili
1222 4502 1295 4555 ita
1331 4501 1619 4565 haberent,
1650 4499 1771 4569 ejus
1813 4498 2031 4554 veniam

445 4588 631 4645 delicti
675 4605 737 4646 se
767 4606 799 4646 a
839 4590 952 4647 Deo
1001 4602 1335 4649 exoraturus
1384 4593 1599 4658 dixere,
1638 4590 1915 4661 simulque
1952 4591 2032 4646 rei

446 4682 706 4752 scriptam
734 4683 896 4757 154
919 4686 1238 4741 cautionem
1270 4687 1530 4756 Auguste
1561 4684 1860 4739 tradidere.
1888 4681 2033 4738 lute—

444 4788 539 4829 rea
568 4783 788 4845 recepta
815 4777 1072 4845 ecclesia,
1108 4777 1576 4852 sanctissimoque
1604 4775 1880 4830 Hethodio
1897 4789 2038 4845 pou-

445 4864 634 4921 ti'licali
680 4866 893 4923 honore
941 4870 1261 4932 sublimato,
1319 4876 1643 4922 sanctorum
1698 4866 2035 4937 jejuniorum

445 4956 622 5025 prima
663 4958 965 5026 dominica,
1023 4974 1131 5014 una
1182 4972 1311 5013 cum
1376 4959 1647 5029 Augusta,
1688 4960 1930 5028 peractis
1979 4960 2035 5013 in

444 5061 602 5101 sacra
629 5049 997 5104 sanctissima:
1028 5048 1275 5105 Dominae
1306 5057 1510 5105 nostra:
1553 5049 1759 5121 Deique
1793 5049 2038 5106 Genitri-

444 5140 527 5196 eis
578 5141 971 5197 Blachernensi
1011 5141 1127 5195 aede
1167 5140 1222 5196 in
1263 5140 1357 5198 Dei
1392 5143 1649 5199 laudibus
1705 5152 1761 5198 et
1804 5144 2035 5199 canticis

445 5233 737 5288 no«:turuis
780 5231 982 5302 vigiliis
1007 5273 1023 5298 ,
1056 5246 1217 5286 mane
1256 5233 1467 5287 solenni
1517 5234 1913 5304 supplicatione
1971 5249 2037 5289 ac

447 5336 645 5393 pompa
695 5324 764 5380 ad
810 5338 1069 5393 maguum
1127 5323 1221 5379 Dei
1272 5324 1427 5380 Verbi
1461 5326 1719 5396 templum
1782 5327 2029 5393 veniunt,

449 5414 665 5484 riteque
697 5426 919 5487 peracta
953 5432 1013 5471 re
1046 5432 1203 5473 sacra
1240 5434 1401 5474 suum
1442 5435 1634 5475 rursus
1671 5419 1905 5475 ecclesia
1940 5434 2032 5473 or-

450 5516 642 5561 natum
674 5508 888 5579 recipit.
918 5507 1087 5577 Inque
1128 5527 1253 5565 eum
1297 5512 1523 5567 modum
1576 5512 1899 5581 proﬁciebat
1931 5528 2028 5565 or-

448 5597 687 5654 tbodoxa
719 5599 980 5669 Ecclesia,
1008 5612 1063 5657 et
1090 5611 1151 5658 ut
1188 5604 1367 5659 verbis
1391 5603 1688 5674 Scriptura:
1707 5614 1848 5668 utar,
1863 5601 2034 5657 Reno-

2140 4516 2253 4561 τως
2279 4496 2425 4552 τοῦτ’
2452 4497 2621 4561 ἔστιν,
2659 4493 2994 4566 συγγνώμην
3019 4492 3232 4561 εφασαν
3263 4491 3520 4562 εὑρήσειν
3570 4488 3723 4560 παρὰ

2140 4590 2285 4661 Θεῷ,
2338 4590 2435 4644 καὶ
2463 4587 2581 4659 ἅμα
2630 4587 2699 4641 δι’
2727 4586 3010 4657 ἐγγράφου
3050 4582 3355 4655 ἀσφαλείας
3402 4581 3503 4654 τὴν
3543 4580 3725 4635 πίστιν

2139 4684 2334 4741 τούτου
2357 4685 2425 4755 τῇ
2466 4681 2723 4752 δεσποίνῃ
2760 4680 3022 4733 ἐδίδοσαν.
3054 4676 3172 4745 Ἐφ’
3198 4670 3279 4739 οἷς
3294 4674 3393 4746 τὴν
3427 4672 3724 4745 ἐκκλησίαν

2133 4776 2521 4840 ἀπολαϐόντες,
2550 4776 2647 4830 καὶ
2667 4773 2749 4845 τῷ
2760 4771 3014 4842 Μεθοδίῳ
3042 4767 3334 4839 ἁγιωτάτῳ
3363 4766 3464 4838 τὴν
3491 4765 3593 4836 τῆς
3610 4766 3715 4835 ἁρ-

2135 4866 2475 4939 χιερωσύνης
2529 4864 2935 4926 ἀποδεδωκότες
2983 4863 3176 4932 τιμὴν,
3235 4861 3302 4929 τῇ
3358 4858 3555 4929 πρώτῃ
3609 4856 3722 4909 τῶν

2135 4961 2306 5026 ἁγίων
2328 4959 2614 5029 Νηστειῶν
2635 4959 2893 5031 Κυριακῇ
2923 4955 3025 5010 σὺν
3038 4954 3177 5024 αὐτῇ
3207 4954 3275 5022 τῇ
3297 4948 3566 5020 Δεσποίνῃ
3591 4948 3719 5002 πάνι

2138 5071 2299 5124 νυχον
2353 5054 2630 5125 ὑμνῳδίαν
2662 5054 2721 5108 ὲν
2772 5050 2853 5121 τῷ
2906 5048 3053 5103 κατὰ
3083 5047 3183 5109 τὰς
3228 5043 3540 5114 Βλαχέρνας
3596 5038 3727 5112 ιερῷ

2114 5140 2473 5212 ,τεμένειζτῆς
2492 5138 2801 5212 ὑπεραγίας
2824 5137 2983 5208 ἡμῶν
3009 5134 3311 5204 Δεσποίνης
3340 5134 3434 5185 καὶ
3459 5130 3725 5184 Θεοτόκου

2139 5233 2510 5299 τετελεκότες,
2533 5237 2598 5303 τῇ
2635 5232 2807 5286 ἕωθεν
2838 5230 2978 5301 μετὰ
3003 5229 3158 5299 λιτῆς
3185 5227 3263 5297 τῷ
3299 5226 3346 5259 ⁸⁸
3378 5224 3601 5295 μεγάλῳ
3632 5222 3727 5277 τοῦ

2137 5323 2274 5378 Θεοῦ
2290 5324 2466 5392 Λόγου
2501 5324 2720 5395 τεμένει
2743 5322 3228 5393 καταλαμϐάνουσι
3248 5337 3262 5351 ο
3289 5321 3385 5374 καὶ
3411 5321 3500 5372 τὸν
3520 5318 3727 5388 κόσμον

2137 5418 2311 5487 αὐτῆς
2356 5417 2515 5480 αὖθις
2569 5416 2947 5486 ἁναλαμὸἀνει
2986 5418 3019 5487 ἡ
3063 5415 3358 5484 ἐκκλησία,
3400 5412 3502 5483 τῆς
3563 5410 3729 5479 ἁγίας

2150 5510 2539 5583 μυσταγωγίας
2563 5510 2949 5581 τελειωθείσης
2996 5510 3204 5580 ἁγνῶς.
3236 5509 3348 5563 Καὶ
3378 5508 3411 5577 ἡ
3442 5509 3539 5577 μὶν
3572 5501 3731 5573 ὀρθό-

2138 5601 2464 5667 δοξοςῖ-οὓτω
2499 5602 2841 5671 προέκοπτεν
2874 5602 3191 5674 Ἐκκλησία,
3236 5592 3729 5664 ἁνακαινιζομὲνη

1700 5691 1941 5747 VARItE
1976 5692 2387 5750 LECTIONES.

523 5783 569 5815 ”
595 5782 658 5837 οὐ
692 5781 792 5853 τῆς
814 5782 953 5838 Θεοῦ
981 5783 1138 5855 δίκης
1182 5801 1371 5857 margo
1399 5785 1653 5843 Combel.
1733 5787 1777 5818 "
1797 5785 2037 5850 αὐτούςῖ
2100 5786 2146 5821 ⁵⁸
2176 5788 2234 5839 ἐν
2267 5786 2377 5857 τῷν
