4144 6412
590 339 687 412 1³11

1679 331 2189 396 ΤΗΕΟΡΗΑΝΕΞ
2219 330 2785 394 CONTINUATUS.

3752 332 3853 397 ΗΞ

584 457 715 528 pitis
745 453 1083 510 abscissione
1116 448 1340 511 cadunt,
1389 461 1496 500 uno
1530 446 1796 501 duntaxat
1843 442 2154 512 superstite,

2271 458 2365 511 ρον
2413 442 2644 513 ποιήσας
2673 441 2770 515 τὴν
2797 440 3010 512 πληγὴν
3043 441 3239 512 μικρὸν
3293 442 3392 512 μιν
3425 443 3769 512 καεέκλινεν,
3790 449 3854 502 οὑ

585 549 676 604 sed
727 561 833 601 non
870 543 1027 615 plene
1079 555 1238 597 sano.
1273 539 1363 594 Sic
1399 537 1578 608 gentis
1609 537 1772 590 rebus
1823 537 1874 588 in
1925 533 2155 587 nihilum

586 636 839 698 redactis,
882 633 947 687 ad
975 646 1104 686 suas
1130 643 1320 684 rursus
1353 629 1509 684 sedes
1548 628 1688 696 turpi
1737 625 1862 694 fuga
1897 639 1962 678 ac
2005 622 2156 678 clade

586 727 745 782 redit.
777 725 856 781 Ac
881 724 1102 795 quidem
1133 722 1404 792 ejusmodi
1435 717 1628 774 Jaunis
1665 716 1974 787 praestigiae.

2271 533 2375 601 μὴν
2423 533 2518 585 καὶ
2551 533 2678 601 ὅλην
2711 533 2807 587 τοῦ
2849 533 3103 604 σώματος
3138 535 3414 604 ἀπέτεμεν
3453 535 3552 606 τὴν
3583 537 3852 607 κεφαλήν.

2266 622 2491 688 Τούτοις
2540 620 2632 678 οὖν
2664 627 2758 679 καὶ
2809 625 2878 678 τὰ
2928 627 3070 678 κατὰ
3102 626 3229 691 τοὺς
3257 628 3300 660 ⁶¹
3336 629 3614 698 ἡγεμόνας
3649 631 3859 700 ἐπηκο-

2263 714 2462 769 λούθει.
2503 716 2718 785 Ἔριδος
2752 717 2862 788 γάρ
2908 735 3056 779 τινος
3101 720 3372 789 κραταιᾶς
3418 720 3859 792 ὲπεισπεσούσης

583 825 767 885 αὐτοῖς
791 822 883 876 καὶ
917 819 1179 891 ἐμφυλίου
1216 818 1416 890 μάχης,
1440 816 1546 868 ὑπὸ
1575 814 1666 867 τοῦ
1704 813 1820 876 ἑνὸς
1851 812 1901 864 οἱ
1930 810 2023 865 δύο
2047 810 2154 862 τῶν
2193 811 2478 882 ἡγεμόνων
2517 813 2774 865 πίπτουσι
2811 813 2953 866 κατὰ
2979 813 3078 883 τὴν
3105 813 3361 882 κεφαλῶν
3427 815 3692 885 ἐκτομὴν,
3757 816 3858 871 τού

583 917 769 988 τρίτου
797 917 957 988 μόνου
987 913 1342 976 διασωθέντος
1378 911 1498 981 μὲν,
1548 910 1645 979 οὑχ
1672 908 1842 978 ὑγιῶς
1903 907 1978 962 δέ.
2045 907 2231 971 Οὕτως
2271 910 2350 972 είς
2380 908 2442 961 τδ
2484 909 2650 979 μηδὲν
2679 905 2900 962 εἶναιτὸ
2932 908 3082 971 ἔθνος
3105 910 3364 980 χωρῆσαν
3405 910 3542 982 πρὸς
3585 910 3654 964 τὰ
3679 913 3860 969 οἰκεῖα

584 1005 740 1072 αὖθις
771 1007 908 1077 μετὰ
936 1009 1113 1076 φυγῆς
1137 1004 1375 1075 ἀφώρμα
1410 1004 1503 1056 καὶ
1532 1004 1838 1074 συμφορᾶς.
1887 1000 2044 1055 Ἀλλὰ
2091 1001 2160 1054 τὰ
2200 1002 2298 1072 μὲν
2327 1003 2426 1071 τῆς
2460 1003 2714 1072 γοητείας
2738 1001 2930 1066 οὑτως.

659 1104 713 1159 8.
749 1103 885 1158 lluic
914 1117 1075 1172 parro
1105 1098 1489 1171 pracsdgiatori
1531 1098 1701 1152 frater
1742 1097 1982 1152 carnalis
2018 1105 2158 1157 erat,

553 1195 555 1198 ’
591 1195 893 1250 Arsaberns
948 1192 1187 1256 nomine,
1225 1191 1441 1258 patricii
1493 1190 1758 1243 honorem
1793 1205 1821 1242 a
1858 1187 2162 1258 Theophila

590 1295 934 1340 consecutus.
970 1283 1103 1337 Huic
1136 1275 1512 1337 suburbanum
1544 1283 1610 1335 ad
1652 1281 1844 1334 Euxini
1877 1279 2158 1335 sinistram

588 1377 851 1449 enavignti
894 1385 1125 1446 partem,
1158 1376 1226 1429 ad
1281 1374 1455 1430 sancti
1505 1373 1704 1430 Pboca:
1737 1375 2156 1436 monasterium,

588 1471 830 1526 .cdiﬁeiis
867 1468 1121 1524 maximis
1147 1483 1211 1521 ac
1238 1467 1556 1536 splendidis,
1589 1466 1912 1537 porticibus,
1950 1465 2161 1520 balneis

586 1581 645 1619 ac
675 1572 935 1634 praeterea
971 1560 1226 1616 cisternis
1277 1561 1608 1614 instructum
1661 1559 1784 1613 fuit.
1821 1557 1938 1613 Illic
1964 1557 2159 1612 crebro

585 1659 806 1713 solitum
838 1656 1100 1712 diversari
1140 1655 1505 1724 patriareham
1532 1657 1950 1707 subterraneum
1985 1651 2160 1721 quod-

583 1751 706 1805 dam
736 1749 1097 1811 domicilium,
1129 1746 1522 1816 Trophoniano
1555 1746 1698 1800 haud
1732 1745 2003 1806 absimile,
2033 1758 2158 1797 con-

2337 1104 2409 1169 η’.
2447 1098 2536 1168 Τῷ
2559 1099 2616 1151 δὲ
2645 1099 2801 1170 γόητι
2829 1098 3004 1170 τούτῳ
3020 1099 3248 1168 ἁδελφὸς
3274 1093 3342 1170 ἦν
3367 1098 3654 1168 σαρκικδς,
3679 1098 3859 1168 ὄνομα

2279 1190 2576 1261 Ἀρσαϐὴρ,
2604 1191 2702 1261 τὴν
2725 1191 2896 1261 τύχην
2922 1193 3214 1261 πατρίκιος
3235 1192 3385 1260 παρὰ
3405 1191 3664 1258 Θεοφίλου
3686 1207 3828 1261 τιμη
3844 1219 3861 1229 -

2266 1281 2400 1344 θείς.
2436 1281 2626 1352 Τούτῳ
2649 1281 2779 1351 γοῦν
2816 1285 3138 1353 προάστειον
3173 1283 3312 1336 κατὰ
3338 1283 3400 1337 τὸ
3437 1281 3719 1353 εὐώνυμον
3753 1282 3862 1351 μέο

2269 1389 2361 1444 ρος
2385 1373 2480 1427 τοῦ
2505 1374 2872 1442 ἐκπλεομένου
2903 1375 3156 1442 Εὐξείνου
3180 1378 3238 1430 ἐν
3269 1379 3334 1447 τῇ
3373 1378 3508 1448 μονῇ
3535 1375 3629 1429 τοῦ
3667 1376 3856 1445 Ἀγίου

2266 1469 2431 1521 Φωκᾶ
2459 1469 2692 1539 προσῆν,
2720 1470 3010 1540 οἰκοδομὰς
3045 1469 3310 1540 μεγίστας
3351 1471 3473 1540 ἔχον
3500 1471 3595 1523 καὶ
3618 1470 3860 1524 πολυτε-

2267 1556 2378 1622 λεῖς
2419 1561 2581 1622 στοάς
2611 1577 2672 1612 τε
2700 1560 2795 1613 καὶ
2850 1560 3129 1630 βαλανεῖον
3164 1560 3260 1615 καὶ
3285 1562 3422 1630 πρὸς
3447 1561 3660 1624 τούτοις
3692 1560 3861 1627 δεξα-

2269 1651 2457 1721 μενάς.
2495 1652 2705 1706 Ἑκεῖσε
2736 1653 2801 1724 δὴ
2825 1655 2852 1706 ὁ
2885 1656 3239 1726 πατριάρχης
3287 1655 3489 1724 συχνὰς
3515 1653 3689 1707 ποιῶν
3709 1671 3858 1707 κατ·

2265 1744 2490 1813 αγωγὰς
2508 1744 2802 1814 λέγεταίτι
2828 1747 3080 1816 ὑπόγειον
3103 1746 3764 1817 κατασκευάσαιὲνδιαίτη
3774 1765 3864 1816 μα.

583 1840 855 1895 struxisse
884 1838 1085 1894 ferunt.
1119 1838 1276 1908 157
1319 1839 1374 1892 In
1409 1838 1529 1908 ejus
1561 1837 1773 1906 postico
1801 1837 1854 1890 in
1897 1847 2151 1906 promptu

2259 1837 2365 1888 τῶν
2395 1836 2712 1908 Τροφωνίου
2745 1840 3068 1909 παρόμοιον,
3100 1839 3326 1892 ὄπισθεν
3346 1839 3402 1892 δὲ
3430 1839 3530 1909 τῆς
3555 1839 3858 1908 ἀνοιγομέ-

584 1933 730 1987 fores
787 1940 960 1998 erant,
990 1931 1179 1984 multis
1232 1929 1358 1983 inde
1416 1928 1678 1999 gradibus
1729 1927 2157 1981 intromittentes

585 2041 677 2079 eos
718 2025 812 2094 qui
847 2024 994 2078 intus
1043 2031 1330 2092 penetrare
1359 2020 1577 2076 vellent.
1614 2019 1737 2073 llaac
1771 2018 1960 2088 itaque
2011 2016 2159 2070 illius

584 2114 820 2172 nefanda
852 2112 1090 2169 oﬂicina.
1120 2113 1236 2168 Illic
1262 2111 1427 2167 modo
1457 2111 1524 2167 ad
1557 2110 1791 2166 cubiculi
1824 2109 2159 2178 thalamique

581 2206 807 2262 delicias
835 2221 958 2262 cum
988 2220 1159 2260 sacrae
1191 2204 1430 2275 virgines
1465 2216 1575 2259 tum
1609 2203 1727 2257 alim
1755 2201 1954 2270 insigni
1982 2200 2157 2254 forma

582 2299 839 2354 mulieres
870 2296 1272 2362 condebantur,
1303 2297 1631 2364 quibuscum
1693 2293 2005 2348 meretricio
2048 2293 2155 2346 ritu

583 2391 924 2456 fcedaretur;
974 2389 1137 2444 modo
1199 2388 1508 2458 jecinorum
1567 2386 1936 2456 inspectiones
1983 2399 2158 2454 exque

583 2482 724 2554 pelvi
750 2482 1117 2537 divinationes
1141 2496 1204 2536 ac
1236 2480 1520 2550 praestigize
1548 2479 1668 2533 alia:
1707 2487 2159 2546 moi-tuorumque

581 2570 951 2635 evocationes,
989 2569 1071 2624 his
1107 2570 1183 2623 illi
1215 2569 1473 2624 sociabus
1505 2583 1568 2623 ac
1591 2567 1955 2635 adjutoribus,
1997 2582 2155 2621 exer-

580 2664 867 2718 cebantur.
896 2663 1140 2733 llincqne
1171 2663 1309 2718 adeo
1338 2679 1448 2720 non
1487 2678 1610 2717 raro
1632 2678 1739 2716 non
1773 2663 1948 2716 solum
1979 2660 2158 2716 Theo-

580 2757 730 2829 philo
757 2756 850 2812 sed
880 2766 934 2811 et
967 2757 1090 2811 aliis
1115 2756 1360 2826 ejusdem
1395 2756 1679 2811 sententiae
1721 2765 1886 2825 atque
1935 2755 2159 2810 Incresis

581 2849 893 2904 hominibus
920 2864 1044 2904 vera
1071 2849 1319 2920 quaedam
1341 2848 1649 2902 daemonum
1676 2863 1776 2917 ope
1805 2847 2154 2916 praedicebat.

581 2940 692 2996 lloc
723 2941 1001 2997 enimvero
1021 2941 1294 3010 impurum
1319 2940 1440 3009 ejus
1465 2938 1830 3000 domicilium,
1860 2938 2158 3008 aliquando

578 3034 794 3090 tandem
834 3049 864 3089 a
900 3033 1072 3089 fratre
1121 3033 1325 3089 Basilio
1359 3044 1472 3088 tum
1523 3032 1823 3087 accubilori
1857 3031 2155 3094 venditum,

577 3128 630 3180 in
673 3142 892 3182 sacrum
928 3126 1145 3182 transiit
1173 3125 1596 3180 monasterium.
1634 3123 1820 3192 Neque
1872 3123 1923 3177 id
1971 3125 2152 3187 modo,

577 3221 670 3275 sed
707 3230 757 3274 et
802 3237 925 3290 quae
955 3220 1021 3274 ad
1051 3219 1205 3273 illum
1234 3219 1544 3273 attinebant
1582 3218 1790 3288 reliqua
1823 3237 1833 3271 :
1873 3219 2158 3288 sanctique

578 3313 758 3380 magni
790 3312 1048 3382 martyris
1079 3310 1274 3365 Pbocac
1308 3326 1335 3364 a
1362 3309 1735 3365 fundamentis
1761 3321 2005 3365 erectum
2043 3325 2161 3364 mo-

576 3402 872 3457 nasterium
913 3412 1014 3455 est.

562 3619 566 3624 ι
643 3580 700 3635 9.
733 3579 1004 3635 Caeterum
1039 3581 1128 3634 ille
1157 3580 1386 3651 ejusque
1418 3582 1598 3638 omnis
1627 3586 1914 3649 sodalitas,
1964 3588 2039 3642 uti
2071 3587 2155 3642 di-

575 3683 723 3727 ctum
755 3679 862 3734 est,
887 3672 940 3725 in
973 3687 1096 3726 cum
1129 3675 1348 3727 modum
1386 3689 1604 3730 cessare
1633 3677 1774 3746 jussi
1807 3693 1871 3732 ac
1900 3680 2154 3748 depositi,

577 3764 722 3819 haud
759 3765 862 3819 sibi
893 3765 1076 3834 quiete
1128 3766 1531 3836 transigendam
1581 3770 1748 3823 vitam
1802 3778 2153 3838 putaverunt,

575 3871 766 3909 verum
801 3854 981 3910 adhuc
1027 3855 1304 3927 quidpiam
1345 3857 1610 3915 adversus
1645 3876 1834 3916 sacras
1887 3861 2154 3932 imagines

576 3945 748 4000 moliti
777 3954 926 4002 sunt.
963 3945 1281 4002 Sacerdotio
1309 3951 1492 4020 itaque
1522 3959 1726 4014 motus,
1755 3967 1879 4006 cum
1936 3953 1988 4008 in
2031 3969 2153 4009 mo-

579 4040 818 4094 nasterio
854 4040 1091 4109 quodam
1140 4041 1298 4097 exsul
1328 4052 1638 4100 versaretur
1662 4044 1918 4115 pictaque
1970 4047 2153 4118 imago

573 4131 822 4200 quaedam
849 4130 902 4186 in
935 4141 1076 4187 tecto
1097 4134 1242 4188 velut
1273 4135 1500 4192 intentis
1527 4135 1579 4190 in
1599 4151 1722 4192 eum
1749 4139 1924 4194 oculis
1939 4155 2059 4197 esse
2077 4142 2158 4196 vi-

572 4223 817 4289 deretur,
837 4238 943 4278 non
965 4222 1146 4280 ferens
1172 4225 1262 4280 ille
1285 4226 1540 4299 imaginis
1563 4227 1641 4283 sic
1661 4230 1725 4284 de
1749 4231 1860 4286 alto
1891 4234 2045 4302 quasi
2074 4234 2153 4288 in-

2257 1945 2355 1998 νης
2401 1927 2572 2000 θύρας
2603 1930 2746 1984 κατὰ
2772 1931 2836 1984 τὸ
2867 1932 3159 2002 πρόχειρον
3207 1930 3406 1984 πυλίδα
3432 1926 3569 1983 εἷναί
3608 1947 3731 1983 τινα
3759 1930 3861 1983 διὰ

2259 2018 2537 2090 βαθμίδων
2569 2023 2670 2075 οὑκ
2694 2022 2892 2090 ὀλίγων
2925 2024 3103 2076 ἐκεῖσε
3143 2023 3207 2093 δὴ
3227 2023 3355 2084 τοὺς
3382 2022 3634 2084 θέλοντας
3665 2037 3857 2092 παρα.-

2258 2114 2608 2185 πέμπουσαν.
2689 2116 2896 2169 Ἐκεῖνο
2947 2115 3079 2186 γοῦν
3107 2115 3272 2170 αὑτοῦ
3305 2115 3541 2185 πονηρὸν
3569 2115 3861 2185 ἐργαστή-

2261 2223 2398 2278 ριον.
2432 2208 2640 2261 Ἐκείσε
2682 2207 2744 2278 δὴ
2792 2208 2967 2280 τούτῳ
3011 2208 3154 2271 τινὲς
3193 2207 3288 2261 νῦν
3343 2207 3446 2277 μὲν
3495 2200 3862 2276 ὲταμὶεύοντο

2259 2300 2835 2371 θαλαμηπολούμεναι,
2861 2300 3192 2372 μονάζουσαί
3218 2317 3277 2352 τε
3309 2299 3404 2352 καὶ
3429 2298 3606 2360 ἄλλως
3626 2297 3685 2350 τὸ
3712 2297 3823 2351 κάλ
3855 2326 3860 2328 -

2259 2391 2348 2455 λος
2393 2395 2652 2460 γυναῖκες
2699 2392 2772 2464 μὴ
2803 2393 3240 2464 διαφθείρουσαι,
3295 2385 3381 2455 αἷς
3414 2389 3798 2460 συνεφθείρετο
3831 2405 3855 2421 ο

2259 2482 2355 2536 νῦν
2399 2484 2454 2537 δὲ
2480 2488 2732 2553 μαντεῖαι
2760 2484 2826 2538 δι’
2858 2483 3270 2555 ήπατοσκοπίας
3293 2482 3380 2554 [Ρ.
3413 2480 3509 2553 98]
3553 2481 3647 2535 καὶ
3679 2479 3859 2534 λεκα-

2259 2577 2580 2646 νομαντείας
2606 2577 2700 2630 καὶ
2717 2574 2971 2646 γοητείας
2997 2576 3093 2628 καὶ
3112 2573 3538 2646 νεκυομαντείας
3557 2570 3862 2642 ὲηργοῦν-

2258 2687 2340 2735 το,
2389 2671 2612 2732 ταύταις
2642 2670 3071 2740 προσχρωμένου
3093 2671 3371 2732 κοινωνοῖς
3399 2684 3462 2720 τε
3490 2667 3581 2721 καὶ
3604 2664 3854 2736 βοηθοῖς.

2260 2761 2423 2816 Ὅθεν
2460 2761 2721 2826 πολλάκις
2753 2763 2848 2816 καί
2883 2779 2999 2816 τινα
3029 2761 3318 2833 προλέγειν
3340 2761 3515 2829 τούτῳ
3559 2758 3872 2836 συνέϐαινε

2258 2857 2324 2926 τῇ
2355 2854 2464 2908 τῶν
2489 2855 2764 2926 δαιμόνων
2807 2854 3098 2926 συνεργείᾳ
3126 2854 3334 2923 ἀληθῆ,
3375 2852 3436 2904 οὐ
3466 2851 3545 2922 τῷ
3598 2849 3858 2920 Θεοφίλῳ

2263 2948 2430 3019 μόνῳ,
2459 2947 2597 3002 ἀλλὰ
2628 2949 2724 3001 καὶ
2741 2948 2951 3019 ἑτέροις
2974 2949 3087 3010 τοῖς
3112 2946 3303 2999 τούτου
3325 2943 3648 3015 ὁμόφροσιν.
3679 2941 3857 2996 Ἀλλὰ

2257 3039 2416 3094 τοῦτο
2447 3041 2546 3110 μὲν
2567 3039 2756 3092 τούτου
2779 3038 2839 3092 τὸ
2863 3038 3057 3108 μιαρὸν
3089 3035 3410 3106 ἐνδιαίτημα
3432 3034 3531 3104 ὀψέ
3556 3049 3685 3086 ποτε
3703 3031 3853 3102 πρὸς

2261 3131 2540 3186 Βασίλειον
2567 3132 2657 3186 τὸν
2688 3130 2991 3200 τηνικαῦτα
3040 3127 3542 3199 παρακοιμώμενον
3579 3127 3850 3193 ἀπεμπο-

2264 3224 2425 3293 ληθὲν
2457 3223 2610 3294 παρὰ
2651 3222 2744 3275 τοὺ
2783 3220 3013 3290 ἀδελφοῦ
3047 3223 3124 3284 εἰς
3166 3219 3310 3290 ἱερὸν
3338 3219 3640 3290 μετηνέχθη
3672 3234 3850 3288 φρον-

2261 3319 2558 3386 τιστήριον,
2595 3316 2696 3368 οὑκ
2725 3315 2901 3366 ἐκεῖνο
2925 3315 3106 3384 μόνον,
3134 3312 3270 3367 ἀλλὰ
3301 3313 3395 3365 καὶ
3419 3312 3486 3364 τὰ
3515 3309 3698 3370 λοιπὰ,
3741 3326 3850 3362 κα-

2263 3411 2368 3474 θὼς
2396 3410 2544 3479 αὑτῷ
2569 3409 2894 3480 διαφέροντα
2915 3405 2984 3480 ἦν
3005 3425 3018 3439 ο
3051 3411 3144 3462 καὶ
3166 3409 3231 3462 ὲκ
3255 3407 3472 3480 βάθρων
3501 3408 3532 3477 ἡ
3559 3406 3655 3459 τοῦ
3680 3405 3846 3474 ἁγίου

2262 3503 2755 3572 μεγαλομάρτυρος
2780 3501 3041 3570 ἀνιδρύθη
3077 3501 3234 3572 μονή.

2335 3593 2398 3650 θ’.
2434 3595 2476 3645 Τ
2479 3595 2567 3646 ότε
2592 3594 2648 3646 δὲ
2683 3587 2836 3656 οὗτος
2865 3595 2958 3646 καὶ
3007 3595 3157 3645 πᾶσα
3186 3594 3219 3661 ἡ
3255 3591 3443 3656 αὑτοῦ,
3486 3591 3562 3653 ὡς
3594 3592 3840 3663 εἴρηται,

2259 3689 2545 3758 συμμορία
2596 3689 2661 3757 τῇ
2705 3687 3021 3754 καθαιρέσει
3070 3683 3470 3751 ὑποϐληθέντες
3510 3684 3610 3752 οὐχ
3657 3686 3836 3754 ἡσυχῆ

2259 3777 2653 3846 παραπέμπειν
2698 3775 2788 3827 τὸν
2816 3775 3025 3827 ἑαυτῶν
3068 3774 3183 3843 βίον
3230 3773 3570 3842 ἐδοκίμαζον,
3609 3771 3723 3825 ἀλλ’
3754 3774 3836 3824 ἔτι

2257 3869 2524 3924 καὶκατὰ
2575 3869 2681 3922 τῶν
2720 3868 2892 3936 ἁγίων
2949 3867 3175 3920 εἰκόνων
3234 3863 3620 3918 ὲνεανιεύοντο.
3681 3863 3838 3917 Μετὰ

2256 3964 2388 4033 γοῦν
2420 3963 2517 4036 τὴν
2540 3963 2856 4034 καθαίρεσιν
2879 3960 3173 4032 ὑπερορίας
3205 3959 3260 4012 ἕν
3280 3975 3384 4011 τινι
3420 3960 3552 4028 μονῇ
3573 3955 3835 4025 γεγονὼς,

2257 4057 2462 4120 εἰκόνος
2507 4058 2636 4127 μιᾶς
2663 4054 2806 4110 κατὰ
2848 4053 2940 4107 τὸν
2974 4053 3172 4123 δροφον
3199 4051 3564 4121 ίστορημένης
3592 4050 3687 4100 καὶ
3714 4047 3840 4099 ιῖιτεὁ

2257 4150 2362 4212 νῶς
2410 4146 2521 4203 οἷον
2553 4146 2908 4214 ἀτενιζούσης
2957 4145 3127 4212 αὐτῷ,
3169 4143 3244 4213 μὴ
3285 4143 3470 4210 φέρων
3503 4133 3658 4202 οὗτος
3701 4140 3840 4210 ὀρᾷν

2255 4243 2354 4313 τὴν
2384 4243 2597 4310 ἐκείνης
2622 4239 2758 4310 πρὸς
2782 4239 2945 4291 αὑτὸν
2967 4235 3355 4289 ἑπικατιοὺσαν
3378 4232 3527 4296 θέαν,
3558 4231 3840 4300 καθαιρεῖ·

575 4313 1094 4385 tuentisaspectum,
1119 4331 1216 4384 per
1243 4333 1414 4372 unum
1440 4335 1471 4374 e
1492 4318 1713 4377 famulis
1729 4324 1841 4377 tolli
1865 4324 2154 4393 camjubet

2259 4335 2382 4388 σθαι
2408 4334 2613 4402 ταύτην
2645 4332 2734 4385 διά
2785 4347 2927 4392 τινος
2955 4328 3168 4381 οἰκέτου
3220 4326 3550 4397 προστάττει
3593 4325 3838 4387 καὶτοὺς

572 4414 739 4475 atque
755 4405 875 4476 ejus
894 4409 1280 4475 oculoselIodi,
1300 4424 1467 4463 unum
1493 4411 1596 4465 hoc
1616 4413 1843 4478 addens,
1860 4430 1970 4468 non
1991 4431 2152 4485 posse

2259 4427 2568 4496 ὀφθαλμοὺς
2599 4420 3048 4495 κατορύττεσθαι,
3077 4418 3236 4472 τοῦτο
3269 4418 3427 4488 μόνον
3455 4417 3742 4487 ἐπιλέγων,
3760 4417 3834 4480 ὡς

572 4513 630 4552 se
661 4498 778 4566 ejus
823 4497 1053 4568 elligiem
1105 4500 1447 4570 formamque
1499 4501 1719 4556 intueri.
1767 4503 1988 4559 Audivit
2038 4507 2151 4562 haec

2261 4518 2379 4585 Τὴν
2406 4519 2629 4584 ταύτης
2648 4517 2721 4569 οὐ
2751 4514 3012 4579 δύναμαι
3033 4510 3281 4581 μορφὴν
3299 4509 3538 4579 ἐνορᾷν.
3562 4511 3836 4563 Ἤκουστο

571 4590 836 4658 Augusta,
867 4589 1028 4659 158
1054 4602 1118 4646 ac
1148 4605 1256 4660 qua
1289 4589 1469 4646 virum
1507 4591 1736 4647 decebat
1767 4596 2147 4666 castigatione,

571 4679 792 4735 scutica:
823 4681 1140 4750 taurcisque
1167 4680 1421 4750 subjecit.

642 4773 731 4828 to.
772 4775 840 4827 At
871 4788 938 4828 ne
963 4774 1042 4828 sic
1067 4771 1282 4842 quidem
1310 4785 1381 4828 .ut
1415 4775 1637 4844 quietus
1695 4788 1876 4846 ageret
1933 4779 1986 4834 in
2025 4781 2148 4836 ani-

570 4880 719 4920 mum
751 4865 1090 4929 inducebat;
1137 4873 1499 4935 sanctumque
1556 4865 1890 4924 Methodium
1942 4881 2150 4927 structa

570 4957 624 5012 in
654 4971 779 5011 eum
811 4953 1087 5010 calumnia
1115 4956 1512 5012 circumvenire
1543 4959 1842 5015 tentabant.
1893 4963 2020 5018 haec
2050 4981 2149 5018 au-

569 5060 676 5106 tem
702 5049 756 5103 in
781 5062 846 5103 co
871 5054 1008 5112 crat,
1039 5059 1427 5117 constuprasse
1451 5052 1658 5108 scilicet
1684 5056 1969 5110 mulierem
2001 5059 2150 5114 unici

567 5144 662 5197 lilii
697 5150 951 5204 matrem,
981 5140 1034 5194 id
1062 5151 1164 5206 est,
1197 5139 1589 5214 Metmphanis,
1621 5148 1740 5216 ejus
1770 5147 2021 5204 videlicet
2053 5151 2144 5220 qui

569 5232 714 5290 haud
748 5231 921 5287 multo
948 5242 1070 5304 post
1098 5231 1456 5305 Smyrnensis
1493 5238 1786 5311 episcopus
1839 5243 1958 5296 fuit.
1993 5241 2148 5298 llaue

567 5327 686 5382 auri
731 5326 903 5381 multa
932 5325 985 5382 vi
1030 5327 1421 5396 conducentes,
1459 5331 1676 5402 aliaque
1707 5334 1954 5402 polliciti,
1984 5335 2145 5391 modo

566 5433 758 5474 eorum
789 5418 964 5474 fraudi
999 5423 1391 5491 acquiesceret,
1420 5425 1619 5481 acriter
1666 5429 1808 5498 apud
1840 5428 2141 5500 Augustam

561 5512 797 5581 ejusque
848 5511 941 5565 lilii
1000 5524 1387 5581 procuratores
1428 5529 1715 5574 accusant.
1778 5517 1900 5575 Mox
1961 5521 2144 5592 itaque

565 5600 983 5661 formidolosum
1013 5608 1465 5681 tremendumque
1503 5610 1738 5665 tribunal
1776 5613 2017 5683 ponitur,
2051 5627 2146 5668 ex-

2249 4609 2380 4678 γοῦν
2411 4607 2584 4661 ταῦτα
2610 4609 2674 4676 τῇ
2730 4604 3010 4675 δεσποίνῃ,
3069 4602 3165 4656 καὶ
3197 4603 3262 4671 τῇ
3300 4600 3657 4672 προσηκούσῃ
3686 4661 3692 4670 ι
3728 4602 3836 4670 μά-

2251 4718 2398 4771 στιγι
2429 4701 2525 4753 καὶ
2558 4697 2779 4768 παιδείᾳ
2806 4696 2892 4749 διὰ
2922 4694 3196 4765 σκυτάλης
3223 4692 3693 4761 καθυποῦέὸλητο.

2323 4792 2375 4848 ι’.
2405 4791 2544 4844 Ἀλλ’
2568 4791 2674 4844 οὐδ’
2701 4789 2874 4850 οὑτως
2899 4783 2967 4859 ἢν
2988 4789 3273 4856 ἀγαπητὸν
3304 4784 3450 4853 αὑτῷ
3470 4783 3572 4852 τῆς
3606 4783 3838 4853 ἡσυχίας

2249 4886 2401 4956 ὲρᾷν,
2432 4882 2623 4954 μῶμον
2644 4880 2701 4934 δέ
2742 4897 2864 4934 τινα
2893 4879 2986 4932 καὶ
3011 4878 3086 4941 ῶς
3122 4875 3422 4947 ἐπειρῶντο
3469 4875 3633 4946 τῷ-ὲν
3658 4875 3839 4944 άγίοις

2254 4976 2501 5045 Μεθοδίῳ
2531 4975 2892 5044 προσάπτειν,
2948 4971 3043 5024 καὶ
3087 4968 3277 5039 μῶμον
3305 4969 3383 5030 είς
3419 4967 3676 5035 γυναικὸς
3704 4967 3838 5036 φθο-

2256 5069 2354 5138 ρὰν
2387 5067 2554 5122 παῖδα
2583 5066 2928 5137 κεκτημένης
2967 5063 3227 5132 μονογενῆ
3259 5059 3651 5131 (Μητροφάνης
3679 5054 3838 5124 οὗτος

2251 5155 2342 5228 ἦν,
2376 5161 2405 5212 ὁ
2437 5158 2554 5228 μετ’
2578 5157 2640 5210 οὑ
2665 5155 2800 5209 πολὺ
2825 5153 2924 5222 τῆς
2957 5151 3209 5222 Σμύρνης
3243 5149 3742 5222 καθηγησάμενος),
3768 5150 3842 5221 ἢν

2254 5252 2350 5305 καὶ
2371 5249 2610 5322 χρυσίων
2641 5249 2844 5303 ίκανῶν
2872 5245 3274 5313 ἐξωνησάμενοι
3303 5243 3402 5296 καὶ
3444 5242 3564 5312 ἅμα
3589 5241 3836 5298 acanm-

2256 5345 2509 5416 σχόμενοι
2529 5345 2585 5397 -εί
2619 5343 2782 5412 μόνον
2805 5339 3016 5400 τούτοις
3050 5337 3409 5405 συμφήσειεν,
3485 5333 3659 5388 πολλὰ
3701 5352 3838 5389 κατ-

2254 5437 2504 5505 ελέγοντο
2535 5435 2667 5505 πρὸς
2687 5434 2785 5503 τὴν
2805 5431 3093 5485 δέσποιναν
3118 5428 3212 5482 καὶ
3234 5430 3358 5491 τοὺς
3377 5428 3840 5501 ἑπιτροπεύοντας

2254 5525 2348 5580 τοῦ
2377 5525 2564 5588 παιδος
2597 5525 2788 5595 αὐτῆς.
2824 5521 2986 5592 Βῆμα
3011 5518 3144 5589 γοῦν
3176 5521 3379 5584 εὑθέως
3414 5522 3508 5574 καὶ
3555 5519 3837 5592 κριτήριον

2255 5617 2459 5688 φρίκης
2489 5613 2658 5682 γέμον
2689 5615 2752 5666 ἐκ
2786 5608 3079 5664 πολιτικῶν
3124 5607 3336 5679 ἀνδρῶν
3365 5606 3837 5678 συγκροτούμενον

1957 5709 2042 5764 VA
2055 5710 2190 5766 “LE-
2254 5707 2652 5766 LECTIONES.

649 5791 691 5822 ⁸³
722 5792 846 5854 τοὺς
883 5808 995 5847 om.
1022 5792 1080 5848 l‘.
