4144 6418
620 423 727 490 1⁸19

1656 399 1661 405 ’
1729 422 2241 482 THEOPHANES
2282 423 2850 488 communes.

3799 423 3900 488 180

621 546 877 605 cepturos
906 532 1116 597 statuit,
1154 531 1302 586 illinc
1338 530 1609 586 scelerum
1663 546 1785 587 reos
1847 532 1991 586 male
2026 542 2207 598 gesto-

2324 534 2455 601 :Eav,
2480 535 2685 606 ταύτην
2706 537 2885 589 ὲκεῖσε
2910 534 3365 605 καθυπέγραψεν,
3389 533 3485 587 καὶ
3509 533 3635 598 τοὺς
3656 535 3899 597 δικαίους

621 642 745 681 runt
791 624 1005 679 fructus
1061 625 1439 694 decerpentes,
1480 624 1666 694 judice
1716 624 1979 678 nimirum
2015 624 2081 677 ad
2119 624 2202 701 iu-

620 725 828 773 tentata
856 717 1197 787 propellente
1236 717 1506 787 supplicia
1548 718 1851 787 duriusque
1879 733 1908 771 a
1935 732 1995 772 se
2026 717 2206 786 repel-

619 812 782 868 lente.
852 810 979 866 Hatc
1034 810 1288 881 princeps
1346 810 1597 865 absoluta
1659 808 1856 863 tabella
1920 818 1980 863 ut
2031 809 2206 864 oculis

620 907 928 975 conspexit,
958 920 1135 974 exque
1168 914 1393 972 aspectu
1431 903 1521 957 Dei
1552 902 1604 957 iu
1634 918 1694 957 se
1724 902 1977 956 timorem
2011 918 2208 956 conce-

622 996 721 1063 pit,
738 996 925 1050 divina
949 995 1182 1063 denique
1200 994 1427 1049 edoctus
1450 992 1891 1047 Christianorum
1921 993 2205 1063 mysteria,

623 1090 951 1159 intempesta
1004 1096 1165 1142 nocte
1198 1086 1368 1140 divini
1403 1086 1748 1153 baptismatis
1779 1102 1981 1140 munus
2015 1100 2208 1140 conse-

621 1183 834 1253 quitur.
851 1179 969 1235 Non
1004 1179 1163 1234 latuit
1192 1195 1254 1233 ea
1287 1192 1397 1243 res,
1426 1180 1714 1248 gentisque
1746 1178 1913 1235 totius
1941 1177 2207 1232 defectio-

622 1291 746 1331 nem
803 1275 1017 1330 ascivit.
1056 1272 1151 1327 llle
1212 1288 1376 1343 parva
1432 1287 1660 1328 suorum
1715 1288 1901 1337 manu,
1957 1272 2206 1325 divimnu

623 1369 804 1423 crucis
839 1368 1053 1433 signum
1111 1367 1164 1420 in
1218 1367 1343 1421 sinu
1382 1382 1481 1421 suo
1514 1364 1935 1428 circumferens,
2005 1366 2208 1434 oppido

621 1460 854 1515 rebelles
886 1458 1100 1525 fundit;
1140 1475 1237 1515 nec
1264 1459 1377 1529 jam
1400 1459 1633 1525 occulte,
1661 1460 1754 1514 sed
1778 1460 1953 1529 palum
1978 1460 2207 1513 omnino

620 1550 900 1621 reliquos,
934 1552 1083 1621 ipsos
1113 1567 1335 1621 quoque
1376 1552 1451 1605 rei
1499 1551 1709 1613 aridos,
1743 1551 2089 1606 Christianos
2132 1550 2211 1606 fa-

619 1643 717 1701 cit.
772 1646 853 1700 Ad
888 1660 1071 1700 veram
1108 1645 1292 1715 itaque
1324 1646 1481 1700 [idem
1533 1661 1596 1699 ac
1623 1646 1876 1716 pietatem
1910 1646 2210 1702 translatus

623 1736 689 1790 ad
714 1735 1015 1806 Augustam
1050 1737 1245 1792 scribit
1275 1752 1436 1807 agros
1474 1737 1889 1807 impetraturus,
1918 1738 2208 1809 angustio-

623 1827 782 1883 ribus
813 1829 1021 1883 scilicet
1050 1845 1215 1899 quam
1250 1843 1349 1900 pro
1382 1844 1609 1883 suorum
1660 1829 2010 1885 multitudine
2043 1829 2209 1884 ditio-

2315 628 2568 683 ἐντεῦθεν
2602 628 2672 684 τὰ
2724 628 2953 701 βραϐεἶα
2999 630 3108 682 τῶν
3161 631 3340 682 πόνων
3383 627 3899 698 ἀπολαμϐάνοντας,

2314 722 2526 777 ἐκεῖθεν
2546 722 2601 776 δὲ
2624 723 2750 786 τοὺς
2776 722 3318 794 πεπλημμεληκότας
3345 722 3471 785 τοὺς
3493 722 3602 775 τῶν
3633 722 3902 791 βεϐιωμέ-

2316 832 2422 866 νων
2450 815 2823 884 δρεπομένους
2870 816 3121 885 καρποὺς
3152 815 3249 867 καὶ
3296 815 3432 885 πρὸς
3462 814 3561 884 τὴν
3598 815 3905 885 ἠπειλημέ-
3948 832 3965 893 ἑ

2316 922 2416 975 νην
2446 905 2669 959 κόλασιν
2699 906 3177 976 ἀπελαυνομένους
3201 924 3260 959 τε
3284 908 3376 959 καὶ
3397 907 3904 977 ἀποπεμπομένους
3948 900 3969 971 ἶί

2318 997 2586 1068 σφοδρῶς.
2635 998 2803 1051 Ταῦτ’
2846 995 2961 1061 οὖν,
2994 999 3181 1070 ἐπειδὴ
3230 1001 3403 1070 πέρας
3446 994 3593 1069 εἶχεν
3625 1002 3657 1071 ἡ
3689 1001 3902 1071 γραφὴ,

2316 1092 2575 1155 κατιδὼν,
2607 1091 2700 1146 καὶ
2725 1092 2793 1148 δι’
2819 1092 3000 1145 αύτῶν
3028 1092 3120 1145 τὸν
3146 1091 3238 1145 τοῦ
3266 1092 3401 1145 Θεοῦ
3437 1093 3601 1161 φόϐον
3635 1094 3691 1146 ὲν
3722 1093 3907 1165 ἑαυτῷ

2317 1183 2623 1249 συλλαϐὼν,
2674 1184 2770 1237 καὶ
2806 1183 3142 1254 κατηχηθεὶς
3188 1183 3256 1237 τά
3286 1184 3407 1237 καθ’
3452 1185 3601 1253 ἡμᾶς
3647 1184 3766 1237 θεῖα
3800 1203 3909 1254 μυ-

2319 1278 2538 1347 στήρια,
2589 1277 2801 1329 νυκτῶν
2838 1277 2979 1346 ἀωρὶ
3013 1276 3119 1328 τοῦ.
3162 1276 3309 1329 θείου
3354 1276 3759 1345 μεταλαγχάνει
3809 1275 3910 1346 βα-

2318 1368 2646 1436 πτίσματος.
2694 1369 2810 1436 Ἐφ’
2838 1361 2882 1436 ᾧ
2912 1367 3235 1439 καταφανὴς
3273 1367 3510 1438 γεγονὼς
3541 1370 3639 1438 τὴν
3670 1369 3735 1423 ἐκ
3766 1386 3908 1421 παν-

2315 1461 2405 1524 τδς
2432 1461 2527 1514 τοῦ
2550 1460 2736 1523 ἔθνους
2768 1460 2934 1515 αὑτοῦ
2959 1462 3361 1530 καθυφίσταται
3391 1461 3786 1527 ἐπανάστασιν,
3811 1459 3911 1523 οὓς

2316 1554 2410 1606 καὶ
2450 1553 2591 1624 μετά
2648 1570 2816 1606 τινων
2862 1553 3061 1621 ὀλίγων
3115 1553 3604 1622 καταπολεμήσας,
3657 1552 3750 1604 τὸν
3807 1551 3909 1606 τοῦ

2317 1644 2465 1699 θείου
2513 1646 2686 1699 τύπον
2728 1646 2967 1716 σταυροῦ
3022 1648 3079 1701 ἐν
3118 1647 3340 1707 κόλποις
3383 1624 3663 1715 περιάγων
3713 1643 3910 1709 αὐτοῦ,

2314 1739 2443 1800 τοὺς
2473 1735 2840 1800 καταλοίπους
2864 1737 3049 1790 οὐκέτι
3076 1736 3285 1808 κρύφα,
3316 1736 3495 1789 πάντα
3513 1735 3571 1789 δὲ
3599 1735 3912 1804 ἀναφανδὸν

2318 1830 2542 1900 ἐποίησε
2568 1829 2659 1882 καὶ
2682 1830 2881 1893 αὐτοὺς
2902 1829 3305 1899 ἐπιθυμοῦντας
3333 1828 3714 1899 Χριστιανούς.
3752 1829 3914 1881 Ἐπεὶ

622 1921 711 1977 nis
750 1921 899 1976 illius
941 1923 1228 1989 terminis;
1290 1937 1466 1992 eoque
1518 1921 1713 1991 majori
1773 1923 1971 1978 ﬁducia
2028 1930 2206 1994 rogat,

2324 1923 2444 1992 γοῦν
2477 1923 2742 1993 μετετέθη
2779 1924 2917 1994 πρὸς
2953 1923 3289 1989 θεοσέϐειαν,
3320 1923 3520 1994 γράφει
3549 1922 3613 1992 δὴ
3643 1921 3779 1991 πρὸς
3804 1922 3912 1992 τὴν

623 2014 771 2085 quod
800 2013 955 2084 165
975 2014 1086 2083 jam
1117 2030 1222 2067 non
1258 2015 1386 2081 duo,
1421 2015 1513 2069 sed
1538 2030 1709 2069 unum
1743 2016 2032 2079 exsistant,
2059 2016 2210 2071 inso-

623 2106 779 2161 lubili
814 2107 934 2161 lidei
962 2107 1326 2177 amicitiaeque
1351 2107 1570 2161 vinculo
1601 2107 1866 2178 colligati.
1888 2108 2208 2176 Subjecntm

624 2215 687 2255 se.
723 2200 798 2255 illi
830 2201 943 2256 fore
976 2200 1291 2270 pollicetur.
1349 2216 1651 2271 pacemque
1680 2203 2072 2272 sempiternam
2109 2216 2212 2257 nec

628 2294 736 2349 ulla
767 2310 1009 2364 unquam
1053 2310 1112 2349 re
1155 2294 1570 2349 convellendam
1607 2311 1729 2349 cum
1762 2310 1824 2348 ea
1868 2294 2210 2350 habiturum.

630 2386 839 2441 Placuit
867 2384 1170 2440 Theodorae
1207 2388 1420 2456 petitio,
1454 2386 1715 2452 deditque
1742 2386 1997 2457 Bulgaris
2035 2387 2216 2457 regio-

628 2494 751 2534 nem
806 2494 929 2550 qua:
965 2488 1077 2532 tum
1116 2479 1332 2534 deserta
1385 2489 1525 2543 erat,
1580 2480 1850 2549 quidquid
1915 2481 2126 2535 scilicet
2184 2496 2214 2534 a

626 2568 827 2627 Ferrea
880 2570 981 2625 Sull
1027 2582 1112 2625 est
1139 2569 1269 2636 (loci
1315 2585 1515 2623 nomen
1548 2580 1652 2632 est,
1682 2571 1841 2623 limes
1870 2586 1937 2624 eo
1968 2578 2215 2640 tempore

628 2666 1005 2719 Romanorum
1037 2680 1101 2718 ac
1133 2663 1496 2734 Bulgarorum
1529 2663 1779 2731 ditionis)
1815 2663 1881 2717 ad
1920 2664 2211 2718 Debeltum

629 2772 804 2828 usque
835 2774 847 2808 :
877 2756 1091 2827 Bulgari
1124 2756 1389 2827 Zagoram
1440 2765 1655 2810 vocant.
1711 2754 1812 2809 Per
1842 2756 1984 2809 hunc
2034 2756 2218 2825 itaque

631 2850 851 2903 modum
886 2848 1065 2903 omnis
1116 2846 1368 2916 Bulgaria
1406 2847 1469 2899 ad
1518 2848 1775 2916 pietatem
1809 2845 2123 2916 Christique
2156 2845 2218 2899 {i-

625 2944 748 2997 dem
784 2942 1059 3005 transivit,
1092 2942 1205 2996 Deo
1259 2944 1323 2995 ad
1362 2957 1517 2995 suam
1568 2940 1691 2993 illas
1723 2940 2094 3009 cognitionem
2123 2955 2218 2993 vo-

627 3048 810 3100 cante,
832 3044 883 3090 et
913 3036 1133 3106 quidem
1170 3050 1236 3089 ex
1271 3034 1350 3090 sic
1381 3034 1596 3107 exiguis
1625 3033 1880 3086 scintillis
1911 3032 2211 3101 plagisque;

629 3130 821 3199 sicque
854 3129 969 3199 agri
1014 3127 1249 3181 Romani
1295 3126 1601 3197 pertiouem
1637 3124 1783 3178 velut
1815 3124 1978 3178 aliam
2018 3141 2217 3194 quam-

629 3223 755 3278 dam
796 3238 911 3277 rcm
951 3221 1281 3291 promissam
1320 3218 1625 3280 consecuti,
1658 3218 1919 3271 Romanis
1948 3233 2005 3272 se
2040 3216 2216 3273 foede-

628 3322 781 3370 ratos
808 3312 1095 3367 lndirulste
1129 3310 1409 3366 societatis
1434 3310 1653 3365 vinculo
1680 3308 2052 3380 subjeceruut.

701 3490 792 3544 16.
839 3488 996 3543 Hunc
1034 3488 1087 3540 in
1123 3486 1343 3541 modum
1389 3502 1449 3541 se
1486 3502 1572 3542 res
1602 3485 1918 3541 Occidentis
1952 3486 2217 3556 praeclare

631 3583 928 3647 habebant,
985 3581 1299 3649 celebrique
1333 3579 1476 3635 fama
1514 3581 1717 3651 ubique
1764 3580 2213 3647 (lit'ulgabautur,

627 3677 775 3748 quod
828 3676 902 3731 ita
957 3676 1273 3744 compositze
1314 3685 1490 3730 erant.
1554 3674 1724 3730 Porro
1756 3673 2043 3727 Throzlora
2086 3685 2215 3725 suc-

628 3787 791 3826 cessu
827 3771 989 3835 elata,
1038 3784 1102 3823 ac
1143 3769 1299 3838 quasi
1351 3767 1559 3837 majora
1617 3780 1816 3835 tropica
1856 3765 2093 3834 adjicere
2125 3778 2218 3833 ge-

630 3865 825 3922 stiens.
856 3863 1205 3918 Pauliciauos
1237 3878 1464 3932 quoque
1516 3878 1611 3929 per
1637 3860 1920 3913 Orientem
1986 3866 2218 3909 conatur

629 3956 698 4013 ad
729 3972 910 4011 veram
966 3955 1265 4010 transferre
1302 3955 1487 4017 ﬁdem,
1533 3954 1617 4007 sin
1653 3952 1858 4011 minus,
1912 3947 2220 4017 exstirpare

629 4067 696 4107 ac
735 4051 800 4105 de
863 4051 1043 4105 medio
1080 4050 1308 4113 tollere;
1373 4063 1493 4117 quze
1552 4061 1637 4098 res
1691 4042 2005 4112 ingentibus
2058 4039 2219 4095 malis

632 4144 939 4199 Romanum
1002 4145 1189 4199 Orbem
1246 4141 1512 4210 implerit.
1550 4138 1716 4192 Mittit
1774 4139 1958 4209 itaque
2006 4137 2060 4191 in
2096 4152 2218 4191 eam

631 4253 745 4292 rem
771 4252 1055 4307 procerum
1086 4236 1355 4305 quosdam
1382 4250 1444 4287 ac
1475 4233 1921 4301 magistratuum.
1946 4231 2115 4284 Erant
2144 4229 2218 4284 illi

630 4328 827 4399 Argyri
860 4327 1131 4397 ducisque
1176 4326 1294 4387 lilii,
1335 4332 1389 4377 et
1422 4322 1677 4377 Sudales.
1726 4320 1791 4374 lli
1824 4322 1961 4376 alios
2002 4320 2054 4372 iu
2090 4335 2219 4372 cru-

632 4436 751 4476 cem
807 4399 1062 4491 agebant,
1102 4419 1238 4472 alios
1291 4416 1472 4487 gladio
1520 4414 1823 4473 caedebant,
1877 4412 2015 4466 alios
2050 4411 2222 4465 maris

632 4514 906 4585 profundo
969 4512 1312 4584 mergebant.
1398 4506 1611 4562 Sublati
1676 4506 1743 4559 ad
1780 4515 2000 4559 centum
2050 4504 2220 4558 millia

631 4606 819 4675 ejusce
850 4605 1069 4673 generis
1098 4600 1417 4671 suppliciis;
1481 4599 1756 4669 publicata
1810 4596 2120 4651 substantia
2159 4612 2223 4650 ac

632 4702 769 4756 tisco
801 4699 972 4753 illata.
1005 4697 1174 4750 Porro
1208 4693 1493 4749 Theodoto
1537 4692 1825 4747 Melisseno
1859 4690 2221 4746 Orientalium

632 4792 759 4846 duci
807 4792 861 4845 in
908 4789 1070 4862 166
1130 4789 1437 4843 ministerio
1494 4798 1614 4841 erat
1671 4786 1910 4841 Cat-beas
1971 4785 2222 4855 quidam,

636 4880 1140 4952 protomaudatoris
1192 4876 1426 4931 ollicium
1467 4894 1682 4947 gerens,
1740 4892 1933 4930 eorum
1967 4892 2107 4946 quos
2142 4875 2222 4930 tli-

635 4975 826 5031 cebam
860 4971 1301 5027 Pauliciauorum
1332 4971 1433 5025 title
1460 4972 1701 5043 glorians
1729 4986 1793 5025 ac
1817 4980 1981 5025 sectae
2012 4970 2219 5025 socius.

635 5070 687 5125 Is
709 5084 834 5125 cum
884 5076 1093 5138 patrem
1144 5081 1303 5119 somn
1335 5082 1667 5135 suspensum
1707 5064 1950 5135 patibulo
1982 5064 2229 5119 audisset

634 5166 799 5235 idque
828 5160 1041 5216 facinus
1068 5159 1415 5226 iniquissime
1448 5157 1635 5224 ferret,
1676 5175 1736 5212 ac
1770 5160 1884 5213 suis
1910 5158 2024 5229 ipse
2059 5158 2226 5213 rebus

633 5254 999 5327 prospiciens,
1029 5253 1153 5307 aliis
1194 5252 1440 5321 quinque
1473 5252 1717 5306 millibus
1744 5251 1989 5319 ejusdem
2036 5266 2223 5305 secum

636 5347 917 5417 religionis
949 5346 1271 5415 assumptis,
1303 5346 1369 5399 ad
1405 5344 1919 5398 Melitiu.‘eAun.-rcm
1951 5343 2223 5411 profugit;

636 5443 876 5511 indeque
912 5441 976 5494 ad
1012 5440 1485 5494 Ameramnttuetu
1528 5438 1782 5509 profecti,
1821 5437 2085 5505 omnique
2124 5438 2227 5491 lto-

637 5549 775 5588 nore
806 5548 870 5587 ac
906 5532 1056 5585 cultu
1111 5533 1179 5586 ab
1215 5548 1280 5587 eo
1324 5530 1601 5600 suscepti,
1640 5530 1874 5599 dataque
1915 5540 1965 5583 et
1997 5543 2221 5600 acet’pta

639 5626 764 5688 ﬁde,
828 5624 989 5693 paulo
1040 5633 1163 5694 post
1226 5622 1616 5678 communibus
1669 5621 1864 5675 studiis
1916 5619 2221 5673 Romanam

640 5716 906 5771 ditionem
936 5716 1217 5781 invadunt,
1251 5725 1306 5770 et
1342 5727 1400 5769 ut
1439 5732 1501 5769 ex
1534 5730 1616 5777 ea,
1652 5716 1796 5783 quod
1832 5714 1883 5767 iu
1922 5713 2219 5766 maximam

642 5809 750 5883 jam
792 5806 1200 5861 multitudinem
1229 5816 1611 5873 excrevcraut,
1668 5816 1866 5875 tropaza
1905 5806 2217 5873 erigerent;

644 5904 916 5972 urbesque
948 5900 1181 5954 coztdere
1232 5902 1648 5970 aggreliuntur,
1704 5917 1865 5970 quam
1903 5899 2226 5956 vocantAr-

2314 2015 2605 2069 δέσποιναν
2635 2016 2768 2087 περὶ
2801 2016 2927 2087 γῆς,
2967 2016 3162 2087 πλήθει
3189 2016 3548 2089 στενούμενος
3574 2014 3652 2085 τῷ
3683 2014 3911 2079 ἑαυτοῦ,

2315 2107 2409 2160 καὶ
2449 2106 2592 2171 ἀξιοῖ
2619 2106 2770 2177 παρὰ
2803 2107 3010 2177 ταύτης
3046 2106 3666 2178 παρρησιαστικώτερον
3698 2105 3772 2169 ὡς
3802 2105 3912 2176 ἠδη

2316 2201 2394 2265 ἓν,
2420 2200 2537 2254 ἀλλ’
2556 2200 2615 2253 ού
2642 2198 2735 2252 δύο
2754 2199 2926 2252 ὄντων
2952 2200 3154 2263 αύτῶν,
3187 2200 3370 2252 πίστει
3389 2216 3449 2252 τε
3475 2199 3570 2252 καὶ
3598 2196 3753 2267 φιλίᾳ
3782 2214 3917 2250 συν⁴

2315 2294 2577 2348 δεθέντων
2610 2295 2676 2363 τῇ
2732 2294 2988 2365 ἀρῤαγεῖ,
3032 2293 3127 2344 καὶ
3172 2291 3364 2345 ἑαυτὸν
3412 2290 3710 2361 ὑποθήσειν
3768 2288 3916 2343 καθ-

2317 2389 2628 2457 υπισχνεῖτο
2659 2385 2754 2439 καὶ
2813 2386 3038 2455 εἰρήνην
3097 2382 3439 2453 ἐργάσασθαι
3496 2381 3665 2434 ἀΐδιόν
3709 2396 3769 2432 τε
3812 2380 3920 2432 καὶ

2318 2476 2680 2530 ἀδιάπτωτον.
2730 2476 2791 2529 Ἠ
2835 2476 2891 2529 δὲ
2937 2474 3187 2545 εὐμενῶς
3217 2492 3274 2527 τε
3306 2475 3542 2547 ἤκουσεν
3590 2469 3777 2532 αὐτοῦ,
3811 2470 3919 2523 καὶ

2318 2570 2549 2623 δέδωκεν
2580 2570 2794 2640 ἐρήμην
2831 2566 2999 2622 οὖσαν
3026 2566 3330 2637 τηνικαῦτα
3361 2566 3460 2637 τὴν
3487 2565 3594 2617 ἀπὸ
3617 2564 3715 2632 τῆς
3747 2563 3918 2631 Σιδη-

2321 2664 2442 2734 ρᾶς,
2466 2664 2670 2735 ταύτης
2704 2663 2766 2735 δὴ
2800 2664 2920 2716 τότε
2951 2664 3096 2734 ὃριον
3128 2660 3501 2731 τυγχανούσης
3536 2658 3823 2728 Ῥωμαίων
3858 2673 3920 2709 τε

2319 2756 2413 2808 καὶ
2446 2754 2646 2819 αὐτῶν,
2684 2754 2815 2825 ἄχρι
2846 2753 2943 2823 τῆς
2978 2751 3266 2814 Δεϐελτοῦ,
3304 2751 3428 2821 ἦτις
3462 2748 3607 2801 οὕτω
3660 2747 3922 2801 καλεῖται

2319 2849 2538 2919 Ζάγορα
2567 2847 2697 2919 παρ’
2722 2849 2927 2913 αὐτοῖς.
2955 2847 3112 2899 υῦτω
3140 2846 3240 2914 μὲν
3270 2841 3362 2899 οὖν
3390 2845 3576 2897 ἅπασα
3603 2844 3635 2913 ἡ
3670 2840 3923 2908 Βουλγα-

2324 2941 2413 3011 ρία
2446 2942 2582 3012 πρὸς
2610 2940 2895 2994 εὐσέϐειαν
2948 2938 3416 3011 μετεῤῥυθμίσθη,
3453 2936 3589 2987 Θεοῦ
3633 2935 3768 3004 πρὸς
3810 2933 3920 3005 τὴν

2324 3035 2405 3108 [Ρ.
2448 3035 2574 3107 1051
2619 3035 2829 3089 οίκείαν
2886 3029 3407 3104 μετακαλεσαμένου
3452 3027 3654 3097 γνῶσιν
3687 3028 3915 3093 αὐτοὺς,

2320 3128 2417 3182 καὶ
2468 3127 2640 3191 οὕτως
2671 3127 2735 3179 ἐκ
2769 3125 2983 3196 μικρῶν
3033 3124 3347 3193 σπινθήρων
3388 3140 3449 3174 τε
3498 3122 3592 3174 καὶ
3640 3119 3911 3191 πληγῶνο

2322 3219 2419 3271 καὶ
2467 3218 2611 3271 οὓτω
2660 3216 2767 3284 γῆς
2796 3216 2893 3285 τῆς
2946 3215 3056 3268 τῶν
3103 3213 3393 3284 Ῥωμαίων
3427 3213 3502 3276 ὼς
3547 3212 3713 3282 ἄλλης
3764 3211 3915 3275 τινος

2322 3309 2662 3378 ἐπαγγελίας
2718 3307 3044 3373 ἀξιωθέντες
3099 3307 3236 3379 πρὸς
3299 3305 3587 3361 κοινωνίαν
3632 3306 3915 3378 ἄρρηκτον

2322 3402 2702 3457 καθυπὲϐαλον
2734 3401 2983 3465 ἑαυτούς.

2399 3493 2494 3558 ις’.
2534 3490 2659 3563 Εἶχε
2703 3494 2802 3565 μὲν
2842 3490 2937 3547 οῦν
2984 3494 3130 3549 οὕτω
3155 3496 3224 3549 τά
3259 3494 3400 3549 κατὰ
3444 3494 3541 3564 τὴν
3572 3493 3739 3547 Δύσιν
3766 3492 3917 3561 λαμ-

2323 3588 2477 3658 πρῶς
2504 3605 2563 3639 τε
2588 3588 2683 3640 καὶ
2714 3587 3047 3658 ἐτεθρύλητο
3074 3588 3371 3656 πανταχοῦ.
3418 3588 3534 3656 Ἐφ’
3565 3581 3645 3648 οἷς
3674 3585 3919 3653 ἀγαλλο-

2326 3680 2464 3749 μένη
2492 3681 2704 3748 ἐκείνη,
2756 3681 2850 3732 καὶ
2882 3673 2996 3731 οἷον
3042 3679 3280 3748 τρόπαια
3317 3678 3589 3730 ἐπιθεῖναι
3636 3677 3812 3744 μείζω
3842 3677 3918 3729 δι’

2322 3773 2567 3841 ἐφέσεως
2598 3772 2817 3843 ἔχουσα,
2848 3773 2943 3826 xci.
2972 3774 3100 3836 τοὺς
3140 3772 3287 3826 κατὰ
3315 3772 3415 3842 τὴν
3455 3769 3722 3840 ἀνατολὴν
3758 3773 3918 3823 Παυ-

2321 3866 2598 3926 λικιανοῦς
2627 3866 2890 3934 ἐπειρᾶτο
2921 3864 3179 3934 μετάγειν
3205 3863 3279 3926 ὼς
3317 3861 3557 3931 βούλοιτο
3585 3860 3722 3930 πρὸς
3751 3860 3922 3911 εύσέ-

2324 3957 2538 4028 ϐειανῆ
2589 3957 2829 4030 ἐξαιρεῖν
2873 3958 2969 4011 καὶ
3021 3957 3117 4010 ἀπ’
3163 3955 3472 4025 ἀνθρώπων
3518 3951 3780 4006 misit/'6
3820 3953 3926 4007 καὶ

2324 4049 2537 4104 πολλῶν
2570 4050 2758 4104 κακῶν
2787 4050 2887 4122 τὴν
2913 4049 3190 4120 ἡμετέραν
3221 4047 3542 4117 ἐνέπλησεν.
3585 4045 3649 4097 Ἠ
3678 4043 3777 4115 μὲν
3807 4044 3925 4115 γὰρ

2324 4145 2595 4217 πέμψασά
2637 4162 2793 4208 τινας
2840 4144 2951 4197 τῶν
2994 4144 3081 4196 ἐπ’
3118 4142 3367 4209 ἐξουσίας
3414 4143 3463 4210 (ὁ
3507 4139 3601 4192 τοῦ
3645 4138 3925 4207 Ἀργυροῦ

2324 4214 2417 4291 καί
2451 4238 2479 4289 6
2514 4214 2608 4289 τοῦ
2640 4236 2835 4299 δουκὸς
2892 4234 2986 4287 καὶ
3033 4234 3061 4287 6
3091 4231 3366 4299 Σουδάλης
3415 4233 3464 4284 οἱ
3514 4230 3923 4292 ἀποσταλέντες

2327 4327 2624 4394 ἐλέγοντο),
2666 4327 2793 4389 τοὺς
2828 4325 2926 4395 μὲν
2980 4324 3123 4391 ξύλῳ
3157 4324 3428 4392 ἀνήρτων,
3486 4323 3611 4385 τοὺς
3660 4321 3719 4376 δὲ
3770 4320 3923 4389 ξίφει

2329 4418 2674 4487 παρεδίδουν,
2706 4419 2833 4480 τοὺς
2871 4415 2929 4469 δὲ
2971 4415 3046 4486 τῷ
3077 4416 3177 4484 τῆς
3226 4415 3505 4485 θαλάσσης
3557 4413 3726 4484 βυθῷ.
3770 4414 3925 4467 Ὠσεὶ

2327 4510 2459 4563 δέκα
2493 4508 2757 4580 μυριάδες
2786 4510 2813 4561 6
2838 4507 3015 4570 οὕτως
3047 4506 3425 4577 ἀπολλύμενος
3450 4507 3739 4577 ἠριθμεῖτο
3766 4506 3924 4570 λαὸς,

2331 4604 2427 4656 καὶ
2460 4605 2491 4674 ἡ
2525 4601 2758 4673 ῦπαρξις
2788 4602 2967 4655 αὐτῶν
3005 4600 3083 4671 τῷ
3124 4599 3394 4670 βασιλικῷ
3418 4600 3723 4670 ταμιείῳ...
3750 4600 3927 4669 {nam

2335 4696 2432 4751 ml.
2482 4696 2880 4765 εἰσεκομίζετο.
2927 4693 3208 4763 ’Υπῆρχεν
3238 4692 3331 4747 οὖν
3364 4691 3442 4761 τῷ
3490 4690 3784 4761 στρατηγῴ
3814 4692 3931 4745 τῶν

2346 4789 2707 4843 Ἀνατολικῶν
2754 4788 3032 4859 (Θεόδοτος
3072 4780 3226 4851 οὗτος
3261 4782 3328 4857 ἦν
3359 4787 3386 4838 6
3412 4784 3553 4837 κατά
3591 4783 3682 4837 τὸν
3718 4783 3934 4838 Μελισ-

2335 4883 2517 4954 σηνδν)
2552 4884 2694 4954 ἀνήρ
2733 4898 2819 4945 τις
2867 4884 2945 4944 είς
2984 4882 3084 4952 τὴν
3124 4877 3430 4948 ὑπηρεσίαν
3472 4876 3932 4947 καταριθμούμε-

2334 4993 2445 5039 νος,
2479 4975 2737 5047 Καρϐἐας
2786 4974 3032 5041 ὀνόματι.
3084 4972 3182 5041 τὴν
3232 4969 3325 5022 τοῦ
3376 4968 3930 5038 πρωτομανδάτωρος

2336 5066 2562 5136 πληρῶν
2610 5064 2805 5135 ἀρχὴν,
2840 5066 2905 5133 τῇ
2961 5063 3143 5115 πίστει
3190 5061 3298 5113 τῶν
3351 5060 3662 5129 εἰρημένων
3714 5060 3931 5113 τούτων

2342 5156 2723 5211 Παυλικιανῶν
2778 5152 3205 5225 έγκαυχώμενὸς
3254 5170 3314 5206 τε
3348 5154 3445 5206 καὶ
3499 5152 3929 5221 σεμνυνόμενος.

2344 5252 2433 5311 Ὠς
2458 5249 2551 5304 οὖν
2579 5251 2671 5303 τὸν
2694 5247 2889 5302 ἑαυτοῦ
2917 5241 3073 5310 οὗτος
3101 5246 3307 5315 ἀκήκοε
3336 5244 3551 5314 πατέρα
3580 5243 3927 5313 ἀνηρτῆσθαι

2333 5342 2412 5414 τῷ
2465 5341 2630 5411 ξύλῳ,
2684 5340 2827 5409 πέρα
2871 5337 3062 5392 δεινῶν
3109 5337 3258 5392 τοῦθ’
3294 5338 3647 5409 ἡγησάμενος
3707 5336 3804 5388 καὶ
3858 5335 3930 5387 τὰ

2337 5429 2534 5486 ἑαυτοῦ
2571 5428 3018 5500 προσοικονομῶν
3040 5427 3219 5498 φυγὰς
3253 5428 3391 5499 μετά
3414 5429 3507 5481 καὶ
3537 5427 3740 5498 ἑτέρων
3763 5426 3930 5479 πέντε

2336 5524 2590 5595 χιλιάδων
2653 5522 2749 5593 τῆς
2803 5520 3066 5593 τοιαύτης
3116 5520 3598 5590 κεκοινωνηκότων
3658 5520 3927 5589 αἱρέσεως

2341 5619 2474 5688 πρὸς
2524 5618 2617 5670 τὸν
2685 5617 2785 5686 τῆς
2854 5614 3152 5685 Μελιτινῆς
3212 5615 3521 5685 τηνικαῦτα
3581 5612 3926 5681 κατάρχοντα

2344 5712 2562 5781 Ἀμερα
2615 5708 2849 5785 γίνεται,
2902 5708 3159 5762 κάκεῖθεν
3217 5708 3355 5779 πρὸς
3398 5707 3488 5759 τὸν
3532 5702 3924 5775 ἀμεραμνουνῆ

2339 5804 2759 5876 παραγίνονται.
2790 5802 2947 5856 Μετὰ
2976 5802 3032 5856 δὲ
3062 5801 3266 5871 πολλῆς
3296 5797 3693 5867 ἀποδεχθέντες
3732 5796 3920 5863 τιμῆς,

2342 5900 2435 5956 καὶ
2460 5899 2620 5969 λόγον
2657 5896 2960 5967 ἀσφαλείας
2987 5895 3170 5959 δόντες
3202 5910 3259 5947 τε
3288 5894 3380 5947 καὶ
3411 5892 3671 5956 λαϐόντες
3702 5888 3922 5961 ὁμοίως,
