4144 6414
528 268 531 271 ’
560 324 666 394 ns

1624 333 2133 411 THEOPHANES
2172 340 2453 402 CONTIN
2464 344 2737 407 UATUS.

3715 352 3816 419 186

558 451 842 497 curatores
873 448 1029 495 erant
1063 441 1225 509 inque
1254 442 1378 499 aula
1403 442 1694 512 degebant.
1720 443 1793 500 Ex
1822 461 1885 499 ea
1917 444 2120 503 Manue.‘

2237 452 2381 507 κατὰ
2410 456 2480 510 τὰ
2504 456 2785 527 ἀνάκτορα
2826 458 3228 530 διαιτωμένοις,
3262 462 3500 535 διαφορά
3520 483 3625 531 τις,
3658 469 3693 539 ἢ
3723 468 3819 522 καὶ

558 534 862 603 maiestatis
899 535 1280 601 insimulatur;
1313 551 1413 592 nec
1464 537 1692 593 deerant
1716 537 1807 609 qui
1836 540 1945 595 cito
1974 540 2048 595 illi
2076 542 2133 597 in

556 643 744 683 aurern
776 627 1212 684 insusurrarent.
1250 627 1307 684 ιιι
1336 628 1553 685 Manuel
1576 630 1824 686 criminis
1857 642 2130 699 metuens,

554 720 776 788 vimque
826 719 1042 774 invidim
1083 720 1509 790 insuperabilem
1541 726 1803 798 nulloque
1852 728 2012 783 facile
2042 744 2133 783 eo-

555 818 687 864 natu
746 813 1165 883 expugnandam
1207 814 1419 877 videns,
1466 831 1586 871 eam
1639 822 2031 890 ampulandam
2067 835 2133 876 ac

553 902 919 957 amoliendam
955 894 1196 973 putavit,
1235 906 1279 960 si
1323 907 1482 962 modo
1513 923 1543 962 a
1576 910 1781 979 palatio
1810 911 1973 980 paulo
2009 914 2131 967 lon-

554 992 676 1059 gius
725 994 1023 1050 recederet.
1077 994 1147 1051 Se
1179 998 1361 1068 itaque
1389 999 1612 1054 domum
1659 1004 1875 1073 recipit,
1908 1020 2032 1074 qua:
2063 1004 2131 1059 ad

553 1086 782 1156 Asparis
810 1088 1105 1145 cisternam
1137 1090 1314 1160 posita
1346 1101 1491 1160 erat;
1521 1110 1685 1164 quam
1720 1106 1910 1166 postea
1953 1100 2007 1152 in
2038 1114 2130 1153 re-

554 1176 761 1248 ligiosa:
811 1177 1009 1235 domus
1065 1179 1298 1235 formam
1346 1183 1573 1254 redegit,
1633 1186 1816 1258 ibique
1850 1189 2131 1258 pulverem

554 1264 962 1337 (corpusculum
997 1268 1232 1339 scilicet)
1260 1272 1533 1342 deposuit.
1590 1274 1719 1331 Inde
1765 1279 2006 1347 quotidie
2037 1295 2131 1334 ve-

554 1357 710 1413 niens
738 1359 803 1413 iis
833 1360 1094 1415 intererat
1116 1378 1237 1432 qua:
1262 1378 1292 1417 a
1326 1365 1600 1421 tutoribus
1633 1366 1686 1421 in
1717 1369 1918 1437 palatio
1949 1369 2127 1424 admi-

552 1449 947 1509 nistrabantur.
988 1452 1193 1511 Bardas
1216 1470 1366 1521 vero,
1390 1458 1486 1528 qui
1518 1473 1625 1514 non
1655 1477 1777 1528 sua,
1812 1464 1907 1519 sed
1947 1464 2128 1519 Theo-

550 1542 701 1596 ctisti
730 1556 894 1612 opera
927 1543 1236 1602 Manuelem
1283 1549 1362 1603 sic
1402 1551 1525 1605 aula
1553 1553 1923 1610 submovisset
1945 1566 2020 1623 et,
2072 1566 2131 1619 ut

548 1633 621 1690 ita
652 1634 854 1699 dicam,
889 1652 1032 1694 onus
1056 1642 1408 1704 excussisset,
1447 1644 1722 1702 arridente
1758 1648 2007 1719 votisque
2047 1649 2129 1704 fa-

2236 546 2566 609 καθοσίωσιν
2605 551 2864 609 ἐπεκάλει
2898 552 2993 607 καὶ
3042 553 3220 625 λάθρα
3252 558 3462 627 ταχέως
3505 555 3652 628 εἶχεν
3684 560 3818 614 ὅπου

2235 637 2540 709 λαλούμενα
2587 642 2758 711 αὐτῷ.
2813 642 2899 713 [Ρ.
2952 642 3083 716 105]
3130 644 3352 716 Ταύτην
3383 647 3447 720 δὴ
3481 650 3509 702 6
3558 650 3815 721 Μανουὴλ

2233 730 2648 799 εὐλαϐούμενος,
2670 734 2878 791 καὶτὸν
2910 736 3105 804 φθόνον
3152 738 3366 809 ἄμαχόν
3392 756 3516 794 τινα
3560 742 3655 796 καὶ
3686 742 3813 796 δυσ-

2233 822 2642 890 καταγώνιστον
2683 826 2910 897 ἐνορῶν.
2954 829 3108 899 ᾠήθη
3159 830 3274 885 δεῖν
3326 831 3521 886 τοῦτον
3561 834 3786 904 ἀκρωτη

2237 916 2422 985 ριάσαι
2476 917 2570 971 καὶ
2605 918 2877 985 καθελεῖν,
2912 920 2961 973 el
3010 921 3171 989 μόνον
3221 922 3434 990 γένοιτο
3477 925 3823 994 πορρωτέρω

2231 1004 2326 1062 τοῦ
2364 1006 2648 1062 παλατίου.
2682 1010 2793 1064 Καὶ
2833 1010 2899 1081 δὴ
2923 1010 3171 1065 κάτεισιν
3202 1015 3283 1075 εις
3313 1014 3407 1069 τὸν
3442 1010 3593 1068 οἷκον
3624 1015 3819 1077 αὐτοῦ.

2233 1098 2373 1151 κατὰ
2418 1098 2517 1169 τὴν
2576 1102 2898 1172 κινστέρναν
2944 1102 3039 1156 τοῦ
3093 1105 3375 1175 ’Δσπαρος
3417 1106 3565 1172 ὄντα,
3622 1106 3683 1160 ὃν
3733 1111 3817 1173 εἰς

2234 1191 2486 1259 σεμνείου
2531 1192 2702 1248 τύπον
2741 1192 2967 1265 ὕστερον
3003 1196 3309 1265 ὲνηγάγετο
3330 1199 3374 1230 ⁷⁰
3417 1199 3515 1253 καὶ
3559 1199 3652 1253 τὸν
3683 1199 3815 1269 χοῦι

2232 1283 2413 1335 ἐκεῖσε
2461 1284 2740 1338 κατέθετο.
2783 1286 3023 1340 Ἐκεῖθεν
3073 1287 3205 1355 γοῦν
3240 1290 3501 1345 ἑκάστοτε
3552 1291 3821 1359 ἀφικνού-

2234 1390 2395 1443 μενος
2426 1375 2682 1440 κοινωνὸς
2712 1377 2925 1445 ἐγίνετο
2962 1378 3073 1432 τῶν
3098 1379 3245 1433 κατὰ
3273 1379 3343 1434 τὰ
3376 1382 3655 1453 ἀνάκτορα
3684 1384 3821 1438 6m.-

2230 1468 2464 1537 κήσεων.
2500 1468 2701 1522 Τοῦτον
2743 1468 2917 1533 οὓτως
2956 1470 3015 1522 οὐ
3073 1470 3141 1525 δι’
3182 1472 3398 1536 ἑαυτοῦ,
3429 1473 3564 1528 ἀλλὰ
3588 1473 3677 1530 διὰ
3715 1474 3821 1529 τοῦ

2229 1559 2553 1615 Θεοκτίστου
2604 1562 3039 1631 ἀποσεισάμενος
3069 1564 3097 1615 6
3146 1564 3380 1635 Βάρδας,
3408 1567 3607 1621 ταυτὸν
3640 1566 3696 1622 δὲ
3727 1569 3817 1621 εξ-

2230 1657 2353 1711 πεῖν
2408 1655 2503 1708 καὶ
2551 1655 3083 1724 ἁποφορτισάμενος,
3133 1658 3233 1711 καῖ
3265 1659 3366 1729 τὴν
3411 1662 3584 1731 τύχην
3631 1661 3823 1725 λασὼιι

550 1736 710 1782 vente
753 1726 995 1796 fortuna,
1032 1745 1139 1785 non
1189 1732 1303 1803 jam
1338 1734 1561 1791 alterius
1591 1752 1714 1807 ope,
1747 1741 1839 1795 sed
1868 1757 1965 1797 sua
2013 1743 2120 1812 ipse

2230 1744 2366 1815 πρὸς
2390 1744 2450 1797 τὸ
2473 1745 2667 1799 ἑαυτοῦ
2702 1745 3144 1816 σπουδαζόμενον
3176 1726 3457 1813 κοινωνὸν,
3482 1726 3827 1809 ’ἐδουλεύετο

548 1832 715 1884 opera
739 1829 935 1876 cuncta
964 1822 1232 1879 conficere
1260 1825 1474 1890 statuit,
1507 1826 1670 1900 169
1709 1838 1875 1901 atque
1904 1807 2120 1887 interim

2231 1807 2325 1891 καὶ
2351 1807 2519 1902 αὐτὸς
2552 1838 2737 1892 οὐκέτι
2790 1839 2856 1893 δι’
2893 1807 3103 1908 ἐτέρου,
3142 1842 3209 1896 δι’
3244 1807 3527 1900 ἑαυτοῦ-δὲ
3558 1807 3821 1903 διανῦσαι.

548 1907 949 1978 Theoctistum,
979 1929 1046 1968 ne
1076 1931 1133 1970 sc
1168 1916 1214 1971 is
1244 1920 1311 1971 ab
1336 1919 1596 1978 ulteriore
1626 1938 1917 1993 progressu
1952 1924 2126 1993 impe-

547 2000 712 2064 diret,
744 2016 1021 2067 amovere,
1051 2004 1327 2075 simulque
1354 2006 1545 2076 ingens
1576 2010 1928 2079 probrumex
1953 2027 2125 2068 nurus

544 2106 660 2145 suae
692 2096 1089 2151 consuetudine
1117 2096 1193 2169 (id
1229 2098 1372 2153 enim
1408 2100 1499 2155 ille
1541 2103 1803 2157 continue
1849 2102 1898 2157 ei
1925 2117 2126 2174 expro-

546 2183 760 2255 brabat)
793 2178 978 2257 procul
1007 2187 1220 2243 amoliri
1248 2203 1313 2244 ac
1332 2189 1620 2260 depellere.

618 2406 703 2462 l9.
756 2405 963 2476 Nempe
999 2406 1314 2476 imperatori
1348 2405 1674 2476 paedagogus
1712 2416 1861 2471 erat,
1895 2407 1978 2461 vir
2009 2406 2123 2464 dis-

544 2499 737 2558 solutae
761 2500 905 2563 vita,
956 2506 1010 2555 et
1060 2499 1154 2569 qui
1190 2499 1259 2553 ab
1291 2500 1438 2553 omni
1472 2500 1664 2570 procul
1698 2508 1944 2555 remotus
1977 2510 2123 2556 esset

544 2607 759 2648 morum
794 2592 1154 2661 ingenuitate.
1170 2590 1327 2647 Hunc
1351 2591 1581 2647 Michael
1598 2608 1663 2645 ex
1682 2592 1854 2647 Barda
1878 2592 2121 2647 etTlieo-

542 2682 709 2740 ctisto
740 2692 1023 2752 matreque
1056 2681 1362 2752 majoribus
1398 2682 1453 2737 in
1502 2684 1627 2737 aula
1687 2684 1986 2738 honoribus
2018 2684 2121 2737 do-

544 2774 668 2833 nari
698 2790 763 2831 ac
791 2773 981 2830 ciliciis
1024 2774 1303 2843 poscebat.
1336 2774 1452 2828 Non
1495 2777 1719 2843 parebat
1752 2774 2117 2838 Theoctistus,

542 2882 643 2927 nec
673 2876 734 2923 ut
764 2866 872 2922 illis
899 2866 1021 2936 ejus
1054 2867 1199 2923 votis
1231 2880 1441 2922 morem
1485 2878 1693 2938 gereret
1728 2869 1921 2923 adduci
1951 2885 2010 2924 se
2039 2871 2117 2923 si-

542 2958 726 3013 nebat.
761 2958 955 3013 Aiebat
1001 2958 1168 3024 enim,
1221 2974 1339 3027 qua:
1370 2959 1479 3013 sint
1527 2959 1739 3028 imperii
1778 2976 2019 3023 munera,
2054 2976 2121 3014 ea:

542 3052 851 3105 meritorum
883 3052 1109 3118 ratione,
1171 3069 1275 3105 non
1328 3052 1559 3122 indignis
1606 3068 1719 3105 esse
1775 3053 2114 3122 conferenda.

2228 1931 2288 1984 τὸ
2317 1933 2446 1994 πᾶν,
2479 1932 2575 1985 καὶ
2603 1933 2742 1994 τέως
2786 1933 2878 1987 τὸν
2921 1934 3250 1993 Θεόκτιστον
3301 1939 3576 2002 καθελεῖν,
3613 1940 3700 1994 ῖνα
3734 1943 3823 2013 μὴ

2227 2024 2325 2091 τῆς
2354 2024 2447 2077 ὲπὶ
2492 2024 2559 2077 τὰ
2593 2026 2782 2095 πρόσω
2823 2028 2999 2096 φορᾶς
3045 2026 3240 2082 τοῦτον
3284 2029 3397 2098 ἔχοι
3429 2031 3681 2101 ἐμπόδιον
3714 2032 3819 2086 καὶ

2227 2113 2344 2183 ἅμα
2368 2114 2457 2167 τὸν
2483 2115 2652 2168 πολὺν
2682 2115 2887 2170 δνειδον
2914 2119 3006 2171 τὸν
3031 2120 3126 2175 ἐπὶ
3153 2122 3227 2192 τῇ
3258 2121 3445 2194 νύμφῃ
3495 2124 3662 2178 αὐτοῦ
3692 2124 3813 2195 (καὶ

2226 2207 2335 2277 γὰρ
2396 2207 2637 2271 ὠνείδιζε
2690 2208 2880 2261 τοῦτον
2931 2210 3217 2282 διηνεκῶς)
3280 2214 3655 2286 ἀπορραπίσοι
3711 2216 3812 2269 καὶ

2227 2303 2564 2373 πορρωτέρω
2590 2304 2901 2373 ποιήσεται.

2297 2395 2383 2449 ιϐ’.
2412 2394 2551 2464 ’Υπῆ
2561 2412 2654 2464 ρχε
2672 2394 2801 2463 γοῦν
2814 2396 2890 2465 τῷ
2908 2396 3117 2467 βασιλεῖ
3131 2400 3350 2470 Μιχαὴλ
3368 2402 3713 2471 παιδαγωγὸς
3726 2404 3815 2457 ἀν-

2225 2489 2439 2557 άγωγός
2461 2505 2516 2541 τε
2549 2489 2641 2541 καὶ
2655 2489 2937 2559 πόρρωθεν
2958 2491 3176 2561 τρόπων
3198 2492 3310 2547 τῶν
3326 2495 3581 2562 εὐγενῶν.
3606 2495 3811 2550 Τοῦτον

2224 2580 2374 2649 ἠξίου
2393 2582 2421 2631 6
2445 2579 2698 2649 βασιλεὺς
2722 2581 2884 2633 αὐτόν
2914 2599 2972 2636 τε
2996 2585 3090 2636 καὶ
3112 2584 3433 2640 Θεόκτιστον
3450 2590 3545 2640 καὶ
3571 2589 3670 2656 τὴν
3702 2604 3779 2658 μη

2223 2675 2357 2744 τέρα
2378 2674 2632 2744 ἀνωτέρω
2668 2674 2777 2728 τῶν
2808 2675 3104 2744 βασιλικῶν
3141 2677 3470 2748 ἀξιωμάτων
3505 2680 3812 2748 ἀναγαγεῖν

2222 2766 2316 2819 καὶ
2345 2766 2568 2835 μείζονα
2592 2764 2767 2835 τούτῳ
2791 2767 3188 2839 ἑπιϐραϐεὖσαι
3214 2771 3402 2841 τιμήν.
3422 2772 3535 2825 Οὐκ
3558 2771 3813 2826 ἐπείθετο

2221 2858 2353 2926 γοῦν
2382 2857 2556 2928 τούτῳ
2582 2860 2611 2912 6
2639 2858 2992 2925 Θεόκτιστος,
3044 2862 3166 2915 οὐδὲ
3207 2866 3325 2926 ταῖς
3358 2863 3519 2917 αὑτοῦ
3551 2865 3805 2935 ἀρέσκειν

2220 2950 2538 3019 ἀρεσκείαις
2596 2951 2880 3021 ἠϐούλετο,
2936 2954 3232 3021 ἐπαξίως,
3285 2956 3481 3023 λέγων,
3535 2958 3633 3010 καὶ
3692 2959 3808 3012 οὐκ

2220 3042 2483 3109 ἀναξίως
2508 3042 2580 3097 τὰ
2609 3041 2717 3112 τῆς
2753 3044 3082 3112 ,βασιλείας
3131 3046 3261 3101 δεῖν
3301 3047 3571 3104 διοικεῖν.
3602 3048 3806 3103 Τοῦτον

542 3141 698 3199 Hunc
740 3159 869 3215 ergo
916 3144 1122 3199 Bardas
1150 3144 1549 3213 ncquissimum
1582 3155 1774 3201 nactus
1826 3160 2114 3216 organum,

2223 3136 2454 3205 ὄργανον
2498 3136 2589 3190 τὸν
2625 3138 2975 3207 παιδαγωγὸν
3002 3141 3030 3193 6
3078 3141 3294 3212 Βάρδας
3336 3141 3520 3196 λαϐὼν
3566 3145 3799 3215 πονηρδι

540 3235 750 3293 zizania
782 3235 1029 3304 quzedam
1066 3236 1136 3290 de
1167 3236 1488 3291 Tlieoctisto
1524 3236 1576 3289 in
1603 3251 1704 3291 suo
1736 3236 1851 3306 ipse
1882 3236 2120 3306 impera-

541 3328 789 3399 torisque
826 3327 1011 3381 animo
1043 3327 1350 3383 seminandi
1384 3328 1594 3382 nullum
1643 3328 1803 3382 linem
1852 3327 2116 3394 faciebat;

538 3418 757 3486 aliaque
807 3418 1093 3489 complura
1142 3418 1395 3486 praesenti
1447 3419 1759 3489 reipublicae
1804 3422 1969 3476 statui
2025 3420 2121 3475 de—

540 3504 793 3560 trahebat
827 3521 839 3557 :
872 3521 979 3559 non
1020 3506 1141 3561 bene
1173 3522 1253 3561 res
1284 3508 1699 3572 administrari;
1740 3509 1983 3563 relictum
2018 3511 2119 3563 im-

537 3598 673 3666 perii
692 3597 953 3657 heredem
988 3596 1299 3653 Nic/iaciam
1321 3599 1606 3654 Theoclistt'
1636 3618 1794 3669 opera
1825 3619 1857 3655 (ι
1889 3602 2117 3671 publicis

538 3691 690 3760 longe
713 3689 1014 3745 muneribus
1049 3692 1240 3746 arceri.
1289 3690 1519 3758 Nuptias
1566 3696 1807 3765 cogitare
1852 3709 1972 3747 cum
2004 3691 2117 3745 Hi-

536 3782 733 3837 cltaelis
759 3791 927 3837 matre
948 3792 1037 3836 aut
1055 3799 1162 3839 una
1182 3783 1455 3851 ﬁliarum;
1480 3787 1652 3855 ipsum
1680 3802 1820 3849 vero,
1848 3788 1938 3854 qui
1970 3785 2116 3853 ﬁlius

537 3875 631 3940 rit,
666 3878 834 3929 eruti:
858 3874 1023 3930 oculis
1058 3878 1247 3944 procul
1283 3877 1602 3947 ejiciendum
1644 3893 1774 3931 esse.
1809 3874 1905 3930 llis
1934 3876 2117 3946 itaque

538 3967 685 4023 velut
732 3968 958 4037 spiculis
1005 3968 1112 4024 alte
1159 3968 1507 4040 imperatoris
1539 3969 1725 4024 animo
1759 3967 1955 4023 deﬁxis
1988 3982 2117 4023 eum

537 4060 862 4129 proritabat,
914 4076 977 4121 ac
1007 4077 1076 4116 ne
1103 4062 1234 4132 quid
1266 4062 1534 4131 ejusmodi
1568 4061 1834 4126 eveniret,
1859 4061 2115 4132 prudenti

535 4152 1056 4223 promptissimoque
1076 4154 1311 4210 oonsilio
1338 4170 1449 4209 rem
1482 4154 1880 4224 expediendam
1907 4155 2113 4209 aiebat.

536 4241 754 4312 Saepius
783 4259 903 4300 eam
956 4245 1009 4300 in
1043 4261 1154 4305 rem
1189 4261 1316 4302 cum
1364 4247 1769 4309 convenissent,
1802 4262 1864 4301 ea
1895 4248 2113 4300 demum

537 4335 643 4393 illis
674 4343 791 4392 rata
814 4338 1104 4400 sententia,
1126 4351 1191 4392 ac
1213 4336 1493 4391 decretum
1515 4349 1598 4391 est
1629 4346 1688 4391 ut
1711 4336 1902 4392 fraude
1929 4338 2115 4405 aliqua

533 4427 768 4499 doloque
797 4443 828 4483 ο
860 4428 1043 4482 medio
1084 4426 1385 4483 tollendum
1412 4426 1788 4483 Theoctistum
1836 4436 1930 4480 aut
1964 4436 2114 4481 certe

533 4520 728 4575 exsilio
797 4519 1147 4590 relegandum
1198 4528 1475 4575 curarent.
1537 4518 1631 4575 Sic
1692 4520 1878 4587 itaque
1933 4520 2112 4575 visum

534 4610 789 4674 consilio,
841 4610 1178 4680 urgebatque
1236 4608 1464 4675 Bardas,
1530 4620 1589 4665 ut
1632 4610 1779 4680 quod
1810 4611 1881 4665 ita
1914 4612 2115 4667 animis

533 4703 751 4759 sederat
778 4711 1031 4771 prompte
1053 4709 1468 4771 exsequeretur.
1509 4703 1673 4773 17o
1707 4702 1780 4758 Ea
1815 4704 1966 4759 necis
1996 4706 2115 4760 viro

533 4796 831 4852 inierendze
890 4794 1187 4850 constituta
1220 4795 1384 4859 ratio,
1435 4804 1499 4851 ut
1538 4794 1916 4851 Theoctistum
1970 4796 2114 4851 refe-

532 4889 687 4945 rendi
726 4903 952 4944 munere
980 4885 1355 4957 perfunctum,
1391 4888 1566 4960 iisque
1596 4904 1717 4959 qum
1744 4890 1927 4945 aerarii
1955 4900 2119 4945 erant

534 4979 803 5050 expeditis
857 4980 923 5033 ad
994 4980 1315 5041 Lansiaeum
1363 4989 1679 5045 exeuntem,
1737 4982 1885 5038 brevi
1935 4984 2117 5052 spatio

533 5074 833 5144 imperator
860 5082 1216 5144 sequeretur;
1255 5082 1480 5144 tumque
1508 5074 1593 5128 bis
1619 5074 1712 5145 qui
1745 5089 1775 5129 a
1816 5090 1974 5131 sacro
2019 5092 2116 5131 cu-

532 5166 715 5222 biculo
744 5174 875 5223 sunt
909 5165 1200 5221 tollendum
1225 5164 1491 5221 hominem
1522 5166 1862 5223 inclamaret.
1911 5166 2114 5225 Consi-

535 5259 700 5316 debat
752 5270 880 5315 tunc
937 5257 1144 5319 Bardas
1175 5258 1228 5313 in
1282 5259 1571 5316 Lausiaco.
1621 5258 1970 5316 Theoctistus
2022 5260 2113 5317 vix

536 5353 726 5420 pedem
776 5354 1090 5419 extulerat,
1135 5369 1258 5413 cum
1317 5354 1602 5413 Michaelis
1636 5355 1855 5425 signum
1896 5353 1973 5408 illi
2010 5355 2116 5423 ipsi

537 5444 730 5514 praeire
782 5445 1071 5517 ipsumque
1125 5446 1449 5503 antecedere
1506 5445 1699 5503 videns
1752 5446 1913 5500 saluti
1983 5446 2109 5516 luga

537 5537 824 5603 minsulere
854 5548 1099 5593 conatur.
1138 5536 1288 5607 Fuga
1327 5538 1401 5601 illi
1440 5539 1506 5593 ad
1541 5538 1760 5594 Circum
1786 5579 1800 5604 ,
1825 5554 1931 5609 qua
1959 5549 2114 5608 parte

537 5639 725 5680 eorum
753 5625 845 5699 qui
877 5634 1035 5691 erant
1062 5643 1091 5689 τι
1122 5626 1380 5691 secretis,
1413 5627 1571 5685 locus
1596 5636 1713 5695 erat
1746 5644 1761 5682 :
1800 5637 1931 5685 tunc
1959 5630 2108 5685 enim

2212 3233 2321 3284 ὀὐκ
2351 3231 2584 3285 ἐπαύετο
2614 3230 2832 3293 ζιζάνιά
2860 3249 2984 3285 τινα
3010 3234 3138 3302 περὶ
3168 3233 3263 3287 τοῦ
3296 3235 3488 3304 ἀνδρὸς
3514 3238 3581 3307 τῇ
3609 3234 3804 3290 ἑαυτοῦ

2222 3324 2522 3393 ἐνσπεῐρων
2546 3323 2640 3376 καὶ
2666 3325 2731 3394 τῇ
2760 3323 2854 3378 τοῦ
2890 3324 3160 3396 βασιλέως
3189 3328 3357 3399 ψυχῇ,
3387 3328 3524 3383 ἄλλα
3544 3347 3603 3382 τε
3635 3329 3805 3383 πολλὰ

2220 3418 2350 3486 περὶ
2382 3416 2491 3469 τῶν
2535 3415 2733 3469 κοινῶν
2764 3416 3089 3488 διοικήσεων
3136 3421 3333 3491 λέγων,
3367 3423 3445 3485 ὡς
3475 3425 3557 3476 Οὐ
3603 3421 3806 3489 καλῶς

2220 3509 2697 3576 οὶκονομοῦνται,
2746 3509 2844 3564 καὶ
2882 3510 2972 3564 ὅτι
3026 3512 3125 3566 σοι
3174 3515 3677 3581 καταλειφθείσης
3721 3513 3804 3580 ὡς

2220 3601 2622 3669 κληρονομίας
2670 3601 2779 3669 τῆς
2806 3603 3136 3669 βασιλείας
3171 3606 3368 3673 πόρῤω
3406 3621 3524 3658 σου
3578 3605 3795 3672 ταύτην

2218 3687 2395 3755 οὗτος
2420 3691 2594 3755 ποιεῖ,
2629 3691 2821 3761 γάμον
2846 3694 3030 3761 μητρί
3057 3711 3174 3748 σου
3206 3693 3243 3761 ἢ
3281 3693 3402 3747 τῶν
3432 3695 3654 3761 ταύτης
3693 3700 3802 3751 θυ-

2220 3781 2480 3853 γατέρων
2503 3781 2613 3852 μιᾷ
2638 3783 3003 3852 ἐμμελετῶν,
3028 3785 3128 3839 καὶ
3161 3785 3279 3837 σοῦ
3300 3784 3406 3838 τοῦ
3427 3785 3646 3851 ταύτης
3667 3783 3800 3839 vim?

2218 3875 2415 3941 :zr’ppw
2444 3890 2562 3928 που
2595 3873 2847 3943 ποιῆσαι
2885 3876 3028 3941 τοὺς
3054 3876 3419 3945 ὀφθαλμούς.
3462 3875 3649 3935 Ταῦτα
3670 3874 3796 3944 γοῦι

2218 3965 2293 4027 ὡς
2322 3965 2449 4037 βέλη
2487 3966 2666 4037 πήξας
2701 3969 2756 4020 ἐν
2793 3967 2993 4039 καρδίᾳ
3027 3966 3122 4021 τοῦ
3152 3966 3418 4036 βασιλέως
3450 3966 3693 4037 διήγειρὲ
3718 3983 3800 4031 τε,

2219 4060 2315 4113 καὶ
2338 4060 2484 4123 ὅπως
2513 4059 2588 4130 μὴ
2613 4058 2788 4114 ταῦτα
2820 4060 3051 4129 γένοιτο,
3083 4061 3313 4129 συνετῆς
3339 4058 3549 4127 ἔφασκε
3574 4058 3686 4111 δεῖν
3706 4058 3804 4111 καὶ

2218 4151 2482 4222 ταχίστης
2517 4150 2731 4222 βουλῆς.
2776 4153 2865 4215 Ὠς
2886 4152 2943 4206 δι
2981 4151 3245 4216 πολλάκις
3278 4150 3408 4222 περὶ
3448 4150 3642 4205 τούτου
3675 4167 3803 4203 συν-

2217 4246 2449 4315 ήρχοντο
2502 4244 2597 4299 τοῦ
2642 4247 2997 4316 πράγματος,
3033 4245 3167 4315 μίαν
3199 4244 3405 4313 ταύτην
3444 4243 3677 4315 ὲκύρουν
3707 4244 3805 4298 καὶ

2218 4337 2447 4407 γνώμην
2485 4337 2787 4405 ἀπέφαινον
2817 4338 2911 4390 τοῦ
2962 4340 3026 4390 ἐκ
3058 4338 3097 4367 ⁷¹
3140 4338 3307 4406 μέσον
3352 4337 3445 4390 τὸν
3479 4338 3806 4391 Θεόκτιστον

2220 4426 2447 4495 ποιῆσαι
2494 4427 2776 4498 δολοφονίᾳ
2806 4428 2913 4480 τιν).
2958 4428 2990 4497 ἢ
3046 4428 3333 4499 ὑπερορίᾳ.
3380 4427 3659 4482 Ἐδέδοκτο
3710 4427 3805 4481 οὖν

2222 4516 2419 4581 ταῦτα,
2455 4517 2549 4571 καὶ
2588 4518 2763 4587 πέρας
2805 4518 3034 4572 ἔσπευδε
3076 4523 3187 4583 τοῖς
3246 4519 3589 4591 βουληθεῖσιν
3618 4523 3663 4552 ⁷³
3703 4522 3805 4572 ἐπ-

2225 4610 2379 4678 άγειν
2398 4625 2409 4638 ·
2451 4610 2535 4687 [Ρ.
2568 4608 2691 4679 106]
2737 4609 2799 4663 τὸ
2826 4610 2881 4663 δὲ
2912 4606 2980 4682 ἦν
3010 4612 3068 4665 ἐν
3094 4611 3171 4681 τῷ
3200 4612 3387 4665 τοῦτον
3425 4612 3638 4681 μέλλειν
3668 4611 3805 4681 πρὸς

2222 4704 2315 4758 τὸν
2342 4703 2654 4759 Δαυσιακὸν
2705 4704 3021 4773 ἐξέρχεσθαι
3067 4706 3208 4773 μετᾶ
3237 4704 3335 4776 τὴν
3359 4704 3468 4758 τῶν
3512 4703 3806 4773 ἁναφορῶν

2222 4797 2493 4867 διοίκησιν
2542 4797 2982 4867 ἐπακολουθῆσαι
3040 4799 3238 4868 μικρὸν
3283 4798 3375 4852 τὸν
3428 4798 3670 4867 βασιλέα,
3705 4798 3806 4851 καὶ

2215 4890 2376 4944 τοῦτο
2430 4890 2591 4959 μόνον
2638 4892 2974 4960 ἀνακραγεῖν
3001 4892 3084 4953 τὸ,
3113 4892 3401 4958 Ἑπάρατε
3434 4890 3642 4952 αὑτὸν,
3685 4894 3801 4954 τοῖς

2215 4984 2617 5056 πραιποσίτοις.
2650 4984 2786 5039 Τότε
2808 4987 2837 5039 6
2868 4984 3084 5055 Βάρδας
3122 4986 3180 5036 ἐν
3230 4983 3307 5052 τῷ
3342 4983 3641 5053 Λαυσιακῷ
3676 5002 3805 5037 συν·

2216 5077 2481 5148 εδρεαζεν.
2519 5079 2609 5142 Ὠς
2629 5072 2722 5132 οὖν
2755 5079 2783 5132 6
2807 5078 3129 5139 Θεόκτιστος
3154 5077 3496 5146 προέκυπτεν
3525 5076 3705 5141 ἐξιὼν.
3736 5076 3803 5129 τὸ

2215 5169 2309 5231 τοῦ
2343 5168 2560 5239 Μιχαὴλ
2592 5168 2844 5239 σύνθημα
2880 5167 3177 5237 προτρέχον
3208 5166 3325 5237 ἅμα
3354 5167 3448 5219 καὶ
3483 5166 3802 5235 προφθάνον

2218 5261 2405 5315 τοῦτον
2439 5260 2582 5331 ὁρῶν
2613 5260 2757 5329 ἔγνω
2797 5262 2944 5328 φυγῇ
2984 5259 3083 5330 τὴν
3123 5259 3400 5328 σωτηρίαν
3439 5258 3800 5331 πραγματεύ-

2221 5354 2438 5409 σασθαι.
2482 5353 2543 5407 Ἦ
2588 5353 2733 5424 φυγὴ
2764 5352 2819 5405 δὲ
2867 5352 3002 5424 πρὸς
3042 5352 3132 5406 τὸν
3181 5352 3518 5423 ἱππόδρομον
3554 5352 3694 5406 κατά
3731 5350 3803 5406 τὰ

2218 5448 2559 5518 ἁσηκρητεῖα
2582 5461 2595 5474 ⁸
2639 5446 2735 5499 καλ⁸
2756 5445 2865 5515 γὰρ
2893 5447 3073 5498 ἐκεῖσε
3096 5445 3219 5498 τότε
3245 5443 3305 5497 1:6
3333 5445 3440 5497 τῶν
3467 5444 3798 5515 ὰσηηκρήτων

2218 5540 2429 5611 ὑπῆρχε
2476 5536 2847 5607 καταγώγιον.
2888 5537 3029 5591 Ἀλλ’
3085 5537 3191 5592 ὑπὸ
3243 5536 3456 5591 πολλῶν
3487 5538 3515 5591 6
3561 5532 3644 5599 εἷς
3675 5535 3802 5589 συλ-

2216 5631 2445 5703 ληφθεὶς
2480 5630 2819 5701 μένειν.ἀλλ⁹
2850 5631 2912 5685 οὐ
2942 5632 3166 5701 φεύγειν
3189 5630 3636 5701 κατηναγκάςετο
3656 5644 3668 5659 ·
3704 5627 3799 5683 καὶ

1836 5728 2070 5795 νΔιιωΕ
2110 5728 2519 5794 LECTIONES.

610 5804 656 5835 ’θ
682 5805 1023 5876 ἀνηγάγετοῖ
1094 5813 1383 5884 ’ίὲκύρουν
1411 5817 1633 5891 γνώμην
1663 5821 1753 5877 καὶ
1779 5821 2137 5891 ἁπεφαὲνοντο
2166 5823 2225 5875 ὲκ
2250 5812 2273 5873 ἶ¹
2344 5824 2391 5855 ⁷³
2424 5820 2787 5881 βουλευθεῖσιν
2811 5821 2834 5875 ?
