4144 6418
544 365 645 428 187

1642 368 2153 432 THEOPHANES
2185 368 2743 437 CONTINUATUS.

3701 380 3809 444 188

534 494 711 549 equos
744 481 861 549 ipse
892 495 1053 550 agere
1081 480 1133 535 in
1161 481 1326 537 Circo
1353 497 1383 538 a
1411 496 1473 538 se
1499 483 1738 539 alienum
1788 494 2024 554 putaret,
2049 484 2104 555 (ο

2224 481 2511 555 Ῥωμαίων
2536 488 2871 559 βασιλείαςί)
2905 490 2966 543 ού
3004 489 3465 562 παραιτούμενος,
3500 493 3606 545 τῶν
3656 511 3804 566 συμη

534 584 702 637 quam
752 571 984 638 protrita
1028 581 1144 627 tum
1194 573 1515 643 abjectaque
1551 575 1763 643 imperii
1817 576 2110 645 dignitas!)

534 678 727 717 eorum
756 664 850 733 qui
885 677 1073 718 secum
1106 664 1297 720 ludere
1322 681 1387 720 ac
1420 665 1632 721 ludicro
1662 668 1763 722 hoc
1790 678 2000 722 certare
2025 684 2114 723 so-

536 756 740 822 lebant,
773 772 803 811 e
833 772 994 813 sacro
1035 759 1361 829 baptismate
1387 761 1753 831 suscipiendis
1789 763 1978 817 liberis
2016 765 2112 817 lls-

534 866 665 907 cum
698 852 1094 919 exhauriebat;
1145 853 1239 923 qui
1296 853 1546 908 videlicet
1605 853 2000 923 quinquaginta
2048 872 2112 911 ac

533 946 899 1016 quadraginta
932 947 1261 1017 trigintaque
1293 956 1351 999 ut
1383 947 1669 1000 minimum
1702 947 1820 1000 auri
1859 948 2024 1001 libras
2057 947 2108 1001 in

534 1037 781 1103 singulos
808 1053 999 1091 eorum
1034 1037 1331 1091 conferret.
1391 1039 1694 1107 Aliquando
1728 1037 1970 1094 Himerio
1995 1041 2111 1095 cui-

534 1128 659 1181 dam
697 1128 927 1195 patricio
956 1128 1158 1197 (dictus
1189 1129 1274 1183 hic
1316 1128 1573 1190 Charus,
1608 1132 1752 1199 quod
1786 1142 1870 1185 est
1895 1148 2107 1201 porcus,

534 1219 608 1273 ab
638 1220 750 1274 oris
780 1222 1074 1290 vultusque
1109 1223 1457 1291 rusticitate),
1494 1240 1618 1278 cum
1671 1225 1812 1279 inter
1862 1228 2109 1281 convivia

539 1313 790 1382 turpibus
844 1315 1022 1367 verbis
1064 1317 1378 1370 scurriliter
1424 1317 1633 1372 luderet
1671 1334 1733 1373 ac
1765 1320 2112 1388 impudenter

538 1406 593 1460 in
620 1406 809 1461 faciem
864 1406 1208 1476 imperatoris
1235 1418 1522 1479 uetusque
1568 1414 1978 1467 convivantium
2036 1431 2109 1469 ex

535 1500 752 1568 impuro
782 1508 971 1554 ventre
998 1516 1098 1554 suo
1123 1502 1362 1570 pederet,
1407 1502 1479 1557 ita
1538 1512 1599 1557 ut
1651 1506 1859 1560 ventris
1900 1508 2108 1575 crepitu

533 1592 911 1662 prolucentem
950 1593 1125 1663 ipsam
1165 1593 1337 1649 facem
1373 1598 1716 1661 exstinxerit,
1750 1598 2113 1653 sicinaudita:

536 1684 613 1737 rei
654 1684 920 1739 miraculo
954 1695 1173 1739 centum
1212 1688 1330 1741 auri
1381 1688 1550 1743 libras
1605 1690 1898 1745 concessit.
1962 1690 2112 1745 Alias

533 1792 755 1847 quoque
809 1776 1016 1832 Cheilae
1060 1780 1223 1833 unius
1274 1795 1303 1833 e
1361 1781 1526 1835 sociis
1567 1781 1796 1851 aurigis,
1854 1795 2110 1852 suscepto

535 1872 774 1939 quodam
834 1887 900 1926 ex
949 1887 1106 1927 sacro
1159 1873 1483 1942 baptismate
1543 1873 1671 1939 lilio,
1726 1876 1843 1929 auri
1886 1877 2107 1930 totidem

537 1962 707 2017 libras
737 1962 892 2032 173
930 1963 1167 2019 tribuit:
1214 1966 1293 2019 sic
1332 1965 1420 2019 ille
1455 1965 1605 2019 nulla
1652 1965 1805 2035 fruge
1845 1969 2110 2038 pecunias

537 2054 788 2124 publicas
813 2055 1145 2111 insumebat.
1183 2057 1433 2127 Cumque
1474 2059 1622 2113 brevi
1663 2070 1908 2130 ten'npore
1936 2063 2112 2117 sceni-

536 2145 618 2198 cis
651 2144 765 2199 illis
822 2162 885 2200 ac
938 2148 1295 2217 nequissimis
1342 2152 1557 2207 actibus
1614 2162 1792 2207 tantas
1831 2154 1951 2207 illas
1979 2169 2113 2222 opes

537 2235 899 2304 prodegisset,
925 2236 1265 2294 Circensium
1291 2253 1504 2296 amat0r
1524 2244 1947 2312 perditissimus,
1972 2245 2114 2301 dies~

538 2345 648 2396 quc
687 2330 851 2399 regiis
905 2330 1286 2401 largitionibus
1321 2335 1655 2391 constitutus
1708 2348 2009 2407 appeteret,
2050 2354 2115 2393 ac

537 2420 790 2490 parandae
814 2422 1055 2489 pecunize
1096 2423 1235 2477 ratio
1286 2423 1523 2490 deesset,
1564 2427 1765 2497 quibus
1798 2428 1981 2482 donati
2012 2430 2115 2482 mi-

538 2513 660 2567 lites
693 2514 956 2570 adversus
991 2516 1227 2570 hostium
1254 2517 1431 2571 valide
1469 2518 1614 2574 acies
1645 2518 1941 2580 decertant
1973 2538 2114 2575 rem-

537 2627 644 2679 que
668 2620 889 2664 tuentur
939 2609 1280 2677 Romanam,
1336 2616 1605 2667 famosam
1676 2614 1827 2667 illam
1887 2631 2111 2671 auream

537 2702 815 2771 platanum
842 2703 1086 2774 duosque
1107 2720 1304 2758 aureos
1329 2704 1515 2759 leones
1537 2721 1599 2759 ac
1616 2705 1836 2759 totidem
1853 2707 2112 2776 gryphes,

542 2796 691 2862 ipsos
729 2811 948 2865 quoque
975 2811 1037 2850 ex
1078 2812 1213 2851 auro
1240 2797 1415 2851 solido
1448 2798 1700 2862 ductiles,
1736 2815 2114 2870 organumque

536 2902 675 2942 auro
714 2888 889 2942 solido
943 2886 1324 2953 fabrefactum,
1367 2905 1469 2945 nec
1505 2906 1613 2945 non
1647 2892 1913 2962 reliquam
1953 2895 2114 2964 regiae

540 2978 953 3047 magnificentire
1015 2980 1425 3048 supellectilem,
1470 2981 1591 3036 auri
1648 2985 1829 3051 pondo
1859 3000 1975 3038 non.
2008 2985 2111 3039 mi-

535 3086 640 3123 nus
670 3074 1181 3147 quam‘cenlenaria
1206 3074 1440 3129 ducenta
1476 3074 1743 3142 conﬂans,
1783 3092 1846 3130 ex
1883 3077 1995 3133 illis
2020 3094 2114 3148 pe-

2217 577 2525 642 παιζόντων
2572 580 2724 650 αύτῷ
2768 579 2863 634 καὶ
2901 581 3366 653 συνηνιοχούντων
3409 583 3473 638 ἐκ
3515 582 3608 637 τοῦ
3654 585 3805 638 θείου

2217 667 2594 739 βαπτίσματος
2634 671 2703 724 τά
2732 670 2903 726 τέκνα
2939 671 3353 743 υίοθετούμενος
3398 675 3490 727 τὸν
3523 674 3809 745 βασίλειον

2214 763 2462 828 ἑξεκένου
2504 763 2757 829 πλοῦτον,
2793 765 3133 835 πεντήκοντα
3165 764 3229 835 δὴ
3263 766 3355 818 καὶ
3385 766 3809 837 τεσσαράκοντα

2214 853 2308 905 καὶ
2347 851 2406 905 τὸ
2436 853 2717 921 ἐλάχιστον
2758 855 2974 925 ἑκάστῳ
3002 856 3301 926 τριάκοντα
3336 858 3559 926 χρυσίου
3609 857 3810 927 λίτρας

2213 947 2580 1015 ἐπιχορηγῶν.
2619 946 2755 999 ῐίοτὲ
2790 947 2845 999 δέ
2880 964 2986 999 τινι
3025 947 3303 1019 πατρικίῳ
3335 948 3611 1020 (Ἱμέριος
3645 945 3811 1011 οὗτος

2213 1036 2462 1090 ἐκαλεῖτο
2490 1037 2517 1088 6
2543 1037 2759 1107 Χοῖρος,
2789 1036 2878 1090 διὰ
2904 1038 3005 1106 τὴν
3035 1036 3131 1090 τοῦ
3164 1038 3462 1108 προσώπου
3490 1038 3633 1092 οὕτω
3660 1056 3810 1092 κατ-

2211 1128 2615 1198 ονομαζόμενος
2692 1127 3036 1198 ἀγριότητα)
3115 1128 3294 1192 ἄλλως
3356 1129 3811 1200 αἰσχρολογοῦντι

2212 1219 2356 1272 κατά
2378 1223 2476 1289 τὴν
2505 1218 2786 1289 τράπεζαν
2812 1221 2903 1273 καὶ
2938 1220 3111 1288 ψόφον
3146 1222 3210 1273 ὲκ
3231 1220 3331 1289 τῆς
3363 1220 3593 1291 βεϐήλου
3630 1220 3811 1273 αὑτοῦ

2211 1311 2451 1383 γαστρὸς
2482 1311 2624 1364 κατά
2653 1312 2945 1382 πρόσωπον
2972 1310 3064 1364 τοῦ
3104 1312 3371 1382 βασιλέως
3402 1313 3497 1365 καὶ
3526 1313 3635 1365 τῶν
3672 1330 3812 1365 συν-

2212 1405 2574 1461 δειπνούντων
2620 1404 2855 1472 ἀφιέντι,
2891 1404 2967 1468 ῶς
3010 1405 3102 1457 καὶ
3122 1405 3183 1458 τὸ
3218 1404 3440 1473 φατλίον
3470 1405 3530 1458 τὸ
3576 1405 3813 1468 τούτους

2214 1495 2587 1564 φωταγωγοῦν
2628 1497 2691 1548 ἐκ
2720 1494 2813 1548 τοῦ
2860 1497 3184 1565 τηλικούτου
3210 1496 3389 1566 ψόφου
3436 1482 3808 1558 κατασϐέσαι,

2211 1591 2289 1660 τῷ
2330 1589 2619 1660 παραδόξῳ
2651 1589 2743 1642 τοῦ
2776 1590 3017 1643 τοιούτου
3044 1589 3326 1660 θαύματος
3357 1591 3585 1661 χρυσίου
3611 1590 3812 1660 λίτρας

2212 1684 2412 1735 ἔδωκεν
2458 1684 2673 1737 ἑκατόν.
2707 1682 2816 1736 Καὶ
2862 1684 3031 1736 Χειλᾶ
3061 1682 3116 1735 δὲ
3148 1682 3339 1738 ἄλλοτε
3394 1681 3487 1735 τοῦ
3522 1683 3618 1735 σὺν
3651 1682 3811 1750 αὐτῷ

2214 1779 2555 1851 ἡνιοχοῦντος
2582 1781 2673 1832 τὸν
2705 1780 2817 1832 υίδν
2863 1780 2928 1833 ὲκ
2957 1779 3052 1834 τοῦ
3094 1779 3239 1832 θείου
3273 1777 3503 1848 λουτροῦ
3538 1778 3812 1842 ἀναδεξά-

2219 1890 2376 1945 μενος
2403 1875 2604 1943 ὁμοίως
2634 1874 2859 1943 χρυσίου
2885 1872 3079 1943 λίτρας
3110 1872 3342 1925 δέδωκεν
3370 1870 3583 1925 ἑκατόν.
3612 1870 3809 1931 Οὕτως

2214 1968 2425 2028 ἐκεῖνος
2454 1967 2534 2028 είς
2590 1966 2742 2018 οὐδὲν
2795 1964 2913 2018 δέον
2966 1965 3037 2019 τὰ
3080 1964 3317 2035 δημόσια
3377 1963 3804 2016 κατανάλισκεν.

2226 2057 2378 2109 Ἐπεὶ
2410 2056 2464 2109 δὲ
2515 2056 2665 2120 ἐντὸς
2696 2056 2879 2125 ὀλίγου
2914 2056 3110 2127 καιροῦ
3142 2057 3235 2109 τὸν
3284 2054 3539 2108 τοσοῦτον
3572 2054 3811 2107 πλοῦτον

2213 2150 2333 2211 ταῖς
2374 2146 2655 2211 τοιαύταις
2696 2151 2983 2219 σκηνικαῖς
3019 2149 3115 2201 καὶ
3144 2147 3410 2217 ἀθέσμοις
3446 2148 3804 2202 κατανάλωσε

2216 2242 2474 2314 πράξεσι,
2510 2242 2687 2307 δεινὸς
2738 2241 2974 2313 ἐραστὴς
3001 2241 3078 2294 ὢν
3126 2242 3515 2312 ἱπποδρομίας,
3555 2238 3716 2313 ἦλθεν
3747 2242 3808 2294 δὲ

2215 2338 2244 2390 6
2274 2336 2372 2405 τῆς
2421 2335 2683 2405 διανομῆς
2712 2334 2821 2388 τῶν
2856 2333 3154 2405 βασιλικῶν
3195 2334 3416 2403 δωρεῶν
3464 2336 3675 2406 καιρὸς,
3707 2336 3806 2388 καὶ

2215 2430 2515 2500 χρημάτων
2546 2427 2709 2498 πόρος
2739 2428 2839 2480 οὐκ
2868 2423 2936 2498 ἦν
2974 2427 3041 2480 δι’
3082 2420 3157 2479 ὧν
3188 2430 3258 2479 τὰ
3301 2428 3691 2497 στρατεύματα
3715 2446 3807 2496 φι-

2215 2518 2583 2590 λοτιμούμενα
2610 2520 2707 2581 τὰς
2740 2519 2848 2573 τῶν
2879 2517 3090 2588 ἐχθρῶν
3116 2519 3450 2590 παρατάξεις
3479 2519 3805 2589 ἀμύνονται.

2216 2612 2315 2681 τήν
2353 2627 2412 2662 τε
2452 2611 2662 2681 χρυσῆν
2689 2610 2906 2683 ἐκείνην
2943 2610 3038 2663 καὶ
3078 2610 3487 2682 πολυθρύλητον
3533 2610 3808 2664 πλάτανον

2216 2701 2311 2755 καὶ
2345 2702 2470 2764 τοὺς
2505 2700 2598 2755 δύο
2627 2700 2865 2771 χρυσοῦς
2893 2702 3140 2768 λέοντας,
3176 2704 3312 2772 πρὸς
3354 2702 3407 2755 δὲ
3438 2704 3532 2756 καὶ
3559 2704 3687 2765 τοὺς
3711 2702 3808 2756 δύο

2216 2794 2430 2864 γρῦπας
2463 2792 2793 2863 ὁλοχρύσους
2825 2795 2987 2858 ὄντας
3030 2796 3126 2848 καὶ
3170 2794 3569 2863 σφυρηλάτους,
3620 2794 3714 2846 καὶ
3744 2795 3808 2846 τὸ

2212 2886 2503 2957 ὁλόχρυσον
2524 2886 2773 2956 ὄργανον,
2805 2885 2939 2940 ἀλλὰ
2960 2887 3049 2940 καὶ
3074 2888 3239 2956 ἔτερα
3277 2886 3415 2957 ἔργα
3448 2888 3548 2955 τῆς
3582 2886 3801 2956 βασιλι-

2216 2982 2320 3051 κῆς
2339 2978 2629 3041 ἐκθέσεως,
2650 2978 2817 3049 ὁλκὴν
2845 2978 3042 3049 ἔχοντα
3062 2980 3172 3033 τῶν
3197 2978 3491 3033 διακοσίων
3522 2980 3622 3034 οὐκ
3651 2979 3807 3032 ἔλατ-

2216 3090 2308 3127 τον
2338 3073 2734 3144 κεντηναρίων,
2780 3072 3061 3143 χωνεύσας
3095 3073 3331 3144 χαράξαι
3361 3072 3598 3126 δέδωκεν
3641 3075 3698 3127 ὲν
3725 3073 3806 3143 τῷ

537 3164 755 3217 cuniam
815 3165 949 3218 lisco
980 3164 1320 3220 inferendam
1380 3168 1506 3222 cudi
1545 3170 1822 3238 praecepit.
1878 3169 2021 3236 Quin
2064 3181 2112 3226 el

2220 3165 2484 3237 βασιλικῷ
2517 3166 2771 3236 ταμιείῳ.
2804 3165 2886 3237 [Ρ.
2926 3164 3054 3237 108]
3081 3167 3193 3219 Καὶ
3224 3167 3416 3229 στολὰς
3445 3167 3503 3220 δέ
3531 3185 3680 3230 τινας
3707 3164 3805 3236 βα-

535 3256 713 3330 regias
736 3257 1000 3325 quasdam
1030 3267 1135 3311 tam
1163 3259 1547 3327 imperatorum
1566 3277 1727 3330 quam
1748 3262 2115 3330 Augustarum

537 3358 738 3411 vestes,
764 3351 1010 3418 adeoque
1040 3352 1205 3405 etiam
1226 3353 1553 3417 senatorias,
1589 3354 1725 3410 alias
1744 3370 1807 3410 ex
1828 3371 1893 3409 au
1906 3370 1964 3409 ro
1984 3356 2118 3410 soli-

532 3440 637 3493 das
670 3442 914 3511 aliasque
945 3458 1082 3496 auro
1119 3444 1371 3508 intextas,
1406 3448 1459 3500 in
1498 3447 1648 3516 regio
1681 3449 1876 3502 azrario
1906 3451 2118 3518 privato

538 3530 765 3597 positas.
782 3532 1009 3598 penuria
1033 3531 1249 3585 tandem
1268 3548 1489 3601 pressus
1507 3535 1822 3591 couﬂandas
1839 3537 2114 3605 exposuit.

534 3620 858 3691 Quanquam
882 3621 1231 3677 illisuecdum
1250 3624 2117 3682 conﬂatislllichaelevivisexem-

534 3722 778 3782 ptusest.
800 3712 1035 3783 luclytus
1050 3722 1229 3769 autem
1247 3714 1501 3783 Basilius,
1518 3719 1632 3787 ipse
1646 3720 1874 3788 imperio
1888 3722 2111 3788 potitus,

534 3821 660 3859 cum
686 3806 922 3877 integras
942 3807 1119 3861 adhuc
1138 3808 1515 3867 acincolumes
1536 3813 1849 3881 reperisset,
1867 3815 2011 3881 ipsas
2030 3831 2115 3869 re-

533 3896 698 3964 cepit,
716 3912 777 3950 ac
790 3912 949 3967 quam
967 3914 1109 3953 nunc
1128 3915 1385 3955 vocamus
1406 3911 1688 3955 senzatum
1704 3914 1973 3957 monetam
1991 3905 2116 3959 cudi

530 3988 721 4057 jussit,
754 4006 783 4042 e
832 3991 995 4046 tantis
1067 3991 1271 4048 divitiis
1308 3994 1438 4047 nihil
1464 3993 1740 4048 inveniens
1770 4008 1963 4065 praeter
1996 3999 2116 4053 auri

537 4082 855 4136 «emetiar-ia
884 4084 985 4138 tria
1041 4093 1094 4139 et
1135 4086 1552 4140 milliarensium
1591 4088 1842 4144 sacculos
1884 4106 2113 4159 novem;

538 4176 741 4243 quibus
765 4177 952 4243 :etiam
1014 4176 1068 4231 in
1106 4179 1426 4234 concionem
1464 4180 1643 4236 allatis
1676 4182 1840 4251 inque
1867 4184 2113 4238 omnium

533 4268 708 4325 oculis
728 4271 1028 4339 productis,
1043 4270 1541 4340 deploravitcoram
1560 4287 1775 4337 senatu,
1796 4278 1939 4330 unde
1953 4279 2117 4332 tantis

536 4358 642 4413 illis
691 4361 958 4430 angustiis
989 4363 1331 4431 procuranda
1365 4363 1463 4432 ipsi
1492 4379 1581 4419 res
1615 4365 1836 4432 publica
1878 4367 2043 4419 foret.

610 4447 773 4521 174
799 4450 889 4505 22.
926 4448 1129 4504 Verum
1172 4451 1289 4507 haec
1328 4462 1512 4520 postea
1546 4454 1917 4523 contigerunt.
1956 4456 2114 4512 Tunc

533 4550 714 4593 autem
743 4539 910 4596 moris
936 4539 1395 4607 eratheodorze,
1428 4552 1483 4597 ut
1508 4559 1723 4598 sacram
1749 4544 2113 4602 Blacberneu-

535 4649 650 4686 sem
681 4634 850 4688 aedem
902 4633 1162 4704 frequens
1200 4635 1394 4701 adiret,
1439 4648 1552 4691 tum
1588 4648 1645 4691 ut
1696 4648 1820 4693 vota
1855 4642 2108 4711 quaedam

536 4722 650 4779 Deo
692 4723 978 4786 redderet,
1018 4734 1131 4778 tum
1176 4742 1307 4781 vero
1347 4728 1511 4783 etiam
1561 4737 1621 4783 ut
1664 4730 1891 4786 lavaret.
1968 4732 2109 4787 Cum

534 4820 720 4886 itaque
776 4832 839 4870 ex
884 4830 1038 4871 more
1094 4819 1427 4889 quanquue
1484 4837 1550 4876 eo
1633 4838 1693 4877 se
1761 4826 2109 4890 contulisset,

534 4904 764 4961 Michael
796 4916 845 4959 et
872 4904 1079 4962 Bardas
1109 4908 1279 4965 misso
1307 4908 1538 4965 Petroua
1560 4911 1705 4967 illius
1735 4911 1902 4967 fratre
1935 4914 2108 4982 ipsam

534 5014 660 5053 cum
700 4997 913 5053 ﬁliabus
943 5008 1213 5054 attonsam
1260 5001 1327 5055 ad
1367 5000 1583 5056 Cariani
1634 5002 1855 5058 interim
1908 5006 2107 5074 palatia

536 5092 820 5162 relegant:
878 5102 1067 5160 postea
1107 5110 1236 5149 vero
1284 5110 1393 5149 non
1439 5097 1606 5151 semel
1633 5108 1867 5163 tantum,
1906 5101 1999 5153 sed
2055 5110 2111 5155 et

537 5184 733 5238 iterum
755 5184 939 5239 missis
962 5184 1249 5249 ministris,
1288 5186 1615 5256 illarumqne
1640 5188 1775 5243 tisco
1809 5189 1955 5244 illata
1982 5191 2112 5244 sub-

538 5278 764 5339 stantia,
801 5278 1065 5346 privatas,
1089 5294 1153 5333 ac
1180 5279 1324 5335 velut
1350 5281 1560 5349 evulgo
1598 5279 1855 5345 feminas,
1891 5299 1998 5336 non
2033 5300 2110 5339 re-

535 5366 628 5436 gio
663 5368 811 5420 cultu
848 5369 1033 5423 virere
1066 5386 1160 5426 eas
1200 5371 1465 5427 siverunt.
1532 5372 1728 5426 Verum
1760 5374 1903 5427 haud
1938 5377 2110 5431 multo

539 5466 665 5530 post
688 5455 975 5515 Theodora
1009 5477 1038 5516 e
1066 5463 1203 5518 vivis
1235 5466 1491 5519 excessit.
1541 5464 1782 5537 lnclytus
1804 5482 1931 5520 vero
1953 5467 2111 5522 Basi-

538 5551 645 5606 lius
684 5564 941 5623 suscepto
970 5556 1221 5624 imperio,
1260 5574 1384 5612 cum
1412 5558 1531 5625 ejus
1566 5560 1801 5613 cadaver
1830 5568 1939 5614 tum
1975 5561 2114 5618 tilias

536 5642 589 5696 in
606 5644 737 5698 aviae
754 5648 1147 5702 monasterium
1171 5651 1469 5719 transtulit,
1494 5651 1634 5721 quod
1654 5651 1868 5709 Gastria
1895 5663 2113 5720 vocant,

2223 3257 2435 3320 σιλικὰς
2466 3257 2560 3310 καὶ
2592 3256 3021 3324 αύγουστιακάς,
3061 3257 3197 3311 ἀλλά
3238 3258 3333 3311 καὶ
3363 3258 3464 3328 τῆς
3496 3260 3804 3329 συγκλήτου

2222 3350 2441 3420 βουλῆς,
2472 3350 2569 3411 τὰς
2622 3351 2719 3417 μὲν
2752 3347 3102 3419 ὁλοχρύσους,
3128 3351 3225 3413 τὰς
3272 3350 3327 3402 δὲ
3361 3350 3806 3420 χρυσοῦφάντους

2219 3442 2388 3504 οὔσας
2413 3444 2469 3493 ὲν
2502 3440 2581 3509 τῷ
2608 3441 2814 3510 εἰδικῷ,
2849 3440 2985 3511 πρὸς
3024 3441 3105 3511 τῷ
3148 3442 3314 3507 τέλει,
3358 3442 3656 3495 ἐκδέδωκεν
3716 3442 3805 3506 ἑξ-

2221 3534 2467 3604 απορῶν,
2497 3532 2572 3595 ὡς
2594 3533 2659 3585 ἂν
2677 3532 3015 3603 χαραχθῶσι.
3044 3534 3191 3602 Πλὴν
3217 3534 3315 3586 οὐκ
3339 3533 3583 3602 ἔφθασαν
3604 3553 3807 3605 χωνευ-

2222 3626 2401 3696 θῆναι,
2432 3625 2525 3677 καὶ
2554 3626 2761 3686 ἐκεῖνος
2786 3624 2885 3691 μὲν
2908 3623 2967 3688 ἐξ
2994 3624 3298 3694 ἀνθρώπων
3326 3624 3562 3691 ἐγένετο,
3603 3626 3806 3689 ταύτας

2219 3717 2273 3769 δὲ
2331 3714 2615 3777 Βασίλειος
2658 3714 2687 3766 6
2721 3713 2965 3782 ἀοίδιμος
3013 3712 3111 3782 τὴν
3156 3712 3432 3782 βασιλείαν
3478 3711 3658 3767 λαϐὼν
3710 3717 3804 3767 καὶ

2220 3806 2547 3861 καταλαϐὼν
2587 3805 2667 3859 ἔτι
2703 3804 3046 3874 ἀλυμάντους
3074 3804 3465 3867 ἀνεκαλέσατο,
3495 3805 3588 3858 καὶ
3620 3804 3680 3857 τὸ
3709 3804 3803 3858 νῦν

2222 3900 2479 3963 σενζάτον
2512 3898 2851 3967 καλούμενον
2888 3896 3234 3967 χαραχθῆναι
3281 3896 3607 3951 ὲκελεύσοιτο
3639 3897 3707 3961 ⁷⁸,
3739 3898 3805 3950 ἑκ

2219 3993 2477 4048 τοσούτου
2507 3992 2742 4045 πλούτου
2781 3992 2951 4062 μηδὲν
2985 3991 3174 4062 ἓτερον
3210 3988 3465 4059 εὑρηκὼς
3514 3990 3547 4058 ἢ
3576 3988 3804 4059 χρυσίου

2211 4086 2556 4157 ,κεντηνάρια
2584 4088 2731 4157 τρία,
2769 4083 3075 4154 μιλιαρίσια
3113 4083 3169 4136 δὲ
3206 4081 3409 4136 σακκία
3441 4081 3619 4142 ἐννέα,
3653 4081 3690 4138 ἃ
3714 4083 3807 4134 καὶ

2219 4178 2586 4249 δημοσιεύσας
2614 4179 2709 4231 καὶ
2740 4178 2875 4230 πᾶσι
2905 4175 3044 4245 δῆλα
3093 4174 3330 4245 ποιήσας
3363 4173 3682 4242 ἀπωδύρετο
3709 4175 3807 4244 τῆς

2222 4271 2529 4340 συγκλήτου
2561 4268 2792 4323 ἐνώπιον
2827 4267 2927 4339 τὴν
2953 4266 3079 4322 ὅθεν
3122 4265 3317 4336 ἔμελλε
3356 4266 3678 4336 ποιήσεσθαι
3708 4268 3809 4331 τῆς

2223 4363 2500 4424 πολιτείας
2534 4361 2824 4429 διοίκησιν.

2291 4455 2396 4525 κβ’.
2440 4454 2598 4507 Ἀλλὰ
2629 4453 2803 4506 ταῦτα
2837 4451 2935 4522 μὲν
2961 4451 3245 4521 προϊόντος
3272 4450 3365 4504 τοῦ
3413 4451 3607 4521 χρόνου
3645 4451 3810 4517 γεγό-

2219 4563 2404 4599 νασινο
2430 4545 2552 4598 τότε
2583 4545 2640 4598 δὲ
2665 4544 2867 4597 εῐθιστο
2891 4542 3147 4611 Θεοδώρα
3180 4544 3323 4597 κατά
3354 4544 3446 4598 τὸν
3478 4544 3535 4595 ὲν
3559 4542 3803 4612 Βλαχέρ-

2220 4658 2339 4704 ναις
2394 4639 2534 4691 θεῖον
2589 4636 2797 4704 συχνῶς
2850 4652 2967 4696 πως
3014 4636 3307 4704 ὲπιφοιτᾷν
3359 4636 3509 4699 ναὸν,
3541 4636 3675 4705 ὁμοῦ
3706 4634 3809 4702 μὲν

2218 4731 2383 4802 εύχάς
2402 4747 2550 4792 τινας
2584 4727 2911 4783 ἀποδιδοῦσα
2927 4726 3066 4795 Θεῷ,
3089 4726 3226 4795 ὁμοῦ
3246 4727 3302 4780 δὲ
3333 4727 3427 4779 καὶ
3451 4726 3548 4779 τοῦ
3576 4726 3809 4795 λουτροῦ

2222 4825 2545 4896 μετέχουσα.
2597 4824 2683 4883 Ὠς
2725 4819 2856 4889 γοῦν
2896 4818 2994 4889 ὀψέ
3021 4836 3151 4871 ποτε
3183 4819 3434 4887 ἀφίκετο,
3468 4818 3558 4870 τὸν
3590 4818 3814 4887 Πετρωυ

2217 4917 2315 4969 νᾶν
2343 4912 2569 4982 ἀδελφὺν
2598 4911 2767 4980 αὐτῆς
2792 4909 2923 4963 ὅντα
2960 4907 3278 4977 πέμψαντες
3310 4910 3336 4959 6
3372 4906 3593 4977 Μιχαὴλ
3618 4924 3677 4959 τε
3713 4908 3811 4960 καὶ

2212 5006 2424 5076 Βάρδας
2469 4998 2823 5069 ἀποκείρουσι
2862 5015 2922 5050 τε
2948 4995 3153 5065 ταύτην
3193 4996 3330 5065 μετά
3362 4997 3459 5057 τὰς
3500 4996 3811 5067 θυγατέρας

2211 5093 2371 5163 ὁμοῦ,
2406 5098 2501 5146 καί.
2542 5093 2657 5152 τοῖς
2717 5087 2860 5142 κατά
2894 5087 2964 5139 τὰ
3003 5085 3281 5156 Καριανοῦ
3322 5087 3650 5158 ἀνακτόροις
3683 5088 3807 5140 τότε

2218 5187 2317 5258 μὲν
2353 5183 2761 5255 περιορίζουσιν
2784 5198 2797 5212 ⁸
2820 5179 3048 5247 ὕστερον
3071 5178 3128 5231 δὲ
3153 5179 3253 5248 οὐχ
3281 5178 3429 5245 ἅπαξ
3460 5179 3644 5248 μόνον,
3671 5181 3810 5235 ἀλλὰ

2214 5281 2311 5334 καὶ
2332 5281 2413 5341 δὶς
2452 5274 2873 5334 ἀποστείλαντες
2902 5270 3261 5338 εἰσεκόμισαν
3286 5273 3379 5324 τὸν
3413 5273 3605 5326 ἐνόντα
3636 5272 3810 5326 πλοῦ·-

2223 5392 2312 5427 τον
2336 5371 2546 5432 αὑταῖς,
2578 5368 2673 5421 καὶ
2717 5364 2911 5427 κοινῶς
2955 5380 3072 5427 πως
3124 5364 3217 5416 καὶ
3243 5364 3551 5431 ἰδιωτικῶς,
3585 5365 3699 5418 ἀλλ’
3743 5366 3806 5418 οὗ

2225 5463 2518 5540 βασιλικῶς
2546 5463 2734 5513 εἴασαν
2770 5459 2888 5528 ζῇν.
2930 5456 3072 5510 Ἀλλ’
3097 5459 3281 5529 ἐκείνη
3308 5460 3406 5528 μὲν
3437 5459 3555 5528 μετ’
3584 5462 3645 5511 ού
3672 5458 3807 5512 πολὺ
3888 5482 3907 5501 ι

2221 5562 2329 5614 τῶν
2358 5557 2483 5625 τῇδε
2520 5552 2831 5624 μεθίστατο,
2885 5551 2978 5603 καὶ
3019 5550 3271 5619 βασιλεὺς
3296 5553 3324 5604 6
3363 5551 3605 5621 ἀοίδιμος
3641 5551 3809 5602 Βαοιο

2222 5657 2364 5713 λειος
2390 5649 2561 5717 αὐτῆς
2587 5663 2643 5699 τε
2676 5645 2765 5698 τὸν
2798 5643 2991 5714 νεκρὸν
3031 5645 3123 5697 καὶ
3148 5644 3249 5709 τὰς
3298 5646 3469 5715 αὐτῆς
3500 5645 3807 5714 θυγατέρας

1834 5748 1916 5801 VA
1929 5747 2064 5804 RI/E
2120 5747 2410 5807 LECTION
2423 5745 2525 5799 ES.

612 5833 658 5864 ⁷⁸
685 5832 1071 5888 ἐνεκελεύσκτο
1099 5837 1119 5888 ?
