4144 6454
424 434 515 499 189

1312 438 1458 497 LIB.
1502 436 1601 499 IV.
1644 435 2078 498 -MICHAEL
2106 436 2528 499 THEOPHILI
2570 440 2853 504 FILIUS.

3619 444 3724 511 190

431 546 555 614 πρὸς
578 540 636 592 τὸ
667 541 774 611 τῆς
805 543 1047 612 μάμμης
1087 540 1309 612 ἔπεμπε
1342 546 1711 615 μοναστήριον
1758 548 2012 601 ὲνδιαιτᾶ·

2136 558 2192 602 ut
2221 547 2333 603 illic
2361 561 2637 607 morantes
2669 561 2873 608 sanetae
2913 552 2988 622 jac
3033 553 3304 626 religiosae
3341 557 3464 613 vita:
3500 558 3721 615 institu—

434 637 571 697 σθαι,
621 632 773 686 οὕτω
824 632 935 685 τῶν
996 632 1284 705 Γαστρίων
1345 637 1876 708 κατονομαζόμενον,
1933 641 2029 692 καὶ

423 729 590 791 ὁσίως
652 726 756 799 ζῇν
825 744 883 779 τε
916 727 1013 779 καὶ
1070 726 1474 782 πολιτεύεσθαι.
1525 729 1825 801 Αὖτημὲν
1855 730 2030 797 οὕτως

421 821 666 887 ἁπεϐίω,
701 820 878 889 ὄνομα
894 818 973 890 τῷ
998 818 1120 890 υἱῷ,
1148 819 1246 891 οὐχ
1264 820 1340 885 ὼς
1366 822 1588 891 ἐκεῖνοι,
1611 824 1871 896 πονηρὸν.
1909 825 2026 878 ἀλλ’

420 915 636 985 ἀγαθὸν
689 912 1043 968 ἀπολιποῦσά
1080 931 1139 966 τε
1174 914 1269 967 καὶ
1308 917 1529 986 σεμνόν.
1589 917 1808 987 Ἐδήλου
1843 918 1897 970 δὲ
1931 918 2028 972 καὶ

418 1012 455 1078 ἡ
489 1008 603 1079 πρὸ
658 1007 869 1078 ταύτης
933 1006 1117 1077 βίϐλος
1146 1006 1270 1059 ὅθεν
1307 1024 1367 1060 τε
1401 1008 1515 1061 κάκ
1547 1009 1709 1061 τίνων
1734 1009 1896 1077 ἐξέφυ
1932 1011 2026 1063 καὶ

414 1102 575 1164 ὅπως
628 1095 797 1170 ἦλθεν
829 1101 907 1161 είς
938 1099 1007 1153 τὰ
1057 1099 1328 1168 βασίλεια,
1383 1103 1476 1155 καὶ
1522 1102 1622 1165 τὰς
1650 1102 1786 1174 αὐτῇ
1816 1104 1937 1157 ὅσαι
1960 1104 2025 1175 δὴ

414 1194 733 1263 θυγατέρες
766 1195 832 1247 ὲκ
878 1193 1088 1257 κοιλίας
1113 1194 1470 1266 γεγέννηνται
1493 1211 1507 1225 ·
1538 1195 1768 1266 δηλώσει
1798 1196 1853 1250 δὲ
1882 1195 2023 1268 αὕτη

422 1287 756 1353 συγγένειαν
802 1286 973 1355 αὐτῆς
1027 1286 1125 1351 τὴν
1180 1286 1394 1357 λοιπήν.
1426 1283 1608 1341 ἿΙσαν
1637 1284 1729 1342 οὖν
1758 1291 1804 1342 οἱ
1845 1290 2024 1361 δηλω-

424 1378 609 1439 Θέντες
630 1379 865 1449 ἄρρενες
892 1377 985 1430 δύο
1011 1378 1248 1448 ἀδελφοὶ,
1275 1380 1302 1431 ὃ
1325 1397 1381 1431 τε
1403 1380 1692 1449 Πετρωνᾶς
1718 1386 2024 1453 στρατηγὸς

425 1472 567 1526 κατά
620 1473 684 1523 τὸ
721 1470 1037 1542 Θρᾳκὴσιον
1088 1473 1183 1523 καὶ
1232 1472 1519 1539 πατρίκιος
1575 1475 1898 1542 τηνικαῦτα,
1927 1478 2023 1530 καὶ

417 1558 635 1629 Βεὶρδας
658 1561 687 1610 ὁ
703 1557 992 1630 δηλωοεὶς,
1010 1558 1069 1622 ὃς
1095 1559 1189 1612 καὶ
1209 1560 1358 1629 παρὰ
1380 1560 1642 1629 Θεοφίλου
1668 1564 1744 1624 είς
1770 1581 1818 1616 τι
1837 1564 1944 1617 τῶν
1960 1566 2021 1617 οὐ

418 1652 654 1704 δεόντων
668 1650 1175 1720 καταληφθεὶς,τῆς
1195 1652 1459 1722 συνήθους
1480 1653 1851 1723 προελεύσεως
1871 1658 2021 1710 ἱστα-

424 1743 617 1812 μένης,
639 1742 780 1795 κατὰ
804 1741 1189 1813 τὸὨρολὸγιον
1215 1742 1422 1813 ἐτύφοη
1453 1744 1772 1813 μαγγλὰὄια
1799 1745 2022 1816 ἐξήκον-

428 1850 513 1886 τα.
558 1832 813 1902 Ἀδελφαὶ
843 1832 901 1885 δὲ
927 1834 1152 1905 τρεῖς,ἦ
1192 1851 1250 1886 τε
1277 1835 1511 1907 εὐφήμῳ
1533 1836 1675 1889 οὕτω
1711 1838 2016 1909 καλουμένη

420 1925 651 1992 δνδματι
686 1923 1014 1994 Καλομαρία
1038 1925 1133 1976 καὶ
1162 1924 1331 1993 Σοφία
1382 1926 1479 1979 καὶ
1527 1929 1559 1999 ἡ
1597 1930 1825 2000 Εἰρήνη.
1873 1930 2017 1984 Ἀλλ’

425 2017 463 2086 ἡ
497 2016 599 2083 μὲν
631 2015 794 2084 Σοφία
850 2018 929 2077 εἰς
984 2015 1172 2084 κοίτην
1226 2016 1428 2069 ἐδίδοτο
1491 2018 1889 2092 Κωνσταντίνῳ
1940 2021 2018 2093 τῷ

432 2110 582 2162 κατά
634 2109 723 2159 τὸν
757 2107 1141 2174 Βαὸούτζικον,
1178 2108 1261 2180 [Ρ.
1322 2109 1514 2182 109]ή
1570 2112 1626 2164 δὲ
1690 2113 2019 2186 Καλομαρία

442 2201 726 2273 Ἀρσαϐὴρ
747 2201 820 2272 τῷ
836 2202 1144 2273 τηνικαῦτα
1178 2204 1276 2272 μὲν
1295 2202 1597 2275 πατρικίῳ,
1620 2205 1812 2259 ἔπειτα
1835 2206 1891 2259 δὲ
1925 2210 2018 2261 καὶ

416 2295 733 2366 μαγίστρῳ.
856 2296 913 2348 δὲ
946 2297 1177 2369 Εἰρήνη]
1199 2298 1275 2369 τῷ
1302 2298 1541 2369 Εἰρήνης
1566 2303 1663 2370 τῆς
1695 2301 1899 2372 μητρὸς
1920 2302 2014 2356 τοῦ

410 2389 560 2459 μετά
586 2387 762 2439 ταῦτα
804 2390 892 2440 τὸν
925 2389 969 2419 ⁷⁸
1004 2390 1405 2461 πατριαρχικὸν
1436 2391 1626 2461 θρόνον
1659 2392 2017 2459 ἀντιλοιδομέ-

414 2500 503 2535 δου
544 2482 757 2535 Φωτίου
818 2482 1074 2553 ἀδελφῷ·
1137 2485 1257 2554 μεθ’
1298 2477 1358 2538 οὗ
1414 2486 1510 2538 καὶ
1557 2486 1650 2539 δύο
1696 2489 2015 2542 τεκνώσασα

418 2576 635 2639 παῖδας,
668 2576 946 2645 Στέφανόν
1014 2594 1075 2629 τε
1111 2579 1203 2631 τὸν
1254 2578 1578 2650 μάγιστρον,
1652 2580 1747 2633 καὶ
1800 2580 2015 2648 Βάρδαν

420 2670 515 2723 τὸν
547 2670 732 2723 ἑαυτοῦ
770 2668 1005 2739 ἀδελφδν
1056 2672 1151 2723 καὶ
1194 2672 1499 2741 μάγιστρον
1550 2674 1641 2725 τὸν
1692 2672 1784 2726 τοῦ
1817 2691 2015 2744 πατρι-

411 2765 539 2818 κέου
559 2764 978 2818 Κωνσταντίνου
998 2764 1092 2817 καὶ
1112 2765 1417 2835 στρατηγοῦ
1437 2765 1714 2835 Σικελίας,
1740 2767 1829 2819 τὸν
1857 2764 1950 2818 τοῦ
1971 2768 2015 2798 ⁷⁷

406 2855 770 2927 Κοντομύτου
799 2855 1053 2927 γαμϐρὸν
1087 2854 1329 2928 (ἐκεῖθεν
1360 2857 1471 2926 γὰρ
1520 2857 1668 2925 αὐτῷ
1699 2860 1791 2911 καὶ
1838 2860 1871 2927 ἡ
1920 2857 2013 2911 τοῦ

410 2948 769 3019 Κοντομύτου
801 2948 1093 3018 ἐκληρώθη
1119 2946 1511 3019 προσηγορία),
1553 2949 1653 3019 τὴν
1686 2950 2014 3017 συγγένειαν

411 3042 548 3111 πρὸς
578 3041 674 3093 τὸν
715 3042 1071 3113 πατριάρχην
1106 3038 1275 3104 ἔσωζε
1308 3040 1543 3093 (βέλτιον
1591 3040 1871 3111 ὲξάδελφοι
1906 3042 2014 3111 γὰρ

407 3136 456 3186 οἱ
486 3134 580 3187 δύο
634 3135 938 3204 μάγιστροι
1003 3128 1151 3187 οὗτοι
1180 3133 1372 3185 τούτου
1420 3132 1739 3202 ἐτύγχανον.
1776 3132 1925 3201 Αὕτη
1957 3133 2013 3185 δὲ

2134 643 2204 699 tis
2248 654 2460 699 aetatem
2507 647 2893 716 transigerent.
2956 647 3051 705 Sic
3098 649 3321 721 quidem
3362 650 3452 706 illa
3505 667 3573 707 ex
3620 652 3723 708 hac

2133 736 2254 792 luce
2288 737 2560 809 migravit,
2594 738 2798 793 bonum
2831 755 3027 796 nomen
3060 757 3124 798 ac
3144 744 3481 809 venerabile,
3515 760 3625 801 non
3662 755 3724 801 ut

2132 829 2208 884 illi
2243 830 2444 884 malum
2480 840 2643 899 atque
2678 847 2929 897 exosum,
2969 833 3078 890 lilio
3101 835 3439 905 relinquens.
3466 836 3722 893 Ostendi»

2131 922 2412 976 muslibro
2441 923 2711 992 superiori
2740 925 3033 989 undenam,
3077 935 3131 979 et
3171 942 3236 981 ex
3280 929 3481 997 quibus
3532 927 3710 984 Tlieo-
3767 965 3778 1011 ς

2129 1012 2265 1067 dora
2294 1024 2413 1069 orta
2456 1015 2798 1084 parentibus,
2834 1019 3115 1086 quomodo
3160 1020 3291 1073 item
3325 1022 3376 1072 in
3402 1021 3585 1074 aulam
3620 1037 3714 1076 ve-
3767 1016 3771 1050 Γ

2130 1106 2295 1170 nerit,
2318 1115 2560 1176 quotque
2582 1122 2645 1160 ex
2676 1117 2831 1161 utero
2886 1110 3068 1178 proles
3105 1109 3394 1165 muliebris
3431 1126 3597 1166 sexus
3630 1111 3717 1165 iu-
3768 1152 3771 1155 ι

2128 1198 2308 1254 derit:
2339 1201 2391 1253 in
2435 1200 2538 1254 hoc
2573 1216 2699 1253 vero
2728 1201 2848 1270 ejus
2892 1204 3162 1273 reliquum
3201 1220 3375 1272 genus
3422 1220 3485 1258 ac
3515 1219 3717 1274 cogna-

2129 1300 2213 1347 tos
2240 1294 2611 1348 ostendemus.
2683 1292 2930 1348 Fuerunt
2986 1295 3192 1363 itaque,
3259 1312 3399 1366 quos
3452 1296 3717 1360 diximus,

2127 1384 2238 1439 duo
2270 1385 2501 1439 masculi
2539 1384 2756 1448 fratres,
2787 1385 3053 1441 Petronas
3079 1387 3481 1443 Thraccnsium
3510 1388 3619 1443 dux
3651 1404 3717 1442 ac

2128 1487 2243 1532 tum
2279 1479 2565 1548 patricius,
2598 1478 2935 1549 Bardasque,
2979 1481 3043 1535 de
3091 1496 3201 1550 quo
3251 1482 3485 1551 egimus.
3546 1483 3716 1535 Porro

2126 1569 2395 1627 Petronas
2422 1572 2477 1624 in
2522 1574 2762 1641 quodam
2821 1573 3064 1627 facinore
3093 1590 3123 1628 a
3169 1573 3473 1644 Tbeophilo
3519 1574 3715 1644 depre-

2130 1662 2361 1724 hensus,
2409 1678 2533 1717 cum
2562 1673 2830 1717 consueta
2868 1664 3153 1733 processio
3208 1664 3382 1728 ﬁeret,
3433 1667 3715 1735 sexaginta

2133 1755 2458 1809 Verberibus
2487 1755 2551 1808 ad
2580 1753 2935 1825 Horologium
2966 1756 3156 1821 jussus
3188 1765 3270 1810 est
3301 1756 3584 1826 vapulare.
3613 1753 3716 1809 So—

2126 1863 2278 1903 rores
2297 1856 2407 1901 tres
2434 1848 2718 1908 exstitere,
2756 1864 2895 1916 quas
2932 1847 3089 1919 175
3148 1850 3227 1903 sic
3268 1849 3573 1903 honoriﬁco
3616 1864 3714 1903 no-

2123 1939 2271 1994 mine
2311 1937 2674 1993 Calomariam
2721 1940 3010 2003 vocabant,
3068 1950 3122 1994 et
3163 1938 3364 2009 Sophia
3409 1955 3473 1995 ac
3532 1939 3709 1995 Irenc.

2122 2030 2199 2085 Ex
2233 2031 2316 2085 bis
2342 2031 2547 2102 Sophia
2586 2032 2771 2101 nupsit
2796 2031 3165 2087 Constantino
3206 2031 3550 2086 Babutzico:
3616 2031 3714 2086 Ca-

2121 2124 2406 2179 lomariam
2452 2124 2895 2178 dusit'Arsaber
2937 2134 3050 2178 tum
3108 2124 3371 2191 patricius
3406 2138 3469 2177 ac
3518 2122 3712 2177 deinde

2122 2217 2382 2284 magister
2417 2235 2431 2270 :
2461 2214 2644 2288 [lrene
2679 2214 2886 2288 autem]
2919 2215 3105 2270 lrenes
3134 2217 3327 2269 matris
3357 2215 3533 2270 Photii
3569 2214 3710 2286 (ejus

2120 2308 2211 2378 qui
2242 2319 2430 2379 postea
2471 2310 2782 2377 patriarcha
2845 2308 2967 2380 fuit)
3021 2308 3176 2361 l‘ratri
3215 2318 3377 2376 nupta
3429 2307 3573 2372 fuit;
3639 2323 3704 2361 ev

2120 2413 2229 2467 quo
2268 2398 2432 2453 etiam
2466 2398 2680 2454 duobus
2736 2400 3012 2469 susceptis
3065 2399 3215 2463 liliis,
3272 2399 3555 2467 Stephano
3593 2415 3710 2453 ma—

2117 2490 2292 2560 gistro
2330 2499 2380 2544 el
2420 2491 2598 2545 Barda
2640 2492 2789 2546 illius
2845 2491 3013 2547 fratre
3062 2503 3224 2560 atque
3267 2492 3555 2563 magistro,
3614 2493 3706 2560 qui

2118 2582 2464 2637 Constantini
2495 2584 2709 2652 patricii
2743 2593 2796 2638 et
2822 2584 3024 2638 Siciliae
3058 2584 3310 2652 przetoris
3348 2584 3460 2651 (qui
3488 2592 3539 2636 et
3570 2583 3711 2637 Con-

2120 2673 2365 2744 tumites)
2415 2690 2579 2743 gener
2621 2674 2723 2729 fuit
2751 2676 2904 2746 (hinc
2946 2676 3093 2730 enim
3136 2677 3250 2731 haec
3288 2676 3363 2729 illi
3413 2676 3709 2744 appellatio

2118 2763 2321 2834 haesit),
2352 2780 2477 2820 cum
2509 2764 2708 2820 Pbotio
2743 2767 3059 2836 patriarcha
3092 2766 3406 2820 aliinitatem
3447 2767 3705 2820 servavit.

2116 2857 2293 2912 Ambo
2316 2859 2463 2913 enim
2494 2860 2548 2913 hi
2582 2860 2833 2929 magistri
2854 2861 3003 2915 illius
3033 2870 3263 2930 nepotes
3290 2877 3353 2915 ac
3386 2860 3704 2915 consobrini

2116 2952 2295 3008 fuere.
2349 2951 2559 3006 Horum
2595 2962 2790 3016 mater,
2820 2954 3004 3022 priore
3035 2953 3153 3006 viro
3188 2964 3364 3007 morte
3389 2954 3613 3016 amisso,
3649 2962 3709 3005 ut

2117 3047 2347 3100 alterum
2387 3060 2607 3113 quoque
2644 3043 2847 3097 frustra
2879 3045 3205 3098 morientem
3247 3044 3454 3098 videret
3502 3044 3552 3097 in
3586 3044 3709 3097 ani-

2118 3154 2267 3193 mum
2303 3139 2563 3192 inducere
2604 3137 2800 3191 noluit.
2870 3134 3076 3191 Vivens
3100 3136 3281 3203 itaque
3318 3136 3480 3189 vidua
3506 3145 3702 3188 etcum

406 3225 501 3279 οἷν
532 3228 564 3296 ἡ
598 3228 790 3296 μήτηρ
819 3225 930 3278 τῶν
952 3224 1278 3296 εἰρημένων,
1319 3226 1444 3277 ἐπεὶ
1471 3225 1564 3278 τοῦ
1616 3226 1880 3296 προτέρου
1919 3226 2009 3277 ἀν·-

2129 3248 2317 3289 sorore
2356 3231 2410 3286 in
2446 3232 2568 3283 aula
2598 3246 2788 3301 agens,
2829 3229 3076 3299 squalida
3119 3230 3355 3299 quadam
3390 3238 3553 3297 atque
3590 3228 3704 3281 litt—

409 3321 535 3390 δρὸς
566 3321 661 3373 διὰ
693 3320 928 3372 θανάτου
958 3320 1294 3388 ἡμάρτανεν,
1314 3319 1411 3388 οὐχ
1432 3319 1604 3371 εἵλετο
1630 3320 1719 3372 καὶ
1749 3318 2007 3389 δεύτερον

414 3416 540 3469 ἰδεῖν
563 3415 752 3485 μάτην
772 3414 1126 3478 ἀποὸισῦντα,
1154 3412 1302 3479 ζῶσα
1331 3413 1387 3465 δὲ
1422 3414 1566 3484 χήρα
1591 3416 1685 3470 καὶ
1702 3415 1766 3484 τῇ
1804 3413 2008 3483 ἑαυτῆς

411 3508 649 3561 συνοῦσα
704 3508 909 3576 ἀδελφῇ
970 3509 1111 3560 κατὰ
1160 3506 1228 3559 τὰ
1260 3505 1528 3575 βασίλεια,
1564 3506 1857 3575 αὐχμηρὰν
1888 3522 2011 3558 τινα

404 3603 500 3656 καὶ
532 3600 806 3668 ταπεινὴν
839 3598 1194 3667 ἐστολισμένη
1230 3598 1445 3669 στολὴν,
1473 3597 1553 3649 ἔτι
1580 3598 1635 3651 δὲ
1656 3597 1761 3668 μὴν
1789 3598 1882 3651 καὶ
1911 3596 2011 3666 μὲ-

398 3693 624 3756 λαυαν,
654 3693 747 3743 τδν
778 3690 1025 3761 ὒπαρχον
1058 3689 1527 3761 ἀπολαμϐάνουσα
1558 3690 1657 3757 τῆς
1697 3689 1901 3759 χειρὸς.
1944 3688 2005 3741 οὗ

409 3785 521 3855 μὴν
551 3785 611 3838 δὲ
648 3784 741 3836 καὶ
787 3784 877 3836 τὸν
923 3781 1241 3853 τειχιώτην,
1298 3782 1436 3835 ἀλλά
1468 3782 1558 3835 καὶ
1600 3782 1692 3836 τὸν
1735 3782 2006 3852 νοὺμερον

413 3874 858 3944 συνεπαγομένη,
894 3874 1038 3928 κατά
1058 3874 1358 3943 νουμηνίαν
1394 3873 1561 3945 ἀπῄει
1604 3873 1771 3944 βάδην
1798 3891 1859 3926 τε
1911 3874 2008 3926 καὶ

427 3967 575 4035 πεζῇ
595 3967 684 4020 διά
702 3968 803 4019 τῶν
823 3967 1026 4039 σχολῶν
1060 3967 1196 4037 πρὸς
1223 3968 1350 4031 τοὺς
1375 3970 1433 4021 ἐν
1462 3970 1578 4031 τοῖς
1608 3967 2008 4037 δεσμωτηρίοις

428 4059 828 4128 κατεχομένους
874 4062 969 4132 τῆς
1024 4079 1083 4114 τε
1116 4061 1343 4131 Χαλκῆς
1395 4063 1491 4116 καὶ
1517 4060 1612 4115 τοῦ
1657 4058 2006 4131 Πραιτωρίου

2109 3328 2224 3382 mili
2254 3326 2440 3379 induta
2466 3334 2642 3388 veste,
2674 3322 2990 3393 przefectum
3039 3338 3204 3376 manu
3232 3332 3447 3387 tenens,
3481 3335 3703 3388 unaque

2108 3428 2392 3487 assumpto
2425 3419 2649 3473 tichiote
2680 3433 2747 3472 ac
2778 3417 3049 3472 cohortali
3076 3417 3234 3477 duce.
3272 3416 3481 3471 mensis
3515 3416 3705 3484 cujus-

2108 3527 2219 3582 que
2245 3511 2408 3565 initio
2438 3511 2584 3565 lento
2619 3510 2789 3580 gradu
2852 3512 3127 3581 pedesque
3158 3529 3253 3581 per
3303 3510 3524 3565 scholas
3565 3510 3699 3569 ibat,

2109 3605 2177 3659 ad
2205 3619 2301 3659 eos
2333 3606 2424 3672 qui
2484 3604 2653 3658 vincti
2714 3605 2767 3658 in
2813 3603 3015 3661 Chalce
3049 3614 3104 3660 et
3149 3606 3203 3659 in
3256 3604 3513 3674 pra-torio
3540 3612 3703 3670 atque

2107 3691 2368 3748 Numeris
2401 3701 2767 3761 tenerentur;
2803 3697 3165 3765 singulosque
3201 3711 3429 3750 causam
3463 3692 3702 3748 carceris

2106 3785 2475 3855 interrogans,
2535 3802 2601 3840 ae
2643 3800 2757 3841 tum
2820 3804 2918 3843 sua
2971 3789 3087 3858 ipsa
3133 3804 3321 3858 opera,
3355 3800 3466 3840 tum
3505 3801 3703 3855 sugge-

2107 3878 2286 3932 StiOne
2315 3878 2381 3932 ad
2428 3894 2673 3933 sororem
2728 3880 2795 3935 iis
2835 3882 3203 3950 pmSpiciens,
3254 3880 3398 3935 haud
3447 3878 3697 3947 exiguam

2106 3970 2310 4039 cuique
2334 3970 2775 4025 benedictionem
2830 3962 2897 4027 ac
2930 3972 3340 4040 eleemosynam
3400 3970 3697 4025 tribuebat.

2108 4057 2389 4114 Hactenus
2422 4078 2545 4129 qua:
2578 4073 2830 4131 spectant
2852 4064 2921 4117 ad
2945 4063 3203 4117 fetutinas.

419 4151 521 4205 καὶ
561 4152 675 4204 τῶν
704 4151 1012 4225 Νουμέριον,
1065 4155 1212 4218 τίνος
1268 4173 1326 4209 τε
1374 4156 1539 4226 χάριν
1612 4153 2055 4208 ἀποκέκλεισται
2109 4153 2208 4207 ἕνα
2248 4155 2515 4227 ἐρωτῶοα
2576 4156 2699 4210 καθ’
2748 4157 2843 4209 ἕνα
2892 4158 2988 4209 καὶ
3038 4153 3320 4208 διοικοῦσα
3346 4155 3473 4217 τοὺς
3505 4153 3602 4223 μὲν
3630 4144 3697 4205 δι’

409 4247 642 4317 ἑαυτῆς,
675 4250 796 4311 τοὺς
824 4249 880 4302 δὲ
910 4250 999 4303 διὰ
1027 4251 1126 4321 τῆς
1160 4249 1298 4322 πρὸς
1351 4249 1449 4321 τὴν
1494 4249 1731 4320 ἀδελφὴν
1764 4249 2151 4321 ὑπομνήσεως,
2183 4247 2401 4320 ἑκάστῳ
2472 4249 2583 4304 τῶν
2650 4249 3076 4321 φρουρουμένων
3120 4246 3374 4316 εὐλογίαν
3431 4247 3695 4317 ἐπιχορη-

407 4345 586 4415 γοῦσα
618 4344 680 4397 οὐ
722 4343 923 4415 μικράν
952 4345 1048 4398 καὶ
1076 4344 1469 4415 ἐλεημοσύνην.
1500 4345 1609 4398 Καὶ
1638 4345 1703 4398 τὰ
1736 4345 1835 4415 μὲν
1864 4345 2000 4399 κατά
2037 4344 2136 4415 τὴν
2160 4347 2547 4411 γυναικωνῖτιν
2573 4343 2735 4398 οὕτω.

485 4438 592 4508 κγ’.
631 4440 688 4491 ’0
712 4438 770 4491 δὲ
796 4440 1007 4508 Βάρδας
1031 4434 1098 4511 ἦν
1125 4440 1242 4500 ὅλος
1260 4440 1329 4493 τὰ
1348 4440 1447 4509 τῆς
1478 4439 1756 4508 βασιλείας
1782 4441 2005 4509 ἐπιτρο-

415 4532 593 4585 πεύων
621 4535 719 4585 καὶ
745 4532 990 4597 διοικῶν,
1020 4534 1117 4587 καὶ
1142 4532 1250 4586 τῶν
1282 4533 1487 4586 λοιπῶν
1513 4533 1885 4605 διαφερόντως
1926 4533 2002 4595 ὡς

2186 4441 2348 4512 1⁵16
2373 4441 2462 4496 25.
2491 4440 2666 4497 Porro
2702 4440 2908 4496 Bardas
2972 4440 3026 4493 in
3073 4437 3425 4510 procurando
3467 4435 3701 4491 admini-

2110 4535 2447 4600 strandoque
2474 4536 2705 4603 imperio
2730 4543 2880 4589 totus
2912 4541 3065 4598 erat;
3103 4548 3168 4588 ac
3212 4531 3363 4586 velut
3395 4529 3487 4598 qui
3521 4529 3699 4598 impe-

416 4623 681 4695 συγγενὴς
704 4626 801 4677 τοῦ
839 4624 1105 4693 βασιλέως
1137 4626 1504 4695 ἀγαπώμενος
1524 4643 1537 4655 ·
1589 4627 1742 4681 ἔνθεν
1775 4629 1869 4681 καὶ
1900 4630 1999 4698 τὴν

2116 4635 2345 4683 ratorem
2382 4628 2641 4684 aﬂinitate
2676 4628 2999 4697 attingebat,
3032 4642 3143 4695 prae
3175 4624 3402 4695 reliquis
3458 4622 3538 4678 iili
3565 4622 3697 4677 cha-

406 4717 845 4785 κουροπαλάτου,
874 4712 984 4771 οἷον
1016 4714 1179 4771 ἆθλον
1205 4720 1298 4770 ἐπὶ
1319 4721 1382 4790 τῇ
1418 4718 1646 4790 ἀδελφῇ,
1670 4721 1835 4789 τιμὴν
1867 4721 2001 4772 ἁνα-

402 4808 643 4878 δέχεται,
679 4810 776 4863 καὶ
821 4810 963 4863 κατά
990 4810 1100 4863 τῶν
1160 4810 1516 4880 Ἰσμαηλιτῶν
1540 4812 1635 4865 καὶ
1671 4812 1765 4865 τοῦ
1798 4814 1997 4882 Ἀμερ,

403 4901 601 4972 ὥσπερ
632 4903 873 4973 εἴρηται,
909 4902 1430 4973 ἀντιστρατεύωνται
1464 4904 1602 4972 μετὰ
1625 4902 1721 4956 τοῦ
1754 4904 1996 4973 Μιχαὴλ,

405 4994 538 5064 ἄρτι
556 4993 841 5058 τελοῦντος
864 4994 1032 5047 αὑτοῦ
1058 4996 1138 5058 είς
1161 4994 1362 5065 ἄνδρας
1386 4995 1445 5060 ἐξ
1465 4996 1748 5062 ἀγενείων,
1769 4997 1998 5066 δυνάμει

403 5086 564 5154 πάσῃ
589 5102 653 5137 τε
682 5086 779 5139 καὶ
806 5087 975 5159 χειρί.
1020 5086 1106 5150 Ὠς
1132 5086 1177 5139 δ’
1212 5084 1305 5139 οὖν
1335 5086 1436 5156 τῆς
1475 5086 1586 5139 τῶν
1612 5086 1873 5139 ἐναντίων
1904 5088 1995 5140 επ-

403 5178 618 5248 ἑϐησαν
648 5181 776 5248 γῆς,
807 5181 949 5233 κατά
969 5179 1127 5233 πόλιν
1149 5178 1444 5249 Σαμόσατα
1480 5180 1805 5250 λεγομένην,
1836 5181 2002 5235 δυνὰ-

408 5287 505 5340 μει
556 5286 617 5322 τε
669 5271 962 5341 βρίθουσαν
1016 5272 1111 5323 καὶ
1173 5272 1339 5339 ἰσχύϊ,
1372 5271 1621 5340 ἄγονται,
1667 5272 1758 5324 καὶ
1792 5274 2000 5343 ταύτην

404 5364 733 5433 ἐπεχείρουν
786 5366 1120 5434 πολιορκεῖν.
1172 5363 1315 5419 Ἀλλ’
1372 5364 1722 5430 ὲλελήθεισαν
1768 5366 1829 5419 οὐ
1858 5366 2002 5420 κατά

403 5455 699 5527 θεοδώρ-ις
750 5458 1000 5527 αἴροντες
1050 5459 1230 5528 χεῖρα,
1263 5457 1405 5510 κατά
1433 5457 1491 5511 δὲ
1521 5459 1878 5529 πολυτρόπων
1907 5461 2003 5513 ἀν-

400 5548 577 5620 δρῶν.
624 5548 714 5612 Ὠς
748 5551 848 5615 μὲν
875 5550 984 5620 γὰρ
1012 5545 1078 5621 ἦν
1112 5548 1271 5620 τρίτη
1317 5549 1417 5618 τῆς
1446 5550 1735 5619 ἐφεδρείας
1788 5551 2002 5617 τούτοις

403 5643 616 5711 ἡμέρα,
648 5645 681 5714 ἠ
714 5643 906 5714 πρώτη
930 5643 988 5697 δὲ
1025 5644 1117 5696 καὶ
1149 5643 1313 5713 κυρία
1347 5643 1457 5696 τῶν
1507 5644 1754 5712 ἡμερῶν,
1774 5646 2001 5713 ἔμελλον

399 5737 460 5788 δὲ
490 5734 592 5807 τὴν
636 5737 983 5806 ἀναίμακτον
1026 5734 1419 5805 μυσταγωγίαν
1452 5734 1787 5807 ἐκπληροῦν,
1823 5738 1899 5803 ὡς
1930 5740 1998 5793 ἂν

2108 4737 2204 4775 rus
2232 4737 2297 4774 ac
2320 4721 2553 4777 dilectus
2579 4730 2719 4776 erat.
2789 4720 3005 4775 idcirco
3048 4719 3215 4785 etiam
3252 4718 3400 4773 velut
3458 4717 3513 4770 in
3547 4731 3698 4772 sum-

2107 4822 2271 4867 motae
2295 4814 2505 4869 sororis
2518 4812 3146 4882 praemiumeuropalatae
3163 4810 3427 4881 dignitate
3444 4820 3694 4872 ornatur,

2109 4921 2327 4974 unaque
2352 4922 2477 4960 cum
2511 4906 2799 4967 Michaele,
2834 4907 2929 4974 qui
2960 4905 3246 4961 emerente
3274 4905 3389 4973 jam
3429 4903 3696 4972 lanugine

2108 5009 2283 5049 annos
2307 4996 2492 5051 viriles
2518 4994 2712 5054 inibat.
2733 5010 2858 5051 cum
2885 4997 3087 5064 ingenti
3117 5008 3398 5049 armorum
3426 5002 3693 5062 apparatu

2110 5103 2177 5143 ac
2217 5088 2459 5142 exercitu
2500 5090 2765 5146 adversus
2820 5088 3129 5142 lsmaclitas
3177 5096 3232 5140 et
3286 5086 3566 5147 Ainerem,
3638 5093 3698 5138 ut

2111 5194 2275 5246 supra
2306 5180 2644 5245 dicebamus,
2687 5180 3076 5250 proﬁciscitur.
3141 5178 3443 5247 Postquam
3510 5179 3698 5245 itaque

2110 5273 2164 5328 in
2201 5273 2471 5329 hosticum
2510 5274 2787 5344 progressi
2837 5274 3128 5328 Samosata
3174 5279 3463 5332 venerunt,
3502 5272 3696 5324 urbem

2109 5368 2321 5424 scilicet
2365 5368 2563 5423 civium
2623 5367 2975 5422 inultitudine
3018 5378 3087 5417 ac
3139 5363 3336 5416 robore
3383 5369 3691 5432 potentem,

2100 5463 2225 5532 ejus
2244 5462 2586 5517 obsidionem
2605 5460 3021 5531 aggrediuntur.
3040 5453 3314 5509 Nimirum
3343 5469 3450 5508 non
3481 5454 3697 5507 intelle»

2100 5564 2294 5611 xerant
2322 5572 2434 5610 non
2467 5571 2527 5611 88
2561 5553 2829 5608 adversus
2869 5550 3217 5605 Theodoram
3250 5549 3435 5601 levare
3465 5562 3689 5606 manus,

2100 5649 2195 5704 sed
2229 5648 2493 5703 adversus
2533 5646 2888 5700 val‘errimum
2944 5643 3230 5699 hominum
3258 5656 3452 5711 genus.
3506 5637 3690 5692 Tertia

2103 5744 2285 5811 itaque
2315 5742 2623 5798 obsidionis
2654 5740 2763 5805 die,
2820 5754 2942 5811 quae
2981 5738 3155 5808 prima
3189 5735 3405 5792 dierum
3446 5734 3679 5804 ipsaque

1730 5836 1967 5894 VARI/F3
2025 5840 2317 5897 LECTION
2328 5839 2428 5894 ES.

476 5924 525 5957 ’ί
562 5925 651 5979 τὸν
675 5941 785 5980 om.
820 5925 879 5980 Ρ.
960 5925 1003 5957 ⁷⁷
1034 5923 1123 5980 τὸν
1145 5922 1262 5997 toﬁ]
1304 5923 1395 5979 τοῦ
1438 5924 1570 5979 καὶῖ
