  <div class='ocr_page' id='page_1' title='image "/cluster/home/n/w/nwhite01/storage/ocr_20150623/109/coo.31924054870138/103.png"; bbox 0 0 4144 6454; ppageno 0'>
   <div class='ocr_carea' id='block_1_1' title="bbox 468 371 565 438">
    <p class='ocr_par' dir='ltr' id='par_1_1' title="bbox 468 371 565 438">
     <span class='ocr_line' id='line_1_1' title="bbox 468 371 565 438; baseline 0.041 -3"><span class='ocrx_word' id='word_1_1' title='bbox 468 371 565 438; x_wconf 79' lang='lat'><strong>191</strong></span> 
     </span>
    </p>
   </div>
   <div class='ocr_carea' id='block_1_2' title="bbox 1495 373 2603 447">
    <p class='ocr_par' dir='ltr' id='par_1_2' title="bbox 1495 373 2603 447">
     <span class='ocr_line' id='line_1_2' title="bbox 1495 373 2603 447; baseline -0.007 -4"><span class='ocrx_word' id='word_1_2' title='bbox 1495 375 2014 447; x_wconf 70' lang='lat' dir='ltr'><strong>THEOPHANES</strong></span> <span class='ocrx_word' id='word_1_3' title='bbox 2041 373 2603 445; x_wconf 73' lang='lat' dir='ltr'><strong>CONTINUATUS.</strong></span> 
     </span>
    </p>
   </div>
   <div class='ocr_carea' id='block_1_3' title="bbox 3639 372 3749 438">
    <p class='ocr_par' dir='ltr' id='par_1_3' title="bbox 3639 372 3749 438">
     <span class='ocr_line' id='line_1_3' title="bbox 3639 372 3749 438; baseline 0 -1"><span class='ocrx_word' id='word_1_4' title='bbox 3639 372 3749 438; x_wconf 72' lang='lat'><strong>192</strong></span> 
     </span>
    </p>
   </div>
   <div class='ocr_carea' id='block_1_4' title="bbox 461 458 2062 560">
    <p class='ocr_par' dir='ltr' id='par_1_4' title="bbox 461 487 2045 560">
     <span class='ocr_line' id='line_1_4' title="bbox 461 487 2045 560; baseline -0.003 -15"><span class='ocrx_word' id='word_1_5' title='bbox 461 490 689 545; x_wconf 80' lang='lat' dir='ltr'><strong>domina</strong></span> <span class='ocrx_word' id='word_1_6' title='bbox 722 489 845 555; x_wconf 84' lang='lat' dir='ltr'><strong>fuit,</strong></span> <span class='ocrx_word' id='word_1_7' title='bbox 876 489 1093 560; x_wconf 82' lang='lat' dir='ltr'><strong>expleto</strong></span> <span class='ocrx_word' id='word_1_8' title='bbox 1122 487 1236 560; x_wconf 80' lang='lat' dir='ltr'><strong>jam</strong></span> <span class='ocrx_word' id='word_1_9' title='bbox 1276 488 1394 544; x_wconf 78' lang='lat' dir='ltr'><strong>fere</strong></span> <span class='ocrx_word' id='word_1_10' title='bbox 1421 488 1710 544; x_wconf 85' lang='lat' dir='ltr'><strong>incruento</strong></span> <span class='ocrx_word' id='word_1_11' title='bbox 1747 487 2045 552; x_wconf 79' lang='lat' dir='ltr'><strong>sacriﬁcio,</strong></span> 
     </span>
    </p>
   </div>
   <div class='ocr_carea' id='block_1_5' title="bbox 2164 458 3749 560">
    <p class='ocr_par' dir='ltr' id='par_1_5' title="bbox 2164 458 3749 560">
     <span class='ocr_line' id='line_1_5' title="bbox 2164 458 3749 560; baseline -0.003 -15"><span class='ocrx_word' id='word_1_12' title='bbox 2164 487 2264 545; x_wconf 71' lang='grc' dir='ltr'><strong>εῶν</strong></span> <span class='ocrx_word' id='word_1_13' title='bbox 2300 486 2473 555; x_wconf 78' lang='grc' dir='ltr'>ἁγίων</span> <span class='ocrx_word' id='word_1_14' title='bbox 2528 458 2848 560; x_wconf 85' lang='grc' dir='ltr'>μυστηρίων</span> <span class='ocrx_word' id='word_1_15' title='bbox 2901 485 3251 559; x_wconf 76' lang='grc' dir='ltr'>μετάσχοιεν,</span> <span class='ocrx_word' id='word_1_16' title='bbox 3308 483 3591 555; x_wconf 71' lang='grc' dir='ltr'>ιεαίφνης,</span> <span class='ocrx_word' id='word_1_17' title='bbox 3643 485 3749 541; x_wconf 73' lang='grc' dir='ltr'>εἴτ’</span> 
     </span>
    </p>
   </div>
   <div class='ocr_carea' id='block_1_6' title="bbox 462 578 2050 651">
    <p class='ocr_par' dir='ltr' id='par_1_6' title="bbox 462 578 2050 651">
     <span class='ocr_line' id='line_1_6' title="bbox 462 578 2050 651; baseline -0.001 -16"><span class='ocrx_word' id='word_1_18' title='bbox 462 591 524 636; x_wconf 93' lang='lat' dir='ltr'><strong>ut</strong></span> <span class='ocrx_word' id='word_1_19' title='bbox 558 582 733 636; x_wconf 88' lang='lat' dir='ltr'><strong>sacris</strong></span> <span class='ocrx_word' id='word_1_20' title='bbox 760 580 1039 651; x_wconf 78' lang='lat' dir='ltr'><strong>mysteriis</strong></span> <span class='ocrx_word' id='word_1_21' title='bbox 1074 580 1515 651; x_wconf 87' lang='lat' dir='ltr'><strong>impartirentur,</strong></span> <span class='ocrx_word' id='word_1_22' title='bbox 1541 588 1766 649; x_wconf 83' lang='lat' dir='ltr'><strong>repente</strong></span> <span class='ocrx_word' id='word_1_23' title='bbox 1791 580 1931 651; x_wconf 83' lang='lat' dir='ltr'><strong>(sive</strong></span> <span class='ocrx_word' id='word_1_24' title='bbox 1961 578 2050 634; x_wconf 88' lang='lat' dir='ltr'><strong>iu-</strong></span> 
     </span>
    </p>
   </div>
   <div class='ocr_carea' id='block_1_7' title="bbox 462 671 2051 743">
    <p class='ocr_par' dir='ltr' id='par_1_7' title="bbox 462 671 2051 743">
     <span class='ocr_line' id='line_1_7' title="bbox 462 671 2051 743; baseline -0.002 -15"><span class='ocrx_word' id='word_1_25' title='bbox 462 683 622 728; x_wconf 98' lang='lat' dir='ltr'><strong>caute</strong></span> <span class='ocrx_word' id='word_1_26' title='bbox 656 672 745 725; x_wconf 81' lang='lat' dir='ltr'><strong>illa</strong></span> <span class='ocrx_word' id='word_1_27' title='bbox 777 672 1129 743; x_wconf 85' lang='lat' dir='ltr'><strong>peragebant,</strong></span> <span class='ocrx_word' id='word_1_28' title='bbox 1162 671 1279 728; x_wconf 82' lang='lat' dir='ltr'><strong>sive</strong></span> <span class='ocrx_word' id='word_1_29' title='bbox 1304 672 1468 727; x_wconf 81' lang='lat' dir='ltr'><strong>etiam</strong></span> <span class='ocrx_word' id='word_1_30' title='bbox 1516 672 1592 727; x_wconf 85' lang='lat' dir='ltr'><strong>rei</strong></span> <span class='ocrx_word' id='word_1_31' title='bbox 1635 671 1842 727; x_wconf 67' lang='lat' dir='ltr'><strong>bellica:</strong></span> <span class='ocrx_word' id='word_1_32' title='bbox 1878 671 2051 741; x_wconf 84' lang='lat' dir='ltr'><strong>impe-</strong></span> 
     </span>
    </p>
   </div>
   <div class='ocr_carea' id='block_1_8' title="bbox 462 762 2052 834">
    <p class='ocr_par' dir='ltr' id='par_1_8' title="bbox 462 762 2052 834">
     <span class='ocr_line' id='line_1_8' title="bbox 462 762 2052 834; baseline 0.002 -18"><span class='ocrx_word' id='word_1_33' title='bbox 462 762 587 816; x_wconf 91' lang='lat' dir='ltr'><strong>ritia</strong></span> <span class='ocrx_word' id='word_1_34' title='bbox 621 762 811 817; x_wconf 84' lang='lat' dir='ltr'><strong>urbem</strong></span> <span class='ocrx_word' id='word_1_35' title='bbox 876 763 1178 833; x_wconf 79' lang='lat' dir='ltr'><strong>hostesque</strong></span> <span class='ocrx_word' id='word_1_36' title='bbox 1209 764 1655 830; x_wconf 91' lang='lat' dir='ltr'><strong>contemnebant,</strong></span> <span class='ocrx_word' id='word_1_37' title='bbox 1724 764 2052 834; x_wconf 87' lang='lat' dir='ltr'><strong>nullumque</strong></span> 
     </span>
    </p>
   </div>
   <div class='ocr_carea' id='block_1_9' title="bbox 463 853 2053 926">
    <p class='ocr_par' dir='ltr' id='par_1_9' title="bbox 463 853 2053 926">
     <span class='ocr_line' id='line_1_9' title="bbox 463 853 2053 926; baseline 0.002 -18"><span class='ocrx_word' id='word_1_38' title='bbox 463 853 577 909; x_wconf 75' lang='lat' dir='ltr'><strong>fore</strong></span> <span class='ocrx_word' id='word_1_39' title='bbox 628 854 1037 910; x_wconf 81' lang='lat' dir='ltr'><strong>arbitrabantur</strong></span> <span class='ocrx_word' id='word_1_40' title='bbox 1086 855 1183 926; x_wconf 89' lang='lat' dir='ltr'><strong>qui</strong></span> <span class='ocrx_word' id='word_1_41' title='bbox 1237 856 1420 911; x_wconf 91' lang='lat' dir='ltr'><strong>levare</strong></span> <span class='ocrx_word' id='word_1_42' title='bbox 1480 872 1703 911; x_wconf 90' lang='lat' dir='ltr'><strong>manum</strong></span> <span class='ocrx_word' id='word_1_43' title='bbox 1738 857 2053 911; x_wconf 66' lang='lat' dir='ltr'><strong>iadvcrsus</strong></span> 
     </span>
    </p>
   </div>
   <div class='ocr_carea' id='block_1_10' title="bbox 464 945 2052 1017">
    <p class='ocr_par' dir='ltr' id='par_1_10' title="bbox 464 945 2052 1017">
     <span class='ocr_line' id='line_1_10' title="bbox 464 945 2052 1017; baseline 0.002 -18"><span class='ocrx_word' id='word_1_44' title='bbox 464 945 776 1001; x_wconf 80' lang='lat' dir='ltr'><strong>Romanum</strong></span> <span class='ocrx_word' id='word_1_45' title='bbox 831 947 1222 1016; x_wconf 87' lang='lat' dir='ltr'><strong>imperatorem</strong></span> <span class='ocrx_word' id='word_1_46' title='bbox 1278 947 1524 1017; x_wconf 80' lang='lat' dir='ltr'><strong>auderet)</strong></span> <span class='ocrx_word' id='word_1_47' title='bbox 1577 948 1697 1017; x_wconf 87' lang='lat' dir='ltr'><strong>ipsa</strong></span> <span class='ocrx_word' id='word_1_48' title='bbox 1756 947 1894 1002; x_wconf 90' lang='lat' dir='ltr'><strong>hora</strong></span> <span class='ocrx_word' id='word_1_49' title='bbox 1944 964 2052 1017; x_wconf 89' lang='lat' dir='ltr'><strong>qua</strong></span> 
     </span>
    </p>
   </div>
   <div class='ocr_carea' id='block_1_11' title="bbox 470 1037 2052 1108">
    <p class='ocr_par' dir='ltr' id='par_1_11' title="bbox 470 1037 2052 1108">
     <span class='ocr_line' id='line_1_11' title="bbox 470 1037 2052 1108; baseline 0.002 -18"><span class='ocrx_word' id='word_1_50' title='bbox 470 1037 757 1108; x_wconf 85' lang='lat' dir='ltr'><strong>mysteriis</strong></span> <span class='ocrx_word' id='word_1_51' title='bbox 785 1037 1137 1107; x_wconf 79' lang='lat' dir='ltr'><strong>iinpartiendi</strong></span> <span class='ocrx_word' id='word_1_52' title='bbox 1168 1048 1347 1105; x_wconf 90' lang='lat' dir='ltr'><strong>erant,</strong></span> <span class='ocrx_word' id='word_1_53' title='bbox 1394 1038 1640 1108; x_wconf 85' lang='lat' dir='ltr'><strong>undique</strong></span> <span class='ocrx_word' id='word_1_54' title='bbox 1687 1054 1755 1093; x_wconf 82' lang='lat' dir='ltr'><strong>ex</strong></span> <span class='ocrx_word' id='word_1_55' title='bbox 1789 1040 1925 1093; x_wconf 87' lang='lat' dir='ltr'><strong>urbe</strong></span> <span class='ocrx_word' id='word_1_56' title='bbox 1960 1055 2052 1093; x_wconf 88' lang='lat' dir='ltr'><strong>ar-</strong></span> 
     </span>
    </p>
   </div>
   <div class='ocr_carea' id='block_1_12' title="bbox 465 1128 2056 1193">
    <p class='ocr_par' dir='ltr' id='par_1_12' title="bbox 465 1128 2056 1193">
     <span class='ocr_line' id='line_1_12' title="bbox 465 1128 2056 1193; baseline 0.002 -13"><span class='ocrx_word' id='word_1_57' title='bbox 465 1128 601 1182; x_wconf 85' lang='lat' dir='ltr'><strong>mati</strong></span> <span class='ocrx_word' id='word_1_58' title='bbox 636 1128 919 1182; x_wconf 79' lang='lat' dir='ltr'><strong>irruentes</strong></span> <span class='ocrx_word' id='word_1_59' title='bbox 947 1138 1161 1182; x_wconf 90' lang='lat' dir='ltr'><strong>tantum</strong></span> <span class='ocrx_word' id='word_1_60' title='bbox 1198 1130 1281 1183; x_wconf 88' lang='lat' dir='ltr'><strong>eis</strong></span> <span class='ocrx_word' id='word_1_61' title='bbox 1301 1138 1564 1183; x_wconf 90' lang='lat' dir='ltr'><strong>terrorem</strong></span> <span class='ocrx_word' id='word_1_62' title='bbox 1600 1128 1970 1193; x_wconf 89' lang='lat' dir='ltr'><strong>incusserunt,</strong></span> <span class='ocrx_word' id='word_1_63' title='bbox 1996 1138 2056 1183; x_wconf 91' lang='lat' dir='ltr'><strong>ut</strong></span> 
     </span>
    </p>
   </div>
   <div class='ocr_carea' id='block_1_13' title="bbox 464 1220 2050 1291">
    <p class='ocr_par' dir='ltr' id='par_1_13' title="bbox 464 1220 2050 1291">
     <span class='ocr_line' id='line_1_13' title="bbox 464 1220 2050 1291; baseline 0.001 -16"><span class='ocrx_word' id='word_1_64' title='bbox 464 1237 626 1277; x_wconf 87' lang='lat' dir='ltr'><strong>nemo</strong></span> <span class='ocrx_word' id='word_1_65' title='bbox 658 1220 924 1291; x_wconf 89' lang='lat' dir='ltr'><strong>impetum</strong></span> <span class='ocrx_word' id='word_1_66' title='bbox 962 1222 1259 1286; x_wconf 89' lang='lat' dir='ltr'><strong>sustinere,</strong></span> <span class='ocrx_word' id='word_1_67' title='bbox 1291 1237 1453 1276; x_wconf 91' lang='lat' dir='ltr'><strong>nemo</strong></span> <span class='ocrx_word' id='word_1_68' title='bbox 1492 1236 1599 1275; x_wconf 90' lang='lat' dir='ltr'><strong>non</strong></span> <span class='ocrx_word' id='word_1_69' title='bbox 1642 1220 1769 1291; x_wconf 83' lang='lat' dir='ltr'><strong>fuga</strong></span> <span class='ocrx_word' id='word_1_70' title='bbox 1816 1222 2050 1277; x_wconf 88' lang='lat' dir='ltr'><strong>salutem</strong></span> 
     </span>
    </p>
   </div>
   <div class='ocr_carea' id='block_1_14' title="bbox 464 1313 2050 1387">
    <p class='ocr_par' dir='ltr' id='par_1_14' title="bbox 464 1313 2050 1387">
     <span class='ocr_line' id='line_1_14' title="bbox 464 1313 2050 1387; baseline -0.002 -16"><span class='ocrx_word' id='word_1_71' title='bbox 464 1316 721 1387; x_wconf 76' lang='lat' dir='ltr'><strong>expedire</strong></span> <span class='ocrx_word' id='word_1_72' title='bbox 744 1316 1176 1385; x_wconf 85' lang='lat' dir='ltr'><strong>conspiceretur.</strong></span> <span class='ocrx_word' id='word_1_73' title='bbox 1206 1314 1323 1385; x_wconf 90' lang='lat' dir='ltr'><strong>Ipse</strong></span> <span class='ocrx_word' id='word_1_74' title='bbox 1368 1313 1599 1370; x_wconf 82' lang='lat' dir='ltr'><strong>Michael</strong></span> <span class='ocrx_word' id='word_1_75' title='bbox 1645 1315 1731 1368; x_wconf 79' lang='lat' dir='ltr'><strong>vix</strong></span> <span class='ocrx_word' id='word_1_76' title='bbox 1769 1315 1822 1368; x_wconf 94' lang='lat' dir='ltr'><strong>in</strong></span> <span class='ocrx_word' id='word_1_77' title='bbox 1850 1328 2050 1384; x_wconf 89' lang='lat' dir='ltr'><strong>equum</strong></span> 
     </span>
    </p>
   </div>
   <div class='ocr_carea' id='block_1_15' title="bbox 463 1404 2053 1475">
    <p class='ocr_par' dir='ltr' id='par_1_15' title="bbox 463 1404 2053 1475">
     <span class='ocr_line' id='line_1_15' title="bbox 463 1404 2053 1475; baseline 0.001 -15"><span class='ocrx_word' id='word_1_78' title='bbox 463 1407 699 1461; x_wconf 89' lang='lat' dir='ltr'><strong>evadens</strong></span> <span class='ocrx_word' id='word_1_79' title='bbox 723 1405 985 1475; x_wconf 73' lang='lat' dir='ltr'><strong>fugientis</strong></span> <span class='ocrx_word' id='word_1_80' title='bbox 1019 1406 1324 1475; x_wconf 86' lang='lat' dir='ltr'><strong>specimen,</strong></span> <span class='ocrx_word' id='word_1_81' title='bbox 1363 1420 1473 1460; x_wconf 92' lang='lat' dir='ltr'><strong>non</strong></span> <span class='ocrx_word' id='word_1_82' title='bbox 1506 1404 1611 1458; x_wconf 90' lang='lat' dir='ltr'><strong>viri</strong></span> <span class='ocrx_word' id='word_1_83' title='bbox 1639 1404 1796 1469; x_wconf 71' lang='lat' dir='ltr'><strong>[ortis</strong></span> <span class='ocrx_word' id='word_1_84' title='bbox 1816 1404 2053 1475; x_wconf 86' lang='lat' dir='ltr'><strong>ejusque</strong></span> 
     </span>
    </p>
   </div>
   <div class='ocr_carea' id='block_1_16' title="bbox 463 1497 2053 1569">
    <p class='ocr_par' dir='ltr' id='par_1_16' title="bbox 463 1497 2053 1569">
     <span class='ocr_line' id='line_1_16' title="bbox 463 1497 2053 1569; baseline -0.001 -16"><span class='ocrx_word' id='word_1_85' title='bbox 463 1500 557 1569; x_wconf 93' lang='lat' dir='ltr'><strong>qui</strong></span> <span class='ocrx_word' id='word_1_86' title='bbox 593 1498 741 1568; x_wconf 92' lang='lat' dir='ltr'><strong>prior</strong></span> <span class='ocrx_word' id='word_1_87' title='bbox 772 1498 829 1552; x_wconf 91' lang='lat' dir='ltr'><strong>in</strong></span> <span class='ocrx_word' id='word_1_88' title='bbox 864 1498 985 1553; x_wconf 89' lang='lat' dir='ltr'><strong>acie</strong></span> <span class='ocrx_word' id='word_1_89' title='bbox 1015 1507 1206 1563; x_wconf 86' lang='lat' dir='ltr'><strong>staret,</strong></span> <span class='ocrx_word' id='word_1_90' title='bbox 1273 1497 1445 1553; x_wconf 90' lang='lat' dir='ltr'><strong>dedit.</strong></span> <span class='ocrx_word' id='word_1_91' title='bbox 1497 1498 1588 1553; x_wconf 87' lang='lat' dir='ltr'><strong>Sic</strong></span> <span class='ocrx_word' id='word_1_92' title='bbox 1634 1514 1776 1569; x_wconf 70' lang='lat' dir='ltr'><strong>aegre</strong></span> <span class='ocrx_word' id='word_1_93' title='bbox 1830 1498 2053 1563; x_wconf 87' lang='lat' dir='ltr'><strong>tandem</strong></span> 
     </span>
    </p>
   </div>
   <div class='ocr_carea' id='block_1_17' title="bbox 465 1590 2055 1661">
    <p class='ocr_par' dir='ltr' id='par_1_17' title="bbox 465 1590 2055 1661">
     <span class='ocr_line' id='line_1_17' title="bbox 465 1590 2055 1661; baseline 0 -15"><span class='ocrx_word' id='word_1_94' title='bbox 465 1600 711 1647; x_wconf 82' lang='lat' dir='ltr'><strong>servatus</strong></span> <span class='ocrx_word' id='word_1_95' title='bbox 738 1600 845 1654; x_wconf 82' lang='lat' dir='ltr'><strong>est.</strong></span> <span class='ocrx_word' id='word_1_96' title='bbox 891 1591 1008 1647; x_wconf 83' lang='lat' dir='ltr'><strong>suis</strong></span> <span class='ocrx_word' id='word_1_97' title='bbox 1037 1590 1299 1646; x_wconf 90' lang='lat' dir='ltr'><strong>omnibus</strong></span> <span class='ocrx_word' id='word_1_98' title='bbox 1353 1599 1776 1659; x_wconf 86' lang='lat' dir='ltr'><strong>castrorumque</strong></span> <span class='ocrx_word' id='word_1_99' title='bbox 1821 1592 2055 1661; x_wconf 86' lang='lat' dir='ltr'><strong>impedi-</strong></span> 
     </span>
    </p>
   </div>
   <div class='ocr_carea' id='block_1_18' title="bbox 463 1681 2057 1752">
    <p class='ocr_par' dir='ltr' id='par_1_18' title="bbox 463 1681 2057 1752">
     <span class='ocr_line' id='line_1_18' title="bbox 463 1681 2057 1752; baseline 0.001 -15"><span class='ocrx_word' id='word_1_100' title='bbox 463 1684 661 1738; x_wconf 85' lang='lat' dir='ltr'><strong>mentis</strong></span> <span class='ocrx_word' id='word_1_101' title='bbox 693 1683 746 1736; x_wconf 93' lang='lat' dir='ltr'><strong>in</strong></span> <span class='ocrx_word' id='word_1_102' title='bbox 778 1683 1022 1737; x_wconf 89' lang='lat' dir='ltr'><strong>hostium</strong></span> <span class='ocrx_word' id='word_1_103' title='bbox 1062 1691 1349 1752; x_wconf 83' lang='lat' dir='ltr'><strong>potestate</strong></span> <span class='ocrx_word' id='word_1_104' title='bbox 1382 1681 1612 1737; x_wconf 71' lang='lat' dir='ltr'><strong>relictis.</strong></span> <span class='ocrx_word' id='word_1_105' title='bbox 1682 1682 1800 1738; x_wconf 88' lang='lat' dir='ltr'><strong>lllie</strong></span> <span class='ocrx_word' id='word_1_106' title='bbox 1833 1682 2057 1738; x_wconf 74' lang='lat' dir='ltr'><strong>Carbeas</strong></span> 
     </span>
    </p>
   </div>
   <div class='ocr_carea' id='block_1_19' title="bbox 467 1773 2056 1845">
    <p class='ocr_par' dir='ltr' id='par_1_19' title="bbox 467 1773 2056 1845">
     <span class='ocr_line' id='line_1_19' title="bbox 467 1773 2056 1845; baseline 0.001 -16"><span class='ocrx_word' id='word_1_107' title='bbox 467 1773 649 1843; x_wconf 85' lang='lat' dir='ltr'><strong>(cujus</strong></span> <span class='ocrx_word' id='word_1_108' title='bbox 678 1790 843 1843; x_wconf 89' lang='lat' dir='ltr'><strong>supra</strong></span> <span class='ocrx_word' id='word_1_109' title='bbox 888 1774 1265 1838; x_wconf 76' lang='lat' dir='ltr'><strong>meminimus,</strong></span> <span class='ocrx_word' id='word_1_110' title='bbox 1292 1774 1385 1843; x_wconf 92' lang='lat' dir='ltr'><strong>qui</strong></span> <span class='ocrx_word' id='word_1_111' title='bbox 1414 1784 1468 1828; x_wconf 91' lang='lat' dir='ltr'><strong>et</strong></span> <span class='ocrx_word' id='word_1_112' title='bbox 1483 1774 1779 1845; x_wconf 81' lang='lat' dir='ltr'><strong>&#39;l‘ephrices</strong></span> <span class='ocrx_word' id='word_1_113' title='bbox 1802 1776 2056 1831; x_wconf 87' lang='lat' dir='ltr'><strong>conditor</strong></span> 
     </span>
    </p>
   </div>
   <div class='ocr_carea' id='block_1_20' title="bbox 472 1834 2135 1936">
    <p class='ocr_par' dir='ltr' id='par_1_20' title="bbox 472 1834 2135 1936">
     <span class='ocr_line' id='line_1_20' title="bbox 472 1834 2135 1936; baseline 0.002 -18"><span class='ocrx_word' id='word_1_114' title='bbox 472 1834 629 1936; x_wconf 24' lang='lat'><strong>&#39;17)]</strong></span> <span class='ocrx_word' id='word_1_115' title='bbox 666 1834 791 1934; x_wconf 65' lang='lat' dir='ltr'><strong>fail)</strong></span> <span class='ocrx_word' id='word_1_116' title='bbox 821 1865 1038 1936; x_wconf 75' lang='lat' dir='ltr'><strong>egregie</strong></span> <span class='ocrx_word' id='word_1_117' title='bbox 1066 1834 1220 1919; x_wconf 86' lang='lat' dir='ltr'><strong>aiunt</strong></span> <span class='ocrx_word' id='word_1_118' title='bbox 1249 1834 1504 1919; x_wconf 72' lang='lat' dir='ltr'><strong>virtutem</strong></span> <span class='ocrx_word' id='word_1_119' title='bbox 1536 1834 1825 1933; x_wconf 73' lang='lat' dir='ltr'><strong>enituisse,</strong></span> <span class='ocrx_word' id='word_1_120' title='bbox 1862 1874 1922 1920; x_wconf 94' lang='lat' dir='ltr'><strong>ut</strong></span> <span class='ocrx_word' id='word_1_121' title='bbox 1946 1834 2135 1921; x_wconf 54' lang='lat' dir='ltr'><strong>nonn-</strong></span> 
     </span>
    </p>
   </div>
   <div class='ocr_carea' id='block_1_21' title="bbox 468 1958 2054 2029">
    <p class='ocr_par' dir='ltr' id='par_1_21' title="bbox 468 1958 2054 2029">
     <span class='ocr_line' id='line_1_21' title="bbox 468 1958 2054 2029; baseline 0.001 -16"><span class='ocrx_word' id='word_1_122' title='bbox 468 1958 644 2013; x_wconf 84' lang='lat' dir='ltr'><strong>solum</strong></span> <span class='ocrx_word' id='word_1_123' title='bbox 680 1958 956 2029; x_wconf 73' lang='lat' dir='ltr'><strong>gregarios</strong></span> <span class='ocrx_word' id='word_1_124' title='bbox 978 1958 1181 2013; x_wconf 86' lang='lat' dir='ltr'><strong>multos</strong></span> <span class='ocrx_word' id='word_1_125' title='bbox 1215 1967 1377 2028; x_wconf 92' lang='lat' dir='ltr'><strong>atque</strong></span> <span class='ocrx_word' id='word_1_126' title='bbox 1405 1959 1674 2014; x_wconf 88' lang='lat' dir='ltr'><strong>obscuros</strong></span> <span class='ocrx_word' id='word_1_127' title='bbox 1697 1959 2054 2025; x_wconf 85' lang='lat' dir='ltr'><strong>interfecerit,</strong></span> 
     </span>
    </p>
   </div>
   <div class='ocr_carea' id='block_1_22' title="bbox 468 2050 2057 2124">
    <p class='ocr_par' dir='ltr' id='par_1_22' title="bbox 468 2050 2057 2124">
     <span class='ocr_line' id='line_1_22' title="bbox 468 2050 2057 2124; baseline 0.004 -22"><span class='ocrx_word' id='word_1_128' title='bbox 468 2066 658 2106; x_wconf 83' lang='lat' dir='ltr'><strong>verum</strong></span> <span class='ocrx_word' id='word_1_129' title='bbox 700 2066 928 2122; x_wconf 87' lang='lat' dir='ltr'><strong>magnos</strong></span> <span class='ocrx_word' id='word_1_130' title='bbox 962 2065 1180 2120; x_wconf 86' lang='lat' dir='ltr'><strong>quoque</strong></span> <span class='ocrx_word' id='word_1_131' title='bbox 1211 2050 1381 2106; x_wconf 84' lang='lat' dir='ltr'><strong>duces</strong></span> <span class='ocrx_word' id='word_1_132' title='bbox 1408 2052 1638 2124; x_wconf 88' lang='lat' dir='ltr'><strong>ceperit,</strong></span> <span class='ocrx_word' id='word_1_133' title='bbox 1663 2068 1856 2122; x_wconf 91' lang='lat' dir='ltr'><strong>nempe</strong></span> <span class='ocrx_word' id='word_1_134' title='bbox 1877 2052 2057 2108; x_wconf 86' lang='lat' dir='ltr'><strong>Tzan-</strong></span> 
     </span>
    </p>
   </div>
   <div class='ocr_carea' id='block_1_23' title="bbox 469 2139 2059 2212">
    <p class='ocr_par' dir='ltr' id='par_1_23' title="bbox 469 2139 2059 2212">
     <span class='ocr_line' id='line_1_23' title="bbox 469 2139 2059 2212; baseline 0.001 -17"><span class='ocrx_word' id='word_1_135' title='bbox 469 2140 735 2212; x_wconf 81' lang='lat' dir='ltr'><strong>gotubnm</strong></span> <span class='ocrx_word' id='word_1_136' title='bbox 758 2140 1148 2195; x_wconf 89' lang='lat' dir='ltr'><strong>Abessalonem</strong></span> <span class='ocrx_word' id='word_1_137' title='bbox 1166 2148 1218 2195; x_wconf 93' lang='lat' dir='ltr'><strong>et</strong></span> <span class='ocrx_word' id='word_1_138' title='bbox 1247 2139 1484 2196; x_wconf 87' lang='lat' dir='ltr'><strong>Seonem</strong></span> <span class='ocrx_word' id='word_1_139' title='bbox 1534 2141 1867 2208; x_wconf 87' lang='lat' dir='ltr'><strong>Palatinum,</strong></span> <span class='ocrx_word' id='word_1_140' title='bbox 1896 2141 2059 2197; x_wconf 85' lang='lat' dir='ltr'><strong>alios-</strong></span> 
     </span>
    </p>
   </div>
   <div class='ocr_carea' id='block_1_24' title="bbox 467 2231 2054 2303">
    <p class='ocr_par' dir='ltr' id='par_1_24' title="bbox 467 2231 2054 2303">
     <span class='ocr_line' id='line_1_24' title="bbox 467 2231 2054 2303; baseline 0.003 -20"><span class='ocrx_word' id='word_1_141' title='bbox 467 2246 574 2302; x_wconf 88' lang='lat' dir='ltr'><strong>que</strong></span> <span class='ocrx_word' id='word_1_142' title='bbox 602 2232 810 2303; x_wconf 87' lang='lat' dir='ltr'><strong>legatos</strong></span> <span class='ocrx_word' id='word_1_143' title='bbox 841 2241 1007 2302; x_wconf 90' lang='lat' dir='ltr'><strong>atque</strong></span> <span class='ocrx_word' id='word_1_144' title='bbox 1038 2232 1288 2287; x_wconf 84' lang='lat' dir='ltr'><strong>tribunos</strong></span> <span class='ocrx_word' id='word_1_145' title='bbox 1320 2232 1465 2286; x_wconf 85' lang='lat' dir='ltr'><strong>haud</strong></span> <span class='ocrx_word' id='word_1_146' title='bbox 1494 2231 1783 2301; x_wconf 86' lang='lat' dir='ltr'><strong>pauciores</strong></span> <span class='ocrx_word' id='word_1_147' title='bbox 1811 2241 2054 2288; x_wconf 91' lang='lat' dir='ltr'><strong>centum.</strong></span> 
     </span>
    </p>
   </div>
   <div class='ocr_carea' id='block_1_25' title="bbox 473 2324 2059 2395">
    <p class='ocr_par' dir='ltr' id='par_1_25' title="bbox 473 2324 2059 2395">
     <span class='ocr_line' id='line_1_25' title="bbox 473 2324 2059 2395; baseline 0.001 -15"><span class='ocrx_word' id='word_1_148' title='bbox 473 2325 851 2382; x_wconf 84' lang='lat' dir='ltr'><strong>Servabantur</strong></span> <span class='ocrx_word' id='word_1_149' title='bbox 892 2341 1023 2395; x_wconf 89' lang='lat' dir='ltr'><strong>ergo</strong></span> <span class='ocrx_word' id='word_1_150' title='bbox 1072 2325 1153 2389; x_wconf 91' lang='lat' dir='ltr'><strong>hi,</strong></span> <span class='ocrx_word' id='word_1_151' title='bbox 1187 2338 1328 2394; x_wconf 91' lang='lat' dir='ltr'><strong>quos</strong></span> <span class='ocrx_word' id='word_1_152' title='bbox 1358 2324 1496 2390; x_wconf 78' lang='lat' dir='ltr'><strong>dixi,</strong></span> <span class='ocrx_word' id='word_1_153' title='bbox 1545 2325 1711 2380; x_wconf 89' lang='lat' dir='ltr'><strong>duces</strong></span> <span class='ocrx_word' id='word_1_154' title='bbox 1752 2326 1806 2379; x_wconf 87' lang='lat' dir='ltr'><strong>in</strong></span> <span class='ocrx_word' id='word_1_155' title='bbox 1834 2341 2059 2381; x_wconf 84' lang='lat' dir='ltr'><strong>carcere</strong></span> 
     </span>
    </p>
   </div>
   <div class='ocr_carea' id='block_1_26' title="bbox 473 2416 2061 2491">
    <p class='ocr_par' dir='ltr' id='par_1_26' title="bbox 473 2416 2061 2491">
     <span class='ocr_line' id='line_1_26' title="bbox 473 2416 2061 2491; baseline -0.001 -17"><span class='ocrx_word' id='word_1_156' title='bbox 473 2427 757 2474; x_wconf 86' lang='lat' dir='ltr'><strong>transacto</strong></span> <span class='ocrx_word' id='word_1_157' title='bbox 784 2419 927 2473; x_wconf 85' lang='lat' dir='ltr'><strong>bello</strong></span> <span class='ocrx_word' id='word_1_158' title='bbox 955 2435 970 2484; x_wconf 90' lang='lat'><strong>;</strong></span> <span class='ocrx_word' id='word_1_159' title='bbox 1009 2433 1074 2473; x_wconf 92' lang='lat' dir='ltr'><strong>ac</strong></span> <span class='ocrx_word' id='word_1_160' title='bbox 1098 2433 1261 2488; x_wconf 87' lang='lat' dir='ltr'><strong>quam</strong></span> <span class='ocrx_word' id='word_1_161' title='bbox 1293 2416 1537 2472; x_wconf 89' lang='lat' dir='ltr'><strong>Carbeas</strong></span> <span class='ocrx_word' id='word_1_162' title='bbox 1561 2427 1837 2487; x_wconf 75' lang='lat' dir='ltr'><strong>exegerat,</strong></span> <span class='ocrx_word' id='word_1_163' title='bbox 1870 2419 2061 2491; x_wconf 82' lang='lat' dir='ltr'><strong>ingen-</strong></span> 
     </span>
    </p>
   </div>
   <div class='ocr_carea' id='block_1_27' title="bbox 472 2510 2061 2580">
    <p class='ocr_par' dir='ltr' id='par_1_27' title="bbox 472 2510 2061 2580">
     <span class='ocr_line' id='line_1_27' title="bbox 472 2510 2061 2580; baseline 0.001 -14"><span class='ocrx_word' id='word_1_164' title='bbox 472 2522 580 2567; x_wconf 86' lang='lat' dir='ltr'><strong>tem</strong></span> <span class='ocrx_word' id='word_1_165' title='bbox 604 2511 716 2566; x_wconf 87' lang='lat' dir='ltr'><strong>vim</strong></span> <span class='ocrx_word' id='word_1_166' title='bbox 739 2511 857 2566; x_wconf 89' lang='lat' dir='ltr'><strong>auri</strong></span> <span class='ocrx_word' id='word_1_167' title='bbox 889 2511 1053 2565; x_wconf 93' lang='lat' dir='ltr'><strong>domo</strong></span> <span class='ocrx_word' id='word_1_168' title='bbox 1084 2510 1395 2574; x_wconf 89' lang='lat' dir='ltr'><strong>advectam,</strong></span> <span class='ocrx_word' id='word_1_169' title='bbox 1454 2511 1853 2579; x_wconf 88' lang='lat' dir='ltr'><strong>redemptionis</strong></span> <span class='ocrx_word' id='word_1_170' title='bbox 1885 2512 2061 2580; x_wconf 88' lang='lat' dir='ltr'><strong>pretio</strong></span> 
     </span>
    </p>
   </div>
   <div class='ocr_carea' id='block_1_28' title="bbox 473 2601 2059 2675">
    <p class='ocr_par' dir='ltr' id='par_1_28' title="bbox 473 2601 2059 2675">
     <span class='ocr_line' id='line_1_28' title="bbox 473 2601 2059 2675; baseline -0.003 -16"><span class='ocrx_word' id='word_1_171' title='bbox 473 2605 878 2675; x_wconf 83' lang='lat' dir='ltr'><strong>persolverunt.</strong></span> <span class='ocrx_word' id='word_1_172' title='bbox 906 2603 1144 2659; x_wconf 85' lang='lat' dir='ltr'><strong>Carbeas</strong></span> <span class='ocrx_word' id='word_1_173' title='bbox 1176 2604 1354 2673; x_wconf 89' lang='lat' dir='ltr'><strong>pretio</strong></span> <span class='ocrx_word' id='word_1_174' title='bbox 1382 2612 1603 2673; x_wconf 85' lang='lat' dir='ltr'><strong>accepto</strong></span> <span class='ocrx_word' id='word_1_175' title='bbox 1627 2601 1858 2657; x_wconf 82' lang='lat' dir='ltr'><strong>Seonem</strong></span> <span class='ocrx_word' id='word_1_176' title='bbox 1888 2603 2059 2656; x_wconf 88' lang='lat' dir='ltr'><strong>inter-</strong></span> 
     </span>
    </p>
   </div>
   <div class='ocr_carea' id='block_1_29' title="bbox 477 2696 2059 2768">
    <p class='ocr_par' dir='ltr' id='par_1_29' title="bbox 477 2696 2059 2768">
     <span class='ocr_line' id='line_1_29' title="bbox 477 2696 2059 2768; baseline -0.001 -16"><span class='ocrx_word' id='word_1_177' title='bbox 477 2708 653 2768; x_wconf 81' lang='lat' dir='ltr'><strong>rogat,</strong></span> <span class='ocrx_word' id='word_1_178' title='bbox 690 2714 817 2751; x_wconf 82' lang='lat' dir='ltr'><strong>num</strong></span> <span class='ocrx_word' id='word_1_179' title='bbox 859 2713 1196 2752; x_wconf 81' lang='lat' dir='ltr'><strong>venereorum</strong></span> <span class='ocrx_word' id='word_1_180' title='bbox 1232 2715 1412 2752; x_wconf 89' lang='lat' dir='ltr'><strong>amore</strong></span> <span class='ocrx_word' id='word_1_181' title='bbox 1451 2696 1752 2767; x_wconf 76' lang='lat' dir='ltr'><strong>afﬁciatur,</strong></span> <span class='ocrx_word' id='word_1_182' title='bbox 1787 2708 2059 2766; x_wconf 74' lang='lat' dir='ltr'><strong>malusque</strong></span> 
     </span>
    </p>
   </div>
   <div class='ocr_carea' id='block_1_30' title="bbox 472 2786 2059 2856">
    <p class='ocr_par' dir='ltr' id='par_1_30' title="bbox 472 2786 2059 2856">
     <span class='ocr_line' id='line_1_30' title="bbox 472 2786 2059 2856; baseline 0.001 -15"><span class='ocrx_word' id='word_1_183' title='bbox 472 2788 788 2843; x_wconf 84' lang='lat' dir='ltr'><strong>libidinosas</strong></span> <span class='ocrx_word' id='word_1_184' title='bbox 817 2789 872 2842; x_wconf 88' lang='lat' dir='ltr'><strong>in</strong></span> <span class='ocrx_word' id='word_1_185' title='bbox 917 2803 1135 2855; x_wconf 87' lang='lat' dir='ltr'><strong>corpore</strong></span> <span class='ocrx_word' id='word_1_186' title='bbox 1164 2789 1407 2845; x_wconf 73' lang='lat' dir='ltr'><strong>sentiat?</strong></span> <span class='ocrx_word' id='word_1_187' title='bbox 1435 2787 1677 2856; x_wconf 84' lang='lat' dir='ltr'><strong>Negante</strong></span> <span class='ocrx_word' id='word_1_188' title='bbox 1705 2786 1816 2850; x_wconf 88' lang='lat' dir='ltr'><strong>illo,</strong></span> <span class='ocrx_word' id='word_1_189' title='bbox 1850 2801 1915 2841; x_wconf 89' lang='lat' dir='ltr'><strong>ac</strong></span> <span class='ocrx_word' id='word_1_190' title='bbox 1967 2801 2059 2842; x_wconf 91' lang='lat' dir='ltr'><strong>as-</strong></span> 
     </span>
    </p>
   </div>
   <div class='ocr_carea' id='block_1_31' title="bbox 480 2877 2057 2948">
    <p class='ocr_par' dir='ltr' id='par_1_31' title="bbox 480 2877 2057 2948">
     <span class='ocr_line' id='line_1_31' title="bbox 480 2877 2057 2948; baseline -0.001 -14"><span class='ocrx_word' id='word_1_191' title='bbox 480 2889 698 2935; x_wconf 90' lang='lat' dir='ltr'><strong>serente</strong></span> <span class='ocrx_word' id='word_1_192' title='bbox 738 2879 872 2932; x_wconf 81' lang='lat' dir='ltr'><strong>nihil</strong></span> <span class='ocrx_word' id='word_1_193' title='bbox 901 2895 955 2933; x_wconf 89' lang='lat' dir='ltr'><strong>se</strong></span> <span class='ocrx_word' id='word_1_194' title='bbox 987 2880 1055 2932; x_wconf 83' lang='lat' dir='ltr'><strong>iis</strong></span> <span class='ocrx_word' id='word_1_195' title='bbox 1094 2879 1281 2948; x_wconf 80' lang='lat' dir='ltr'><strong>afﬁci,</strong></span> <span class='ocrx_word' id='word_1_196' title='bbox 1316 2877 1505 2933; x_wconf 87' lang='lat' dir='ltr'><strong>eadem</strong></span> <span class='ocrx_word' id='word_1_197' title='bbox 1540 2877 1738 2932; x_wconf 91' lang='lat' dir='ltr'><strong>iterum</strong></span> <span class='ocrx_word' id='word_1_198' title='bbox 1785 2891 1850 2932; x_wconf 80' lang='lat' dir='ltr'><strong>ex</strong></span> <span class='ocrx_word' id='word_1_199' title='bbox 1882 2877 2057 2933; x_wconf 86' lang='lat' dir='ltr'><strong>Abes-</strong></span> 
     </span>
    </p>
   </div>
   <div class='ocr_carea' id='block_1_32' title="bbox 473 2970 2055 3043">
    <p class='ocr_par' dir='ltr' id='par_1_32' title="bbox 473 2970 2055 3043">
     <span class='ocr_line' id='line_1_32' title="bbox 473 2970 2055 3043; baseline -0.002 -15"><span class='ocrx_word' id='word_1_200' title='bbox 473 2974 663 3028; x_wconf 81' lang='lat' dir='ltr'><strong>salone</strong></span> <span class='ocrx_word' id='word_1_201' title='bbox 720 2980 1094 3043; x_wconf 82' lang='lat' dir='ltr'><strong>percontatur.</strong></span> <span class='ocrx_word' id='word_1_202' title='bbox 1173 2970 1477 3026; x_wconf 78' lang='lat' dir='ltr'><strong>Abessalon</strong></span> <span class='ocrx_word' id='word_1_203' title='bbox 1536 2979 1717 3025; x_wconf 88' lang='lat' dir='ltr'><strong>autem</strong></span> <span class='ocrx_word' id='word_1_204' title='bbox 1775 2980 2055 3040; x_wconf 90' lang='lat' dir='ltr'><strong>comperta</strong></span> 
     </span>
    </p>
   </div>
   <div class='ocr_carea' id='block_1_33' title="bbox 476 3062 2058 3133">
    <p class='ocr_par' dir='ltr' id='par_1_33' title="bbox 476 3062 2058 3133">
     <span class='ocr_line' id='line_1_33' title="bbox 476 3062 2058 3133; baseline 0 -15"><span class='ocrx_word' id='word_1_205' title='bbox 476 3066 715 3120; x_wconf 89' lang='lat' dir='ltr'><strong>hominis</strong></span> <span class='ocrx_word' id='word_1_206' title='bbox 764 3064 1007 3133; x_wconf 85' lang='lat' dir='ltr'><strong>nequitia</strong></span> <span class='ocrx_word' id='word_1_207' title='bbox 1056 3078 1121 3119; x_wconf 81' lang='lat' dir='ltr'><strong>ac</strong></span> <span class='ocrx_word' id='word_1_208' title='bbox 1139 3063 1289 3130; x_wconf 88' lang='lat' dir='ltr'><strong>dolo,</strong></span> <span class='ocrx_word' id='word_1_209' title='bbox 1335 3063 1453 3118; x_wconf 90' lang='lat' dir='ltr'><strong>sive</strong></span> <span class='ocrx_word' id='word_1_210' title='bbox 1494 3062 1658 3117; x_wconf 91' lang='lat' dir='ltr'><strong>etiam</strong></span> <span class='ocrx_word' id='word_1_211' title='bbox 1704 3063 1848 3132; x_wconf 89' lang='lat' dir='ltr'><strong>quod</strong></span> <span class='ocrx_word' id='word_1_212' title='bbox 1888 3063 1968 3118; x_wconf 91' lang='lat' dir='ltr'><strong>sic</strong></span> <span class='ocrx_word' id='word_1_213' title='bbox 2000 3078 2058 3118; x_wconf 90' lang='lat' dir='ltr'><strong>re</strong></span> 
     </span>
    </p>
   </div>
   <div class='ocr_carea' id='block_1_34' title="bbox 476 3155 2129 3248">
    <p class='ocr_par' dir='ltr' id='par_1_34' title="bbox 476 3155 2129 3248">
     <span class='ocr_line' id='line_1_34' title="bbox 476 3155 2129 3248; baseline -0.001 -37"><span class='ocrx_word' id='word_1_214' title='bbox 476 3159 590 3226; x_wconf 75' lang='lat' dir='ltr'><strong>ipsa</strong></span> <span class='ocrx_word' id='word_1_215' title='bbox 624 3156 960 3219; x_wconf 79' lang='lat' dir='ltr'><strong>afﬁceretur,</strong></span> <span class='ocrx_word' id='word_1_216' title='bbox 984 3157 1061 3209; x_wconf 83' lang='lat' dir='ltr'><strong>ita</strong></span> <span class='ocrx_word' id='word_1_217' title='bbox 1083 3172 1257 3210; x_wconf 86' lang='lat' dir='ltr'><strong>secum</strong></span> <span class='ocrx_word' id='word_1_218' title='bbox 1293 3156 1380 3225; x_wconf 88' lang='lat' dir='ltr'><strong>agi</strong></span> <span class='ocrx_word' id='word_1_219' title='bbox 1410 3156 1661 3209; x_wconf 82' lang='lat' dir='ltr'><strong>acrarnis</strong></span> <span class='ocrx_word' id='word_1_220' title='bbox 1694 3165 1865 3209; x_wconf 88' lang='lat' dir='ltr'><strong>motus</strong></span> <span class='ocrx_word' id='word_1_221' title='bbox 1894 3155 2057 3210; x_wconf 88' lang='lat' dir='ltr'><strong>mole-</strong></span> <span class='ocrx_word' id='word_1_222' title='bbox 2087 3190 2129 3248; x_wconf 68' lang='grc' dir='ltr'>ο</span> 
     </span>
    </p>
   </div>
   <div class='ocr_carea' id='block_1_35' title="bbox 473 3244 2058 3318">
    <p class='ocr_par' dir='ltr' id='par_1_35' title="bbox 473 3244 2058 3318">
     <span class='ocr_line' id='line_1_35' title="bbox 473 3244 2058 3318; baseline -0.002 -15"><span class='ocrx_word' id='word_1_223' title='bbox 473 3261 579 3303; x_wconf 74' lang='lat' dir='ltr'><strong>stos</strong></span> <span class='ocrx_word' id='word_1_224' title='bbox 607 3249 764 3318; x_wconf 79' lang='lat' dir='ltr'><strong>ferre,</strong></span> <span class='ocrx_word' id='word_1_225' title='bbox 790 3247 1095 3318; x_wconf 83' lang='lat' dir='ltr'><strong>respondit.</strong></span> <span class='ocrx_word' id='word_1_226' title='bbox 1122 3247 1262 3301; x_wconf 88' lang='lat' dir='ltr'><strong>Tum</strong></span> <span class='ocrx_word' id='word_1_227' title='bbox 1295 3247 1342 3299; x_wconf 88' lang='lat' dir='ltr'><strong>ei</strong></span> <span class='ocrx_word' id='word_1_228' title='bbox 1367 3246 1644 3301; x_wconf 79' lang='lat' dir='ltr'><strong>Carbeas:</strong></span> <span class='ocrx_word' id='word_1_229' title='bbox 1682 3244 1759 3298; x_wconf 84' lang='lat' dir='ltr'><strong>Tu</strong></span> <span class='ocrx_word' id='word_1_230' title='bbox 1780 3262 1812 3298; x_wconf 88' lang='lat' dir='ltr'><strong>a</strong></span> <span class='ocrx_word' id='word_1_231' title='bbox 1838 3246 2058 3301; x_wconf 83' lang='lat' dir='ltr'><strong>vinculis</strong></span> 
     </span>
    </p>
   </div>
   <div class='ocr_carea' id='block_1_36' title="bbox 472 3334 2060 3406">
    <p class='ocr_par' dir='ltr' id='par_1_36' title="bbox 472 3334 2060 3406">
     <span class='ocr_line' id='line_1_36' title="bbox 472 3334 2060 3406; baseline 0 -16"><span class='ocrx_word' id='word_1_232' title='bbox 472 3339 605 3393; x_wconf 84' lang='lat' dir='ltr'><strong>liber</strong></span> <span class='ocrx_word' id='word_1_233' title='bbox 626 3349 755 3402; x_wconf 83' lang='lat' dir='ltr'><strong>esto,</strong></span> <span class='ocrx_word' id='word_1_234' title='bbox 797 3337 1071 3406; x_wconf 86' lang='lat' dir='ltr'><strong>simulque</strong></span> <span class='ocrx_word' id='word_1_235' title='bbox 1101 3336 1339 3400; x_wconf 89' lang='lat' dir='ltr'><strong>dimisit;</strong></span> <span class='ocrx_word' id='word_1_236' title='bbox 1365 3334 1528 3390; x_wconf 89' lang='lat' dir='ltr'><strong>Seoni</strong></span> <span class='ocrx_word' id='word_1_237' title='bbox 1551 3349 1684 3389; x_wconf 91' lang='lat' dir='ltr'><strong>vero</strong></span> <span class='ocrx_word' id='word_1_238' title='bbox 1720 3334 1912 3390; x_wconf 84' lang='lat' dir='ltr'><strong>:Cerle</strong></span> <span class='ocrx_word' id='word_1_239' title='bbox 1957 3352 2060 3390; x_wconf 81' lang='lat' dir='ltr'><strong>non</strong></span> 
     </span>
    </p>
   </div>
   <div class='ocr_carea' id='block_1_37' title="bbox 475 3427 2058 3497">
    <p class='ocr_par' dir='ltr' id='par_1_37' title="bbox 475 3427 2058 3497">
     <span class='ocr_line' id='line_1_37' title="bbox 475 3427 2058 3497; baseline 0.001 -14"><span class='ocrx_word' id='word_1_240' title='bbox 475 3429 584 3484; x_wconf 76' lang='lat' dir='ltr'><strong>uult</strong></span> <span class='ocrx_word' id='word_1_241' title='bbox 623 3429 759 3482; x_wconf 86' lang='lat' dir='ltr'><strong>Deus</strong></span> <span class='ocrx_word' id='word_1_242' title='bbox 778 3437 833 3482; x_wconf 83' lang='lat' dir='ltr'><strong>ut</strong></span> <span class='ocrx_word' id='word_1_243' title='bbox 857 3446 889 3482; x_wconf 91' lang='lat' dir='ltr'><strong>a</strong></span> <span class='ocrx_word' id='word_1_244' title='bbox 930 3444 1143 3482; x_wconf 83' lang='lat' dir='ltr'><strong>carcere</strong></span> <span class='ocrx_word' id='word_1_245' title='bbox 1171 3428 1437 3493; x_wconf 81' lang='lat' dir='ltr'><strong>libereris,</strong></span> <span class='ocrx_word' id='word_1_246' title='bbox 1474 3427 1749 3497; x_wconf 88' lang='lat' dir='ltr'><strong>simulque</strong></span> <span class='ocrx_word' id='word_1_247' title='bbox 1780 3431 2058 3495; x_wconf 90' lang='lat' dir='ltr'><strong>restituto,</strong></span> 
     </span>
    </p>
   </div>
   <div class='ocr_carea' id='block_1_38' title="bbox 475 3520 2064 3590">
    <p class='ocr_par' dir='ltr' id='par_1_38' title="bbox 475 3520 2064 3590">
     <span class='ocr_line' id='line_1_38' title="bbox 475 3520 2064 3590; baseline 0.001 -15"><span class='ocrx_word' id='word_1_248' title='bbox 475 3520 624 3590; x_wconf 90' lang='lat' dir='ltr'><strong>quod</strong></span> <span class='ocrx_word' id='word_1_249' title='bbox 654 3530 958 3590; x_wconf 88' lang='lat' dir='ltr'><strong>acceperat,</strong></span> <span class='ocrx_word' id='word_1_250' title='bbox 997 3520 1393 3590; x_wconf 83' lang='lat' dir='ltr'><strong>redemptionis</strong></span> <span class='ocrx_word' id='word_1_251' title='bbox 1422 3520 1618 3590; x_wconf 87' lang='lat' dir='ltr'><strong>pretio,</strong></span> <span class='ocrx_word' id='word_1_252' title='bbox 1653 3520 1828 3576; x_wconf 90' lang='lat' dir='ltr'><strong>donec</strong></span> <span class='ocrx_word' id='word_1_253' title='bbox 1860 3522 2064 3577; x_wconf 76' lang='lat' dir='ltr'><strong>elllavit</strong></span> 
     </span>
    </p>
   </div>
   <div class='ocr_carea' id='block_1_39' title="bbox 476 3610 1438 3666">
    <p class='ocr_par' dir='ltr' id='par_1_39' title="bbox 476 3610 1438 3666">
     <span class='ocr_line' id='line_1_39' title="bbox 476 3610 1438 3666; baseline -0.002 0"><span class='ocrx_word' id='word_1_254' title='bbox 476 3611 717 3666; x_wconf 84' lang='lat' dir='ltr'><strong>animam</strong></span> <span class='ocrx_word' id='word_1_255' title='bbox 743 3612 796 3664; x_wconf 91' lang='lat' dir='ltr'><strong>in</strong></span> <span class='ocrx_word' id='word_1_256' title='bbox 836 3625 1059 3666; x_wconf 87' lang='lat' dir='ltr'><strong>carcere</strong></span> <span class='ocrx_word' id='word_1_257' title='bbox 1091 3625 1217 3665; x_wconf 91' lang='lat' dir='ltr'><strong>eum</strong></span> <span class='ocrx_word' id='word_1_258' title='bbox 1242 3610 1438 3664; x_wconf 75' lang='lat' dir='ltr'><strong>ternuit.</strong></span> 
     </span>
    </p>
   </div>
   <div class='ocr_carea' id='block_1_40' title="bbox 547 3701 2063 3773">
    <p class='ocr_par' dir='ltr' id='par_1_40' title="bbox 547 3701 2063 3773">
     <span class='ocr_line' id='line_1_40' title="bbox 547 3701 2063 3773; baseline 0.001 -16"><span class='ocrx_word' id='word_1_259' title='bbox 547 3702 637 3757; x_wconf 73' lang='grc'><strong>24.</strong></span> <span class='ocrx_word' id='word_1_260' title='bbox 698 3702 840 3769; x_wconf 84' lang='lat' dir='ltr'><strong>Quia</strong></span> <span class='ocrx_word' id='word_1_261' title='bbox 880 3717 1011 3757; x_wconf 81' lang='lat' dir='ltr'><strong>vero</strong></span> <span class='ocrx_word' id='word_1_262' title='bbox 1038 3704 1176 3757; x_wconf 88' lang='lat' dir='ltr'><strong>alter</strong></span> <span class='ocrx_word' id='word_1_263' title='bbox 1197 3701 1309 3773; x_wconf 86' lang='lat' dir='ltr'><strong>jam</strong></span> <span class='ocrx_word' id='word_1_264' title='bbox 1337 3718 1566 3758; x_wconf 83' lang='lat' dir='ltr'><strong>annusa</strong></span> <span class='ocrx_word' id='word_1_265' title='bbox 1605 3704 1881 3773; x_wconf 86' lang='lat' dir='ltr'><strong>superiori</strong></span> <span class='ocrx_word' id='word_1_266' title='bbox 1905 3703 2063 3759; x_wconf 85' lang='lat' dir='ltr'><strong>clade</strong></span> 
     </span>
    </p>
   </div>
   <div class='ocr_carea' id='block_1_41' title="bbox 475 3793 2062 3864">
    <p class='ocr_par' dir='ltr' id='par_1_41' title="bbox 475 3793 2062 3864">
     <span class='ocr_line' id='line_1_41' title="bbox 475 3793 2062 3864; baseline -0.001 -15"><span class='ocrx_word' id='word_1_267' title='bbox 475 3794 778 3859; x_wconf 75' lang='lat' dir='ltr'><strong>elliuxerat,</strong></span> <span class='ocrx_word' id='word_1_268' title='bbox 820 3794 1049 3849; x_wconf 89' lang='lat' dir='ltr'><strong>audiens</strong></span> <span class='ocrx_word' id='word_1_269' title='bbox 1082 3793 1313 3848; x_wconf 77' lang='lat' dir='ltr'><strong>Michael</strong></span> <span class='ocrx_word' id='word_1_270' title='bbox 1344 3795 1567 3864; x_wconf 77' lang='lat' dir='ltr'><strong>triginta</strong></span> <span class='ocrx_word' id='word_1_271' title='bbox 1594 3795 1824 3849; x_wconf 88' lang='lat' dir='ltr'><strong>millium</strong></span> <span class='ocrx_word' id='word_1_272' title='bbox 1862 3794 1916 3847; x_wconf 93' lang='lat' dir='ltr'><strong>in</strong></span> <span class='ocrx_word' id='word_1_273' title='bbox 1957 3796 2062 3848; x_wconf 71' lang='lat' dir='ltr'><strong>lio-</strong></span> 
     </span>
    </p>
   </div>
   <div class='ocr_carea' id='block_1_42' title="bbox 481 3885 2065 3957">
    <p class='ocr_par' dir='ltr' id='par_1_42' title="bbox 481 3885 2065 3957">
     <span class='ocr_line' id='line_1_42' title="bbox 481 3885 2065 3957; baseline 0.001 -18"><span class='ocrx_word' id='word_1_274' title='bbox 481 3902 699 3940; x_wconf 88' lang='lat' dir='ltr'><strong>manam</strong></span> <span class='ocrx_word' id='word_1_275' title='bbox 727 3886 988 3939; x_wconf 89' lang='lat' dir='ltr'><strong>ditionem</strong></span> <span class='ocrx_word' id='word_1_276' title='bbox 1014 3885 1214 3940; x_wconf 83' lang='lat' dir='ltr'><strong>factam</strong></span> <span class='ocrx_word' id='word_1_277' title='bbox 1245 3885 1629 3957; x_wconf 89' lang='lat' dir='ltr'><strong>irruptionem,</strong></span> <span class='ocrx_word' id='word_1_278' title='bbox 1657 3901 1722 3941; x_wconf 89' lang='lat' dir='ltr'><strong>ac</strong></span> <span class='ocrx_word' id='word_1_279' title='bbox 1750 3886 1945 3940; x_wconf 88' lang='lat' dir='ltr'><strong>iterum</strong></span> <span class='ocrx_word' id='word_1_280' title='bbox 1972 3900 2065 3940; x_wconf 87' lang='lat' dir='ltr'><strong>ac-</strong></span> 
     </span>
    </p>
   </div>
   <div class='ocr_carea' id='block_1_43' title="bbox 478 3977 2063 4048">
    <p class='ocr_par' dir='ltr' id='par_1_43' title="bbox 478 3977 2063 4048">
     <span class='ocr_line' id='line_1_43' title="bbox 478 3977 2063 4048; baseline 0.001 -16"><span class='ocrx_word' id='word_1_281' title='bbox 478 3989 635 4047; x_wconf 86' lang='lat' dir='ltr'><strong>cepta</strong></span> <span class='ocrx_word' id='word_1_282' title='bbox 662 3979 861 4033; x_wconf 87' lang='lat' dir='ltr'><strong>damna</strong></span> <span class='ocrx_word' id='word_1_283' title='bbox 881 3993 947 4032; x_wconf 80' lang='lat' dir='ltr'><strong>ex</strong></span> <span class='ocrx_word' id='word_1_284' title='bbox 981 3978 1209 4032; x_wconf 89' lang='lat' dir='ltr'><strong>victoria</strong></span> <span class='ocrx_word' id='word_1_285' title='bbox 1242 3979 1469 4048; x_wconf 89' lang='lat' dir='ltr'><strong>cupiens</strong></span> <span class='ocrx_word' id='word_1_286' title='bbox 1493 3977 1785 4043; x_wconf 89' lang='lat' dir='ltr'><strong>resarcire,</strong></span> <span class='ocrx_word' id='word_1_287' title='bbox 1819 3977 2063 4034; x_wconf 87' lang='lat' dir='ltr'><strong>collectis</strong></span> 
     </span>
    </p>
   </div>
   <div class='ocr_carea' id='block_1_44' title="bbox 474 4068 2066 4142">
    <p class='ocr_par' dir='ltr' id='par_1_44' title="bbox 474 4068 2066 4142">
     <span class='ocr_line' id='line_1_44' title="bbox 474 4068 2066 4142; baseline 0.002 -19"><span class='ocrx_word' id='word_1_288' title='bbox 474 4086 542 4124; x_wconf 81' lang='lat' dir='ltr'><strong>ex</strong></span> <span class='ocrx_word' id='word_1_289' title='bbox 580 4068 992 4125; x_wconf 88' lang='lat' dir='ltr'><strong>Thracensibus</strong></span> <span class='ocrx_word' id='word_1_290' title='bbox 1029 4086 1093 4126; x_wconf 91' lang='lat' dir='ltr'><strong>ae</strong></span> <span class='ocrx_word' id='word_1_291' title='bbox 1124 4070 1516 4127; x_wconf 82' lang='lat' dir='ltr'><strong>Macedonibus</strong></span> <span class='ocrx_word' id='word_1_292' title='bbox 1549 4070 1913 4142; x_wconf 76' lang='lat' dir='ltr'><strong>quadraginta</strong></span> <span class='ocrx_word' id='word_1_293' title='bbox 1943 4072 2066 4126; x_wconf 92' lang='lat' dir='ltr'><strong>mil-</strong></span> 
     </span>
    </p>
   </div>
   <div class='ocr_carea' id='block_1_45' title="bbox 478 4161 2061 4220">
    <p class='ocr_par' dir='ltr' id='par_1_45' title="bbox 478 4161 2061 4220">
     <span class='ocr_line' id='line_1_45' title="bbox 478 4161 2061 4220; baseline 0.003 -6"><span class='ocrx_word' id='word_1_294' title='bbox 478 4162 623 4217; x_wconf 86' lang='lat' dir='ltr'><strong>libus</strong></span> <span class='ocrx_word' id='word_1_295' title='bbox 651 4161 833 4216; x_wconf 88' lang='lat' dir='ltr'><strong>alacer</strong></span> <span class='ocrx_word' id='word_1_296' title='bbox 859 4162 941 4217; x_wconf 90' lang='lat' dir='ltr'><strong>eis</strong></span> <span class='ocrx_word' id='word_1_297' title='bbox 977 4162 1193 4216; x_wconf 83' lang='lat' dir='ltr'><strong>obviam</strong></span> <span class='ocrx_word' id='word_1_298' title='bbox 1220 4162 1388 4218; x_wconf 89' lang='lat' dir='ltr'><strong>venit.</strong></span> <span class='ocrx_word' id='word_1_299' title='bbox 1422 4162 1522 4219; x_wconf 86' lang='lat' dir='ltr'><strong>Ubi</strong></span> <span class='ocrx_word' id='word_1_300' title='bbox 1553 4172 1735 4218; x_wconf 85' lang='lat' dir='ltr'><strong>autem</strong></span> <span class='ocrx_word' id='word_1_301' title='bbox 1774 4164 1843 4218; x_wconf 88' lang='lat' dir='ltr'><strong>ad</strong></span> <span class='ocrx_word' id='word_1_302' title='bbox 1874 4164 2061 4220; x_wconf 90' lang='lat' dir='ltr'><strong>locum</strong></span> 
     </span>
    </p>
   </div>
   <div class='ocr_carea' id='block_1_46' title="bbox 476 4253 2063 4323">
    <p class='ocr_par' dir='ltr' id='par_1_46' title="bbox 476 4253 2063 4323">
     <span class='ocr_line' id='line_1_46' title="bbox 476 4253 2063 4323; baseline 0.004 -17"><span class='ocrx_word' id='word_1_303' title='bbox 476 4253 766 4322; x_wconf 84' lang='lat' dir='ltr'><strong>quemdam</strong></span> <span class='ocrx_word' id='word_1_304' title='bbox 808 4254 1030 4323; x_wconf 82' lang='lat' dir='ltr'><strong>pascuis</strong></span> <span class='ocrx_word' id='word_1_305' title='bbox 1076 4255 1301 4311; x_wconf 85' lang='lat' dir='ltr'><strong>uberem</strong></span> <span class='ocrx_word' id='word_1_306' title='bbox 1363 4255 1644 4311; x_wconf 88' lang='lat' dir='ltr'><strong>Celarium</strong></span> <span class='ocrx_word' id='word_1_307' title='bbox 1692 4256 1901 4312; x_wconf 89' lang='lat' dir='ltr'><strong>dictum</strong></span> <span class='ocrx_word' id='word_1_308' title='bbox 1956 4260 2063 4313; x_wconf 81' lang='lat' dir='ltr'><strong>lixa</strong></span> 
     </span>
    </p>
   </div>
   <div class='ocr_carea' id='block_1_47' title="bbox 479 4344 2065 4417">
    <p class='ocr_par' dir='ltr' id='par_1_47' title="bbox 479 4344 2065 4417">
     <span class='ocr_line' id='line_1_47' title="bbox 479 4344 2065 4417; baseline 0.006 -22"><span class='ocrx_word' id='word_1_309' title='bbox 479 4345 713 4398; x_wconf 74' lang='lat' dir='ltr'><strong>tentoria</strong></span> <span class='ocrx_word' id='word_1_310' title='bbox 763 4353 971 4409; x_wconf 90' lang='lat' dir='ltr'><strong>essent,</strong></span> <span class='ocrx_word' id='word_1_311' title='bbox 1007 4344 1175 4399; x_wconf 81' lang='lat' dir='ltr'><strong>Amer</strong></span> <span class='ocrx_word' id='word_1_312' title='bbox 1225 4344 1339 4414; x_wconf 87' lang='lat' dir='ltr'><strong>jam</strong></span> <span class='ocrx_word' id='word_1_313' title='bbox 1389 4345 1610 4401; x_wconf 79' lang='lat' dir='ltr'><strong>infestis</strong></span> <span class='ocrx_word' id='word_1_314' title='bbox 1659 4347 1714 4399; x_wconf 95' lang='lat' dir='ltr'><strong>in</strong></span> <span class='ocrx_word' id='word_1_315' title='bbox 1746 4361 1843 4402; x_wconf 87' lang='lat' dir='ltr'><strong>eos</strong></span> <span class='ocrx_word' id='word_1_316' title='bbox 1888 4347 2065 4417; x_wconf 84' lang='lat' dir='ltr'><strong>signis</strong></span> 
     </span>
    </p>
   </div>
   <div class='ocr_carea' id='block_1_48' title="bbox 418 4440 2066 4510">
    <p class='ocr_par' dir='ltr' id='par_1_48' title="bbox 418 4440 2066 4510">
     <span class='ocr_line' id='line_1_48' title="bbox 418 4440 2066 4510; baseline 0.02 -21"><span class='ocrx_word' id='word_1_317' title='bbox 418 4460 422 4473; x_wconf 79' lang='grc' dir='ltr'><strong>ι</strong></span> <span class='ocrx_word' id='word_1_318' title='bbox 462 4454 832 4505; x_wconf 80' lang='lat' dir='ltr'><strong>procurrens,</strong></span> <span class='ocrx_word' id='word_1_319' title='bbox 866 4440 1085 4510; x_wconf 81' lang='lat' dir='ltr'><strong>longius</strong></span> <span class='ocrx_word' id='word_1_320' title='bbox 1121 4440 1405 4510; x_wconf 68' lang='lat' dir='ltr'><strong>digressus</strong></span> <span class='ocrx_word' id='word_1_321' title='bbox 1445 4441 1608 4510; x_wconf 75' lang='grc'><strong>178</strong></span> <span class='ocrx_word' id='word_1_322' title='bbox 1656 4442 1731 4494; x_wconf 63' lang='lat'><strong>“1’</strong></span> <span class='ocrx_word' id='word_1_323' title='bbox 1771 4450 1944 4496; x_wconf 56' lang='lat' dir='ltr'><strong>suam</strong></span> <span class='ocrx_word' id='word_1_324' title='bbox 1964 4457 2066 4509; x_wconf 67' lang='grc' dir='ltr'><strong>βυ·</strong></span> 
     </span>
    </p>
   </div>
   <div class='ocr_carea' id='block_1_49' title="bbox 2154 572 3749 646">
    <p class='ocr_par' dir='ltr' id='par_1_49' title="bbox 2154 572 3749 646">
     <span class='ocr_line' id='line_1_49' title="bbox 2154 572 3749 646; baseline -0.004 -14"><span class='ocrx_word' id='word_1_325' title='bbox 2154 578 2484 646; x_wconf 82' lang='grc' dir='ltr'><strong>ἀφυλάκτως</strong></span> <span class='ocrx_word' id='word_1_326' title='bbox 2506 575 2788 638; x_wconf 78' lang='grc' dir='ltr'><strong>τελοῦντες</strong></span> <span class='ocrx_word' id='word_1_327' title='bbox 2804 573 3092 639; x_wconf 78' lang='grc' dir='ltr'>αύτὰ,εῖτε</span> <span class='ocrx_word' id='word_1_328' title='bbox 3124 572 3220 633; x_wconf 73' lang='grc' dir='ltr'><strong>καὶ</strong></span> <span class='ocrx_word' id='word_1_329' title='bbox 3252 573 3749 644; x_wconf 76' lang='grc' dir='ltr'><strong>καταφρονητικῶς</strong></span> 
     </span>
    </p>
   </div>
   <div class='ocr_carea' id='block_1_50' title="bbox 2151 662 3753 741">
    <p class='ocr_par' dir='ltr' id='par_1_50' title="bbox 2151 662 3753 741">
     <span class='ocr_line' id='line_1_50' title="bbox 2151 662 3753 741; baseline -0.004 -17"><span class='ocrx_word' id='word_1_330' title='bbox 2151 670 2366 741; x_wconf 73' lang='grc' dir='ltr'>ἔχοντες</span> <span class='ocrx_word' id='word_1_331' title='bbox 2405 668 2541 739; x_wconf 86' lang='grc' dir='ltr'>πρὸς</span> <span class='ocrx_word' id='word_1_332' title='bbox 2604 668 2702 740; x_wconf 83' lang='grc' dir='ltr'>τὴν</span> <span class='ocrx_word' id='word_1_333' title='bbox 2760 668 2918 727; x_wconf 85' lang='grc' dir='ltr'>πόλιν</span> <span class='ocrx_word' id='word_1_334' title='bbox 2955 666 3024 720; x_wconf 83' lang='grc' dir='ltr'>δι’</span> <span class='ocrx_word' id='word_1_335' title='bbox 3081 665 3342 736; x_wconf 74' lang='grc' dir='ltr'><strong>ἀπειρίαν</strong></span> <span class='ocrx_word' id='word_1_336' title='bbox 3390 662 3467 729; x_wconf 84' lang='grc' dir='ltr'>ὡς</span> <span class='ocrx_word' id='word_1_337' title='bbox 3505 664 3579 735; x_wconf 84' lang='grc' dir='ltr'><strong>μὴ</strong></span> <span class='ocrx_word' id='word_1_338' title='bbox 3609 664 3753 735; x_wconf 72' lang='grc' dir='ltr'>πρὸς</span> 
     </span>
    </p>
   </div>
   <div class='ocr_carea' id='block_1_51' title="bbox 2154 756 3757 834">
    <p class='ocr_par' dir='ltr' id='par_1_51' title="bbox 2154 756 3757 834">
     <span class='ocr_line' id='line_1_51' title="bbox 2154 756 3757 834; baseline -0.003 -18"><span class='ocrx_word' id='word_1_339' title='bbox 2154 762 2375 833; x_wconf 82' lang='grc' dir='ltr'>βασιλέα</span> <span class='ocrx_word' id='word_1_340' title='bbox 2410 763 2697 833; x_wconf 85' lang='grc' dir='ltr'>Ῥωμαίων</span> <span class='ocrx_word' id='word_1_341' title='bbox 2727 756 2859 834; x_wconf 82' lang='grc' dir='ltr'>ἆραι</span> <span class='ocrx_word' id='word_1_342' title='bbox 2884 758 3191 831; x_wconf 81' lang='grc' dir='ltr'>τολμῶντος</span> <span class='ocrx_word' id='word_1_343' title='bbox 3222 758 3383 831; x_wconf 83' lang='grc' dir='ltr'>χεῖρά</span> <span class='ocrx_word' id='word_1_344' title='bbox 3412 774 3579 820; x_wconf 83' lang='grc' dir='ltr'>τινος,</span> <span class='ocrx_word' id='word_1_345' title='bbox 3603 761 3757 812; x_wconf 67' lang='grc' dir='ltr'>κατὰ.</span> 
     </span>
    </p>
   </div>
   <div class='ocr_carea' id='block_1_52' title="bbox 2152 840 3754 929">
    <p class='ocr_par' dir='ltr' id='par_1_52' title="bbox 2152 840 3754 929">
     <span class='ocr_line' id='line_1_52' title="bbox 2152 840 3754 929; baseline -0.001 -22"><span class='ocrx_word' id='word_1_346' title='bbox 2152 840 2249 926; x_wconf 84' lang='grc' dir='ltr'><strong>τὴν</strong></span> <span class='ocrx_word' id='word_1_347' title='bbox 2273 855 2423 927; x_wconf 84' lang='grc' dir='ltr'>ὥραν</span> <span class='ocrx_word' id='word_1_348' title='bbox 2454 857 2512 909; x_wconf 81' lang='grc' dir='ltr'>ὲν</span> <span class='ocrx_word' id='word_1_349' title='bbox 2552 848 2585 928; x_wconf 75' lang='grc' dir='ltr'>ᾖ</span> <span class='ocrx_word' id='word_1_350' title='bbox 2613 854 2723 906; x_wconf 86' lang='grc' dir='ltr'><strong>τῶν</strong></span> <span class='ocrx_word' id='word_1_351' title='bbox 2755 853 2917 912; x_wconf 86' lang='grc' dir='ltr'>θείων</span> <span class='ocrx_word' id='word_1_352' title='bbox 2940 852 3167 929; x_wconf 78' lang='grc' dir='ltr'>ἔμελλον</span> <span class='ocrx_word' id='word_1_353' title='bbox 3205 856 3503 924; x_wconf 76' lang='grc' dir='ltr'>μετασχεῖν</span> <span class='ocrx_word' id='word_1_354' title='bbox 3538 870 3754 927; x_wconf 74' lang='grc' dir='ltr'>μυστηο</span> 
     </span>
    </p>
   </div>
   <div class='ocr_carea' id='block_1_53' title="bbox 2156 942 3749 1014">
    <p class='ocr_par' dir='ltr' id='par_1_53' title="bbox 2156 942 3749 1014">
     <span class='ocr_line' id='line_1_53' title="bbox 2156 942 3749 1014; baseline 0.002 -22"><span class='ocrx_word' id='word_1_355' title='bbox 2156 943 2308 1013; x_wconf 91' lang='grc' dir='ltr'>ρίων,</span> <span class='ocrx_word' id='word_1_356' title='bbox 2348 942 2611 996; x_wconf 80' lang='grc' dir='ltr'>πάντοθεν</span> <span class='ocrx_word' id='word_1_357' title='bbox 2645 942 2765 1011; x_wconf 73' lang='grc' dir='ltr'>μεθ’</span> <span class='ocrx_word' id='word_1_358' title='bbox 2793 943 2973 996; x_wconf 84' lang='grc' dir='ltr'>ὅπλων</span> <span class='ocrx_word' id='word_1_359' title='bbox 3000 943 3457 1014; x_wconf 76' lang='grc' dir='ltr'>ἐκπεπηδηκότες</span> <span class='ocrx_word' id='word_1_360' title='bbox 3512 943 3612 1012; x_wconf 83' lang='grc' dir='ltr'>τῆς</span> <span class='ocrx_word' id='word_1_361' title='bbox 3644 945 3749 995; x_wconf 56' lang='grc' dir='ltr'>πό-</span> 
     </span>
    </p>
   </div>
   <div class='ocr_carea' id='block_1_54' title="bbox 2153 1031 3751 1109">
    <p class='ocr_par' dir='ltr' id='par_1_54' title="bbox 2153 1031 3751 1109">
     <span class='ocr_line' id='line_1_54' title="bbox 2153 1031 3751 1109; baseline 0 -22"><span class='ocrx_word' id='word_1_362' title='bbox 2153 1036 2310 1100; x_wconf 77' lang='grc' dir='ltr'>λεως,</span> <span class='ocrx_word' id='word_1_363' title='bbox 2344 1036 2443 1088; x_wconf 79' lang='grc' dir='ltr'><strong>οὐκ</strong></span> <span class='ocrx_word' id='word_1_364' title='bbox 2468 1031 2536 1106; x_wconf 82' lang='grc' dir='ltr'>ἦν</span> <span class='ocrx_word' id='word_1_365' title='bbox 2563 1035 2690 1091; x_wconf 71' lang='grc' dir='ltr'>ἰδεῖν</span> <span class='ocrx_word' id='word_1_366' title='bbox 2717 1035 2806 1108; x_wconf 77' lang='grc' dir='ltr'><strong>τὸν</strong></span> <span class='ocrx_word' id='word_1_367' title='bbox 2839 1035 2991 1100; x_wconf 82' lang='grc' dir='ltr'>ὅστις</span> <span class='ocrx_word' id='word_1_368' title='bbox 3045 1035 3336 1106; x_wconf 83' lang='grc' dir='ltr'>Ῥωμαίων</span> <span class='ocrx_word' id='word_1_369' title='bbox 3377 1034 3464 1109; x_wconf 86' lang='grc' dir='ltr'><strong>[Ρ.</strong></span> <span class='ocrx_word' id='word_1_370' title='bbox 3493 1035 3617 1106; x_wconf 77' lang='lat' dir='ltr'><strong>HO]</strong></span> <span class='ocrx_word' id='word_1_371' title='bbox 3645 1037 3751 1088; x_wconf 78' lang='grc' dir='ltr'><strong>οὐκ</strong></span> 
     </span>
    </p>
   </div>
   <div class='ocr_carea' id='block_1_55' title="bbox 2156 1127 3751 1199">
    <p class='ocr_par' dir='ltr' id='par_1_55' title="bbox 2156 1127 3751 1199">
     <span class='ocr_line' id='line_1_55' title="bbox 2156 1127 3751 1199; baseline 0 -18"><span class='ocrx_word' id='word_1_372' title='bbox 2156 1129 2355 1199; x_wconf 77' lang='grc' dir='ltr'>ἐχρῆτο</span> <span class='ocrx_word' id='word_1_373' title='bbox 2389 1131 2559 1197; x_wconf 81' lang='grc' dir='ltr'>φυγῇ.</span> <span class='ocrx_word' id='word_1_374' title='bbox 2599 1127 2772 1181; x_wconf 83' lang='grc' dir='ltr'>Ἔνθα</span> <span class='ocrx_word' id='word_1_375' title='bbox 2811 1127 2906 1181; x_wconf 71' lang='grc' dir='ltr'>καὶ</span> <span class='ocrx_word' id='word_1_376' title='bbox 2954 1130 2981 1181; x_wconf 83' lang='grc' dir='ltr'><strong>ό</strong></span> <span class='ocrx_word' id='word_1_377' title='bbox 3036 1128 3262 1199; x_wconf 81' lang='grc' dir='ltr'>Μιχαὴλ</span> <span class='ocrx_word' id='word_1_378' title='bbox 3307 1127 3461 1197; x_wconf 82' lang='grc' dir='ltr'><strong>μόλις</strong></span> <span class='ocrx_word' id='word_1_379' title='bbox 3515 1145 3617 1180; x_wconf 90' lang='grc' dir='ltr'><strong>που</strong></span> <span class='ocrx_word' id='word_1_380' title='bbox 3651 1128 3751 1181; x_wconf 79' lang='grc' dir='ltr'>τὸν</span> 
     </span>
    </p>
   </div>
   <div class='ocr_carea' id='block_1_56' title="bbox 2156 1206 3752 1292">
    <p class='ocr_par' dir='ltr' id='par_1_56' title="bbox 2156 1206 3752 1292">
     <span class='ocr_line' id='line_1_56' title="bbox 2156 1206 3752 1292; baseline 0.001 -19"><span class='ocrx_word' id='word_1_381' title='bbox 2156 1206 2324 1274; x_wconf 80' lang='grc' dir='ltr'>ἵππον</span> <span class='ocrx_word' id='word_1_382' title='bbox 2352 1220 2561 1282; x_wconf 73' lang='grc' dir='ltr'>ἀναϐὰς</span> <span class='ocrx_word' id='word_1_383' title='bbox 2612 1220 2831 1289; x_wconf 82' lang='grc' dir='ltr'>φεύγων</span> <span class='ocrx_word' id='word_1_384' title='bbox 2871 1220 3182 1292; x_wconf 84' lang='grc' dir='ltr'>καθωρᾶτο,</span> <span class='ocrx_word' id='word_1_385' title='bbox 3214 1220 3330 1274; x_wconf 83' lang='grc' dir='ltr'>ἀλλ’</span> <span class='ocrx_word' id='word_1_386' title='bbox 3358 1222 3420 1274; x_wconf 79' lang='grc' dir='ltr'>οὐ</span> <span class='ocrx_word' id='word_1_387' title='bbox 3471 1221 3752 1288; x_wconf 84' lang='grc' dir='ltr'>προπολε-</span> 
     </span>
    </p>
   </div>
   <div class='ocr_carea' id='block_1_57' title="bbox 2162 1311 3754 1383">
    <p class='ocr_par' dir='ltr' id='par_1_57' title="bbox 2162 1311 3754 1383">
     <span class='ocr_line' id='line_1_57' title="bbox 2162 1311 3754 1383; baseline 0 -19"><span class='ocrx_word' id='word_1_388' title='bbox 2162 1312 2308 1383; x_wconf 75' lang='grc' dir='ltr'>μῶνο</span> <span class='ocrx_word' id='word_1_389' title='bbox 2346 1311 2489 1366; x_wconf 77' lang='grc' dir='ltr'>οὕτω</span> <span class='ocrx_word' id='word_1_390' title='bbox 2519 1329 2623 1365; x_wconf 86' lang='grc' dir='ltr'><strong>που</strong></span> <span class='ocrx_word' id='word_1_391' title='bbox 2651 1313 2809 1382; x_wconf 80' lang='grc' dir='ltr'>μόγις</span> <span class='ocrx_word' id='word_1_392' title='bbox 2840 1313 3175 1378; x_wconf 71' lang='grc' dir='ltr'>ἐκσέσωστο,</span> <span class='ocrx_word' id='word_1_393' title='bbox 3224 1312 3430 1383; x_wconf 77' lang='grc' dir='ltr'>σκηνάς</span> <span class='ocrx_word' id='word_1_394' title='bbox 3460 1313 3630 1375; x_wconf 79' lang='grc' dir='ltr'>αὑτὰς</span> <span class='ocrx_word' id='word_1_395' title='bbox 3653 1311 3754 1365; x_wconf 77' lang='grc' dir='ltr'>καὶ</span> 
     </span>
    </p>
   </div>
   <div class='ocr_carea' id='block_1_58' title="bbox 2156 1404 3751 1477">
    <p class='ocr_par' dir='ltr' id='par_1_58' title="bbox 2156 1404 3751 1477">
     <span class='ocr_line' id='line_1_58' title="bbox 2156 1404 3751 1477; baseline 0.001 -19"><span class='ocrx_word' id='word_1_396' title='bbox 2156 1408 2257 1476; x_wconf 78' lang='grc' dir='ltr'><strong>τὴν</strong></span> <span class='ocrx_word' id='word_1_397' title='bbox 2286 1407 2384 1477; x_wconf 84' lang='grc' dir='ltr'>ὅση</span> <span class='ocrx_word' id='word_1_398' title='bbox 2407 1406 2619 1470; x_wconf 84' lang='grc' dir='ltr'>τούτοις</span> <span class='ocrx_word' id='word_1_399' title='bbox 2643 1406 2915 1477; x_wconf 77' lang='grc' dir='ltr'>θεραπεία</span> <span class='ocrx_word' id='word_1_400' title='bbox 2936 1406 3150 1477; x_wconf 84' lang='grc' dir='ltr'>προσῆν</span> <span class='ocrx_word' id='word_1_401' title='bbox 3176 1408 3292 1459; x_wconf 77' lang='grc' dir='ltr'>ἐκεῖ</span> <span class='ocrx_word' id='word_1_402' title='bbox 3313 1404 3751 1468; x_wconf 81' lang='grc' dir='ltr'>καταλελοιπώς.</span> 
     </span>
    </p>
   </div>
   <div class='ocr_carea' id='block_1_59' title="bbox 2160 1496 3757 1571">
    <p class='ocr_par' dir='ltr' id='par_1_59' title="bbox 2160 1496 3757 1571">
     <span class='ocr_line' id='line_1_59' title="bbox 2160 1496 3757 1571; baseline -0.001 -21"><span class='ocrx_word' id='word_1_403' title='bbox 2160 1498 2332 1551; x_wconf 85' lang='grc' dir='ltr'>Ἔνθα</span> <span class='ocrx_word' id='word_1_404' title='bbox 2372 1499 2465 1551; x_wconf 76' lang='grc' dir='ltr'>καὶ</span> <span class='ocrx_word' id='word_1_405' title='bbox 2495 1498 2587 1550; x_wconf 77' lang='grc' dir='ltr'><strong>τὸν</strong></span> <span class='ocrx_word' id='word_1_406' title='bbox 2636 1498 3198 1571; x_wconf 85' lang='grc' dir='ltr'>προμνημονευθέντα</span> <span class='ocrx_word' id='word_1_407' title='bbox 3230 1498 3394 1566; x_wconf 73' lang='grc' dir='ltr'>φασὶν</span> <span class='ocrx_word' id='word_1_408' title='bbox 3425 1496 3757 1566; x_wconf 81' lang='grc' dir='ltr'>ἀριστεῦσαι</span> 
     </span>
    </p>
   </div>
   <div class='ocr_carea' id='block_1_60' title="bbox 2157 1590 3754 1665">
    <p class='ocr_par' dir='ltr' id='par_1_60' title="bbox 2157 1590 3754 1665">
     <span class='ocr_line' id='line_1_60' title="bbox 2157 1590 3754 1665; baseline -0.002 -20"><span class='ocrx_word' id='word_1_409' title='bbox 2157 1592 2421 1662; x_wconf 79' lang='grc' dir='ltr'>Καρὸἐαν</span> <span class='ocrx_word' id='word_1_410' title='bbox 2469 1590 2560 1644; x_wconf 81' lang='grc' dir='ltr'>τὸν</span> <span class='ocrx_word' id='word_1_411' title='bbox 2617 1592 2719 1658; x_wconf 86' lang='grc' dir='ltr'><strong>τὴν</strong></span> <span class='ocrx_word' id='word_1_412' title='bbox 2749 1591 3030 1663; x_wconf 80' lang='grc' dir='ltr'>Τεφρικὴν</span> <span class='ocrx_word' id='word_1_413' title='bbox 3083 1591 3613 1665; x_wconf 68' lang='grc' dir='ltr'>οἰκοδομησάμενον,</span> <span class='ocrx_word' id='word_1_414' title='bbox 3651 1591 3754 1647; x_wconf 71' lang='grc' dir='ltr'>καὶ</span> 
     </span>
    </p>
   </div>
   <div class='ocr_carea' id='block_1_61' title="bbox 2159 1681 3755 1754">
    <p class='ocr_par' dir='ltr' id='par_1_61' title="bbox 2159 1681 3755 1754">
     <span class='ocr_line' id='line_1_61' title="bbox 2159 1681 3755 1754; baseline -0.001 -19"><span class='ocrx_word' id='word_1_415' title='bbox 2159 1683 2329 1743; x_wconf 81' lang='grc' dir='ltr'>πολὺν</span> <span class='ocrx_word' id='word_1_416' title='bbox 2352 1684 2411 1735; x_wconf 82' lang='grc' dir='ltr'><strong>ού</strong></span> <span class='ocrx_word' id='word_1_417' title='bbox 2448 1683 2609 1752; x_wconf 90' lang='grc' dir='ltr'>μόνον</span> <span class='ocrx_word' id='word_1_418' title='bbox 2625 1683 2719 1735; x_wconf 83' lang='grc' dir='ltr'>τοῦ</span> <span class='ocrx_word' id='word_1_419' title='bbox 2751 1683 2975 1753; x_wconf 85' lang='grc' dir='ltr'>χυδαίου</span> <span class='ocrx_word' id='word_1_420' title='bbox 3008 1683 3206 1754; x_wconf 84' lang='grc' dir='ltr'>φθόρον</span> <span class='ocrx_word' id='word_1_421' title='bbox 3234 1681 3366 1737; x_wconf 78' lang='grc' dir='ltr'>λαοῦ</span> <span class='ocrx_word' id='word_1_422' title='bbox 3399 1682 3755 1752; x_wconf 83' lang='grc' dir='ltr'>κατεργάσα-</span> 
     </span>
    </p>
   </div>
   <div class='ocr_carea' id='block_1_62' title="bbox 2160 1773 3757 1847">
    <p class='ocr_par' dir='ltr' id='par_1_62' title="bbox 2160 1773 3757 1847">
     <span class='ocr_line' id='line_1_62' title="bbox 2160 1773 3757 1847; baseline -0.003 -19"><span class='ocrx_word' id='word_1_423' title='bbox 2160 1776 2306 1836; x_wconf 85' lang='grc' dir='ltr'>σθαι,</span> <span class='ocrx_word' id='word_1_424' title='bbox 2338 1775 2473 1827; x_wconf 85' lang='grc' dir='ltr'>ἀλλὰ</span> <span class='ocrx_word' id='word_1_425' title='bbox 2493 1776 2587 1828; x_wconf 76' lang='grc' dir='ltr'>καὶ</span> <span class='ocrx_word' id='word_1_426' title='bbox 2616 1774 2723 1827; x_wconf 89' lang='grc' dir='ltr'><strong>τῶν</strong></span> <span class='ocrx_word' id='word_1_427' title='bbox 2752 1777 3008 1846; x_wconf 79' lang='grc' dir='ltr'>μεγάλων</span> <span class='ocrx_word' id='word_1_428' title='bbox 3037 1775 3102 1847; x_wconf 84' lang='grc' dir='ltr'>δὴ</span> <span class='ocrx_word' id='word_1_429' title='bbox 3140 1774 3466 1847; x_wconf 83' lang='grc' dir='ltr'>στρατηγῶν</span> <span class='ocrx_word' id='word_1_430' title='bbox 3506 1773 3757 1843; x_wconf 79' lang='grc' dir='ltr'>ζωγρείᾳ</span> 
     </span>
    </p>
   </div>
   <div class='ocr_carea' id='block_1_63' title="bbox 2158 1862 3756 1936">
    <p class='ocr_par' dir='ltr' id='par_1_63' title="bbox 2158 1862 3756 1936">
     <span class='ocr_line' id='line_1_63' title="bbox 2158 1862 3756 1936; baseline -0.003 -16"><span class='ocrx_word' id='word_1_431' title='bbox 2158 1867 2345 1929; x_wconf 72' lang='grc' dir='ltr'>λαθεῖν</span> <span class='ocrx_word' id='word_1_432' title='bbox 2366 1867 2457 1919; x_wconf 84' lang='grc' dir='ltr'><strong>τόν</strong></span> <span class='ocrx_word' id='word_1_433' title='bbox 2482 1884 2541 1921; x_wconf 91' lang='grc' dir='ltr'><strong>τε</strong></span> <span class='ocrx_word' id='word_1_434' title='bbox 2566 1864 2971 1936; x_wconf 74' lang='grc' dir='ltr'>τζαγγότουϐον</span> <span class='ocrx_word' id='word_1_435' title='bbox 3000 1866 3093 1920; x_wconf 83' lang='grc' dir='ltr'>τὸν</span> <span class='ocrx_word' id='word_1_436' title='bbox 3127 1865 3457 1936; x_wconf 77' lang='grc' dir='ltr'>’Δσεσαλὼμ</span> <span class='ocrx_word' id='word_1_437' title='bbox 3477 1866 3569 1920; x_wconf 63' lang='grc' dir='ltr'>καὶ</span> <span class='ocrx_word' id='word_1_438' title='bbox 3591 1862 3756 1936; x_wconf 82' lang='grc' dir='ltr'>Σηὼν</span> 
     </span>
    </p>
   </div>
   <div class='ocr_carea' id='block_1_64' title="bbox 2158 1957 3757 2029">
    <p class='ocr_par' dir='ltr' id='par_1_64' title="bbox 2158 1957 3757 2029">
     <span class='ocr_line' id='line_1_64' title="bbox 2158 1957 3757 2029; baseline 0 -18"><span class='ocrx_word' id='word_1_439' title='bbox 2158 1959 2250 2012; x_wconf 84' lang='grc' dir='ltr'><strong>τὸν</strong></span> <span class='ocrx_word' id='word_1_440' title='bbox 2291 1957 2609 2020; x_wconf 85' lang='grc' dir='ltr'>παλατῖνον,</span> <span class='ocrx_word' id='word_1_441' title='bbox 2642 1959 2737 2012; x_wconf 76' lang='grc' dir='ltr'>καὶ</span> <span class='ocrx_word' id='word_1_442' title='bbox 2755 1958 2979 2028; x_wconf 81' lang='grc' dir='ltr'>ἐτέρους</span> <span class='ocrx_word' id='word_1_443' title='bbox 2996 1959 3451 2029; x_wconf 79' lang='grc' dir='ltr'>ὑποστρατήγους</span> <span class='ocrx_word' id='word_1_444' title='bbox 3478 1961 3569 2017; x_wconf 77' lang='grc' dir='ltr'>καὶ</span> <span class='ocrx_word' id='word_1_445' title='bbox 3587 1976 3679 2012; x_wconf 88' lang='grc' dir='ltr'><strong>του</strong></span> <span class='ocrx_word' id='word_1_446' title='bbox 3689 1977 3757 2029; x_wconf 81' lang='grc' dir='ltr'><strong>ρ·-</strong></span> 
     </span>
    </p>
   </div>
   <div class='ocr_carea' id='block_1_65' title="bbox 2164 2046 3758 2122">
    <p class='ocr_par' dir='ltr' id='par_1_65' title="bbox 2164 2046 3758 2122">
     <span class='ocr_line' id='line_1_65' title="bbox 2164 2046 3758 2122; baseline -0.001 -18"><span class='ocrx_word' id='word_1_447' title='bbox 2164 2051 2382 2122; x_wconf 88' lang='grc' dir='ltr'>μάρχας</span> <span class='ocrx_word' id='word_1_448' title='bbox 2413 2050 2541 2121; x_wconf 79' lang='grc' dir='ltr'>ἄχρι</span> <span class='ocrx_word' id='word_1_449' title='bbox 2568 2049 2677 2103; x_wconf 85' lang='grc' dir='ltr'><strong>τῶν</strong></span> <span class='ocrx_word' id='word_1_450' title='bbox 2712 2049 2930 2108; x_wconf 78' lang='grc' dir='ltr'>ἑκατόν.</span> <span class='ocrx_word' id='word_1_451' title='bbox 3005 2050 3335 2121; x_wconf 80' lang='grc' dir='ltr'>Ἒτηροῦντο</span> <span class='ocrx_word' id='word_1_452' title='bbox 3373 2046 3466 2103; x_wconf 73' lang='grc' dir='ltr'><strong>οὖν</strong></span> <span class='ocrx_word' id='word_1_453' title='bbox 3494 2051 3541 2102; x_wconf 83' lang='lat' dir='ltr'><strong>oi</strong></span> <span class='ocrx_word' id='word_1_454' title='bbox 3573 2050 3758 2120; x_wconf 79' lang='grc' dir='ltr'>δηλω-</span> 
     </span>
    </p>
   </div>
   <div class='ocr_carea' id='block_1_66' title="bbox 2160 2140 3756 2217">
    <p class='ocr_par' dir='ltr' id='par_1_66' title="bbox 2160 2140 3756 2217">
     <span class='ocr_line' id='line_1_66' title="bbox 2160 2140 3756 2217; baseline -0.003 -21"><span class='ocrx_word' id='word_1_455' title='bbox 2160 2142 2346 2205; x_wconf 85' lang='grc' dir='ltr'>θέντες</span> <span class='ocrx_word' id='word_1_456' title='bbox 2380 2142 2676 2213; x_wconf 72' lang='grc' dir='ltr'>στρατηγοὶ</span> <span class='ocrx_word' id='word_1_457' title='bbox 2699 2142 2837 2217; x_wconf 80' lang='grc' dir='ltr'><strong>μετά</strong></span> <span class='ocrx_word' id='word_1_458' title='bbox 2861 2141 2960 2211; x_wconf 82' lang='grc' dir='ltr'>τὴν</span> <span class='ocrx_word' id='word_1_459' title='bbox 2989 2141 3084 2194; x_wconf 82' lang='grc' dir='ltr'>τοῦ</span> <span class='ocrx_word' id='word_1_460' title='bbox 3117 2140 3358 2208; x_wconf 88' lang='grc' dir='ltr'>πολέμου</span> <span class='ocrx_word' id='word_1_461' title='bbox 3391 2140 3756 2210; x_wconf 79' lang='grc' dir='ltr'>παραδρομὴν</span> 
     </span>
    </p>
   </div>
   <div class='ocr_carea' id='block_1_67' title="bbox 2161 2222 3758 2307">
    <p class='ocr_par' dir='ltr' id='par_1_67' title="bbox 2161 2222 3758 2307">
     <span class='ocr_line' id='line_1_67' title="bbox 2161 2222 3758 2307; baseline -0.003 -17"><span class='ocrx_word' id='word_1_462' title='bbox 2161 2237 2219 2290; x_wconf 72' lang='grc' dir='ltr'><strong>έν</strong></span> <span class='ocrx_word' id='word_1_463' title='bbox 2254 2238 2321 2307; x_wconf 79' lang='grc' dir='ltr'>τῇ</span> <span class='ocrx_word' id='word_1_464' title='bbox 2352 2235 2603 2305; x_wconf 83' lang='grc' dir='ltr'>φυλακῇ·</span> <span class='ocrx_word' id='word_1_465' title='bbox 2662 2236 2757 2288; x_wconf 56' lang='grc' dir='ltr'><strong>καὶ⁵</strong></span> <span class='ocrx_word' id='word_1_466' title='bbox 2787 2235 2852 2307; x_wconf 81' lang='grc' dir='ltr'><strong>δὴ</strong></span> <span class='ocrx_word' id='word_1_467' title='bbox 2899 2222 3163 2306; x_wconf 79' lang='grc' dir='ltr'>χρήματα</span> <span class='ocrx_word' id='word_1_468' title='bbox 3217 2235 3375 2293; x_wconf 77' lang='grc' dir='ltr'>ἱκανὰ</span> <span class='ocrx_word' id='word_1_469' title='bbox 3419 2233 3498 2304; x_wconf 87' lang='grc' dir='ltr'>τῷ</span> <span class='ocrx_word' id='word_1_470' title='bbox 3523 2233 3758 2306; x_wconf 72' lang='grc' dir='ltr'>Καρόέᾳ</span> 
     </span>
    </p>
   </div>
   <div class='ocr_carea' id='block_1_68' title="bbox 2161 2328 3754 2399">
    <p class='ocr_par' dir='ltr' id='par_1_68' title="bbox 2161 2328 3754 2399">
     <span class='ocr_line' id='line_1_68' title="bbox 2161 2328 3754 2399; baseline -0.003 -16"><span class='ocrx_word' id='word_1_471' title='bbox 2161 2329 2426 2395; x_wconf 67' lang='grc' dir='ltr'>ἐδίδοσαν,</span> <span class='ocrx_word' id='word_1_472' title='bbox 2471 2328 2684 2382; x_wconf 73' lang='grc' dir='ltr'>οἴκοθεν</span> <span class='ocrx_word' id='word_1_473' title='bbox 2723 2328 3240 2399; x_wconf 78' lang='grc' dir='ltr'>μεταπεμψάμενοι,</span> <span class='ocrx_word' id='word_1_474' title='bbox 3271 2328 3372 2399; x_wconf 83' lang='grc' dir='ltr'>τὴν</span> <span class='ocrx_word' id='word_1_475' title='bbox 3401 2328 3580 2381; x_wconf 80' lang='grc' dir='ltr'>αὐτῶν</span> <span class='ocrx_word' id='word_1_476' title='bbox 3610 2329 3754 2380; x_wconf 83' lang='grc' dir='ltr'>ἀπο-</span> 
     </span>
    </p>
   </div>
   <div class='ocr_carea' id='block_1_69' title="bbox 2161 2419 3758 2493">
    <p class='ocr_par' dir='ltr' id='par_1_69' title="bbox 2161 2419 3758 2493">
     <span class='ocr_line' id='line_1_69' title="bbox 2161 2419 3758 2493; baseline -0.002 -20"><span class='ocrx_word' id='word_1_477' title='bbox 2161 2420 2431 2493; x_wconf 82' lang='grc' dir='ltr'>λύτρωσιν</span> <span class='ocrx_word' id='word_1_478' title='bbox 2461 2420 2859 2488; x_wconf 82' lang='grc' dir='ltr'>ὲξαιτούμενοι.</span> <span class='ocrx_word' id='word_1_479' title='bbox 2916 2420 3003 2483; x_wconf 80' lang='grc' dir='ltr'>Ὠς</span> <span class='ocrx_word' id='word_1_480' title='bbox 3040 2419 3085 2472; x_wconf 88' lang='grc' dir='ltr'>δ’</span> <span class='ocrx_word' id='word_1_481' title='bbox 3135 2420 3327 2473; x_wconf 73' lang='grc' dir='ltr'>ἐλαϐεν</span> <span class='ocrx_word' id='word_1_482' title='bbox 3378 2419 3474 2473; x_wconf 73' lang='grc' dir='ltr'>ἐπὶ</span> <span class='ocrx_word' id='word_1_483' title='bbox 3507 2421 3693 2491; x_wconf 84' lang='grc' dir='ltr'>χεῖρας</span> <span class='ocrx_word' id='word_1_484' title='bbox 3723 2419 3758 2470; x_wconf 82' lang='lat'><strong>6</strong></span> 
     </span>
    </p>
   </div>
   <div class='ocr_carea' id='block_1_70' title="bbox 2160 2512 3757 2585">
    <p class='ocr_par' dir='ltr' id='par_1_70' title="bbox 2160 2512 3757 2585">
     <span class='ocr_line' id='line_1_70' title="bbox 2160 2512 3757 2585; baseline -0.002 -17"><span class='ocrx_word' id='word_1_485' title='bbox 2160 2513 2442 2585; x_wconf 78' lang='grc' dir='ltr'>Καρὸέας,</span> <span class='ocrx_word' id='word_1_486' title='bbox 2473 2513 2664 2583; x_wconf 72' lang='grc' dir='ltr'>ἠρώτα</span> <span class='ocrx_word' id='word_1_487' title='bbox 2699 2514 2792 2568; x_wconf 79' lang='grc' dir='ltr'><strong>τὸν</strong></span> <span class='ocrx_word' id='word_1_488' title='bbox 2808 2512 2966 2582; x_wconf 86' lang='grc' dir='ltr'>Σηὼν</span> <span class='ocrx_word' id='word_1_489' title='bbox 2986 2512 3170 2577; x_wconf 78' lang='grc' dir='ltr'>εὐθὺς,</span> <span class='ocrx_word' id='word_1_490' title='bbox 3185 2515 3238 2567; x_wconf 87' lang='grc' dir='ltr'><strong>εί</strong></span> <span class='ocrx_word' id='word_1_491' title='bbox 3260 2514 3410 2583; x_wconf 82' lang='grc' dir='ltr'>πρὸς</span> <span class='ocrx_word' id='word_1_492' title='bbox 3427 2513 3757 2583; x_wconf 63' lang='grc' dir='ltr'>ἀφροδίσια</span> 
     </span>
    </p>
   </div>
   <div class='ocr_carea' id='block_1_71' title="bbox 2160 2604 3757 2677">
    <p class='ocr_par' dir='ltr' id='par_1_71' title="bbox 2160 2604 3757 2677">
     <span class='ocr_line' id='line_1_71' title="bbox 2160 2604 3757 2677; baseline -0.003 -15"><span class='ocrx_word' id='word_1_493' title='bbox 2160 2608 2289 2677; x_wconf 80' lang='grc' dir='ltr'>ἔχοι</span> <span class='ocrx_word' id='word_1_494' title='bbox 2316 2604 2603 2675; x_wconf 76' lang='grc' dir='ltr'>ἐρωτικῶς</span> <span class='ocrx_word' id='word_1_495' title='bbox 2636 2607 2735 2660; x_wconf 79' lang='grc' dir='ltr'>καὶ</span> <span class='ocrx_word' id='word_1_496' title='bbox 2768 2606 2834 2659; x_wconf 83' lang='grc' dir='ltr'>τὸ</span> <span class='ocrx_word' id='word_1_497' title='bbox 2870 2605 3089 2661; x_wconf 83' lang='grc' dir='ltr'>ἑαυτοῦ</span> <span class='ocrx_word' id='word_1_498' title='bbox 3119 2605 3292 2674; x_wconf 83' lang='grc' dir='ltr'>σῶμα</span> <span class='ocrx_word' id='word_1_499' title='bbox 3341 2607 3590 2673; x_wconf 79' lang='grc' dir='ltr'>κίνησιν</span> <span class='ocrx_word' id='word_1_500' title='bbox 3619 2605 3757 2675; x_wconf 82' lang='grc' dir='ltr'>ἔχοι</span> 
     </span>
    </p>
   </div>
   <div class='ocr_carea' id='block_1_72' title="bbox 2161 2696 3759 2770">
    <p class='ocr_par' dir='ltr' id='par_1_72' title="bbox 2161 2696 3759 2770">
     <span class='ocr_line' id='line_1_72' title="bbox 2161 2696 3759 2770; baseline -0.001 -18"><span class='ocrx_word' id='word_1_501' title='bbox 2161 2698 2278 2766; x_wconf 80' lang='grc' dir='ltr'><strong>τὴν</strong></span> <span class='ocrx_word' id='word_1_502' title='bbox 2304 2696 2539 2767; x_wconf 83' lang='grc' dir='ltr'>ἐμπαθῆ</span> <span class='ocrx_word' id='word_1_503' title='bbox 2557 2713 2570 2726; x_wconf 82' lang='lat'><strong><em>°</em></strong></span> <span class='ocrx_word' id='word_1_504' title='bbox 2598 2698 2673 2761; x_wconf 85' lang='grc' dir='ltr'>ὡς</span> <span class='ocrx_word' id='word_1_505' title='bbox 2693 2698 2736 2751; x_wconf 83' lang='grc' dir='ltr'>δ’</span> <span class='ocrx_word' id='word_1_506' title='bbox 2759 2697 3140 2770; x_wconf 82' lang='grc' dir='ltr'>ἀπηγόρευσεν</span> <span class='ocrx_word' id='word_1_507' title='bbox 3168 2701 3196 2752; x_wconf 89' lang='grc' dir='ltr'><strong>ό</strong></span> <span class='ocrx_word' id='word_1_508' title='bbox 3225 2697 3380 2769; x_wconf 85' lang='grc' dir='ltr'>Σηὼν</span> <span class='ocrx_word' id='word_1_509' title='bbox 3405 2700 3499 2751; x_wconf 68' lang='grc' dir='ltr'><strong>καὶ</strong></span> <span class='ocrx_word' id='word_1_510' title='bbox 3516 2697 3759 2769; x_wconf 85' lang='grc' dir='ltr'>πάσχειν</span> 
     </span>
    </p>
   </div>
   <div class='ocr_carea' id='block_1_73' title="bbox 2159 2789 3755 2860">
    <p class='ocr_par' dir='ltr' id='par_1_73' title="bbox 2159 2789 3755 2860">
     <span class='ocr_line' id='line_1_73' title="bbox 2159 2789 3755 2860; baseline -0.003 -15"><span class='ocrx_word' id='word_1_511' title='bbox 2159 2808 2214 2845; x_wconf 86' lang='grc' dir='ltr'><strong>τι</strong></span> <span class='ocrx_word' id='word_1_512' title='bbox 2245 2789 2484 2843; x_wconf 77' lang='grc' dir='ltr'>τοιοῦτον</span> <span class='ocrx_word' id='word_1_513' title='bbox 2531 2789 2839 2860; x_wconf 81' lang='grc' dir='ltr'>ἀπέφησεν,</span> <span class='ocrx_word' id='word_1_514' title='bbox 2888 2790 3079 2860; x_wconf 78' lang='grc' dir='ltr'>ὴρώτα</span> <span class='ocrx_word' id='word_1_515' title='bbox 3124 2790 3288 2844; x_wconf 85' lang='grc' dir='ltr'>πάλιν</span> <span class='ocrx_word' id='word_1_516' title='bbox 3331 2791 3399 2845; x_wconf 73' lang='grc' dir='ltr'>τὰ</span> <span class='ocrx_word' id='word_1_517' title='bbox 3442 2792 3605 2860; x_wconf 81' lang='grc' dir='ltr'>ὅμοια</span> <span class='ocrx_word' id='word_1_518' title='bbox 3655 2790 3755 2843; x_wconf 77' lang='grc' dir='ltr'><strong>τὸν</strong></span> 
     </span>
    </p>
   </div>
   <div class='ocr_carea' id='block_1_74' title="bbox 2175 2880 3754 2953">
    <p class='ocr_par' dir='ltr' id='par_1_74' title="bbox 2175 2880 3754 2953">
     <span class='ocr_line' id='line_1_74' title="bbox 2175 2880 3754 2953; baseline 0.002 -20"><span class='ocrx_word' id='word_1_519' title='bbox 2175 2880 2518 2951; x_wconf 77' lang='grc' dir='ltr'>Ἀϐεσαλώμ.</span> <span class='ocrx_word' id='word_1_520' title='bbox 2566 2881 2624 2935; x_wconf 84' lang='grc'><strong>’0</strong></span> <span class='ocrx_word' id='word_1_521' title='bbox 2676 2882 2734 2934; x_wconf 81' lang='grc' dir='ltr'>δὲ</span> <span class='ocrx_word' id='word_1_522' title='bbox 2764 2881 2863 2953; x_wconf 81' lang='grc' dir='ltr'>τὴν</span> <span class='ocrx_word' id='word_1_523' title='bbox 2902 2883 3068 2937; x_wconf 79' lang='grc' dir='ltr'>αὑτοῦ</span> <span class='ocrx_word' id='word_1_524' title='bbox 3114 2886 3382 2952; x_wconf 73' lang='grc' dir='ltr'>φωράσας</span> <span class='ocrx_word' id='word_1_525' title='bbox 3413 2883 3613 2941; x_wconf 83' lang='grc' dir='ltr'>κακίαν</span> <span class='ocrx_word' id='word_1_526' title='bbox 3654 2885 3754 2936; x_wconf 75' lang='grc' dir='ltr'><strong>καὶ</strong></span> 
     </span>
    </p>
   </div>
   <div class='ocr_carea' id='block_1_75' title="bbox 2166 2973 3757 3048">
    <p class='ocr_par' dir='ltr' id='par_1_75' title="bbox 2166 2973 3757 3048">
     <span class='ocr_line' id='line_1_75' title="bbox 2166 2973 3757 3048; baseline 0.001 -21"><span class='ocrx_word' id='word_1_527' title='bbox 2166 2974 2494 3045; x_wconf 79' lang='grc' dir='ltr'>μοχθηρίαν,</span> <span class='ocrx_word' id='word_1_528' title='bbox 2553 2975 2663 3027; x_wconf 81' lang='grc' dir='ltr'>εἴτε</span> <span class='ocrx_word' id='word_1_529' title='bbox 2702 2975 2799 3029; x_wconf 71' lang='grc' dir='ltr'><strong>καὶ</strong></span> <span class='ocrx_word' id='word_1_530' title='bbox 2831 2975 3009 3039; x_wconf 78' lang='grc' dir='ltr'>ἄλλως</span> <span class='ocrx_word' id='word_1_531' title='bbox 3044 2975 3283 3048; x_wconf 78' lang='grc' dir='ltr'>ἀληθῶς,</span> <span class='ocrx_word' id='word_1_532' title='bbox 3338 2975 3519 3030; x_wconf 82' lang='grc' dir='ltr'>τοῦτό</span> <span class='ocrx_word' id='word_1_533' title='bbox 3551 2994 3614 3030; x_wconf 84' lang='grc' dir='ltr'><strong>τε</strong></span> <span class='ocrx_word' id='word_1_534' title='bbox 3641 2973 3757 3029; x_wconf 78' lang='grc' dir='ltr'>πά-</span> 
     </span>
    </p>
   </div>
   <div class='ocr_carea' id='block_1_76' title="bbox 2162 3064 3757 3137">
    <p class='ocr_par' dir='ltr' id='par_1_76' title="bbox 2162 3064 3757 3137">
     <span class='ocr_line' id='line_1_76' title="bbox 2162 3064 3757 3137; baseline 0 -19"><span class='ocrx_word' id='word_1_535' title='bbox 2162 3080 2339 3136; x_wconf 81' lang='grc' dir='ltr'>σχειν</span> <span class='ocrx_word' id='word_1_536' title='bbox 2386 3066 2485 3120; x_wconf 79' lang='grc' dir='ltr'>καὶ</span> <span class='ocrx_word' id='word_1_537' title='bbox 2524 3066 2773 3133; x_wconf 80' lang='grc' dir='ltr'>κίνησιν</span> <span class='ocrx_word' id='word_1_538' title='bbox 2810 3067 3156 3135; x_wconf 79' lang='grc' dir='ltr'>ὑπομένειν,</span> <span class='ocrx_word' id='word_1_539' title='bbox 3191 3064 3380 3129; x_wconf 84' lang='grc' dir='ltr'>εἰπὼν,</span> <span class='ocrx_word' id='word_1_540' title='bbox 3408 3068 3584 3136; x_wconf 84' lang='grc' dir='ltr'>τούτῳ</span> <span class='ocrx_word' id='word_1_541' title='bbox 3628 3066 3757 3137; x_wconf 73' lang='grc' dir='ltr'>μὲν,</span> 
     </span>
    </p>
   </div>
   <div class='ocr_carea' id='block_1_77' title="bbox 2164 3155 3756 3227">
    <p class='ocr_par' dir='ltr' id='par_1_77' title="bbox 2164 3155 3756 3227">
     <span class='ocr_line' id='line_1_77' title="bbox 2164 3155 3756 3227; baseline 0 -16"><span class='ocrx_word' id='word_1_542' title='bbox 2164 3157 2529 3225; x_wconf 84' lang='grc' dir='ltr'>Λυτροῢσαι,</span> <span class='ocrx_word' id='word_1_543' title='bbox 2560 3156 2687 3227; x_wconf 71' lang='grc' dir='ltr'>ἔφη,</span> <span class='ocrx_word' id='word_1_544' title='bbox 2709 3155 2829 3209; x_wconf 80' lang='grc' dir='ltr'>τῶν</span> <span class='ocrx_word' id='word_1_545' title='bbox 2854 3156 3116 3226; x_wconf 79' lang='grc' dir='ltr'>δεσμῶν,</span> <span class='ocrx_word' id='word_1_546' title='bbox 3141 3156 3235 3209; x_wconf 78' lang='grc' dir='ltr'><strong>καὶ</strong></span> <span class='ocrx_word' id='word_1_547' title='bbox 3267 3157 3382 3227; x_wconf 78' lang='grc' dir='ltr'><strong>ἅμα</strong></span> <span class='ocrx_word' id='word_1_548' title='bbox 3407 3158 3756 3227; x_wconf 84' lang='grc' dir='ltr'>ἀπέλυεν,τῷ</span> 
     </span>
    </p>
   </div>
   <div class='ocr_carea' id='block_1_78' title="bbox 2163 3249 3762 3321">
    <p class='ocr_par' dir='ltr' id='par_1_78' title="bbox 2163 3249 3762 3321">
     <span class='ocr_line' id='line_1_78' title="bbox 2163 3249 3762 3321; baseline -0.001 -17"><span class='ocrx_word' id='word_1_549' title='bbox 2163 3250 2219 3304; x_wconf 80' lang='grc' dir='ltr'>δὲ</span> <span class='ocrx_word' id='word_1_550' title='bbox 2242 3250 2414 3321; x_wconf 86' lang='grc' dir='ltr'>Σηὼν,</span> <span class='ocrx_word' id='word_1_551' title='bbox 2444 3249 2829 3313; x_wconf 77' lang='grc' dir='ltr'>Οὐβούλειιιί</span> <span class='ocrx_word' id='word_1_552' title='bbox 2855 3263 2929 3302; x_wconf 81' lang='grc' dir='ltr'><strong>σε</strong></span> <span class='ocrx_word' id='word_1_553' title='bbox 2956 3250 3023 3304; x_wconf 81' lang='grc' dir='ltr'>τὸ</span> <span class='ocrx_word' id='word_1_554' title='bbox 3050 3250 3221 3305; x_wconf 84' lang='grc' dir='ltr'><strong>Θεῖον</strong></span> <span class='ocrx_word' id='word_1_555' title='bbox 3251 3250 3511 3318; x_wconf 74' lang='grc' dir='ltr'>λυθῆναι</span> <span class='ocrx_word' id='word_1_556' title='bbox 3541 3251 3616 3317; x_wconf 80' lang='grc' dir='ltr'>δὴ</span> <span class='ocrx_word' id='word_1_557' title='bbox 3642 3250 3762 3318; x_wconf 77' lang='grc' dir='ltr'>τῆς</span> 
     </span>
    </p>
   </div>
   <div class='ocr_carea' id='block_1_79' title="bbox 2163 3341 3757 3414">
    <p class='ocr_par' dir='ltr' id='par_1_79' title="bbox 2163 3341 3757 3414">
     <span class='ocr_line' id='line_1_79' title="bbox 2163 3341 3757 3414; baseline -0.003 -15"><span class='ocrx_word' id='word_1_558' title='bbox 2163 3342 2450 3414; x_wconf 75' lang='grc' dir='ltr'>φρουρᾶς.</span> <span class='ocrx_word' id='word_1_559' title='bbox 2476 3346 2568 3397; x_wconf 72' lang='grc' dir='ltr'><strong>καὶ</strong></span> <span class='ocrx_word' id='word_1_560' title='bbox 2601 3341 2718 3410; x_wconf 76' lang='grc' dir='ltr'>ἅμα</span> <span class='ocrx_word' id='word_1_561' title='bbox 2752 3341 2924 3395; x_wconf 68' lang='grc' dir='ltr'>ἐδίδου</span> <span class='ocrx_word' id='word_1_562' title='bbox 2948 3342 3124 3413; x_wconf 85' lang='grc' dir='ltr'>τούτῳ</span> <span class='ocrx_word' id='word_1_563' title='bbox 3153 3343 3223 3397; x_wconf 73' lang='grc' dir='ltr'>τὰ</span> <span class='ocrx_word' id='word_1_564' title='bbox 3241 3342 3413 3414; x_wconf 86' lang='grc' dir='ltr'>λύτρα</span> <span class='ocrx_word' id='word_1_565' title='bbox 3442 3346 3511 3397; x_wconf 80' lang='grc' dir='ltr'>τὰ</span> <span class='ocrx_word' id='word_1_566' title='bbox 3531 3343 3757 3397; x_wconf 81' lang='grc' dir='ltr'>δοθέντα</span> 
     </span>
    </p>
   </div>
   <div class='ocr_carea' id='block_1_80' title="bbox 2164 3434 3758 3508">
    <p class='ocr_par' dir='ltr' id='par_1_80' title="bbox 2164 3434 3758 3508">
     <span class='ocr_line' id='line_1_80' title="bbox 2164 3434 3758 3508; baseline 0 -19"><span class='ocrx_word' id='word_1_567' title='bbox 2164 3436 2311 3507; x_wconf 83' lang='grc' dir='ltr'>αὐτῷ</span> <span class='ocrx_word' id='word_1_568' title='bbox 2350 3436 2492 3506; x_wconf 83' lang='grc' dir='ltr'>ὑπὲρ</span> <span class='ocrx_word' id='word_1_569' title='bbox 2519 3434 2707 3499; x_wconf 75' lang='grc' dir='ltr'>αὐτοῦ,</span> <span class='ocrx_word' id='word_1_570' title='bbox 2734 3438 2829 3489; x_wconf 72' lang='grc' dir='ltr'><strong>καὶ</strong></span> <span class='ocrx_word' id='word_1_571' title='bbox 2850 3437 2916 3506; x_wconf 76' lang='grc' dir='ltr'>τῇ</span> <span class='ocrx_word' id='word_1_572' title='bbox 2942 3437 3160 3508; x_wconf 79' lang='grc' dir='ltr'>φρουρᾷ</span> <span class='ocrx_word' id='word_1_573' title='bbox 3184 3435 3569 3504; x_wconf 77' lang='grc' dir='ltr'>ὲγκατέκλειεν</span> <span class='ocrx_word' id='word_1_574' title='bbox 3596 3435 3758 3506; x_wconf 77' lang='grc' dir='ltr'>ἄχρις</span> 
     </span>
    </p>
   </div>
   <div class='ocr_carea' id='block_1_81' title="bbox 2164 3522 2982 3600">
    <p class='ocr_par' dir='ltr' id='par_1_81' title="bbox 2164 3522 2982 3600">
     <span class='ocr_line' id='line_1_81' title="bbox 2164 3522 2982 3600; baseline 0 -17"><span class='ocrx_word' id='word_1_575' title='bbox 2164 3522 2226 3583; x_wconf 74' lang='grc' dir='ltr'><strong>οὗ</strong></span> <span class='ocrx_word' id='word_1_576' title='bbox 2260 3528 2358 3600; x_wconf 78' lang='grc' dir='ltr'>τὴν</span> <span class='ocrx_word' id='word_1_577' title='bbox 2377 3526 2554 3598; x_wconf 78' lang='grc' dir='ltr'>ψυχὴν</span> <span class='ocrx_word' id='word_1_578' title='bbox 2584 3527 2982 3593; x_wconf 80' lang='grc' dir='ltr'>ἀπεστάλαξεν.</span> 
     </span>
    </p>
   </div>
   <div class='ocr_carea' id='block_1_82' title="bbox 2236 3701 3758 3775">
    <p class='ocr_par' dir='ltr' id='par_1_82' title="bbox 2236 3701 3758 3775">
     <span class='ocr_line' id='line_1_82' title="bbox 2236 3701 3758 3775; baseline -0.003 -17"><span class='ocrx_word' id='word_1_579' title='bbox 2236 3704 2335 3761; x_wconf 80' lang='grc' dir='ltr'>κδ’.</span> <span class='ocrx_word' id='word_1_580' title='bbox 2373 3704 2529 3757; x_wconf 74' lang='grc' dir='ltr'>Ἐπεὶ</span> <span class='ocrx_word' id='word_1_581' title='bbox 2563 3704 2619 3757; x_wconf 82' lang='grc' dir='ltr'>δὲ</span> <span class='ocrx_word' id='word_1_582' title='bbox 2658 3704 2914 3774; x_wconf 80' lang='grc' dir='ltr'>δεύτερος</span> <span class='ocrx_word' id='word_1_583' title='bbox 2946 3705 3048 3775; x_wconf 77' lang='grc' dir='ltr'>ἥδη</span> <span class='ocrx_word' id='word_1_584' title='bbox 3085 3703 3283 3774; x_wconf 83' lang='grc' dir='ltr'>χρόνος</span> <span class='ocrx_word' id='word_1_585' title='bbox 3315 3701 3638 3772; x_wconf 86' lang='grc' dir='ltr'>παρέδραμε</span> <span class='ocrx_word' id='word_1_586' title='bbox 3665 3704 3758 3756; x_wconf 63' lang='grc' dir='ltr'><strong>καὶ</strong></span> 
     </span>
    </p>
   </div>
   <div class='ocr_carea' id='block_1_83' title="bbox 2169 3794 3757 3869">
    <p class='ocr_par' dir='ltr' id='par_1_83' title="bbox 2169 3794 3757 3869">
     <span class='ocr_line' id='line_1_83' title="bbox 2169 3794 3757 3869; baseline -0.002 -20"><span class='ocrx_word' id='word_1_587' title='bbox 2169 3798 2436 3869; x_wconf 83' lang='grc' dir='ltr'>μυριάδας</span> <span class='ocrx_word' id='word_1_588' title='bbox 2468 3798 2633 3869; x_wconf 73' lang='grc' dir='ltr'>ἤκουε</span> <span class='ocrx_word' id='word_1_589' title='bbox 2669 3800 2814 3868; x_wconf 84' lang='grc' dir='ltr'>τρεῖς</span> <span class='ocrx_word' id='word_1_590' title='bbox 2846 3797 2991 3850; x_wconf 83' lang='grc' dir='ltr'>κατὰ</span> <span class='ocrx_word' id='word_1_591' title='bbox 3038 3794 3146 3848; x_wconf 86' lang='grc' dir='ltr'><strong>τῶν</strong></span> <span class='ocrx_word' id='word_1_592' title='bbox 3181 3794 3475 3865; x_wconf 85' lang='grc' dir='ltr'>Ῥωμαίων</span> <span class='ocrx_word' id='word_1_593' title='bbox 3521 3797 3757 3863; x_wconf 76' lang='grc' dir='ltr'>ἐκστρα-</span> 
     </span>
    </p>
   </div>
   <div class='ocr_carea' id='block_1_84' title="bbox 2165 3876 3787 3963">
    <p class='ocr_par' dir='ltr' id='par_1_84' title="bbox 2165 3876 3787 3963">
     <span class='ocr_line' id='line_1_84' title="bbox 2165 3876 3787 3963; baseline -0.005 -18"><span class='ocrx_word' id='word_1_594' title='bbox 2165 3892 2367 3951; x_wconf 81' lang='grc' dir='ltr'>τεύειν,</span> <span class='ocrx_word' id='word_1_595' title='bbox 2401 3891 2502 3962; x_wconf 77' lang='grc' dir='ltr'>τὴν</span> <span class='ocrx_word' id='word_1_596' title='bbox 2560 3886 2733 3963; x_wconf 82' lang='grc' dir='ltr'>ἧτταν</span> <span class='ocrx_word' id='word_1_597' title='bbox 2786 3889 2945 3952; x_wconf 73' lang='grc' dir='ltr'>αὖθις</span> <span class='ocrx_word' id='word_1_598' title='bbox 2988 3891 3017 3942; x_wconf 85' lang='grc' dir='ltr'><strong>ό</strong></span> <span class='ocrx_word' id='word_1_599' title='bbox 3048 3886 3271 3961; x_wconf 68' lang='grc' dir='ltr'>Μιχαὴλ</span> <span class='ocrx_word' id='word_1_600' title='bbox 3312 3876 3787 3940; x_wconf 68' lang='grc' dir='ltr'>ἀνακαλέσασθαι’</span> 
     </span>
    </p>
   </div>
   <div class='ocr_carea' id='block_1_85' title="bbox 2165 3976 3763 4053">
    <p class='ocr_par' dir='ltr' id='par_1_85' title="bbox 2165 3976 3763 4053">
     <span class='ocr_line' id='line_1_85' title="bbox 2165 3976 3763 4053; baseline -0.004 -19"><span class='ocrx_word' id='word_1_601' title='bbox 2165 3979 2471 4051; x_wconf 71' lang='grc' dir='ltr'>ἐπιθυμῶν,</span> <span class='ocrx_word' id='word_1_602' title='bbox 2508 3979 2733 4053; x_wconf 77' lang='grc' dir='ltr'>Θρᾷκάς</span> <span class='ocrx_word' id='word_1_603' title='bbox 2760 3996 2821 4032; x_wconf 90' lang='grc' dir='ltr'><strong>τε</strong></span> <span class='ocrx_word' id='word_1_604' title='bbox 2847 3978 2942 4032; x_wconf 62' lang='grc' dir='ltr'><strong>καλ⁸</strong></span> <span class='ocrx_word' id='word_1_605' title='bbox 2964 3978 3286 4039; x_wconf 78' lang='grc' dir='ltr'>Μακεδόνας</span> <span class='ocrx_word' id='word_1_606' title='bbox 3315 3978 3476 4047; x_wconf 86' lang='grc' dir='ltr'>μέχρι</span> <span class='ocrx_word' id='word_1_607' title='bbox 3507 3976 3614 4029; x_wconf 78' lang='grc' dir='ltr'><strong>τῶν</strong></span> <span class='ocrx_word' id='word_1_608' title='bbox 3642 3992 3763 4027; x_wconf 74' lang='grc' dir='ltr'>τεσο</span> 
     </span>
    </p>
   </div>
   <div class='ocr_carea' id='block_1_86' title="bbox 2168 4062 3763 4145">
    <p class='ocr_par' dir='ltr' id='par_1_86' title="bbox 2168 4062 3763 4145">
     <span class='ocr_line' id='line_1_86' title="bbox 2168 4062 3763 4145; baseline -0.005 -17"><span class='ocrx_word' id='word_1_609' title='bbox 2168 4075 2349 4145; x_wconf 85' lang='grc' dir='ltr'>σάρων</span> <span class='ocrx_word' id='word_1_610' title='bbox 2375 4072 2750 4144; x_wconf 82' lang='grc' dir='ltr'>συνηθροικὼς</span> <span class='ocrx_word' id='word_1_611' title='bbox 2783 4072 3087 4144; x_wconf 80' lang='grc' dir='ltr'>μυριάδων,</span> <span class='ocrx_word' id='word_1_612' title='bbox 3130 4069 3281 4142; x_wconf 72' lang='grc' dir='ltr'>ἐξῄει</span> <span class='ocrx_word' id='word_1_613' title='bbox 3322 4068 3608 4139; x_wconf 87' lang='grc' dir='ltr'>πρόθυμος</span> <span class='ocrx_word' id='word_1_614' title='bbox 3641 4062 3763 4121; x_wconf 81' lang='grc' dir='ltr'>κατ’</span> 
     </span>
    </p>
   </div>
   <div class='ocr_carea' id='block_1_87' title="bbox 2166 4160 3764 4235">
    <p class='ocr_par' dir='ltr' id='par_1_87' title="bbox 2166 4160 3764 4235">
     <span class='ocr_line' id='line_1_87' title="bbox 2166 4160 3764 4235; baseline -0.005 -14"><span class='ocrx_word' id='word_1_615' title='bbox 2166 4167 2354 4221; x_wconf 76' lang='grc' dir='ltr'>αὑτοῦ.</span> <span class='ocrx_word' id='word_1_616' title='bbox 2402 4168 2491 4231; x_wconf 81' lang='grc' dir='ltr'>Ὦς</span> <span class='ocrx_word' id='word_1_617' title='bbox 2517 4167 2573 4220; x_wconf 81' lang='grc' dir='ltr'>δὲ</span> <span class='ocrx_word' id='word_1_618' title='bbox 2607 4166 2748 4220; x_wconf 87' lang='grc' dir='ltr'><strong>κατά</strong></span> <span class='ocrx_word' id='word_1_619' title='bbox 2788 4183 2842 4218; x_wconf 87' lang='grc' dir='ltr'><strong>τι</strong></span> <span class='ocrx_word' id='word_1_620' title='bbox 2877 4162 3211 4235; x_wconf 88' lang='grc' dir='ltr'>χορτοφόρον</span> <span class='ocrx_word' id='word_1_621' title='bbox 3260 4162 3446 4215; x_wconf 82' lang='grc' dir='ltr'>πεδίον</span> <span class='ocrx_word' id='word_1_622' title='bbox 3495 4160 3764 4231; x_wconf 82' lang='grc' dir='ltr'>Κελάρισν</span> 
     </span>
    </p>
   </div>
   <div class='ocr_carea' id='block_1_88' title="bbox 2166 4250 3766 4327">
    <p class='ocr_par' dir='ltr' id='par_1_88' title="bbox 2166 4250 3766 4327">
     <span class='ocr_line' id='line_1_88' title="bbox 2166 4250 3766 4327; baseline -0.006 -15"><span class='ocrx_word' id='word_1_623' title='bbox 2166 4259 2310 4312; x_wconf 79' lang='grc' dir='ltr'>οὕτω</span> <span class='ocrx_word' id='word_1_624' title='bbox 2338 4257 2635 4327; x_wconf 86' lang='grc' dir='ltr'>λεγόμενον</span> <span class='ocrx_word' id='word_1_625' title='bbox 2667 4257 3068 4325; x_wconf 81' lang='grc' dir='ltr'>κατεσκήνητο,</span> <span class='ocrx_word' id='word_1_626' title='bbox 3100 4256 3228 4325; x_wconf 79' lang='grc' dir='ltr'>ἄρτι</span> <span class='ocrx_word' id='word_1_627' title='bbox 3269 4253 3334 4322; x_wconf 80' lang='grc' dir='ltr'>δὴ</span> <span class='ocrx_word' id='word_1_628' title='bbox 3384 4254 3565 4323; x_wconf 81' lang='grc' dir='ltr'>Ἀμερ</span> <span class='ocrx_word' id='word_1_629' title='bbox 3615 4250 3766 4320; x_wconf 76' lang='grc' dir='ltr'>αὐτῷ</span> 
     </span>
    </p>
   </div>
   <div class='ocr_carea' id='block_1_89' title="bbox 2169 4346 3765 4419">
    <p class='ocr_par' dir='ltr' id='par_1_89' title="bbox 2169 4346 3765 4419">
     <span class='ocr_line' id='line_1_89' title="bbox 2169 4346 3765 4419; baseline -0.004 -15"><span class='ocrx_word' id='word_1_630' title='bbox 2169 4349 2641 4419; x_wconf 82' lang='grc' dir='ltr'>καταστρατηγῶν</span> <span class='ocrx_word' id='word_1_631' title='bbox 2710 4348 3051 4419; x_wconf 77' lang='grc' dir='ltr'>πορρωτέρω</span> <span class='ocrx_word' id='word_1_632' title='bbox 3106 4346 3208 4415; x_wconf 80' lang='grc' dir='ltr'>τῆς</span> <span class='ocrx_word' id='word_1_633' title='bbox 3264 4347 3637 4415; x_wconf 77' lang='grc' dir='ltr'>τετριμμένης</span> <span class='ocrx_word' id='word_1_634' title='bbox 3675 4346 3765 4416; x_wconf 70' lang='grc' dir='ltr'>ᾔει</span> 
     </span>
    </p>
   </div>
   <div class='ocr_carea' id='block_1_90' title="bbox 2167 4436 3764 4508">
    <p class='ocr_par' dir='ltr' id='par_1_90' title="bbox 2167 4436 3764 4508">
     <span class='ocr_line' id='line_1_90' title="bbox 2167 4436 3764 4508; baseline -0.004 -15"><span class='ocrx_word' id='word_1_635' title='bbox 2167 4439 2322 4501; x_wconf 72' lang='grc' dir='ltr'>ὀδοῦ,</span> <span class='ocrx_word' id='word_1_636' title='bbox 2355 4439 2492 4507; x_wconf 79' lang='grc' dir='ltr'>πρὸς</span> <span class='ocrx_word' id='word_1_637' title='bbox 2541 4441 2601 4492; x_wconf 86' lang='grc' dir='ltr'><strong>τδ</strong></span> <span class='ocrx_word' id='word_1_638' title='bbox 2651 4440 2939 4508; x_wconf 79' lang='grc' dir='ltr'>Χωνάριον</span> <span class='ocrx_word' id='word_1_639' title='bbox 2968 4437 3338 4490; x_wconf 75' lang='grc' dir='ltr'>ἐπισπεύδων.</span> <span class='ocrx_word' id='word_1_640' title='bbox 3383 4436 3472 4489; x_wconf 84' lang='grc' dir='ltr'>Ἐν</span> <span class='ocrx_word' id='word_1_641' title='bbox 3497 4436 3553 4488; x_wconf 83' lang='grc' dir='ltr'>δὲ</span> <span class='ocrx_word' id='word_1_642' title='bbox 3588 4436 3764 4505; x_wconf 84' lang='grc' dir='ltr'>τούτῳ</span> 
     </span>
    </p>
   </div>
   <div class='ocr_carea' id='block_1_91' title="bbox 478 4527 2062 4606">
    <p class='ocr_par' dir='ltr' id='par_1_91' title="bbox 478 4531 2062 4600">
     <span class='ocr_line' id='line_1_91' title="bbox 478 4531 2062 4600; baseline 0 -15"><span class='ocrx_word' id='word_1_643' title='bbox 478 4532 637 4596; x_wconf 89' lang='lat' dir='ltr'><strong>blica,</strong></span> <span class='ocrx_word' id='word_1_644' title='bbox 667 4532 1004 4588; x_wconf 83' lang='lat' dir='ltr'><strong>Chonarium</strong></span> <span class='ocrx_word' id='word_1_645' title='bbox 1032 4533 1313 4588; x_wconf 89' lang='lat' dir='ltr'><strong>tendebat.</strong></span> <span class='ocrx_word' id='word_1_646' title='bbox 1353 4531 1431 4587; x_wconf 87' lang='lat' dir='ltr'><strong>lbi</strong></span> <span class='ocrx_word' id='word_1_647' title='bbox 1482 4533 1815 4595; x_wconf 87' lang='lat' dir='ltr'><strong>consistens,</strong></span> <span class='ocrx_word' id='word_1_648' title='bbox 1841 4533 2062 4600; x_wconf 89' lang='lat' dir='ltr'><strong>acieque</strong></span> 
     </span>
    </p>
   </div>
   <div class='ocr_carea' id='block_1_92' title="bbox 2164 4527 3766 4606">
    <p class='ocr_par' dir='ltr' id='par_1_92' title="bbox 2169 4527 3766 4599">
     <span class='ocr_line' id='line_1_92' title="bbox 2169 4527 3766 4599; baseline -0.001 -17"><span class='ocrx_word' id='word_1_649' title='bbox 2169 4528 2467 4599; x_wconf 70' lang='grc' dir='ltr'>ἐγγύτερόν</span> <span class='ocrx_word' id='word_1_650' title='bbox 2498 4546 2558 4582; x_wconf 88' lang='grc' dir='ltr'><strong>τε</strong></span> <span class='ocrx_word' id='word_1_651' title='bbox 2587 4529 2881 4598; x_wconf 83' lang='grc' dir='ltr'>γενόμενος</span> <span class='ocrx_word' id='word_1_652' title='bbox 2899 4529 2995 4582; x_wconf 67' lang='grc' dir='ltr'><strong>καὶ</strong></span> <span class='ocrx_word' id='word_1_653' title='bbox 3012 4530 3203 4599; x_wconf 87' lang='grc' dir='ltr'>χεῖρας</span> <span class='ocrx_word' id='word_1_654' title='bbox 3230 4528 3295 4597; x_wconf 84' lang='grc' dir='ltr'>δὴ</span> <span class='ocrx_word' id='word_1_655' title='bbox 3322 4528 3648 4599; x_wconf 72' lang='grc' dir='ltr'>προσϐαλὼν</span> <span class='ocrx_word' id='word_1_656' title='bbox 3671 4527 3766 4580; x_wconf 83' lang='grc' dir='ltr'>καὶ</span> 
     </span>
    </p>
   </div>
   <div class='ocr_carea' id='block_1_93' title="bbox 479 4623 2072 4695">
    <p class='ocr_par' dir='ltr' id='par_1_93' title="bbox 479 4623 2072 4695">
     <span class='ocr_line' id='line_1_93' title="bbox 479 4623 2072 4695; baseline -0.002 -15"><span class='ocrx_word' id='word_1_657' title='bbox 479 4628 533 4680; x_wconf 93' lang='lat' dir='ltr'><strong>iu</strong></span> <span class='ocrx_word' id='word_1_658' title='bbox 563 4639 800 4695; x_wconf 84' lang='lat' dir='ltr'><strong>pugnam</strong></span> <span class='ocrx_word' id='word_1_659' title='bbox 829 4627 1056 4690; x_wconf 88' lang='lat' dir='ltr'><strong>directa,</strong></span> <span class='ocrx_word' id='word_1_660' title='bbox 1112 4640 1178 4679; x_wconf 83' lang='lat' dir='ltr'><strong>ac</strong></span> <span class='ocrx_word' id='word_1_661' title='bbox 1208 4625 1321 4679; x_wconf 83' lang='lat' dir='ltr'><strong>aeri</strong></span> <span class='ocrx_word' id='word_1_662' title='bbox 1366 4626 1667 4680; x_wconf 80' lang='lat' dir='ltr'><strong>commisso</strong></span> <span class='ocrx_word' id='word_1_663' title='bbox 1707 4624 1917 4694; x_wconf 72' lang='lat' dir='ltr'><strong>prrelio,</strong></span> <span class='ocrx_word' id='word_1_664' title='bbox 1966 4623 2072 4677; x_wconf 83' lang='lat' dir='ltr'><strong>im-</strong></span> 
     </span>
    </p>
   </div>
   <div class='ocr_carea' id='block_1_94' title="bbox 480 4715 2065 4788">
    <p class='ocr_par' dir='ltr' id='par_1_94' title="bbox 480 4715 2065 4788">
     <span class='ocr_line' id='line_1_94' title="bbox 480 4715 2065 4788; baseline 0.001 -17"><span class='ocrx_word' id='word_1_665' title='bbox 480 4729 789 4785; x_wconf 76' lang='lat' dir='ltr'><strong>peratorem</strong></span> <span class='ocrx_word' id='word_1_666' title='bbox 839 4716 1195 4788; x_wconf 86' lang='lat' dir='ltr'><strong>impressioni</strong></span> <span class='ocrx_word' id='word_1_667' title='bbox 1239 4716 1507 4785; x_wconf 84' lang='lat' dir='ltr'><strong>imparem</strong></span> <span class='ocrx_word' id='word_1_668' title='bbox 1554 4717 1622 4771; x_wconf 90' lang='lat' dir='ltr'><strong>ad</strong></span> <span class='ocrx_word' id='word_1_669' title='bbox 1670 4715 1853 4786; x_wconf 79' lang='lat' dir='ltr'><strong>fugam</strong></span> <span class='ocrx_word' id='word_1_670' title='bbox 1897 4718 2065 4787; x_wconf 88' lang='lat' dir='ltr'><strong>cogit.</strong></span> 
     </span>
    </p>
   </div>
   <div class='ocr_carea' id='block_1_95' title="bbox 477 4808 2065 4880">
    <p class='ocr_par' dir='ltr' id='par_1_95' title="bbox 477 4808 2065 4880">
     <span class='ocr_line' id='line_1_95' title="bbox 477 4808 2065 4880; baseline 0.001 -17"><span class='ocrx_word' id='word_1_671' title='bbox 477 4812 557 4865; x_wconf 76' lang='lat' dir='ltr'><strong>Ac</strong></span> <span class='ocrx_word' id='word_1_672' title='bbox 594 4826 724 4866; x_wconf 89' lang='lat' dir='ltr'><strong>vero</strong></span> <span class='ocrx_word' id='word_1_673' title='bbox 749 4811 943 4866; x_wconf 80' lang='lat' dir='ltr'><strong>tandin</strong></span> <span class='ocrx_word' id='word_1_674' title='bbox 964 4810 1056 4865; x_wconf 75' lang='lat' dir='ltr'><strong>ille</strong></span> <span class='ocrx_word' id='word_1_675' title='bbox 1087 4808 1234 4878; x_wconf 64' lang='lat' dir='ltr'><strong>fugae</strong></span> <span class='ocrx_word' id='word_1_676' title='bbox 1264 4809 1484 4873; x_wconf 85' lang='lat' dir='ltr'><strong>institit,</strong></span> <span class='ocrx_word' id='word_1_677' title='bbox 1517 4808 1763 4879; x_wconf 87' lang='lat' dir='ltr'><strong>quandiu</strong></span> <span class='ocrx_word' id='word_1_678' title='bbox 1796 4824 2065 4880; x_wconf 89' lang='lat' dir='ltr'><strong>equorum</strong></span> 
     </span>
    </p>
   </div>
   <div class='ocr_carea' id='block_1_96' title="bbox 480 4901 2068 4974">
    <p class='ocr_par' dir='ltr' id='par_1_96' title="bbox 480 4901 2068 4974">
     <span class='ocr_line' id='line_1_96' title="bbox 480 4901 2068 4974; baseline 0.003 -20"><span class='ocrx_word' id='word_1_679' title='bbox 480 4904 663 4974; x_wconf 84' lang='lat' dir='ltr'><strong>vigere</strong></span> <span class='ocrx_word' id='word_1_680' title='bbox 690 4917 915 4957; x_wconf 80' lang='lat' dir='ltr'><strong>cursura</strong></span> <span class='ocrx_word' id='word_1_681' title='bbox 942 4910 999 4956; x_wconf 84' lang='lat' dir='ltr'><strong>et</strong></span> <span class='ocrx_word' id='word_1_682' title='bbox 1026 4914 1135 4954; x_wconf 74' lang='lat' dir='ltr'><strong>non</strong></span> <span class='ocrx_word' id='word_1_683' title='bbox 1160 4901 1525 4957; x_wconf 85' lang='lat' dir='ltr'><strong>intermittere</strong></span> <span class='ocrx_word' id='word_1_684' title='bbox 1547 4916 1612 4957; x_wconf 88' lang='lat' dir='ltr'><strong>ae</strong></span> <span class='ocrx_word' id='word_1_685' title='bbox 1636 4902 1939 4957; x_wconf 85' lang='lat' dir='ltr'><strong>lassescere</strong></span> <span class='ocrx_word' id='word_1_686' title='bbox 1959 4905 2068 4958; x_wconf 75' lang='lat' dir='ltr'><strong>exl-</strong></span> 
     </span>
    </p>
   </div>
   <div class='ocr_carea' id='block_1_97' title="bbox 479 4991 2071 5065">
    <p class='ocr_par' dir='ltr' id='par_1_97' title="bbox 479 4991 2071 5065">
     <span class='ocr_line' id='line_1_97' title="bbox 479 4991 2071 5065; baseline 0.002 -16"><span class='ocrx_word' id='word_1_687' title='bbox 479 4995 742 5050; x_wconf 77' lang='lat' dir='ltr'><strong>stimavit.</strong></span> <span class='ocrx_word' id='word_1_688' title='bbox 808 4991 927 5047; x_wconf 75' lang='lat' dir='ltr'><strong>lam</strong></span> <span class='ocrx_word' id='word_1_689' title='bbox 964 4994 1150 5063; x_wconf 88' lang='lat' dir='ltr'><strong>itaque</strong></span> <span class='ocrx_word' id='word_1_690' title='bbox 1193 4994 1369 5049; x_wconf 87' lang='lat' dir='ltr'><strong>media</strong></span> <span class='ocrx_word' id='word_1_691' title='bbox 1397 5008 1703 5065; x_wconf 83' lang='lat' dir='ltr'><strong>occupante</strong></span> <span class='ocrx_word' id='word_1_692' title='bbox 1756 4996 1866 5063; x_wconf 86' lang='lat' dir='ltr'><strong>die,</strong></span> <span class='ocrx_word' id='word_1_693' title='bbox 1892 5011 2071 5065; x_wconf 76' lang='lat' dir='ltr'><strong>exque</strong></span> 
     </span>
    </p>
   </div>
   <div class='ocr_carea' id='block_1_98' title="bbox 481 5086 2067 5157">
    <p class='ocr_par' dir='ltr' id='par_1_98' title="bbox 481 5086 2067 5157">
     <span class='ocr_line' id='line_1_98' title="bbox 481 5086 2067 5157; baseline 0 -15"><span class='ocrx_word' id='word_1_694' title='bbox 481 5087 617 5143; x_wconf 84' lang='lat' dir='ltr'><strong>solis</strong></span> <span class='ocrx_word' id='word_1_695' title='bbox 642 5086 935 5142; x_wconf 86' lang='lat' dir='ltr'><strong>ardoribus</strong></span> <span class='ocrx_word' id='word_1_696' title='bbox 969 5086 1299 5157; x_wconf 84' lang='lat' dir='ltr'><strong>permoleste</strong></span> <span class='ocrx_word' id='word_1_697' title='bbox 1320 5095 1478 5152; x_wconf 76' lang='lat' dir='ltr'><strong>testu,</strong></span> <span class='ocrx_word' id='word_1_698' title='bbox 1520 5088 1727 5142; x_wconf 77' lang='lat' dir='ltr'><strong>editum</strong></span> <span class='ocrx_word' id='word_1_699' title='bbox 1775 5090 2067 5157; x_wconf 84' lang='lat' dir='ltr'><strong>quemdam</strong></span> 
     </span>
    </p>
   </div>
   <div class='ocr_carea' id='block_1_99' title="bbox 482 5178 2069 5250">
    <p class='ocr_par' dir='ltr' id='par_1_99' title="bbox 482 5178 2069 5250">
     <span class='ocr_line' id='line_1_99' title="bbox 482 5178 2069 5250; baseline 0.001 -17"><span class='ocrx_word' id='word_1_700' title='bbox 482 5181 662 5235; x_wconf 85' lang='lat' dir='ltr'><strong>locum</strong></span> <span class='ocrx_word' id='word_1_701' title='bbox 700 5180 884 5234; x_wconf 78' lang='lat' dir='ltr'><strong>Anzen</strong></span> <span class='ocrx_word' id='word_1_702' title='bbox 918 5179 1166 5242; x_wconf 91' lang='lat' dir='ltr'><strong>nomine,</strong></span> <span class='ocrx_word' id='word_1_703' title='bbox 1202 5195 1429 5235; x_wconf 84' lang='lat' dir='ltr'><strong>accessu</strong></span> <span class='ocrx_word' id='word_1_704' title='bbox 1470 5178 1741 5235; x_wconf 72' lang='lat' dir='ltr'><strong>difﬁcilem</strong></span> <span class='ocrx_word' id='word_1_705' title='bbox 1776 5196 1840 5234; x_wconf 88' lang='lat' dir='ltr'><strong>ac</strong></span> <span class='ocrx_word' id='word_1_706' title='bbox 1870 5180 2069 5250; x_wconf 88' lang='lat' dir='ltr'><strong>lapidi-</strong></span> 
     </span>
    </p>
   </div>
   <div class='ocr_carea' id='block_1_100' title="bbox 486 5271 2071 5343">
    <p class='ocr_par' dir='ltr' id='par_1_100' title="bbox 486 5271 2071 5343">
     <span class='ocr_line' id='line_1_100' title="bbox 486 5271 2071 5343; baseline 0.001 -17"><span class='ocrx_word' id='word_1_707' title='bbox 486 5273 588 5327; x_wconf 87' lang='lat' dir='ltr'><strong>bus</strong></span> <span class='ocrx_word' id='word_1_708' title='bbox 628 5285 911 5341; x_wconf 85' lang='lat' dir='ltr'><strong>asperum,</strong></span> <span class='ocrx_word' id='word_1_709' title='bbox 947 5280 1223 5341; x_wconf 84' lang='lat' dir='ltr'><strong>coguntur</strong></span> <span class='ocrx_word' id='word_1_710' title='bbox 1247 5272 1570 5329; x_wconf 85' lang='lat' dir='ltr'><strong>ascendere.</strong></span> <span class='ocrx_word' id='word_1_711' title='bbox 1619 5271 1734 5327; x_wconf 89' lang='lat' dir='ltr'><strong>Illic</strong></span> <span class='ocrx_word' id='word_1_712' title='bbox 1775 5273 2071 5343; x_wconf 89' lang='lat' dir='ltr'><strong>imperator</strong></span> 
     </span>
    </p>
   </div>
   <div class='ocr_carea' id='block_1_101' title="bbox 483 5363 2070 5436">
    <p class='ocr_par' dir='ltr' id='par_1_101' title="bbox 483 5363 2070 5436">
     <span class='ocr_line' id='line_1_101' title="bbox 483 5363 2070 5436; baseline 0.001 -18"><span class='ocrx_word' id='word_1_713' title='bbox 483 5381 549 5418; x_wconf 82' lang='lat' dir='ltr'><strong>ex</strong></span> <span class='ocrx_word' id='word_1_714' title='bbox 591 5363 718 5434; x_wconf 81' lang='lat' dir='ltr'><strong>fuga</strong></span> <span class='ocrx_word' id='word_1_715' title='bbox 771 5374 1023 5436; x_wconf 84' lang='lat' dir='ltr'><strong>receptus</strong></span> <span class='ocrx_word' id='word_1_716' title='bbox 1064 5366 1483 5433; x_wconf 85' lang='lat' dir='ltr'><strong>stabulabatur;</strong></span> <span class='ocrx_word' id='word_1_717' title='bbox 1538 5381 1568 5420; x_wconf 90' lang='lat' dir='ltr'><strong>e</strong></span> <span class='ocrx_word' id='word_1_718' title='bbox 1612 5366 1842 5435; x_wconf 88' lang='lat' dir='ltr'><strong>vestigio</strong></span> <span class='ocrx_word' id='word_1_719' title='bbox 1887 5375 2070 5420; x_wconf 84' lang='lat' dir='ltr'><strong>autem</strong></span> 
     </span>
    </p>
   </div>
   <div class='ocr_carea' id='block_1_102' title="bbox 482 5458 2071 5529">
    <p class='ocr_par' dir='ltr' id='par_1_102' title="bbox 482 5458 2071 5529">
     <span class='ocr_line' id='line_1_102' title="bbox 482 5458 2071 5529; baseline 0.001 -18"><span class='ocrx_word' id='word_1_720' title='bbox 482 5465 702 5513; x_wconf 85' lang='lat' dir='ltr'><strong>secutus</strong></span> <span class='ocrx_word' id='word_1_721' title='bbox 737 5458 902 5512; x_wconf 81' lang='lat' dir='ltr'><strong>Amer</strong></span> <span class='ocrx_word' id='word_1_722' title='bbox 933 5458 1110 5513; x_wconf 84' lang='lat' dir='ltr'><strong>locum</strong></span> <span class='ocrx_word' id='word_1_723' title='bbox 1133 5459 1326 5529; x_wconf 87' lang='lat' dir='ltr'><strong>cingit,</strong></span> <span class='ocrx_word' id='word_1_724' title='bbox 1374 5459 1526 5513; x_wconf 86' lang='lat' dir='ltr'><strong>velut</strong></span> <span class='ocrx_word' id='word_1_725' title='bbox 1560 5459 1775 5513; x_wconf 82' lang='lat' dir='ltr'><strong>scilicet</strong></span> <span class='ocrx_word' id='word_1_726' title='bbox 1808 5458 2071 5529; x_wconf 85' lang='lat' dir='ltr'><strong>indagine</strong></span> 
     </span>
    </p>
   </div>
   <div class='ocr_carea' id='block_1_103' title="bbox 485 5550 2062 5621">
    <p class='ocr_par' dir='ltr' id='par_1_103' title="bbox 485 5550 2062 5621">
     <span class='ocr_line' id='line_1_103' title="bbox 485 5550 2062 5621; baseline 0.003 -19"><span class='ocrx_word' id='word_1_727' title='bbox 485 5550 872 5619; x_wconf 85' lang='lat' dir='ltr'><strong>imperatorem</strong></span> <span class='ocrx_word' id='word_1_728' title='bbox 904 5560 1186 5621; x_wconf 82' lang='lat' dir='ltr'><strong>capturus.</strong></span> <span class='ocrx_word' id='word_1_729' title='bbox 1223 5554 1301 5607; x_wconf 77' lang='lat' dir='ltr'><strong>Ae</strong></span> <span class='ocrx_word' id='word_1_730' title='bbox 1324 5560 1474 5608; x_wconf 89' lang='lat' dir='ltr'><strong>certe</strong></span> <span class='ocrx_word' id='word_1_731' title='bbox 1501 5552 1775 5621; x_wconf 85' lang='lat' dir='ltr'><strong>captivum</strong></span> <span class='ocrx_word' id='word_1_732' title='bbox 1806 5552 2062 5620; x_wconf 85' lang='lat' dir='ltr'><strong>cepisset,</strong></span> 
     </span>
    </p>
   </div>
   <div class='ocr_carea' id='block_1_104' title="bbox 488 5641 2064 5714">
    <p class='ocr_par' dir='ltr' id='par_1_104' title="bbox 488 5641 2064 5714">
     <span class='ocr_line' id='line_1_104' title="bbox 488 5641 2064 5714; baseline 0.004 -21"><span class='ocrx_word' id='word_1_733' title='bbox 488 5641 595 5696; x_wconf 86' lang='lat' dir='ltr'><strong>nisi</strong></span> <span class='ocrx_word' id='word_1_734' title='bbox 626 5642 887 5698; x_wconf 78' lang='lat' dir='ltr'><strong>Palatinae</strong></span> <span class='ocrx_word' id='word_1_735' title='bbox 914 5644 1170 5701; x_wconf 86' lang='lat' dir='ltr'><strong>cohortes</strong></span> <span class='ocrx_word' id='word_1_736' title='bbox 1199 5644 1418 5701; x_wconf 76' lang='lat' dir='ltr'><strong>fortiter</strong></span> <span class='ocrx_word' id='word_1_737' title='bbox 1473 5644 1792 5699; x_wconf 79' lang='lat' dir='ltr'><strong>dimicando</strong></span> <span class='ocrx_word' id='word_1_738' title='bbox 1848 5645 2064 5714; x_wconf 87' lang='lat' dir='ltr'><strong>locique</strong></span> 
     </span>
    </p>
   </div>
   <div class='ocr_carea' id='block_1_105' title="bbox 492 5732 2069 5806">
    <p class='ocr_par' dir='ltr' id='par_1_105' title="bbox 492 5732 2069 5806">
     <span class='ocr_line' id='line_1_105' title="bbox 492 5732 2069 5806; baseline 0.002 -20"><span class='ocrx_word' id='word_1_739' title='bbox 492 5732 608 5801; x_wconf 82' lang='lat' dir='ltr'><strong>ipsa</strong></span> <span class='ocrx_word' id='word_1_740' title='bbox 647 5734 917 5791; x_wconf 82' lang='lat' dir='ltr'><strong>celsitudo</strong></span> <span class='ocrx_word' id='word_1_741' title='bbox 933 5745 989 5791; x_wconf 82' lang='lat' dir='ltr'><strong>et</strong></span> <span class='ocrx_word' id='word_1_742' title='bbox 1020 5737 1268 5792; x_wconf 81' lang='lat' dir='ltr'><strong>arduitas</strong></span> <span class='ocrx_word' id='word_1_743' title='bbox 1302 5738 1565 5795; x_wconf 84' lang='lat' dir='ltr'><strong>momenti</strong></span> <span class='ocrx_word' id='word_1_744' title='bbox 1590 5736 1792 5806; x_wconf 83' lang='lat' dir='ltr'><strong>aliquid</strong></span> <span class='ocrx_word' id='word_1_745' title='bbox 1819 5739 1884 5791; x_wconf 84' lang='lat' dir='ltr'><strong>ad</strong></span> <span class='ocrx_word' id='word_1_746' title='bbox 1921 5740 2069 5792; x_wconf 82' lang='lat' dir='ltr'><strong>salu-</strong></span> 
     </span>
    </p>
   </div>
   <div class='ocr_carea' id='block_1_106' title="bbox 496 5826 2065 5900">
    <p class='ocr_par' dir='ltr' id='par_1_106' title="bbox 496 5826 2065 5900">
     <span class='ocr_line' id='line_1_106' title="bbox 496 5826 2065 5900; baseline 0.005 -23"><span class='ocrx_word' id='word_1_747' title='bbox 496 5833 605 5879; x_wconf 90' lang='lat' dir='ltr'><strong>tem</strong></span> <span class='ocrx_word' id='word_1_748' title='bbox 646 5826 695 5881; x_wconf 86' lang='lat' dir='ltr'><strong>ei</strong></span> <span class='ocrx_word' id='word_1_749' title='bbox 730 5828 1110 5883; x_wconf 82' lang='lat' dir='ltr'><strong>contulissent.</strong></span> <span class='ocrx_word' id='word_1_750' title='bbox 1186 5831 1462 5900; x_wconf 75' lang='lat' dir='ltr'><strong>Agebatur</strong></span> <span class='ocrx_word' id='word_1_751' title='bbox 1505 5831 1806 5900; x_wconf 79' lang='lat' dir='ltr'><strong>periculum</strong></span> <span class='ocrx_word' id='word_1_752' title='bbox 1849 5832 2065 5894; x_wconf 69' lang='lat' dir='ltr'><strong>animae,</strong></span> 
     </span>
    </p>
   </div>
   <div class='ocr_carea' id='block_1_107' title="bbox 2177 4619 3762 4691">
    <p class='ocr_par' dir='ltr' id='par_1_107' title="bbox 2177 4619 3762 4691">
     <span class='ocr_line' id='line_1_107' title="bbox 2177 4619 3762 4691; baseline -0.002 -16"><span class='ocrx_word' id='word_1_753' title='bbox 2177 4620 2413 4691; x_wconf 81' lang='grc' dir='ltr'>πόλεμον</span> <span class='ocrx_word' id='word_1_754' title='bbox 2450 4622 2716 4690; x_wconf 71' lang='grc' dir='ltr'>συνάψας,</span> <span class='ocrx_word' id='word_1_755' title='bbox 2749 4620 2998 4673; x_wconf 81' lang='grc' dir='ltr'>νεανικὸν</span> <span class='ocrx_word' id='word_1_756' title='bbox 3030 4619 3277 4688; x_wconf 84' lang='grc' dir='ltr'>φεύγειν,</span> <span class='ocrx_word' id='word_1_757' title='bbox 3316 4620 3432 4673; x_wconf 79' lang='grc' dir='ltr'>ἀλλ’</span> <span class='ocrx_word' id='word_1_758' title='bbox 3460 4622 3520 4675; x_wconf 82' lang='grc' dir='ltr'><strong>ού</strong></span> <span class='ocrx_word' id='word_1_759' title='bbox 3560 4619 3762 4689; x_wconf 73' lang='grc' dir='ltr'>μένειν,</span> 
     </span>
    </p>
   </div>
   <div class='ocr_carea' id='block_1_108' title="bbox 2173 4712 3767 4783">
    <p class='ocr_par' dir='ltr' id='par_1_108' title="bbox 2173 4712 3767 4783">
     <span class='ocr_line' id='line_1_108' title="bbox 2173 4712 3767 4783; baseline -0.002 -17"><span class='ocrx_word' id='word_1_760' title='bbox 2173 4712 2515 4783; x_wconf 76' lang='grc' dir='ltr'>τὸνβασιλέα</span> <span class='ocrx_word' id='word_1_761' title='bbox 2541 4712 2873 4782; x_wconf 76' lang='grc' dir='ltr'>ἠνάγκαζεν.</span> <span class='ocrx_word' id='word_1_762' title='bbox 2907 4713 3069 4766; x_wconf 79' lang='grc' dir='ltr'>Ἀλλὰ</span> <span class='ocrx_word' id='word_1_763' title='bbox 3104 4714 3329 4781; x_wconf 86' lang='grc' dir='ltr'>φεύγειν</span> <span class='ocrx_word' id='word_1_764' title='bbox 3365 4713 3463 4783; x_wconf 75' lang='grc' dir='ltr'><strong>μὲν</strong></span> <span class='ocrx_word' id='word_1_765' title='bbox 3484 4714 3767 4781; x_wconf 72' lang='grc' dir='ltr'>ἐπειρᾶτο,</span> 
     </span>
    </p>
   </div>
   <div class='ocr_carea' id='block_1_109' title="bbox 2174 4801 3768 4873">
    <p class='ocr_par' dir='ltr' id='par_1_109' title="bbox 2174 4801 3768 4873">
     <span class='ocr_line' id='line_1_109' title="bbox 2174 4801 3768 4873; baseline -0.003 -16"><span class='ocrx_word' id='word_1_766' title='bbox 2174 4804 2279 4867; x_wconf 70' lang='grc' dir='ltr'>ἕως</span> <span class='ocrx_word' id='word_1_767' title='bbox 2323 4804 2417 4856; x_wconf 82' lang='grc' dir='ltr'><strong>τὸν</strong></span> <span class='ocrx_word' id='word_1_768' title='bbox 2440 4803 2549 4856; x_wconf 87' lang='grc' dir='ltr'><strong>τῶν</strong></span> <span class='ocrx_word' id='word_1_769' title='bbox 2573 4804 2755 4857; x_wconf 77' lang='grc' dir='ltr'>ἵππων</span> <span class='ocrx_word' id='word_1_770' title='bbox 2786 4803 3061 4873; x_wconf 75' lang='grc' dir='ltr'>ἀκμάζειν</span> <span class='ocrx_word' id='word_1_771' title='bbox 3091 4802 3317 4873; x_wconf 85' lang='grc' dir='ltr'>δρόμον,</span> <span class='ocrx_word' id='word_1_772' title='bbox 3354 4801 3469 4853; x_wconf 79' lang='grc' dir='ltr'>ἀλλ’</span> <span class='ocrx_word' id='word_1_773' title='bbox 3500 4802 3560 4853; x_wconf 77' lang='grc' dir='ltr'><strong>οὑ</strong></span> <span class='ocrx_word' id='word_1_774' title='bbox 3582 4801 3768 4854; x_wconf 76' lang='grc' dir='ltr'>διακό-</span> 
     </span>
    </p>
   </div>
   <div class='ocr_carea' id='block_1_110' title="bbox 2177 4895 3767 4967">
    <p class='ocr_par' dir='ltr' id='par_1_110' title="bbox 2177 4895 3767 4967">
     <span class='ocr_line' id='line_1_110' title="bbox 2177 4895 3767 4967; baseline -0.003 -17"><span class='ocrx_word' id='word_1_775' title='bbox 2177 4897 2410 4951; x_wconf 79' lang='grc' dir='ltr'>πτεσθαι</span> <span class='ocrx_word' id='word_1_776' title='bbox 2442 4897 2850 4967; x_wconf 75' lang='grc' dir='ltr'>ὑπελάμϐανεν.</span> <span class='ocrx_word' id='word_1_777' title='bbox 2884 4896 2994 4950; x_wconf 74' lang='grc' dir='ltr'>Καὶ</span> <span class='ocrx_word' id='word_1_778' title='bbox 3024 4896 3088 4966; x_wconf 82' lang='grc' dir='ltr'><strong>δὴ</strong></span> <span class='ocrx_word' id='word_1_779' title='bbox 3136 4895 3407 4964; x_wconf 82' lang='grc' dir='ltr'>σταθερᾶς</span> <span class='ocrx_word' id='word_1_780' title='bbox 3438 4910 3496 4949; x_wconf 81' lang='grc' dir='ltr'><strong>τε</strong></span> <span class='ocrx_word' id='word_1_781' title='bbox 3547 4910 3767 4963; x_wconf 81' lang='grc' dir='ltr'>μεσημ-</span> 
     </span>
    </p>
   </div>
   <div class='ocr_carea' id='block_1_111' title="bbox 2177 4984 3768 5060">
    <p class='ocr_par' dir='ltr' id='par_1_111' title="bbox 2177 4984 3768 5060">
     <span class='ocr_line' id='line_1_111' title="bbox 2177 4984 3768 5060; baseline -0.004 -19"><span class='ocrx_word' id='word_1_782' title='bbox 2177 4989 2335 5060; x_wconf 76' lang='grc' dir='ltr'>ϐρίας</span> <span class='ocrx_word' id='word_1_783' title='bbox 2362 4989 2588 5058; x_wconf 72' lang='grc' dir='ltr'>ἐνούσης</span> <span class='ocrx_word' id='word_1_784' title='bbox 2635 4988 2730 5042; x_wconf 77' lang='grc' dir='ltr'>καὶ</span> <span class='ocrx_word' id='word_1_785' title='bbox 2775 4988 3057 5057; x_wconf 82' lang='grc' dir='ltr'>καύματος</span> <span class='ocrx_word' id='word_1_786' title='bbox 3084 4988 3204 5053; x_wconf 64' lang='grc' dir='ltr'><strong>ξούκ</strong></span> <span class='ocrx_word' id='word_1_787' title='bbox 3234 4984 3421 5051; x_wconf 72' lang='grc' dir='ltr'>ὀλίγου</span> <span class='ocrx_word' id='word_1_788' title='bbox 3470 4986 3768 5047; x_wconf 76' lang='grc' dir='ltr'>θάλποντος</span> 
     </span>
    </p>
   </div>
   <div class='ocr_carea' id='block_1_112' title="bbox 2176 5078 3769 5150">
    <p class='ocr_par' dir='ltr' id='par_1_112' title="bbox 2176 5078 3769 5150">
     <span class='ocr_line' id='line_1_112' title="bbox 2176 5078 3769 5150; baseline -0.003 -16"><span class='ocrx_word' id='word_1_789' title='bbox 2176 5083 2243 5134; x_wconf 75' lang='grc' dir='ltr'>ὲκ</span> <span class='ocrx_word' id='word_1_790' title='bbox 2264 5083 2361 5149; x_wconf 77' lang='grc' dir='ltr'>τῆς</span> <span class='ocrx_word' id='word_1_791' title='bbox 2390 5081 2485 5134; x_wconf 79' lang='grc' dir='ltr'><strong>τοῦ</strong></span> <span class='ocrx_word' id='word_1_792' title='bbox 2522 5081 2675 5150; x_wconf 75' lang='grc' dir='ltr'>ἡλίου</span> <span class='ocrx_word' id='word_1_793' title='bbox 2709 5079 3056 5149; x_wconf 84' lang='grc' dir='ltr'>φλογώσεως.</span> <span class='ocrx_word' id='word_1_794' title='bbox 3087 5078 3235 5132; x_wconf 82' lang='grc' dir='ltr'><strong>κατά</strong></span> <span class='ocrx_word' id='word_1_795' title='bbox 3250 5095 3370 5133; x_wconf 85' lang='grc' dir='ltr'>τινα</span> <span class='ocrx_word' id='word_1_796' title='bbox 3400 5078 3609 5147; x_wconf 72' lang='grc' dir='ltr'>ὀρεινὸν</span> <span class='ocrx_word' id='word_1_797' title='bbox 3639 5080 3769 5130; x_wconf 86' lang='grc' dir='ltr'>ἀνα-</span> 
     </span>
    </p>
   </div>
   <div class='ocr_carea' id='block_1_113' title="bbox 2175 5170 3765 5243">
    <p class='ocr_par' dir='ltr' id='par_1_113' title="bbox 2175 5170 3765 5243">
     <span class='ocr_line' id='line_1_113' title="bbox 2175 5170 3765 5243; baseline -0.002 -19"><span class='ocrx_word' id='word_1_798' title='bbox 2175 5173 2387 5226; x_wconf 72' lang='grc' dir='ltr'>ϐαίνειν</span> <span class='ocrx_word' id='word_1_799' title='bbox 2423 5174 2588 5225; x_wconf 86' lang='grc' dir='ltr'>τόπον</span> <span class='ocrx_word' id='word_1_800' title='bbox 2646 5173 2947 5243; x_wconf 81' lang='grc' dir='ltr'>βιάζονται,</span> <span class='ocrx_word' id='word_1_801' title='bbox 2996 5170 3194 5239; x_wconf 79' lang='grc' dir='ltr'>Ἀνζῆν</span> <span class='ocrx_word' id='word_1_802' title='bbox 3250 5170 3395 5223; x_wconf 74' lang='grc' dir='ltr'>οὕτω</span> <span class='ocrx_word' id='word_1_803' title='bbox 3448 5170 3765 5239; x_wconf 80' lang='grc' dir='ltr'>λεγόμενον,</span> 
     </span>
    </p>
   </div>
   <div class='ocr_carea' id='block_1_114' title="bbox 2173 5261 3768 5336">
    <p class='ocr_par' dir='ltr' id='par_1_114' title="bbox 2173 5261 3768 5336">
     <span class='ocr_line' id='line_1_114' title="bbox 2173 5261 3768 5336; baseline -0.004 -15"><span class='ocrx_word' id='word_1_804' title='bbox 2173 5265 2544 5336; x_wconf 82' lang='grc' dir='ltr'>δυσπρόσοδ6ν</span> <span class='ocrx_word' id='word_1_805' title='bbox 2562 5282 2622 5317; x_wconf 87' lang='grc' dir='ltr'><strong>ιτε</strong></span> <span class='ocrx_word' id='word_1_806' title='bbox 2651 5265 2747 5318; x_wconf 79' lang='grc' dir='ltr'><strong>καὶ</strong></span> <span class='ocrx_word' id='word_1_807' title='bbox 2766 5265 2995 5334; x_wconf 81' lang='grc' dir='ltr'>τραχέσι</span> <span class='ocrx_word' id='word_1_808' title='bbox 3011 5263 3180 5323; x_wconf 84' lang='grc' dir='ltr'>λίθοις</span> <span class='ocrx_word' id='word_1_809' title='bbox 3203 5263 3304 5315; x_wconf 78' lang='grc' dir='ltr'>οὐκ</span> <span class='ocrx_word' id='word_1_810' title='bbox 3331 5261 3533 5316; x_wconf 72' lang='grc' dir='ltr'>εὔοδον.</span> <span class='ocrx_word' id='word_1_811' title='bbox 3555 5263 3768 5315; x_wconf 77' lang='grc' dir='ltr'>Ἐκεῖσε</span> 
     </span>
    </p>
   </div>
   <div class='ocr_carea' id='block_1_115' title="bbox 2173 5355 3769 5429">
    <p class='ocr_par' dir='ltr' id='par_1_115' title="bbox 2173 5355 3769 5429">
     <span class='ocr_line' id='line_1_115' title="bbox 2173 5355 3769 5429; baseline -0.003 -16"><span class='ocrx_word' id='word_1_812' title='bbox 2173 5360 2237 5429; x_wconf 77' lang='grc' dir='ltr'>δὴ</span> <span class='ocrx_word' id='word_1_813' title='bbox 2271 5358 2491 5428; x_wconf 79' lang='grc' dir='ltr'>φεύγων</span> <span class='ocrx_word' id='word_1_814' title='bbox 2536 5362 2564 5413; x_wconf 83' lang='grc' dir='ltr'><strong>ὁ</strong></span> <span class='ocrx_word' id='word_1_815' title='bbox 2594 5358 2852 5428; x_wconf 76' lang='grc' dir='ltr'>βασιλεὺς</span> <span class='ocrx_word' id='word_1_816' title='bbox 2907 5355 3240 5426; x_wconf 75' lang='grc' dir='ltr'>ὲνηυλίζετο,</span> <span class='ocrx_word' id='word_1_817' title='bbox 3281 5356 3376 5408; x_wconf 74' lang='grc' dir='ltr'><strong>καὶ</strong></span> <span class='ocrx_word' id='word_1_818' title='bbox 3436 5356 3502 5407; x_wconf 78' lang='grc' dir='ltr'>ἐκ</span> <span class='ocrx_word' id='word_1_819' title='bbox 3560 5355 3769 5416; x_wconf 78' lang='grc' dir='ltr'>ποδὸςό</span> 
     </span>
    </p>
   </div>
   <div class='ocr_carea' id='block_1_116' title="bbox 2181 5446 3769 5526">
    <p class='ocr_par' dir='ltr' id='par_1_116' title="bbox 2181 5446 3769 5526">
     <span class='ocr_line' id='line_1_116' title="bbox 2181 5446 3769 5526; baseline -0.006 -18"><span class='ocrx_word' id='word_1_820' title='bbox 2181 5455 2360 5526; x_wconf 70' lang='grc' dir='ltr'>’Δμερ</span> <span class='ocrx_word' id='word_1_821' title='bbox 2399 5451 2548 5522; x_wconf 78' lang='grc' dir='ltr'>αὐτῷ</span> <span class='ocrx_word' id='word_1_822' title='bbox 2595 5450 2980 5505; x_wconf 71' lang='grc' dir='ltr'>ἐπακολουθῶν</span> <span class='ocrx_word' id='word_1_823' title='bbox 3012 5448 3097 5522; x_wconf 73' lang='grc' dir='ltr'><strong>[Ρ.</strong></span> <span class='ocrx_word' id='word_1_824' title='bbox 3155 5448 3283 5521; x_wconf 77' lang='lat' dir='ltr'><strong>ill]</strong></span> <span class='ocrx_word' id='word_1_825' title='bbox 3317 5448 3663 5520; x_wconf 78' lang='grc' dir='ltr'>περικυκλοῖ,</span> <span class='ocrx_word' id='word_1_826' title='bbox 3693 5446 3769 5511; x_wconf 86' lang='grc' dir='ltr'><strong>ὡς</strong></span> 
     </span>
    </p>
   </div>
   <div class='ocr_carea' id='block_1_117' title="bbox 2174 5539 3767 5616">
    <p class='ocr_par' dir='ltr' id='par_1_117' title="bbox 2174 5539 3767 5616">
     <span class='ocr_line' id='line_1_117' title="bbox 2174 5539 3767 5616; baseline -0.006 -16"><span class='ocrx_word' id='word_1_827' title='bbox 2174 5550 2232 5600; x_wconf 84' lang='grc' dir='ltr'><strong>ἐν</strong></span> <span class='ocrx_word' id='word_1_828' title='bbox 2269 5546 2470 5616; x_wconf 86' lang='grc' dir='ltr'>δικτύῳ</span> <span class='ocrx_word' id='word_1_829' title='bbox 2494 5545 2667 5599; x_wconf 81' lang='grc' dir='ltr'>θέλων</span> <span class='ocrx_word' id='word_1_830' title='bbox 2695 5542 2902 5598; x_wconf 76' lang='grc' dir='ltr'>λαϐεῖν.</span> <span class='ocrx_word' id='word_1_831' title='bbox 2939 5542 3059 5598; x_wconf 81' lang='grc' dir='ltr'><strong>Κᾶν</strong></span> <span class='ocrx_word' id='word_1_832' title='bbox 3094 5541 3284 5595; x_wconf 71' lang='grc' dir='ltr'>ἔλασεν</span> <span class='ocrx_word' id='word_1_833' title='bbox 3314 5541 3478 5595; x_wconf 71' lang='grc' dir='ltr'>αὐτὸν</span> <span class='ocrx_word' id='word_1_834' title='bbox 3493 5539 3767 5611; x_wconf 70' lang='grc' dir='ltr'>δορυάλωο</span> 
     </span>
    </p>
   </div>
   <div class='ocr_carea' id='block_1_118' title="bbox 2175 5630 3772 5707">
    <p class='ocr_par' dir='ltr' id='par_1_118' title="bbox 2175 5630 3772 5707">
     <span class='ocr_line' id='line_1_118' title="bbox 2175 5630 3772 5707; baseline -0.006 -16"><span class='ocrx_word' id='word_1_835' title='bbox 2175 5656 2290 5703; x_wconf 87' lang='grc' dir='ltr'>τον,</span> <span class='ocrx_word' id='word_1_836' title='bbox 2317 5636 2435 5693; x_wconf 79' lang='grc' dir='ltr'>ἀλλ’</span> <span class='ocrx_word' id='word_1_837' title='bbox 2459 5637 2621 5705; x_wconf 80' lang='grc' dir='ltr'>ἡτῶν</span> <span class='ocrx_word' id='word_1_838' title='bbox 2650 5634 2946 5707; x_wconf 75' lang='grc' dir='ltr'>βασιλικῶν</span> <span class='ocrx_word' id='word_1_839' title='bbox 2974 5634 3273 5701; x_wconf 83' lang='grc' dir='ltr'>ταγμάτων</span> <span class='ocrx_word' id='word_1_840' title='bbox 3307 5634 3461 5702; x_wconf 72' lang='grc' dir='ltr'>ἰσχὺς</span> <span class='ocrx_word' id='word_1_841' title='bbox 3488 5630 3772 5700; x_wconf 79' lang='grc' dir='ltr'>καρτερῶς</span> 
     </span>
    </p>
   </div>
   <div class='ocr_carea' id='block_1_119' title="bbox 2180 5721 3773 5801">
    <p class='ocr_par' dir='ltr' id='par_1_119' title="bbox 2180 5721 3773 5801">
     <span class='ocr_line' id='line_1_119' title="bbox 2180 5721 3773 5801; baseline -0.007 -17"><span class='ocrx_word' id='word_1_842' title='bbox 2180 5730 2582 5801; x_wconf 73' lang='grc' dir='ltr'>ἀπομαχομένη</span> <span class='ocrx_word' id='word_1_843' title='bbox 2630 5730 2723 5782; x_wconf 72' lang='grc' dir='ltr'><strong>καὶ</strong></span> <span class='ocrx_word' id='word_1_844' title='bbox 2762 5728 2823 5781; x_wconf 76' lang='grc' dir='ltr'>τὸ</span> <span class='ocrx_word' id='word_1_845' title='bbox 2875 5726 2969 5779; x_wconf 69' lang='grc' dir='ltr'>τοῦ</span> <span class='ocrx_word' id='word_1_846' title='bbox 3021 5726 3188 5779; x_wconf 84' lang='grc' dir='ltr'>τόπου</span> <span class='ocrx_word' id='word_1_847' title='bbox 3220 5723 3521 5794; x_wconf 80' lang='grc' dir='ltr'>ἀνεστηκός</span> <span class='ocrx_word' id='word_1_848' title='bbox 3571 5738 3633 5774; x_wconf 79' lang='grc' dir='ltr'><strong>τι</strong></span> <span class='ocrx_word' id='word_1_849' title='bbox 3675 5721 3773 5773; x_wconf 77' lang='grc' dir='ltr'>καὶ</span> 
     </span>
    </p>
   </div>
   <div class='ocr_carea' id='block_1_120' title="bbox 2183 5814 3773 5893">
    <p class='ocr_par' dir='ltr' id='par_1_120' title="bbox 2183 5814 3773 5893">
     <span class='ocr_line' id='line_1_120' title="bbox 2183 5814 3773 5893; baseline -0.006 -17"><span class='ocrx_word' id='word_1_850' title='bbox 2183 5823 2449 5893; x_wconf 70' lang='grc' dir='ltr'>ὑπερέχον</span> <span class='ocrx_word' id='word_1_851' title='bbox 2481 5824 2677 5893; x_wconf 82' lang='grc' dir='ltr'>μικρόν</span> <span class='ocrx_word' id='word_1_852' title='bbox 2706 5839 2756 5877; x_wconf 81' lang='grc' dir='ltr'><strong>τι</strong></span> <span class='ocrx_word' id='word_1_853' title='bbox 2795 5821 3011 5885; x_wconf 75' lang='grc' dir='ltr'>τούτους</span> <span class='ocrx_word' id='word_1_854' title='bbox 3047 5818 3324 5874; x_wconf 75' lang='grc' dir='ltr'>διέσωσεν.</span> <span class='ocrx_word' id='word_1_855' title='bbox 3352 5814 3524 5870; x_wconf 84' lang='grc' dir='ltr'>Ἔνθα</span> <span class='ocrx_word' id='word_1_856' title='bbox 3558 5816 3650 5867; x_wconf 63' lang='grc' dir='ltr'><strong>καὶ</strong></span> <span class='ocrx_word' id='word_1_857' title='bbox 3681 5814 3773 5866; x_wconf 66' lang='grc' dir='ltr'><strong>τὸν</strong></span> 
     </span>
    </p>
   </div>
  </div>
