4144 6438
483 354 588 417 195

1500 340 2017 405 THEOPHANES
2057 339 2499 401 CONTINUA'I‘
2506 340 2625 400 US.

3632 331 3745 397 196

489 468 630 516 rium
660 459 989 523 detrectans,
1024 455 1137 512 sive
1169 464 1230 510 ut
1246 453 1489 509 divinam
1516 469 1675 523 opem
1720 454 2060 523 imploraret.

2176 469 2343 521 χουσα
2378 450 2635 519 Ἰωάννην
2665 449 2869 502 ἐκεῖνον
2904 447 3137 519 μοναχόιι
3186 464 3242 500 τε
3271 450 3367 501 καὶ
3406 444 3753 517 περιϐόητον.

490 552 567 608 Eo
601 567 767 622 porro
792 550 901 604 illic
932 556 1204 613 morante,
1238 562 1430 603 rumor
1459 548 1681 617 quidam
1723 559 2069 616 praecurrens

491 645 751 699 Joannem
782 643 931 697 illum
961 642 1291 696 monachum
1320 640 1574 708 famaque
1631 638 2069 700 celeberrimum,

488 751 712 804 procera
744 736 923 790 virum
947 743 1182 798 statura,
1208 733 1371 788 nudis
1397 748 1612 800 semper
1641 732 1872 801 pedibus
1924 732 2073 783 ince-

486 827 701 882 dentem
758 838 814 881 et
866 827 921 881 iu
961 824 1125 881 Latro
1164 826 1505 880 domicilium
1561 825 1875 890 habentem,
1922 823 2070 878 ultro

490 921 676 977 venire
726 922 1039 974 annuntiat.
1079 919 1270 973 Virum
1331 918 1637 974 solitarium
1679 933 1781 972 nec
1826 932 2069 987 unquam

488 1013 621 1067 cella
655 1022 945 1067 exeuntem
977 1012 1067 1065 illa
1101 1012 1405 1065 mirabatur
1433 1021 1586 1065 actas.
1611 1010 1856 1065 Audiens
1886 1011 2072 1079 itaque

489 1104 554 1160 de
583 1104 678 1159 illo
726 1106 1017 1176 patricius,
1070 1105 1215 1159 haud
1245 1105 1441 1174 procul
1501 1120 1627 1159 eum
1656 1105 1849 1158 abesse
1902 1103 2071 1158 asello

488 1201 785 1265 invectum,
817 1199 1050 1254 festinus
1083 1200 1159 1253 illi
1192 1201 1433 1254 occurrit
1460 1215 1530 1253 ac
1580 1200 1746 1267 pedes
1774 1200 1894 1268 ejus
1914 1213 2070 1253 como

489 1291 767 1359 plectitur.
797 1291 879 1347 Ad
933 1308 1095 1361 quem
1130 1293 1315 1346 statim
1347 1289 1591 1345 Joannes
1618 1308 1633 1344 :
1663 1289 1829 1356 Vade,
1866 1291 2069 1359 inquit,

486 1394 675 1437 contra
703 1383 1021 1449 Saracenos,
1047 1384 1418 1453 imperialibus
1434 1400 1625 1452 parens
1644 1385 1860 1437 litteris.
1892 1382 2071 1437 Vade:

489 1475 654 1529 Deum
712 1477 851 1529 enim
885 1476 1225 1529 liberatorem
1260 1476 1457 1546 tibique
1492 1486 1809 1546 pra’euutem
1832 1477 2070 1542 habebis,

486 1570 531 1622 si
563 1568 739 1629 modo,
765 1569 936 1623 omnis
969 1569 1194 1622 alterius
1223 1570 1378 1639 181
1410 1568 1630 1622 amuleti
1661 1570 1795 1631 loco,
1818 1570 2069 1622 charissi-

484 1672 626 1710 mam
656 1656 738 1709 illi
768 1656 1031 1710 Joannem
1065 1659 1121 1712 in
1147 1661 1384 1712 omnium
1402 1662 1567 1713 scutis
1598 1660 1865 1729 depictth
1890 1662 2073 1729 palam

486 1751 789 1819 gestaveris.
829 1750 1156 1819 Adjecitque
1197 1752 1343 1805 hanc
1399 1768 1566 1805 unam
1609 1768 1710 1807 nec
1737 1754 1901 1806 aliam
1950 1767 2072 1808 esse

486 1857 706 1899 causam
760 1859 862 1899 cur
892 1844 997 1898 hoc
1047 1846 1151 1899 iter
1215 1847 1539 1914 susceperit.
1575 1844 1750 1915 Hujus
1800 1845 2068 1901 Petronas

486 1945 729 1991 armatus
776 1939 1032 2006 precibus
1080 1938 1136 1991 in
1177 1938 1297 1993 loco
1329 1940 1565 2008 quodam
1613 1940 1791 1993 Poson
1822 1941 2067 2004 nomine,

487 2041 553 2079 ex
577 2026 802 2095 rupibus
837 2027 1118 2096 petrisque
1140 2028 1430 2096 praeruptis
1458 2035 1654 2080 natura
1686 2035 1885 2091 tutum,
1909 2026 2073 2079 Ame-

487 2130 602 2168 rem
634 2116 1011 2170 considentem
1059 2118 1286 2171 invenit.
1330 2116 1488 2171 Hunc
1513 2118 1693 2171 locum
1747 2116 2073 2187 praeterﬂuit

486 2206 686 2264 ﬂuvius
706 2211 774 2263 ab
800 2210 1060 2276 aquilone
1079 2212 1145 2264 ad
1167 2212 1452 2265 meridiem
1487 2213 1813 2275 decurrens,
1847 2210 2073 2265 nomine

488 2300 758 2356 Lalacaon
788 2314 1155 2372 ;pratumque
1203 2304 1441 2373 adjacet,
1474 2304 1623 2372 quod
1683 2303 1887 2357 rustica
1940 2316 2075 2356 voce

487 2390 676 2446 incola
712 2390 881 2462 Gyrin
910 2393 1126 2447 dicunt.
1158 2394 1431 2464 Cognovit
1452 2411 1586 2464 ergo
1626 2397 1894 2452 Petronas
1920 2398 2072 2452 illum

487 2483 561 2536 ibi
604 2493 783 2539 castra
816 2484 1039 2549 habere,
1092 2486 1408 2557 nullamque
1460 2504 1569 2542 nou
1599 2489 1824 2544 adhibet
1850 2505 2071 2560 operam

489 2586 548 2628 ιιι
576 2590 796 2630 omnem
830 2577 902 2631 illi
929 2580 1163 2632 exeundi
1205 2594 1272 2633 ac
1330 2581 1564 2634 salutem
1592 2581 1719 2652 fuga
1746 2582 2074 2652 expediendi

489 2666 631 2720 viam
656 2668 976 2735 praecludat.
1017 2667 1214 2723 Statim
1242 2685 1375 2741 ergo
1411 2672 1863 2727 Armeniacorum
1889 2683 1944 2728 et
1971 2676 2073 2728 bu-

487 2760 836 2814 cellariorum
872 2799 888 2826 ,
955 2761 1310 2832 Coloniaeque
1368 2779 1431 2818 ac
1477 2765 1859 2833 Paphlagonia:
1907 2766 2076 2821 duces

489 2840 682 2917 mittit,
715 2854 810 2923 qui
844 2856 910 2908 ad
949 2856 1278 2925 Aquilonem
1339 2859 1577 2926 positum
1638 2860 1782 2915 latus
1831 2868 2073 2927 teneant,

487 2945 652 2999 duces
686 2956 866 3000 autem
920 2946 1279 3002 Orientalium
1323 2950 1638 3020 Obsiciique
1682 2960 1739 3005 et
1788 2950 2078 3022 Cappado-

485 3038 583 3092 cia:
603 3053 729 3092 cum
768 3036 1035 3097 Seleucia
1065 3049 1120 3093 et
1149 3040 1440 3095 Charsiani
1469 3041 1828 3096 clusurarum
1880 3042 2078 3111 pracfe-

2174 548 2385 617 μακρὸν
2417 547 2547 599 ὄντα
2576 547 2635 599 τὸ
2663 541 2822 611 εἶδος,
2848 546 3175 600 ἀνυπὸδετον
3203 545 3327 607 τοὺς
3358 545 3525 605 πόδας
3551 540 3639 596 ἀεὶ
3661 540 3758 595 καὶ

2172 643 2316 695 κατὰ
2345 642 2405 694 τὸ
2438 642 2649 712 Λάτρος
2694 639 3120 709 ἐνδιατρίῦοντα,
3167 635 3575 708 αὐτομολοῦντα
3603 636 3761 706 διήγ-

2173 732 2373 801 γειλεν.
2402 733 2600 786 Τοῦτον
2638 730 2984 802 ἡσυχάζοντα
3020 733 3113 783 καὶ
3168 728 3261 784 τοῦ
3317 726 3509 783 ἑαυτοῦ
3545 727 3759 780 κελλίου

2176 827 2388 896 μήποτε
2412 826 2495 889 ἐξε
2506 826 2769 897 ρχόμενον
2796 827 2825 876 ὁ
2849 824 3039 894 χρόνος
3063 825 3267 884 ἐκεῖνος
3290 820 3621 889 ἐθαύμαζεν.
3667 818 3761 881 Ὠς

2170 922 2217 971 δ’
2245 914 2340 972 οὗν
2372 919 2501 989 περὶ
2532 917 2625 971 τοῦ
2653 917 2842 986 ἀνδρὸς
2870 918 2897 968 ὁ
2929 915 3215 986 πατρίκιος
3242 914 3534 983 διακήκοεν
3571 910 3648 973 ὡς
3674 910 3762 963 ὅτι

2174 1029 2276 1064 που
2325 1010 2551 1081 πλησίον
2606 1012 2754 1063 ἐστὶν
2814 1009 3030 1078 ὀνάριον
3090 1004 3480 1076 ἐποχούμενος,
3540 1003 3764 1072 ἀπήντα

2176 1101 2313 1154 θέων
2343 1099 2434 1153 τὸν
2462 1099 2692 1169 μοναχὸν
2725 1100 2819 1150 καὶ
2848 1100 2973 1159 τοὺς
2995 1097 3163 1158 πόδας
3198 1094 3364 1148 αὐτοῦ
3401 1092 3759 1161 κατελάμϐα-

2173 1210 2284 1247 νεν.
2325 1192 2383 1245 Ὀ
2421 1192 2477 1246 δὲ
2508 1192 2674 1262 μηδὲν
2699 1190 2996 1260 μελλήσας,
3019 1188 3240 1253 Ἀπιθι,
3267 1187 3424 1256 φησὶ,
3458 1184 3609 1239 κατὰ
3640 1182 3767 1237 τῶν

2174 1284 2541 1353 Σαρακηνῶν
2570 1283 2695 1349 τοῖς
2723 1281 3078 1348 ,βασιλικοῖς
3102 1282 3456 1348 πειθόμενος
3492 1274 3763 1345 ψάμμα-

2172 1394 2298 1440 σιν.
2330 1378 2495 1433 ἄπιθι
2519 1391 2534 1404 ·
2571 1376 2720 1430 Θεὸν
2741 1375 2851 1444 γὰρ
2876 1374 3034 1438 ἕξεις
3063 1372 3360 1440 ῥυόμενόν
3397 1386 3469 1423 σε
3495 1370 3591 1423 καί
3619 1382 3766 1437 προ-

2174 1474 2608 1541 πορευόμενον,
2663 1472 2715 1523 εί
2760 1473 2955 1538 μόνον
3006 1467 3116 1520 τὸν
3168 1463 3328 1529 αὐτῷ
3371 1460 3769 1532 ἠγαπημένον

2188 1564 2478 1631 Ἰωάννην
2523 1563 2652 1617 ἀντ’
2697 1561 2891 1615 ᾶλλου
2953 1563 3121 1623 τινὸς
3174 1556 3593 1627 φυλακτηρίου
3631 1553 3768 1620 ταῖς

2174 1660 2395 1715 ἀσπίσι
2413 1657 2655 1711 πάντων
2670 1654 3148 1723 ἐγγεγφαμμένον
3158 1651 3362 1720 φέροις
3380 1647 3624 1718 τρανῶς.
3652 1647 3768 1701 Καὶ

2175 1754 2295 1821 ἅμα
2322 1749 2656 1820 προσετίθει,
2682 1748 2756 1811 ὡς
2784 1749 2907 1802 Οὐκ
2934 1748 3128 1800 ἄλλον
3156 1743 3317 1808 τινὸς
3333 1743 3542 1796 ἕνεκεν
3559 1742 3596 1807 ἢ
3624 1739 3767 1793 τού-

2177 1864 2283 1902 του
2308 1846 2423 1912 τὴν
2448 1844 2712 1897 ἐνταῦθα
2753 1842 3003 1910 πορείαν
3028 1839 3377 1906 πεποίημαι.
3416 1834 3619 1887 Τούτου
3644 1834 3766 1917 ταῖς

2176 1942 2364 2009 εὐχαῖς
2396 1937 2783 1999 καθοπλισοεὶς
2804 1934 2946 1988 κατά
2966 1950 3089 1987 τινα
3114 1933 3275 1985 τόπον
3296 1929 3437 1982 οὕτω
3468 1926 3768 1996 λεγόμενον

2176 2033 2440 2092 Πόσοντα,
2466 2030 2705 2099 φυσικήν
2731 2045 2852 2081 τινα
2882 2027 3184 2095 ἀσφάλειαν
3210 2023 3299 2075 διὰ
3328 2020 3543 2091 πετρῶν
3569 2018 3766 2088 ἔχοντα

2176 2125 2274 2179 καὶ
2311 2121 2595 2195 κρημνῶν,
2624 2123 2714 2173 τὸν
2732 2122 2912 2190 Ἀμερ
2956 2115 3367 2186 καταλαμϐάνει
3400 2109 3763 2181 πανστρατιᾷ.

2177 2215 2366 2284 Τούτῳ
2380 2216 2474 2267 καὶ
2493 2212 2735 2280 ποταμὸς
2755 2211 3031 2280 παραρρεῖ
3064 2208 3170 2261 ἀπὸ
3186 2208 3246 2259 τὸ
3270 2203 3518 2275 ἁρκτῴον
3550 2201 3685 2271 πρὸς
3703 2198 3769 2252 τὸ

2180 2304 2555 2378 μεσημϐρινὸν
2587 2303 2967 2370 ἐλαυνόμενος,
3002 2300 3305 2353 Λαλακὰων
3339 2295 3765 2364 ὀνομαζόμενος,

2178 2402 2277 2455 καὶ
2302 2399 2543 2453 λιϐάδιον
2576 2396 2909 2467 παράκειται
2935 2394 3100 2461 Γῦριν
3138 2393 3430 2462 ἀγροικικῇ
3468 2392 3618 2459 φωνῇ
3657 2405 3767 2441 κα-

2114 2534 2138 2549 ,
2178 2493 2462 2563 λούμενον.
2522 2492 2704 2559 Ἔγνω
2754 2488 2886 2556 γοῦν
2942 2488 2972 2540 ό
3029 2487 3320 2556 Πετρωνᾶς
3355 2486 3535 2537 ὲκεῖσε
3576 2481 3770 2534 τοῦτον

2178 2586 2619 2655 ἱναυλιζόμενον,
2671 2586 2765 2637 καὶ
2797 2583 2975 2651 πάντη
3021 2580 3279 2634 ἔσπευδεν
3309 2576 3676 2641 ἁδιεξόδευτὸν
3704 2591 3769 2627 τε

2179 2681 2523 2749 καταστῆσαι
2552 2678 2651 2731 καὶ
2670 2676 2936 2743 ἄφυκτον.
2958 2674 3069 2728 Καὶ
3091 2673 3155 2741 δὴ
3176 2674 3301 2734 τοὺς
3326 2671 3423 2741 μὲν
3440 2670 3500 2723 τὸ
3516 2668 3773 2739 amqro

2184 2775 2350 2846 μέρος
2372 2772 2702 2838 καθέξοντας
2739 2769 3081 2839 στρατηγοὺς
3117 2766 3224 2819 τῶν
3271 2763 3649 2835 Ἀρμενιακῶν
3673 2764 3772 2815 καὶ

2180 2867 2592 2938 Βουκελλαρίων
2648 2865 2744 2919 καὶ
2773 2862 3084 2923 Κολωνείας
3118 2861 3214 2921 καὶ
3246 2856 3629 2926 Παφλαγονίας
3661 2856 3769 2908 ἐπ-

2181 2962 2429 3016 έστελλεν
2455 2958 2723 3029 αὑθωρὸν,
2751 2957 2814 3009 τὸ
2861 2956 2918 3008 δὲ
2949 2951 3322 3023 μεσημϐρινὸν
3356 2950 3447 3002 τὸν
3490 2947 3767 3002 Ἀνατολι-

2180 3060 2296 3113 κῶν
2323 3058 2416 3111 τδν
2458 3056 2704 3122 Ὀψικίου
2730 3054 2825 3107 καὶ
2860 3050 3261 3111 Καππαδοκίας
3296 3049 3638 3119 στρατηγοὺς
3670 3047 3767 3100 σὺν

484 3131 611 3194 ctis,
647 3131 741 3199 qui
768 3131 912 3185 latus
935 3130 1296 3186 Meridianum
1324 3150 1340 3198 ;
1369 3135 1484 3202 ipse
1505 3134 1745 3203 denique
1777 3149 1903 3188 cum
1934 3150 2073 3204 pra-

2177 3154 2290 3213 τοῖς
2320 3149 2647 3210 Σελευκείας
2684 3148 2779 3200 καὶ
2812 3147 2909 3199 τοῦ
2938 3142 3255 3214 Χαρσιανοῦ
3284 3141 3766 3211 κλεισουράρχαις·

487 3222 717 3278 torianis
746 3232 986 3291 quatuor
1015 3223 1341 3278 cohortibus
1393 3223 1749 3293 Thraciaque
1781 3240 1846 3279 ac
1891 3224 2073 3279 Mace-

486 3314 663 3368 doniae
684 3314 922 3368 ducibus
949 3316 1111 3383 (nam
1135 3325 1190 3369 et
1216 3316 1299 3369 lex
1322 3326 1439 3370 erat
1478 3326 1536 3369 ut
1570 3317 1876 3385 Bulgaricis
1908 3318 2075 3373 rebus

486 3421 620 3476 pace
691 3408 1012 3475 compositis
1068 3408 1170 3477 ipsi
1228 3424 1452 3478 quoque
1508 3408 1882 3463 Orientalibus
1932 3410 2075 3464 bello

485 3498 623 3552 socii
683 3501 1010 3553 accederent
1052 3515 1271 3569 unaque
1318 3500 1561 3569 pericula
1612 3500 1871 3568 adirent)
1925 3500 2077 3553 Occi-

485 3590 700 3645 dentale
725 3599 958 3659 occupat
983 3593 1148 3656 latus,
1172 3606 1359 3646 secqu
1394 3593 1561 3645 etiam
1591 3593 1646 3646 in
1690 3592 1863 3646 armis
1897 3592 2075 3646 Thra-

487 3688 734 3737 censium
770 3684 1054 3737 cohortem
1082 3684 1314 3738 habens.
1356 3682 1458 3737 Ubi
1490 3686 1673 3754 itaque
1724 3684 1890 3739 Amer
1916 3685 2000 3738 sic
2018 3698 2077 3739 se

491 3779 732 3847 undique
782 3779 1041 3832 vallatum
1103 3795 1169 3833 ac
1210 3778 1339 3834 fera:
1400 3779 1573 3835 instar
1613 3781 1762 3835 velut
1822 3781 2077 3851 indagine

489 3872 727 3925 cinctum
748 3887 777 3926 a
801 3871 1063 3927 Romanis
1089 3873 1317 3934 audivit.
1351 3873 1417 3927 ad
1460 3874 1646 3928 omina
1679 3874 2074 3928 rccurreudum

489 3965 699 4032 putavit
730 3982 745 4029 ;
786 3966 1165 4036 accersitoque
1193 3967 1537 4035 captivorum
1564 3983 1693 4032 uno,
1723 3983 1788 4022 ex
1809 3982 1884 4022 eo
1908 3967 2075 4022 inter-

488 4066 643 4125 rOgat
671 4057 775 4112 loci
794 4072 1001 4112 nomen
1034 4059 1290 4128 pratique
1313 4070 1368 4112 et
1392 4059 1568 4113 ﬂuvii.
1599 4059 1865 4129 Captivus
1901 4061 2075 4115 inier-

488 4160 713 4216 rogatus
739 4151 960 4218 paulum
1000 4151 1311 4205 immutatis
1334 4151 1528 4206 litteris
1563 4150 1882 4207 Ptosoutcm
1917 4153 2076 4223 182

488 4242 742 4300 Posontis
759 4246 879 4301 loco
898 4246 1056 4300 dixit.
1077 4246 1243 4300 Amer
1274 4247 1488 4301 ruinam
1510 4248 1613 4301 sibi
1648 4249 1958 4317 signiﬁcare
1983 4266 2078 4305 ex-

489 4338 671 4401 posuit
693 4334 951 4400 ;ﬂuvium
970 4350 1191 4406 quoque
1216 4338 1491 4391 exercitus
1507 4340 1892 4393 contritionem
1917 4356 2077 4409 para-

490 4425 674 4493 phrasi
698 4427 941 4481 indicare
955 4428 1147 4489 sensit,
1168 4428 1399 4497 diroque
1419 4442 1518 4482 eos
1534 4430 1824 4484 vertendos
1839 4446 1868 4482 a
1884 4429 2079 4485 Roma-

2178 3242 2342 3303 αὐτὸς
2364 3241 2420 3293 δὲ
2452 3240 2590 3309 μετὰ
2640 3239 2751 3291 τῶν
2788 3237 3086 3308 βασιλικῶν
3132 3238 3419 3306 τεσσάρων
3467 3235 3766 3305 ταγμάτων

2178 3333 2263 3405 [Ρ.
2301 3331 2427 3403 115]
2447 3334 2542 3387 καὶ
2562 3331 2670 3384 τῶν
2695 3331 2918 3401 Θρᾴκης
2948 3332 3045 3383 καὶ
3072 3329 3414 3391 Μακεδονίας
3443 3328 3764 3399 στρατηγῶν

2179 3424 2312 3497 (καὶ
2340 3423 2450 3494 γὰρ
2478 3422 2874 3492 εἰρηνευόντων
2895 3422 3005 3474 τῶν
3031 3420 3359 3491 Βουλγάρων
3385 3420 3549 3489 νόμος
3575 3415 3643 3490 ἦν
3666 3419 3763 3473 ἀὑι

2177 3516 2289 3575 τοῖς
2324 3513 2461 3582 μετὰ
2514 3512 2624 3564 τῶν
2658 3511 3023 3565 Ἀνστολικῶν
3053 3510 3497 3579 συγκινδυνεύειν
3551 3512 3644 3563 καὶ
3675 3524 3743 3562 συ

2182 3607 2528 3677 στρατεύειν)
2569 3606 2630 3659 τὸ
2660 3606 2878 3659 δυτικὸν
2911 3607 3080 3675 μέρος
3107 3604 3464 3673 κατείληφεν,
3495 3603 3634 3672 ἔχων
3671 3603 3763 3656 καὶ

2179 3701 2239 3753 τὸ
2264 3700 2404 3770 Οέμα
2428 3699 2536 3752 τῶν
2559 3698 2890 3769 Θρᾳκησίων
2918 3697 3035 3766 μεθ’
3076 3695 3297 3749 ἑαυτοῦ.
3343 3694 3432 3757 Ὠς
3463 3693 3598 3760 γοῦν
3625 3693 3764 3747 οὕτω

2181 3792 2448 3846 πάντοθεν
2486 3788 2977 3862 περιφρουρεῖσθαι
3025 3789 3121 3840 καὶ
3149 3786 3227 3848 ὠς
3280 3785 3474 3855 θηρίον
3504 3784 3760 3837 ἐναποκερ

2180 3885 2425 3940 κλεῖσοαι
2462 3885 2614 3953 παρὰ
2684 3882 2972 3952 Ῥωμαίων
3027 3882 3056 3933 ὁ
3107 3880 3288 3951 Ἀμερ
3317 3879 3578 3948 ἀκήκοεν,
3625 3876 3764 3945 ἔγνω

2178 3979 2286 4032 δεῖν
2320 3976 2696 4040 οἰωνίσασθαι,
2725 3974 2820 4027 καί
2862 3990 2987 4026 τινα
3035 3972 3147 4025 τῶν
3193 3968 3561 4041 αἰχμαλώτων
3597 3985 3768 4038 μετα-

2180 4069 2549 4139 καλεσάμενος
2578 4068 2769 4139 ἠρώτα
2802 4068 2904 4137 τήν
2935 4083 2994 4118 τε
3033 4065 3128 4118 τού
3172 4065 3341 4118 τόπου
3394 4061 3769 4135 προσηγορίαν

2179 4163 2273 4216 καὶ
2302 4162 2395 4216 τοῦ
2419 4160 2663 4215 λιϐαδίου
2692 4177 2754 4213 τε
2793 4159 2891 4213 καὶ
2931 4158 3031 4212 τοῦ
3065 4155 3335 4226 ποταμοῦ.
3367 4154 3457 4217 Ὠς
3488 4156 3534 4208 δ’
3567 4154 3595 4206 ὁ
3629 4156 3768 4224 ὲρω-

2178 4257 2364 4327 τηθεὶς
2386 4254 2734 4325 αἰχμάλωτος
2774 4252 2968 4321 μικρὸν
3022 4245 3583 4320 παραγραμματίζων
3611 4245 3767 4299 Πτώ-

2181 4363 2341 4401 σοντα
2398 4345 2601 4415 ἔφησεν
2637 4346 2761 4397 ἀντὶ
2812 4332 3076 4403 Πόσοντα,
3118 4341 3221 4410 τὴν
3248 4338 3444 4392 ἑαυτοῦ
3484 4337 3768 4407 σημαίνειν

2182 4440 2390 4492 πτῶσιν
2415 4441 2444 4492 ὁ
2479 4439 2661 4507 Ἀμερ
2689 4435 3041 4503 διεσάφησεν.
3076 4431 3209 4486 λαοῦ
3237 4448 3296 4484 τε
3323 4432 3568 4485 κάκωσιν
3593 4446 3768 4500 παρα·

489 4518 596 4579 nis,
623 4534 686 4570 ex
710 4520 849 4587 prati
870 4520 1118 4583 incursu,
1144 4519 1293 4586 quod
1313 4517 1473 4589 Gyris
1493 4528 1798 4572 vocaretur.
1817 4518 1976 4571 Haud
1994 4530 2073 4573 ta-

2184 4532 2411 4604 φράζων
2442 4532 2534 4583 τὸν
2558 4502 2833 4597 ποταμὸν,
2862 4502 2971 4580 καὶ
2998 4526 3322 4596 γυρισθῆναι
3349 4523 3540 4584 δεινῶς
3573 4523 3768 4585 αὐτοὺς

490 4626 605 4663 mea
624 4611 861 4664 animum
880 4610 1309 4680 despondeudum
1329 4622 1536 4676 mouet,
1554 4612 1643 4665 sed
1663 4611 1825 4665 robur
1839 4614 2076 4666 excitan-

487 4707 614 4756 dum
635 4704 791 4772 inque
819 4708 1113 4757 crastinum
1146 4706 1359 4773 fortiter
1375 4720 1553 4776 pugna
1574 4705 1978 4772 dimicandum;
2000 4706 2077 4760 si-

488 4797 712 4865 mulque
741 4812 932 4852 omnes
956 4813 1109 4851 arma
1133 4814 1437 4860 assumere.
1463 4814 1528 4854 ac
1546 4815 1741 4855 recens
1759 4808 1934 4854 tersus
1966 4800 2079 4869 gla-

487 4889 613 4943 dios
642 4889 792 4943 velut
826 4904 1021 4944 recens
1044 4905 1213 4946 ausos
1245 4906 1309 4945 ac
1351 4891 1681 4947 iabrefactos
1701 4893 1858 4962 jubet
1884 4903 2074 4947 osten-

488 4991 625 5036 tare.
655 4980 794 5047 Quia
835 4997 968 5037 vero
999 4984 1232 5040 illuceus
1282 4985 1395 5055 jam
1426 4986 1544 5041 dies
1572 4987 1823 5042 inducias
1862 4986 2075 5056 aliquas

486 5075 742 5129 vincendi
773 5074 1053 5131 Romanos
1071 5077 1357 5131 videbatur
1375 5077 1593 5144 offerre,
1619 5078 1938 5133 tentandum
1974 5095 2073 5150 pu-

487 5166 621 5218 tavit
649 5167 877 5232 exitum,
929 5167 1178 5236 disjecta,
1217 5183 1328 5236 qua
1386 5179 1541 5238 parte
1582 5170 1905 5239 aquilonare
1934 5169 2074 5223 latus

489 5259 798 5323 servabant,
838 5258 1217 5315 Romanorum
1250 5262 1392 5316 acie.
1426 5264 1495 5315 At
1521 5261 1610 5317 ubi
1637 5263 1742 5317 loci
1782 5261 2075 5317 diﬂicultas

488 5349 804 5418 ducumque
829 5352 943 5406 illic
967 5354 1258 5409 stationem
1298 5355 1614 5409 habentium
1649 5363 1874 5409 strenua
1907 5368 2075 5422 opera

488 5442 748 5496 cenatum
796 5445 1112 5517 infregisset
1159 5462 1225 5501 ac
1281 5450 1653 5517 repressisset,
1696 5447 1765 5503 ad
1822 5448 2079 5502 meridia-

491 5547 621 5588 num
666 5535 809 5589 latus
835 5537 1260 5607 impressionem
1310 5541 1460 5597 facit.
1524 5540 1721 5596 Verum
1750 5540 1865 5597 illic
1927 5555 2067 5611 quo-

490 5637 599 5690 que
651 5626 766 5694 pari
825 5631 1262 5688 adversariorum
1330 5636 1446 5691 acie
1473 5634 1618 5689 viam
1678 5634 2067 5706 praecludcute,

2184 4625 2341 4696 παρὰ
2372 4626 2481 4677 τῶν
2526 4622 2812 4692 Ῥωμαίων
2841 4623 2905 4672 ὲκ
2926 4621 3020 4687 τῆς
3052 4617 3146 4671 τοῦ
3176 4618 3416 4671 λιὸαδίου
3450 4614 3767 4685 συνεμπτὼο

2185 4732 2344 4777 σεως,
2388 4714 2526 4783 ὅπερ
2556 4712 2807 4765 ἐκαλεῖτο
2857 4709 3043 4779 Γῦριν.
3097 4707 3262 4763 Ἀλλ’
3289 4708 3443 4776 ὅμως
3504 4709 3617 4760 οὐκ
3653 4705 3766 4760 ἀπ·

2181 4806 2498 4875 οκνητέον,
2529 4805 2718 4874 φησιν,
2751 4804 2912 4859 ἀλλὰ
2970 4800 3311 4871 διεγερτέον
3334 4801 3429 4853 καί
3470 4799 3621 4866 πρὸς
3661 4797 3767 4852 τὸν

2181 4902 2394 4969 αὔριον
2432 4900 2848 4970 γενησόμενον
2900 4900 3171 4965 πόλεμον
3221 4890 3602 4960 ἀνδριστέον.
3660 4890 3765 4944 Καὶ

2180 4989 2298 5059 ἅμα
2319 4987 2639 5053 ὁπλίζεσθαι
2670 4988 2879 5048 πάντας
2912 4987 3008 5038 καὶ
3056 4984 3372 5053 νεόσμηκτα
3394 4981 3664 5035 δεικνύειν
3693 4979 3766 5045 ὡς

2177 5081 2415 5152 νεουργὰ
2466 5082 2535 5135 τὰ
2583 5079 2710 5149 ξίφη
2756 5077 3067 5133 ἐκέλευσεν.
3111 5075 3264 5128 Ἐπεὶ
3316 5074 3374 5126 δὲ
3426 5072 3610 5143 ἡμέρα
3640 5069 3768 5141 ἄρτι

2176 5172 2612 5241 ἑξανατέλλουσα
2640 5172 2740 5238 τὴν
2757 5171 2907 5231 ὅπως
2931 5167 3290 5239 περιγένηται
3311 5165 3439 5229 τοὺς
3462 5162 3769 5236 Ῥωμαίους

2178 5268 2381 5338 ἀνοχὴν
2405 5267 2697 5337 ἐπέφερεν,
2731 5264 2843 5317 δεῖν
2860 5262 3044 5332 ἔκρινε
3076 5260 3212 5332 πρὸς
3247 5261 3345 5331 μὲν
3369 5260 3414 5291 ⁷⁸
3437 5259 3499 5312 τὸ
3521 5255 3770 5331 ἁρκτῷον

2182 5362 2552 5430 φυλάττοντας
2583 5358 2684 5428 τὴν
2710 5357 2889 5422 ἔξοδον
2923 5354 3074 5425 αύτῷ
3129 5353 3408 5424 ὲκζητεϊν,
3466 5350 3542 5415 ὡς
3570 5350 3613 5403 δ’
3638 5350 3673 5420 ἦ
3706 5367 3767 5403 τε

2182 5454 2278 5509 τοῦ
2317 5454 2487 5508 τόπου
2512 5452 2684 5505 κακία
2716 5451 2811 5504 καὶ
2849 5448 2961 5501 τῶν
2997 5451 3177 5503 ἐκεῖσε
3207 5445 3522 5517 ταχθέντων
3570 5458 3767 5515 στρατ-

2174 5546 2328 5617 ηγῶν
2359 5544 2618 5616 εὐανδρία
2653 5545 2874 5612 ἀπήντα
2897 5542 3089 5595 τοῦτον
3123 5540 3220 5593 καὶ
3248 5538 3561 5603 διεκώλυεν,
3587 5539 3679 5590 ἐπὶ
3706 5538 3768 5590 τὸ

2182 5638 2554 5708 μεσημϐρινὸν
2587 5635 2865 5706 ὁρμᾶσθαι
2920 5634 3251 5700 ἐξεϐιάζετο.
3300 5635 3387 5698 Ὠς
3431 5632 3485 5686 δὲ
3512 5628 3771 5687 κάκεῖθεν

1776 5730 2017 5787 ἾΑΙὶΙιΕ
2058 5730 2465 5787 LECTIONES.

566 5813 611 5844 "
657 5812 777 5886 μὲν]
812 5817 978 5879 τοὺςῖ
