4144 6438
315 353 416 419 \‘S'l

1248 356 1398 416 LIB.
1434 356 1532 417 IV.
1572 382 1638 392 -
1668 356 2015 417 MICIIAEL
2055 356 2484 419 THEOPHILI
2514 359 2797 422 FILIUS.

3564 366 3662 432 198

339 496 437 548 την
460 469 647 545 δμοίαν
681 468 973 543 εὒρισκεν
1006 471 1117 524 τῦν
1151 471 1413 525 ἐναντίων
1447 470 1780 543 παράταξιν,
1815 472 1963 542 ἔγνω

2070 472 2263 527 statuit
2329 472 2433 528 loci
2497 474 2613 542 ipsa
2672 472 3012 542 benignitate
3066 482 3273 531 tractus
3322 477 3467 547 (erat
3511 481 3662 535 enim

358 576 461 626 ἰείν
485 569 579 623 {ab
614 564 718 619 τοῦ
775 566 963 619 τόπου
1017 565 1385 635 ἐφελκόμενος
1420 565 1539 633 (καὶ
1580 570 1694 636 γὰρ
1722 562 1791 635 ἦν
1817 566 1961 628 λεῖος

359 668 453 719 καὶ
485 657 835 731 εὐπρόσιτος)
903 658 1018 711 τῶν
1070 656 1280 713 λοιπῶν
1341 659 1462 712 κατ’
1497 659 1711 711 ἐκεῖνον
1761 657 1962 727 μᾶλλον

357 761 569 831 χωρεῖν,
664 754 765 807 καὶ
795 752 893 805 τὸν
924 752 1225 823 Πετρωνᾶν
1254 749 1405 820 ἐώρα
1439 749 1962 821 κατασκηνούμενον

355 855 446 907 καὶ
473 849 853 919 φυλάττοντα.
914 845 1032 899 Καὶ
1079 843 1143 912 δὴ
1187 842 1366 913 κρότῳ
1397 842 1496 894 καὶ
1544 841 1639 912 βοῇ
1676 841 1819 895 κατὰ
1852 840 1962 893 τῶν

351 941 626 1010 πολεμίων
652 936 1034 1007 ἐφαλλόμενος
1067 935 1178 988 οὐδ’
1205 935 1344 995 ὅλως
1375 932 1628 997 εἴκοντας
1656 934 1783 998 τοὺς
1830 933 1964 986 Ῥω-

350 1029 549 1099 puis-4;
603 1025 964 1096 ἐφεύρισκεν,
1017 1023 1135 1079 ἀλλ’
1188 1023 1578 1094 ἰσχυροτέρους
1630 1024 1728 1076 καὶ
1779 1023 1961 1077 αὐτῶν

347 1120 630 1190 ἀνδρικῶς
688 1116 1125 1186 ἀντικρούοντας
1156 1118 1251 1170 καὶ
1302 1116 1503 1186 μᾶλλον
1528 1116 1963 1186 ἀνθισταμένους

346 1210 623 1273 νεανικῶς
649 1224 664 1239 ’
703 1208 788 1262 διὸ
820 1208 920 1261 καὶ
949 1208 1146 1278 μικρὸν
1197 1206 1487 1269 συσταλεὶς
1527 1207 1623 1260 καὶ
1655 1208 1735 1269 εις
1767 1207 1962 1258 ἑαυτὸν

350 1301 509 1367 αὖθις
529 1302 841 1370 γενόμενος
878 1300 1144 1368 ἐπεὸἀρει
1175 1299 1339 1353 πάλιν
1369 1300 1509 1369 μετὰ
1529 1299 1835 1370 δυνάμεως,
1864 1299 1961 1351 ὲκ-

343 1395 619 1467 πόρευσίν
640 1410 771 1447 τινα
798 1394 894 1446 καὶ
924 1392 1156 1446 κάθοδον
1188 1391 1371 1463 ἐαυτῷ
1392 1391 1775 1462 ποριζόμενος.
1798 1389 1965 1445 Ἀλλά

345 1492 445 1545 καὶ
470 1488 634 1551 αὖθις
664 1485 964 1558 τούτῳούκ
991 1485 1262 1549 ἐνδόντες,
1286 1485 1403 1539 ἀλλ’
1436 1485 1847 1553 ὑπαντήσαντες
1868 1485 1964 1538 καὶ

348 1581 810 1652 ἀναστρέψαντες
834 1577 916 1649 τῷ
939 1577 1394 1648 συμπεφράχθαι,
1414 1577 1729 1659 καὶίμὲχρις
1754 1576 1962 1630 τούτων

350 1676 513 1729 τοῦτο
547 1675 734 1727 ποιεῖν
765 1671 1221 1740 κατηνάγκασαν,
1257 1671 1414 1724 Ἐπεὶ
1435 1670 1494 1735 δὲ
1520 1658 1797 1724 ’πάντοθεν
1835 1673 1964 1724 ἀνα-

358 1768 630 1837 φανέντας
679 1765 776 1819 καὶ
830 1764 1024 1826 ἄλλους
1056 1763 1284 1818 ἄλλοθεν
1327 1763 1688 1834 ὲκπηδῶντας
1732 1764 1860 1827 τοὺς
1892 1762 1963 1816 τὰ

356 1857 593 1929 ἀρκτῴα
619 1857 719 1908 καὶ
743 1854 1095 1925 μεσημϐρινὰ
1131 1854 1273 1924 μέρη
1325 1854 1721 1916 κατοικοῦντας
1755 1853 1967 1908 καθεώ-
1998 1842 2041 1897 Β

362 1969 525 2023 ρακε,
548 1952 659 2003 τότ’
690 1949 789 2019 ἤδη
828 1948 932 2016 τὴν
964 1948 1245 2018 σωτηρίαν
1275 1949 1550 2016 ἀπογνοὺς
1582 1948 1676 2001 καὶ
1700 1948 1798 2010 τὰς
1829 1947 1963 2018 ιρρὲ-

365 2063 469 2106 va;
492 2043 689 2111 ῶσπερ
715 2045 815 2095 τινὶ
839 2040 1097 2111 κεραυνῷ
1122 2041 1339 2113 βληθεὶς
1363 2038 1564 2112 ἐχώρει
1590 2041 1735 2096 κατά
1766 2040 1960 2111 ξιφῶν,

369 2136 499 2189 οὑδὲ
557 2135 835 2203 προτέρων
874 2133 920 2165 ⁸⁸
958 2133 1217 2200 ἀμελῶν⁹
1277 2131 1408 2185 ἔνθα
1456 2132 1682 2203 καιρίαν
1732 2134 1965 2203 πληγεὶς

268 2244 271 2247 ‘
362 2228 454 2302 [Ρ.
502 2225 633 2298 114]
670 2226 826 2288 αὐτός
858 2241 915 2279 τε
952 2224 1158 2295 πτῶμα
1185 2226 1398 2294 γίνεται
1440 2226 1699 2298 χαλεπὸν,
1728 2225 1965 2279 καὶτῶν

352 2320 566 2376 ἑαυτοῦ
598 2318 927 2382 διασώζεται
956 2320 1136 2382 οὐδεὶς
1155 2320 1419 2389 οὐδαμοῦ.
1456 2321 1543 2383 Ὠς
1573 2320 1629 2374 δὲ
1651 2321 1744 2375 τὸν
1768 2320 1964 2373 τούτου

350 2417 472 2470 υἱὸν
507 2416 650 2485 μετά
686 2430 833 2475 τινος
870 2414 1154 2482 φάλαγγος
1198 2415 1508 2486 ἀποδρᾶναί
1548 2432 1650 2468 που
1684 2414 1960 2485 διήκουον,

355 2510 454 2562 καὶ
474 2509 671 2561 τοῦτον
697 2508 728 2555 ὁ
754 2507 851 2560 τοῦ
889 2506 1203 2577 Χαρσιανοῦ
1224 2507 1666 2579 κλεισουράρχης
1714 2508 1961 2561 καταλασο

365 2598 479 2653 θὼν
511 2601 613 2653 οῦκ
640 2600 848 2654 ἄποθεν
875 2599 1230 2669 χειροῦταίτε
1266 2600 1407 2668 μετὰ
1428 2599 1523 2652 τοῦ
1552 2598 1965 2670 στρατεύματος

362 2691 571 2762 καὶτῷ
592 2708 882 2762 στρατηγῳ
913 2692 1101 2764 φέρων
1125 2691 1309 2745 δίδωσι
1342 2692 1624 2764 Πετρωνᾷ.
1649 2691 1838 2756 Οὕτως
1865 2693 1969 2762 μὲν

351 2782 453 2838 οὖν
476 2788 507 2838 ὁ
539 2787 836 2856 Πετρωνᾶς
864 2785 935 2838 τὰ
962 2784 1108 2839 κατά
1133 2784 1233 2839 τοῦ
1261 2787 1326 2839 Ἀ
1338 2803 1443 2859 μερ
1493 2788 1702 2859 στήσας
1724 2788 1967 2859 τρόπαια

346 2879 441 2932 διὰ
473 2880 685 2950 πολλῆς
716 2875 867 2950 εἶχεν
900 2878 1092 2934 ἔκτοτε
1121 2880 1216 2933 τὸν
1250 2880 1488 2951 μοναχὸν
1534 2880 1718 2945 αἰδοῦς
1748 2883 1846 2935 καὶ
1880 2900 1968 2935 τι·

354 2972 489 3043 μῆς,
528 2974 831 3043 προφήτην
862 2971 1023 3026 ἀλλον
1054 2972 1371 3028 ἀποκαλῶν.
1412 2975 1524 3027 Καὶ
1551 2973 1617 3043 δὴ
1651 2975 1748 3027 καὶ
1775 2974 1845 3027 τὰ
1864 2975 1968 3044 τῆς

352 3066 534 3137 ψυχῆς
550 3068 735 3136 τούτῳ
752 3064 979 3128 ἀναθεὶς
1010 3066 1148 3136 πρὸς
1167 3066 1267 3136 τὴν
1299 3066 1698 3136 βασιλεύουσαν
1723 3065 1966 3120 εἰσελαύο

358 3172 437 3209 νει
470 3157 667 3209 τοῦτον
702 3155 1132 3225 ἐπιφερόμενος,
1170 3157 1309 3224 πρὸς
1341 3157 1430 3209 τὸν
1481 3156 1711 3227 βασιλέα
1745 3157 1840 3211 καὶ
1873 3157 1964 3209 τὸν

362 3247 568 3317 Βάρδαν
596 3248 702 3319 τὴν
730 3246 833 3299 τοῦ
861 3247 1059 3318 ἀνδρὸς
1088 3246 1323 3312 θειάξων
1374 3248 1557 3311 καλῶς
1588 3249 1814 3320 ἀρετήν.
1852 3248 1963 3302 Καὶ
1990 3230 2036 3290 C

570 3344 599 3393 ὁ
646 3340 753 3409 μὲν
787 3339 1083 3409 Πετρωνᾶς
1138 3338 1199 3391 τὸ
1250 3338 1344 3392 τοῦ
1392 3339 1722 3408 δομεστίκου
1780 3338 1967 3393 οὐκέτι

366 3440 708 3504 προσωπεῖον
768 3434 1232 3505 καθυπεκρίνετο,
1284 3434 1402 3488 ἀλλ’
1449 3436 1623 3502 αὐτὴν
1657 3434 1967 3503 ἐλάμὸανεν

364 3528 429 3582 ἐκ
458 3527 728 3598 βασιλέως
766 3526 971 3597 τιμήν·
1008 3528 1103 3580 καὶ
1131 3528 1160 3580 ὁ
1212 3525 1448 3596 μοναχὸς
1489 3528 1588 3595 τὴν
1646 3526 1785 3595 πρὸς
1832 3526 1969 3580 Θεὸν

357 3620 628 3691 ἐκδημίαν
661 3618 798 3689 παρ’
837 3616 1007 3670 αὑτοῦ
1036 3616 1311 3687 διδαχθεὶς
1339 3618 1433 3670 τὸν
1467 3618 1763 3685 Πετρωνᾶν
1793 3615 1972 3669 ἀνεδί-

355 3714 565 3767 δασκεν
592 3712 671 3775 ὡς
702 3712 793 3765 διά
822 3712 1039 3780 ταχέων
1096 3710 1309 3779 μέλλων
1361 3711 1687 3780 ἀποδημεῖν.
1715 3710 1826 3765 Kai
1867 3708 1977 3762 ποῖ

356 3825 437 3878 με
455 3806 562 3874 εὴ,
580 3809 611 3860 ὁ
636 3807 955 3875 Πετρωνᾶς,
986 3805 1261 3873 ἀπαίρων
1287 3805 1357 3858 τὸ
1386 3805 1504 3859 σὸν
1518 3806 1753 3873 ἀρνίον,
1775 3808 1808 3859 ό
1841 3820 1971 3858 ποι-

370 3900 498 3967 μήν
532 3916 648 3967 μου
706 3900 801 3951 καὶ
831 3899 1083 3967 ἐραστὰ,
1132 3897 1353 3963 ,ϐούλει
1401 3900 1792 3959 καταλιπεῖν;
1830 3897 1971 3965 μετά

384 3988 675 4057 κλαυθμοῦ
722 3990 1064 4044 ἐπυνθάνετο.
1095 3985 1239 4059 Ἆρα
1291 3990 1484 4054 τούτῳ
1518 3989 1600 4054 τῷ
1623 3989 1776 4055 ,Bi'rp;
1808 3989 1973 4044 ἀλλὰ

376 4080 636 4135 δέδοικα
686 4080 771 4149 μὴ
818 4083 957 4150 πρὸς
1009 4082 1118 4136 τὸν
1172 4085 1468 4151 πρότερον
1515 4083 1767 4135 ὄλισθον
1797 4076 1974 4148 αὖθις

366 4172 710 4241 παραρῤυὼ
739 4174 831 4227 καὶ
854 4174 1151 4244 γένωνται
1181 4193 1286 4243 μοι
1313 4176 1383 4228 τὰ
1408 4175 1643 4244 ἔσχατα
1668 4172 1789 4227 τῶν
1822 4191 1968 4241 προ-

362 4266 562 4335 τέρων
592 4268 669 4320 οὐ
696 4267 1028 4334 κρείττονα.
1051 4297 1124 4308 -
1144 4268 1254 4322 Καὶ
1273 4268 1512 4332 βούλει,
1544 4267 1712 4338 φησὶν
1744 4269 1772 4321 ὁ
1801 4284 1971 4336 μονα-

362 4360 480 4430 leg,
505 4360 638 4428 ἐμοὶ
670 4360 1314 4428 συνεπακολουθιῖσαι,
1348 4362 1458 4414 Καὶ
1484 4353 1661 4427 οὗτος,
1689 4360 1821 4421 Nai,
1851 4359 1971 4413 Πά-

367 4468 490 4519 τερ,
548 4451 675 4523 ἔφη,
732 4454 866 4521 μεθ’
900 4452 1157 4522 ἡδονῆς.
1209 4453 1320 4506 Καὶ
1379 4452 1443 4523 δὴ
1496 4453 1637 4523 νόσῳ
1668 4452 1765 4505 καὶ
1814 4446 1975 4515 οὗτος

2064 568 2294 638 reliquis
2323 568 2498 639 magis
2527 570 2593 624 ad
2626 570 2907 639 planitiem
2941 587 3171 643 vergens
3194 589 3555 645 accessuque
3586 578 3664 632 fa-

2062 660 2259 729 cilior)
2288 660 2382 715 illa
2413 662 2595 731 potius
2646 672 2800 732 parte
2846 666 3057 719 irruere
3112 682 3220 735 qua
3259 678 3315 721 et
3365 668 3660 724 Petronam

2065 751 2284 806 videbat
2322 753 2615 808 stationem
2670 754 2893 811 habere.
2935 754 3177 826 Strepitu
3223 759 3408 829 itaque
3443 776 3508 816 ac
3546 763 3662 817 cla-

2064 859 2218 899 more
2273 845 2497 900 sublato
2530 847 2583 899 in
2640 846 2827 902 hostes
2878 847 3225 919 irrumpens,
3263 867 3331 905 ne
3367 854 3660 909 minimum

2064 937 2289 1007 quidem
2323 938 2608 1003 cedentes,
2649 940 2745 994 sed
2776 939 3035 996 fortiores
3081 942 3376 1013 ipsumque
3436 954 3661 1001 strenue

2064 1045 2129 1083 ex
2160 1030 2397 1085 adverso
2430 1032 2861 1101 comprimentes
2891 1048 2955 1088 ac
3009 1034 3261 1089 validiori
3303 1052 3468 1090 manu
3523 1038 3663 1093 resi-

2065 1129 2297 1188 stentes,
2330 1122 2577 1178 oﬂ'endit.
2612 1123 2983 1189 Quamobrem
3038 1127 3207 1181 etiam
3237 1127 3508 1199 tantisper
3558 1130 3660 1183 im-

2065 1226 2249 1285 petum
2280 1215 2566 1279 eohibens,
2605 1216 2920 1285 iterumque
2946 1217 3001 1270 in
3046 1234 3106 1273 se
3135 1219 3315 1285 ipsum
3371 1221 3661 1286 collectus,

2065 1323 2265 1377 magna
2296 1309 2345 1361 vi
2389 1324 2584 1365 rursus
2613 1308 3030 1378 impressionem
3093 1311 3243 1372 facit.
3301 1315 3511 1366 exitum
3558 1313 3665 1367 ali-

2064 1417 2231 1470 quem
2264 1401 2431 1468 inque
2468 1402 2629 1470 plana
2669 1402 2996 1456 descensum
3028 1418 3303 1473 quaerens.
3346 1406 3424 1458 Ac
3449 1421 3521 1458 ne
3546 1417 3661 1459 tum

2064 1496 2283 1565 quidem
2315 1494 2391 1549 illi
2417 1495 2674 1551 cedentes
2715 1497 3055 1567 adversaque
3083 1500 3201 1551 acie
3226 1497 3576 1552 incurrentes
3597 1513 3664 1553 ac

2064 1596 2513 1658 retrocogentes,
2564 1590 2695 1643 hinc
2747 1590 2906 1660 183
2942 1589 3069 1644 inde
3114 1591 3405 1659 obseptum
3436 1600 3666 1646 eumte-

2066 1682 2267 1745 nendo,
2298 1690 2413 1735 rem
2441 1681 2797 1750 postmodum
2830 1693 3042 1736 tentare
3067 1692 3380 1737 vetuerunt.
3404 1682 3664 1752 Undique

2070 1772 2245 1843 igitur
2267 1782 2549 1829 exstantes
2579 1774 2726 1829 acies
2786 1774 3004 1838 videns,
3028 1784 3191 1844 atque
3220 1776 3348 1829 hinc
3378 1777 3664 1845 illincque,

2068 1866 2164 1936 qui
2193 1866 2261 1921 ad
2295 1868 2613 1937 aquilonem
2662 1868 2869 1937 quique
2890 1867 2957 1922 ad
3011 1867 3297 1921 meridiale
3332 1868 3475 1923 latus
3500 1869 3664 1937 positi

2069 1968 2250 2026 erant,
2286 1960 2559 2015 irruentes
2588 1960 2966 2029 conspiciens,
3004 1959 3291 2029 desperata
3329 1971 3441 2014 tum
3466 1961 3665 2024 salute,

2070 2068 2136 2107 ac
2169 2052 2317 2107 velut
2347 2049 2580 2106 fulmine
2610 2053 2774 2115 ictus,
2806 2052 2861 2105 in
2893 2053 3105 2106 medios
3125 2066 3184 2105 se
3207 2066 3369 2105 enses
3393 2053 3666 2119 primum-

2070 2161 2179 2216 que
2220 2146 2412 2200 obvios
2447 2146 2644 2200 inserit
2673 2161 2688 2209 ;
2724 2145 2816 2198 ubi
2850 2144 2996 2198 letali
3026 2154 3251 2213 accepto
3272 2144 3501 2199 vulnere
3536 2160 3662 2200 cum

2071 2239 2190 2308 ipse
2220 2239 2364 2294 tristi
2395 2238 2506 2293 fato
2539 2239 2709 2304 cadit,
2736 2248 2849 2292 tum
2882 2253 3017 2292 suos
3045 2253 3264 2304 omnes,
3308 2254 3376 2292 ne
3408 2254 3517 2292 uno
3541 2239 3663 2307 qni-

2071 2333 2192 2389 dem
2217 2333 2356 2389 cladi
2382 2333 2697 2403 superstite,
2719 2332 2914 2401 perdit.
2939 2331 3073 2401 Ejus
3099 2331 3268 2384 filium
3287 2347 3412 2385 cum
3437 2331 3669 2385 cohorte

2070 2428 2308 2496 quadam
2344 2425 2526 2495 fugam
2561 2426 2896 2492 arripuissse
2966 2425 3056 2478 ubi
3096 2439 3290 2478 rumor
3325 2423 3662 2494 percrebuit,

2071 2519 2363 2573 (Sharsiani
2420 2519 2770 2574 clusurarum
2847 2517 3141 2588 praefectus
3186 2532 3329 2587 pone
3375 2525 3668 2571 assecutus

2072 2623 2197 2662 cum
2232 2608 2475 2663 exercitu
2528 2624 2700 2662 manu
2752 2608 2899 2677 capit
2943 2623 3023 2663 ae
3062 2607 3311 2663 Petronis
3342 2608 3664 2677 imperatori

2071 2702 2257 2757 tradit.
2286 2701 2378 2757 Sic
2396 2717 2527 2773 ergo
2564 2701 2824 2756 Petronas
2854 2701 3056 2757 erectis
3095 2700 3165 2755 de
3189 2702 3390 2757 Amere
3415 2704 3662 2770 tropais,

2082 2810 2283 2865 magna
2353 2794 2613 2861 deinceps
2674 2796 3031 2849 veneratione
3107 2809 3174 2848 ne
3262 2795 3413 2848 cultu
3474 2809 3673 2846 mona-

2072 2886 2236 2941 chum
2286 2884 2742 2955 prosequebatur,
2777 2884 2947 2937 alium
2992 2899 3120 2936 eum
3176 2884 3426 2938 divinum
3488 2892 3664 2937 vatem

2074 2992 2298 3032 vocans.
2343 2976 2525 3045 Atque
2550 2976 2687 3029 adeo
2724 2974 3065 3029 conscientia
3121 2989 3221 3027 sua
3276 2973 3352 3027 illi
3388 2974 3665 3042 deposita,

2068 3081 2197 3122 eum
2230 3065 2530 3128 adducens,
2582 3064 2774 3119 urbem
2805 3070 3095 3131 augustam
3129 3064 3284 3130 petit,
3321 3061 3668 3130 amplissimo

2075 3158 2217 3228 apud
2247 3158 2631 3226 imperatorem
2661 3171 2727 3209 ac
2756 3154 2990 3208 Bardam
3022 3154 3126 3207 viri
3163 3153 3420 3207 virtutem
3454 3167 3665 3221 praeco-

2074 3254 2168 3306 nio
2187 3253 2315 3320 jure
2362 3252 2559 3304 merito
2606 3249 2862 3304 efferens.
2919 3247 3191 3302 Caeterum
3249 3247 3519 3301 Petronas
3553 3261 3664 3301 non

2066 3346 2177 3414 iam
2205 3345 2345 3398 ultra
2377 3342 2665 3397 domestici
2701 3356 2991 3411 personam
3020 3341 3319 3395 simulacro
3340 3339 3532 3409 gessit,
3568 3338 3666 3394 sed

2073 3434 2225 3505 regio
2264 3449 2488 3487 munere
2523 3435 2638 3501 ipse
2664 3448 2726 3487 ea
2757 3432 3021 3502 dignitate
3068 3441 3320 3499 augetur.
3353 3430 3667 3486 Monachus

2070 3541 2195 3582 cum
2228 3541 2287 3580 se
2311 3526 2377 3579 ad
2410 3523 2579 3579 Deum
2613 3524 3015 3593 cmigraturum
3066 3524 3332 3578 divinitus
3367 3522 3667 3593 cognovis-

2072 3632 2156 3677 set
2210 3618 2500 3675 Petronam
2555 3619 2632 3673 rei
2669 3619 2949 3672 admonet.
2985 3616 3062 3671 Ad
3096 3632 3256 3686 quem
3300 3617 3393 3671 ille
3428 3617 3620 3687 lugens
3648 3631 3670 3671 :

2076 3714 2302 3770 Ubinam
2335 3729 2477 3776 vero,
2514 3711 2712 3781 inquit,
2743 3722 2800 3765 tu
2833 3722 3020 3779 pastor
3047 3727 3193 3763 meus
3224 3726 3287 3762 ac
3313 3719 3525 3763 amator
3547 3708 3667 3763 ovi-

2072 3806 2247 3860 culam
2280 3816 2427 3859 tuum
2483 3805 2731 3857 humanis
2765 3804 3018 3857 excedens
3052 3803 3127 3857 eis
3161 3804 3458 3873 relinquere
3488 3801 3512 3855 ?
3542 3816 3671 3855 auus

2072 3900 2127 3953 in
2158 3900 2253 3952 hoc
2284 3899 2529 3953 sumito?
2558 3908 2613 3950 αι
2645 3914 2827 3952 vereor
2858 3914 2921 3951 ne
2962 3898 3015 3949 in
3053 3897 3238 3967 priora
3266 3911 3483 3963 prorsus
3532 3895 3672 3949 deli-

2073 4004 2159 4049 cta
2204 3994 2460 4063 diﬁiuam,
2496 3995 2727 4062 mihique
2753 3995 3055 4061 posteriora
3087 3992 3223 4045 nihil
3272 3992 3496 4046 meliora
3519 3992 3673 4060 prio-

2074 4085 2220 4137 ribus
2250 4083 2413 4153 {iant.
2452 4083 2617 4154 184
2641 4113 2710 4123 —
2731 4082 2877 4136 Num
2910 4098 3052 4151 ιιενο,
3102 4082 3281 4151 inquit
3337 4082 3668 4145 monachus,

2075 4179 2167 4231 tibi
2186 4177 2367 4230 animo
2386 4177 2551 4239 sedet,
2576 4178 2733 4240 utime
2750 4175 2991 4243 sequaris
3008 4176 3104 4228 7-
3124 4172 3235 4239 Ιια,
3257 4172 3445 4235 Pater,
3468 4174 3667 4243 inquit,

2073 4272 2434 4326 lubentissime
2462 4286 2676 4340 sequar.
2711 4268 2898 4322 Morbo
2923 4267 3108 4336 itaque
3135 4276 3189 4321 et
3212 4267 3327 4336 ipse
3357 4276 3666 4335 correptus,

2075 4366 2258 4421 statim
2302 4381 2366 4419 ac
2407 4366 2634 4419 domum
2667 4363 2947 4427 rediisset,
2976 4377 3039 4417 ea
3090 4369 3280 4437 narrat
3325 4375 3449 4430 qua:
3478 4361 3666 4416 abbati

2075 4465 2370 4511 eveneramt
2402 4473 2417 4522 ;
2448 4455 2803 4524 vicissimque
2848 4453 3016 4508 refert
3061 4440 3269 4508 dixisse
3334 4453 3666 4508 monachum

376 4545 588 4614 βληθεὶς
616 4546 738 4615 ἅμα
760 4548 828 4616 τῇ
861 4545 1048 4599 οἴκαδε
1080 4547 1397 4617 ὑποστροφῇ
1432 4545 1625 4615 ἐδήλου
1653 4546 1722 4598 τὰ
1753 4544 1965 4614 συμπι-

2073 4551 2247 4618 ipsum
2282 4565 2507 4618 quoque,
2574 4550 2654 4602 uti
2689 4549 2958 4615 petierat,
3010 4547 3151 4601 brevi
3200 4548 3510 4601 morientem
3546 4563 3668 4602 eum

373 4654 571 4690 πτοντα
600 4638 686 4708 τῷ
734 4639 902 4709 ἁόϐᾆ,
963 4640 1059 4692 καὶ
1084 4639 1447 4708 ἀντεδηλοῦτο
1479 4638 1672 4707 φάναι,
1702 4638 1778 4701 ὼς
1811 4636 1954 4693 Μετ’

356 4731 511 4800 ἐμοῦ
543 4732 787 4801 γενήσῃ
807 4731 958 4800 μετὰ
980 4734 1197 4801 μικρὸν
1217 4733 1299 4799 ὡς
1327 4731 1557 4800 ᾐτήσω.
1586 4733 1694 4785 Καὶ
1710 4732 1773 4801 δή
1800 4748 1962 4785 τινων

353 4825 594 4894 ἡμερῶν
632 4824 1025 4893 παρελθουσῶν
1053 4828 1083 4880 ὁ
1104 4826 1340 4897 μοναχός
1370 4841 1429 4878 τε
1457 4824 1811 4895 μετεκαλεῖτο
1833 4823 1970 4895 πρὸς

352 4917 456 4968 τὸν
482 4915 647 4979 Θεὸν,
683 4918 783 4970 καὶ
814 4911 973 4982 οὗτος
1004 4918 1255 4987 αὐθωρὸν
1277 4918 1353 4982 ὡς
1392 4920 1458 4972 ὲκ
1487 4916 1838 4986 συνθήματος
1870 4918 1977 4968 ἐπ-

354 5006 661 5079 ηκολούθει
685 5010 955 5082 λαμπρῶς
978 5028 994 5041 '
1028 5014 1124 5065 καὶ
1138 5011 1394 5065 τοσοῦτον
1416 5006 1487 5081 ἦν
1510 5011 1656 5064 κατὰ
1682 5009 1777 5062 τὸν
1806 5009 1975 5063 αὑτὸν

359 5101 560 5171 καιρὸν
588 5102 921 5173 ἀμφοτέρων
982 5105 1015 5175 ἡ
1068 5104 1281 5157 ἐκεῖθεν
1336 5104 1620 5173 ἀποδημία
1648 5102 1723 5165 ὡς
1775 5102 1970 5172 ἅτερος

358 5192 585 5261 ἐτέρου,
613 5194 795 5247 καίτοι
829 5210 893 5263 τε
918 5195 1121 5267 μικροῦ
1149 5194 1242 5249 τοῦ
1271 5195 1648 5264 διαστήματος
1676 5193 1851 5259 ὄντος,
1892 5193 1971 5264 μὴ

2070 4651 2393 4695 secuturum.
2448 4643 2525 4694 Ac
2560 4655 2694 4694 sane
2743 4640 2938 4708 paucis
2992 4640 3198 4709 elapsis
3244 4639 3441 4693 diebus
3472 4678 3487 4701 ,
3537 4655 3666 4694 cum

2070 4734 2375 4787 monachus
2415 4731 2482 4786 ad
2549 4730 2720 4786 Deum
2754 4740 3039 4795 evocatur,
3074 4742 3189 4784 tum
3249 4732 3435 4785 statim
3466 4730 3670 4800 ,Petro-

2078 4843 2179 4883 nas
2212 4829 2358 4881 velut
2391 4841 2460 4880 ex
2479 4825 2734 4879 condicto
2766 4823 3058 4893 magnifice
3085 4823 3359 4892 sequitur,
3400 4824 3476 4876 ita
3499 4823 3667 4876 nimi-

2078 4934 2201 4973 rum
2236 4926 2293 4970 ut
2345 4915 2601 4985 quamvis
2647 4913 2795 4966 brevi
2824 4915 2905 4968 sic
2960 4913 3249 4968 intervallo
3277 4910 3459 4966 dissiti
3486 4923 3668 4971 erant,

2079 5008 2351 5063 ambobus
2386 5006 2551 5061 simul
2585 5005 3012 5075 emigrantibus,
3042 5004 3183 5059 alter
3216 5002 3455 5057 alterius.
3474 5001 3670 5055 mortis

2079 5098 2333 5153 nuntium
2392 5096 2587 5151 audire
2639 5094 2973 5163 nequiverit.
3013 5091 3250 5146 Moritur
3294 5104 3426 5145 vero
3461 5098 3517 5143 et
3550 5090 3670 5145 :illo

2078 5191 2227 5262 prior
2265 5187 2500 5253 Manuel,
2533 5188 2725 5241 inorbo
2756 5187 2993 5256 quodam
3028 5186 3306 5240 detentus.

357 5285 605 5339 ἀκοῦσαι
634 5286 729 5340 τὸν
753 5288 1006 5343 θάνατον.
1044 5287 1289 5359 Τοιούτῳ
1320 5289 1420 5358 μὲν
1448 5287 1513 5358 δὴ
1553 5285 1700 5340 τέλει
1726 5285 1821 5339 τοῦ
1851 5285 1969 5355 βίου
2034 5286 2063 5338 ὁ
2117 5283 2413 5354 Πετρωνᾶς
2468 5280 2820 5352 χρησάμενος
2870 5278 3124 5346 λέγεται,
3179 5273 3437 5329 ἐτελεύτα
3483 5272 3539 5326 δὲ
3572 5272 3665 5325 καὶ

357 5382 474 5451 πρὸ
500 5381 699 5437 τούτου
733 5385 763 5437 ὁ
795 5383 1060 5454 Μανουὴλ
1081 5384 1225 5456 νόσῳ
1256 5384 1319 5454 δή
1349 5402 1460 5437 τινι
1503 5384 1826 5455 κρατηθείς.

434 5470 556 5538 ις’.
591 5474 898 5527 Μετέσαινε
928 5475 989 5528 δὲ
1019 5475 1118 5529 uel.
1148 5478 1177 5530 ὁ
1203 5476 1419 5547 Βάρδας
1457 5478 1551 5529 καὶ
1595 5474 1693 5538 τὰς
1721 5475 1786 5526 ἐκ
1814 5473 1972 5543 βασι-

356 5565 499 5628 λέως
527 5566 732 5637 ἦμειὸε
754 5567 1001 5638 συνεχῶς
1040 5571 1230 5640 τιμὰς,
1277 5569 1470 5641 ὥσπερ
1498 5585 1582 5631 τις
1609 5569 1729 5632 νέος
1761 5566 1971 5637 γαῦρός

356 5674 417 5711 τε
452 5663 553 5713 καὶ
582 5659 874 5731 φιλότιμος
910 5659 1015 5724 τὰς
1040 5661 1293 5727 ποικίλας
1320 5661 1430 5715 τῶν
1462 5660 1601 5731 πρὸς
1634 5659 1826 5731 τέρψιν
1852 5675 1977 5711 στο-

2151 5468 2246 5525 26.
2277 5466 2384 5523 Sed
2418 5475 2474 5520 et
2513 5463 2718 5521 Bardas
2753 5462 2905 5516 nullo
2938 5460 3082 5516 fixus
3139 5473 3368 5515 munere
3412 5459 3550 5514 alias
3600 5475 3669 5516 ex

2079 5563 2206 5617 aliis
2253 5560 2519 5617 continue
2586 5556 2887 5626 dignitates
2943 5556 3170 5623 profusa
3231 5552 3497 5623 principis
3564 5551 3671 5606 lar-

2076 5655 2246 5724 gitate
2321 5650 2589 5718 mutabat,
2642 5647 2789 5703 haud
2828 5662 2990 5704 secus
3042 5662 3108 5704 ac
3157 5645 3381 5719 juvenis
3433 5643 3665 5715 quidam

1669 5754 1902 5811 νΑιιιΑς
1941 5751 2236 5810 LECTION
2245 5748 2350 5805 ES.

429 5857 477 5886 "
507 5854 782 5927 πρότερον
800 5853 824 5907 ?
