4144 6438
498 343 603 406 199

1536 342 2050 406 THEOPHANES
2077 342 2641 407 CONTINUATUS.

3671 350 3781 415 200

497 475 561 513 ac
589 460 913 516 ambitiosus
960 461 1112 515 vario
1147 460 1213 516 ad
1251 460 1524 516 luxuriam
1586 463 1738 517 cultu
1780 468 1954 518 mutat
1981 477 2075 517 ve-

2192 464 2300 528 λάς.
2353 464 2662 518 Μετέϐαινε
2730 463 2860 533 γοῦν
2890 465 2983 518 καὶ
3032 464 3169 537 πρὸς
3190 465 3289 536 τὴν
3313 465 3589 536 Καίσαρος
3620 468 3784 542 ἀνῄει

498 563 629 607 stes.
668 553 869 607 Mutata
904 553 1089 624 itaque
1114 553 1398 609 iunctione
1421 555 1487 609 ad
1552 554 1792 611 Caesaris
1837 556 2075 627 dignita-

499 654 607 700 tem
637 645 978 714 gloriamque
1035 646 1304 713 ascendit,
1333 660 1462 700 cum
1524 644 1761 701 Michael
1794 645 1939 701 nulla
1970 648 2076 703 alia

499 736 807 805 reipublicae
842 750 975 791 cura
1009 745 1286 791 teneretur
1316 751 1484 807 quam
1512 746 1574 791 ut
1627 736 1859 791 theatris
1908 737 2079 791 ludis-

500 843 607 898 que
647 827 1002 884 Circensibus
1051 838 1295 884 vacaret.
1327 827 1596 898 Quodque
1648 828 1785 883 adeo
1828 830 2078 897 gravius,

501 935 609 974 non
638 920 817 974 solum
844 921 950 975 illis
978 920 1174 976 lubens
1194 921 1523 990 spectaculis
1548 920 1810 975 intererat
1838 929 2083 975 tantam-

500 1027 607 1081 que
652 1028 874 1082 operam
930 1013 1186 1078 navabat,
1222 1012 1315 1066 sed
1343 1021 1399 1066 et
1450 1012 1565 1081 ipse
1617 1010 1848 1066 Romani
1899 1028 2082 1067 arcem

501 1105 717 1172 imperii
760 1114 954 1159 tenens
980 1120 1154 1175 equos
1198 1104 1415 1176 agebat,
1471 1106 1803 1176 cunctisque
1850 1122 1913 1161 se
1957 1105 2086 1161 ridi-

501 1198 684 1252 culum
735 1213 799 1252 ac
839 1200 1206 1267 spernendum
1251 1198 1547 1268 praebebat.
1601 1200 1675 1254 Ita
1726 1199 1933 1256 Bardas
1990 1214 2087 1256 ne-

502 1293 645 1360 potis
685 1301 998 1347 curatorem
1029 1293 1260 1362 agebat;
1286 1294 1374 1347 cui
1420 1308 1523 1348 nec
1568 1293 1703 1357 vita,
1738 1303 1797 1348 ut
1829 1310 1930 1364 par
1978 1303 2085 1361 est,

503 1384 558 1436 in
589 1383 730 1437 votis
765 1399 889 1437 esse
935 1384 1238 1450 debuisset,
1295 1384 1401 1440 nisi
1429 1402 1458 1439 ο
1486 1387 1670 1441 servili
1701 1388 1827 1442 vitae
1869 1389 1972 1442 hoc
2004 1388 2090 1441 in-

501 1475 695 1527 stituto
714 1473 868 1527 illum
888 1484 1165 1530 avocaret.
1192 1476 1419 1532 Interim
1440 1489 1622 1532 tamen
1641 1480 1857 1550 negotia
1873 1480 2089 1549 publica

501 1565 941 1631 administrabat,
967 1582 1031 1621 ac
1045 1568 1150 1623 sibi
1190 1569 1306 1639 ipse
1331 1570 1617 1640 imperium
1645 1573 1828 1626 animo
1848 1572 2091 1627 destina-

501 1660 615 1721 bat,
634 1657 795 1726 cujus
824 1659 984 1728 [85
1007 1662 1340 1731 quandoque
1356 1662 1461 1717 sibi
1487 1665 1601 1733 ipse
1623 1678 1851 1733 compos
1870 1661 1987 1718 fore
2013 1664 2095 1717 vi-

500 1748 1011 1804 .leretur.Gaeterum
1034 1754 1149 1806 huic
1165 1754 1383 1822 quidem
1400 1754 1454 1808 iu
1474 1754 1717 1810 futurum
1738 1756 1812 1810 illi
1832 1756 2091 1826 reposita:

2183 556 2342 619 δόξαν
2371 572 2431 608 τε
2471 556 2567 610 καὶ
2595 555 2782 626 τιμὴν,
2811 556 2906 610 τοῦ
2934 557 3153 629 Μιχαὴλ
3192 560 3253 611 οὐ
3313 558 3454 629 πρὸς
3488 559 3679 631 ἔτερόν
3720 576 3779 615 τι

2184 648 2294 701 τῶν
2336 645 2638 701 πολιτικῶν
2681 649 2938 705 τοσοῦτον
2987 649 3329 722 ἐπτοημένου
3377 650 3650 725 ἦθύατρα
3678 655 3781 707 καὶ

2188 742 2371 795 ἵππων
2406 741 2801 814 ἀμιλλητήρια.
2839 743 2950 796 Καὶ
2977 742 3045 796 τὸ
3075 743 3141 815 δὴ
3169 742 3427 814 χαλεπὸν,
3456 745 3557 799 οὐκ
3582 747 3785 815 ἠγάπα

2192 833 2355 901 μόνον
2415 832 2614 903 θεατὴς
2674 827 2836 897 εἶναι,
2874 832 2990 902 εῖγε
3042 836 3138 888 καὶ
3182 835 3435 889 τοσοῦτον
3457 836 3781 908 ἐσχόλαζεν,

2188 921 2326 976 ἀλλὰ
2358 923 2451 975 κα)⁸
2476 923 2641 986 αὐτὸς
2665 926 2907 994 ἡνιοχεῖν
2934 924 2963 977 δ
2998 924 3097 994 τῆς
3148 925 3255 978 τῶν
3296 923 3587 1000 Ῥωμαίων
3617 925 3782 996 βασι-

2189 1014 2361 1080 λείας,
2411 1017 2591 1086 θέαμα
2640 1018 2928 1087 τυγχάνων
2977 1018 3073 1069 καὶ
3106 1018 3365 1087 παίγνιον
3401 1021 3535 1072 πᾶσι
3585 1020 3649 1090 δὴ
3679 1020 3783 1073 καὶ

2191 1109 2531 1178 κατάγελως.
2565 1109 2751 1172 Οὕτως
2777 1113 2802 1163 ό
2831 1108 2915 1182 [Ρ.
2950 1109 3079 1182 “5}
3118 1111 3333 1181 Βάρδας
3365 1111 3456 1164 τοῦ
3486 1111 3779 1180 ἀδελφιδῶ

2192 1199 2582 1272 ἐπετρόπευεν,
2631 1202 2726 1255 καὶ
2755 1200 2875 1253 οὐδὲ
2907 1201 3029 1270 ζῇν,
3072 1198 3147 1263 ὡς
3174 1202 3371 1264 ἔοικεν,
3403 1199 3694 1272 ἠθέλησεν,
3726 1201 3781 1254 εί

2196 1290 2273 1360 μὴ
2305 1290 2498 1344 τοῦτον
2531 1291 2858 1361 μεταπείσει
2906 1290 2968 1343 τὸ
2998 1289 3358 1360 ἀνδράποδον.
3410 1291 3557 1361 Πλὴν
3589 1291 3781 1363 διῴκει

2195 1385 2335 1448 τέως
2354 1386 2521 1447 αὐτος
2553 1383 2624 1438 τὰ
2650 1383 2923 1447 πολιτικὰ,
2950 1383 3046 1435 καὶ
3074 1383 3172 1453 τῆς
3202 1382 3481 1454 βασιλείας
3514 1399 3778 1438 κατεστο-

2196 1476 2394 1545 χάξετο
2427 1475 2502 1538 ὡς
2536 1475 2708 1545 αὐτὴν
2762 1476 3040 1545 εὐκαίρως
3098 1474 3560 1545 περιληψόμενος.
3616 1476 3784 1531 Ἀλλὰ

2196 1566 2370 1618 ταῦτα
2404 1564 2503 1635 μὲν
2527 1566 2604 1629 εἰς
2628 1565 2689 1618 τὸ
2710 1565 2906 1635 μέλλον
2926 1565 3248 1634 ἐταμιεύετο
3268 1583 3283 1598 ·
3312 1567 3435 1619 τότε
3456 1567 3514 1620 δὲ
3542 1567 3643 1638 τῆς
3674 1568 3783 1632 ἔξω

2164 1712 2173 1719 ,
2200 1658 2394 1728 σοφίας
2429 1658 2786 1729 ἐπιμεληθεὶς
2826 1657 2943 1728 (καὶ
2975 1657 3084 1727 γὰρ
3132 1653 3200 1729 ἦν
3226 1657 3305 1729 τῷ
3336 1658 3579 1730 τοσούτῳ
3598 1660 3786 1730 χρόνῳ

2202 1752 2584 1823 παραρρυεῖσα
2614 1753 2708 1804 καὶ
2733 1751 2867 1820 πρὸς
2892 1750 2952 1803 τὸ
2978 1751 3145 1822 μηδὲν
3169 1751 3305 1815 ὅλως
3331 1755 3686 1822 κεχωρηκυῖα
3708 1755 3780 1824 τῇ

500 1840 715 1893 tulerim
743 1855 870 1896 vero
888 1844 1168 1899 saecularis
1186 1857 1248 1898 ac
1267 1842 1512 1914 profanae
1528 1847 1810 1915 sapientia
1825 1862 1957 1902 cura
1974 1861 2089 1903 sus-

2198 1843 2307 1896 τῶν
2334 1844 2727 1914 κρατησάντων
2756 1843 3015 1915 ἀγροικίᾳ
3048 1844 3141 1897 καὶ
3164 1844 3398 1914 ἀμαθίᾳ)
3433 1842 3530 1896 καὶ
3565 1844 3782 1915 διατρι-

501 1942 673 1999 cepta,
713 1946 838 1985 cum
866 1932 979 2002 jam
1008 1934 1162 2002 plura
1191 1935 1361 1991 lustra
1398 1936 1754 1992 humaniores
1786 1938 2096 1993 littcrteim-

2198 1931 2301 1994 ὅάς
2331 1931 2440 1984 τῶν
2489 1930 2892 2002 μαθηματικῶν
2943 1931 3089 1986 κατὰ
3145 1934 3487 2003 Μαγναύραν
3546 1934 3784 2005 ποιήσας

500 2032 809 2089 peratorum
829 2023 1085 2080 barbarie
1101 2040 1164 2080 ac
1187 2027 1401 2083 inscitia
1423 2030 1819 2087 obsolevissent
1840 2044 1902 2087 ac
1928 2047 2089 2103 prope

2201 2020 2358 2088 αὖθις
2377 2025 2650 2092 ἀκμάζειν
2680 2027 2775 2079 καὶ
2793 2024 3002 2096 ἀνηὸᾷν
3030 2025 3238 2094 ταύτην
3262 2026 3565 2090 ἐσπούδαζέ
3594 2042 3654 2078 τε
3682 2025 3784 2080 καὶ

500 2118 780 2171 exstinctae
844 2129 1051 2184 essetit,
1114 2122 1632 2179 mathematicarum
1678 2124 2089 2195 disciplinarum

2196 2118 2615 2188 πεφιλοτίμητο.
2641 2118 2754 2171 Καὶ
2781 2117 2940 2170 τοῦτο
2962 2118 3072 2170 τῶν
3096 2117 3273 2188 ἔργων
3302 2117 3466 2170 αὐτοῦ
3492 2117 3784 2173 κάλλιστόν

500 2209 702 2264 scholis
724 2210 789 2264 ad
814 2209 1170 2281 Magnauram
1220 2216 1569 2283 constitutis,
1588 2217 1876 2288 magniﬁce
1900 2232 2089 2274 rursus

2193 2227 2256 2264 τε
2306 2213 2402 2264 καὶ
2457 2210 2786 2280 περιϐόητον
2813 2208 2872 2263 ὃν
2907 2210 3009 2263 οὐκ
3038 2210 3233 2279 ἴσχυσέ
3267 2226 3385 2272 παυς
3416 2209 3518 2271 τὰς
3552 2209 3783 2272 ἐνούσας

498 2301 693 2356 ﬂorere
734 2318 798 2357 ac
826 2304 973 2357 velut
1006 2307 1370 2376 repubescere
1402 2325 1524 2364 eam
1558 2309 1709 2364 fecit.
1742 2308 1853 2365 Nec
1901 2319 2087 2365 tamen

2195 2303 2370 2366 ἄλλως
2418 2302 2599 2373 κῆρας
2631 2302 2782 2370 αὐτῷ
2830 2301 3225 2370 ἀπονίψασθαι.
3257 2296 3435 2373 Ἶ-Ιρχε
3469 2302 3525 2355 δέ
3558 2302 3654 2355 καὶ
3678 2302 3785 2370 τῆς

501 2395 605 2448 hoc
642 2393 838 2449 Bardai
903 2396 1144 2461 facinus,
1188 2410 1508 2471 quanquam
1568 2417 1843 2456 summam
1871 2402 2089 2471 praefer-

2194 2394 2451 2465 τοιαύτης
2499 2393 2698 2464 σχολῆς
2728 2392 2827 2464 τὴν
2883 2393 2984 2463 μὲν
3031 2393 3350 2462 φιλοσοφίαν
3415 2393 3783 2465 ἐξηγούμενος

499 2494 581 2539 ret
605 2485 942 2542 honestatem
1000 2489 1285 2561 gloriaque
1324 2493 1745 2548 celeberrimum
1770 2502 1941 2558 esset,
1968 2494 2089 2563 ejus

2195 2487 2351 2541 Λέων
2375 2488 2584 2549 ἐκεῖνος
2635 2488 2664 2539 ὁ
2714 2487 2894 2555 μέγας
2942 2501 3003 2538 τε
3045 2486 3141 2539 καὶ
3174 2486 3481 2555 φιλόσοφος,
3542 2487 3599 2551 ὃς
3637 2487 3784 2541 κατά

500 2593 674 2633 noxas
704 2580 942 2649 reliquas
973 2582 1160 2638 eluere
1194 2585 1384 2640 valuit.
1422 2586 1666 2641 .Prmerat
1721 2587 1849 2641 huic
1889 2588 2089 2642 scholae

2199 2579 2525 2647 συγγένειαν
2553 2578 2653 2646 μέν
2672 2576 2768 2631 τοῦ
2800 2576 3098 2647 ἐξαδὲλφου
3130 2578 3210 2649 τῷ
3256 2581 3573 2651 πατριάρχῃ
3604 2579 3784 2653 Ἰαννῇ

499 2687 562 2727 ac
585 2673 777 2727 doctor
828 2674 1192 2745 philosophia:
1220 2688 1340 2733 erat
1363 2694 1598 2748 magnus
1638 2680 1727 2734 ille
1757 2695 1825 2735 ac
1844 2680 2089 2749 pliiloso~

2196 2672 2459 2743 ᾠκείωτο,
2492 2671 2584 2725 τὸν
2615 2670 2807 2740 θρόνον
2830 2670 2891 2722 δέ
2921 2670 3023 2740 τῆς
3072 2670 3475 2742 Θεσσαλονίκης
3506 2673 3785 2743 κατέχων,

500 2764 643 2833 phus
675 2763 806 2830 Leo,
837 2769 1125 2838 sanguinis
1170 2771 1397 2840 quidem
1439 2772 1699 2841 prosapia
1747 2769 1946 2826 Jannis
1998 2787 2089 2842 pa-

2196 2765 2520 2838 ἐπεώὴ.νῦν
2568 2769 2636 2821 ἐκ
2689 2767 3067 2838 καθαιρέσεως
3117 2767 3432 2837 ἐσχόλαζεν,
3462 2769 3544 2831 είς
3571 2770 3785 2841 ταύτην

501 2858 758 2915 triarchas
812 2865 1094 2930 patruelis,
1163 2865 1365 2935 gradu-
1402 2881 1532 2921 ven
1584 2866 2089 2922 Thessalonicensis

2196 2858 2594 2930 wperGtGdCste
2637 2859 2738 2928 τὴν
2785 2858 3004 2930 σχολήν,
3062 2858 3163 2930 τὴν
3194 2857 3436 2929 ἀμαθίαν
3456 2860 3648 2931 πὸρῤω
3682 2876 3784 2913 ποι

499 2954 775 3022 quondam
820 2957 1137 3026 episcopus.
1200 2958 1352 3014 Tunc
1394 2970 1581 3014 autem
1645 2974 1866 3015 cessare
1901 2961 2089 3030 jussus

2200 2951 2521 3009 ἀπελαύνων
2554 2951 2649 3004 καὶ
2665 2950 3140 3021 ἀποτρεπόμενος.

500 3060 665 3118 atque
723 3061 962 3115 structus,
985 3056 1128 3122 quod
1171 3054 1657 3111 iconomachurum
1696 3056 1921 3112 haeresis
1952 3056 2131 3111 cultor
2156 3061 2296 3117 erat,
2328 3050 2457 3105 huic
2486 3046 2709 3117 negotio
2748 3045 3066 3116 praepositus
3099 3058 3261 3115 opera
3284 3058 3383 3099 sua
3405 3059 3471 3101 ac
3502 3044 3779 3102 industria

500 3140 777 3197 inscitiam
820 3145 1011 3213 procul
1046 3146 1301 3216 abigebat
1334 3158 1501 3218 atque
1546 3147 1788 3219 fugabat.
2199 3212 2209 3220 ,
2686 3176 2690 3185 ‘
3414 3166 3417 3167 ν

569 3232 658 3288 27.
695 3234 889 3303 Operae
932 3238 1168 3306 pretium
1205 3249 1387 3294 autem
1421 3242 1691 3308 videatur,
1740 3251 1884 3298 utet
1925 3256 2089 3297 nove-

2271 3234 2377 3301 κζ’.
2417 3232 2604 3297 Ἀξιον
2638 3231 2696 3284 δέ
2724 3231 2848 3300 μηδ’
2899 3232 3047 3293 ὅπως
3075 3230 3155 3290 είς
3178 3229 3382 3300 γνῶσιν
3409 3226 3573 3302 ἦλθεν
3603 3231 3634 3285 ὁ
3674 3249 3781 3306 τη-

500 3325 675 3379 rimus
705 3341 813 3395 qua
846 3330 1057 3384 ratione
1079 3330 1164 3384 vir
1192 3338 1379 3387 tantus
1405 3333 1457 3387 in
1488 3334 1609 3401 ejus
1643 3335 1733 3402 qui
1770 3343 1884 3388 tum
1908 3348 2089 3388 rerum

2200 3328 2447 3391 λικοῦτος
2466 3326 2605 3397 ἀνὴρ
2628 3324 2706 3395 τῷ
2734 3325 2854 3377 τότε
2888 3323 3181 3394 κρατοῦντι
3210 3324 3611 3395 παραδραμεῖν.
3643 3324 3782 3380 θεός
3874 3319 3893 3348 ¹

501 3418 815 3487 potiebatur
868 3421 1122 3475 notitiam
1169 3423 1403 3477 venerit.
1476 3423 1607 3478 Erat
1663 3426 1709 3479 is
1755 3422 2089 3494 Theophilus

2200 3424 2354 3489 φιλος
2414 3419 2473 3473 δέ
2521 3414 2612 3488 ἦν,
2651 3418 2680 3471 ὁ
2716 3416 2812 3469 τοῦ
2854 3416 3075 3487 Μιχαὴλ
3136 3419 3373 3488 σπορεὺς
3421 3418 3517 3470 καὶ
3568 3419 3776 3489 πατήρ.

500 3507 782 3562 Michaelis
863 3520 1041 3579 pater.
1112 3509 1213 3566 Hic
1294 3526 1427 3582 ergo
1489 3526 1616 3567 cum
1679 3514 2093 3584 disciplinarum

501 3608 721 3656 amnem
785 3602 1072 3657 scientiam
1146 3604 1387 3674 perfecte
1459 3605 1835 3671 excoluisset,
1905 3606 2096 3676 sicque

502 3695 751 3746 omnium
803 3694 1259 3764 disciplinarum,
1308 3695 1667 3766 philosophia;
1698 3697 1929 3767 ejusque
1969 3712 2093 3768 ger-

505 3794 798 3838 manarum
851 3784 1237 3855 (arithmeticae
1276 3786 1486 3841 scilicet
1519 3795 1572 3841 et
1606 3789 1954 3858 geometriae,
1994 3801 2095 3843 nec

504 3894 611 3930 non
660 3879 1037 3945 astronomiae,
1092 3879 1225 3949 quin
1258 3887 1314 3933 et
1348 3879 1794 3935 celebratissima;
1844 3881 2095 3954 musicae)

504 3969 899 4037 perfectionem
954 3983 1153 4027 nactus
1220 3984 1406 4039 esset,
1487 3982 1813 4044 tantumque
1870 3976 1923 4029 in
1985 3976 2096 4031 illis

504 4063 770 4117 omnibus
797 4074 946 4118 unus
975 4064 1094 4135 ipse
1138 4064 1460 4134 profecisset
1488 4075 1754 4135 quantum
1789 4082 1857 4122 ne
1890 4069 1942 4122 iu
1985 4084 2092 4124 una

502 4157 725 4228 quidem
768 4159 1047 4228 quispiam
1101 4159 1268 4223 alius,
1324 4159 1567 4229 diligenti
1619 4160 1674 4213 in
1726 4175 1849 4214 eam
1900 4176 2089 4229 opera,
2130 4203 2143 4215 .

502 4250 823 4305 solitudinis
850 4250 1179 4321 tranquillo,
1211 4250 1373 4321 186
1400 4252 1601 4321 ingenii
1633 4253 1992 4317 dexteritate,
2036 4254 2091 4307 in

504 4343 598 4398 vili
645 4346 882 4413 quodam
946 4344 1224 4413 tuguriolo
1279 4344 1587 4410 discipulos
1649 4344 1979 4410 erudiebat,
2039 4356 2094 4401 et

503 4450 669 4505 quam
698 4437 935 4505 quisque
958 4436 1146 4489 mallet
1167 4434 1453 4490 scientiam
1474 4436 1728 4489 docebat.
1745 4434 1883 4491 Cum
1908 4447 2091 4492 autem

502 4529 729 4598 longum
755 4528 866 4596 jam
903 4535 1119 4596 tempus
1141 4526 1436 4581 transisset
1468 4526 1736 4596 multique
1763 4541 1831 4583 eo
1861 4529 2090 4583 doctore

2196 3506 2363 3574 Οὗτος
2389 3510 2481 3564 οὖν
2508 3511 2630 3562 ἐπεὶ
2654 3508 2769 3579 ιτὴν
2799 3507 2907 3561 τῶν
2946 3507 3286 3580 μαθημάτων
3327 3509 3407 3573 είς
3455 3509 3624 3581 ἄκρον
3653 3511 3781 3564 ἐπι..

2197 3606 2414 3677 στήμην
2452 3604 2781 3675 ἐξήσκησεν,
2821 3600 3075 3656 τοσοῦτον
3112 3603 3369 3672 χωρήσας
3412 3602 3501 3655 διὰ
3560 3602 3777 3669 πασῶν,

2194 3701 2291 3772 τῆς
2325 3698 2644 3768 φιλοσοφίας
2669 3695 2763 3748 καὶ
2785 3694 2895 3747 τῶν
2919 3694 3087 3762 αὐτῆς
3113 3694 3376 3762 ἀδελφῶν,
3407 3694 3779 3767 ἀριθμητικῆς

2194 3808 2274 3857 τε,
2298 3792 2461 3861 φημὶ,
2491 3789 2584 3843 καὶ
2604 3786 2957 3858 γεωμετρίας
2988 3786 3083 3838 καὶ
3108 3784 3491 3855 ἀστρονομίας,
3516 3784 3650 3837 ἀλλά
3679 3784 3778 3837 καὶ

2196 3886 2300 3955 τῆς
2348 3882 2758 3954 πολυθρυλήτου
2811 3880 3100 3951 μουσικῆς,
3127 3878 3219 3931 καὶ
3262 3879 3343 3940 εἰς
3381 3877 3548 3946 ἄκρον
3594 3876 3777 3929 αὐτῶν

2195 3979 2398 4041 ἐλάσας
2438 3978 2515 4039 ὡς
2541 3974 2804 4044 οὐδεμιᾶς
2842 3971 3033 4043 ἕτερος
3074 3970 3278 4041 σπουδῇ
3335 3986 3393 4022 τε
3453 3968 3622 4039 πολλῇ
3683 3967 3779 4021 καὶ

2197 4072 2297 4143 βίῳ
2340 4069 2660 4139 ἀπράγμονι
2714 4067 2812 4120 καὶ
2869 4065 3090 4137 μεγέθει
3134 4062 3370 4133 φύσεως,
3418 4060 3626 4117 εὐτελεῖ
3667 4077 3780 4114 τινι

2196 4162 2542 4231 καταλύματι
2570 4158 2855 4230 χρώμενος
2871 4157 2965 4210 καὶ
2991 4153 3324 4224 καταγωγίῳ
3352 4154 3480 4215 τοὺς
3504 4153 3583 4214 είς
3610 4151 3779 4206 αὑτὸν

2195 4254 2496 4323 φοιτῶντας
2526 4251 2836 4313 ἐπαίδευεν,
2878 4246 3212 4302 ἐκδιδάσκων
3241 4244 3435 4314 ἥντινα
3461 4242 3778 4314 ἐπιστήμην

2195 4348 2292 4402 καὶ
2323 4345 2617 4418 βούλοιντο.
2654 4341 2744 4405 Ὧς
2787 4340 2832 4393 δ’
2876 4338 2975 4409 ήδη
3026 4337 3220 4408 χρόνος
3272 4334 3628 4405 παρίππασεν
3680 4333 3779 4389 καὶ

2193 4437 2304 4492 τῶν
2332 4435 2594 4509 μαθητῶν
2621 4435 2721 4487 οὐκ
2751 4431 2926 4500 ὀλίγοι
2962 4429 3105 4483 κατὰ
3138 4427 3238 4490 τὰς
3276 4429 3588 4497 ἐπιστήμας
3642 4442 3777 4493 προ-

2197 4530 2450 4594 έκοπτον,
2482 4526 2681 4596 συνέϐη
2715 4523 2839 4577 τινὰ
2860 4523 3080 4577 νεανίαν
3100 4518 3211 4574 τῶν
3243 4518 3441 4572 ἑαυτοῦ
3481 4517 3777 4588 φοιτητῶν,

505 4632 617 4673 non
654 4618 1006 4688 paenitendus
1055 4632 1386 4688 progressus
1426 4616 1729 4686 fecissent,
1766 4620 1997 4689 contigit
2030 4629 2089 4674 ut

2192 4615 2296 4692 τῆς
2343 4617 2729 4689 γεωμετρικῆς
2759 4616 3072 4685 ἐπιστήμης
3104 4614 3231 4685 ἄρτι
3262 4612 3321 4666 τὸ
3362 4612 3537 4682 πέρας
3586 4626 3778 4665 κατει-

503 4711 625 4781 ejus
658 4708 1061 4779 discipulorum
1112 4711 1334 4781 juvenis
1387 4711 1638 4781 quidam,
1689 4724 1962 4767 summam
1993 4727 2091 4782 per

502 4818 628 4860 eum
663 4814 857 4860 nactus
886 4807 1203 4875 geometria-
1232 4807 1509 4876 peritiam,
1546 4807 1643 4860 uni
1685 4807 1890 4862 ducum
1928 4822 1959 4863 a
1998 4822 2089 4863 sea-

502 4899 693 4965 cretis,
719 4898 800 4953 rei
833 4914 932 4969 per
955 4913 1082 4954 eum
1131 4898 1422 4955 familiaris
1466 4901 1857 4970 compendium
1907 4901 2091 4958 factu-

504 5007 621 5058 rus,
657 4994 724 5047 ad
752 4993 956 5047 bellum
994 4993 1368 5063 proﬁciscenti
1414 5006 1474 5049 se
1509 4994 1655 5048 ultro
1685 4994 1945 5049 cemitem
1987 4993 2090 5049 da-

501 5090 620 5147 ret;
659 5081 902 5150 dumqoe
953 5080 1068 5134 illic
1106 5089 1378 5143 versatur,
1445 5078 1630 5135 nescio
1678 5095 1792 5150 quo
1846 5095 1978 5137 casu
2027 5081 2084 5134 in

501 5176 880 5247 Agarenorum
940 5185 1266 5247 potestatem
1318 5177 1551 5243 veniret,
1602 5190 1667 5231 ac
1717 5176 1865 5245 quod
1919 5174 2080 5229 viridi

503 5268 829 5339 ﬂorentique
856 5269 1084 5339 juventa
1119 5279 1261 5335 erat,
1298 5269 1597 5323 illustrium
1632 5269 1724 5321 uni
1758 5282 1952 5322 servus
1989 5267 2085 5320 de-

502 5362 744 5416 deretur.
770 5360 1008 5416 Mantum
1046 5362 1271 5416 nomine
1317 5369 1448 5416 tunc
1481 5361 1883 5417 lsmaelitarum
1918 5361 2081 5414 Ame-

503 5446 802 5509 rantnunes
837 5470 967 5510 cum
996 5455 1332 5511 Graecunicis
1363 5456 1485 5510 aliis
1516 5453 1826 5523 disciplinis
1857 5468 2079 5523 operam

503 5545 687 5609 dabat,
711 5555 822 5599 tum
855 5549 1133 5619 praecipue
1160 5548 1475 5618 geometriae
1498 5548 1714 5602 deditus
1736 5554 1879 5601 erat.
1916 5545 2080 5600 Acci-

503 5634 584 5690 dit
612 5645 796 5691 autem
829 5648 890 5691 ut
927 5638 1067 5707 ejus,
1119 5641 1188 5696 de
1214 5655 1326 5711 quo
1359 5641 1623 5707 diximus,
1652 5639 1871 5713 juvenis
1915 5638 2083 5692 herus

2187 4714 2418 4785 ληφότα,
2452 4711 2777 4782 ὖπογραφέα
2832 4708 3090 4778 γενέσθαι
3129 4708 3276 4771 τινὸς
3339 4703 3677 4777 στρατηγίδα
3726 4702 3773 4735 ⁸⁸

2187 4807 2342 4872 τάξιν
2366 4804 2668 4867 θιέποντος,
2711 4804 2807 4856 καὶ
2831 4800 3118 4872 προκοπῆς
3151 4800 3339 4854 ἕνεκεν
3369 4797 3464 4851 τοῦ
3497 4796 3612 4866 βίου
3634 4798 3776 4863 ἁγα-

2188 4900 2364 4971 πήσαι
2391 4901 2569 4968 τούτῳ
2613 4896 2955 4951 ἀκολουθεῖν.
3007 4894 3096 4957 Ὠς
3123 4894 3181 4947 δέ
3224 4892 3367 4945 κατὰ
3393 4891 3487 4944 τὸν
3535 4888 3776 4961 πόλεμον

2193 4994 2312 5064 ἅμα
2349 4990 2527 5061 τούτῳ
2554 4988 2797 5057 ἐγένετο,
2830 4987 2938 5040 ὑπὸ
2982 4986 3091 5038 τῶν
3145 4980 3491 5053 Ἀγαρηνῶν,
3531 4981 3633 5035 οὐκ
3675 4977 3806 5035 οἷδ’·

2194 5085 2366 5146 ὅπως.
2396 5082 2689 5149 ζωγρεῖται
2711 5079 2806 5132 καὶ
2831 5077 2940 5131 τῶν
2966 5075 3250 5144 ἐπιφανῶν
3282 5088 3391 5128 τινι
3422 5075 3499 5135 εἰς
3528 5072 3778 5126 δουλείαν

2190 5174 2280 5228 διὰ
2333 5174 2396 5227 τὸ
2436 5172 2557 5226 νέον
2594 5172 2695 5243 τῆς
2745 5170 2962 5242 ἡλικίας
2998 5168 3221 5223 δίδοται.
3268 5165 3354 5239 [Ρ.
3387 5163 3513 5239 116]
3540 5163 3777 5236 Μαμοῦν

2191 5269 2402 5329 ἐκεῖνος
2421 5266 2564 5319 οὓτω
2589 5264 2924 5333 καλούμενος
2948 5260 3249 5331 τηνικαῦτα
3280 5262 3378 5330 μὲν
3405 5258 3516 5312 τῶν
3557 5259 3779 5329 Ἰσμαη-

2190 5360 2355 5413 λιτῶν
2373 5358 2547 5412 ἐτέλει
2573 5354 3018 5427 ἀμεραμνουνῆς,
3040 5353 3219 5415 ἄλλοις
3241 5370 3300 5405 τε
3330 5352 3616 5422 μαθήμασι
3646 5367 3775 5420 σχο-

2192 5452 2373 5517 λάζων
2415 5449 2751 5518 Ἑλληνικοῖς
2783 5448 2877 5500 καὶ
2898 5446 2963 5516 δὴ
2998 5445 3095 5500 καὶ
3116 5444 3461 5515 γεωμετρίας
3487 5443 3565 5506 ὡς
3598 5441 3691 5495 ἐπὶ
3714 5441 3775 5495 τὸ

2195 5545 2449 5598 πλεῖστον
2495 5541 2596 5594 οὐκ
2627 5538 2870 5610 ἀμελῶν.
2894 5538 3072 5607 Λόγου
3106 5536 3163 5591 δέ
3197 5553 3327 5590 ποτε
3374 5535 3525 5605 παρά
3561 5531 3654 5587 τοῦ
3684 5533 3776 5586 τὸν

2190 5634 2407 5691 νεανίαν
2447 5633 2664 5705 ἔχοντος
2689 5632 2950 5686 δεσπότου
2974 5629 3287 5703 κινηθέντος
3319 5629 3447 5699 περὶ
3470 5626 3571 5697 τῆς
3605 5641 3773 5680 σπου-

1808 5730 2045 5791 ῪΑίὶΙιλΕ
2074 5726 2478 5784 LECTIONES.
3094 5734 3106 5745 '
3518 5762 3537 5809 lg

578 5817 621 5849 “
656 5822 1009 5892 στρατηγίδος
1042 5824 1099 5879 Ρ.

3510 5806 3537 5861 1

3759 5900 3813 5910 ,τ-ι-
