4144 6412
592 320 692 389 att
1465 323 1480 330 '
1649 326 2156 388 TllEOl’llANES
2195 331 2752 398 CONTINUATUS.
3749 347 3850 409 ξιξ

589 446 738 496 nato)
779 433 1078 498 cingerent.
1116 429 1318 486 Verum
1371 435 1423 488 bl
1466 435 1682 504 quidem
1715 439 1931 492 abunde
1967 437 2057 493 Dei
2092 440 2166 492 ira
2202 448 2225 500 Α

2213 448 2242 500 ἢ
2272 444 2412 514 χαὴλ
2467 450 2612 501 κατὰ
2650 449 3013 521 Ἰσμαηλιτῶν
3046 453 3524 523 ἐκστρατεύοντος.
3556 455 3704 526 Πλὴν
3739 459 3849 510 ἀλλ’

589 523 911 583 exsaturati,
965 521 1328 594 Pbotio,.qui
1383 525 1447 579 ad
1501 527 1756 582 Ecclesiae
1804 530 2172 598 gubernacula

2275 539 2473 592 ἐκεῖνοι
2517 543 2613 610 μέν
2665 542 2786 596 τότε
2821 544 2973 612 θείας
2997 521 3402 618 ἐμφορηθέντες
3423 549 3616 618 ὀργῆς,
3645 521 3847 603 (itania:

592 617 837 680 sedebat,
868 612 1036 666 Deum
1071 625 1334 669 exorante
1356 618 1585 687 urbique
1607 621 1898 690 propitium
1920 623 2175 676 reddente

2275 629 2336 682 τὸ
2377 630 2533 682 Θεῖον
2577 633 3014 704 ἐξιλεωσαμένου
3066 637 3160 690 τοῦ
3213 639 3315 708 τῆς
3356 639 3692 708 Ἐκκλησίας
3726 640 3849 702 τοὺς

586 708 810 760 (limum
846 705 1088 769 rediere;
1141 723 1239 760 nec
1278 709 1449 762 multo
1483 719 1603 780 post
1637 710 1828 780 legalis
1878 714 1928 766 in
1985 714 2171 768 urbem

2274 724 2468 786 οἴακας
2504 725 2740 793 ἔχοντος,
2775 727 2957 781 οἴκαδε
2997 729 3409 796 ἐκπεπόρευντο
3433 748 3446 762 ο
3491 732 3584 784 καὶ
3617 731 3734 802 μετ’
3789 733 3847 783 οὗ

586 800 774 856 missis
849 799 1095 854 divinum
1143 800 1501 872 emagilantes
1570 803 1941 872 baptismum,
2008 805 2170 860 etiam

2274 817 2410 869 πολὺ
2440 817 2603 870 πάλιν
2631 819 2731 888 τὴν
2767 818 3154 888 βασιλεύουσαν
3182 823 3448 892 πρεσϐεία
3479 825 3662 876 αὐτῶν
3717 841 3846 876 κατ-

587 893 976 963 impetravere.

2274 908 2602 978 ελάμϐανεν,
2617 911 2709 962 τοῦ
2730 911 2873 964 θείου
2890 912 3266 983 βαπτίσματος
3293 916 3350 968 ἐν
3369 918 3569 986 μετοχῇ
3599 915 3848 984 γενέσθαι

2273 1003 2474 1064 αὐτοὺς
2501 1001 2884 1064 λιτανεύουσα,
2921 1005 2949 1057 ὃ
2973 1007 3065 1058 καὶ¹
3091 1005 3332 1074 γένονεν.

657 1073 750 1128 54.
787 1074 991 1130 Partim
1043 1076 1228 1146 itaque
1285 1077 1400 1132 haec
1449 1076 1751 1132 Bessorum
1803 1080 2047 1134 vastabat
2083 1080 2169 1134 in-

2343 1093 2438 1148 ).6'.
2480 1095 2561 1148 Τὰ
2598 1097 2694 1163 μὲν
2726 1093 2816 1150 οὖν
2844 1099 2876 1168 ή
2911 1073 3118 1151 τούτων
3150 1101 3352 1153 ἐκάκου
3377 1100 3679 1171 ἐπιδρομή·
3713 1077 3849 1154 τὰδέ

587 1170 809 1226 cursio:
845 1170 1042 1236 partim
1078 1170 1424 1224 Cretensium
1458 1172 1683 1226 advecta
1719 1175 1939 1238 classis,
1971 1178 2040 1228 ad
2087 1179 2172 1228 vi-

2271 1188 2417 1256 ὀτῆς
2446 1189 2673 1258 Κρήτης
2711 1189 2896 1252 στόλος
2948 1193 3309 1261 ἀναγόμενος,
3359 1193 3434 1256 ῶς
3495 1170 3849 1264 κουμὸαρίων

585 1261 723 1329 ginti
781 1261 972 1314 lintres
1005 1261 1312 1332 (eymbaria
1365 1263 1586 1331 vocant)
1619 1266 1802 1331 galeas
1854 1277 2058 1336 septem
2107 1282 2170 1320 ac

2271 1279 2399 1348 ἄχρι
2453 1278 2647 1342 εἴκοσι,
2678 1279 2819 1332 ἑπτὰ
2846 1279 3047 1346 γαλέας
3091 1281 3184 1335 καί
3220 1299 3374 1345 τινας
3411 1261 3680 1351 σατούρας
3720 1261 3849 1353 ’μεθ’

577 1351 876 1404 onerarias
907 1353 1172 1417 quasdam
1204 1352 1508 1418 adducens,
1551 1355 1976 1424 deprasdabatur
2025 1356 2167 1411 infe-

2272 1371 2465 1424 ἑαυτοῦ
2491 1373 2850 1441 ἐπαγόμενος,
2885 1374 3136 1444 ἐληῖζετό
3195 1393 3255 1428 τε
3306 1377 3398 1428 καὶ
3443 1375 3852 1444 κατεδουλαγώ-

585 1444 896 1512 stabatque,
942 1443 1106 1498 modo
1155 1445 1375 1513 quidem
1432 1445 1701 1517 Cycladas
1740 1448 1973 1513 insulas,
2005 1451 2168 1504 modo

2269 1478 2377 1528 γει,
2415 1461 2508 1514 νῦν
2537 1465 2632 1531 μὲν
2657 1464 2754 1526 τὰς
2787 1465 3078 1528 Κυκλάδας
3110 1467 3311 1536 νήσους
3338 1465 3698 1534 περινοστῶν,
3758 1464 3851 1518 νῦν

575 1533 921 1586 maritimam
976 1549 1196 1590 omnem
1253 1535 1532 1606 regionem
1595 1539 1663 1592 ad
1729 1537 2162 1596 Prmconnesum

2269 1554 2326 1607 δὲ
2351 1556 2477 1624 ἄχρι
2498 1555 2901 1626 Προικοννήσου
2931 1558 3032 1627 τὴν
3067 1533 3338 1630 παράλιον
3392 1533 3630 1613 ἅπασαν.
3659 1558 3745 1611 Τὰ
3795 1556 3852 1610 δὲ

575 1640 765 1695 usque
816 1641 1122 1696 pervagans
1151 1645 1165 1681 :
1198 1630 1396 1697 partim
1447 1630 1685 1698 denique
1717 1633 1961 1687 continui
2011 1647 2167 1688 terrae

2270 1648 2317 1699 οἱ
2349 1650 2594 1716 συνεχεῖς
2625 1648 2734 1700 τῶν
2764 1649 3007 1718 σεισμῶν
3055 1651 3415 1720 ἐλυμαίνοντο
3454 1667 3512 1703 τε
3563 1651 3659 1704 καὶ
3713 1648 3851 1719 πρὸς

572 1729 772 1772 .motus
811 1717 1216 1774 labefactabant
1242 1729 1297 1774 et
1335 1722 1458 1776 solo
1511 1732 1671 1778 tenus
1697 1724 2009 1779 diruebant.
2051 1725 2160 1779 Ilo-

2217 1805 2238 1814 ‘
2270 1737 2533 1806 τοῦδαφος
2562 1737 2807 1803 ἔϐαλλον,
2834 1717 2930 1792 νύν
2963 1741 3062 1810 μὲν
3093 1717 3218 1794 καθ’
3253 1743 3319 1812 ἣν
3343 1743 3376 1814 ἡ
3405 1741 3496 1794 τοῦ
3523 1741 3733 1812 Κυρίου
3762 1717 3853 1794 καὶ

575 1824 707 1864 rum
741 1826 910 1876 unus,
941 1827 1052 1881 quo
1081 1812 1171 1867 die
1198 1811 1414 1868 Domini
1457 1829 1522 1869 ac
1563 1815 1866 1872 Salvatoris
1898 1820 2069 1872 nostri
2110 1821 2164 1874 in
2202 1804 2211 1858 ¹

2217 1805 2241 1856 3
2271 1804 2526 1899 Σωτῆρος
2549 1830 2706 1899 ήμῶν
2739 1804 3007 1901 ἀνάληψις
3049 1804 3392 1904 ἐορτάζεταί,
3434 1832 3494 1885 τὸ
3529 1804 3664 1903 πρδς
3700 1831 3853 1885 νότον

586 1901 761 1956 caelos
811 1903 1014 1973 recepti
1051 1905 1317 1961 solemnis
1349 1908 1612 1962 memoria
1651 1910 1850 1979 agitur,
1883 1911 2166 1968 Exacionii

2273 1920 2456 1991 τρίτον
2470 1921 2563 1974 τοῦ
2609 1921 2944 1989 Ἑξακιονίου
2975 1925 3109 1994 πρὸς
3138 1925 3242 1992 γῆν
3285 1926 3655 1994 ἐδαφίζοντες,
3686 1924 3855 1988 ναούς

584 1997 804 2050 tertiam
844 1998 1002 2067 197
1044 2007 1253 2068 partem
1294 2001 1414 2056 solo
1455 2004 1772 2072 prostravit,
1806 2019 1926 2058 eam
1959 2007 2165 2060 Scilircl

2272 2033 2331 2068 τε
2363 2016 2659 2086 εὐπρεπεῖς
2717 2019 2814 2072 καὶ
2848 2020 3031 2083 οἴκους
3085 2019 3398 2090 λαμπροὺς,
3438 2019 3534 2074 νῦν
3567 2019 3624 2072 δέ
3649 2017 3854 2089 στήλας

579 2103 708 2156 quae
745 2090 811 2142 a'l
849 2100 1100 2144 austrum
1138 2100 1348 2161 spectat
1373 2095 1724 2165 elegantique
1757 2099 1906 2150 cultu
1944 2107 2161 2152 exstru-

2269 2111 2369 2178 τήν
2402 2127 2459 2161 τε
2482 2110 2620 2163 κατὰ
2650 2111 2872 2182 Χρυσῆν
2907 2111 3084 2181 πύλην
3120 2114 3218 2182 τῆς
3250 2113 3459 2176 πόλεως
3520 2112 3702 2179 Νίκην
3759 2111 3851 2180 ἐγ-

581 2189 668 2234 cta
704 2180 902 2249 templa
935 2182 1096 2236 habet
1130 2198 1194 2238 ac
1226 2185 1542 2254 magniﬁcas
1573 2187 1716 2244 aedes
1743 2207 1756 2242 :
1789 2190 1924 2242 alter
1951 2199 2164 2246 statuas

2269 2197 2672 2270 καθιδρυμένην
2703 2201 2799 2265 τὰς
2815 2180 2872 2253 τε
2890 2203 2945 2253 ἐν
2973 2180 3050 2271 τῷ
3076 2180 3325 2272 Δευτέρῳ
3363 2201 3504 2254 κατὰ
3529 2201 3625 2273 τὴν
3657 2200 3852 2270 Ἀγίαν

584 2273 808 2337 evertit,
862 2283 979 2327 tum
1031 2277 1241 2329 scilicet
1277 2275 1600 2342 Victoriam,
1662 2295 1786 2346 quin
1819 2282 1883 2335 ad
1927 2284 2160 2338 Auream

2271 2289 2471 2342 Ἄνναν
2516 2289 2759 2360 στερρῶς
2810 2291 3105 2360 ἱσταμένας
3155 2291 3681 2359 ἐγκατασείσαντες·
3721 2291 3789 2364 ἢν
3825 2291 3852 2343 ὁ

581 2366 738 2419 urbis
778 2377 990 2434 portam
1022 2367 1287 2422 collocata
1320 2379 1458 2436 erat,
1497 2383 1611 2424 tum
1647 2388 1770 2440 qua:
1820 2373 1874 2427 in
1928 2371 2162 2428 Deutero

2273 2380 2658 2448 μαθηματικῦς
2706 2382 2857 2434 Λέων
2905 2387 3401 2438 καταπεπτωκυῖαν
3452 2383 3575 2436 ἰδὼν
3624 2385 3729 2455 τὴν
3757 2381 3849 2435 τοῦ

582 2456 753 2524 (velut
801 2455 1113 2512 Secundum
1167 2459 1340 2524 dicas)
1390 2462 1456 2514 ad
1488 2461 1743 2516 Sanctam
1793 2465 2006 2518 Annam
2047 2467 2163 2520 suis

2267 2471 2526 2542 δευτέρου
2585 2475 2648 2524 ἐκ
2691 2472 2958 2542 βασιλέως
3017 2473 3226 2527 πτῶσιν
3279 2475 3466 2542 ἔλεγεν
3528 2473 3850 2527 ἐπαπειλεῖν

584 2547 816 2602 ﬁrmiter
844 2549 1066 2604 basibus
1097 2551 1216 2605 lixa:
1247 2553 1488 2607 stabant.
1517 2553 1670 2609 Hanc
1711 2555 1820 2610 Leo
1855 2559 2161 2614 matbema-

2268 2563 2549 2634 καθαρῶς.
2585 2565 2814 2635 Μακρὸν
2843 2565 2930 2634 εἴη
2956 2565 3136 2632 λέγειν
3162 2565 3424 2636 ποταμῶν
3459 2565 3731 2635 ἀφάνειαν
3760 2563 3851 2616 καὶ

571 2640 728 2695 tiens
756 2641 1054 2711 eollapsam
1101 2645 1312 2708 videns,
1369 2645 1516 2701 illius
1549 2648 1728 2716 palam
1775 2664 1962 2704 easmn
2017 2651 2159 2706 desi-

2267 2655 2460 2726 πηγῶν
2503 2655 2596 2707 καὶ
2639 2653 2752 2707 ἄλλ’
2798 2654 2935 2708 ἄττα
2982 2656 3286 2727 παθήματα
3319 2656 3462 2710 κατά
3488 2674 3544 2709 τε
3575 2656 3849 2727 Ἰσαυρίαν

582 2748 752 2797 gnare
794 2733 953 2799 dixit,
981 2734 1075 2803 qui
1107 2736 1176 2790 ab
1208 2738 1538 2807 imperatore
1578 2742 1824 2809 potentia
1872 2745 2158 2810 proximus

1782 2742 1824 2797 ia
1872 2745 2158 2810 proximus
2264 2748 2358 2800 καὶ
2391 2745 2512 2800 καθ’
2550 2748 2788 2815 ἑκάστην
2827 2747 3010 2818 χώραν
3046 2749 3418 2818 ἐπιγινόμενα.

579 2837 752 2880 esset.
793 2825 1085 2896 Longioris
1129 2844 1308 2897 operae
1353 2840 1500 2884 esset
1530 2833 1769 2887 arefacta
1821 2833 2047 2890 llntnina
2098 2853 2160 2893 ac
2200 2839 2380 2897 fontes
2415 2840 2639 2910 referre,
2671 2841 2891 2912 aliaque
2927 2855 3040 2897 tum
3069 2844 3120 2896 in
3189 2841 3396 2897 Isauria
3445 2850 3557 2894 tum
3605 2839 3657 2894 in
3732 2841 3849 2894 sin—

578 2915 721 2986 gulis
749 2916 1058 2987 quibusque
1089 2919 1382 2984 provinciis
1411 2923 1522 2974 visa
1563 2933 1834 2990 portenta.

654 3010 745 3063 35.
783 3007 916 3075 Quae
941 3012 1125 3064 omnia
1170 3011 1467 3082 imperator
1515 3015 1569 3068 in
1619 3019 1875 3072 secundis
1929 3020 2154 3088 habens,

2333 3021 2428 3074 λε’.
2474 3023 2538 3074 ’Δ
2592 3021 2768 3075 πάντα
2813 3024 2841 3075 ὁ
2897 3020 3200 3092 βασιλεύων
3231 3022 3289 3074 ἐν
3341 3021 3580 3093 δευτέρῳ
3617 3021 3847 3091 θέμενος

577 3101 931 3170 equestribus
985 3103 1376 3160 certaminibus
1407 3105 1473 3160 ad
1528 3104 1711 3162 Sancti
1763 3108 2052 3165 Mamantis
2105 3113 2156 3166 in

2270 3114 2390 3176 ὅλος
2429 3114 2608 3183 εἴχετο
2653 3113 2763 3166 τῶν
2806 3113 3048 3166 ἱππικῶν
3073 3112 3298 3181 ἀγώνων
3337 3113 3479 3166 κατὰ
3530 3114 3619 3166 τὸν
3648 3113 3704 3165 ἐν
3746 3113 3847 3165 Εὐ-

581 3192 754 3247 Steuo
789 3194 1052 3264 templum
1089 3204 1238 3251 totus
1283 3197 1655 3253 incumbebat.
1689 3199 2030 3271 Quandoque
2059 3219 2160 3258 au-
2185 3183 2217 3244 ί

2208 3183 2422 3273 Iisith
2479 3205 2920 3273 ἀνεγηγερμένον
2982 3206 3109 3258 ναὸν
3157 3206 3252 3258 τοῦ
3291 3206 3476 3274 Ἀγίου
3519 3207 3844 3276 Μάμαντυς.

578 3295 688 3339 te.n
706 3316 776 3326 —
795 3286 949 3355 prius
968 3302 1098 3341 vero
1113 3289 1351 3343 narrabo
1371 3291 1825 3346 consuetudinem
1843 3294 2157 3362 quamdam,

2264 3297 2372 3350 Καί
2396 3313 2524 3349 ποτε
2548 3299 2603 3349 δὲ
2642 3329 2708 3339 -
2729 3296 2865 3349 ἀλλὰ
2893 3295 3184 3369 συνήθειάν
3215 3317 3337 3352 τινα
3367 3295 3851 3370 διηγήσομαιπρό-

579 3395 688 3449 qua
733 3379 1136 3437 Saracenorum
1178 3384 1443 3438 adversus
1470 3383 1752 3440 Romanos
1797 3387 2036 3454 eruptio,
2067 3402 2161 3440 ac-

2263 3405 2443 3458 τερον,
2477 3389 2510 3458 ἥ
2541 3389 2638 3458 τὴν
2671 3388 2780 3441 τῶν
2805 3389 3138 3460 Σαρακηνῶν
3160 3391 3282 3444 καθ’
3306 3392 3463 3461 ήμῶν
3487 3389 3849 3461 ἐκστρατείαν

577 3487 744 3527 censa
786 3471 988 3538 facula,
1047 3486 1324 3528 momento
1381 3475 1640 3542 temporis
1699 3475 2052 3531 indicabatur
2100 3493 2165 3532 ac

2263 3479 2350 3531 διὰ
2385 3478 2593 3547 πυρσοῦ
2649 3481 2706 3531 ἐν
2743 3479 2946 3550 ἀκαρεῖ
2998 3482 3189 3551 ἐδήλου
3229 3484 3322 3535 καὶ
3357 3482 3717 3554 παρεγύμνου
3769 3478 3851 3549 τῷ

575 3567 960 3636 detegebatur.
1020 3564 1322 3620 Castellum
1384 3567 1659 3635 quoddam
1722 3583 1786 3622 ac
1845 3569 2160 3638 praesidium

2267 3569 2498 3639 βασιλεῖ.
2533 3572 2756 3640 Ἔρυμά
2786 3589 2838 3625 τι
2887 3574 2982 3624 καὶ
3037 3573 3297 3643 φρούριον
3327 3577 3394 3644 τῇ
3424 3576 3565 3628 κατὰ
3589 3572 3853 3627 Κιλικίαν

577 3659 736 3713 'l'arsi
771 3658 974 3712 Ciliciae
1000 3658 1266 3723 vicinum,
1304 3659 1501 3712 Lulum
1539 3659 1783 3724 nontine,
1816 3669 2160 3716 exstructum

2265 3664 2464 3732 Ταρσῷ
2509 3663 2813 3733 πλησιάζον
2866 3667 2960 3718 καὶ
2991 3667 3270 3732 γειτονοῧν
3303 3666 3446 3718 οὕτω
3507 3668 3857 3736 καλούμενον

564 3764 684 3804 -e5t.
726 3750 783 3802 In
823 3765 890 3802 eo
926 3750 1249 3819 praesidiarii
1280 3767 1405 3805 cum
1438 3751 1750 3806 Saracenos
1785 3752 2161 3810 incursionem

2264 3755 2655 3810 Δοῦλονὲστιν,
2699 3758 2760 3809 Οἱ
2811 3757 3143 3824 τεταγμένοι
3201 3757 3293 3810 οὖν
3353 3757 3516 3810 τοῦτο
3558 3759 3856 3826 φρουρεῖν,

578 3843 836 3910 expedire
885 3843 1153 3910 sentiunt,
1211 3845 1417 3900 laterna
1476 3845 1788 3915 signiﬁcant
1843 3847 2052 3918 bisqui
2107 3849 2160 3902 in

2263 3845 2382 3914 ἅμα
2413 3845 2491 3914 τῷ
2516 3845 2614 3914 τὴν
2669 3844 2893 3898 ἐκείνων
2924 3846 3052 3897 ἰδεῖν
3089 3845 3362 3914 ἐκδρομὴν
3383 3885 3396 3905 ,
3451 3842 3537 3896 διὰ
3565 3840 3745 3912 φανοῦ
3765 3839 3859 3907 δη-

569 3936 775 4005 ’Λγςωο
831 3935 970 3990 colle
1023 3937 1288 3991 excubias
1344 3947 1549 4008 agunt;
1598 3939 1909 4009 iterumque
1958 3940 2051 4010 qui
2105 3941 2160 3995 in

2265 3937 2448 3992 λοῦσιν
2478 3941 2589 4000 τοῖς
2617 3939 2758 3990 κατᾶ
2782 3939 2872 3990 τὸν
2904 3939 3159 4008 Ἂργαῖον
3183 3938 3229 3969 ⁸⁸
3261 3937 3470 4007 βουνὸν,
3498 3936 3592 3988 καὶ
3617 3935 3666 3988 οἱ
3690 3931 3859 3994 αὖθις

579 4027 793 4094 Argzeo,
829 4026 914 4080 liis
947 4029 1039 4096 qui
1103 4031 1154 4081 in
1213 4029 1427 4095 Isamo;
1463 4029 1626 4100 ltique
1659 4030 1900 4085 vicissim
1955 4031 2038 4086 bis
2067 4033 2159 4102 qui

2263 4032 2378 4091 τοῖς
2408 4031 2548 4081 κατὰ
2581 4031 2680 4098 τὴν
2708 4028 2948 4098 Ὶσάμον,
2993 4029 3085 4080 καὶ
3123 4027 3173 4079 οί
3201 4029 3311 4090 τοῖς
3343 4026 3486 4080 κατὰ
3519 4027 3577 4078 τὸ
3605 4022 3853 4092 Αίγιλον,

577 4121 633 4172 in
669 4117 884 4190 Egilo;
919 4119 1160 4191 ASgilum
1195 4138 1388 4178 rursus
1419 4123 1504 4178 his
1553 4125 1644 4193 qtti
1679 4127 1729 4178 in
1758 4124 1897 4179 colle
1922 4123 2164 4179 Maman-

2265 4122 2361 4176 καὶ
2417 4121 2577 4174 τοῦτο
2611 4125 2725 4183 τοῖς
2779 4119 2919 4174 κατὰ
2951 4120 3044 4174 τὸν
3078 4121 3358 4189 Μάμαντα
3409 4119 3575 4172 πάλιν
3619 4116 3813 4187 βουνόν
3839 4131 3852 4144 ·

580 4213 650 4264 tis
684 4216 913 4282 degunt:
941 4215 1194 4281 sequitur
1231 4214 1478 4285 Cyrisus,
1516 4217 1772 4284 ltuncque
1805 4233 1999 4270 rursus
2046 4215 2158 4270 Mo-

2266 4209 2388 4265 εἶτα
2411 4211 2600 4264 τοῦτον
2632 4214 2660 4264 ὁ
2689 4209 2928 4280 Κύριζος
2968 4209 3377 4278 διαδεχόμενος,
3412 4209 3503 4259 καὶ
3535 4202 3690 4268 αὖθις
3730 4203 3847 4259 τοῦ-

577 4304 718 4356 riltts
745 4320 759 4368 ;
784 4319 847 4356 ex
879 4316 944 4355 eo
971 4302 1229 4357 Auxentii
1260 4305 1418 4358 collis
1438 4305 1726 4367 tlitelariis,
1752 4307 1844 4373 qui
1877 4307 1928 4358 in
1963 4321 2162 4374 magno

2263 4323 2356 4358 τον
2388 4309 2414 4356 ὁ
2465 4303 2738 4365 Μώκιλος,
2771 4306 2834 4355 ἐκ
2888 4303 3080 4355 τούτου
3115 4300 3199 4373 [Ρ.
3242 4299 3366 4372 125]
3398 4301 3455 4353 δὲ
3485 4303 3512 4352 ὁ
3533 4299 3626 4352 τοῦ
3665 4299 3831 4366 Ἀγίοι

577 4396 792 4449 Palatio
815 4397 881 4449 ad
917 4397 1078 4450 Phari
1104 4396 1287 4450 solare
1313 4395 1595 4451 constituti
1626 4405 1802 4457 erant,
1830 4397 1978 4451 nulla
2008 4412 2160 4450 mora

2263 4396 2553 4460 Αὑξεντίοιυ
2584 4395 2770 4464 βουνὸς
2819 4398 2929 4455 τοῖς
2968 4395 3025 4446 ἐν
3048 4393 3124 4462 τῷ
3149 4393 3372 4462 μεγάλῳ
3416 4392 3663 4460 παλατίῳ
3711 4394 3853 4444 κατὰ

580 4489 810 4557 [ιιι-ἰοειιί
873 4487 1036 4542 index
1103 4497 1244 4542 erat.
1280 4488 1625 4558 Quandoque
1665 4488 1852 4558 igitur.
1912 4504 2034 4543 Cum
2092 4489 2216 4575 adl

2207 4491 2329 4575 ῡτὺ
2387 4490 2612 4559 ἡλιακὸν
2651 4488 2744 4540 τοῦ
2802 4491 2982 4558 Φάρου
3039 4490 3134 4540 ἐπὶ
3195 4487 3388 4540 τούτου
3418 4488 3464 4519 ⁸⁸
3525 4486 3843 4556 διαιταρίοι,

581 4582 734 4642 ttln-I,
771 4582 916 4650 quod
953 4580 1212 4646 diximus,
1251 4580 1542 4635 Mamantis
1575 4581 1834 4651 martyris
1867 4583 2153 4651 templum,

2269 4584 2677 4651 ἀφωρισμένοις
2705 4583 2760 4633 ἐν
2792 4581 2985 4652 βραχεῖ
3011 4582 3181 4633 ἐποίει
3215 4580 3280 4649 δὴ
3310 4581 3540 4648 φανερά.
3563 4579 3699 4632 ίιοτὲ
3721 4581 3852 4646 γοῦν

579 4673 813 4727 Michael
843 4673 1072 4742 agendis
1095 4675 1250 4741 equis
1277 4690 1336 4728 se
1375 4673 1537 4744 198
1572 4676 1905 4744 accingeret,
1937 4676 2162 4743 jamque

2262 4677 2357 4729 τοῦ
2390 4675 2608 4744 Μιχαὴλ
2639 4674 2781 4727 κατὰ
2812 4675 2903 4726 τὸν
2928 4675 3218 4744 εἰρημένον
3247 4674 3343 4725 τοῦ
3397 4677 3679 4743 μάρτυρος
3732 4675 3853 4726 Μά-

577 4767 851 4834 equestris
876 4766 1194 4820 certaminis
1225 4767 1444 4836 signum
1480 4768 1669 4821 datum
1697 4777 1866 4826 esset.
1902 4769 2160 4835 quoniam

2267 4787 2468 4838 μαντος
2523 4769 2650 4820 ναὸν
2692 4769 3038 4820 ίππὰσασθαι
3067 4768 3354 4836 μέλλοντος
3389 4770 3482 4819 καὶ
3507 4768 3566 4818 τὸ
3596 4767 3854 4836 σύνθημα

578 4857 645 4911 ad
683 4873 968 4927 vesperam
997 4856 1162 4912 Phari
1192 4859 1425 4924 laterna,
1455 4860 1622 4928 Papia
1665 4861 2024 4924 accendente,
2065 4863 2163 4912 lto-

2262 4863 2362 4930 της
2389 4861 2753 4930 ἱπποδρομίας
2779 4861 3094 4924 δεδωκότος,
3127 4861 3250 4912 ἐπεὶ
3279 4861 3420 4911 κατὰ
3441 4859 3538 4929 τὴν
3563 4859 3811 4928 ἑσπέραν
3829 4863 3855 4910 ὁ

577 4962 690 5006 stes
731 4951 988 5021 ingruere
1023 4951 1378 5016 indi.:averat,
1425 4953 1478 5004 in
1511 4960 1692 5007 tantas
1738 4952 2020 5023 angustias
2048 4968 2157 5005 me-

2265 4957 2327 5007 ἐκ
2361 4957 2454 5007 τοῦ
2499 4956 2676 5024 Φάρου
2723 4955 2888 5022 φανὸς
2932 4955 3019 5005 διὰ
3077 4953 3170 5005 τοῦ
3229 4953 3481 5004 παππίου
3514 4953 3705 5020 ἐδήλου
3759 4952 3856 5024 τὴν

577 5055 807 5113 tumque
863 5045 1124 5114 abreptus
1182 5055 1267 5101 est
1299 5047 1516 5115 (netitpe
1549 5046 1754 5101 veritus
1789 5062 1857 5100 ne
1911 5063 2010 5100 sua
2067 5047 2158 5100 illa

2267 5049 2374 5100 τῶν
2408 5047 2578 5099 ἐθνῶν
2605 5048 2898 5116 ἐκδρομὴν,
2930 5048 3008 5107 εἰς
3038 5044 3289 5098 τοσοῦτον
3330 5042 3497 5114 ἦλθεν
3543 5045 3734 5110 ἀγῶνα
3766 5046 3855 5097 καὶ

578 5138 849 5209 anrigatio
881 5138 1162 5192 auditione
1210 5155 1291 5193 ea-
1331 5141 1615 5208 perculsos
1658 5150 1995 5208 spectatores
2048 5157 2157 5193 non

2268 5137 2433 5206 φὸὅον
2455 5139 2483 5189 ὁ
2512 5138 2768 5207 βασιλεὺς
2795 5138 2903 5189 δέει
2933 5137 3025 5188 τοῦ
3061 5137 3134 5206 μὴ
3189 5136 3538 5206 παροφθῆναι
3570 5137 3668 5206 την
3704 5139 3851 5208 ἡνιο-

579 5231 716 5284 sa'is
742 5239 984 5285 attentos
1018 5233 1262 5298 haberet)
1295 5234 1346 5286 in
1377 5243 1616 5302 quantas
1654 5236 1739 5286 vix
1772 5234 1913 5286 alius
1951 5234 2000 5285 in
2038 5235 2161 5285 vitae

2269 5234 2426 5302 χείαν
2456 5231 2621 5283 αὑτοῦ
2650 5231 2799 5300 παρὰ
2851 5231 2960 5283 τῶν
2989 5230 3198 5282 θεατῶν
3233 5229 3332 5297 τῆς
3367 5231 3622 5300 τοιαύτης
3664 5231 3854 5284 ἕνεκεν

579 5321 698 5388 ipso
724 5323 966 5390 periculo
998 5326 1360 5387 constitutus,
1387 5327 1594 5394 quique
1631 5327 1944 5395 diligentem
1977 5328 2162 5394 potius

2269 5322 2552 5390 ἀγγελίας,
2589 5325 2667 5384 εἰς
2691 5324 2813 5374 ὅσον
2843 5321 3001 5382 mo,-
3039 5338 3122 5384 τις
3148 5316 3312 5390 ἦλθεν
3345 5321 3675 5374 κινδυνεύων
3715 5325 3851 5390 ὑπὲρ

581 5430 802 5483 cperam
833 5417 1025 5472 iisdem
1060 5418 1307 5473 hostibus
1337 5419 1718 5488 propulsandis
1744 5417 2044 5472 adhiberet.
2071 5416 2160 5470 Sic

2269 5417 2367 5483 τῆς
2397 5415 2578 5484 ψυχῆς
2607 5417 2699 5468 καῖ
2741 5415 2834 5466 τοῦ
2880 5415 2953 5484 μὴ
3002 5413 3303 5484 πλησιάσαι
3357 5413 3580 5476 τούτους
3650 5416 3851 5484 μᾶλλον

579 5510 842 5564 nimbum
877 5511 966 5565 ille
995 5513 1325 5581 spectaculis
1365 5513 1699 5580 indulgebat,
1751 5525 1849 5565 nec
1880 5527 2002 5564 eum
2035 5511 2156 5580 ejus

2269 5509 2692 5575 ἀγωνιζόμενος.
2725 5506 2913 5569 Obvia;
2974 5509 3181 5568 ἐκεῖνος
3234 5507 3580 5575 ἐθεατρίζετὸ
3638 5523 3695 5559 τε
3759 5510 3845 5558 καί

578 5600 657 5653 rei
693 5602 946 5668 pudebat.
989 5603 1199 5658 Idcirco
1272 5621 1338 5659 ne
1379 5621 1538 5673 quem
1579 5604 1722 5659 illius
1756 5603 2154 5659 certaminibus

2266 5603 2367 5652 οὐκ
2401 5600 2686 5670 ῂτχύνετο.
2729 5601 2893 5653 "035v
2929 5599 3016 5652 ἵνα
3047 5600 3182 5670 μήτε
3221 5617 3301 5662 τις
3334 5599 3442 5651 τῶν
3499 5597 3665 5651 αὑτοῦ
3698 5599 3843 5668 ἀγώ-

1889 5695 2122 5750 VARUE
2168 5693 2570 5748 LECTIUNES.

652 5786 696 5818 οε
732 5790 961 5842 ean-an.
989 5793 1045 5844 ιι..
1090 5791 1318 5864 Ἄρη-ξφ,
1357 5795 1392 5848 z
1438 5812 1553 5848 "ir.
1606 5792 1843 5863 3mm»-
1879 5795 1951 5848 Co
1981 5815 1987 5844 -.
2015 5795 2122 5848 bel.
2204 5795 2248 5824 τη
2278 5793 2482 5860 toi-np?
