4144 6414
518 337 619 399 E27

1616 339 1719 397 ΤΠ
1733 337 1924 396 EOPll
1937 339 1974 393 Α
1988 336 2032 394 Ν
2045 333 2130 392 ES
2165 333 2722 399 CONTINUATUS.

3679 341 3788 422 ρει

517 455 718 508 anim's
770 453 1008 506 inserere
1043 451 1320 516 Optabam.
1373 449 1447 503 Ac
1496 449 1723 519 quidem
1769 459 2099 507 statueram,

2218 461 2335 496 στου
2369 445 2461 496 καὶ
2485 443 2753 498 ἀθανάτου
2781 445 2880 514 τῆς
2919 446 3161 518 ἱστορίας
3195 448 3484 517 στόματος,
3513 450 3605 502 καὶ
3639 451 3789 506 ἐϐου-

520 567 565 600 st
601 547 765 601 modo
792 549 936 600 vires
965 546 1430 607 obsecundarent,
1474 542 1654 596 omnis
1701 553 1849 595 retro
1889 540 2103 608 imperii

523 638 748 690 Itomani
786 636 1026 706 Byzantii
1061 635 1459 703 imperatorum
1493 635 1680 704 eisque
1729 635 2103 702 subiectorum

519 735 680 802 212
709 733 1130 799 magistratuum
1164 731 1400 799 bellique
1435 729 1633 783 ducum
1669 744 1764 783 seu
1809 740 2103 797 prauorum

520 835 574 875 et
616 826 920 891 legatorum
954 823 1416 890 singulorumque
1451 831 1609 875 actus
1638 830 1902 889 gestaque
1948 820 2106 872 nobi-

520 915 653 967 liora
692 915 898 983 scripto
927 915 1274 983 consignare.
1348 911 1503 977 Quod
1557 922 1739 964 tamen
1791 910 2107 963 istiusmodi

527 1007 808 1073 provincia
869 1007 1047 1059 multo
1097 1015 1340 1074 tempore
1392 1005 1763 1072 constitutoque
1822 1003 2006 1056 labore
2056 1012 2111 1057 et

523 1100 791 1153 librorum
829 1101 984 1167 c0pia
1018 1110 1182 1167 atqtte
1210 1114 1237 1150 a
1274 1113 1454 1150 rerum
1489 1112 1620 1151 cura
1653 1097 2108 1166 negotiorumque

523 1193 755 1260 strepitu
787 1194 900 1244 otio
939 1191 1224 1258 indigeret,
1259 1205 1382 1258 qua:
1415 1205 1544 1243 sane
1581 1191 1712 1243 mihi
1741 1191 1930 1244 deesse
1959 1190 2109 1244 vide-

527 1283 694 1346 bam,
759 1282 1012 1335 secundae
1077 1281 1391 1334 necessario
1467 1281 1802 1350 navigationi
1863 1281 2107 1334 animum

522 1373 715 1440 adjeci,
762 1372 1035 1439 uniusque
1090 1372 1286 1424 saltem
1343 1373 1760 1440 imperatorum,
1814 1372 1906 1440 qui
1943 1372 2110 1442 maje-

524 1473 720 1517 statcm
759 1465 974 1532 imperii
1013 1464 1211 1516 mirum
1259 1474 1530 1531 quantum
1567 1465 1842 1534 promovit
1879 1465 1992 1535 (qui
2041 1467 2110 1518 ab

523 1557 752 1626 imperio
782 1572 878 1610 seu
915 1573 1080 1623 regno
1115 1572 1312 1609 nomen
1351 1558 1562 1624 habuit)
1593 1558 1968 1626 Romauzeque
2002 1559 2106 1613 rei-

524 1649 754 1720 publica:
788 1663 853 1701 ac
890 1649 1053 1702 rebus
1088 1648 1159 1701 ab
1213 1647 1368 1700 initio
1403 1649 1467 1699 ad
1517 1648 1640 1702 vita“:
1683 1664 1854 1717 usqtte
1897 1649 2104 1702 exitum

523 1741 821 1811 plurimum
863 1741 1096 1808 proluit,
1148 1755 1236 1794 res
1284 1750 1466 1809 gestas
1499 1741 1728 1808 vitaeque
1759 1757 1921 1794 omne
1951 1741 2105 1796 insti-

2209 536 2406 606 λύμην,
2447 539 2511 590 ἂν
2541 539 2647 608 ἀρα
2682 532 2795 602 οἷός
2816 555 2872 590 τε
2908 531 2973 601 ὧ,
3010 540 3104 592 τοῦ
3132 540 3448 611 σύμπαντος
3475 545 3571 612 τῆς
3605 545 3660 596 ἐν
3685 545 3790 598 Bu-

2209 632 2410 701 ζαντὶῳ
2453 631 2766 701 Ῥωμαῖκῆς
2796 631 2972 702 ἀρχῆς
3003 633 3196 702 χρόνου
3223 633 3333 686 τῶν
3364 652 3420 687 τε
3453 636 3787 706 αὐτοκρατὸ-

2210 739 2320 793 ρων
2370 723 2464 776 καὶ
2517 723 2624 776 τῶν
2676 724 2768 777 ὑπ’
2825 725 3024 789 αὐτοὺς
3068 723 3135 795 [Ρ
3189 726 3313 799 155]
3363 728 3644 798 ἀρχόντων
3696 733 3791 784 καὶ

2210 815 2532 886 στρατηγῶν
2563 816 2657 869 καὶ
2689 817 3122 887 ὑποστρατήγων
3158 821 3252 872 καὶ
3283 821 3392 872 τῶν
3430 820 3552 873 καθ’
3587 822 3790 876 ἕκαστα

2209 909 2304 971 τὰς
2361 909 2794 978 ἀξιολογωτέρας
2852 911 2960 962 τῶν
3027 911 3279 981 πράξεων
3343 911 3788 982 ἀναγράψασθαι.

2223 1003 2377 1055 Ἐπεὶ
2410 1004 2464 1055 δὲ
2514 1005 2682 1056 ἐδεῖτο
2717 1004 2776 1055 τὸ
2812 1006 3042 1074 πρᾶγμα
3096 1006 3189 1057 καὶ
3222 1007 3415 1075 χρόνου
3464 1007 3660 1059 πολλοῦ
3694 1009 3790 1060 καὶ

2211 1097 2375 1147 πῦνου
2411 1094 2606 1165 συχνοῦ
2654 1098 2746 1148 καὶ
2783 1091 3000 1166 βιϐλίων
3033 1097 3292 1164 ἀφθονίας
3328 1099 3421 1152 καὶ
3457 1099 3651 1169 σχολῆς
3686 1101 3788 1168 τῆς

2215 1189 2317 1241 ἀπὸ
2341 1188 2448 1240 τῶν
2480 1190 2822 1258 πραγμάτων
2843 1191 2884 1253 ’,
2915 1191 3086 1244 ταῦτα
3123 1191 3166 1244 δ’
3200 1194 3332 1262 ἡμῖν
3361 1193 3420 1245 οὐ
3451 1195 3680 1264 προσῆν,
3711 1194 3792 1257 είς

2211 1282 2304 1335 τὸν
2331 1281 2583 1350 δεύτερον
2611 1283 2667 1349 ἐξ
2695 1284 2940 1350 ἀνάγκης
2969 1285 3288 1352 ὑποϐέϐηκα
3313 1284 3502 1347 πλοῦν,
3533 1288 3627 1338 καὶ
3653 1287 3794 1349 τέως

2212 1372 2329 1435 ἑνὸς
2379 1373 2663 1443 βασιλέως,
2711 1377 2803 1427 ἐπὶ
2837 1377 2980 1443 μέγα
3015 1377 3075 1428 τὸ
3126 1378 3223 1447 τῆς
3265 1377 3540 1448 βασιλείας
3591 1380 3792 1450 κράτος

2212 1464 2547 1534 ὑψώσαντος,
2586 1467 2644 1529 ὃς
2676 1467 2767 1519 καὶ
2809 1469 2907 1537 τῆς
2951 1468 3230 1537 βασιλείας
3272 1470 3559 1538 ἐπώνυμος
3591 1466 3659 1538 ἦν
3695 1472 3795 1524 καὶ

2215 1560 2355 1628 μέγα
2383 1559 2576 1628 ὄφελος
2601 1562 2666 1630 τῇ
2707 1560 2954 1631 πολιτείᾳ⁴
2993 1561 3280 1630 Ῥωμαίων
3321 1562 3536 1628 ἐγένετο
3562 1564 3654 1614 καὶ
3676 1566 3794 1624 τοῖς

2212 1654 2557 1722 πράγμασιν,
2589 1653 2648 1718 ἐξ
2669 1654 2842 1724 ἀρχῆς
2866 1658 2960 1708 καὶ
2989 1656 3180 1725 μέχρις
3211 1656 3379 1723 αὐτῆς
3406 1655 3663 1724 τελευτῆς
3690 1656 3794 1718 τὰς

2212 1746 2437 1817 πράξεις
2479 1748 2572 1800 καὶ
2608 1748 2707 1816 τὴν
2739 1748 2868 1817 ὃλην
2915 1749 3138 1816 ἀγωγὴν
3169 1749 3558 1817 διηγήσασθαι,
3594 1749 3669 1812 ὡς
3723 1748 3793 1802 ἂν

525 1843 711 1888 tutum
749 1847 816 1886 ac
850 1832 1117 1885 rationem
1143 1833 1623 1886 commemoranda
1654 1833 1787 1886 tnihi
1821 1833 2104 1902 proposui,

2218 1843 2305 1892 καὶ
2335 1842 2448 1900 τοῖς
2475 1841 2769 1909 μετέπειτα
2804 1841 2876 1910 μὴ
2911 1843 3173 1910 ἀγνοῆται
3202 1841 3474 1910 βασιλείου
3505 1842 3794 1910 στελέχους

523 1941 595 1980 ne
639 1924 852 1980 scilicet
881 1923 1069 1993 stirpis
1122 1924 1283 1992 regite
1313 1922 1407 1976 diu
1441 1924 1791 1991 multumque
1831 1924 2110 1992 productae

523 2015 737 2083 primus
778 2014 899 2068 l‘ons
947 2015 1212 2084 radixque
1247 2024 1500 2083 posteros
1530 2016 1716 2080 lateat,
1761 2017 2110 2084 habeantque

523 2106 646 2175 ejus
695 2115 919 2174 nepotes
971 2107 1275 2161 domestico
1305 2107 1557 2176 exemplo
1609 2117 1848 2162 erectam
1893 2110 2108 2164 virtutis

523 2199 767 2268 regulam
824 2209 878 2251 et
929 2208 1166 2253 statuam
1215 2211 1380 2268 atque
1423 2201 1724 2269 principem
1752 2201 2010 2263 formam,
2053 2204 2106 2255 in

525 2307 690 2360 quam
750 2291 1108 2344 imitationem
1171 2292 1482 2346 intendant.
1561 2291 1654 2346 Sin
1706 2305 1890 2347 autem
1943 2296 2107 2349 etiam

528 2384 774 2454 longiora
809 2384 987 2438 adhuc
1021 2386 1428 2452 praestabuntur
1461 2385 1585 2440 vita:
1619 2387 1817 2452 spatia,
1857 2403 1918 2441 ac
1957 2401 2110 2441 mor-

524 2476 718 2529 borum
749 2477 914 2530 etiam
954 2477 1164 2545 exigua:
1203 2477 1452 2546 qumdam
1491 2478 1691 2532 dentur
1725 2479 1977 2544 inducite,
2012 2494 2112 2533 nec

525 2569 861 2621 exteriorum
913 2583 1060 2623 cura}
1093 2569 1415 2636 impediant,
1449 2572 1712 2625 continua
1756 2571 1941 2624 forsan
1971 2572 2112 2626 serie

527 2661 696 2714 totius
725 2662 872 2716 illius
908 2662 1188 2732 progcttiei
1223 2663 1288 2716 ad
1328 2679 1426 2718 nos
1457 2680 1632 2734 usque
1667 2664 1992 2734 adjiciemus
2029 2666 2112 2718 hi-

526 2755 781 2808 sturiam.

597 2846 653 2898 2.
702 2844 800 2898 llic
832 2844 979 2899 enim
1009 2861 1135 2900 vero
1161 2846 1324 2917 cujus
1352 2863 1496 2902 nunc
1518 2848 1800 2902 historiam
1831 2849 2114 2918 proﬁtetur

527 2938 727 2999 oratio,
778 2937 1015 2993 Basilius
1055 2940 1353 3009 imperator
1389 2955 1456 2995 ex
1504 2943 1722 3011 regione
1758 2941 2111 2997 Macedonum

529 3031 779 3084 trahebat
809 3032 1100 3102 originem,
1149 3031 1533 3104 referebatque
1563 3035 1628 3087 ad
1656 3036 1970 3096 Armenios.
2015 3037 2115 3089 Ar-

527 3124 742 3178 sacidas
774 3139 993 3194 genere.
1045 3123 1237 3179 Vetere
1281 3127 1428 3180 enim
1469 3128 1697 3190 Arsace,
1743 3126 1838 3196 qui
1880 3125 2112 3181 Partho-
2142 3145 2184 3202 ο

526 3233 647 3269 rum
701 3217 988 3285 imperium
1030 3220 1226 3283 tenuit,
1266 3219 1540 3289 ingentem
1588 3221 1804 3274 virtutis
1844 3231 1900 3274 et
1940 3223 2114 3275 laudis

528 3309 758 3378 gloriam
813 3321 1137 3376 consecuta,
1187 3313 1425 3380 posteris
1479 3311 1565 3364 lex
1603 3311 1829 3366 inolevit
1889 3327 1996 3365 non
2047 3313 2115 3365 ab

533 3401 659 3455 aliis
709 3417 874 3471 quam
912 3404 979 3456 ab
1030 3404 1252 3458 Arsacis
1296 3403 1497 3456 familia
1552 3402 1783 3471 ejusque
1829 3402 2116 3470 nepotibus

528 3491 782 3558 Parthos,
809 3493 970 3561 213
993 3492 1282 3546 Armenios
1316 3492 1609 3560 Medosque
1645 3493 1818 3560 ipsos,
1848 3492 1939 3559 qui
1971 3493 2113 3559 regia

528 3593 806 3652 potestate
856 3583 989 3651 ipsis
1049 3583 1293 3652 praesint,
1341 3597 1464 3636 esse
1507 3582 1811 3636 habituros.
1861 3581 1914 3634 ln
1972 3582 2117 3636 hunc

528 3677 714 3744 itaque
769 3673 1018 3735 modum,
1082 3688 1206 3727 cum
1267 3673 1392 3735 illae,
1457 3688 1596 3741 quas
1630 3674 1766 3734 dixi,
1815 3681 2006 3741 gentes
2049 3673 2116 3724 ab

529 3769 698 3834 stirpe
749 3763 1019 3832 ejusmodi
1050 3765 1282 3832 imperio
1319 3775 1660 3831 regerentur,
1697 3765 1790 3818 illo
1833 3767 1926 3834 qui
1973 3765 2114 3834 apud

529 3857 822 3912 Armenios
859 3871 1042 3910 rerum
1078 3857 1392 3926 potiebatur
1416 3857 1743 3926 quandoque
1768 3873 1831 3911 ex
1863 3857 2118 3911 humanis

529 3945 768 4007 sublato,
802 3944 1032 4014 contigit
1069 3944 1139 3999 de
1185 3945 1312 4014 jure
1369 3945 1521 4016 regni
1556 3945 1734 4015 deque
1779 3947 2121 4016 principatus

532 4037 841 4091 istiusmodi
893 4038 1313 4092 successoribus
1343 4037 1634 4092 dissidium
1671 4038 1824 4092 oriri.
1875 4037 2119 4106 Ilincque

530 4130 670 4184 adeo
701 4129 1014 4183 Artabanus
1045 4137 1099 4183 et
1128 4129 1348 4185 Clienes
1375 4145 1482 4184 non
1512 4129 1689 4184 solum
1714 4131 1863 4193 avito
1891 4129 2119 4200 imperio

533 4219 780 4289 spoliati,
833 4221 926 4274 sed
966 4234 1020 4274 et
1063 4219 1118 4274 in
1152 4221 1279 4275 vitae
1313 4219 1427 4290 jam
1454 4219 1755 4290 periculum
1781 4220 2024 4280 adducti.
2064 4222 2118 4274 in

532 4314 739 4383 regiam
773 4313 915 4368 hanc
943 4313 1298 4368 Constantini
1335 4314 1525 4367 urbem
1560 4313 1806 4367 veniunt.
1866 4311 1976 4368 Leo
2005 4311 2119 4366 Ma-

530 4420 673 4476 gnus
724 4416 856 4457 tunc
904 4403 1136 4472 imperio
1185 4411 1443 4471 praeerat,
1504 4401 1744 4456 Zenonis
1786 4417 1962 4457 socer.
2023 4401 2120 4455 Hie

2212 1935 2304 1985 ἐπὶ
2336 1931 2470 1983 πολὺ
2505 1931 2599 1984 τοῦ
2644 1932 2836 2002 χρόνου
2869 1934 3303 2001 παρεκταῦέντος
3341 1935 3372 2002 ἡ
3410 1933 3603 2004 πρώτη
3637 1934 3797 2006 πηγὴ

2211 2025 2306 2076 καὶ⁵
2343 2023 2489 2094 ῥίζα,
2519 2023 2614 2076 καὶ
2642 2026 2754 2083 τοῖς
2783 2024 3028 2089 ἐκγόνοις
3059 2023 3268 2076 ἐκείνου
3304 2023 3517 2076 οἴκοθεν
3550 2024 3634 2093 εἴη
3698 2025 3800 2076 ἀνο

2213 2114 2460 2184 εστηκὼς
2485 2117 2512 2169 6
2547 2114 2683 2184 πρὸς
2716 2114 2918 2184 ἀρετὴν
2945 2115 3125 2167 κανὼν
3143 2133 3200 2168 τε
3231 2116 3324 2168 καὶ
3355 2115 3578 2185 ἀνδριὰς
3607 2116 3697 2168 καὶ
3735 2117 3800 2170 τὸ

2211 2209 2522 2277 ἀρχέτυπον
2566 2207 2664 2275 τῆς
2714 2209 3019 2277 μιμήσεως.
3059 2208 3120 2259 Εἰ
3169 2207 3224 2260 δὲ
3269 2206 3665 2277 ἐπιμετρηθείη
3695 2209 3798 2262 καὶ

2210 2300 2404 2369 χρόνος
2435 2301 2568 2367 ἡμῖν
2614 2298 2694 2350 ἑτι
2741 2297 2921 2366 ζωῆς,
2971 2299 3065 2352 καὶ
3105 2298 3330 2368 γένηταί
3365 2315 3446 2361 τις
3474 2299 3568 2351 καὶ
3598 2299 3639 2330 ¹⁰
3681 2299 3798 2352 τῶν

2212 2390 2384 2441 νόσων
2419 2389 2697 2458 ἐκεχειρία
2729 2390 2922 2459 μικρά,
2959 2392 3052 2442 καὶ
3105 2391 3239 2461 μηδὲ
3265 2391 3305 2420 ¹²
3342 2390 3450 2442 τῶν
3477 2390 3675 2456 ἔξωθεν
3703 2393 3798 2462 εἴη

2211 2499 2264 2534 τι
2295 2481 2564 2550 ἐμποδὼν,
2590 2483 2717 2544 ἴσως
2744 2482 3069 2552 προσθῶμεν
3096 2482 3366 2551 ἐχομένως
3394 2482 3488 2535 καλ⁸
3511 2482 3606 2550 τῆς
3630 2483 3799 2552 ἄχρις

2213 2575 2370 2648 ἡμῶν
2390 2575 2683 2646 κατιούσης
2711 2576 2876 2629 αὐτοῦ
2906 2577 3099 2643 γενεᾶς
3129 2575 3226 2645 τὴν
3259 2574 3388 2646 ὃλην
3415 2574 3517 2643 τῆς
3547 2575 3800 2645 ἱστορίας

2213 2667 2513 2737 ἀφήγησιν.

2288 2840 2350 2910 β’.
2381 2839 2528 2911 Πλὴν
2569 2833 2661 2892 οὖν
2683 2830 2838 2901 οὗτος
2867 2839 2925 2892 ὃν
2949 2840 2976 2892 ὁ
3006 2839 3162 2905 λόγος
3207 2838 3302 2890 νῦν
3337 2837 3610 2902 ὑποδεῖξαι
3645 2856 3794 2891 κατ-

2215 2934 2645 3002 επαγγέλλεται,
2699 2935 3060 3002 αὐτοκράτωρ
3092 2931 3372 2992 Bestiam;
3417 2931 3644 2999 ὡρμᾶτο
3693 2935 3798 3000 μἐν

2215 3033 2276 3082 ἐκ
2308 3031 2408 3098 τῆς
2432 3028 2756 3081 Μακεδόνων
2787 3026 2911 3093 γῆς,
2939 3025 2999 3076 τὸ
3029 3025 3084 3076 δὲ
3112 3003 3267 3088 γένος
3290 3016 3471 3075 εἷλκεν
3499 3025 3556 3088 ἐξ
3596 3023 3798 3091 Ἅρμ’

2216 3123 2344 3173 νίων
2395 3121 2582 3180 ἔθνους
2624 3117 2952 3187 Ἀρσακίων.
2989 3114 3096 3166 Τοῦ
3144 3117 3252 3182 γάρ
3301 3113 3531 3166 παλαιοῦ
3591 3115 3794 3180 Ἀρσά-

2216 3229 2334 3273 κου,
2362 3209 2418 3270 ὃς
2445 3207 2676 3276 Πάρθων
2708 3207 2973 3276 ἡγήσατο,
3003 3207 3095 3257 ἐπὶ
3129 3205 3269 3274 μέγα
3316 3204 3471 3275 δόξης
3503 3205 3797 3276 προελθόν-

2215 3319 2307 3365 τος
2339 3303 2430 3351 καὶ
2460 3299 2686 3366 ἀρετῆς,
2719 3298 2883 3365 νόμος
2925 3300 3037 3360 τοῖς
3073 3295 3197 3348 ὖστε
3212 3314 3299 3366 ρον
3327 3297 3666 3367 ἐχρημάτισε
3717 3298 3794 3368 μὴ

2217 3393 2437 3448 ἄλλοθεν
2489 3387 2872 3461 βασιλεύεσθαι
2911 3391 3047 3460 μήτε
3103 3389 3350 3458 Πάρθους
3403 3391 3536 3458 μήτε
3593 3391 3797 3458 ’Δρμε-

2216 3487 2366 3546 νίους
2392 3525 2406 3547 ,
2443 3485 2578 3536 ἀλλά
2628 3484 2762 3552 μηδὲ
2803 3484 3041 3552 Μήδους,
3072 3483 3103 3552 ἢ
3143 3484 3292 3552 παρά
3320 3483 3415 3535 τοῦ
3444 3483 3630 3550 γένους
3671 3483 3798 3553 Ἀρ-

2219 3579 2389 3631 σάκου
2425 3577 2523 3629 καὶ
2552 3575 2661 3630 τῶν
2697 3575 2981 3642 ἀπογόνων
3009 3575 3196 3628 αὐτοῦ.
3233 3575 3420 3637 Οὕτως
3459 3573 3551 3626 οὖν
3580 3577 3686 3626 τῶν
3716 3576 3798 3627 εἰ-

2223 3671 2472 3740 ρημένων
2518 3668 2689 3720 ἐθνῶν
2745 3667 2848 3719 ὑπὸ
2900 3666 3001 3735 τῆς
3045 3666 3301 3734 τοιαύτης
3357 3665 3803 3733 βασιλευομένων

2221 3763 2426 3832 σειρᾶς.
2455 3761 2596 3814 κατά
2624 3777 2772 3820 τινας
2798 3760 3022 3828 χρόνους
3050 3755 3142 3808 τοῦ
3169 3755 3472 3824 ’Λρμενίων
3497 3756 3804 3824 κατάρχον-

2218 3872 2308 3916 τος
2367 3855 2424 3920 ἐξ
2472 3852 2777 3920 ἀνθρώπων
2823 3852 3187 3919 ἀποιχομένου
3231 3847 3426 3918 συνέϐη
3469 3849 3656 3900 στάσιν
3705 3861 3804 3912 γεο

2219 3946 2406 3998 νέσοαι
2454 3947 2580 4013 περὶ
2621 3944 2691 3995 τὰ
2741 3941 2991 4012 βασίλεια
3045 3941 3140 3993 καὶ
3188 3942 3314 4000 τοὺς
3370 3938 3647 4005 διαδόχους
3700 3937 3804 4002 τῆς

2221 4037 2477 4106 τοιαύτης
2531 4035 2727 4107 ἀρχῆς.
2765 4033 3098 4105 Ἀρτάϐανος
3136 4027 3229 4084 οὖν
3274 4030 3372 4082 καὶ
3424 4030 3687 4097 Κλειένης
3735 4028 3801 4080 οὐ

2224 4129 2384 4200 μόνον
2429 4128 2528 4198 τῆς
2578 4127 2908 4197 προγονικῆς
2955 4123 3374 4180 ἐκπεπτωκότες
3417 4119 3613 4189 ἀρχῆς,
3666 4117 3806 4172 ἀλλὰ

2221 4223 2317 4275 καὶ
2345 4221 2443 4290 τὴν
2475 4220 2621 4288 ζωὴν
2649 4217 3075 4279 κινδυνεῦοντες,
3113 4215 3211 4284 τὴν
3241 4212 3630 4282 βασιλεύουσαν
3667 4210 3802 4264 ταύ-

2221 4330 2320 4382 την
2347 4310 2828 4380 καταλαμϐάνουσι
2858 4305 3458 4360 Κωνσταντινούπολιν.
3487 4305 3644 4356 Λέων
3675 4299 3742 4374 ἦν
3775 4307 3806 4356 6

2227 4403 2400 4474 μέγας
2437 4399 2742 4471 τηνικαῦτα
2773 4399 2872 4469 τὴν
2922 4397 3238 4466 Ῥωμαϊκὴν
3280 4396 3483 4448 διέπων
3520 4395 3718 4465 ἀρχὴν,
3777 4397 3807 4448 6

533 4497 701 4565 igitur
752 4495 902 4548 viros
948 4494 1256 4562 suscipiens
1309 4507 1374 4547 ac
1417 4508 1518 4562 pro
1550 4493 1769 4562 generis
1824 4492 2114 4561 splendore

2222 4493 2462 4560 Ζήνωνος
2496 4482 2773 4558 πενθερός.
2813 4481 2981 4552 Οὗτος
3007 4488 3099 4541 οὖν
3133 4491 3258 4552 τοὺς
3298 4489 3498 4559 ἄνδρας
3533 4489 3806 4554 ὑποδεξὰ-

535 4585 822 4655 magnifice
856 4595 1225 4654 pertractans,
1279 4585 1424 4640 aedes
1473 4586 1540 4638 ad
1592 4585 1948 4639 habitandum
1977 4600 2114 4640 con-

535 4693 780 4750 grnaque
813 4680 992 4734 vietus
1045 4679 1318 4748 stipendia
1361 4679 1416 4734 in
1446 4679 1581 4734 urbe
1633 4679 1782 4748 regia
1829 4679 1938 4733 illis
1977 4680 2117 4734 assi-

535 4773 740 4841 gnavit.
793 4769 865 4825 Ut
913 4782 1094 4826 autem
1152 4772 1362 4826 horum.
1401 4787 1432 4826 e
1489 4772 1667 4841 patria
1715 4771 1898 4840 fugam
1953 4783 2008 4826 et
2062 4771 2113 4825 in

535 4871 853 4929 regnantem
891 4860 1033 4914 hanc
1085 4861 1274 4914 urbem
1310 4876 1598 4916 accessum
1635 4859 1896 4930 omnique
1924 4859 2119 4914 huma-

536 4951 708 5005 nitate
755 4951 824 5006 ab
881 4952 1308 5022 imperatoribus
1347 4963 1634 5022 susceptos
1665 4967 1788 5008 esse
1838 4953 2030 5006 didicit
2075 4952 2120 5006 is

534 5043 628 5110 qui
679 5051 790 5096 tum
839 5058 926 5097 res
966 5042 1219 5097 Persiras
1254 5043 1692 5108 administrabat,
1725 5043 1868 5098 datis
1902 5043 2118 5106 litteris,

535 5135 931 5189 benevolentiae
985 5135 1038 5189 in
1089 5151 1186 5188 eos
1245 5135 1421 5200 larva,
1479 5137 1532 5190 in
1569 5147 1856 5206 paternum
1897 5151 1957 5190 se
2006 5136 2129 5189 illos

536 5225 826 5295 imperium
861 5228 1246 5283 restituturum
1281 5230 1580 5298 pollicitus,
1615 5245 1802 5284 revera
1853 5237 2036 5283 autem
2065 5244 2127 5282 ea

537 5318 642 5372 sibi
685 5320 962 5376 molitione
1001 5331 1216 5392 gentem
1248 5322 1553 5376 conciliare
1581 5337 1646 5376 ac
1669 5321 1949 5390 subjicere
1980 5330 2129 5376 sata-

537 5424 671 5479 gens
703 5412 1032 5470 advoeabat.
1085 5413 1340 5484 Acceptis
1375 5414 1595 5476 litteris,
1619 5413 1749 5469 dum
1778 5413 1958 5468 adhuc
1993 5414 2126 5484 quid

541 5501 644 5558 sibi
679 5502 826 5558 facto
863 5519 1005 5574 opus
1057 5505 1385 5571 deliberant,
1429 5522 1518 5562 res
1565 5521 1658 5576 per
1686 5523 1856 5562 ttnum
1888 5507 2122 5575 aliquem

542 5588 872 5648 famulorum
935 5596 1250 5664 imperatori
1300 5599 1546 5652 delertur
1603 5614 1667 5652 ac
1718 5597 1950 5667 epistola
2009 5600 2121 5667 ipsa

2225 4602 2383 4654 μενος
2406 4585 2500 4635 καὶ
2529 4582 2694 4647 ἀξίως
2718 4583 2816 4648 τῆς
2847 4583 2974 4647 περὶ
3007 4581 3204 4643 αὐτοὺς
3259 4581 3509 4649 εὐγενίας
3543 4583 3810 4650 φιλοφρο-

2227 4677 2533 4748 νησάμενος
2562 4675 2776 4746 οἴκησίν
2794 4693 2850 4728 τε
2887 4677 2980 4728 καὶ
3030 4675 3241 4727 δίαιταν
3271 4675 3367 4743 τὴν
3415 4675 3811 4744 προσήκουσαν

2223 4771 2281 4820 ἐν
2310 4771 2370 4838 τῇ
2403 4768 2640 4839 βασιλίδι
2668 4767 2955 4838 ἀπένειμε.
2985 4767 3190 4820 Μαθὼν
3221 4767 3277 4820 δέ
3312 4767 3418 4818 τῶν
3459 4765 3670 4832 ἀνδρῶν
3703 4767 3811 4838 τὴν

2229 4865 2294 4914 ἐκ
2331 4862 2428 4930 τῆς
2461 4860 2717 4930 πατρίδος
2746 4858 2924 4929 φυγὴν
2958 4860 3051 4912 καὶ
3085 4859 3220 4930 πρὸς
3264 4858 3365 4929 τὴν
3405 4857 3812 4926 βασιλεύουσαν

2226 4953 2428 5022 ταύτην
2459 4952 2804 5023 καταφυγὴν,
2849 4953 2942 5006 καὶ
2969 4952 3046 5014 ὡς
3087 4950 3329 5020 εὐμενῶς
3375 4950 3479 5002 ὑπὸ
3515 4951 3623 5002 τῶν
3664 4969 3813 5020 κραα

2225 5045 2462 5098 τούντων
2483 5045 2803 5114 ἐδέχθησαν,
2827 5045 2855 5096 6
2877 5045 2999 5096 τότε
3031 5044 3098 5096 τὰ
3126 5043 3224 5111 τῆς
3255 5043 3530 5112 Περσικῆς
3567 5042 3651 5117 [Ρ.
3681 5043 3811 5115 1541

2227 5139 2426 5190 διέπων
2472 5139 2649 5208 ἀρχῆς
2689 5137 3014 5207 γράμμασιν
3057 5136 3259 5198 αὐτοὺς
3305 5135 3676 5206 μετεκαλείτο.
3728 5139 3811 5200 εἰς

2227 5229 2324 5300 τὴν
2363 5231 2623 5299 πατρῴαν
2653 5230 2950 5301 ἡγεμονίαν
2996 5229 3408 5298 ἐγκαταστῆσαι
3442 5229 3484 5260 ¹¹
3537 5229 3699 5298 δῆθεν
3733 5229 3807 5294 ὼς

2229 5321 2429 5374 εὐνοῶν
2460 5319 2912 5391 ὑπισχνούμενος,
2945 5320 3123 5390 ἐαυτῷ
3157 5321 3214 5373 δὲ
3241 5320 3341 5391 τὴν
3373 5319 3465 5373 τοῦ
3493 5319 3680 5382 ἔθνους
3718 5322 3804 5372 ἐν·

2229 5414 2422 5466 τεῦθεν
2449 5414 2729 5482 ὑποταγὴν
2757 5415 3211 5484 μνηστευόμενος.
3241 5416 3566 5484 Δεξαμένων
3597 5413 3655 5466 δὲ
3686 5417 3804 5465 70-J-

2235 5523 2344 5558 των
2369 5507 2435 5558 τὰ
2473 5507 2777 5577 γράμματα
2808 5508 2901 5558 καὶ
2931 5508 3060 5581 περὶ
3087 5507 3196 5560 τῶν
3240 5507 3531 5576 πρακτέων
3561 5507 3640 5559 ἔτι
3686 5505 3806 5557 δια-

2239 5597 2654 5664 σκοπουμένων,
2699 5596 2962 5667 μηνύεται
3013 5598 3184 5650 ταῦτα
3219 5597 3370 5669 παρά
3401 5614 3542 5661 τινος
3571 5595 3679 5650 τῶν
3723 5596 3805 5660 ἐξ·

1822 5713 2059 5768 VARUE
2137 5715 2537 5770 LEC'I'I()NICS.

617 5801 640 5832 '
667 5800 923 5870 πράξεων
949 5802 1014 5857 Δ.
1097 5804 1139 5834 ¹⁰
1171 5803 1279 5857 ἀπο
1305 5805 1432 5859 add.
1466 5806 1529 5859 Δ.
1613 5807 1651 5838 ¹¹
1686 5808 1853 5876 μηδὲν
1879 5810 1941 5862 Ρ.

2025 5809 2068 5839 ⁸³
2087 5811 2494 5873 ἐγκαταστῆναι
2522 5810 2578 5864 Ρ.
