4144 6410
421 205 575 298 καθ’

1515 211 2030 288 ΤΗΕΟΙἪΑΝΕΞ
2066 212 2626 283 CONTINUATUS.

3595 213 3704 278 τεο

421 325 710 412 historiam
738 333 1141 402 cmstunemur,
1171 339 1292 404 quae
1314 323 1436 402 eius
1463 323 1686 402 generis
1716 333 1846 380 sunt
1871 340 2004 395 pue-

2121 326 2316 397 ἀπορίᾳ
2344 326 2452 380 τῶν
2485 328 2614 400 περὶ
2641 327 2806 386 αὐτὸν
2836 327 3017 388 καλῶν
3063 329 3123 386 ἐν
3169 326 3384 393 τούτοις
3416 327 3700 402 chriam--

423 421 653 494 rilisquc
684 419 858 484 artatis
899 417 1086 474 omnia
1118 417 1463 490 omittemus,
1498 425 1666 485 atque
1693 417 1760 472 ad
1787 431 1853 474 ea
1888 431 2015 486 quae

427 511 717 584 sequentia
789 519 919 565 sunt
989 509 1181 564 sedulo
1249 523 1559 564 sermonem
1622 509 2012 577 provehemns,

422 620 486 674 ea
526 604 737 662 scilicet
762 602 972 658 ratione
1005 608 1065 656 ut
1095 601 1315 666 laudum
1341 601 1452 657 vim
1484 601 1879 665 insatiabilem,
1911 616 2011 658 ceu

422 695 674 766 quamvis
705 709 817 749 rem
858 693 1022 748 aliam
1055 693 1110 749 in
1137 693 1314 750 laudis
1351 703 1508 764 parte
1548 694 1776 764 minime
1812 693 2015 755 haben-

421 787 568 856 dam,
609 785 947 858 rejiciamus.

392 909 400 952 ί
492 921 658 992 820
685 919 740 976 ϐ.
786 919 930 975 Puer
967 919 1151 988 itaque
1193 917 1336 988 apud
1381 926 1592 989 patrem
1650 918 2011 982 educabatur,

421 1028 660 1084 cumque
689 1013 1027 1083 agendorum
1074 1019 1505 1081 praeceptorem,
1535 1011 1890 1065 dicendorum
1933 1012 2016 1065 in-

423 1115 741 1178 terpretem,
776 1113 941 1175 atque
992 1107 1059 1158 ad
1107 1103 1292 1158 omnia
1333 1119 1456 1172 qua:
1492 1103 1710 1158 virtutis
1769 1113 1900 1158 sunt
1950 1117 2016 1158 ac

423 1199 637 1255 laudem
687 1197 890 1252 habent
941 1197 1264 1266 magistrum
1303 1203 1500 1249 nactus
1541 1211 1605 1250 ac
1648 1195 2012 1259 eruditorem,

423 1307 536 1370 non
573 1291 817 1347 Chirone
866 1291 1087 1361 gemino
1140 1291 1293 1344 velut
1338 1289 1582 1346 Achilles
1626 1305 1767 1360 opus
1801 1289 2012 1357 habuit,

423 1401 536 1454 non
577 1385 832 1457 Lycurgo
867 1382 1206 1453 legislature,
1257 1397 1368 1436 non
1393 1381 1618 1445 Solone,
1652 1398 1760 1437 non
1788 1391 2014 1437 externa

414 1495 491 1537 ac
517 1479 808 1551 peregrina
839 1477 1130 1547 disciplina
1156 1490 1488 1546 tnorumqne
1517 1474 1888 1537 institutione.
1921 1473 2015 1529 sed

415 1588 538 1627 uno
565 1571 660 1626 illo
685 1571 1006 1626 institutore
1042 1569 1257 1624 honesti
1293 1569 1548 1638 palaestra
1593 1566 2017 1638 praeclarissime

409 1675 688 1719 exercens
716 1675 784 1715 ae
807 1659 999 1714 colens
1024 1672 1157 1728 erga
1188 1656 1360 1712 Deum
1387 1666 1608 1713 sanctos
1641 1656 1870 1726 piosque
1895 1670 2015 1710 mo-
2049 1695 2088 1750 Β

425 1771 535 1821 res,
562 1770 692 1825 erga
714 1759 969 1823 parentes
990 1751 1333 1806 verecundos
1354 1751 1652 1818 animoque
1673 1747 2016 1818 obsequendi

422 1862 652 1916 pronos,
705 1861 836 1916 erga
873 1859 1036 1899 senes
1073 1843 1306 1898 cedendi
1334 1841 1606 1897 modestia
1635 1840 1845 1905 faciles,
1885 1854 2014 1910 erga

423 1937 664 2007 aequales
701 1949 767 1988 ac
781 1933 1017 1988 tribules
1047 1930 1202 1994 nullo
1236 1929 1345 1985 doli
1383 1928 1514 1984 fuco
1548 1928 1862 1992 benevolos,
1889 1941 2017 1997 erga

408 2040 673 2101 .poteutes
689 2043 756 2082 ac
779 2029 1138 2097 magistratus
1160 2023 1435 2090 subditos,
1457 2039 1595 2094 erga
1621 2023 1856 2093 denique
1881 2035 2017 2092 pau-

407 2139 584 2195 peres
632 2121 1018 2177 misericordia
1066 2120 1374 2190 impensus,
1433 2118 1699 2173 virtutum
1765 2115 2013 2169 omnium

423 2216 752 2287 compendio
787 2214 1100 2271 luculenter
1129 2211 1358 2276 eﬂulsit,
1408 2226 1437 2265 a
1479 2225 1652 2282 puero
1694 2208 1925 2279 pudicus
1951 2223 2018 2261 ac

425 2310 645 2365 sobrius
680 2309 939 2376 virilique
978 2305 1188 2370 animo,
1241 2301 1584 2372 atqualitatis
1617 2315 1683 2356 ac
1713 2300 2016 2371 prudentia:

425 2401 956 2469 uitiatorwltorque
982 2396 1246 2462 eximius,
1265 2396 1320 2449 in
1347 2395 1612 2463 nulloque
1631 2395 1897 2448 adversus
1914 2391 2016 2446 hu-

425 2495 675 2559 miliores
701 2491 931 2562 spiritus
961 2489 1273 2546 tellensaut
1305 2485 1661 2557 superbiens;
1690 2483 1894 2555 quibus
1927 2497 2018 2540 re-r

424 2588 532 2642 bus
565 2583 816 2640 omnium
860 2581 966 2637 sibi
1004 2580 1355 2639 conciliabat
1389 2578 1633 2644 animos,
1689 2577 2017 2647 cunctisque

425 2675 702 2736 desiderio
733 2684 899 2746 atque
951 2673 1132 2736 amori
1173 2670 1507 2727 trahebatur.
1947 2681 1952 2685 '

493 2811 550 2866 7.
583 2808 702 2864 1am
733 2825 862 2864 vero
887 2825 1110 2864 emensa
1137 2808 1212 2863 illi
1245 2808 1501 2880 pueritia,
1530 2806 1598 2862 ad
1630 2805 2016 2862 adolescentiae

2121 419 2241 490 ρίαν
2276 421 2632 490 ἀπασχολεῖν,
2661 420 2732 478 τὰ
2757 420 2855 474 τοῦ
2885 421 3075 492 ὁμοίου
3112 422 3288 485 είδους
3323 422 3540 492 καὶτῆς
3570 441 3704 480 παι-

2114 513 2273 584 δικῆς
2306 513 2522 584 ἡλικίας
2550 513 2731 568 πάντα
2755 515 3098 584 παρήσομεν,
3129 514 3222 566 ἐπὶ
3261 515 3319 568 δέ
3342 514 3411 568 τὰ
3455 515 3705 586 ἔμπροσ-

2115 605 2206 662 θεν
2223 605 2316 659 τὸν
2345 607 2501 676 λόγον
2535 607 2738 678 σπουδῇ
2770 609 3202 678 προαγάγωμεν,
3237 606 3338 676 τὴν
3387 605 3497 666 τῶν
3546 607 3709 667 ἐπαί-

2115 713 2221 750 νων
2247 695 2560 768 ἀπληστίαν
2593 697 2788 768 ὦσπερ
2813 698 2942 759 ἄλλο
2983 715 3037 752 τι
3093 697 3202 758 τῷν
3251 698 3355 752 οὐκ
3399 699 3708 758 ἐπαινετῶν

2116 789 2338 844 ἀπωθού
2347 807 2519 860 μενοι.

2190 926 2264 992 ς’.
2299 927 2649 998 Τρεφόμενος
2675 925 2856 980 τοίνυν
2887 927 2914 980 ὁ
2936 929 3066 990 παῖς
3107 926 3260 998 παρά
3290 925 3367 996 τῷ
3395 926 3586 997 πατρὶ,
3609 926 3710 980 καὶ

2115 1018 2281 1073 αὐτὸν
2311 1018 2450 1090 ἔχων
2480 1018 2590 1072 τῶν
2626 1019 2922 1090 πρακτέων
2975 1019 3264 1090 ὑφηγητὴν
3303 1020 3400 1072 xui.
3443 1019 3554 1071 τῶν
3609 1022 3712 1092 ῥη-

2116 1107 2256 1161 τέων
2280 1107 2556 1179 ἐξηγητὴν
2582 1107 2676 1161 xui.
2698 1107 3021 1161 διδάσκαλον
3055 1108 3151 1160 καὶ
3183 1106 3543 1178 παιδοτρίδην
3570 1109 3712 1177 πρὶς

2117 1200 2266 1254 ἅπαν
2297 1200 2588 1255 σπουδαῖον
2608 1201 2705 1253 xui
2752 1200 3168 1270 ἐπαινούμενον,
3211 1198 3335 1252 οὔτε
3393 1195 3711 1272 μιεανθρώ-

2125 1311 2230 1348 που
2258 1295 2537 1365 Χείρωνος
2560 1293 2756 1365 ἐδεήθη
2783 1293 2859 1355 ὡς
2899 1293 3202 1364 Ἀχιλλεὺς,
3230 1291 3354 1345 οὔτε
3385 1291 3709 1364 Λυκούργου

2117 1387 2409 1459 νομοθέτου
2436 1386 2524 1459 [Ρ.
2555 1385 2681 1458 158]
2706 1387 2803 1439 καὶ
2827 1385 3090 1449 Σόλωνος,
3133 1383 3257 1438 οὗτε
3287 1384 3582 1455 ὑπερορίου
3613 1385 3712 1437 xui

2119 1481 2338 1552 ξενικῆς
2368 1482 2614 1552 ἀγωγῆς,
2645 1482 2760 1535 ἀλλ’
2809 1482 2915 1534 ὑπὸ
2945 1480 3023 1552 τῷ
3057 1479 3288 1550 φύσαντι
3325 1478 3470 1549 μόνῳ
3505 1477 3573 1531 δ’ίά
3601 1477 3712 1530 τῶν

2119 1574 2302 1628 καλῶν
2333 1574 2738 1644 ἐξασκούμενος
2790 1573 3074 1636 κάλλιστα,
3136 1573 3278 1641 πρός
3326 1588 3385 1624 τε
3441 1570 3503 1622 τὸ
3547 1570 3706 1623 Θεῖον

2118 1669 2376 1740 ὁσιότητα
2407 1667 2502 1722 καὶ
2531 1666 2818 1720 εὐσέϐειαν
2841 1667 2936 1721 xui
2962 1667 3098 1737 πρὸς
3119 1666 3247 1728 τοὺς
3271 1664 3529 1727 τεκόντας
3570 1663 3707 1716 αἱδὼ

2119 1762 2214 1814 καὶ
2238 1761 2573 1820 εὐπείθειαν,
2598 1760 2734 1832 πρὸς
2761 1760 3121 1830 γεραιτέρους
3140 1757 3184 1790 ³⁸
3213 1757 3427 1823 ύπειξιν
3451 1757 3544 1808 καὶ
3567 1755 3706 1825 πρὸς

2118 1847 2315 1924 ἥλικας
2344 1855 2442 1908 xui
2477 1854 2713 1924 φυλέτας
2735 1853 2938 1908 ’ἄδολον
2973 1851 3210 1915 εὔνοιαν,
3267 1849 3405 1919 προς
3439 1847 3710 1910 δυνάστας

2119 1948 2406 2022 ὑποταγὴν
2440 1949 2535 2002 καὶ
2566 1947 2702 2017 πρδς
2739 1947 2976 2015 πένητας
3009 1944 3180 2015 ἔλεον,
3215 1944 3274 1995 ἐν
3314 1942 3518 2003 πάσαις
3584 1942 3708 2002 ταῖς

2119 2040 2342 2110 ἀρεταῖς
2369 2039 2636 2114 ἐπιδήλως
2673 2036 2979 2114 ἐξέλαμψεν
2999 2035 3063 2098 ³⁸,
3099 2032 3334 2103 σώφρων
3365 2033 3428 2084 ἐκ
3462 2031 3584 2085 νέου
3614 2028 3710 2080 xui.

2118 2134 2363 2206 ἀνδρεῖος
2388 2131 2818 2200 ἀναφαινόμενος
2841 2170 2856 2196 ,
2879 2129 2980 2198 τήν
3005 2143 3062 2179 τε
3093 2126 3310 2197 ἰσότητα
3336 2122 3474 2192 μετά
3506 2121 3710 2192 φρονή-

2121 2240 2259 2286 σεως
2297 2220 2530 2290 ἀγαπῶν
2558 2220 2654 2274 καὶ
2685 2219 3052 2290 διαφερόντως
3081 2217 3278 2287 τιμῶν,
3307 2217 3402 2268 καὶ
3434 2217 3491 2266 ἐν
3519 2213 3708 2283 μηδενὶ

2116 2315 2226 2367 τῶν
2266 2311 2664 2383 ταπεινοτέρων
2721 2309 3231 2379 κατεπαιρόμενος’
3283 2305 3344 2371 ἐξ
3397 2299 3474 2359 ὧν
3522 2303 3709 2359 εὔνοια
3749 2363 3756 2370 ν

2119 2405 2272 2477 παρά
2302 2404 2521 2459 πάντων
2545 2401 2694 2474 αὐτῷ
2734 2405 2832 2456 καὶ
2881 2402 2943 2453 τὸ
2974 2401 3143 2454 πᾶσιν
3228 2394 3366 2451 εἶναι
3429 2395 3706 2467 προσφιλῆ

2118 2498 2214 2552 καὶ
2241 2497 2524 2569 ἐράσμιον.

2192 2813 2257 2880 ζ’.
2298 2814 2438 2885 Ἤδη
2497 2811 2555 2865 δὲ
2605 2809 2772 2866 αὐτοῦ
2825 2809 2925 2880 τὴν
2967 2807 3224 2878 παιδικὴν
3267 2805 3710 2878 παραλλάξαντος

427 2917 601 2958 annos
628 2911 885 2973 provecta
917 2910 1076 2956 aetate
1108 2915 1388 2973 propeque
1441 2908 1659 2955 matura
1693 2909 1752 2954 ut
1784 2898 1851 2954 ad
1885 2899 2018 2954 vali-

2121 2909 2339 2986 ήλικίαν
2365 2908 2460 2962 xui.
2493 2903 2629 2979 πρὸς
2653 2903 2752 2977 τὴν
2787 2903 2896 2956 τῶν
2939 2901 3241 2974 μειρακίων
3273 2900 3565 2961 ἐλάσαντος
3606 2901 3706 2951 xui.

425 2996 582 3050 diora
607 2995 788 3052 Studia
819 2995 1100 3060 transiret,
1129 3004 1280 3064 pater
1314 2995 1366 3046 in
1416 2993 1557 3054 vivis
1603 3009 1726 3050 esse
1755 2992 2016 3048 desinens

427 3087 496 3143 ad
541 3085 711 3142 futuri
748 3085 848 3142 aevi
886 3095 1087 3140 statum
1136 3083 1445 3142 translatus
1487 3094 1593 3141 est.
1656 3080 1797 3139 Hinc
1838 3083 2020 3138 luctus

425 3181 784 3252 planctusque
813 3193 876 3230 ac
907 3191 1132 3242 mceror,
1169 3182 1227 3229 ut
1267 3190 1370 3250 par
1399 3187 1507 3240 est,
1558 3174 1781 3228 dentom
1818 3173 2022 3227 irrum-

427 3290 590 3346 pere;
619 3270 781 3325 matri
830 3271 1091 3336 viduitas,
1126 3267 1254 3322 huic
1308 3268 1516 3338 optimo
1566 3267 1775 3322 orbitas
1803 3281 1867 3319 ac
1891 3279 2017 3334 qua:

428 3366 553 3420 inde
584 3363 826 3428 tristitia,
861 3376 1230 3416 a3rumnarnm
1279 3361 1453 3414 moles
1501 3359 1757 3413 desolata:
1800 3357 2022 3412 fartiilia:

428 3455 749 3511 obturbare.
815 3452 1261 3510 Sollicitudinum
1301 3466 1530 3506 examen
1585 3452 1661 3505 rei
1731 3449 2020 3503 familiaris

429 3548 792 3621 procurandae
851 3562 1039 3612 causa.
1088 3542 1280 3597 Omnis
1335 3543 1521 3597 statim
1577 3540 1645 3594 ad
1673 3554 1798 3594 eum
1823 3540 2019 3594 domus

429 3643 683 3696 devoluta
719 3655 882 3702 cura;
938 3638 1028 3689 nni
1090 3635 1166 3689 illi
1221 3635 1433 3700 matris,
1480 3633 1575 3687 uui
1624 3647 2011 3704 germanorum

429 3735 699 3788 incumbit
730 3731 887 3802 221
916 3727 1216 3798 diligentia.
1269 3727 1407 3794 Quia
1440 3741 1592 3794 vero,
1632 3742 1753 3797 quae
1779 3727 1846 3779 ab
1870 3727 2018 3798 agri-

424 3817 644 3880 cultura
699 3824 806 3894 peti
864 3823 1042 3875 solent
1095 3820 1366 3885 subsidia,
1411 3820 1530 3890 ipsa
1563 3820 1760 3889 exigua
1781 3819 2020 3890 viliaque

410 3915 553 3973 esse
573 3917 922 3979 videbantur,
954 3913 1020 3967 ad
1055 3911 1298 3983 reginam
1331 3913 1550 3967 urbium
1576 3912 1846 3983 prolicisci
1880 3910 2018 3967 deli-

427 3995 678 4069 berabat,
712 4015 878 4076 atque
911 4004 1036 4059 inde
1068 4003 1170 4058 sibi
1204 4003 1435 4076 suisque
1467 4019 1533 4059 ex
1561 4003 1776 4059 honesti
1805 4003 2018 4058 ratione

427 4099 758 4172 compendia
791 4114 1004 4170 parare,
1035 4097 1514 4172 patrociniumque
1577 4097 1868 4154 clientibus
1903 4113 2019 4152 ina-

421 4197 628 4269 gnifice
678 4194 808 4248 utile
842 4209 906 4247 ae
945 4208 1132 4248 curam
1180 4193 1460 4248 exhibere.
1491 4190 1732 4248 Noverat
1771 4193 1917 4246 enim
1963 4192 2016 4246 in

433 4289 644 4359 magnis
676 4287 929 4351 urbibus,
978 4301 1040 4340 ac
1068 4286 1416 4358 potissimum
1472 4288 1662 4356 regiis,
1715 4286 2018 4341 industrias

434 4381 650 4436 indoles
681 4366 1069 4443 inclarescere,
1105 4393 1311 4446 eosque
1335 4377 1429 4446 qui
1477 4377 1601 4430 dote
1641 4377 1823 4446 aliqua
1857 4375 2017 4446 vulgo

420 4474 746 4545 ,przecellant
786 4470 1144 4542 splendidiori
1202 4468 1423 4524 fortuna
1465 4469 1695 4538 enitere,
1751 4469 1806 4524 iu
1860 4469 2016 4539 igno-

432 4568 722 4623 bilioribus
774 4578 906 4618 vero
963 4579 1029 4618 ac
1082 4562 1354 4636 ingloriis,
1403 4561 1552 4616 velut
1617 4564 1671 4616 in
1718 4561 2019 4617 rusticanis

434 4661 772 4732 paganisque
799 4656 1168 4723 commerciis,
1203 4655 1490 4712 obscurari
1520 4671 1583 4710 ac
1612 4655 1892 4728 corrumpi
1917 4656 2020 4710 vir-

424 4762 606 4816 tutes,
639 4749 898 4822 ipsasque
927 4765 956 4803 a
980 4765 1057 4812 se,
1091 4749 1237 4818 quod
1272 4763 1381 4816 non
1417 4748 1725 4803 ostentandi
1768 4749 1923 4820 c0pia
1950 4746 2020 4802 sit

433 4859 538 4900 nec
571 4859 701 4898 vero
731 4840 1082 4897 admirationi
1141 4839 1401 4910 laudique
1469 4839 1799 4904 habeantur,
1831 4839 2019 4895 exole-

433 4927 588 5008 scere
616 4953 678 4992 ac
709 4934 1448 5002 marcescereﬂuamobrem
1478 4949 1507 4988 e
1534 4935 1649 4990 suis
1683 4933 1755 4988 illi
1790 4933 2020 4988 rationi-

435 5032 539 5086 bus
578 5031 864 5084 videbazur
891 5040 1026 5084 utse
1054 5029 1119 5084 ad
1149 5029 1337 5084 urbem
1373 5037 1663 5099 augustam
1693 5025 1975 5095 conferret
2000 5044 2013 5082 :

433 5123 758 5178 retrahebat
805 5132 987 5178 tamen
1046 5137 1110 5176 ac
1157 5103 1436 5176 detinebat
1499 5120 1695 5174 matris
1741 5135 1918 5183 amor,
1967 5126 2022 5172 et

435 5213 582 5277 quod
620 5213 742 5283 ejus
783 5212 966 5267 levare
1012 5211 1292 5278 molestias
1339 5209 1425 5264 vel
1472 5208 1712 5264 maxime
1767 5218 2016 5278 cuperet,

432 5305 691 5386 quodque
714 5306 850 5361 adeo
901 5304 993 5359 illa
1044 5303 1253 5364 alenda:
1296 5317 1422 5372 spes
1462 5301 1766 5358 senectutis
1802 5301 2011 5369 ohjice-

2040 3055 2092 3112 (ἱ

2125 3007 2237 3068 τοῖς
2291 3000 2718 3074 ἀνδρικωτέροις
2767 2997 2962 3067 καιρὸν
3012 2995 3228 3064 ἔχοντος
3275 2991 3631 3065 προσσαίνειν
3664 2993 3708 3024 ⁸⁸

2129 3093 2576 3165 ἐπιτηδεύμασιν,
2611 3088 2828 3157 ἐξέλιπε
2854 3089 2946 3141 τὸν
2973 3087 3088 3158 βίον
3109 3089 3136 3140 ὁ
3160 3084 3338 3155 φύσας
3383 3085 3569 3157 πατὴρ
3603 3088 3700 3139 καὶ

2125 3187 2260 3258 πρὸς
2292 3183 2388 3257 τὴν
2411 3184 2622 3238 ἐκεῖθεν
2653 3181 2835 3250 ἀπῆρε
2863 3179 3223 3245 κατάστασιν,
3275 3178 3471 3244 πένθος
3514 3178 3569 3232 δὲ
3614 3178 3712 3232 xui.

2125 3274 2320 3346 θρῆνος
2337 3273 2480 3327 κατά
2493 3272 2591 3342 τὴν
2613 3271 2812 3336 οἰκίαν,
2831 3271 2905 3333 ὡς
2919 3269 3086 3335 εἰκὸς,
3109 3269 3440 3340 ἐπεκώμαζε
3462 3285 3475 3299 ·
3512 3269 3713 3342 χηρεία

2123 3366 2253 3434 περὶ
2279 3363 2377 3433 τὴν
2416 3362 2625 3433 μητέρα
2660 3360 2755 3413 καὶ
2784 3359 3020 3431 ὀρφανία
3064 3361 3194 3432 περὶ
3223 3359 3414 3415 τοῦτον
3446 3358 3538 3412 τὸν
3573 3361 3709 3430 κρά-

2131 3472 2318 3509 τιστον
2347 3455 2440 3507 καὶ
2485 3455 2542 3510 ul.
2572 3451 2825 3509 ἐντεῦθεν
2854 3456 3005 3506 ἁνίαι
3051 3453 3150 3506 xui
3197 3452 3403 3522 θλίψεις
3461 3452 3709 3520 ἐφύοντο,

2122 3545 2346 3618 ἐπέρρει
2381 3545 2436 3600 δέ
2475 3544 2570 3598 καὶ
2613 3543 2911 3615 φροντίδων
2944 3545 3113 3614 ἐσμὸς
3142 3547 3242 3615 τῆς
3285 3543 3428 3599 κατά
3468 3545 3558 3597 τὸν
3597 3545 3710 3614 βίον

2121 3638 2441 3711 διοικήσεως
2473 3639 2667 3693 ἕνεκαο
2725 3638 2928 3710 ἔρρεπε
2955 3637 3065 3708 γὰρ
3123 3637 3262 3708 πρὸς
3312 3638 3501 3694 τοῦτον
3542 3637 3712 3702 εὐθὺς

2123 3737 2276 3790 πᾶσα
2304 3737 2338 3807 ὴ
2370 3733 2500 3806 περὶ
2525 3733 2617 3787 τὸν
2654 3727 2803 3785 οἶκον
2834 3729 3126 3800 ἐπιμέλεια
3157 3729 3250 3783 xui.
3282 3730 3315 3799 ἡ
3347 3727 3573 3798 πρόνοια
3607 3732 3710 3799 τῆς

2120 3826 2333 3899 μητρὸς
2374 3826 2470 3878 xui
2495 3824 2607 3878 τῶν
2637 3820 2906 3892 ἀδελφῶν.
2948 3819 3103 3874 Ἐπεὶ
3142 3818 3199 3873 δέ
3235 3821 3270 3890 ὴ
3300 3819 3409 3873 ἀπὸ
3432 3819 3710 3888 γεωργίας

2124 3919 2419 3990 ἐπικουρία
2473 3917 2646 3990 μικρά
2681 3934 2767 3982 τις
2810 3915 2856 3947 ³³
2888 3913 2984 3968 xui.
3031 3913 3262 3983 ἀγεννὴς
3319 3910 3494 3964 ἐδόκει
3539 3909 3709 3980 αύτῷ,

2125 4013 2446 4068 ἐϐουλεύετο
2476 4011 2613 4082 πρὸς
2643 4010 2744 4082 τὴν
2766 4008 3158 4080 βασιλεύουσαν
3189 4003 3452 4059 εἰσελθεῖν
3491 4003 3587 4056 καὶ
3643 4002 3715 4062 τὰ

2123 4107 2222 4178 τῆς
2238 4105 2446 4169 οἰκείας
2467 4103 2672 4176 ἀρετῆς
2698 4100 3078 4170 ἐπιδείξασθαι
3099 4097 3424 4163 κάντεῦθεν,
3454 4095 3630 4166 ἐαυτῷ
3653 4111 3712 4148 τε

2123 4199 2348 4260 καὶτοῖς
2365 4197 2532 4251 αὐτοῦ
2552 4195 2920 4268 προσπορίσαι
2937 4194 3008 4248 τὰ
3027 4194 3212 4248 δέοντα
3225 4193 3319 4245 xui
3349 4187 3713 4262 μεγαλωφελῆ

2121 4291 2221 4363 τὴν
2247 4289 2585 4362 προστασίαν
2615 4287 2989 4353 ἐπιδείξασθαι
3018 4285 3114 4338 xui
3165 4282 3542 4356 προμήθειαν·
3593 4280 3712 4352 ᾔδει

2122 4383 2232 4454 γὰρ
2279 4382 2337 4434 ἐν
2389 4383 2511 4445 ταῖς
2549 4377 2814 4452 μεγάλαις
2841 4377 2934 4431 καὶ
2968 4376 3205 4448 μάλιστα
3255 4376 3376 4437 ταῖς
3425 4370 3712 4442 βασιλευο-

2130 4475 2319 4546 μέναις
2356 4473 2464 4526 τῶν
2520 4471 2729 4524 πόλεων
2783 4469 2884 4532 τάς
2913 4469 3095 4534 δεξιὰς
3159 4465 3350 4538 φύσεις
3406 4465 3714 4534 εὐδοκιμεῖν

2099 4636 2103 4640 .
2127 4566 2224 4619 καὶ
2257 4567 2380 4628 τοὺς
2405 4565 2513 4618 τῶν
2545 4562 2718 4618 ἄλλων
2741 4563 2884 4615 κατὰ
2905 4578 2960 4615 τι
2984 4559 3320 4632 προέχοντας
3344 4559 3438 4611 ἐπὶ
3457 4557 3522 4610 λα
3532 4573 3713 4628 μπρο-

2125 4659 2292 4730 τέρας
2339 4658 2509 4731 τύχης
2560 4656 2952 4730 γνωρίζεσθαι,
3005 4656 3062 4707 ἐν
3097 4654 3155 4706 δέ
3203 4655 3332 4716 ταῖς
3369 4649 3711 4722 ἀδοξοτέραις

2126 4749 2234 4802 τῶν
2264 4749 2473 4804 πόλεων
2498 4750 2589 4802 xui
2619 4749 2930 4814 ταπειναῖς,
2961 4745 3150 4816 ὥσπερ
3177 4746 3235 4796 ἐν
3291 4745 3412 4805 ταῖς
3461 4758 3713 4807 κωμητι-

2126 4844 2250 4906 καῖς
2281 4843 2673 4914 ἀναστροφαῖς,
2737 4839 3122 4912 ἀμαυροῦσθαι
3172 4823 3264 4888 xui.
3297 4834 3504 4903 φθίνειν
3526 4831 3571 4864 ³⁸
3613 4831 3715 4898 τὰς

2123 4938 2344 5007 ἀρετὰς,
2370 4937 2460 4989 καὶ
2489 4935 2660 5006 αὐτὰς
2695 4935 2784 5005 ὑφ’
2804 4933 3011 4988 ἑαυτῶν
3041 4936 3096 4985 ἐν
3115 4929 3194 5002 τῷ
3211 4930 3285 5000 μὴ
3307 4925 3715 4980 ἐπιδείκνυσθαι

2126 5025 2261 5096 μηδέ
2283 5024 2658 5096 θαυμάζεσθαι
2677 5024 2812 5095 πρὸς
2829 5023 2888 5080 τὸ
2913 5019 3155 5100 ἐξίτηλον
3173 5021 3371 5090 χωρεῖν
3394 5020 3486 5071 καὶ
3515 5016 3716 5088 μαραί-

2124 5117 2332 5172 νεσθαι.
2357 5118 2454 5174 Διά
2480 5118 2656 5172 ταῦτα
2684 5116 2786 5189 μὲν
2813 5116 2847 5188 ὴ
2869 5115 3006 5188 πρὸς
3033 5113 3132 5184 τὴν
3153 5109 3551 5183 βασιλεύουσαν
3602 5109 3714 5160 εἶσ-

2125 5210 2244 5274 οδος
2262 5211 2436 5265 ἐδόκει
2463 5209 2610 5282 αὐτῷ
2629 5207 2915 5279 λυσιτελὴς
2942 5207 3037 5260 καὶ
3061 5205 3440 5277 συμφέρουσα,
3465 5200 3714 5256 ἀνθεῖλκε

2125 5303 2178 5358 δὲ
2193 5303 2286 5362 καὶ
2303 5305 2551 5374 κατεῖχεν
2567 5305 2594 5356 ὁ
2607 5302 2704 5374 τῆς
2721 5300 2925 5373 μητρὸς
2941 5298 3104 5364 πόθος
3120 5297 3287 5353 καὶτὸ
3300 5297 3474 5352 θέλειν
3492 5298 3716 5352 ἐπικου-

1702 5478 1938 5536 νΑιιιίΕ
1983 5477 2392 5538 ιΕοΤιυΜζδ.

507 5661 554 5695 ³³
585 5661 848 5732 γέροντας
880 5661 937 5715 ι’.
1016 5661 1056 5694 ⁸⁸
1093 5659 1399 5732 ἐξέλαμπεν
1435 5663 1500 5716 Α.
1577 5661 1620 5694 ³¹
1652 5661 2018 5734 προϐαίνεινΡ

2134 5666 2176 5697 ³³
2209 5664 2314 5735 τιςί
2355 5683 2410 5718 τε
2440 5664 2478 5719 Ρ
2555 5665 2622 5736 ⁴³³
2650 5665 2898 5735 φθείρειν
2929 5665 3100 5722 codex
3133 5665 3499 5722 Bat'bcrinus.
