4144 6410
451 286 560 350 239

1544 279 2053 340 THEOPHANES
2090 279 2650 344 CONTINUATUS.

3616 285 3731 348 2·ῑο

449 396 524 451 tis
552 390 886 460 custodiam,
929 398 1138 460 martyr
1193 386 1482 443 Diomedes
1537 385 1857 440 monasterii
1900 402 2031 455 pra:-

2145 388 2437 460 ἀτημελῶς
2465 389 2637 455 οὕτως
2672 391 2970 462 ἐπιρρίιζιας
2998 393 3191 446 ἐαυτὸν
3241 392 3564 450 ἀνεπαύετο.
3622 399 3739 453 Καὶ

453 487 598 542 lecto
633 486 689 556 in
727 482 938 539 somnis
967 489 1161 536 astans
1213 478 1281 533 ad
1331 477 1479 532 fores
1521 477 1837 532 monasterii
1885 476 2042 543 jubet

452 579 625 642 exire,
657 589 835 644 exque
867 573 1087 627 nomine
1117 569 1379 624 Basilium
1403 568 1848 639 compellantem,
1881 568 2038 638 quis-

450 671 577 738 quis
597 667 813 723 vocauti
847 664 1180 729 obaudierit,
1218 663 1365 718 hunc
1389 662 1648 717 inducere
1676 662 1730 716 itt
1760 672 2029 715 tuouaste-

453 763 596 816 rium
652 775 717 814 ac
767 774 964 814 curare
1022 757 1337 826 diligenter,
1385 756 1622 825 ciboque
1677 763 1732 810 et
1782 765 1925 810 tecto
1986 765 2042 810 et

452 855 814 918 vestimentis,
842 853 1242 922 onmidenique
1264 850 1578 905 necessario
1605 849 1752 904 cultu
1783 867 1846 904 ac
1875 851 2040 906 obse-

450 951 604 1021 quio,
637 949 819 1020 quoad
852 963 949 1018 per
968 947 1284 1001 facultatem
1315 943 1550 1008 licuerit,
1581 942 1848 1012 impartiri
1875 955 2039 1013 atque

449 1044 674 1098 fovere:
724 1057 850 1097 esse
885 1039 1034 1094 enim
1070 1054 1098 1091 a
1131 1037 1242 1091 Deo
1273 1046 1501 1092 unctum
1528 1036 1582 1090 in
1624 1036 2036 1105 imperatorem,

450 1138 740 1208 ipsumque
778 1133 1116 1190 exstruendo
1153 1130 1513 1200 augendoque
1538 1130 1876 1184 monasterio
1906 1145 2038 1199 ope-

448 1246 566 1286 ram
593 1228 926 1299 quandoque
950 1226 1298 1280 collaturum.
1329 1221 1531 1278 Verum
1565 1239 1688 1278 cum
1722 1224 1830 1287 ille,
1857 1224 2036 1279 risum

453 1332 660 1378 temere
690 1319 930 1376 oblatum
975 1320 1247 1387 inaneque
1306 1319 1508 1372 mentis
1539 1326 1914 1372 commentum
1947 1331 2036 1371 ar-

447 1417 704 1476 bitratus,
735 1413 882 1481 quod
907 1413 982 1466 ita
1007 1420 1396 1482 conspexerat,
1458 1411 1618 1467 nullo
1679 1411 1803 1466 loco
1835 1427 2040 1484 pra'ce-

447 1518 598 1579 ptum
632 1507 796 1580 224
851 1507 1156 1568 habuisset,
1201 1505 1296 1560 sed
1329 1520 1388 1561 se
1442 1521 1665 1562 rursum
1713 1521 1910 1561 somno
1943 1506 2032 1560 de-

447 1602 642 1667 disset,
673 1599 1092 1654 eadem'iterum
1129 1597 1273 1653 videt
1300 1597 1584 1668 auditque.
1613 1597 1826 1654 Etcum
1854 1595 2038 1652 adhuc

445 1693 614 1747 etiam
645 1691 865 1762 segnior
909 1703 1216 1758 somnoque
1258 1691 1460 1758 gravis,
1513 1699 1571 1744 ut
1617 1689 1926 1755 videbatur,
1974 1702 2034 1742 se

2143 481 2207 552 δὴ
2243 483 2370 552 περὶ
2401 482 2626 553 πρώτην
2652 483 2814 554 τυχδν
2851 484 3101 556 φυλακὴν
3130 485 3322 550 νυκτὸς
3359 485 3494 558 ὄναρ
3527 487 3606 559 τῷ
3630 490 3736 558 τῆς

2145 574 2316 645 μονῆς
2349 575 2744 646 καθηγουμένῳ
2773 577 2801 630 δ
2851 575 3064 648 μάρτυς
3093 575 3365 650 Διομῆδης
3414 579 3734 650 ἐφίσταται,

2143 668 2382 722 κελεύων
2413 669 2503 720 ἐπὶ
2529 669 2572 702 ³⁷
2601 670 2692 722 τὸν
2723 669 2945 722 πυλῶνα
2990 671 3089 741 τῆς
3149 671 3319 742 μονῆς
3363 671 3601 737 ἐξελθεῖν
3633 673 3737 726 καὶ

2143 759 2204 827 ἐξ
2256 761 2522 830 ὀνόματος
2575 761 2802 815 καλέσαι
2836 753 3143 827 Βασίλειον,
3209 763 3304 818 καὶ
3361 764 3418 824 ὃς
3467 764 3533 818 ἂν
3579 765 3736 838 αὐτῷ

2143 854 2431 926 ὑπακούσῃ
2458 853 2735 919 καλοῦντι,
2779 855 2968 908 τοῦτον
3000 856 3319 924 εἰσαγαγεῖν
3356 856 3436 920 είς
3460 856 3520 909 τὸ
3559 874 3734 928 μονα-

2144 948 2368 1017 στήριον
2388 947 2486 999 καὶ
2509 947 2829 1016 ἐπιμελείαις
2860 946 3117 1014 ἀξιῶσαι,
3149 947 3361 1019 τροφῆς
3391 967 3448 1002 τε
3480 949 3576 1002 καὶ
3603 950 3734 1003 σκέο

2142 1055 2252 1109 πης
2278 1038 2371 1092 καὶ
2395 1039 2714 1107 ἐνδυμάτων
2744 1038 2839 1090 καὶ
2862 1037 3043 1109 πάσης
3079 1037 3382 1109 μεταδόντα
3437 1039 3538 1110 τῆς
3587 1042 3735 1098 ἐνδεο

2142 1131 2380 1202 χομένης
2407 1131 2599 1201 χρείας
2624 1132 2718 1184 καί
2745 1131 3044 1202 θεραπείας
3063 1147 3078 1162 ·
3115 1132 3476 1202 κεχρισμένον
3505 1133 3611 1206 γὰρ
3642 1136 3732 1199 είς

2143 1221 2372 1292 βασιλέα
2404 1223 2694 1294 τυγχάνειν
2721 1223 2875 1296 παρὰ
2901 1222 3058 1290 Θεοῦ,
3084 1225 3178 1278 καὶ
3205 1224 3368 1279 αὐτὸν
3411 1225 3625 1295 μέλλειν
3649 1229 3734 1290 είς

2141 1317 2500 1388 ἁνοικοδομὴν
2523 1319 2617 1372 καὶ
2645 1316 2782 1388 αὔξη
2794 1335 2875 1370 σιν
2901 1318 2999 1388 τῆς
3024 1317 3309 1390 παρούσης
3353 1320 3608 1387 γενέσθαι
3638 1339 3736 1388 μο-

2143 1411 2262 1483 νῆς.
2305 1411 2396 1475 Ὦς
2440 1411 2498 1464 δέ
2550 1413 2858 1480 φαντασίαν
2899 1411 3074 1476 ἄλλως
3126 1411 3220 1466 καὶ
3270 1411 3426 1466 κενδν
3486 1413 3734 1477 διανοίας

2143 1504 2480 1576 ἀνάπλασμα
2509 1505 2668 1572 δόξας
2699 1506 2758 1559 τὸ
2785 1505 2986 1576 δραθέν
3009 1506 3037 1558 ὁ
3077 1505 3382 1577 ἡγούμενος
3433 1507 3491 1560 ἐν
3552 1505 3735 1560 οὐδενῖ

2141 1595 2287 1666 λόγῳ
2316 1597 2488 1665 ἔθετο,
2517 1597 2653 1650 ἀλλά
2678 1598 2841 1652 πάλιν
2869 1598 3066 1651 ἑαυτὸν
3095 1597 3172 1670 τῷ
3205 1597 3357 1670 ὕπνῳ
3385 1597 3680 1652 ἐκδέδωκεν
3709 1638 3727 1660 ,

2143 1689 2207 1742 ἐκ
2235 1688 2492 1760 δευτέρου
2515 1689 2703 1760 βλέπει
2740 1688 2832 1743 καί
2865 1691 3052 1743 ἀκούει
3075 1689 3145 1742 τά
3171 1690 3353 1760 ὅμοια.
3396 1689 3480 1754 Ὧς
3526 1689 3582 1743 δὲ
3629 1688 3731 1743 καὶ

450 1799 560 1839 non
621 1784 929 1853 colligeret,
984 1781 1147 1836 lct'lio
1212 1791 1507 1852 martyrem
1561 1783 1706 1836 ridet
1741 1799 1848 1837 nou
1915 1781 2030 1851 jam

2142 1780 2224 1834 ἐτι
2249 1781 2428 1851 νωθὴς
2460 1782 2554 1835 καὶ
2576 1781 2848 1853 ὑπνώδης,
2880 1783 2954 1846 ὼς
2980 1781 3178 1848 ἔοικεν,
3201 1781 3276 1836 ῶν
3309 1783 3410 1836 οὒκ
3434 1784 3730 1854 ἀνέφερεν,

445 1875 647 1932 blande
696 1891 763 1930 ac
817 1875 1064 1930 hilariter
1130 1875 1582 1944 pt'wcipiettlettt,'
1617 1876 1710 1930 sed
1774 1875 2034 1929 atrociter

449 1969 816 2033 minitantem,
852 1968 1172 2040 plagasque,
1227 1977 1286 2023 ιιι
1316 1968 1634 2037 apparebat,
1674 1967 1876 2023 inferre
1916 1975 2033 2021 ten-

449 2071 678 2127 tantem,
726 2062 777 2115 ni
834 2061 1001 2115 citius
1051 2059 1205 2129 jussa
1256 2070 1563 2130 praestaret.
1620 2058 1778 2114 Tunc
1849 2061 2032 2126 itaque

448 2153 594 2208 velut
655 2168 799 2223 aegre
846 2168 1132 2220 emergens
1179 2151 1455 2222 mortique
1504 2150 1741 2206 vicinum
1776 2165 2030 2206 somnum

447 2245 624 2301 oculis
666 2245 955 2298 excutiens
985 2243 1051 2297 ad
1081 2242 1230 2299 iores
1279 2243 1474 2307 venit,
1513 2251 1570 2296 et
1616 2250 1677 2296 ut
1717 2241 1769 2296 ei
1827 2249 2034 2312 martyr

447 2345 800 2406 praeceperat,
833 2350 901 2390 ex
928 2335 1153 2388 nomine
1180 2342 1338 2388 vocat
1366 2350 1380 2397 ξ
1422 2331 1615 2386 Basili.
1663 2332 1770 2386 Cui
1800 2332 1888 2386 illo
1919 2343 2033 2387 sla-

448 2430 544 2484 titn
571 2429 848 2496 respondit
865 2444 878 2480 :
896 2426 1028 2481 Ecce
1043 2443 1158 2497 ego,
1182 2426 1410 2492 domine,
1425 2425 1551 2496 quid
1566 2425 1719 2494 jubes
1738 2441 1883 2480 servo
1903 2426 2034 2479 tuo?

446 2522 806 2576 lutroduccus
827 2535 956 2574 vero
994 2521 1046 2573 in
1079 2519 1495 2583 monasterium,
1525 2533 1648 2573 cum
1680 2517 1934 2588 squalore
1955 2531 2034 2573 ac

445 2613 702 2668 sordibus
733 2611 973 2667 obsitum
1005 2612 1252 2681 solisque
1279 2609 1572 2665 ardoribus
1601 2609 1757 2679 longe
1775 2619 2030 2665 exustum

443 2705 848 2772 conspexisset,
899 2706 1324 2758 convenientem
1365 2717 1557 2757 curam
1591 2703 2034 2772 obsequiumque

445 2794 696 2850 adhibuit
720 2808 786 2849 ac
815 2793 967 2848 omni
1001 2793 1350 2847 humanitate
1375 2793 1603 2864 accepit.
1625 2791 1764 2846 Tum
1799 2807 2031 2849 monens

445 2897 506 2942 ut
542 2896 818 2943 secretum
887 2900 1056 2956 penes
1092 2899 1153 2940 se
1187 2895 1394 2950 teneat,
1433 2895 1731 2955 careatque
1767 2886 2028 2955 cuiquam

444 2981 703 3051 evulgare
734 2979 805 3035 ob
831 2981 906 3034 rei
934 2979 1264 3049 periculum,
1292 2979 1554 3050 martyris
1594 2979 1670 3033 illi
1704 2979 1908 3033 indicat
1935 2992 2030 3032 va-

445 3071 718 3136 ticinium,
763 3080 819 3126 et
870 3078 932 3125 ut
957 3080 1084 3141 post
1130 3078 1388 3125 eventum
1437 3071 1778 3125 meminisset
1822 3069 2032 3139 jurejug

443 3164 616 3220 rando
637 3161 952 3234 obstringit.
978 3163 1116 3218 Cum
1150 3169 1337 3218 autem
1358 3160 1596 3218 Basilius
1620 3177 1719 3216 nec
1741 3169 2029 3230 acceptare

443 3258 748 3325 videretur,
778 3257 924 3327 quod
945 3271 1034 3312 res
1067 3255 1190 3326 ejus
1222 3255 1448 3311 modunt
1479 3257 1790 3316 excederet,
1819 3251 1915 3307 sed
1939 3266 2030 3321 po.

444 3351 556 3406 tius
588 3357 803 3422 rogaret
827 3356 887 3403 ut
911 3346 1043 3418 .ejus
1073 3345 1448 3402 insinuatione
1481 3343 1812 3400 nobiliarum
1850 3341 2030 3410 cujus-

443 3445 569 3501 dam
589 3443 760 3514 obseq
768 3441 990 3512 uiis-pro
1004 3441 1279 3496 comitatu
1295 3451 1521 3507 operam
1543 3435 1800 3490 addicere
1818 3434 2027 3498 liceret,

446 3537 680 3608 impigre
711 3551 770 3592 se
817 3534 1191 3604 prarstiturum
1229 3529 1524 3602 praefectus
1575 3529 1629 3583 in
1688 3543 1750 3584 se
1801 3529 2027 3597 recepit.

444 3628 708 3697 Quodque
727 3627 1059 3680 monasterio
1078 3621 1409 3678 [atniliarius
1439 3621 1694 3676 utebatur
1722 3619 2032 3689 saepiusque

445 3719 624 3774 amice
674 3715 948 3771 iuvisebat
1003 3710 1286 3766 Michaelis
1341 3707 1691 3778 imperatoris
1733 3705 2033 3775 Barquue

444 3811 680 3868 Caesaris
719 3806 1080 3863 consobrinus
1106 3801 1546 3874 (TheOpbilitzen
1573 3802 1730 3871 quasi
1764 3800 2032 3856 subblan-

446 3903 648 3959 diendo
661 3915 725 3956 ac
740 3898 1024 3954 minuendi
1046 3897 1218 3952 forma
1233 3895 1395 3967 225
1409 3893 1676 3950 vocabant
1693 3910 1708 3959 ;
1724 3908 2028 3965 cognomen

446 3999 568 4052 viro
584 3991 1029 4064 Paedeuomeno),
1056 3991 1104 4047 ei
1139 3991 1427 4062 praefectus
1450 3988 1712 4044 Basilium
1743 4002 2028 4044 commen-

445 4093 561 4148 dat.
585 4091 714 4145 Erat
732 4089 878 4143 enim
906 4087 1084 4142 minor
1116 4086 1206 4142 hic
1227 4083 1566 4154 TheOphilus
1593 4082 1808 4152 magn-is
1829 4081 2026 4152 cegita-

447 4185 689 4241 tionibus
716 4179 958 4248 inﬂatus,
980 4195 1082 4235 nec
1101 4196 1130 4232 a
1150 4177 1553 4248 magniﬁcentia
1572 4175 1898 4239 abhorrens,
1934 4172 2031 4229 sed

445 4275 710 4346 quiriros
745 4281 1000 4327 strenuos
1043 4269 1344 4336 forquue
1389 4265 1658 4336 elegantia
1702 4279 1768 4317 ac
1819 4273 2028 4318 statura

446 4367 778 4438 conspicuos
803 4364 1260 4434 potissimumque
1282 4357 1604 4411 fortitudine
1630 4365 1794 4424 atque
1830 4355 2028 4408 robore

2142 1875 2206 1926 ἐκ
2243 1873 2430 1944 τρίτου
2479 1872 2667 1942 βλέπει
2692 1873 2785 1928 τὸν
2834 1875 3109 1946 μάρτυρα,
3159 1873 3343 1928 ούκέτι
3394 1874 3579 1946 πράως
3632 1873 3735 1927 καί⁸

2146 1965 2346 2036 ἱλαρῶς
2379 1965 2912 2038 παρακελευόμενον,
2948 1965 3083 2019 ἀλλὰ
3124 1966 3368 2037 σφοδρῶς
3399 1965 3734 2020 ἀπειλοῦντα

2141 2060 2237 2113 καὶ
2267 2060 2538 2130 μάστιγας
2564 2057 2642 2131 τῷ
2669 2058 2844 2112 δοκεῖν
2881 2059 3162 2128 ἐπιφέρειν
3191 2058 3552 2130 πειρώμενον,
3577 2062 3624 2112 εί
3652 2059 3733 2132 μὴ

2143 2153 2340 2208 θᾶττον
2367 2153 2708 2224 ὑπηρετήσει
2741 2152 2879 2223 πρὸς
2905 2153 2972 2206 τὰ
3011 2153 3304 2223 λεγόμενα.
3362 2152 3497 2206 Τότε
3543 2153 3588 2206 δ’
3631 2149 3732 2206 οῦν

2145 2247 2300 2318 μόλις
2356 2247 2521 2299 οἱονεὶ
2568 2243 2853 2316 ἀνανήψας
2913 2245 3010 2297 καὶ
3071 2244 3162 2298 τὸν
3199 2245 3421 2312 γείτονα
3486 2245 3728 2299 Θανάτου

2143 2339 2314 2393 ὕπνον
2343 2337 2454 2392 τῶν
2481 2337 2773 2409 ὀφθαλμῶν
2821 2337 3291 2408 ἀποτιναξάμενος
3339 2338 3416 2407 τῷ
3439 2337 3480 2373 ³³
3517 2339 3732 2390 πυλῶνγ⁵

2140 2433 2450 2501 ἐφίσταται,
2480 2429 2737 2485 καὶκατὰ
2770 2429 2832 2484 τὸ
2858 2429 2951 2483 τοῦ
2981 2431 3262 2502 μάρτυρος
3298 2431 3634 2501 πρόσταγμα
3664 2429 3734 2496 ἐξ

2139 2524 2403 2594 ὀνόματος
2443 2523 2678 2578 ’ἐκάλειο
2708 2523 3010 2577 Βασίλειε.
3059 2523 3114 2576 Ὁ
3165 2523 3222 2576 δὲ
3271 2522 3433 2585 εὐθὺς
3490 2523 3731 2594 ἀπεκρί-

2141 2628 2307 2666 νατο·
2357 2611 2516 2667 Ἰδοὺ
2583 2610 2742 2680 ἐγὼ,
2815 2611 3019 2678 κύριε,
3084 2611 3142 2665 τί
3169 2609 3588 2680 προστάσσεις
3647 2604 3734 2678 τῷ

2139 2704 2341 2768 δούλῳ
2369 2718 2527 2767 σου;
2558 2702 2702 2756 Είσω
2721 2701 2779 2756 δὲ
2809 2701 2972 2756 αὐτὸν
3001 2701 3102 2772 τῆς
3136 2702 3305 2772 μονῆς
3332 2705 3730 2773 ποιησάμενος,

2139 2800 2234 2853 καὶ
2263 2796 2386 2852 ιδὼν
2413 2797 2674 2870 ῥυπῶντά
2695 2797 2739 2830 ³⁸
2773 2813 2835 2850 τε
2867 2795 2962 2850 καὶ
2987 2795 3288 2867 αὐχμῶντα
3322 2796 3416 2849 καὶ
3446 2796 3614 2850 πολὺν
3633 2795 3735 2848 ἐπὶ

2138 2892 2232 2948 τοῦ
2267 2891 2560 2964 προσώπου
2585 2891 2678 2946 τὸν
2703 2890 2749 2922 ⁸⁸
2769 2890 2920 2962 ἥλιον
2943 2889 3199 2960 φέροντα,
3231 2889 3328 2959 τῆς
3355 2889 3584 2961 δεούσης
3611 2890 3733 2943 ἐπι-

2111 3034 2119 3046 .
2142 2988 2364 3060 μελείας
2387 2987 2482 3040 καὶ
2500 2985 2798 3056 θεραπείας
2823 2983 3061 3054 ἠξίωσεν
3085 2983 3179 3036 καὶ
3210 2983 3393 3052 πάσης
3419 2981 3732 3054 φιλανθρω-

2114 3081 2270 3143 "nia;
2293 3073 2756 3150 μετέδωκενΕἷτα
2771 3075 2832 3128 τὸ
2849 3078 3148 3146 μυστήριον
3169 3075 3300 3146 παρ’
3324 3074 3501 3148 ἐαυτῷ
3525 3077 3734 3147 φυλάτ-

2131 3189 2247 3226 τειν
2268 3169 2363 3224 καὶ
2385 3169 2521 3239 πρὸς
2542 3167 2748 3240 μηδένα
2765 3166 3062 3236 ἐκλαλῆσαι
3081 3166 3169 3220 διὰ
3195 3165 3254 3219 τὸ
3275 3167 3594 3232 κινδυνῶδες
3611 3168 3732 3220 είσσ⁵

2132 3261 2504 3333 ηγησάμενος,
2522 3258 2623 3328 τὴν
2639 3255 2734 3310 τοῦ
2781 3256 3062 3329 μάρτυρος
3077 3257 3225 3326 αὐτῷ
3240 3258 3552 3331 ἐφανέρωσε
3569 3261 3735 3332 1:96;,-

2135 3357 2292 3425 ρησιν
2312 3351 2561 3422 καὶπρὸς
2588 3348 2650 3402 τὸ
2678 3350 2988 3422 μεμνῆσθαι
3013 3350 3156 3423 μετά
3174 3352 3271 3425 τὴν
3297 3353 3524 3408 ἔκϐασιν
3546 3357 3729 3425 tmpu-

2133 3445 2340 3498 λίσατο.
2371 3445 2480 3497 Τοῦ
2505 3443 2582 3509 δὶ,
2607 3442 2683 3506 ώς
2710 3443 2854 3513 ὑπὲρ
2885 3445 3047 3499 αὑτὸν
3075 3445 3229 3510 ὄντος
3245 3445 3338 3500 τοῦ
3357 3449 3724 3518 πράγματος,

2137 3537 2274 3608 μηδέ
2307 3535 2719 3606 παραδέχεσθαι
2742 3535 3018 3603 δόξαντος,
3056 3537 3192 3591 ἀλλὰ
3225 3537 3428 3608 μᾶλλον
3472 3539 3724 3593 διἀύτοῦ

2133 3626 2410 3693 ἀξιοῦντος
2448 3626 2846 3696 εἰσοικισθῆναι
2872 3627 2966 3679 καὶ
2999 3625 3140 3695 πρὸς
3195 3626 3446 3682 δουλείαν
3499 3628 3724 3698 δοθῆναι

2132 3720 2242 3773 τῶν
2268 3719 2694 3789 ἐμφανεστέρων
2722 3719 2852 3782 τινὶ,
2886 3717 3190 3789 προθύμως
3223 3719 3417 3771 ἐαυτὸν
3451 3720 3533 3781 είς
3563 3719 3724 3773 τοῦτο

2134 3811 2410 3866 ἐπέδωκεν
2439 3811 2816 3882 ὁήγούμενος.
2857 3810 2968 3865 Καὶ
2999 3812 3123 3864 ἐπεὶ
3155 3811 3406 3880 συνήθως
3435 3809 3550 3880 εἶχε
3585 3810 3722 3878 πρὸς

2133 3906 2231 3979 τὴν
2251 3906 2507 3976 τοιαύτην
2535 3907 2702 3977 μονὴν
2718 3906 2813 3959 καὶ
2828 3904 3092 3966 πολλάκις
3115 3903 3411 3974 ἐτύγχανεν
3434 3905 3610 3957 ἐκεῖσε
3633 3919 3720 3972 ιρι-

2133 4002 2264 4065 λίως
2292 3999 2493 4071 φοιτῶν
2530 3999 2559 4051 ὁ
2599 3997 2694 4052 τοῦ
2729 3997 2999 4069 βασιλέως
3039 3997 3262 4068 Μιχαὴλ
3295 3998 3389 4050 καὶ
3426 3996 3605 4069 Βάρδα
3627 3995 3722 4049 τοῦ

2134 4096 2416 4166 Καίσαρος
2457 4092 2752 4164 συγγενὴς,
2785 4093 2846 4146 ὃν
2886 4091 3344 4163 ὑποκοριζόμενοι
3367 4090 3724 4162 Θεοφιλίτζην

2135 4188 2385 4254 ἐκάλουν,
2414 4187 2706 4257 ἐπώνυμον
2720 4186 2957 4257 φέροντα
2983 4185 3078 4238 τὸν
3103 4185 3526 4256 Παιδευόμενον,
3549 4184 3724 4256 τούτῳ

2135 4280 2434 4350 συνέστησε
2478 4281 2569 4332 τὸν
2599 4278 2882 4330 Βασίλειον
2901 4280 2929 4330 ὁ
2952 4277 3284 4347 ἡγούμενος·
3321 4277 3585 4348 ἐτύγχανε
3613 4277 3723 4347 γάρ

2135 4387 2255 4433 πως
2283 4369 2345 4422 τὸ
2371 4368 2708 4437 Θεοφιλίδιον
2738 4367 2896 4422 τοῦτο
2935 4367 3139 4439 γαῦρον
3167 4367 3227 4422 ὃν
3270 4369 3348 4440 τῷ
3406 4371 3722 4440 φρονήματι

449 4468 768 4532 praestantes
822 4457 876 4510 in
911 4455 1178 4509 comitatu
1235 4451 1435 4504 habere
1493 4448 1770 4513 studebat,
1809 4447 2024 4517 sibique

2137 4463 2228 4515 καὶ
2271 4460 2758 4533 μεγαλοφροσύιης
2788 4463 2888 4515 οὐκ
2942 4461 3215 4532 ἀφεστὼς,
3272 4461 3357 4535 [Ρ.
3403 4462 3529 4534 Ml]
3587 4462 3724 4517 ἀλλὰ

446 4553 554 4607 illis
585 4549 834 4621 placebat
854 4561 917 4600 ac
945 4544 1220 4599 ttoncstari
1239 4541 1532 4596 ambiebat.
1561 4538 1806 4595 Vidisses
1840 4541 2025 4592 statim

447 4644 644 4700 sericis
693 4641 914 4695 indutos
947 4653 1013 4693 ac
1062 4637 1272 4705 reliquo
1301 4635 1452 4690 cultu
1493 4634 1711 4704 egregie
1775 4643 2025 4688 ornatos.

446 4739 544 4795 His
583 4735 853 4790 adlectum
892 4747 1086 4787 recens
1107 4732 1402 4784 admodum
1431 4729 1721 4798 quas-itum
1764 4729 2026 4799 juvenem

446 4831 732 4893 Basilium,
768 4842 835 4882 ac
883 4838 999 4880 tum
1034 4815 1518 4894 corporisirobore
1538 4831 1659 4875 tum
1701 4820 1872 4875 animi
1920 4822 2030 4874 vir-

457 4918 1031 4991 tute-longe-reliquis
1065 4925 1329 4988 prastare
1367 4915 1572 4980 visum,
1619 4929 1781 4969 suum
1842 4911 2034 4984 proto-'

448 5025 740 5074 stratorem
762 5014 917 5077 iecit,
955 5010 1262 5080 maiorique
1295 5009 1492 5064 indies
1521 5023 1710 5062 amore
1737 5023 2032 5078 proseque-

446 5113 626 5176 batur,
665 5123 728 5163 ac
783 5121 885 5179 pro
913 5105 1131 5162 eximiis
1172 5104 1306 5174 eius
1352 5103 1575 5158 dotibus
1631 5102 2026 5157 admirabatur.

445 5203 794 5260 Germ-batur
838 5201 988 5256 enim
1007 5208 1090 5253 ὀι
1143 5213 1309 5252 IIIIDII
1357 5210 1618 5252 strenuus
1643 5206 1811 5265 atque
1844 5196 2030 5250 animo

447 5296 712 5366 prudens,
749 5303 805 5350 et
851 5294 924 5348 ad
957 5290 1346 5363 .przstandum
1405 5289 1674 5360 quidquid
1719 5288 2024 5358 iniunctum

445 5396 594 5444 esset
624 5388 823 5457 oppido
860 5395 1146 5456 prmitptus
1172 5391 1228 5439 et
1257 5383 1452 5438 solers.

2134 4557 2214 4618 εἰς
2249 4557 2489 4625 σπουδὴν
2523 4555 2646 4626 ἕχον
2683 4556 2964 4624 γενναίους
3001 4557 3206 4629 ἄνδρας
3243 4557 3339 4612 καὶ
3364 4559 3593 4622 εὐειδεῖς
3625 4559 3721 4610 καὶ.

2133 4649 2392 4718 εὑήλικας
2435 4650 2528 4702 καὶ
2565 4647 2654 4704 ἐπ’
2688 4650 2883 4722 ἀνδρίᾳ
2917 4649 3154 4720 μάλιστα
3205 4653 3298 4704 καὶ
3333 4653 3495 4723 ῥώμῃ
3529 4651 3719 4722 σώμα-

2131 4759 2224 4806 τος
2253 4742 2618 4813 διαφέροντας
2644 4743 2952 4814 κεκτῆσθαι
2981 4745 3111 4814 περὶ
3147 4745 3311 4798 αὐτὸν
3349 4745 3444 4798 καὶ
3474 4745 3569 4798 ἐπὶ
3599 4747 3720 4797 τού-

2131 4844 2246 4892 τοις
2277 4831 2424 4899 μέγα
2459 4834 2679 4901 φρονεῖν
2717 4835 2812 4885 καὶ
2860 4834 3262 4904 σεμνύνεσθαι·
3306 4833 3402 4898 οὓς
3455 4835 3618 4897 εὐθὺς
3652 4831 3722 4908 ἦν

2136 4923 2272 4994 δρᾷν
2306 4925 2562 4995 σηρικαῖς
2592 4942 2652 4977 τε
2683 4929 3096 4997 κοσμουμένους
3143 4927 3338 4996 ἐσθῆσι
3368 4928 3461 4982 καὶ
3491 4933 3556 5000 τῇ
3587 4929 3724 5004 ἄλλῃ

2139 5016 2452 5090 καταστολῇ
2481 5018 2904 5091 διαπρέποντας.
2940 5020 3165 5084 Τούτοις
3201 5021 3578 5091 καταλεγέντα
3633 5025 3724 5077 τὸν

2136 5111 2334 5182 νέηλυν
2366 5099 2587 5167 νεανίαν
2625 5111 2930 5180 Βασίλειον,
2985 5114 3084 5167 καὶ
3111 5115 3157 5146 ⁸⁸
3200 5114 3340 5168 κατά
3386 5116 3522 5169 πολὺ
3581 5135 3722 5188 προ-

2138 5203 2286 5274 έχειν
2318 5202 2548 5270 δόξαντα
2580 5204 2690 5258 τῶν
2711 5205 2916 5258 λοιπῶν
2935 5205 3078 5259 κατά
3098 5223 3161 5258 τε
3193 5209 3520 5278 σωματικὴν
3550 5207 3724 5277 ἁλγξν

2135 5296 2230 5349 καὶ
2260 5295 2499 5367 ψυχικὴν
2521 5295 2768 5367 ἀνδρίαν,
2794 5301 3265 5371 πρωτοστράτορα
3299 5299 3468 5354 αὑτοῦ
3491 5317 3695 5368 πεποπι

2133 5405 2230 5442 κεν
2255 5391 2284 5442 ὁ
2309 5389 2593 5458 Θεόφιλος,
2618 5392 2714 5442 καὶ
2744 5391 2961 5461 ἡμέραν
2979 5390 3037 5458 ἐξ
3072 5393 3103 5461 ἡ
3113 5392 3179 5460 μέ
3191 5409 3286 5461 ρας
3308 5393 3400 5445 ἐπὶ
3422 5391 3581 5445 πλέον
3597 5391 3726 5459 ἡτα-

449 5491 590 5540 πατο
610 5483 740 5555 παρ’
767 5483 932 5537 αὑτοῦ
968 5483 1060 5536 καὶ
1095 5483 1184 5535 ἐπὶ
1210 5483 1323 5544 τοῖς
1352 5481 1574 5541 οἰκείοις
1605 5481 2020 5551 προτερήμασιν
2059 5483 2418 5554 ἐθαυμάζετο·
2441 5486 2693 5555 ἐφαίνετο
2717 5488 2824 5557 γὰρ
2858 5488 2952 5540 καὶ
2986 5490 3128 5542 κατᾶ
3154 5492 3308 5560 χεῖρα
3344 5491 3587 5558 γενναῖος
3629 5488 3724 5541 καὶ

451 5583 592 5634 κατὰ
615 5582 791 5648 Qad/fry
832 5578 1054 5638 συνετὸς
1095 5579 1188 5629 καὶ
1215 5575 1351 5645 πρὸς
1383 5572 1442 5627 τὸ
1472 5573 1832 5643 κελευόμενον
1865 5579 1974 5628 πᾶν
2004 5577 2130 5642 ὀξύς
2168 5595 2226 5630 τε
2259 5577 2353 5632 καὶ
2375 5579 2700 5647 ἐπιτήδειος.

1754 5670 1985 5724 VARI/li
2029 5671 2430 5727 LECTIONES.

522 5764 564 5797 "
598 5765 714 5840 ἐπὶ]
744 5767 872 5835 περὶ
897 5767 1005 5820 ΑΡ.
1086 5768 1127 5798 ³³
1154 5765 1230 5835 τῷ
1250 5783 1361 5821 om.
1398 5767 1458 5823 Ρ.
1539 5769 1583 5802 ³⁹
1612 5767 1890 5836 ρυποῦντα
1935 5769 2024 5824 καὶ
2055 5769 2113 5824 l‘.

2194 5770 2238 5803 δ’
2271 5769 2352 5824 τὸν
2387 5786 2495 5825 om.
2539 5769 2599 5824 P.
2682 5773 2718 5802 ἰ’
2765 5778 2841 5827 κα’
2885 5773 3077 5830 ι)ιιι.Ρ.
