4144 6422
543 236 657 300 263

1630 229 2147 294 TIIEOPHANES
2169 227 2731 289 CONTINUATUS.

3740 232 3847 301 264

544 351 628 422 ﬁli
663 348 922 420 improbe,
977 348 1116 402 Deus
1151 361 1366 400 manum
1401 361 1553 399 suam
1607 347 1822 399 abstulit
1861 364 1892 398 a
1925 356 2019 407 te;
2051 345 2150 397 da-

2269 342 2428 396 πολλὰ
2464 343 2574 396 τῶν
2607 343 2896 414 παρόντων
2941 345 3413 410 καταστενάξασα,
3458 348 3552 400 καὶ
3588 349 3853 417 πλείστας

548 451 734 512 tusque
761 440 857 496 tibi
881 449 957 494 est
975 455 1159 493 mnus
1186 437 1459 505 reprobus,
1485 448 1540 490 ut
1569 437 1740 506 facias
1770 453 1886 508 qum
1914 438 2066 506 longe
2089 436 2153 488 ab

545 535 716 606 ofﬁcio
747 543 891 589 sunt.
930 533 1110 603 Atque
1147 531 1236 588 bis
1267 530 1452 597 dictis,
1489 541 1544 584 et
1579 546 1702 586 cum
1736 530 1938 598 ejulatu
1981 546 2046 586 ac
2079 531 2158 584 Ia-

546 629 758 691 crimis,
785 627 968 683 crines
996 626 1225 694 vellens,
1253 625 1503 681 recessit.
1532 625 1688 680 Talia
1724 623 1976 694 generosi
2005 622 2154 692 prin-

547 723 684 791 cipis
729 721 870 776 facta
903 729 1164 787 strenua;
1212 718 1548 788 ejuscemodi
1592 719 1740 773 illius
1786 719 1933 772 circa
1970 717 2156 772 divina

548 827 850 881 sacrosque
880 811 1135 866 homines
1173 810 1507 881 reiigiositas
1547 826 1611 864 ac
1642 808 1972 864 reverentia.

2255 435 2396 505 ἀρὰς
2437 433 2516 505 τῷ
2554 433 2657 504 υἱῷ
2679 434 3041 505 ἐπιῤῥίψασα,
3090 435 3245 500 τέλος
3275 437 3456 501 ἐξεῖπε
3489 439 3625 510 πρὸς
3658 440 3852 510 αὐτὸν,

2253 528 2336 581 ὅτι
2379 527 2548 592 Ἰδοὺ,
2580 527 2772 581 κακὸν
2796 527 3030 594 τέκνον,
3065 531 3099 584 ὁ
3129 529 3274 595 Θεὸς
3298 529 3411 599 τὴν
3446 529 3617 600 χεῖρα
3658 532 3853 588 αὑτοῦ

2254 620 2541 690 ἀφείλετο
2573 621 2692 674 ἀπὸ
2724 621 2866 686 σοῦ,
2903 619 3002 674 καὶ
3029 621 3209 689 ἐδόθη
3241 639 3341 676 σοι
3368 623 3655 693 ἀδόκιμος
3701 626 3857 693 νοῦς

2255 713 2450 767 ποιεῖν
2478 713 2550 768 τὰ
2582 713 2663 781 μὴ
2695 713 3057 778 καθήκοντα.
3095 715 3208 768 Καὶ
3259 715 3433 769 ταῦτα
3483 717 3718 772 εἰποῦσα
3753 717 3857 773 καὶ

2263 805 2382 876 μετ’
2418 805 2656 877 ὀδυρμοῦ
2681 805 2822 880 [καὶ]
2857 807 3071 878 θρήνων
3094 809 3189 872 τὰς
3211 809 3419 874 οἰκείας
3447 811 3636 881 τρίχας
3667 810 3858 864 ἐκτίλ-

545 903 714 958 λουσα
750 901 1126 974 ἀνεχώρησεν.
1161 901 1399 956 Τοιαῦτα
1440 901 1535 956 τοῦ
1561 902 1814 968 γενναίου
1846 900 2112 972 βασιλέως
2143 899 2210 953 τὰ
2249 898 2644 971 νεανιεύματα,
2673 901 2766 953 καὶ
2799 899 3025 971 τοιαύτη
3069 899 3290 973 αύτοῦὴ
3321 903 3449 972 περὶ
3483 903 3549 956 τά
3582 902 3702 956 θεῖα
3762 902 3860 958 κιὶ

547 1001 678 1063 τοὺς
711 999 894 1070 ἱεροὺς
926 997 970 1029 ¹⁰
996 995 1202 1069 ἄνδρας
1235 997 1455 1066 ὁσιότης
1493 1013 1553 1050 τε
1584 995 1678 1049 καὶ
1705 995 1986 1049 εὐλάϐεια.

621 1097 715 1151 24.
778 1095 913 1149 Cum
970 1095 1100 1150 talia
1160 1102 1327 1165 atque
1392 1094 1478 1149 bis
1536 1093 1693 1165 plura
1750 1092 2156 1162 deterioraque,

552 1187 794 1258 quandiu
833 1201 1014 1241 rerum
1050 1186 1258 1256 potitus
1289 1195 1394 1251 εει,
1423 1185 1492 1239 ab
1525 1201 1590 1240 eo
1621 1187 1674 1240 in
1724 1186 1840 1241 dies
1871 1195 2160 1256 patraren-

553 1293 663 1344 tur,
695 1295 760 1334 ac
805 1287 918 1334 tum
961 1279 1125 1334 etiam
1171 1295 1296 1334 cum
1332 1277 1600 1333 Basiliam
1631 1278 1848 1349 imperii
1893 1279 2160 1350 collegam

551 1374 832 1444 allegisset
880 1373 935 1428 in
989 1373 1182 1428 iisdem
1234 1381 1573 1438 versaretur,
1634 1372 1830 1426 videns
1894 1371 2011 1426 luce
2073 1371 2164 1426 ille

551 1467 889 1534 audiensque
922 1464 1088 1520 nimis
1122 1467 1359 1535 graviter
1385 1463 1828 1519 discruciabatur
1861 1462 2159 1532 animoque

552 1555 798 1619 dolebat,
850 1570 914 1610 ac
961 1569 1064 1609 nec
1113 1555 1295 1609 vivere
1325 1554 1656 1610 sustinebat.
1706 1551 1933 1623 Hocque
1968 1552 2157 1606 animo

550 1648 788 1716 agitans,
820 1656 879 1701 ut
902 1662 1068 1717 quam
1104 1655 1291 1716 posset
1317 1661 1539 1700 onmem
1576 1644 1901 1700 medicinam
1931 1643 2156 1698 adbibe-

553 1739 939 1807 ret,'niliilque
968 1739 1114 1808 quod
1146 1737 1214 1791 ad
1251 1737 1695 1792 emendationem
1724 1745 1975 1806 spectare
2007 1734 2156 1788 vide-

2333 1085 2430 1142 κδ’.
2466 1084 2741 1140 Τοιούτων
2769 1082 2832 1139 δὲ
2873 1085 2967 1138 καὶ
2999 1085 3265 1157 χειρόνων
3299 1084 3511 1139 πολλῶν
3556 1083 3681 1138 καθ’
3725 1085 3859 1138 ἐκά-

2261 1201 2394 1255 στην
2415 1182 2565 1250 παρὰ
2589 1181 2768 1235 πάντα
2785 1181 2878 1233 τὸν
2895 1179 2996 1250 τῆς
3022 1178 3302 1251 βασιλείας
3323 1179 3490 1233 αὑτοῦ
3511 1179 3704 1250 χρόνον
3721 1176 3862 1250 παρ’

2263 1273 2430 1328 αὐτοῦ
2450 1271 2773 1344 γινομένων,
2806 1271 2928 1324 ἐπεὶ
2945 1271 3041 1325 καὶ
3067 1270 3206 1340 μετὰ
3228 1271 3288 1324 τὸ
3319 1270 3728 1342 προσλαϐέσθαι
3755 1271 3862 1322 καὶ

2262 1366 2552 1438 ἀνυψῶσαι
2603 1364 2696 1418 τὸν
2751 1363 3034 1418 Βασίλειον
3089 1363 3222 1434 περὶ
3265 1361 3334 1416 τὰ
3387 1363 3550 1433 ὅμοια
3599 1363 3867 1434 ἀνεστρέ-

2273 1475 2426 1527 φετο,
2481 1456 2624 1529 ὁρῶν
2667 1455 2840 1510 ταῦτα
2871 1458 2971 1509 καὶ
3010 1454 3226 1509 ἀκούων
3268 1457 3480 1518 ἐκεῖνος
3516 1451 3643 1507 λίαν
3700 1455 3865 1508 ὲδυσυ

2265 1552 2422 1622 φόρει
2456 1553 2549 1604 καὶ
2592 1551 2784 1619 ⁴ἦνιδῖτο
2827 1549 2922 1602 καὶ
2951 1548 3051 1621 τὴν
3091 1547 3288 1602 ἑαυτοῦ
3325 1548 3472 1620 ζωὴν
3528 1546 3862 1616 ἁπελέγετο.

2265 1641 2600 1710 Βουλδμενος
2627 1640 2685 1693 δὲ
2733 1643 2915 1694 πᾶσαν
2948 1638 3047 1710 τὴν
3077 1639 3116 1670 ¹¹
3147 1637 3383 1710 δυνατὴν
3413 1639 3700 1709 ἐπιφέρειν
3733 1639 3866 1708 βοή-

2265 1729 2418 1783 θειαν
2480 1731 2576 1783 καὶ
2620 1728 2792 1800 μηδὲν
2838 1727 2950 1784 τῶν
3001 1728 3080 1794 εἷς
3131 1730 3510 1801 ἐπανόρθωσιν
3556 1728 3866 1784 δοκούντων

553 1841 705 1886 retur
757 1833 1059 1894 omitteret,
1097 1831 1252 1901 prius
1285 1829 1506 1900 quidem
1541 1829 1846 1884 conabatur
1883 1843 1980 1898 per
2019 1828 2156 1881 alios

2269 1823 2461 1876 τείνειν
2501 1824 2857 1893 παραλιπεῖν,
2908 1823 3177 1894 πρότερον
3221 1821 3320 1892 μὲν
3372 1819 3440 1875 δι’
3472 1820 3677 1891 ἑτέρων
3709 1823 3867 1875 ἐπει-

557 1939 588 1979 a
633 1925 838 1980 talibus
881 1939 1006 1980 eum
1045 1923 1212 1995 248
1239 1924 1440 1978 studiis
1469 1930 1758 1978 avocatum
1807 1925 1875 1976 ad
1919 1921 2154 1976 cilicium

557 2015 883 2092 frugemque
913 2017 1196 2072 meliorem
1221 2015 1484 2072 reducere
1511 2033 1525 2080 ;
1553 2024 1740 2086 postea
1775 2026 1960 2070 autem
1989 2029 2160 2068 ausus

556 2097 780 2164 tandem
819 2118 904 2166 est
949 2118 1004 2165 et
1042 2110 1160 2181 ipse
1192 2125 1290 2180 per
1319 2125 1379 2166 se
1414 2109 1586 2164 animi
1618 2109 1996 2164 benevolentia
2035 2122 2161 2178 pro-

557 2209 739 2269 naque
812 2199 1100 2254 voluntate
1153 2200 1541 2270 imperatorem
1607 2200 1887 2270 corripere
1951 2212 2052 2266 ac,
2113 2197 2161 2252 si

555 2291 770 2358 liceret,
803 2291 871 2347 ab
902 2292 1170 2362 ejusmodi
1209 2293 1396 2363 impiis
1413 2291 1575 2346 dictis
1605 2290 1881 2360 factisque
1907 2305 2162 2356 avocare,

560 2383 801 2452 taliaque
831 2381 899 2436 ad
925 2398 1049 2436 eum
1071 2383 1346 2437 submisso
1373 2381 1677 2450 humilique
1696 2381 1881 2436 animo
1898 2390 2165 2452 gestuque

557 2485 612 2530 et
640 2477 827 2529 babitu
863 2475 1168 2530 disserebat
1199 2493 1212 2528 :
1236 2472 1473 2544 {Equum
1495 2483 1595 2541 est,
1623 2489 1653 2526 ο
1679 2473 1890 2528 domine
1913 2483 2166 2544 auguste-

557 2583 678 2638 que,
736 2569 901 2621 tantis
935 2584 967 2620 a
1011 2575 1059 2622 te
1105 2566 1371 2636 beneﬁciis
1429 2581 1492 2619 oc
1546 2565 1850 2619 muneribus
1909 2567 2166 2620 donatum

561 2673 771 2712 monere
797 2675 916 2730 qua:
943 2660 1100 2729 officii
1131 2668 1274 2725 sunt,
1299 2659 1605 2730 optimaque
1635 2659 1954 2713 docuntenta
1982 2658 2164 2712 trade-

562 2766 637 2814 re,
676 2761 725 2805 et
754 2769 871 2824 qua:
900 2753 1060 2807 utilia
1091 2769 1153 2806 ac
1175 2753 1444 2806 salutaria
1475 2762 1596 2806 sunt
1618 2753 1672 2806 in
1695 2761 1916 2806 mentem
1947 2767 2165 2806 revoca-

561 2858 635 2896 re.
671 2842 835 2896 limosi
867 2860 1052 2896 sumus
1083 2846 1170 2915 (ne
1195 2853 1240 2897 te
1277 2845 1465 2907 lateat,
1489 2842 1748 2914 domine),
1769 2844 1918 2898 exosi
1937 2860 2118 2898 sumus
2143 2857 2162 2896 :

562 2936 783 2992 nam'se
817 2939 982 2991 etiam
1016 2938 1130 3007 ipse
1157 2952 1266 2992 una
1305 2937 1572 2992 miscebat
1599 2937 1666 2992 ad
1705 2938 1984 2991 vitandam
2025 2936 2168 2991 invi-

561 3030 729 3095 diam,
753 3031 875 3084 licet
894 3031 947 3084 in
976 3031 1126 3084 nullo
1153 3045 1343 3084 eorum
1372 3045 1495 3101 qua:
1521 3031 1612 3085 ille
1650 3031 1826 3102 turpia
1850 3031 2166 3101 absonaque

561 3124 758 3193 agebat
806 3123 989 3178 sociu‘s
1059 3123 1135 3177 illi
1191 3123 1475 3178 accederet
1517 3139 1531 3177 :
1573 3133 1684 3176 tum
1738 3140 1866 3178 sane
1910 3124 2165 3178 universa:

561 3217 766 3270 civitati
803 3226 913 3268 tum
954 3218 1214 3281 senatui;
1265 3215 1466 3288 Deique
1514 3217 1880 3270 sacerdotibus
1919 3233 2166 3272 exsecra-

566 3309 697 3362 biles
738 3308 1012 3377 devotique
1032 3307 1289 3362 habemur
1317 3326 1338 3375 ;
1381 3325 1472 3362 nec
1497 3321 1572 3362 est
1605 3310 1694 3379 qui
1725 3325 1828 3362 non
1861 3311 2169 3364 criminetur

566 3418 630 3454 ac
653 3402 925 3470 vituperet.
959 3401 1188 3466 Quando
1209 3417 1328 3456 vero
1358 3403 1518 3455 etiam
1540 3402 1686 3455 diras
1717 3401 1991 3455 hominum
2015 3411 2169 3472 atque

567 3496 693 3548 odia
735 3495 886 3548 nihili
926 3495 1221 3564 faciamus,
1253 3505 1308 3549 at
1349 3495 1450 3549 Dei
1483 3506 1658 3550 tamen
1691 3494 2042 3564 formidolosa
2083 3497 2169 3549 in-

567 3590 833 3658 dignatio,
886 3590 1280 3660 timendumque
1308 3600 1384 3644 est
1415 3605 1478 3643 ne
1508 3588 1656 3644 illius
1680 3589 1811 3643 irati
1851 3605 1914 3643 ac
1949 3605 2170 3643 succcn-

569 3683 733 3735 sentis
765 3681 1058 3751 periculum
1104 3682 1242 3734 male
1279 3690 1462 3735 nostro
1488 3681 1774 3750 faciamus.
1825 3679 2024 3736 Verum
2058 3683 2172 3737 haec

569 3772 804 3826 diCCll;lO
854 3782 1040 3842 petras
1072 3773 1382 3828 seminabat
1415 3773 1680 3844 littusque
1707 3773 2086 3844 alloquebatur
2119 3782 2172 3828 et

570 3864 889 3935 Ethiopem
928 3866 1116 3921 lavare
1156 3866 1467 3920 videbatur.
1505 3864 1598 3922 Sic
1636 3867 1742 3921 alte
1773 3867 1936 3922 insita
1971 3866 2168 3921 inﬁxa-

570 3974 676 4030 que
711 3958 786 4012 illi
829 3959 1062 4014 laeserat
1118 3959 1480 4030 improbitas;
1512 3959 1593 4015 sic
1640 3961 1707 4016 ad
1735 3975 1898 4016 omne
1936 3961 2171 4016 salutare

573 4050 842 4105 monitum
888 4051 1281 4118 obsurduerat,
1323 4051 1530 4122 aspidis
1562 4052 1616 4106 in
1654 4065 1860 4107 morem
1907 4051 2170 4106 obturans

572 4159 735 4198 aures
767 4147 834 4198 ad
861 4145 1290 4199 incantamenta.
1328 4141 1448 4199 Non
1486 4145 1664 4200 solum
1703 4145 1848 4200 enim
1878 4142 1946 4199 ad
1977 4143 2170 4198 melio-

573 4253 686 4291 rem
745 4237 959 4306 frugem
1006 4253 1112 4291 non
1151 4237 1388 4302 redibat,
1425 4237 1522 4292 sed
1577 4245 1632 4291 et
1668 4237 1780 4306 jam
1839 4237 2170 4291 monitorem

575 4330 766 4384 oderat
795 4311 1237 4384 ct'aversabatur
1269 4346 1286 4396 ;
1329 4328 1558 4398 liaacque
1597 4329 1734 4382 adeo
1782 4330 1923 4383 inter
1955 4329 2173 4384 sodales

572 4434 628 4479 et
665 4425 941 4494 orgiastas
986 4437 1257 4477 accusans
1302 4422 1652 4492 irridensque
1693 4423 1872 4476 alieno
1906 4437 1964 4476 se
2009 4423 2076 4476 ab
2107 4438 2172 4478 co

2265 1915 2538 1986 pateant.
2565 1915 2676 1969 τῶν
2704 1915 2967 1970 τοιούτων
3003 1915 3344 1986 ἀποτρέπειν
3375 1915 3542 1968 αὐτὸν
3575 1915 3673 1969 καὶ
3721 1915 3865 1988 πρὶς

2259 2009 2322 2064 τὸ
2374 2009 2496 2063 δέον
2547 2009 2946 2078 ἐπαναγαγεῖν,
3015 2008 3213 2062 ἔπειτα
3268 2006 3550 2080 ἐθάρρησὲ
3604 2026 3735 2062 ποτε
3765 2010 3870 2062 καὶ

2260 2101 2424 2165 αὐτὸς
2451 2101 2518 2154 δι’
2547 2099 2742 2154 ἑαυτοῦ
2771 2099 2890 2172 μετ’
2921 2100 3220 2169 εύνοούσης
3268 2100 3498 2172 γνώμης
3529 2101 3628 2154 καὶ
3663 2117 3871 2173 προαιο

2266 2195 2469 2266 ρὲσεως
2492 2194 2817 2266 νουθετῆσαι
2840 2193 2931 2247 τὸν
2961 2193 3212 2264 βασιλέα,
3254 2194 3354 2249 καὶ
3381 2195 3428 2249 εἰ
3461 2194 3710 2263 δυνατὸν,
3729 2196 3876 2248 ἀπ·-

2267 2290 2462 2358 στῆσαι
2492 2288 2534 2318 "
2586 2286 2697 2340 τῶν
2749 2286 3012 2341 τοιούτων
3069 2286 3462 2359 ἀσεϐημάτων,
3537 2288 3633 2341 καὶ
3679 2290 3876 2344 τοιάδε

2267 2379 2405 2452 πρὸς
2441 2379 2610 2434 αύτδν
2647 2379 2768 2449 μεθ’
2805 2377 3273 2442 ὖποπεπτωκότος
3332 2379 3427 2432 καὶ
3477 2378 3740 2433 ταπεινοῦ
3773 2380 3864 2434 δι-

2269 2473 2464 2546 ελέχθη
2499 2472 2595 2528 τοῦ
2636 2473 2681 2505 ⁸³
2721 2472 3021 2546 σχήματοςο
3056 2473 3300 2528 Δικαιόν
3331 2472 3525 2541 ἐστιν,
3568 2469 3615 2529 ῶ
3637 2473 3872 2529 δέσπο-

2269 2585 2340 2624 τα
2361 2567 2460 2622 καὶ
2484 2567 2778 2633 βασιλεῦ,
2810 2567 3124 2621 τοσούτων
3142 2565 3510 2638 εὐεργεσιῶν
3530 2586 3596 2622 τε
3623 2569 3724 2624 καὶ
3751 2569 3874 2623 δω-

2266 2661 2420 2729 ρεῶν
2467 2661 2629 2730 παρὰ
2679 2660 2798 2716 σοῦ
2841 2678 2919 2730 με
2972 2662 3534 2716 καταπολαύσαντα
3576 2663 3675 2716 και
3732 2665 3868 2717 εΙσ⁶

2270 2755 2549 2826 ηγεῒσθαι
2575 2755 2648 2810 τὰ
2672 2753 2888 2809 δέοντα
2917 2755 3016 2809 καὶ
3041 2754 3390 2810 ὑποτιθέναι
3414 2756 3489 2809 τὰ
3520 2755 3732 2824 ἄριστα
3753 2757 3857 2809 καὶ

2269 2847 2765 2918 ὑπομιμνήσκειν
2797 2845 2871 2901 τὰ
2909 2846 3209 2916 λυσιτελῆ
3266 2847 3367 2901 καὶ
3405 2849 3692 2917 σωτήρια.
3751 2851 3866 2902 Μι-

2269 2943 2558 3012 σούμεθίὶ,
2615 2941 2896 3010 γίνωσκε,
2953 2939 3244 3004 δέσποτα,
3311 2942 3648 3010 μισούμεσα
3704 2941 3869 3013 (συγο

2270 3035 2610 3106 κατεμίγνυε
2649 3035 2762 3106 γάρ
2785 3035 2881 3087 καὶ
2915 3034 3111 3088 ἑαυτὸν
3139 3033 3227 3086 διὰ
3250 3033 3312 3087 τὸ
3365 3035 3694 3104 ἀνεπαχθὲς,
3741 3035 3875 3088 καί·

2270 3144 2352 3182 τοι
2385 3127 2612 3199 μηδενὸς
2643 3127 2754 3181 τῶν
2778 3126 2998 3182 ἀτόπων
3026 3120 3176 3196 αύτῴ
3206 3126 3250 3157 ⁸⁵
3277 3126 3574 3200 κοινωνῶν)
3608 3127 3772 3196 παρὰ
3802 3145 3875 3184 τε

2270 3219 2383 3290 τῆς
2413 3220 2648 3288 πόλειιις
2700 3218 2906 3284 πάσης
2938 3218 3037 3272 καὶ
3069 3215 3181 3287 τῆς
3210 3219 3566 3288 συγκλήτου
3598 3220 3876 3290 βουλῆς,

2270 3312 2369 3366 καὶ
2403 3329 2505 3380 παι
2526 3312 2564 3365 ὰ
2587 3307 2705 3365 τῶν
2726 3308 3049 3380 ἀρχιερέων
3079 3312 3229 3366 Θεοῦ
3249 3311 3534 3380 ἐπιίρατοι
3567 3317 3878 3381 καθεστή-

2272 3420 2484 3472 καμεν,
2528 3401 2626 3456 καί
2665 3401 2891 3470 πάντες
2921 3397 3082 3472 ἡμᾶς
3121 3402 3523 3457 διαϐάλλουσι
3558 3403 3659 3457 καὶ
3694 3407 3879 3458 κακί-

2272 3493 2497 3557 ζουσιν,
2537 3496 2669 3548 Ὅτε
2689 3493 2758 3548 δὲ
2806 3495 2908 3548 καὶ
2946 3494 3014 3548 τὸ
3052 3495 3124 3559 ἐξ
3169 3495 3500 3565 ἀνθρώπων
3537 3499 3627 3564 εἰς
3683 3495 3882 3552 οὐδὲν

2272 3590 2674 3662 λογισώμεθα,
2702 3589 3038 3644 δεδοικέναι
3073 3589 3194 3646 κᾶν
3228 3590 3341 3658 τὴν
3368 3592 3488 3645 ἀπὸ
3523 3591 3675 3646 Θεοῦ
3717 3593 3882 3661 ἀγα-

2273 3682 2577 3751 νὰκτησιν
2639 3682 2756 3752 χρὴ
2783 3726 2797 3749 ,
2853 3681 2954 3736 καὶ
2997 3682 3313 3752 φοϐεῖσθαι
3352 3683 3441 3752 μὴ
3492 3683 3886 3755 πειραθῶμεν

2273 3773 2460 3830 αὐτοῦ
2506 3774 2889 3846 ὀργιζομένου
2914 3774 3007 3848 [Ρ.
3047 3773 3172 3847 155]
3214 3774 3315 3828 καὶ
3353 3777 3883 3846 χαλεπαίνοντος.

2287 3869 2451 3924 Ἀλλὰ
2490 3869 2666 3923 ταῦτα
2718 3869 2893 3937 λέγων
2925 3869 3134 3940 πέτρας
3181 3871 3436 3939 ἔσπειρεν
3489 3870 3585 3922 καὶ
3629 3870 3883 3945 αἰγιαλῷ

2276 3962 2600 4036 προσελάλει
2627 3962 2721 4016 καὶ
2755 3962 2991 4033 σμήχειν
3022 3959 3188 4032 ἐῴκει
3234 3961 3471 4015 Αἰθίοπα
3502 3968 3517 3982 ⁹
3554 3961 3699 4016 οὕτω
3743 3964 3880 4016 δευ-

2276 4056 2495 4120 σοποιὸς
2535 4056 2568 4126 ἡ
2612 4055 2850 4125 πονηρία
2905 4055 3098 4124 γέγονε
3138 4054 3271 4127 παρ’
3302 4055 3476 4126 αὐτῷ,
3539 4058 3634 4110 καὶ
3691 4055 3876 4122 οὕτως

2275 4147 2608 4218 ἐξεκὼφει¹⁸
2683 4146 2822 4218 πρὸς
2885 4148 3066 4200 πάντα
3143 4147 3302 4216 λόγον
3350 4148 3648 4219 σωτήριον,
3713 4146 3870 4217 piam

2274 4240 2346 4294 τά
2399 4233 2515 4293 ὦτα
2565 4239 2700 4292 ὡσεὶ
2752 4237 2920 4302 ἀσπὶς
2975 4240 3114 4310 πρὸς
3181 4240 3499 4310 ὲπᾲσματα.
3556 4239 3628 4292 Οὐ
3681 4238 3876 4308 μόνον

2276 4332 2388 4405 γάρ
2470 4333 2530 4386 ού
2596 4330 2962 4402 μετεϐάλλετο
3044 4331 3182 4401 πρδς
3261 4332 3322 4385 τὸ
3401 4332 3660 4402 ἄμεινον.
3726 4331 3882 4388 ἀλλὰ,

2276 4426 2372 4479 καὶ
2400 4423 2562 4478 αὑτὸν
2585 4423 2686 4495 ἤδη
2710 4423 2891 4494 ἐμίσει
2934 4423 3028 4478 καὶ
3077 4423 3478 4493 ἀπεστρέφετο,
3504 4422 3598 4476 καλ
3638 4423 3735 4476 σὺν
3755 4424 3883 4488 τοῖς

573 4520 759 4573 animo
798 4517 1079 4579 innuebat,
1111 4515 1277 4586 249
1309 4524 1536 4585 tumque
1556 4517 1721 4569 etiam
1754 4515 1958 4570 clarius
1987 4526 2166 4570 esten-

2279 4516 2577 4579 θιασώταις
2615 4515 2778 4568 αὑτοῦ
2814 4515 2911 4569 καὶ
2968 4517 3394 4588 συνοργιασταῖς
3441 4514 3748 4569 διαϐάλλων
3775 4519 3885 4568 καὶ

573 4611 759 4664 debat.
797 4609 1048 4679 Cumque
1085 4608 1303 4663 scelesti
1348 4607 1426 4661 illi
1460 4624 1523 4662 ac
1564 4618 1743 4678 pestes
1785 4608 2170 4677 intelligerent,

576 4704 629 4757 in
644 4718 771 4757 eum
791 4701 1283 4756 commovebantur
1305 4716 1370 4756 ac
1401 4700 1837 4767 instruebantur,
1854 4701 2172 4757 verisimili-

574 4811 682 4867 que
700 4796 915 4849 ratione
934 4792 1240 4848 calumnias
1259 4790 2172 4864 subornabant.Nempeaudaciam

573 4905 640 4944 ac
670 4887 1002 4960 proterviam
1049 4886 1173 4957 ejus
1219 4901 1438 4941 morum
1489 4886 1810 4956 gravitatem
1864 4889 2174 4954 vocabant;

574 4983 721 5053 quod
745 4982 818 5035 illi
841 4980 1130 5035 libidinum
1157 4979 1345 5034 secius
1369 4993 1477 5034 non
1513 4978 1820 5044 accederet,
1843 4979 2177 5034 malevolen-

575 5080 706 5132 tiam
745 5093 762 5145 ;
798 5075 944 5146 quod
974 5074 1214 5143 denique
1257 5072 1375 5142 pari
1401 5087 1526 5127 cum
1563 5071 1673 5128 illis
1705 5071 1910 5127 foedere
1947 5087 2057 5126 non
2085 5075 2180 5126 de-

576 5174 870 5242 linqueret,
902 5152 1283 5238 contemptum
1320 5165 1693 5237 appellabant.
1728 5163 2020 5236 Ecquinam
2055 5166 2174 5234 ﬁat,

574 5254 818 5332 aiebant,
853 5273 910 5316 ut
960 5271 1007 5316 te
1051 5261 1272 5332 diligere
1310 5259 1651 5330 proﬁteatur,
1686 5260 1776 5330 qui
1810 5276 1914 5313 non
1946 5260 2179 5331 gaudeat

525 5411 530 5422 ,
579 5359 769 5430 quibus
800 5368 856 5411 tu
881 5343 1186 5420 delectaris,
1231 5370 1322 5407 nec
1345 5370 1463 5426 qua:
1498 5353 1594 5407 tibi
1627 5369 1692 5407 ea:
1711 5354 1891 5407 animo
1918 5354 2024 5407 sint
2047 5354 2173 5406 sub—

577 5455 884 5508 ministrare
922 5451 1188 5506 studeat?
1240 5446 1338 5504 llis
1389 5447 1564 5519 magis
1622 5447 1823 5502 cedens
1875 5447 2173 5518 imperator

2279 4611 2634 4684 μυκτηρίζων
2663 4609 2838 4664 ταῦτα
2861 4609 2961 4682 τὴν
2997 4609 3134 4682 πρὸς
3155 4611 3326 4666 αὑτὸν
3377 4609 3737 4680 ἀλλοτρίωσιν
3774 4609 3888 4662 ὑπ-

2274 4705 2522 4780 ῃνίττετο
2541 4704 2605 4770 ⁵⁸,
2633 4698 2754 4758 εἶτα
2775 4704 2870 4759 καὶ
2890 4703 3198 4776 παρεδήλου
3217 4721 3244 4755 τ
3253 4701 3566 4775 ρανότερον.
3601 4703 3779 4773 Ὅπερ
3805 4701 3886 4772 δὴ

2279 4799 2681 4870 συννοήσαντες
2703 4799 2905 4852 ἐκεῖνοι
2935 4799 2986 4851 oi
3037 4799 3228 4869 μιαροὶ
3273 4796 3368 4848 καὶ
3417 4794 3721 4867 ἀλάστορες
3745 4795 3881 4848 κατ’

2277 4891 2444 4945 αὐτοῦ
2473 4889 2848 4945 συνεκινοῦντο
2900 4890 2996 4944 καὶ
3043 4888 3454 4946 συνετάττοντο.
3486 4885 3583 4939 καὶ
3620 4885 3720 4948 τὰς
3752 4884 3886 4938 δια-

2279 4983 2442 5048 ϐολὰς
2467 4983 2711 5048 πιθανῶς
2739 4983 3130 5053 ὑπεκρίναντο,
3164 4978 3459 5033 αὐθάδειαν
3490 4979 3590 5049 μὲν
3640 4976 3889 5032 καλοῦν.-

2277 5096 2369 5145 τες
2400 5077 2567 5132 αὑτοῦ
2597 5077 2698 5149 τὴν
2749 5076 3080 5147 σεμνότητα,
3133 5075 3229 5128 καὶ
3261 5073 3323 5126 τὸ
3361 5072 3436 5144 μὴ
3479 5071 3730 5143 μετέχειν
3764 5070 3889 5125 τῶν

2279 5169 2484 5244 ἡδονῶν
2515 5169 2771 5225 δύσνοιαν
2802 5168 3164 5239 ὀνομάζοντες
3197 5167 3292 5220 καὶ
3325 5165 3386 5218 τὸ
3418 5165 3495 5236 μὴ
3525 5163 3889 5232 συνεξαμαρ-

2278 5268 2463 5322 τάνειν
2495 5266 2884 5336 καταφρονεῖν.
2938 5263 3071 5327 Καὶ,
3135 5259 3270 5328 Πῶς
3314 5259 3429 5330 γὰρ
3485 5259 3562 5312 ἂν
3599 5257 3757 5311 εἴποι
3796 5271 3887 5309 σε

2281 5357 2546 5429 ἀγαπᾷν,
2579 5358 2788 5426 ἔλεγον,
2820 5360 2853 5412 ὁ
2892 5355 2978 5428 μὴ
3032 5357 3256 5427 καιρῶν
3287 5349 3380 5420 οἷς
3405 5352 3634 5423 χαίρεις
3663 5348 3886 5414 αὐτὸς,

2280 5449 2437 5520 μηδὲ
2468 5447 2918 5509 συσπουδὰζων
2959 5445 3297 5518 ἐκπορίζειν
3335 5463 3434 5502 σοι
3465 5446 3536 5500 τὰ
3581 5442 3712 5498 καθ’
3742 5441 3886 5509 ἠδο-

1943 5562 2180 5618 VARle

1647 5662 1692 5692 ¹⁹
1728 5659 2036 5728 ἀποστῆναι
2071 5658 2130 5712 1³.

2240 5562 2647 5619 LECTIONES.

654 5664 699 5696 ⁸⁸
729 5666 896 5735 ἱερεῖς
931 5665 992 5718 λ’
1091 5665 1131 5736 ii
1173 5664 1275 5736 τὴν
1330 5678 1444 5718 Om-
1478 5663 1538 5719 Ρ·
1647 5662 1692 5692 ’⁸
1728 5659 2036 5728 ἀπθστῆναι
2071 5658 2130 5712 Ιό
2247 5660 2400 5710 ’³τοῦ
2432 5674 2544 5712 0m.
2584 5660 2650 5712 Α.
2758 5660 2801 5691 ιι
2840 5657 2990 5730 αὐτῷ
3043 5672 3152 5715 om.
3191 5656 3252 5713 Ρ.
3381 5651 3777 5726 ¹³ἐξεκεκὼφει
3807 5648 3883 5710 Ρ.

2758 5660 2801 5691 ¹⁸
2840 5657 2990 5730 αὐτῷ
3043 5672 3152 5715 om.
3191 5656 3252 5713 Ρ.

586 5735 631 5764 ¹⁶
663 5736 1009 5790 ὑπαινιττετο
1046 5735 1151 5787 ΛΡ.
