4144 6420
477 347 481 354 ·
521 328 625 390 267

1629 317 2142 380 THEOPHANES
2174 317 2735 379 CONTINUATUS.

3701 317 3816 380 268

579 439 680 493 '26.
715 435 907 508 ‘Neque
935 442 1132 489 tamen
1165 431 1312 503 quod
1339 445 1509 486 suave
1542 430 1747 497 solum,
1781 439 1836 486 et
1863 428 2106 483 solutum

2283 433 2396 491 κς’.
2431 427 2578 496 Πλὴν
2634 425 2694 480 ού
2723 425 2785 480 τὸ
2837 425 3103 497 μειλίχιον
3145 427 3306 498 μόνον
3370 425 3464 481 καὶ
3496 426 3678 482 λυαῐον
3711 429 3815 482 καὶ

521 545 576 588 ct
604 530 952 597 dcliciosum,
985 537 1040 582 et
1062 526 1451 589 remissum,et
1477 523 1660 590 molle,
1676 533 1730 578 et
1767 523 2109 584 indecorum,

520 643 584 682 ex
613 626 878 680 ebrietate
911 620 1148 676 habebat
1177 619 1379 674 Bacchi
1416 619 1718 688 gratiarum
1741 616 1952 672 datoris
1975 629 2111 685 gau-

521 717 727 786 diique,
769 728 932 783 quem
959 727 1018 768 se
1050 709 1324 765 etimitari
1353 707 1580 778 putabat
1600 716 1654 762 et
1685 705 1981 768 ambiebat,
2018 703 2111 758 sed

507 824 715 865 'rursus
729 809 894 863 etiam
914 805 1172 870 crudelis,
1188 805 1335 858 illius
1351 818 1524 865 more,
1541 801 1810 856 furiosum
1829 798 2111 870 quidpiam

517 899 944 970 Titanicumque
968 897 1322 968 praeferebat;
1353 909 1453 948 nec
1484 908 1611 947 raro
1634 891 1904 946 comicum
1936 891 2116 961 pervi-

518 992 710 1063 gilium
734 991 788 1044 in
809 990 1080 1044 malorum
1102 986 1357 1052 illidesiit
1378 983 1723 1054 tragoediam.
1745 979 1822 1036 Ex
1849 981 2114 1036 temulen-

485 1088 598 1142 -1ia
632 1086 780 1140 enim
806 1082 1157 1138 debacchans
1183 1078 1549 1147 felicioreque
1576 1074 1796 1130 fortuna
1828 1075 2014 1130 ebrius
2060 1073 2114 1128 in

519 1193 740 1235 omnem
796 1175 1005 1230 nefarie
1036 1174 1375 1243 impietatem
1407 1171 1725 1240 proruebat.
1758 1168 1894 1223 Cum
1929 1167 2117 1238 itaque

519 1279 672 1326 totus
707 1265 1148 1324 mero-madidus
1195 1274 1250 1319 et
1297 1262 1632 1317 temulentus
1671 1269 1811 1326 erat,
1849 1274 1913 1313 ac
1951 1260 2117 1330 quiq-

519 1363 650 1434 quid
720 1376 948 1432 prorsus
1012 1373 1157 1412 same
1216 1356 1416 1410 mentis
1495 1363 1581 1409 est
1651 1361 1994 1415 excusserat,
2050 1351 2117 1404 ad

485 1454 696 1510 caedes
755 1452 1000 1506 animum
1056 1449 1352 1520 adjiciebat
1408 1445 1876 1515 innocehtumque
1935 1443 2118 1498 homi-

519 1563 652 1602 num
702 1556 918 1602 atroces
952 1559 1147 1616 poenas
1193 1559 1257 1598 ac
1289 1555 1449 1596 neces
1494 1540 1822 1610 imperabat.
1856 1536 1983 1594 Haec
2007 1536 2120 1591 fere

521 1641 674 1696 illius
718 1641 785 1695 ad
811 1638 1103 1694 ministros
1142 1637 1294 1706 jussa
1333 1651 1347 1689 :
1391 1632 1544 1688 Hunc
1582 1633 1838 1703 illumque
1881 1632 2119 1686 tollentes

519 1731 696 1787 lictori
726 1731 943 1784 tradite.
1000 1727 1174 1782 Alteri
1226 1725 1405 1780 oculos
1441 1725 1692 1794 e/fedite;
1735 1723 1959 1778 alterius
2005 1740 2118 1777 tua-

2213 519 2490 590 τρυφηλὸν
2521 537 2578 572 τε
2603 521 2646 551 ’⁷
2665 520 2760 573 καὶ
2774 520 3063 590 ἀνειμένον
3093 523 3184 574 καὶ
3211 521 3424 575 ἁπαλὸν
3439 522 3534 576 καὶ
3561 539 3806 594 παρακεο

2214 611 2443 680 κινηκὺς
2473 611 2536 662 ἐκ
2563 608 2666 678 τῆς
2699 608 2872 680 μέθης
2902 609 3167 679 ἐκέκτητο
3203 610 3296 664 τοῦ
3316 610 3600 682 χαριδότου
3623 611 3818 665 Διονύ-

2218 718 2336 764 σου,
2395 701 2454 755 ὃν
2509 701 2799 772 μιμεῖσθαι
2837 701 2974 773 ῷετο
3005 703 3099 758 καὶ
3121 704 3456 769 ἐσπούδαζεν
3482 719 3498 737 ⁶
3536 705 3674 760 ἀλλά
3711 708 3820 761 καὶ

2214 793 2291 857 ὡς
2314 793 2580 866 ὠμηστὴς
2601 795 2649 826 ’⁸
2680 795 2843 848 πάλιν
2873 796 2994 849 κατ’
3053 797 3218 850 αὑτὸν
3266 800 3476 851 ἐκεῖνον
3508 800 3552 831 ’⁸
3583 792 3698 869 εἷχε
3745 799 3817 851 τὸ

2216 887 2509 956 ἐρινυῶδές
2561 904 2620 939 τε
2670 889 2765 942 καὶ
2807 891 3107 955 τιτανικὸν,
3143 891 3238 944 καὶ
3267 891 3532 954 πολλάκις
3578 893 3818 964 κωμικὴ

2219 981 2484 1049 παννυχὶς
2512 982 2592 1042 εἰς
2621 980 2930 1052 τραγῳδίαν
2954 983 3252 1054 συμφορῶν
3281 983 3661 1056 ἐτελεύτησεν.
3698 987 3814 1040 Ἐκ

2218 1090 2278 1126 τε
2312 1073 2418 1144 γάρ
2467 1073 2570 1143 τῆς
2622 1073 2796 1144 μέθης
2849 1075 3127 1145 παροινῶν
3159 1077 3253 1129 καὶ
3292 1077 3357 1130 ἐκ
3402 1080 3502 1148 τῆς
3551 1077 3823 1149 εὐτυχίας

2179 1158 2558 1236 -παρανόμως
2583 1167 2665 1231 εις
2694 1166 2841 1220 ἅπαν
2897 1167 3155 1234 ἐξώκειλε
3206 1169 3488 1234 δυσσεεὲς.
3538 1173 3666 1226 Ὅτε
3720 1169 3824 1228 οὖν

2220 1258 2340 1322 ὂλος
2362 1259 2455 1312 τοῦ
2480 1260 2721 1330 ἀκράτου
2753 1260 2972 1330 καὶτῆς
3006 1260 3180 1332 μέθης
3227 1262 3450 1330 ἐγένετο
3484 1265 3578 1317 καὶ
3628 1266 3820 1336 πάντη

2220 1351 2321 1414 τὰς
2378 1351 2586 1416 οἰκείας
2647 1354 2856 1423 φρένας
2903 1352 3176 1418 ἀπώλεσε,
3211 1355 3348 1425 πρὸς
3387 1355 3580 1424 φόνους
3612 1356 3822 1428 ἐχώρει

2224 1446 2320 1499 καὶ
2341 1446 2480 1515 πρὸς
2509 1446 2768 1500 ἀναιτίων
2796 1446 3102 1515 ἀνθρώπων
3137 1445 3464 1510 ἀλλοκότους
3487 1448 3679 1510 ποινάς
3719 1450 3825 1502 καὶ

2225 1538 2462 1607 σφαγὰς,
2493 1540 2588 1592 καὶ
2610 1540 2722 1602 τοῖς
2747 1538 3048 1610 ὑπηρέταις
3067 1538 3416 1592 ἐνεκελεύετο
3438 1555 3450 1568 ’
3480 1538 3596 1593 Τὸν
3617 1539 3823 1607 δεῖνα,

2220 1632 2378 1701 φησὶ,
2416 1631 2514 1684 καὶ
2581 1631 2749 1683 δεῖνα
2785 1633 3080 1695 λαϐόντες
3115 1630 3195 1696 τῷ
3226 1630 3417 1700 δημίῳ
3474 1632 3785 1700 παράδοτε
3807 1673 3821 1696 ,

2225 1723 2323 1776 καὶ
2361 1722 2567 1790 ἑτέρου
2608 1723 2749 1789 τοὺς
2769 1723 3122 1792 ὀφθαλμοὺς
3147 1723 3492 1792 ἐξορύξατε,
3547 1725 3642 1778 καί
3697 1725 3822 1778 ἆλ-

520 1839 618 1876 uua
658 1821 915 1891 pedesque
951 1818 1308 1888 prtesciudite.
1346 1816 1448 1870 llic
1471 1787 1844 1885 'capitevluat;
1876 1816 1968 1868 ille
1997 1817 2115 1888 jgue

2217 1818 2335 1869 .Zov
2376 1787 2481 1880 τάξ
2511 1787 2854 1884 χεῖραςῗκαί
2894 1787 3042 1880 τούς
3074 1787 3266 1880 πόδαςἰ
3316 1815 3638 1884 ἐκκόψατε.
3698 1819 3820 1870 Καὶ

522 1921 809 1966 torreatur.
870 1909 978 1964 Eos
1041 1908 1278 1963 ministri
1324 1907 1681 1977 arripientes,
1733 1919 1858 1960 cum
1911 1905 2116 1958 scirent

486 2005 668 2058 .baud
729 2016 880 2057 sana:
930 2000 1133 2056 mentis
1169 1998 1340 2054 fuisse
1379 2013 1510 2051 cum
1544 1995 1876 2052 sententiam
1930 1993 2113 2056 ferret,

523 2097 802 2154 dedebant
857 2095 934 2151 illi
970 2094 1195 2164 quidem
1231 2091 1514 2155 custodiat,
1556 2105 1664 2144 non
1710 2097 1892 2143 tamen
1924 2086 2088 2156 252

519 2190 698 2263 ptenis
744 2187 1104 2244 addicebant:
1139 2202 1282 2256 saepe
1311 2199 1442 2239 vero
1468 2224 1484 2249 ,
1513 2199 1637 2238 cum
1669 2182 1794 2253 quis
1828 2191 1946 2236 erat
1983 2194 2118 2250 quo-

520 2296 648 2336 cum
706 2295 815 2335 non
872 2279 1009 2334 satis
1067 2277 1204 2348 ipsis
1252 2274 1615 2331 conveniebat
1663 2275 1854 2344 eisque
1915 2287 2118 2326 exosus

521 2384 662 2441 erat,
730 2370 1081 2442 imperatoris
1142 2371 1402 2422 mandato
1465 2367 1754 2421 abutentes
1807 2380 1956 2429 eum,
2015 2363 2115 2418 etsi

523 2465 900 2526 innocentem,
935 2460 1103 2514 veluti
1155 2459 1367 2528 judicio
1405 2458 1726 2513 damnatum
1779 2456 1833 2511 in
1898 2469 2117 2526 poenam

497 2557 836 2627 rapiebant.
885 2553 1025 2608 Hinc
1080 2553 1249 2609 miser
1300 2551 1411 2619 ille,
1468 2567 1536 2607 ne
1594 2561 1725 2606 tunc
1775 2551 1996 2622 quidem
2062 2551 2117 2604 in

522 2649 726 2721 quibus
776 2656 1095 2704 versaretur
1163 2646 1497 2717 intelligens,
1558 2662 1588 2699 a
1653 2644 2006 2701 cubiculariis
2061 2644 2116 2697 in

491 2739 880 2813 "imperatorio
912 2739 1111 2795 lectulo
1156 2739 1454 2794 reclinatus
1486 2737 1666 2793 vicino
1697 2736 1892 2792 mortis
1923 2751 2118 2791 somno

523 2835 692 2891 veluti
729 2833 1064 2904 mancipium
1111 2832 1561 2902 opprimebatur;
1603 2845 1765 2886 mane
1805 2844 1956 2894 vero,
1995 2845 2115 2883 cum

491 2942 754 2984 "somnus
803 2940 1030 2997 vapores
1062 2925 1177 2978 vini
1226 2939 1584 2994 crassainque
1627 2924 1773 2979 illam
1828 2921 2116 2993 caliginem

489 3023 614 3076 vix
699 3018 918 3074 tandem
999 3018 1378 3080 discussis-set,
1452 3015 1841 3086 cxpergiscens
1911 3013 2118 3069 nullius

2219 1905 2402 1974 οὗτος
2449 1907 2723 1977 κεφαλῆς
2783 1909 3169 1978 τιμωρείσθω,
3217 1908 3503 1976 κάκεῖνος
3552 1909 3823 1979 γινέσθω

2217 2005 2652 2072 πυρίκαυστος.
2706 2002 2814 2066 Οὓς
2857 2003 3116 2066 λαϐόντες
3161 2003 3212 2055 οἱ
3250 2003 3559 2075 ὑπηρέται,
3597 2003 3692 2057 καὶ
3733 2003 3823 2074 σι’-ἶ)

2218 2093 2322 2159 ἔξω
2351 2095 2459 2148 τῶν
2491 2095 2706 2165 φρενῶν
2758 2095 2920 2148 αὑτὸν
2973 2096 3289 2166 τυγχάνειν,
3322 2097 3453 2152 ὅταν
3499 2097 3662 2165 ἐξῆγε
3710 2098 3823 2163 τὰς

2211 2189 2548 2257 ἀποφάσεις,
2591 2186 2978 2256 γινώσκοντες,
3031 2189 3376 2260 ἐμφρούρους
3425 2189 3510 2263 [Ρ.
3547 2191 3674 2260 157]
3709 2193 3824 2261 μὲν

2220 2281 2420 2344 αὐτοὺς
2456 2281 2693 2347 ἐποίουν,
2748 2285 2870 2346 ταῖς
2904 2285 3121 2346 ποιναῖς
3173 2283 3231 2336 δὲ
3278 2284 3338 2337 οὐ
3370 2283 3818 2340 καθυπέσαλλον.

2221 2373 2492 2438 Πολλάκις
2522 2373 2600 2439 δέ,
2634 2376 2683 2426 εί
2708 2373 2897 2445 ἔτυχέν
2931 2393 3016 2439 τις
3046 2377 3185 2446 πρὸς
3228 2376 3288 2430 δν
3313 2377 3412 2431 οὐκ
3443 2373 3588 2450 εἶχον
3615 2377 3821 2450 ἡδέως,

2218 2465 2336 2518 ἀλλ’
2367 2464 2645 2537 ἀπεχθῶς,
2681 2466 3006 2536 ἀπεχρῶντο
3039 2470 3105 2538 τῇ
3141 2467 3395 2539 βασιλικῇ
3421 2468 3694 2533 κελεύσει,
3718 2473 3822 2523 καὶ

2220 2563 2287 2632 τῇ
2313 2561 2563 2632 τιμωρίᾳ
2593 2559 2684 2613 τὸν
2744 2561 2919 2614 ἀθῶον
2970 2559 3245 2624 ἐξεδξκουν
3273 2561 3584 2616 κατάδικον.
3627 2557 3762 2614 Εἶτα
3789 2561 3819 2612 ό

2215 2646 2454 2709 δείλαιος
2500 2648 2708 2709 ἐκεῖνος
2761 2645 2857 2699 καὶ
2902 2645 3087 2708 ἄθλιος
3128 2647 3173 2678 ³⁵
3229 2647 3350 2700 τότε
3382 2648 3482 2718 μὲν
3501 2647 3611 2700 οὐδ’
3641 2649 3700 2700 ἐν
3729 2644 3818 2711 οἷς

2220 2739 2370 2792 ἐστιν
2409 2737 2588 2802 εἰδὼς,
2642 2739 2792 2809 παρά
2845 2737 2956 2790 τῶν
3007 2739 3391 2793 κατευναστῶν
3419 2739 3499 2810 τῷ
3545 2738 3809 2809 βασιλικῷ

2222 2829 2678 2900 προσανεκλίνιτο
2706 2829 2968 2898 σκίμποδι
2997 2830 3091 2883 καὶ
3121 2830 3199 2900 τῷ
3221 2829 3424 2898 γείτονι
3450 2829 3547 2884 τοῦ
3580 2829 3805 2883 θανάτου

2223 2926 2378 2994 ὖπνῳ
2425 2923 2502 2988 ὡς
2556 2923 2893 2994 ἀνδράποδον
2948 2922 3211 2987 ἐξεδίδοτο
3240 2937 3253 2952 °
3308 2922 3517 2976 ἔσωθεν
3573 2922 3651 2987 δέ,
3713 2921 3813 2974 τοῦ

2221 3017 2392 3072 ὕπνου
2447 3019 2576 3082 τοὺς
2624 3019 2690 3070 ἐκ
2743 3016 2838 3070 τοῦ
2864 3017 3011 3071 οἴνου
3062 3017 3275 3087 ἀτμοὺς
3304 3017 3400 3070 καὶ
3443 3016 3542 3086 τὴν
3578 3017 3816 3085 παχεῖαν

523 3129 715 3168 eorum
757 3128 879 3183 quae
918 3111 1094 3182 pridie
1125 3110 1341 3181 vesperi
1371 3110 1514 3165 facta
1547 3117 1733 3165 essent
1766 3108 2114 3171 meminerat,

2221 3107 2436 3175 ἐκείνην
2477 3107 2646 3178 ἀχλὺν
2683 3108 2838 3178 μόλις
2880 3108 2989 3161 ἀπὸ
3029 3107 3124 3162 τοῦ
3183 3108 3490 3178 ἐγκεφάλου
3524 3107 3818 3162 διασκεδά-

523 3207 841 3278 saepiusque
878 3205 1176 3259 nonnullos
1211 3219 1275 3257 ex
1316 3203 1424 3259 illis
1450 3186 1732 3272 quaerebat
1765 3216 1908 3272 quos
1942 3210 2118 3255 temu-

525 3301 709 3354 lentus
759 3298 1119 3352 damnaverat
1173 3294 1451 3364 mortique
1508 3294 1814 3349 addixerat.
1877 3293 2119 3347 Audiens

523 3404 658 3446 vero
699 3405 728 3442 a
761 3387 1123 3458 stipatoribus
1165 3396 1218 3441 et
1273 3386 1543 3442 ministris
1581 3401 1746 3456 quam
1781 3386 1834 3439 in
1886 3399 1982 3438 eos
2025 3398 2118 3438 ve—

525 3481 672 3551 speri
715 3480 1043 3534 sententiain
1103 3479 1322 3543 tulerat,
1359 3477 1537 3546 ipsum
1567 3475 1696 3530 facti
1729 3475 2026 3547 poenitebat
2057 3489 2121 3529 ac

524 3573 941 3645 ingemiscebat.
990 3573 1057 3626 Et
1109 3569 1403 3639 aliquando
1446 3569 1664 3638 quidem
1712 3568 1927 3638 quaesiti
1965 3567 2117 3635 inve-

524 3667 841 3726 niebantur,
890 3662 1186 3732 aliquando
1215 3677 1343 3716 vero
1376 3660 1586 3715 inutilis
1613 3670 1730 3715 erat
1756 3675 1856 3731 pro
1889 3660 1958 3714 iis
1992 3674 2118 3730 quae

525 3756 737 3812 nefarie
781 3755 859 3809 illi
900 3763 1048 3825 gesta
1099 3761 1256 3808 erant
1283 3752 1624 3821 pmnitentia,
1651 3752 1761 3808 illis
1801 3751 2031 3807 sublatis
2063 3751 2117 3804 in

524 3863 667 3919 quos
726 3846 1053 3902 sententiam
1111 3845 1344 3900 dixerat.
1396 3842 1611 3900 Rursus
1674 3845 1872 3899 iterum
1932 3858 2114 3906 mane,

489 3957 492 3962 ‘
526 3942 751 4012 vinique
784 3947 915 4010 potu
951 3939 1002 3992 in
1043 3938 1313 4008 prolixam
1346 3945 1560 3992 noctem
1589 3952 1715 3992 cum
1764 3936 2120 4007 aequissimis

526 4034 690 4089 dictis
739 4033 1011 4103 lactisque
1045 4038 1270 4086 strenue
1297 4039 1596 4100 protracto,
1627 4029 1816 4085 eadem
1844 4027 2115 4100 patrabat.

527 4123 654 4180 lla‘c
682 4137 811 4179 vero
844 4123 1100 4193 quisnam
1135 4120 1324 4175 audiat
1354 4120 1666 4190 videatque,
1694 4119 1780 4174 vel
1816 4120 1860 4174 sl
1892 4133 2118 4174 saxeum

528 4219 604 4272 illi
656 4228 846 4286 pectus
877 4221 1053 4286 exque
1099 4215 1297 4270 robore
1342 4213 1580 4279 animus,
1613 4213 1705 4284 qui
1737 4227 1846 4268 non
1881 4212 1962 4265 ira
1989 4225 2120 4265 con-

408 4364 417 4374 ,
526 4313 749 4376 citetur,
806 4325 907 4364 nec
974 4307 1273 4378 aliquando
1338 4307 1407 4362 ad
1467 4321 1564 4360 eos
1619 4306 1968 4361 uleiscendos
2024 4304 2120 4373 qui

527 4401 750 4456 innoxie
800 4408 1026 4468 pereant
1078 4397 1418 4452 incalescat?
1460 4383 1571 4452 Nec
1627 4396 1940 4451 mortalium
1998 4409 2121 4448 om-

2223 3217 2435 3266 σαντος,
2470 3199 2882 3270 ἐξεγειρόμενος
2909 3199 3065 3254 οὐδὲν
3097 3199 3206 3254 τῶν
3246 3201 3304 3255 ἐν
3338 3203 3404 3270 τῇ
3449 3201 3657 3272 ἐσπέρᾳ
3683 3199 3820 3269 ἐμέ-

2226 3309 2421 3364 μνητο,
2463 3291 2560 3345 καὶ
2613 3291 2798 3363 ἐζήτει
2837 3291 3100 3354 πολλάκις
3146 3291 3301 3355 τινάς
3339 3292 3434 3362 ἀφ’
3479 3287 3554 3346 ὧν
3576 3295 3633 3346 ἐν
3664 3293 3706 3324 ³⁸
3745 3296 3817 3364 τῇ

2223 3384 2364 3456 μέθῃ
2417 3383 2834 3454 κατεψηφίσατο
2865 3383 2962 3437 καὶ
3012 3383 3090 3454 τῷ
3139 3383 3357 3455 θανάτῳ
3383 3385 3636 3452 ἐξέδωκε,
3675 3403 3820 3455 μαν-

2223 3475 2401 3530 θάνων
2431 3475 2490 3529 δέ
2521 3476 2672 3546 παρά
2697 3477 2806 3528 τῶν
2830 3476 3149 3548 δορυφόρων
3177 3494 3233 3530 τε
3263 3478 3359 3531 καὶ
3378 3477 3670 3548 ὑπηρετῶν
3690 3476 3726 3532 ἃ
3758 3481 3822 3533 ἐν

2188 3604 2190 3606 -
2222 3569 2286 3638 τῇ
2317 3567 2532 3649 ἑσπέρα
2563 3568 2682 3620 κατ’
2741 3567 2923 3621 αὐτῶν
2972 3568 3300 3639 ἐψηφίσατο,
3330 3569 3684 3639 μετεμελεῖτο
3715 3571 3819 3624 καὶ

2221 3660 2457 3714 ἔστενεν.
2499 3661 2608 3714 Καὶ
2656 3661 2846 3715 άλλοτε
2897 3661 2996 3731 μὲν
3030 3662 3347 3733 εὑρίσκοντο
3376 3663 3424 3714 οἱ
3461 3662 3814 3732 ζητούμενοι,

2222 3751 2411 3806 ἄλλοτε
2444 3752 2501 3805 δὲ
2529 3752 2791 3823 ἀνόνητος
2815 3749 2883 3824 ἦν
2917 3755 3067 3825 αὐτῷ
3099 3756 3132 3825 ή
3170 3755 3261 3808 ἐπὶ
3295 3757 3407 3817 τοῖς
3435 3755 3673 3819 ἀνοσίοις
3700 3758 3818 3808 τῶν

2185 3881 2188 3886 -
2220 3845 2404 3918 ἔργων
2441 3846 2722 3916 μετάνοια,
2753 3846 2864 3900 τῶν
2920 3847 3250 3902 ἐκδοθέντων
3284 3847 3668 3920 ἀνῃρημένων.
3698 3849 3816 3903 Πά-

2221 3937 2385 3992 λινδέ
2411 3939 2507 4010 τῆς
2539 3940 2788 4010 ἑσπέρας
2813 3939 3258 4011 καταλαϐούσης,
3290 3939 3385 3992 καλ⁵
3415 3940 3681 4003 νεανικῶς
3718 3941 3815 3994 τοῦ

2223 4030 2391 4084 πότου
2423 4031 2618 4102 τιόρρω
2659 4032 2760 4102 τῆς
2798 4031 2997 4094 νυκτὸς
3049 4033 3190 4102 μετά
3235 4031 3345 4084 τῶν
3379 4031 3697 4103 ἀλαστόρων
3725 4031 3812 4102 ἐρ-

2223 4140 2338 4192 γων
2366 4124 2462 4176 καὶ
2487 4123 2666 4191 λόγων
2725 4124 3156 4190 προκόπτοντος,
3195 4126 3254 4177 ἐν
3299 4125 3414 4188 τοῖς
3463 4125 3665 4195 ὁμοίοις
3691 4123 3805 4190 ἐγί-

2225 4231 2366 4270 νετο.
2401 4217 2468 4271 Ἀ
2525 4217 2612 4279 τίς
2649 4216 2865 4270 ἀκούων
2905 4234 2966 4270 τε
3026 4217 3120 4270 καὶ
3166 4216 3330 4294 ὁρῶν,
3366 4219 3416 4271 εί
3463 4216 3554 4271 καὶ⁵
3597 4215 3806 4286 λιθίνην

2227 4307 2451 4377 καρδίαν
2480 4309 2747 4379 ἐκέκτητο
2785 4311 2818 4382 ἢ
2854 4309 3202 4364 παντάπασιν
3235 4310 3561 4381 ἀναίσθητος
3603 4305 3692 4381 ἧν,
3735 4309 3812 4381 μὴ

2227 4399 2366 4470 πρὸς
2399 4399 2571 4470 ὀργὴν
2602 4400 2830 4470 ἐκινήθη
2861 4401 2956 4454 καὶ
2988 4400 3357 4472 διεθερμάνθη
3384 4403 3517 4455 ποτέ
3551 4400 3685 4472 πρὸς
3714 4399 3815 4471 τὴν

528 4497 679 4550 nium
712 4493 1042 4547 mitissimus
1075 4491 1265 4556 David,
1299 4501 1355 4544 ut
1388 4491 1647 4553 arbitror,
1675 4499 1885 4544 tantam
1919 4488 2115 4559 piaculi

2231 4491 2342 4544 τῶν
2400 4490 2664 4554 ἀναιτίως
2709 4491 3104 4562 ἀπολλυμένων
3162 4491 3478 4562 ἐκδίκησινς
3531 4491 3683 4564 Μηδὲ
3727 4491 3820 4544 τὸν

527 4582 885 4656 petulantiam
938 4581 1120 4636 lenius
1185 4582 1476 4638 sustineat.
1523 4581 1811 4637 Stolidilas
1867 4581 2014 4635 enim
2071 4587 2115 4634 el

2235 4585 2542 4653 πραότατον
2578 4583 2796 4637 πάντων
2825 4584 3130 4655 ἀνθρώπων
3159 4585 3324 4639 Δασιδ
3357 4584 3690 4656 ἀνασχέσθαι
3739 4581 3822 4638 οἷ-

527 4687 719 4747 stupor
744 4683 848 4740 est,
885 4690 992 4729 non
1020 4675 1218 4730 lenitas
1247 4684 1340 4729 aut
1368 4675 1599 4745 aequitas
1633 4673 1968 4743 indulgentia
2010 4672 2115 4729 haec

2236 4695 2335 4748 μαι
2357 4679 2456 4747 τὴν
2481 4677 2751 4749 τοσαύτην
2801 4676 2897 4731 τοῦ
2949 4679 3309 4750 καθάρματος
3344 4679 3635 4748 παροινίαν
3655 4693 3670 4709 ⁸
3696 4678 3825 4747 ﬁt-

528 4784 624 4825 seu
662 4767 962 4822 ulciscendi
1003 4766 1322 4821 subtractus.
1351 4767 1524 4837 vigor.

2233 4770 2416 4841 θιότης
2441 4769 2550 4841 γὰρ
2574 4771 2670 4824 καὶ
2701 4770 3032 4841 ἀναλγησία,
3079 4772 3141 4824 ού
3188 4771 3544 4844 μακροθυμία
3584 4771 3828 4827 ἐνταῦθα

2228 4862 2506 4930 λογίζεται
2541 4863 2574 4934 ἡ
2606 4863 2794 4934 φειδώ.

597 4945 758 5017 253
790 4947 875 5002 Ξῖ.
912 4944 1032 5001 Jam
1079 4960 1206 5002 vero
1238 4947 1386 5002 omni
1421 4962 1557 5017 pene
1607 4947 1878 5003 exhausto
1907 4947 2115 5011 terario,

2305 4955 2412 5022 κζ’.
2444 4958 2586 5028 Ἤδη
2635 4960 2691 5013 δὲ
2753 4961 2972 5013 πάντων
3006 4961 3191 5032 σχεδὸν
3231 4960 3339 5014 τῶν
3372 4959 3654 5013 ἀποθέτων
3687 4978 3829 5031 χρη-

527 5038 649 5108 cjus
703 5039 918 5096 scilicet
955 5040 1152 5111 opibus
1193 5041 1247 5095 in
1296 5040 1494 5095 studiis
1539 5040 1814 5110 rebusque
1853 5039 2115 5110 ejusmodi

2235 5048 2422 5117 μάτων
2465 5049 2828 5104 ἐπιλιπόντων
2847 5051 2914 5116 ⁸¹,
2941 5052 2998 5104 ὲν
3017 5053 3130 5114 τοῖς
3152 5050 3416 5114 τοιούτοις
3432 5050 3830 5104 ἀναλωθέντων

530 5130 674 5187 finde
719 5131 1036 5202 dilapidatis
1095 5134 1408 5188 necessario
1453 5133 1779 5188 imminebat
1835 5148 2115 5204 procerum

2233 5138 2438 5204 αὐτῶν,
2473 5139 2690 5210 ἀνάγκη
2720 5142 3002 5213 ἐπήρτητο
3032 5144 3159 5206 τοὺς
3199 5146 3257 5197 ἐν
3296 5143 3438 5197 τέλει
3470 5142 3680 5206 πάντας
3718 5161 3828 5211 φα-

530 5227 773 5281 omnium
809 5226 1191 5298 (patriciorum
1245 5227 1456 5283 scilicet
1489 5237 1584 5282 aut
1632 5227 1974 5299 senatorum)
2020 5243 2115 5282 una

2234 5231 2406 5301 νερῶς
2446 5232 2894 5302 ἀποσφάττεσθαι
2954 5235 3048 5288 καὶ
3110 5235 3445 5308 δημεύεσθαι
3483 5236 3585 5300 τάς
3633 5237 3828 5300 οὐσίας

530 5316 822 5372 manifeste
851 5326 1167 5390 exspectata
1195 5319 1370 5374 credes
1395 5319 1779 5388 bonorumque
1803 5320 2115 5391 publicatio,

2231 5324 2431 5388 αὐτῶν,
2482 5325 2549 5377 ἶν’
2599 5325 2713 5396 έχοι
2750 5327 2968 5398 πόρονὸ
2996 5327 3254 5398 βασιλεὺς
3285 5329 3526 5400 ἡνιόχοις
3554 5330 3648 5382 καὶ
3681 5329 3826 5399 πόρ-

531 5418 592 5465 ut
641 5426 750 5465 non
785 5411 1041 5469 deessent
1088 5413 1404 5483 imperatori
1461 5422 1739 5484 sumptus,
1787 5414 1988 5484 quibus
2023 5429 2115 5468 au-

2231 5433 2350 5480 ναις
2380 5416 2472 5471 καὶ
2509 5418 2798 5488 ἀσελγέσιν
2826 5419 3144 5490 ἀνθρώποις
3170 5422 3519 5494 χαρίζεσθαι.
3553 5421 3827 5493 Ἐὗδομή-

532 5502 684 5574 rigis,
725 5505 1131 5572 meretricibus,
1153 5505 1388 5575 aliisque
1417 5505 1650 5576 impuris
1700 5505 2020 5559 hominibus
2061 5520 2115 5559 at

2233 5525 2398 5562 κοντα
2423 5509 2530 5581 γάρ
2556 5510 2650 5564 καὶ
2672 5511 2964 5566 ἐννακόσια
3019 5514 3359 5586 κεντηνάρια
3398 5515 3824 5586 κεχαραγμένου

1795 5617 2034 5676 VARUS
2092 5620 2501 5677 LEC'I‘IONES.

601 5709 646 5742 ν’
668 5726 728 5785 τε
759 5727 870 5767 om.
915 5713 974 5768 P.
1083 5715 1129 5746 ’⁸
1155 5713 1303 5785 ὠμός
1325 5731 1408 5779 τις
1451 5714 1511 5769 Ρ.
1590 5716 1636 5750 ²⁹
1663 5716 1871 5770 ἐκεῖνον
1931 5732 2041 5772 oui.
2075 5716 2138 5773 Ρ.
2215 5719 2259 5751 ³⁸
2283 5717 2374 5772 καὶ
2401 5717 2584 5783 ἄθλιος
2622 5733 2734 5773 om.
2761 5718 2821 5773 P.
2898 5721 2939 5752 ³¹
2975 5720 3033 5772 ἐν
3061 5735 3172 5777 om.
3207 5719 3268 5777 P.

3378 5721 3424 5754 ³³
3449 5716 3819 5775 ἐπιλιπόντων

535 5790 648 5831 οιιι.
673 5781 738 5832 Α.
