4144 6412
525 348 629 414 271

528 559 621 628 qui
653 556 919 611 hactenus
950 553 1225 610 secundas
1253 551 1308 606 in
1357 551 1643 622 republica
1678 551 1920 616 tenebat,
1959 551 2112 606 Basi-

468 716 471 720 ι
527 649 635 704 lius
663 664 678 714 ;
705 655 871 717 atque
893 645 964 701 ab
989 645 1354 716 optimatibus
1381 643 1855 714 inferioribusque
1899 644 2114 698 ordini-

527 741 631 796 bus
660 739 923 810 omnique
956 739 1200 794 exercitu
1226 748 1280 793 et
1325 737 1535 807 reliqua
1569 736 1778 792 urbana
1809 737 1988 808 plebe,
2023 737 2118 807 qui

526 843 579 888 et
607 841 770 890 antea
807 833 1153 902 supplicibus
1184 847 1214 888 a
1247 831 1356 886 Deo
1393 832 1534 886 votis
1570 831 1638 885 iis
1693 831 2116 900 exposcebatur,

529 929 833 998 imperator
863 928 1208 983 acclamatus
1245 935 1350 981 est.
1380 926 1431 980 ls
1478 940 1628 990 vero,
1675 939 1804 979 mox
1843 940 1906 979 ac
1936 925 2118 993 reipu-

525 1019 688 1072 bliraa
717 1018 876 1072 claro
921 1017 1176 1072 admotus
1210 1025 1318 1078 est,
1347 1025 1458 1069 tum
1489 1031 1548 1070 se
1579 1015 1698 1084 ipse
1748 1023 1862 1070 tum
1899 1013 2117 1083 imperii

532 1111 778 1166 habenas
823 1109 934 1164 Deo
964 1109 1193 1174 dicavit,
1217 1107 1328 1182 haac
1359 1108 1540 1162 verbis
1567 1107 1905 1163 solemnibus
1927 1124 2119 1176 orans,

528 1205 738 1262 Christe
765 1219 880 1265 rex,
915 1204 1006 1273 qui
1035 1211 1127 1256 tuo
1149 1201 1361 1271 judicio
1386 1219 1449 1254 ac
1484 1211 1616 1255 nutu
1643 1202 1921 1271 imperium
1953 1203 2118 1271 adep-

533 1309 618 1352 tus
660 1298 784 1364 sim,
841 1295 938 1350 tibi
985 1294 1122 1348 illud
1167 1296 1371 1363 pariter
1411 1311 1591 1364 tneque
1628 1295 1801 1363 ipsum
1851 1312 2119 1350 consecro.

527 1390 768 1461 Moxque
819 1387 1107 1442 accersitis
1153 1394 1381 1441 senatus
1425 1387 1764 1457 primoribus
1808 1388 2121 1457 muniisque

524 1482 762 1553 publicis
809 1496 874 1536 ac
919 1479 1282 1551 dignitatibus
1327 1480 1791 1550 praecellentibus,
1837 1481 1903 1536 iis
1932 1495 2118 1536 coram

523 1574 800 1645 regiorum
843 1571 1233 1628 thesaurorum
1274 1586 1478 1642 penum
1512 1572 1768 1642 aperuit;
1810 1587 1912 1629 nec
1965 1565 2119 1628 aliud

523 1666 828 1736 quidquam
860 1681 929 1720 ex
961 1675 1112 1720 tanta
1140 1665 1502 1735 pecuniarum
1535 1665 1588 1720 vi
1619 1665 1905 1722 inventum
1950 1681 2118 1735 quant

525 1760 631 1813 tria
661 1757 955 1821 duntaxat,
991 1756 1460 1826 quemadmodum
1491 1755 1656 1826 paulo
1686 1747 1816 1812 ante
1848 1755 2117 1820 dicebam,

526 1849 876 1906 centenaria.
912 1847 1097 1913 Quare
1139 1848 1408 1918 indagans
1441 1848 1746 1917 imperator
1779 1848 2004 1917 expensi
2037 1865 2120 1903 co-

525 1944 726 2008 dicem,
753 1956 931 2012 eoque
961 1941 1189 1996 invento
1219 1941 1360 2010 apud
1397 1955 1582 1996 senem
1619 1939 1914 2010 quemdam
1940 1955 2119 1996 eunu-

525 2037 717 2101 chum,
783 2035 1054 2091 Basilium
1117 2034 1648 2105 protospatharium,
1699 2034 2123 2106 intelligensquc

525 2145 634 2200 quo
666 2129 770 2184 illa:
802 2128 1095 2194 abiissent,
1121 2143 1247 2181 cum
1273 2126 1631 2197 Optimatibus
1655 2126 1775 2196 ejus
1823 2128 1902 2182 rei
1952 2142 2121 2183 causa

525 2224 822 2286 consilium
888 2221 1102 2278 habuit.
1150 2219 1362 2276 llorum
1399 2234 1511 2275 una
1565 2235 1804 2275 concors
1847 2221 2120 2274 sententia

526 2315 652 2381 l'uit,
685 2316 834 2385 ipsos
862 2314 956 2384 qui
991 2314 1134 2368 male
1160 2323 1510 2380 acceperant,
1540 2311 1594 2365 in
1620 2311 1876 2366 azrarium
1917 2311 2124 2365 referre

526 2418 802 2478 oportere.
836 2407 1141 2476 Imperator
1173 2405 1340 2476 256
1365 2405 1561 2475 judicii
1587 2404 1958 2460 acrimoniam
1981 2414 2122 2459 tem-

527 2515 751 2570 perans,
800 2500 1092 2555 semissem
1134 2510 1482 2566 recepturum
1529 2497 1582 2551 in
1632 2497 1889 2551 mrarium
1943 2497 2124 2566 publi-

527 2608 653 2648 cum
685 2592 920 2661 singulis
951 2589 1302 2645 referendam
1338 2589 1548 2644 sanxit.
1591 2590 1673 2644 lta
1713 2589 1918 2644 factum
1951 2599 2036 2644 est
2067 2598 2126 2644 ut

527 2697 582 2738 et.
621 2683 751 2748 illis,
791 2682 896 2738 etsi
930 2680 1082 2736 nulla
1113 2679 1264 2749 digni
1295 2679 1670 2734 muniﬁcentia
1701 2689 1881 2746 erant,
1913 2681 2125 2751 accepti

529 2774 775 2827 muneris
799 2787 928 2841 pars
955 2772 1098 2826 haud
1127 2771 1325 2841 exigua
1350 2771 1594 2836 cederet,
1623 2781 1678 2826 et
1715 2782 1962 2827 trecenta
1997 2788 2125 2827 cen-

529 2866 741 2921 tenaria
773 2869 841 2920 ad
889 2865 1145 2920 aerarium
1203 2864 1486 2934 publicum
1537 2863 1818 2928 redirent;
1876 2865 2019 2919 unde
2067 2865 2122 2918 in

529 2961 851 3031 urgentibus
878 2959 1116 3029 negotiis
1142 2957 1568 3013 subministrare
1597 2958 1762 3027 coapit
1796 2959 2118 3029 imperator,

525 3069 706 3125 exque
734 3051 895 3107 olIicii
931 3052 1144 3106 ratione
1183 3066 1296 3105 rem
1337 3051 1611 3120 publicam
1645 3066 1858 3122 gerere.

1634 347 2148 409 TIIEOPIIANES
2178 352 2742 417 CONTINUATUS.

598 460 878 519 28.ἑ111ἱοο
905 469 1088 520 autem
1129 457 1198 514 ad
1247 471 1521 514 summam
1554 471 1742 512 rerum
1769 458 2112 528 provehitur,
2148 461 2194 520 Α

3701 354 3815 419 272

2298 460 2383 532 [Ρ.
2421 463 2543 535 159]
2575 463 2681 536 κη’.
2727 463 3037 536 Προάγει-αι
3059 464 3115 518 δὲ
3149 463 3310 523 εὐθὺς
3335 465 3427 519 ἐπὶ
3462 466 3561 538 τὴν
3595 466 3820 522 πάντων
3915 487 3919 490 ·

2226 553 2446 624 ἀρχὴνὸ
2481 555 2643 624 μέχρι
2670 555 2823 608 τοῦδε
2861 555 3200 626 δευτερεύων
3255 555 3462 627 ταύτης
3507 557 3818 623 Βασίλειος,

2227 646 2322 698 καὶ
2352 646 2506 716 παρά
2551 662 2610 698 τε
2634 646 2735 717 τῆς
2761 646 2982 717 ἐντίμου
3035 647 3232 718 βουλῆς
3263 648 3360 702 καὶ
3391 648 3500 702 τῶν
3532 649 3820 720 ὑποϐεϐη-

2228 737 2404 790 κότων
2447 737 2748 806 ταγμάτων
2778 739 2872 790 καὶ
2904 737 3108 800 παντὸς
3136 735 3233 790 τοῦ
3279 735 3690 808 στρατεύματος
3720 737 3829 792 καὶ

2224 830 2322 884 τοῦ
2358 829 2518 900 ὄχλου
2575 827 2668 882 τοῦ
2717 829 2943 883 ἀστικοῦ
2973 829 3003 879 ὁ
3037 830 3132 883 xui.
3176 829 3284 900 πρὸ
3319 829 3512 882 τούτου
3534 829 3602 882 δι’
3630 830 3828 899 ἱκετη-

2229 923 2402 994 ρικῶν
2467 922 2644 993 εὐχῶν
2724 922 3154 992 ὲπιζητούμενος
3231 920 3628 992 ἀναγορεύεται
3718 920 3834 974 αὐ-

2226 1015 2516 1086 τοκράτωρ
2571 1015 2873 1078 Βασίλειος.
2909 1018 3004 1080 Ὃς
3075 1015 3193 1085 ἅμα
3243 1013 3323 1085 τῷ
3378 1014 3673 1084 παρελθεῖν
3722 1013 3831 1066 ἐπὶ

2227 1109 2327 1179 τὴν
2355 1109 2461 1161 τῶν
2494 1108 2632 1162 ὅλων
2657 1109 2831 1178 ἀρχὴν
2862 1109 2956 1162 καὶ
2988 1107 3183 1162 ἐαυτὸν
3209 1107 3305 1161 καὶ
3334 1107 3430 1170 τὰς
3455 1105 3552 1159 τοῦ
3577 1108 3832 1177 κράτους

2227 1201 2386 1272 ἡνίας
2417 1201 2536 1271 Θεῷ
2562 1202 2936 1267 ἀνατέθεικεν,
2969 1201 3272 1271 εὐξάμενος
3295 1201 3389 1253 ἐπὶ
3415 1199 3617 1266 λέξεως
3649 1198 3784 1253 τάδε
3809 1215 3826 1229 ·

2226 1294 2448 1362 Χριστὲ
2499 1296 2788 1360 βασιλεῦ,
2844 1294 2919 1362 τῇ
2950 1293 3035 1362 σῇ
3079 1295 3275 1360 κρίσει
3327 1292 3444 1360 τὴν
3484 1292 3835 1356 ,Βασιλείαν

2224 1389 2577 1459 δεξάμενος,
2594 1390 2693 1444 σοί
2712 1390 2809 1444 καὶ
2829 1390 3056 1456 ταύτην
3073 1388 3169 1442 καί
3191 1388 3456 1456 ἐμαυτὸν
3474 1387 3828 1455 ἀνατίθημι.

2227 1482 2754 1552 Προσκαλεσάμενος
2833 1481 2890 1534 δὲ
2921 1482 3120 1535 αὐτίκα
3164 1481 3292 1544 τοὺς
3369 1479 3472 1548 τῆς
3524 1481 3834 1550 γερουσίας

2226 1574 2524 1645 προκίτους
2559 1577 2654 1629 καὶ
2687 1575 2733 1606 ⁴⁰
2765 1577 2825 1628 ἐν
2849 1573 3126 1645 ἀξιώμασι
3175 1571 3537 1645 προῦχοντας,
3577 1573 3695 1644 μετ’
3720 1574 3837 1626 αὑ-

2226 1669 2334 1722 τῶν
2368 1668 2462 1722 τὸν
2488 1668 2602 1722 τῶν
2635 1669 2928 1740 βασιλείων
2947 1668 3243 1740 θησαυρῶν
3273 1667 3316 1699 “
3342 1665 3544 1737 ἀνέῳξε
3563 1665 3790 1736 φύλακα
3810 1683 3832 1697 ·

2227 1760 2325 1815 καὶ
2357 1759 2513 1814 οὐδὲν
2566 1761 2760 1832 ἕτερον
2804 1763 2870 1815 ἐκ
2919 1761 3016 1815 τοῦ
3065 1759 3326 1814 τοσούτου
3373 1758 3483 1812 τῶν
3513 1758 3833 1829 χρημάτων

2225 1852 2470 1923 πλήθους
2499 1854 2701 1925 εὑρέθη
2736 1855 2878 1924 πλὴν
2905 1854 3030 1923 τρία
3053 1853 3150 1906 καὶ
3183 1853 3341 1922 μόνα,
3371 1850 3553 1913 καθὼς
3587 1850 3686 1921 ήδη
3722 1850 3834 1903 καὶ

2225 1947 2333 2016 πρὸ
2357 1946 2543 2014 ὀλίγου
2577 1964 2666 2017 μοι
2731 1945 2976 2018 εἴρηται,
3035 1943 3391 2015 κεντηνάρια.
3424 1944 3676 2012 Ζητήσας
3723 1939 3834 1993 οὖν

2224 2040 2252 2092 ὁ
2280 2037 2536 2109 βασιλεὺς
2569 2039 2667 2110 τὴν
2700 2039 2801 2107 τῆς
2843 2035 3028 2102 ἐξόδου
3082 2035 3471 2108 καταγραφὴν,
3538 2035 3632 2088 καὶ
3687 2032 3837 2086 ταύο

2225 2147 2324 2201 την
2383 2129 2562 2201 εὑρὼν
2617 2131 2772 2200 παρά
2821 2147 2928 2183 τινι
2983 2129 3096 2182 τῶν
3137 2127 3411 2197 εὐνούχων
3474 2125 3690 2195 γέροντι
3739 2123 3836 2195 τῷ

2227 2223 2718 2295 πρωτοσπαθαρίῳ
2796 2224 2841 2256 δ’
2888 2223 3197 2292 Βασιλείῳ,
3276 2219 3372 2274 καὶ
3449 2220 3611 2288 γνοὺς
3679 2219 3830 2271 ὅπου

2223 2317 2402 2371 ταῦτα
2440 2307 2713 2389 ἐχώρησε,
2777 2316 2975 2388 βουλὴν
3012 2317 3143 2385 περὶ
3176 2314 3368 2368 τούτου
3417 2316 3532 2374 τοῖς
3571 2311 3834 2384 ἀρίστοις

2228 2405 2547 2478 προῦθηκεν
2569 2423 2581 2436 °
2645 2400 2721 2461 ὧν
2749 2409 2781 2478 ἡ
2813 2406 2996 2476 ψῆφος
3048 2403 3348 2475 ὁμοφώνως
3379 2402 3683 2472 συνᾴδουσα
3719 2400 3834 2454 αὐ-

2226 2501 2354 2564 τοὺς
2383 2500 2626 2564 ἐκείνους
2657 2500 2788 2563 τοὺς
2819 2498 3011 2563 κακῶς
3036 2499 3212 2552 ταῦτα
3241 2493 3833 2563 λαϐύνταςάντιστρέ-

2225 2588 2324 2660 ea:
2354 2589 2490 2662 πρὸς
2517 2591 2576 2644 τὸ
2603 2591 2887 2662 δημόσιον,
2910 2592 2938 2643 ὁ
2959 2589 3214 2660 βασιλεὺς
3242 2588 3304 2640 τὸ
3323 2587 3465 2656 ἄγαν
3492 2583 3856 2655 ὑποθραὺων.

2223 2683 2435 2738 δίκαιον
2492 2685 2592 2748 τὰς
2646 2683 2906 2754 ἡμισείας
2937 2677 3124 2752 ὧνπερ
3175 2679 3370 2734 ἔλαϐον
3405 2680 3632 2732 ἕκαστοι
3672 2677 3827 2730 ἀντι-

2229 2775 2466 2846 στρέψαι
2499 2776 2640 2847 πρὸς
2694 2776 2757 2830 τὸ
2811 2775 3091 2846 βασιλικὸν
3121 2775 3370 2844 ταμιεῖον
3399 2770 3673 2825 ἐκέλευσε.
3705 2767 3818 2820 Καὶ

2227 2866 2402 2932 οὑτως
2435 2869 2635 2939 συνέϐη
2669 2868 2968 2931 κάκείνοις,
3001 2869 3050 2920 εί
3090 2867 3188 2919 καὶ
3215 2863 3428 2928 ἀνάξιοι
3459 2863 3641 2931 πάσης
3663 2860 3816 2929 φιλο-

2229 2962 2420 3033 τιμίας
2444 2960 2764 3031 ἐτύγχανον,
2800 2961 2902 3013 οὑκ
2939 2959 3122 3027 ὀλίγον
3155 2958 3234 3010 ἐτι
3269 2952 3687 3026 περιλειφθῆναι
3721 2951 3825 3022 τῆς

2219 3055 2455 3127 δωρεᾶς,
2485 3055 2580 3108 καὶ
2603 3053 2682 3124 τῷ
2708 3052 2972 3122 βασιλικῷ
2994 3047 3491 3122 θησαυροφυλακίῳ
3517 3043 3822 3116 τριακόσια

526 3143 920 3213 ἐπεισαχθῆναι
941 3141 986 3172 ⁸³
1011 3141 1363 3213 κεντηνάρια,
1393 3142 1486 3212 ἀφ’
1513 3137 1588 3196 ὧν
1640 3144 1698 3196 ἐν
1734 3146 1847 3208 τοῖς
1901 3145 2220 3215 ἐπείγουσιν
2240 3149 2443 3219 ἡρξατο
2466 3150 2725 3218 χορηγεῖν
2755 3145 2852 3200 καὶ
2897 3143 3126 3206 δεόντως
3159 3144 3188 3196 ὁ
3213 3142 3261 3178 ιδ
3293 3139 3548 3212 βασιλεὺς
3573 3136 3825 3195 διοικεῖν,

598 3235 691 3290 29.
723 3233 844 3300 Qua
872 3233 963 3288 die
1005 3234 1220 3304 imperii
1249 3251 1524 3290 summam
1559 3237 1792 3306 adeptus
1843 3247 1929 3293 est
1973 3239 2126 3296 Basi-
2154 3263 2197 3322 ο

528 3328 660 3392 lius,
686 3328 835 3383 velut
864 3325 974 3380 Deo
1007 3327 1383 3382 Romanarum
1428 3344 1612 3382 rerum
1653 3329 1706 3382 in
1754 3329 1952 3384 melius
2001 3348 2126 3387 mu-

529 3419 756 3475 tationis
822 3417 1043 3484 indice,
1104 3418 1404 3473 multormn
1459 3429 1786 3489 tropazorum
1838 3425 2016 3478 nuntii
2069 3427 2127 3479 in

527 3517 825 3579 augustam
896 3511 1038 3562 hanc
1101 3509 1294 3564 urbem
1353 3510 1735 3580 advenerunt,
1829 3514 2128 3586 multisque

530 3601 865 3656 Christianis
912 3610 1181 3655 assertum
1236 3618 1301 3655 ex
1347 3603 1668 3672 captivitate
1708 3605 2014 3662 libertatem
2059 3609 2128 3663 ad

530 3710 654 3752 eam
679 3696 950 3766 perlatum
983 3704 1085 3751 est.
1119 3694 1326 3766 Pompa
1357 3695 1542 3767 itaque
1575 3714 1903 3770 progressus
1953 3702 2128 3772 impc-

531 3799 690 3844 rator
719 3788 786 3844 ad
815 3804 1073 3858 uiagnum
1102 3787 1198 3844 Dei
1231 3790 1515 3860 templum,
1541 3791 1630 3846 cui
1662 3792 1731 3847 ab
1762 3791 1883 3862 cjus
1909 3795 2128 3865 sapien-

531 3882 608 3937 tia
668 3897 870 3937 nomen
899 3891 1008 3945 est,
1045 3898 1256 3952 proque
1304 3883 1566 3939 omnibus
1600 3883 1768 3939 simul
1821 3887 2125 3955 gratiarum

530 3975 757 4031 actione
814 3975 1166 4045 perfunctus,
1225 3974 1507 4031 redeundo
1565 3977 1884 4033 consularia
1924 3980 2129 4049 sparsit

530 4083 787 4132 munera,
847 4067 1236 4137 ingentemque
1286 4068 1392 4120 vim
1456 4050 1836 4138 pecuniarum,
1892 4085 2000 4123 non
2056 4085 2125 4125 ex

517 4159 768 4230 publicis
805 4159 969 4229 (quae
1013 4175 1122 4213 non
1182 4159 1603 4229 suppetebant),
1635 4159 1731 4216 sed
1764 4176 1829 4214 ex
1860 4163 2122 4232 propriis,

529 4268 668 4324 quas
697 4264 825 4310 ante
851 4254 1195 4324 possederat,
1223 4254 1277 4308 in
1304 4254 1555 4310 subditos
1581 4254 1906 4325 plebemque
1935 4256 2126 4309 distri—

527 4344 670 4402 buit.
709 4341 860 4400 Uxor
893 4359 1115 4414 quoque
1151 4343 1392 4399 Eudocia
1435 4359 1563 4399 cum
1603 4345 1795 4399 liberis
1853 4345 2125 4400 Constan-

531 4438 649 4492 tino
689 4445 743 4490 ct
788 4433 995 4500 Leone,
1023 4435 1142 4503 pari
1176 4444 1230 4489 ct
1259 4435 1377 4504 ipsa
1408 4435 1722 4505 largitione,
1758 4437 1958 4492 multas
1989 4439 2124 4493 ciri-

531 4531 638 4586 bus
668 4529 934 4600 pecunias
961 4543 1027 4582 ex
1057 4528 1175 4582 suis
1206 4529 1473 4596 erogavit.
1498 4531 1577 4584 Ac
1617 4530 1746 4585 licet
1783 4546 1850 4586 eo
1881 4542 2125 4602 tempore

2309 3240 2413 3297 κθ’.
2439 3241 2599 3297 Κατὰ
2651 3242 2709 3296 δὲ
2751 3239 2852 3312 τὴν
2885 3239 3100 3310 ἡμέραν
3147 3235 3271 3290 καθ’
3301 3236 3369 3306 ἢν
3401 3235 3496 3288 ἐπὶ
3529 3233 3629 3304 τὴν
3659 3233 3828 3287 αὑτο-

2232 3335 2482 3408 κράτορα
2501 3332 2665 3406 ἦλθεν
2692 3333 2916 3404 ἀρχὴνὸ
2958 3331 3261 3395 Βασίλειος,
3311 3328 3501 3398 ὥσπερ
3543 3326 3830 3379 ἐνδεικνυ-

2189 3432 2398 3511 νμένου
2429 3427 2566 3482 Θεοῦ
2616 3428 2715 3497 τὴν
2771 3430 2865 3481 ἐπὶ
2911 3424 2982 3479 τά
3029 3425 3267 3495 κρείττω
3325 3421 3434 3475 τῶν
3488 3419 3829 3488 Ῥωμαϊκῶν

2233 3516 2577 3589 πραγμάτων
2630 3517 2958 3588 μεταϐολὴν,
3014 3514 3212 3585 συνέϐη
3268 3511 3479 3568 πολλῶν
3530 3511 3831 3565 ἐπινικίων

2223 3613 2490 3682 ἀγγελίαν
2526 3611 2627 3682 τὴν
2663 3609 3058 3681 βασιλεύουσαν
3090 3607 3300 3677 ταύτην
3338 3602 3673 3660 καταλαϐεῖν
3726 3604 3830 3656 καὶ

2229 3707 2534 3776 ἀνάρρυσιν
2565 3705 2807 3774 πλήθους
2849 3699 3214 3772 αἰχμαλώτων
3253 3693 3596 3767 Χριστιανῶν
3621 3695 3829 3762 ἀγγελ-

2227 3796 2410 3865 θῆναι.
2437 3795 2669 3866 Πρόοδον
2688 3792 2780 3848 οὖν
2800 3795 2827 3847 ὁ
2849 3791 3102 3865 βασιλεὺς
3128 3791 3220 3845 ἐπὶ
3239 3789 3327 3843 τὸν
3364 3787 3537 3858 μέγαν
3567 3785 3662 3838 τοῦ
3677 3785 3824 3839 Θεοῦ

2228 3885 2356 3941 ναὸν
2390 3886 2481 3940 τὸν
2500 3885 2599 3956 τῆς
2616 3885 2830 3940 ἐκείνου
2872 3885 3075 3953 Σοφίας
3100 3881 3386 3949 ἐπώνυμον
3421 3876 3820 3948 ποιησάμενος,

2229 3982 2324 4034 καὶ
2347 3979 2446 4044 τάς
2479 3981 2608 4052 περὶ
2632 3980 2850 4033 πάντων
2866 3976 3002 4048 ὁμοῦ
3025 3974 3374 4047 εὐχαριστίας
3393 3971 3542 4042 αὑτῷ
3557 3971 3816 4035 ἀποδοὺς,

2228 4075 2288 4128 ἐν
2311 4073 2389 4144 τῷ
2417 4073 2784 4143 ὑποστρέφειν
2842 4072 3172 4136 ὑπάτευσεν,
3198 4069 3294 4122 καὶ
3325 4067 3429 4138 χρὴ
3440 4083 3584 4136 ματα
3617 4062 3808 4125 πολλὰ,

2227 4167 2329 4220 οὐκ
2356 4167 2422 4219 ἐκ
2459 4164 2565 4218 τῶν
2589 4162 2868 4235 δημοσίων
2911 4160 3053 4232 (οὑδὲ
3082 4158 3193 4229 γὰρ
3222 4154 3336 4230 ἦν),
3366 4157 3480 4211 ἀλλ’
3501 4157 3562 4208 ἐκ
3591 4153 3697 4205 τῶν
3727 4150 3806 4203 οἰ-

2228 4255 2414 4322 κείων,
2431 4255 2467 4309 ἆ
2493 4255 2759 4324 ἐκέκτητο
2779 4254 3070 4323 πρότερον,
3087 4253 3200 4313 τοῖς
3225 4249 3486 4318 ὑπηκόοις
3517 4243 3803 4310 διένειμεν.

2227 4349 2339 4402 Καὶ
2376 4347 2618 4419 ἡτούτου
2649 4346 2707 4399 δὲ
2739 4344 2971 4412 σύζυγος
2994 4342 3226 4395 Εὑδοκία
3246 4343 3280 4410 ἠ
3312 4339 3522 4409 βασιλὶς
3554 4334 3668 4405 ἅμα
3694 4335 3812 4396 τοῖς

2230 4439 2366 4499 υἱοῖς
2423 4438 2825 4508 Κωνσταντίνῳ
2878 4437 2974 4489 καὶ
3006 4433 3197 4488 Λέοντι
3231 4431 3590 4485 ὑπατεύσασα
3641 4425 3817 4479 πολλὰ.

2227 4534 2294 4602 τῇ
2325 4530 2575 4602 πολιτείᾳ
2617 4532 2882 4601 χρήματα
2936 4529 3046 4583 ἀπὸ
3088 4529 3196 4582 τῶν
3223 4525 3428 4595 ἑαυτῆς
3476 4523 3816 4592 ἐδωρήσατο.

534 4623 838 4692 imperator
865 4621 1036 4675 multa
1065 4621 1245 4676 adhuc
1276 4621 1350 4676 rei
1383 4624 1708 4680 nummariae
1729 4634 1970 4695 egestate
1993 4641 2120 4696 pre-

2232 4623 2381 4696 Πλὴν
2405 4624 2455 4676 εί
2485 4623 2579 4676 καὶ
2596 4623 2717 4676 τότε
2751 4621 2832 4675 ἐτι
2865 4622 3127 4685 ἐσπάνιζε
3154 4619 3457 4692 χρημάτων
3478 4618 3505 4668 ὁ
3539 4612 3822 4683 βασιλεὺς,

536 4724 803 4783 meretur,
835 4716 915 4770 uti
950 4715 1158 4770 dictum
1189 4723 1297 4779 est,
1323 4723 1513 4786 postea
1545 4726 1727 4772 tamen
1760 4718 1957 4773 uberes
1985 4719 2120 4774 satis

535 4825 671 4882 opes
709 4809 937 4878 adeptus
970 4815 1076 4876 est,
1119 4795 1320 4880 partim
1358 4809 1579 4880 quidem
1638 4809 1736 4864 Dei
1783 4825 2010 4865 munere
2057 4825 2122 4864 ac

505 4909 674 4958 ~nutu
698 4902 769 4957 ob
791 4901 912 4972 ejus
943 4901 996 4955 in
1031 4916 1300 4971 pauperes
1329 4899 1760 4974 misericordiam
1796 4916 1862 4956 ac
1901 4902 2122 4971 aequita-

496 5067 498 5070 _
533 5004 666 5061 tem,
705 4991 890 5047 multis
925 4992 1028 5048 sub
1065 5001 1210 5046 terra
1242 4991 1476 5048 occultis
1509 4993 1784 5048 thesauris
1811 4993 1902 5047 illo
1933 5007 2120 5049 rerum

496 5079 778 5159 'potiente
806 5087 860 5141 in
902 5087 1078 5142 lucem
1122 5084 1286 5156 257
1342 5084 1670 5155 productis;
1729 5085 1930 5164 partim
1989 5101 2122 5142 vero

531 5182 700 5236 etiam
733 5197 802 5235 ex
828 5194 965 5234 auro
996 5179 1145 5248 quod
1179 5179 1232 5232 in
1275 5178 1496 5249 privato
1529 5178 1876 5247 imperatoris
1901 5179 2117 5245 aerario,

532 5273 680 5344 quod
711 5287 910 5342 nctupe
939 5272 1059 5342 ejus
1089 5269 1350 5326 decessor
1402 5269 1636 5326 Michael
1682 5269 1935 5328 conﬂatis
1951 5287 2122 5343 egre-

535 5364 638 5441 gia:
667 5368 888 5422 fabricae
919 5365 1422 5437 pulcherrimisque
1447 5365 1705 5436 Oper-ibus
1739 5368 1942 5436 (aurea
1972 5365 2124 5420 scili-

531 5475 622 5520 cet
653 5462 742 5519 sic
773 5471 969 5514 vocata
1023 5461 1270 5530 platano,
1320 5459 1534 5514 duobus
1577 5474 1715 5513 auro
1771 5458 1961 5513 solidis
1998 5473 2123 5529 gry-

535 5557 784 5625 phibus,
851 5554 1192 5624 totidemque
1271 5568 1409 5607 auro
1461 5552 1768 5608 ductilibus
1842 5551 2117 5613 leonibus,

2228 4715 2420 4786 ῶσπερ
2449 4715 2689 4785 εἴρηται,
2712 4712 2797 4788 [Ρ.
2832 4713 2959 4787 160]
2992 4713 3128 4766 ἀλλὰ
3158 4710 3296 4782 μετά
3317 4707 3491 4762 ταῦτα
3537 4707 3829 4778 προσεγέ-

2228 4824 2352 4862 νετο
2401 4808 2496 4861 καὶ
2553 4806 2758 4877 ἐτέρων
2787 4807 2830 4838 ⁵⁵
2855 4806 3159 4878 χρημάτων
3188 4801 3391 4873 πλῆθος
3419 4798 3570 4868 αὑτῷ
3604 4797 3825 4866 ἱκανὸν,

2230 4901 2390 4954 τοῦτο
2422 4900 2519 4972 μὲν
2556 4899 2694 4953 Θεοῦ
2748 4899 2839 4953 διὰ
2887 4899 2979 4951 τὸν
3018 4897 3155 4968 πρὸς
3201 4896 3329 4957 τοὺς
3378 4892 3620 4964 πένητας
3668 4887 3829 4939 ἔλεον

2232 4993 2397 5048 αὑτοῦ
2456 4994 2552 5047 καὶ
2598 4991 2699 5062 τὴν
2754 4988 3104 5058 δικαιοσύνην
3136 4985 3368 5047 πολλοὺς
3414 4981 3523 5034 τῶν
3571 4978 3678 5031 ὑπὸ
3712 4977 3828 5046 γῆν

2233 5084 2527 5158 θησαυρῶν
2557 5086 2614 5138 ἐν
2645 5084 2768 5147 ταῖς
2827 5081 3062 5152 ἡμέραις
3120 5077 3288 5132 αὑτοῦ
3321 5078 3399 5138 εἰς
3430 5072 3546 5144 φῶς
3592 5069 3830 5137 εύδοκήα

2228 5195 2420 5241 σαντος
2460 5175 2764 5246 προελθεῖν,
2794 5174 2953 5229 τοῦτο
2983 5175 3037 5228 δὲ
3061 5173 3157 5227 καὶ
3186 5172 3294 5226 ἀπὸ
3324 5169 3419 5223 τοῦ
3456 5169 3513 5219 ἐν
3539 5162 3829 5234 τῷεὲδικῷ

2225 5271 2546 5343 εὑρεθέντος
2577 5268 2803 5343 χρυσοῦ,
2842 5267 2902 5322 ὃν
2943 5269 2970 5321 ὁ
3029 5259 3546 5336 προϐεϐασιλευκὼς
3591 5254 3827 5325 Μιχαὴλ

2223 5367 2292 5420 τά
2320 5365 2584 5419 κάλλιστα
2618 5364 2726 5416 τῶν
2759 5362 2934 5432 ἔργων
2994 5357 3406 5430 συγχωνεύσας,
3439 5352 3584 5420 λέγω
3615 5348 3682 5419 δὴ
3717 5347 3825 5416 τὴν

2225 5455 2439 5528 χρυσῆν
2483 5455 2699 5525 ἐκείνην
2730 5452 3076 5523 καλουμένην
3120 5450 3392 5528 πλάτανον
3426 5445 3519 5500 καὶ
3553 5442 3680 5503 τοὺς
3721 5438 3825 5490 δύο

2228 5548 2557 5619 ὁλοχρύσους
2575 5545 2679 5617 γρῦ
2689 5546 2899 5608 παςκαὶ
2916 5545 3041 5608 τοὺς
3063 5543 3156 5598 δύο
3175 5540 3412 5614 χρυσοῦς
3431 5533 3824 5606 σφυρηλάτους

1854 5666 2085 5722 νΑιὶιίΕ
2124 5664 2523 5721 LECTIONES.

607 5761 653 5792 “
678 5759 776 5812 καὶ
803 5773 914 5812 0111.
946 5759 1009 5812 Α.

546 5844 635 5898 ρον
655 5826 726 5883 Δ.

1085 5759 1128 5790 ⁵⁸
1158 5759 1431 5831 θησαυρὸν
1477 5763 1542 5814 Λ.
1611 5761 1663 5831 ξ’
1693 5762 1801 5815 τῶν
1827 5760 2340 5830 πρωτοσπαθαρίων
2380 5763 2442 5813 Α.

2522 5759 2564 5790 ⁸³
2591 5757 3019 5826 ἐπισυναχθῆναι
3051 5757 3117 5813 Δ.
3195 5756 3241 5787 ³⁵
3271 5756 3298 5807 ὁ
3329 5767 3442 5807 om.
3476 5748 3538 5803 P.
3615 5745 3663 5778 “'
3693 5745 3827 5798 ἐτεο
