4144 6468
434 318 541 384 275

1533 323 2043 387 THEOPHANES
2080 284 2655 389 CONTINUATUS.‘

3606 316 3717 386 9.76

438 444 673 506 poterat,
713 436 999 509 ipsiusmet
1032 439 1380 509 imperatoris
1405 454 1571 510 opera
1620 443 1832 498 meliori
1866 442 2021 514 fruge

2131 444 2507 514 βασιλεύοντος
2564 444 2597 515 ἢ
2664 441 3027 515 μετεϐάλλετο
3070 440 3102 512 ἢ
3164 439 3397 502 ἀλλοίως
3453 455 3570 504 πως
3624 442 3730 509 τὴν

413 517 890 603 ἐοωροιιεὺειιιιι,
927 537 1023 588 aut
1062 543 1211 589 certe
1240 533 1409 588 variis
1441 535 1562 590 aliis
1593 536 1771 592 modis
1798 536 2027 591 medici-

440 639 567 679 nam
610 624 936 695 accipiebat.
979 624 1117 681 Cum
1148 628 1295 681 enim
1325 626 1568 697 optimus
1597 627 1687 683 hic
1722 628 2025 698 imperator

436 733 534 789 per
557 732 776 772 omnem
807 718 916 774 late
935 718 1194 773 ditionem
1227 719 1550 789 injustitiam
1568 733 1795 788 prorsus
1824 719 2025 774 exstir-

437 825 569 881 pare
592 810 973 877 contenderet,
1012 811 1214 882 ubique
1243 811 1457 868 saneita
1489 811 1660 868 edidit
1710 812 1876 882 inque
1900 827 2024 867 om-

374 978 377 981 Ἴ
439 920 538 960 nes
568 904 884 973 provincias
926 904 1100 969 misit,
1132 905 1333 975 quibus
1369 905 1517 960 datio
1553 904 1737 960 omnis
1778 919 1842 960 ac
1887 919 2028 974 prae-

372 988 378 995 ’
437 998 627 1064 statio,
664 1013 778 1068 prae
810 998 1003 1052 inolita
1044 998 1172 1053 olim
1202 1013 1370 1068 prava
1419 998 1822 1053 consuetudine
1881 995 2026 1051 haud

438 1090 618 1146 aliena
646 1106 676 1145 a
716 1090 931 1146 ratione
958 1090 1098 1155 visa,
1129 1090 1423 1145 toliebatur
1469 1105 1534 1145 ac
1576 1089 2026 1154 exscindebatur,

439 1185 732 1253 omnisque
765 1184 1052 1253 aequalitas
1079 1198 1143 1238 ac
1168 1183 1379 1253 justitia
1409 1183 1559 1238 velut
1588 1200 1620 1237 a
1652 1182 1864 1252 prolixo
1887 1196 2028 1252 quo-

439 1277 567 1333 dam
603 1279 799 1333 exsilio
830 1293 893 1332 ac
934 1278 1059 1347 fuga
1086 1278 1138 1331 in
1176 1277 1301 1332 vitae
1345 1293 1505 1332 usum
1545 1276 1737 1333 reduci
1778 1277 2031 1345 interque

442 1371 688 1426 homines
716 1386 918 1425 novum
951 1371 1138 1426 vivere
1166 1370 1475 1425 videbatur.

509 1462 601 1518 51.
636 1461 741 1517 Sed
763 1476 819 1517 et
855 1463 949 1532 qui
977 1461 1271 1532 adjudicia
1296 1462 1479 1516 idonei
1514 1476 1688 1531 exque
1718 1461 2029 1531 disciplinis

440 1555 495 1609 in
524 1569 647 1609 eam
684 1570 798 1610 rem
830 1556 1089 1610 instructi
1132 1555 1270 1611 satis
1310 1554 1594 1624 animique
1640 1554 1912 1609 sententia
1968 1570 2032 1609 ac

439 1647 721 1703 voluntate
760 1649 1004 1719 religiosi
1040 1648 1350 1719 integrique
1385 1648 1779 1713 noscebantur,
1815 1648 2032 1702 collatis

438 1740 746 1795 honoribus
807 1740 878 1795 ab
931 1741 1211 1795 humiliori
1276 1740 1447 1811 gradu
1500 1740 1796 1795 sustollens
1863 1748 2029 1809 atque

410 1816 744 1903 iexaltans,
797 1834 1107 1904 annuisque
1163 1833 1451 1903 stipendiis
1498 1843 1552 1887 et
1598 1832 2028 1887 frumentatione

410 1906 677 2001 :aliisquc
709 1923 1031 1978 muneribus
1060 1923 1358 1979 liberaliter
1391 1923 1628 1989 donans,
1661 1937 1757 1993 per
1781 1923 2027 1993 singulos

441 2016 836 2085 propemodum
869 2016 1021 2071 vicos
1055 2016 1356 2085 domosque
1384 2015 1673 2086 religiosas
1708 2015 2023 2071 constituit.

439 2106 796 2163 Potissimum
839 2122 991 2170 vero,
1041 2123 1205 2178 quam
1258 2106 1490 2165 Chalces
1538 2116 1756 2171 vocant,
1806 2108 2027 2178 conspi-

439 2208 600 2249 cuam
630 2194 761 2249 olim
785 2208 851 2251 ac
876 2196 1254 2251 admirandam
1279 2198 1476 2265 aedem,
1529 2199 1794 2269 temporis
1826 2198 2028 2269 injuria

437 2300 748 2356 eorumque
779 2288 871 2358 qui
906 2303 1091 2343 rerum
1122 2289 1280 2359 potiti
1307 2298 1466 2345 erant
1490 2290 1818 2360 negligentia
1849 2289 2030 2360 (forte

438 2378 613 2434 etiam
649 2378 1029 2434 incendiorum
1061 2380 1150 2449 vi)
1197 2380 1388 2438 multis
1440 2382 1495 2436 in
1549 2382 1686 2439 locis
1730 2382 2027 2438 labefacta-

439 2478 581 2536 tam,
609 2470 861 2527 obsoleto
895 2480 1041 2528 tecto
1078 2487 1142 2528 ac
1165 2473 1492 2540 collabente,
1527 2474 1645 2546 ipse
1677 2485 1731 2530 et
1762 2476 1946 2531 labore
1977 2485 2032 2530 et

437 2561 685 2633 profusis
715 2565 1029 2635 sumptibus
1057 2566 1380 2637 expurgavit
1421 2577 1583 2637 atque
1612 2566 1825 2641 refecit,
1867 2568 2031 2639 260

438 2654 733 2726 forumque
759 2655 1022 2726 judiciale
1054 2656 1373 2727 destinavit,
1406 2660 1691 2732 Areopago
1722 2658 2031 2730 Heliazaque

410 2738 616 2833 ί¹ηυ¹¹ν⁰
646 2747 955 2817 a“Stratius.
984 2747 1096 2805 Nec
1144 2750 1392 2819 judicum
1432 2752 1778 2809 solummodo
1814 2753 2029 2809 delectu

439 2854 508 2895 ac
530 2840 875 2909 promotione
905 2841 1014 2896 illis
1042 2843 1277 2912 pmvidit
1302 2845 1396 2915 qui
1424 2859 1483 2900 se
1512 2845 1714 2916 injuria
1749 2846 1868 2901 laedi
1894 2862 2030 2916 que-

439 2940 713 2998 rcrentur,
739 2933 832 2989 sed
860 2942 915 2988 et
937 2934 1151 2990 diurnis
1191 2935 1465 2993 alimentis
1497 2937 1564 2992 iis
1593 2938 1907 2994 constitutis
1937 2940 2029 3008 qui

438 3041 469 3080 a
507 3027 914 3096 potentioribus
943 3042 1040 3097 per
1076 3028 1189 3083 vim
1240 3030 1494 3099 quotidie
1521 3030 1574 3084 in
1612 3032 1801 3086 urbem
1841 3034 2030 3088 trahe-

2132 538 2381 609 ἰατρείαν
2428 538 2666 609 ἐδέχετο.
2722 535 2921 590 Τέλεον
2952 536 3061 607 γάρ
3101 534 3297 605 ἐξᾶραι
3334 532 3602 587 πάντοθεν
3627 533 3732 604 τὴν

2130 631 2349 687 ἀδικίαν
2388 633 2416 684 ό
2449 630 2741 701 κράτιστος
2785 621 2943 693 οὗτος
2984 627 3309 697 φιλονεικῶν
3349 624 3630 695 πανταχοῦ
3671 643 3732 678 τε

2130 725 2480 795 διατάγματα
2508 722 2725 785 ἐξέθετο
2752 722 2847 775 καὶ
2878 720 3019 774 κατά
3054 722 3235 774 πᾶσαν
3271 717 3458 789 χώραν
3490 709 3733 786 ἐξέπεμ-

2131 819 2253 888 ψεν,
2279 819 2347 871 δι’
2371 811 2447 872 ὧν
2480 818 2630 871 πᾶσα
2679 816 2828 877 δόσις
2863 815 3027 885 μέχρι
3068 813 3192 866 τότε
3239 812 3302 865 τδ
3332 810 3555 879 εὔλογον
3583 810 3735 880 ἔχειν

2130 908 2366 966 δοκοῦσα
2424 908 2514 962 διά
2564 907 2665 979 τὴν
2723 906 2969 976 πονηράν
3020 904 3128 957 ἀπὸ
3179 905 3376 974 χρόνου
3436 901 3737 971 συνήθειαν

2133 1004 2388 1074 ἀνῃρεῖτο
2449 1001 2546 1054 καὶ
2594 998 2946 1066 ἐξεκὸπτετο,
3000 996 3097 1049 καὶ
3161 993 3411 1064 ἰσονομία
3454 994 3606 1046 πᾶσα
3634 986 3747 1045 καῖ

2132 1092 2445 1162 δικαιοσύνη
2480 1092 2671 1162 ὥσπερ
2705 1090 2814 1144 ἀπό
2861 1104 3011 1151 τινος
3059 1085 3360 1158 ὑπερορίου
3408 1084 3587 1154 φυγῆς
3616 1080 3738 1134 ἐδό-

2135 1205 2221 1241 κει
2252 1187 2504 1241 κατιέναι
2525 1186 2664 1257 πρὸς
2695 1185 2787 1239 τὸν
2812 1184 2925 1255 βίον
2959 1182 3190 1244 καὶτοῖς
3212 1178 3524 1250 ἀνθρώποις
3553 1179 3737 1249 ἐμπο-

2136 1278 2478 1333 λιτεύεσθαι.

2206 1470 2310 1523 λα’.
2354 1466 2517 1521 Ἀλλά
2548 1465 2644 1517 καὶ
2693 1462 2821 1526 τοὺς
2871 1462 2951 1524 εἰς
2996 1460 3059 1513 τὸ
3113 1458 3324 1530 κρίνειν
3358 1454 3732 1525 ἐπιτηδείους,

2137 1562 2245 1616 ἀπὸ
2272 1559 2370 1631 μὲν
2409 1559 2454 1591 ⁸⁸
2482 1557 2826 1629 μαθημάτων
2857 1553 3002 1625 ἔχειν
3026 1552 3086 1605 τὸ
3117 1551 3161 1583 ⁸³
3188 1549 3376 1604 ἰκανὸν
3407 1562 3727 1620 μαρτυρου-

2139 1656 2355 1726 μένους,
2404 1652 2514 1707 ἀπὺ
2542 1651 2599 1704 δὲ
2633 1648 2860 1720 γνώμης
2889 1647 2985 1701 καὶ
3014 1645 3391 1716 προαιρέσεως
3415 1641 3477 1694 τὸ
3504 1638 3737 1702 εὐσεϐές

2135 1766 2195 1802 τε
2229 1748 2326 1801 καὶ
2350 1744 2758 1815 ἀδωρόληπτον,
2798 1739 3073 1811 ἀξιώμασί
3115 1755 3175 1790 τε
3205 1736 3305 1806 τῆς
3332 1731 3736 1803 ταπεινοτέρας

2133 1837 2393 1909 βαθμίδος
2425 1834 2743 1906 ὑπεραίρων
2791 1833 2887 1886 καὶ
2941 1830 3165 1901 άνυψῶν
3202 1828 3299 1883 καὶ
3340 1827 3517 1900 ῥογῶν
3542 1829 3729 1879 ἐνιαυ-

2134 1930 2264 1983 σίων
2292 1926 2544 1981 ἐκθέσεσι
2583 1926 2678 1979 καὶ
2702 1922 3031 1995 σιτηρεσίων
3062 1921 3239 1977 ἄλλων
3271 1920 3367 1973 καὶ
3396 1916 3729 1988 φιλοτιμιῶν

2133 2038 2207 2075 πα
2218 2021 2403 2091 ροχαῖς
2429 2016 2776 2087 δεξιούμενος
2803 2016 2943 2069 κατά
2968 2015 3152 2067 πᾶσαν
3181 2011 3371 2083 σχεδὸν
3400 2009 3601 2078 ἀγυιὰν
3632 2011 3731 2061 καὶ

2132 2113 2240 2166 πᾶν
2282 2111 2483 2180 εὐαγὲς
2548 2109 2874 2178 ἐνδιαίτημα
2923 2108 3355 2176 ἐγκατέστησεν.
3396 2102 3732 2173 Ἐξαιρέτως

2130 2205 2188 2259 δέ
2221 2205 2282 2258 τὸ
2305 2205 2601 2274 λεγόμενον
2623 2203 2725 2272 τῆς
2757 2201 2978 2272 Χαλκῆς
3030 2198 3420 2270 λαμπρότατον
3460 2196 3522 2248 τὸ
3552 2194 3731 2248 πάλαι

2132 2297 2229 2351 καὶ
2260 2296 2593 2365 ἀξιάγαστον
2622 2296 2853 2364 οἴκημα,
2896 2292 2974 2363 τῷ
3008 2293 3189 2362 χρόνῳ
3220 2291 3314 2343 καὶ
3339 2292 3406 2361 τῇ
3439 2288 3550 2342 τῶν
3583 2303 3731 2357 κρα-

2130 2388 2366 2442 τούντων
2400 2385 2666 2457 ῥᾳθυμίᾳ,
2685 2386 2817 2447 ἴσως
2837 2383 2893 2436 δέ
2921 2383 3018 2437 καὶ
3042 2382 3151 2435 ἀπό
3170 2397 3332 2435 τινων
3351 2376 3729 2450 ἐμπρησμῶν,

2132 2479 2276 2532 κατὰ
2317 2479 2463 2550 μέρη
2491 2476 2666 2529 πολλά
2699 2474 2958 2547 διαρρυὲν
2986 2473 3080 2527 καὶ
3106 2472 3206 2543 τὴν
3247 2470 3451 2541 ὀροφὴν
3484 2472 3731 2540 πονήσα-

2135 2588 2237 2625 σαν
2262 2570 2522 2640 ἐσχηκὺς,
2562 2568 2728 2631 αὐτὸς
2762 2566 2857 2620 καὶ
2892 2565 3042 2636 πόνῳ
3072 2564 3167 2617 καὶ
3197 2564 3468 2627 δαπάναις
3498 2564 3737 2633 συχναῖς

2133 2662 2458 2733 ἀπεκάθηρέ
2510 2679 2570 2715 τε
2614 2661 2710 2715 καὶ⁵
2762 2660 3192 2731 περιεποιήσατο
3229 2657 3324 2710 καὶ
3377 2654 3556 2709 κοινὸν
3588 2671 3728 2709 κατ-

2134 2757 2333 2825 έστησε
2362 2752 2738 2823 δικαστήριον,
2783 2747 2999 2819 Ἀρείου
3028 2765 3087 2801 τε
3124 2747 3300 2815 πάγου
3338 2748 3433 2799 καὶ
3473 2745 3724 2805 Ἠλιαίας

2137 2847 2486 2919 σεμνότερον.
2517 2845 2594 2899 Οὐ
2631 2845 2793 2914 μόνον
2819 2842 2877 2896 δὲ
2929 2841 3017 2895 διὰ
3046 2843 3144 2912 τῆς
3172 2839 3284 2893 τῶν
3325 2838 3531 2909 κριτῶν
3570 2838 3722 2890 ἐκλοι

2135 2944 2241 3010 γῆς
2261 2958 2318 2994 τε
2344 2939 2436 2992 καὶ
2462 2936 2738 3008 προϐολῆς
2769 2935 2815 2966 ⁵ο
2860 2934 2989 2997 τοὺς
3026 2931 3330 2987 ἀδικεῖσθαι
3366 2930 3453 3002 [Ρ.
3479 2929 3607 3002 162]
3635 2931 3725 2983 λέ-

2136 3050 2334 3103 γοντας
2386 3031 2496 3085 τῶν
2548 3030 2777 3083 δικαίων
2812 3026 3102 3097 τυγχάνειν
3149 3027 3540 3096 προενοήσατο,
3586 3022 3735 3077 ἀλλὰ

439 3128 652 3173 rentur.
686 3117 904 3174 Veritus
930 3120 1077 3175 enim
1107 3136 1176 3175 ne
1204 3122 1511 3177 necessarii
1544 3134 1885 3181 commeatus
1930 3139 2023 3194 pe-

2131 3128 2226 3181 καὶ
2263 3127 2352 3179 διὰ
2380 3126 2478 3196 τῆς
2508 3123 2756 3193 παροχῆς
2810 3123 2909 3192 τῆς
2960 3118 3091 3174 καθ’
3123 3119 3343 3189 ἡμέραν
3377 3118 3581 3189 τροφῆς
3614 3116 3733 3169 τῶν

437 3210 598 3265 nuria
644 3212 877 3266 necdum
922 3212 1177 3268 absoluto
1211 3215 1428 3285 negotio
1461 3214 1614 3270 haud
1635 3230 1768 3270 raro
1794 3216 2022 3287 quidam

436 3302 575 3356 urbe
627 3302 987 3369 excederent,
1041 3302 1376 3360 suﬂieientes
1434 3306 1720 3361 constituit
1780 3306 2025 3372 reditus,

436 3393 585 3449 unde
613 3401 828 3450 actores
848 3405 1297 3464 procurarentur,
1317 3399 1490 3454 donec
1516 3415 1545 3453 a
1565 3399 1751 3470 judice
1775 3399 1923 3454 dicta
1946 3400 2027 3454 eis

439 3485 708 3540 sententia
738 3496 906 3542 esset.
938 3485 1051 3543 Nec
1088 3488 1193 3544 ista
1233 3489 1399 3545 modo
1430 3490 1550 3561 ejus
1599 3492 1818 3546 inventa
1844 3492 1911 3547 ad
1940 3492 2029 3546 in-

432 3579 640 3649 juriam
690 3582 910 3650 penitus
978 3581 1391 3653 profligandam,
1448 3585 1542 3640 sed
1582 3595 1635 3640 et
1678 3586 1915 3655 seipsum
1970 3587 2023 3639 in

438 3671 582 3726 hanc
619 3671 827 3727 dedidit
854 3682 1083 3741 partem.
1115 3672 1253 3728 Cum
1279 3675 1424 3728 enim
1449 3690 1478 3729 a
1519 3676 1782 3731 ducendis
1817 3676 2027 3731 exerci-

440 3764 587 3818 tibus
610 3771 708 3817 aut
731 3762 929 3819 dandis
958 3764 1242 3833 responsis
1272 3765 1636 3835 nndequaque
1680 3766 2026 3821 adventanti-

438 3856 542 3910 bus
577 3856 770 3926 legatis
800 3857 849 3911 ei
882 3866 1123 3923 vacaret,
1151 3858 1269 3928 ipse
1291 3873 1350 3913 se
1376 3860 1502 3914 aula
1520 3859 1835 3916 subducens
1856 3861 2024 3931 inque
2069 3873 2075 3879 '

437 3945 644 4002 Genico
679 3948 1145 4017 positotribunali
1174 3949 1289 4020 (sic
1325 3949 1472 4007 dicto
1501 3951 1643 4017 loco,
1670 3952 1745 4006 uti
1787 3952 2022 4019 videtur,

437 4039 585 4109 quod
616 4053 685 4095 ex
718 4040 869 4094 omni
897 4040 1019 4095 loco
1047 4040 1114 4095 ad
1141 4041 1391 4111 publicas
1419 4044 1661 4099 rationes
1685 4058 1751 4099 eo
1779 4043 2022 4099 conﬂue—

439 4133 598 4204 rent)
629 4149 727 4191 eos
756 4134 910 4204 quia
948 4134 1260 4204 publicanis
1281 4135 1427 4191 haud
1464 4152 1612 4203 raro,
1641 4144 1703 4191 ut
1740 4136 1856 4192 fere
1885 4151 2023 4192 con-

438 4225 599 4296 tingit
627 4226 699 4281 ob
734 4226 949 4296 imperii
981 4226 1422 4297 amplitudinem,
1448 4228 1653 4297 injuria
1677 4227 2024 4283 adicerentur

437 4334 503 4374 ac
528 4319 677 4374 velut
708 4319 776 4374 ad
811 4329 1130 4390 prytaneum
1166 4320 1241 4375 ad
1283 4321 1556 4389 ejusmodi
1596 4320 1789 4389 judicii
1836 4321 2019 4375 locum

436 4408 802 4480 confugerent
827 4424 1066 4478 suasque
1099 4410 1565 4479 expostulationes
1595 4411 1872 4474 offerrent,
1907 4425 2023 4464 ma-

2133 3219 2229 3273 ἐπ¹ι
2256 3220 2321 3288 τῇ
2348 3217 2500 3286 παρὰ
2528 3214 2637 3268 τῶν
2671 3213 3039 3285 ἰσχυροτέρων
3070 3210 3160 3281 βία
3182 3211 3443 3264 ἑκάστοτε
3468 3209 3603 3280 πρὸς
3622 3210 3728 3277 τὴν

2134 3308 2531 3379 βασιλεύουσαν
2578 3304 3049 3374 ἀναγκαζομένων
3105 3302 3453 3375 εἰσέρχεσθαι
3526 3301 3730 3364 Δείσας

2130 3401 2240 3471 γάρ
2275 3401 2351 3470 μὴ
2384 3399 2591 3469 ἀπορίᾳ
2620 3395 2731 3450 τῶν
2760 3395 3083 3465 ἐπιτηδείων
3120 3395 3379 3457 πολλάκις
3420 3394 3565 3456 τινὲς
3613 3393 3729 3462 πρὸ

2129 3489 2432 3560 τοῦπέρας
2466 3488 2566 3559 τὴν
2594 3486 2715 3541 κατ’
2755 3486 2955 3547 αὐτοὺς
3005 3485 3269 3537 ὑπόθεσιν
3322 3483 3583 3550 δέξασθαι
3610 3483 3728 3535 τῶν

2128 3581 2255 3653 τῇδε
2308 3580 2734 3651 ἀναχωρήσωσι,
2789 3578 3054 3649 πρόσοδον
3116 3576 3392 3648 ἀρκοῦσαν
3435 3577 3739 3647 ἀφώρισεν⁹

2130 3668 2315 3745 ἀφ’ἦς
2344 3675 2391 3726 οἰ
2428 3673 2472 3705 ⁵¹
2504 3670 2867 3740 ἐγκαλοῦντες
2912 3670 3056 3723 κατά
3103 3689 3262 3723 τινων
3319 3668 3723 3737 ἀπιτρέφοντο,

2129 3768 2232 3830 ἕως
2255 3767 2353 3839 τὴν
2374 3764 2482 3819 ἀπὸ
2501 3764 2596 3817 τοῦ
2613 3763 2868 3817 δικαστοῦ
2889 3764 3167 3831 ἀπόφασιν
3201 3762 3410 3815 ἔλαϐον.
3438 3761 3511 3813 Οὐ
3544 3760 3722 3813 ταῦτα

2128 3860 2184 3920 δέ
2205 3860 2345 3930 μόνα
2380 3859 2518 3929 πρὸς
2576 3857 2677 3929 τὴν
2718 3858 2963 3927 παντελῆ
2985 3858 3085 3928 τῆς
3137 3855 3347 3918 ἀδικίας
3377 3855 3722 3926 ἐπενοήσατσ

2128 3952 2530 4022 ἐξολόθρευσιν,
2556 3951 2693 4005 ἀλλά
2719 3951 2817 4006 καί⁵
2872 3950 3068 4003 ἐαυτὸν
3106 3952 3186 4012 εἰς
3227 3949 3286 4002 τὸ
3311 3947 3523 4002 τοιοῦτο
3551 3947 3723 4019 μέρος

2128 4046 2407 4100 ἐπέδωκε·
2444 4047 2537 4099 καὶ
2563 4047 2693 4100 ὅταν
2734 4046 2893 4116 ἔτυχε
2929 4046 3038 4098 τῶν
3098 4043 3400 4115 στρατειῶν
3443 4042 3722 4112 σχολάζων

2129 4140 2224 4193 καὶ
2246 4138 2339 4193 τοῦ
2362 4140 2729 4210 χρηματίζειν
2781 4141 2903 4203 ταῖς
2962 4138 3340 4208 ἁπανταχόθεν
3375 4127 3712 4208 πρεσϐείιις,

2129 4234 2294 4298 αὐτὸς
2350 4233 2461 4286 τῶν
2515 4233 2805 4304 βασιλείων
2863 4232 3174 4287 ὑποκατιὼν
3228 4234 3320 4285 καὶ
3378 4230 3573 4295 εἰςΑτὸ
3627 4228 3717 4282 διὰ

2126 4326 2255 4389 τοὺς
2284 4326 2330 4357 ⁵⁸
2353 4326 2697 4395 πανταχόθεν
2719 4328 2799 4389 εἰς
2846 4326 2979 4379 αὐτὸ
3032 4326 3447 4396 συντρέχοντας,
3493 4323 3566 4385 ὡς
3611 4321 3720 4374 ἐοι-

2132 4436 2248 4483 κεν,
2281 4418 2576 4489 λεγόμενον
2636 4419 2861 4473 Γενικὸν
2907 4419 3271 4487 καθεζόμενος
3311 4420 3437 4481 τοὺς
3483 4416 3586 4470 ὑπὸ
3610 4416 3721 4469 τῶν

438 4516 545 4572 gno
574 4502 763 4556 labore
788 4500 1121 4569 assiduaque
1149 4499 1426 4571 diligentia
1454 4502 1826 4566 cxaminabat,
1860 4513 2025 4570 atque

2132 4481 2572 4579 εἰσπραττόντων
2628 4513 2760 4574 τοὺς
2813 4481 3123 4581 δημοσίους
3168 4511 3368 4582 φόρους
3428 4510 3720 4573 ⁴πολλάκις,

438 4596 495 4647 in
525 4608 653 4648 eum
682 4592 905 4647 modum
939 4592 1010 4646 iis
1032 4591 1128 4662 qui
1175 4591 1375 4660 injuria
1417 4591 1793 4648 adiciebantur
1825 4595 2023 4649 vindex

438 4686 699 4751 sedebat;
732 4700 826 4740 eos
853 4700 983 4741 vero
1011 4684 1426 4755 quirfaciebant,
1460 4689 1638 4757 poenis
1675 4704 1706 4744 a
1733 4690 1849 4761 lege
1889 4707 2025 4762 prac-

438 4777 682 4846 scriptis,
744 4791 811 4831 ne
868 4775 996 4830 talia
1053 4776 1311 4847 deinceps
1364 4778 1652 4844 auderent,
1691 4781 2021 4838 deterrebat.

439 4867 762 4924 Subsecutis
795 4866 992 4922 deinde
1036 4868 1375 4939 temporibus
1429 4869 1571 4925 fama
1617 4882 1719 4938 est,
1771 4889 1898 4927 cum
1954 4874 2022 4929 ad

436 4975 561 5014 eum
590 4959 780 5029 judicii
812 4959 994 5013 locum
1028 4969 1189 5030 atque
1215 4960 1523 5029 palazstram
1552 4968 1877 5021 accessisset
1910 4966 2021 5023 illis

437 5055 633 5109 vindex
663 5053 884 5111 futurus
928 5056 1023 5126 qui
1062 5057 1167 5111 ulla
1210 5057 1411 5127 injuria
1444 5059 1824 5130 pulsarentur,
1856 5063 2015 5135 26]

436 5148 657 5204 nemine
682 5150 1083 5218 expostulante,
1132 5158 1261 5205 'cum
1290 5152 1343 5203 in
1393 5161 1633 5207 mentem
1678 5155 1922 5211 venisset
1958 5173 2025 5213 ne

434 5238 575 5294 forte
607 5238 857 5309 ingressu
877 5241 942 5296 ad
977 5240 1154 5311 ipsum
1183 5242 1609 5311 prohiberentur
1628 5246 1721 5315 qui
1752 5248 2017 5305 damnum

438 5331 660 5399 aliquod
702 5333 906 5402 injuste
948 5318 1292 5403 paterentur,
1332 5351 1396 5389 ex
1440 5338 1761 5407 stipantium
1798 5345 2024 5400 cohorte

436 5423 658 5479 misisse
686 5424 780 5493 qui
807 5440 904 5493 per
943 5426 1090 5479 varia
1123 5426 1277 5481 urbis
1324 5429 1438 5483 loca
1492 5430 1854 5499 inquirerent,
1889 5451 2019 5490 num

434 5514 561 5583 quis
582 5514 853 5571 adversus
883 5516 1121 5586 aliquem
1153 5520 1547 5588 expostularct.
1574 5523 1678 5580 Ubi
1715 5526 2017 5594 redierunt,

435 5606 645 5669 nullum
692 5622 750 5663 se
782 5608 1057 5664 invenisse
1089 5609 1336 5668 dicentes
1379 5616 1471 5683 qui
1523 5618 1869 5687 querelarum
1920 5621 2021 5677 ali-

2130 4597 2218 4655 οἷα
2266 4600 2577 4671 συμϐαίνει,
2624 4601 2713 4654 διά
2762 4600 2824 4654 τὸ
2875 4601 3108 4672 μέγεθος
3151 4601 3247 4672 τῆς
3281 4603 3458 4672 ἀρχῆς
3496 4600 3720 4652 ἀδικου-

2137 4694 2335 4764 μένους
2409 4692 2506 4747 atati.
2555 4692 2748 4764 ὥσπερ
2801 4696 2880 4758 εἰς
2921 4694 3100 4747 κοινὸν
3155 4696 3484 4765 πρυτανεῖον
3521 4695 3601 4756 εἰς
3661 4692 3725 4744 τὸ

2130 4786 2376 4841 τοιοῦτον
2440 4785 2811 4859 διαιτητήριον
2914 4787 3362 4857 καταφεύγοντας
3447 4787 3541 4839 καὶ
3622 4784 3725 4848 τὰς

2127 4880 2335 4943 οἰκείας
2410 4881 2704 4951 ἐγκλήσεις
2768 4880 3248 4951 προϐαλλομένους
3331 4878 3472 4950 μετὰ
3553 4879 3723 4932 πόνου

2132 4971 2331 5026 πολλοῦ
2360 4972 2457 5027 καὶ
2511 4973 2712 5044 συχνῆς
2759 4973 3079 5044 ἐπιμελείας
3124 4972 3412 5041 ἐξήταζεν,
3449 4972 3543 5025 καὶ
3579 4970 3725 5025 οὕτω

2130 5070 2242 5129 τοῖς
2284 5068 2666 5135 ἀδικουμένοις
2732 5068 3012 5137 ἐπήμυνεν
3066 5068 3161 5120 καὶ
3216 5068 3341 5130 τοὺς
3395 5066 3725 5130 ἀδικοῦντας

2132 5162 2303 5213 ἔπαυε
2323 5160 2411 5213 διὰ
2449 5160 2549 5229 τῆς
2574 5160 2809 5229 νομίμου
2850 5159 3120 5230 τιμωρίας
3147 5159 3241 5212 τοῦ
3288 5161 3486 5230 μηκέτι
3514 5160 3725 5230 τολμᾷν

2131 5253 2202 5306 τά
2235 5251 2460 5306 τοιαῦτα
2490 5254 2686 5304 ποιεῖν.
2735 5251 2963 5320 Χρόνοις
2996 5250 3052 5303 δέ
3084 5250 3313 5322 ὕστερον
3340 5249 3559 5319 λέγεταί
3590 5264 3723 5300 ποτε

2133 5345 2423 5400 κατελθεῖν
2454 5344 2534 5407 εἰς
2563 5346 2662 5413 τὴν
2692 5343 2953 5411 τοιαύτην
3003 5344 3291 5415 διατριϐὴν
3322 5344 3458 5415 πρὸς
3482 5343 3582 5413 τὴν
3612 5344 3725 5395 τῶν

2132 5437 2512 5507 ἀδικουμένων
2569 5435 2850 5506 ἐκδίκησιν
2877 5452 2888 5466 ·
2940 5436 3016 5500 ὡς
3056 5436 3102 5490 δ’
3126 5436 3317 5507 ἔτυχεν
3341 5436 3517 5499 οὐδεὶς
3545 5438 3719 5501 ἐγκα-

2129 5531 2258 5597 λῶν,
2293 5530 2645 5601 ὑποτοπήσας
2674 5529 2780 5581 ύπό
2824 5546 2985 5582 τινων
3012 5530 3109 5598 τῆς
3150 5530 3287 5601 πρὸς
3319 5529 3481 5584 αὐτὸν
3509 5528 3719 5581 εἰσόδου

2132 5620 2505 5692 ἀνείργεσθαι,
2538 5621 2664 5683 τοὺς
2701 5621 2828 5690 περὶ
2859 5619 3022 5674 αὑτὸν
3053 5621 3393 5694 δορυφόρους
3426 5618 3719 5675 ἀπέστειλε

1710 5715 1945 5773 νΑΒιίΕ
1983 5719 2393 5775 LECTIONES.

504 5794 548 5825 “
583 5797 707 5869 μὲν]
733 5799 838 5853 τῶν
869 5799 929 5856 P.
1006 5801 1049 5834 5°
1087 5804 1148 5858 τὸ
1177 5822 1284 5863 om.
1318 5807 1379 5863 P.
1458 5812 1503 5867 ³9
1532 5812 1839 5881 προσϐολῆς
1871 5815 1934 5869 A.
2019 5818 2057 5849 "
2092 5820 2137 5870 οξ
2174 5833 2282 5873 om.
2330 5816 2389 5870 l’.
2470 5817 2513 5849 δ’
2543 5812 2692 5892 τοὺς]
2722 5814 2780 5868 τὸ
2819 5814 2945 5877 τοὺς
2986 5812 3102 5868 AP.
