4144 6434
482 336 589 402 279

1600 337 1956 399 ΤΗΕΟΡΗΑ
1966 341 2113 401 NES
2133 345 2695 410 CONTINUATUS.

3675 338 3780 414 280

489 451 569 504 uti
622 449 862 506 maxime
906 449 1070 521 lignis
1114 448 1368 504 dulcibus
1414 448 1794 505 adnascuntur
1840 466 2072 519 vermes,

2180 458 2255 523 ὡς
2284 463 2398 525 τοῖς
2420 462 2647 530 γλυκέσι
2675 462 2911 534 μάλιστα
2942 462 3051 517 τῶν
3080 465 3256 530 ξύλων
3287 464 3335 518 oi
3360 462 3666 535 σκώληκες,
3686 468 3780 520 καὶ

491 540 731 612 malique
801 541 1077 597 daemones
1122 538 1434 596 'annuornm
1496 550 1653 597 terra:
1709 554 2073 613 proventuum

492 633 824 705 frugumque
859 634 1095 690 ubertati
1134 633 1442 691 invidentes
1468 650 1764 703 pravorum
1790 636 2075 691 hominum

490 743 660 799 opera
706 729 981 784 bonorum
1032 728 1373 785 feracitatem
1416 730 1745 785 conturbare
1779 741 2071 793 conantur,

488 836 555 877 ex
589 822 784 876 horum
815 837 1045 877 numero
1104 823 1173 878 ad
1234 822 1585 892 imperatoris
1631 822 1801 878 vitam
1859 823 2077 879 insidiis

489 914 749 985 ferroque
775 916 1135 985 appetendam
1169 916 1421 972 instructi
1455 915 1775 987 Symhatius
1810 931 1875 971 ac
1903 915 2077 972 Geor-

489 1007 613 1075 gius
641 1023 765 1062 cum
802 1008 1085 1064 hominum
1117 1008 1452 1064 nefariorum
1483 1024 1548 1064 ac
1581 1009 1871 1078 impiorum
1892 1009 2070 1063 turba.

491 1094 649 1151 Hand
684 1106 867 1152 tamen
898 1099 1126 1153 cumino
1153 1099 1233 1154 eis
1272 1100 1461 1164 licuit,
1501 1114 1610 1155 non
1640 1101 1855 1154 sinente
1883 1100 1990 1154 Deo
2021 1111 2079 1154 ut

492 1187 751 1257 depressa
798 1189 1120 1260 devictaque
1163 1191 1371 1245 malitia
1414 1191 1562 1246 brevi
1612 1192 1770 1261 quasi
1812 1191 2078 1261 reparatis

492 1281 701 1337 viribus
754 1283 1159 1337 convivisceret
1218 1300 1396 1355 exque
1447 1285 1581 1339 orbe
1627 1286 1940 1356 aequitatem
2014 1302 2077 1340 ac

487 1373 760 1441 justitiam
813 1375 1058 1444 pelleret.
1084 1374 1514 1445 Conjuratorum
1544 1393 1654 1433 uno
1684 1379 1948 1447 prodente
1981 1394 2078 1433 eo-

491 1482 612 1521 rum
647 1466 701 1521 in
727 1477 976 1538 apertum
1005 1470 1233 1525 deducta
1260 1471 1595 1527 machinatio
1620 1482 1724 1528 est.
1757 1472 2078 1529 Subsecutis

489 1560 740 1615 criminis
776 1561 996 1619 indiciis
1022 1563 1313 1636 evictaque
1354 1580 1545 1631 causa,
1576 1567 1753 1635 legum
1789 1568 2080 1621 severitate

488 1661 795 1707 extremum
829 1654 1154 1711 imminebat
1180 1657 1540 1727 supplicium,
1578 1667 1638 1713 ut
1670 1659 1929 1713 nimirum
1981 1659 2077 1713 ho-

493 1762 691 1801 norum
735 1748 980 1803 omnium
1028 1750 1437 1820 proscriptione
1468 1752 1743 1805 damnatis
1770 1751 1933 1806 etiam
1969 1752 2077 1806 vita

489 1842 847 1898 adimeretur.
904 1844 975 1897 At
1025 1846 1278 1915 generosi
1334 1846 1594 1915 principis
1626 1847 1918 1901 clementia
1972 1862 2080 1901 una

488 1936 757 1991 duntaxat
802 1938 1091 1993 oculorum
1125 1937 1440 2006 eli‘ossione,
1492 1955 1683 1994 eorum
1736 1940 2082 1996 solummodo

487 2027 583 2098 qui
612 2028 766 2097 pravi
794 2031 1013 2086 consilii
1045 2041 1300 2087 auctores
1332 2033 1681 2099 exstiterant,
1725 2050 1943 2103 poenam
1989 2034 2081 2088 de-

486 2120 697 2188 ﬁnivit;
753 2123 1040 2194 magisque
1116 2125 1379 2181 ultionem
1426 2126 1747 2182 moderatus
1799 2137 1964 2191 esset,
2026 2127 2082 2181 ni

485 2226 833 2284 perspectum
862 2216 1150 2272 habuisset
1171 2233 1383 2273 summa
1422 2218 1477 2272 in
1510 2234 1602 2274 eos
1627 2218 1917 2274 clementia
1943 2220 2080 2274 alios

486 2321 704 2377 quoque
740 2307 806 2361 ad
852 2306 995 2362 idem
1033 2308 1216 2364 scelus
1255 2309 1567 2364 audendum
1597 2323 1953 2380 provocatum
1987 2312 2076 2377 iri,

484 2409 716 2469 tumque
771 2399 1101 2470 adigendum
1153 2416 1214 2457 se
1271 2386 1587 2457 necessario
1644 2405 1712 2458 ad
1775 2405 2083 2461 atrociores

487 2508 682 2561 tta-mas
708 2493 1028 2565 exigendas.
1063 2492 1275 2551 Idcirco
1292 2511 1380 2561 ea,
1414 2512 1580 2567 quam
1605 2497 1738 2564 dixi,
1764 2514 1925 2568 poena
1966 2508 2079 2553 tum

484 2585 596 2638 illis
625 2584 789 2657 264
817 2587 1153 2653 poenitentiae
1190 2596 1404 2659 tempus
1460 2590 1714 2659 praebuit,
1761 2599 1874 2645 tum
1909 2591 2082 2646 malos

484 2677 728 2748 reliquos
766 2680 1034 2735 coercuit.
1068 2680 1308 2736 Studens
1347 2691 1527 2738 autem
1562 2684 1825 2755 majorem
1873 2683 1930 2737 in
1961 2699 2080 2739 m0-

484 2770 610 2825 dutn
638 2786 829 2826 eorum
864 2772 1162 2843 reprimere
1190 2774 1407 2831 animos
1448 2775 1545 2845 qui
1594 2777 1797 2846 injuste
1836 2777 2069 2831 aliorum

484 2868 726 2925 caedibus
783 2867 1018 2932 inhiant,
1087 2882 1420 2937 omnemque
1470 2867 1578 2922 illis
1634 2883 1787 2938 spem
1841 2868 2077 2935 auferre,

488 2960 627 3015 ﬁlios
663 2970 793 3015 natu
828 2960 1066 3029 majores
1118 2961 1547 3016 Constantinum
1594 2970 1760 3033 atque
1816 2962 2076 3027 Leonem,

486 3050 634 3121 regie
659 3050 775 3120 jam
803 3052 1066 3107 educatos
1114 3067 1179 3106 ae
1202 3052 1453 3107 eruditos
1483 3052 1747 3124 ontnique
1774 3053 1973 3109 virtute
2010 3070 2079 3108 ex

2181 558 2248 625 τῇ
2276 560 2519 627 κοσμικῇ
2572 556 2833 631 εὐετηρίᾳ
2866 560 2958 612 καλ⁸
3014 559 3241 631 εὐθηνίᾳ
3304 560 3778 630 βασκαίνονταοτά

2182 648 2363 714 φαῦλα
2396 649 2650 720 δαιμόνια
2698 651 2787 704 διὰ
2846 652 3100 723 πονηρῶν
3159 651 3467 723 ἀνθρώπων
3523 653 3781 723 πειρᾶται

2181 738 2280 810 τὴν
2309 740 2419 794 τῶν
2464 741 2688 810 ἀγαθῶν
2742 745 3077 815 συνταράξαι
3108 744 3303 815 φορὰν,
3347 744 3412 798 ὲκ
3450 744 3658 797 τούτων
3687 745 3782 797 καὶ

2182 832 2356 904 τούτῳ
2412 835 2683 906 συσκευὴν
2731 837 3048 906 ἐπιϐουλῆς,
3112 837 3251 908 μετά
3306 839 3402 891 καὶ
3436 837 3572 909 πρὸς
3623 837 3781 905 φόνον

2180 928 2461 992 ὁπλίζεται
2491 930 2797 999 Συμόἀτιος
2826 932 2920 984 καὶ
2941 930 3213 1002 Γεώργιος
3236 934 3374 1001 μετά
3405 932 3629 1001 στίφους
3649 932 3782 984 ἀπο-

2183 1018 2401 1089 φράδων
2427 1019 2733 1091 ἀνθρώπων
2756 1022 2850 1074 καὶ
2884 1022 3181 1077 δυσσεόῶν.
3205 1022 3278 1074 Οὐ
3301 1022 3716 1093 συγχωροῦντος
3735 1019 3781 1052 ⁸ο

2181 1112 2235 1164 δὲ
2278 1111 2516 1177 πάντως,
2549 1113 2660 1167 οὐδ’
2688 1113 3020 1184 ἀνεχομένου
3049 1113 3187 1167 Θεοῦ
3205 1116 3303 1186 τὴν
3337 1114 3537 1168 κακίαν
3559 1114 3627 1167 δι’
3657 1112 3782 1166 ὲλα-

2182 1203 2370 1273 χίστου
2422 1204 2580 1269 αὖθις
2641 1206 3013 1261 ἀναπαλαϊσαι
3069 1206 3169 1277 τὴν
3209 1207 3420 1261 οἰκείαν
3479 1203 3655 1280 ἧτταν
3690 1206 3783 1260 καὶ

2182 1297 2454 1351 ἀπελάσαι
2485 1298 2584 1369 τὴν
2608 1300 2866 1368 εὐνομίαν
2892 1301 2987 1353 καὶ
3012 1300 3367 1371 δικαιοσύνην
3400 1301 3508 1354 ἀπὸ
3532 1301 3631 1370 τῆς
3651 1300 3777 1372 γῆς,

2184 1390 2482 1459 κατάδηλος
2516 1392 2549 1461 η
2587 1389 2793 1442 τούτων
2855 1389 2938 1461 [Ρ.
2986 1389 3108 1461 ﬂii]
3168 1390 3402 1461 πονηρία
3453 1389 3783 1444 καθίσταται

2184 1481 2277 1547 ἀφ’
2305 1482 2423 1544 ἑνὸς
2453 1480 2563 1534 τῶν
2617 1482 2968 1549 συνωμοτῶν,
3013 1482 3529 1552 ’Λκολουθησάντων
3564 1481 3620 1535 δὲ
3669 1481 3786 1534 τῶν

2184 1574 2423 1645 ἐλέγχων
2453 1577 2733 1646 ἐπήρτητο
2767 1577 2864 1646 μὲν
2886 1576 2995 1629 ἀπὸ
3022 1574 3128 1628 τῶν
3153 1577 3335 1646 νόμιον
3355 1576 3538 1640 αὐτοῖς
3561 1577 3592 1645 ἡ
3618 1576 3785 1645 ἐσχά-

2182 1685 2250 1737 τη
2282 1669 2544 1739 τιμωρία,
2580 1670 2847 1734 τουτέστι,
2915 1668 3053 1739 μετά
3098 1668 3195 1723 καὶ
3224 1668 3488 1739 δήμευσιν
3541 1668 3635 1721 καὶ
3671 1667 3786 1720 τῶν

2183 1761 2356 1815 ὅντων
2379 1761 2635 1816 ἁπάντων
2668 1762 2963 1826 ἔκπτωσιν,
3000 1763 3093 1816 καὶ
3128 1764 3160 1834 ή
3195 1762 3296 1832 τῆς
3324 1763 3473 1832 ζωῆς
3490 1762 3662 1832 αὐτῆς
3687 1762 3786 1814 ἀλ-

2184 1853 2493 1923 λοτρίωσις.
2540 1852 2679 1907 Ἀλλ’
2717 1854 2751 1923 ἡ
2778 1853 2873 1907 τοῦ
2901 1853 3149 1923 γενναίου
3185 1853 3448 1922 βασιλέως
3474 1852 3786 1922 φιλανθρω-

2186 1950 2286 2002 πία
2328 1950 2464 2019 μόνῃ
2500 1949 2610 2001 τῶν
2649 1947 2946 2019 ὀφθαλμῶν
2969 1948 3179 2017 ὲκκοπῇ
3213 1947 3311 2017 τὴν
3346 1944 3614 2015 τιμωρίαν
3644 1943 3785 2011 ὠρίο

2185 2056 2316 2092 σατο
2350 2040 2488 2103 τέως
2537 2038 2645 2093 τῶν
2675 2039 3179 2112 προκαταρξάντων
3226 2036 3325 2107 τῆς
3362 2036 3608 2106 πονηρᾶς
3639 2050 3786 2103 συμ-

2184 2130 2419 2202 ϐουλῆς·
2452 2135 2546 2185 καὶ
2581 2131 2743 2186 πλέον
2796 2132 2840 2185 δ’
2865 2132 2931 2184 ἂν
2968 2132 3069 2201 τὴν
3104 2128 3392 2201 εἴσπραξιν
3427 2127 3784 2197 ἐμετρίασεν,

2183 2228 2329 2297 εἰμὴ
2357 2226 2454 2296 τὴν
2485 2229 2564 2290 είς
2596 2226 2820 2288 τούτους
2860 2225 3038 2294 ἄκραν
3074 2222 3488 2293 φιλανθρωπίαν
3512 2221 3786 2288 ἐγίνωσκε

2184 2319 2281 2372 καὶ
2328 2319 2524 2382 ἄλλους
2552 2318 2959 2389 προτρέψεσθαι
3002 2318 3041 2349 ⁸⁸
3085 2317 3221 2389 πρὸς
3251 2316 3349 2385 τὴν
3399 2316 3636 2385 μίμησιν
3684 2314 3787 2366 καὶ

2183 2412 2304 2463 τότε
2337 2412 2416 2473 είς
2446 2410 2697 2478 ἀνάγκην
2750 2409 3064 2480 ὑπαχθῆναι
3120 2407 3283 2461 αὐτὸν
3334 2407 3431 2460 καί¹
3473 2403 3788 2476 βαρυτέρας

2183 2503 2615 2566 ἀνταποδόσεως.
2659 2502 2756 2556 Διά
2783 2502 2943 2555 τοῦτο
2970 2504 3036 2571 τῇ
3080 2499 3334 2571 λεχθείσῃ
3368 2501 3527 2569 ποινῇ
3563 2496 3785 2558 τούτοις

2182 2616 2241 2651 τε
2280 2598 2570 2667 μετανοίας
2599 2598 2848 2668 παρέσχε
2904 2596 3100 2667 καιρὸν
3137 2594 3389 2657 καὶτοὺς
3412 2593 3636 2655 λοιποὺς
3664 2591 3785 2643 τῶν

2183 2695 2441 2765 πονηρῶν
2464 2693 2821 2763 ἐσωφρόνιζε.
2858 2692 3192 2762 Βουλόμενος
3215 2691 3261 2744 δ’
3292 2689 3384 2743 ἐπὶ
3407 2688 3609 2757 μᾶλλον
3643 2688 3781 2742 ἀνα·

2185 2787 2389 2841 στεῖλαι
2411 2789 2509 2850 τὰς
2538 2788 2719 2857 ὁρμὰς
2752 2786 2861 2838 τῶν
2893 2785 3091 2848 ἀδίκως
3149 2783 3459 2853 ζητούντων
3495 2781 3785 2851 ἀλλότριον

2184 2882 2415 2936 θάνατον
2443 2881 2535 2934 καὶ
2565 2882 2749 2934 πᾶσαν
2794 2879 2977 2932 αὐτῶν
3006 2877 3197 2931 ἐλπίδα
3253 2874 3549 2947 περιελεῖν,
3585 2874 3783 2941 ἀνάγει

2184 2971 2320 3041 πρὸς
2351 2971 2413 3024 τὸ
2438 2970 2538 3040 τῆς
2587 2970 2867 3038 βασιλείας
2897 2969 3117 3037 ἀξίωμα
3135 2968 3259 3030 τοὺς
3283 2966 3391 3018 τῶν
3418 2965 3624 3018 παίδων
3655 2964 3782 3018 καθ’

2182 3064 2403 3134 ἡλικίαν
2432 3063 2787 3131 προέχοντας,
2816 3061 2917 3130 ἤδη
2959 3060 3251 3130 βασιλικῶς
3280 3057 3655 3127 ἀναγομένους
3683 3059 3779 3111 καὶ

483 3144 699 3213 imperii
754 3144 968 3199 ratione
1028 3144 1302 3209 excultos,
1357 3143 1425 3197 ad
1488 3144 1701 3214 imperii
1754 3144 2071 3215 dignitatem

2182 3156 2611 3227 παιδευομένους
2647 3157 2739 3208 καὶ
2767 3156 2845 3217 εἰς
2896 3154 3076 3205 πᾶσαν
3107 3152 3494 3220 ἐκλάμποντας
3541 3149 3780 3221 ἀρχικήν

481 3246 787 3307 promovet,
832 3235 981 3292 velut
1012 3236 1275 3291 nimirum
1308 3236 1604 3292 validiores
1652 3238 1948 3307 pluresque
1988 3255 2075 3292 ra-

483 3329 633 3383 dices
668 3329 723 3382 in
754 3327 990 3398 imperio
1032 3328 1281 3395 mittens,
1329 3337 1386 3384 et
1418 3342 1585 3397 super
1622 3344 1688 3384 eo
1719 3330 1931 3385 nobiles
1973 3331 2076 3383 im-

480 3427 619 3493 perii
653 3440 837 3481 ramos
860 3423 1186 3479 sustollens.

553 3606 645 3673 5,5.
676 3606 757 3661 Ad
780 3607 924 3661 hanc
955 3620 1120 3675 porro
1145 3604 1391 3660 historiae
1411 3613 1621 3673 partem
1645 3619 1771 3658 cum
1804 3604 2068 3667 venerim,

480 3703 619 3756 libet
652 3702 745 3756 hic
779 3716 1006 3771 quoque
1036 3702 1105 3756 de
1147 3698 1373 3769 reliquis
1407 3698 1526 3768 ejus
1576 3698 1762 3754 liberis
1820 3698 2071 3753 instituto

479 3810 759 3858 sermone,
782 3795 1058 3863 quomodo
1106 3793 1173 3849 de
1222 3793 1453 3862 singulis
1497 3793 1585 3864 pie
1620 3793 1916 3848 admodum
1963 3804 2073 3849 sta-

481 3888 669 3949 tuerit,
702 3887 1006 3943 declarare.
1045 3886 1209 3942 Velut
1237 3886 1382 3941 enim
1431 3885 1562 3941 olim
1611 3887 1813 3956 pietate
1846 3887 2072 3957 conspi-

481 3997 616 4038 cuos
652 3998 717 4037 ac
758 3982 947 4038 beatos
1000 3982 1170 4047 viros,
1233 3982 1345 4036 imo
1394 3989 1449 4035 et
1491 3994 1655 4049 supra
1721 3980 1865 4047 illos,
1926 3982 2073 4036 hunc

478 4054 702 4145 quoque
749 4074 893 4130 Deus
937 4077 1163 4146 copiosa
1214 4077 1499 4147 probaque
1561 4075 1751 4133 sobole
1818 4076 2069 4131 donavit.

477 4170 610 4225 Post
633 4169 857 4239 aliquod
902 4170 1090 4241 itaque
1128 4179 1345 4243 tempus
1384 4174 1554 4228 etiam
1611 4172 1983 4227 Alexandrum
2019 4173 2076 4224 ti-

479 4262 679 4317 liorum
728 4263 948 4317 tertium
988 4263 1222 4333 Augusti
1250 4280 1457 4319 corona
1490 4265 1811 4334 impertivit.
1862 4265 2070 4318 llorum

477 4370 608 4410 vero
683 4357 1042 4412 novissimum
1120 4355 1502 4425 Stephanum,
1554 4357 1703 4410 haud
1774 4372 1935 4412 secus
2006 4372 2071 4412 ac

478 4448 828 4502 Abrahamus
858 4446 1134 4511 lsaacum,
1191 4446 1305 4501 Deo
1360 4446 1517 4502 oﬂ‘ert
1568 4446 1771 4516 Deique
1814 4447 2073 4505 Ecclesiae

479 4538 683 4608 adlegit
712 4553 778 4593 ac
809 4544 1124 4592 consecrat.
1170 4535 1338 4593 Filias
1377 4538 1605 4593 totidem
1662 4554 1897 4594 numero
1937 4550 2073 4610 quot

478 4639 638 4686 erant
691 4630 969 4693 masculi,
1032 4629 1087 4684 in
1139 4645 1299 4688 sacro
1364 4632 1758 4689 illustrissimae
1814 4635 2072 4707 martyris

480 4719 796 4790 Euphemia:
841 4720 1178 4775 monasterio
1224 4720 1487 4786 devovet,
1547 4738 1610 4778 ac
1666 4724 1816 4780 velut
1873 4741 2070 4781 munus

479 4821 762 4883 acceptum
794 4813 1145 4884 hostiamque
1179 4813 1290 4870 Deo
1320 4816 1487 4883 dicat,
1522 4816 1645 4872 illas
1681 4826 1796 4871 tum
1823 4818 2068 4873 moribus

479 4917 591 4962 tum
624 4907 812 4962 habitu
837 4906 1099 4976 omnique
1118 4921 1388 4978 apparatu
1419 4925 1647 4976 ornans,
1675 4926 1789 4980 quo
1818 4911 2073 4967 decorari

479 5001 657 5057 Solent
677 5017 801 5071 qua:
830 5016 966 5072 pure
991 5017 1055 5057 ac
1085 5002 1522 5057 incontaminate
1552 5003 1843 5058 immortali
1867 5020 2071 5074 sponso

477 5095 699 5152 Christo
753 5111 974 5168 sponsa}
1019 5097 1261 5167 virgines
1316 5096 1667 5167 copulantur.
1738 5098 1885 5163 ﬂare,
1943 5101 2073 5156 licet

481 5190 795 5247 subsecutis
834 5190 999 5263 265
1028 5190 1369 5261 temporibus
1408 5198 1526 5245 acta
1566 5201 1715 5257 sunt,
1765 5191 1853 5245 hic
1887 5202 2065 5247 tamen

480 5286 655 5349 posita
688 5295 871 5353 sunto,
903 5284 979 5340 uti
1017 5294 1236 5350 natura,
1276 5285 1355 5341 sic
1386 5295 1439 5339 et
1462 5285 1722 5339 narrandi
1758 5285 1873 5354 ipsa
1903 5286 2063 5351 serie,

481 5374 711 5431 fratrum
740 5380 1090 5448 quaternioni
1125 5380 1441 5448 conjuncta.

551 5469 644 5523 56.
672 5467 852 5525 Rebus
888 5471 1074 5541 itaque
1106 5470 1188 5526 sic
1218 5470 1294 5525 illi
1322 5470 1471 5525 domi
1508 5470 1674 5539 probe
1702 5468 2067 5541 religioseque

482 5573 546 5613 ac
576 5560 685 5615 Deo
708 5562 907 5630 placito
935 5578 1105 5634 scopo
1133 5562 1470 5626 constitutis,
1503 5578 1626 5616 cum
1662 5562 1839 5630 ipsum
1867 5563 2066 5617 ardens

485 5653 795 5720 reipublicze
838 5671 968 5711 cura
1025 5658 1092 5713 ad
1142 5669 1365 5713 externa
1408 5672 1630 5726 quoque
1688 5656 1827 5710 bella
1882 5658 2065 5711 susci-

2101 4508 2153 4566 D

2182 3249 2407 3322 ἀρετὴν,
2464 3248 2873 3301 Κωνσταντῖνον
2925 3244 3020 3297 καὶ
3050 3245 3281 3307 Λέοντα,
3315 3243 3480 3296 οἱονεὶ
3509 3259 3776 3311 κραταιο-

2179 3344 2345 3413 τέρας
2378 3341 2535 3410 ῥίζας
2566 3340 2657 3392 καὶ
2692 3336 2942 3397 πλείονας
2978 3336 3306 3407 βαλλόμενος
3332 3339 3399 3407 τῇ
3449 3335 3626 3406 ἀρχῇ,
3680 3336 3779 3388 καὶ

2180 3439 2307 3499 τοὺς
2360 3436 2600 3503 εὐγενεῖς
2650 3434 2748 3501 τῆς
2801 3432 3081 3501 βασιλείας
3131 3431 3385 3502 ὄρπηκας
3423 3430 3516 3482 ἐπὶ
3570 3427 3781 3496 ταύτης

2182 3528 2353 3597 ὑψῶν.

2248 3620 2343 3682 λε’,
2380 3616 2523 3669 Ἀλλ’
2547 3616 2667 3667 ἐπεὶ
2694 3615 2835 3668 κατά
2863 3610 3023 3665 τοῦτο
3073 3612 3133 3665 τὸ
3163 3610 3328 3681 μέρος
3376 3608 3646 3679 ἐγενόμην
3669 3606 3778 3673 τῆς

2177 3713 2505 3782 διηγήσεως,
2555 3707 2817 3777 βούλομαι
2868 3706 2963 3759 καὶ
3015 3706 3286 3774 περὶτῶν
3337 3701 3543 3755 λοιπῶν
3602 3697 3778 3754 αὐτοῦ

2179 3804 2385 3858 παίδων
2411 3802 2512 3874 ἤδη
2534 3799 2831 3862 διαλαϐεῖν,
2864 3799 3013 3861 ὅπως
3046 3798 3175 3869 περὶ
3218 3796 3454 3851 ἑκάστου
3479 3791 3661 3847 αὐτῶν
3683 3789 3781 3843 εὐ·

2180 3895 2355 3960 σεϐῶς
2385 3892 2767 3948 ἐϐουλεύσατο.
2799 3891 2957 3945 Κατὰ
2984 3890 3094 3961 γὰρ
3119 3890 3245 3951 τοὺς
3304 3888 3473 3941 πάλαι
3521 3884 3630 3937 τῶν
3685 3883 3782 3935 εὐ·-

2180 3989 2357 4044 σεὸῶν
2389 3990 2483 4041 καὶ
2541 3985 2830 4057 μακαρίων
2861 3984 3093 4050 ἀνδρῶν,
3157 3981 3359 4053 μᾶλλον
3386 3979 3444 4033 δὲ
3485 3980 3581 4033 καὶ
3632 3976 3777 4047 ὑπὲρ

2178 4085 2421 4145 ἐκείνους
2452 4080 2761 4135 πολύπαιδα
2792 4079 2885 4133 καὶ
2920 4076 3250 4132 καλλίπαιδα
3286 4074 3379 4128 καὶ
3425 4073 3613 4125 τοῦτον
3639 4069 3776 4122 ἔδει·

2178 4180 2268 4246 ξεν
2290 4181 2319 4231 ὁ
2355 4177 2508 4237 Θεὸς.
2540 4174 2698 4228 Μετὰ
2728 4172 2918 4243 χρόνον
2949 4172 3131 4223 τοίνυν
3162 4166 3284 4222 τινά
3316 4165 3643 4237 μεταδίδωσι
3674 4161 3773 4215 τοῦ

2180 4271 2410 4338 στέφους
2432 4267 2528 4321 καὶ
2561 4262 2895 4333 Ἀλεξάνδρῳ
2932 4261 3012 4331 τῷ
3050 4261 3222 4332 τρίτῳ
3274 4257 3408 4328 υἱῷ·
3441 4256 3536 4310 τὸν
3564 4256 3622 4308 δὲ
3643 4252 3775 4308 τού-

2177 4379 2285 4414 των
2317 4359 2585 4414 νεώτατον
2615 4354 2908 4423 Στέφανον,
2948 4353 3023 4414 ῶς
3058 4351 3152 4403 τὸν
3194 4349 3384 4402 Ἰσαὰκ
3417 4349 3445 4401 ὁ
3494 4345 3774 4420 Ἀϐραὰμ,

2181 4452 2450 4524 προσάγει
2474 4448 2592 4520 Θεῷ
2623 4447 2715 4500 καὶ
2740 4448 2804 4516 τῇ
2841 4444 2934 4498 τοῦ
2960 4441 3094 4496 Θεοῦ
3138 4440 3440 4513 Ἐκκλησία
3466 4437 3775 4507 ἐγκαταλέ-

2179 4564 2267 4615 γει
2302 4546 2347 4576 ⁸³
2379 4546 2475 4597 καὶ
2527 4541 2770 4611 ἀφιεροῖ.
2802 4538 2914 4608 Τὴν
2944 4537 3166 4607 θήλειαν
3185 4535 3243 4589 δὲ
3279 4534 3442 4607 γονὴν
3480 4530 3777 4602 ἰσάριθμον

2177 4638 2348 4691 οὖσαν
2376 4639 2442 4705 τῇ
2494 4635 2686 4704 ἄρρενι
2716 4633 2773 4685 ὲν
2812 4630 2945 4701 ἱερῷ
3004 4629 3245 4700 σεμνείῳ
3274 4628 3375 4698 τῆς
3411 4625 3779 4693 πανευφήμου

2180 4730 2458 4802 μάρτυρος
2499 4723 2789 4795 Εὐφημίας
2822 4720 3071 4791 καθιεροῖ
3103 4721 3202 4774 καὶ
3248 4721 3324 4783 ὡς
3356 4718 3528 4789 δῶρον
3580 4716 3781 4769 δεκτὸν

2178 4824 2271 4878 καὶ
2301 4820 2558 4891 ἀνάθημα
2591 4817 2711 4887 Θεῷ
2749 4817 3093 4886 ἀνατίθησιν,
3146 4813 3239 4867 καὶ
3269 4812 3512 4883 σχήματι
3545 4810 3640 4865 καί⁸
3668 4828 3778 4863 κα-

2175 4916 2409 4985 ταστολῇ
2446 4917 2731 4983 κοσμήσας
2768 4911 2968 4982 ὁμοίως
2994 4912 3114 4971 ταῖς
3147 4904 3405 4976 καθαρῶς
3435 4905 3530 4958 καὶ
3564 4904 3775 4973 ἀμιάν-

2172 5028 2278 5072 τως
2301 5008 2381 5079 τῷ
2420 5005 2675 5075 ἀθανάτῳ
2724 5003 2965 5073 Νυμφίῳ
2996 4998 3442 5070 νυμφευομέναις
3469 4997 3772 5068 παρθένοις

2176 5105 2217 5156 Χ
2230 5102 2420 5174 ριστῷ.
2451 5098 2639 5152 Ταῦτα
2669 5098 2725 5151 δὲ
2760 5098 2809 5150 εί
2832 5096 2929 5149 καὶ
2952 5097 3065 5157 τοῖς
3098 5094 3313 5163 χρόνοις
3338 5091 3566 5162 ὕστερον
3605 5094 3774 5163 τυχὸν
3852 5102 3856 5106 ”

2173 5197 2422 5265 γέγονεν,
2454 5192 2569 5246 ἀλλ’
2593 5190 2689 5245 οὐν
2707 5188 2940 5242 ἐνταῦθα
2967 5187 3170 5241 κείσθω
3201 5185 3545 5256 συνημμένα,
3578 5184 3773 5252 ὥσπερ

2174 5292 2238 5359 τῇ
2269 5288 2450 5358 φύσει,
2479 5286 2622 5339 οὕτω
2664 5283 2728 5354 δὴ
2768 5284 2864 5336 καὶ
2912 5284 2979 5352 τῇ
3014 5281 3266 5352 διηγήσει
3300 5280 3401 5350 τῆς
3434 5279 3765 5350 τετρακτύος

2175 5383 2283 5436 τῶν
2312 5381 2579 5448 ἁδελιρῶν.

2247 5474 2359 5539 λς’.
2407 5473 2563 5525 Ἐπεὶ
2601 5471 2696 5523 οὖν
2752 5470 2821 5523 τὰ
2874 5471 3014 5522 οἴκοι
3069 5467 3254 5529 καλῶς
3305 5461 3451 5536 εἶχεν
3483 5463 3633 5531 αὐτῷ
3676 5468 3769 5513 καὶ

2180 5568 2320 5621 κατά
2352 5565 2557 5619 σκοπὸν
2590 5563 2791 5633 εὐσεϐῆ
2823 5565 2916 5616 καὶ
2937 5561 3257 5633 θεάρεστον,
3301 5559 3487 5614 ἐκάλει
3519 5560 3573 5611 δὲ
3606 5557 3766 5609 αὐτὸν

2177 5661 2446 5732 ἠρζέουσα
2476 5660 2602 5730 περὶ
2660 5656 2767 5710 τῶν
2817 5656 2953 5731 ὅλων
2995 5655 3218 5726 φροντὶς
3254 5654 3345 5707 καὶ
3408 5650 3543 5723 πρὸς
3597 5650 3767 5717 ὑπερ-

1786 5743 2021 5801 νΑιιιΑῑ
2063 5730 2467 5804 mortem.

555 5839 600 5867 "
630 5838 1040 5907 συγχωροῦνται
1072 5840 1131 5893 Ρ,
1213 5844 1251 5873 ⁶¹
1300 5839 1793 5909 προτρὲοᾷασθαιΛ.
1879 5841 1920 5872 ⁸³
1948 5843 2239 5911 καταλέγει
2277 5844 2341 5893 Α.
