4144 6408
524 312 633 374 283

1587 318 2100 380 THEOPHANES
2137 315 2707 382 CONTINUATUS

3696 328 3800 394 284

527 432 695 502 periri
737 440 833 485 aut
878 432 1231 501 prudentiam
1263 434 1544 505 roburque
1593 435 1948 506 imperatoris
1989 449 2107 493 ten-

2214 437 2481 507 κράτορος
2502 439 2762 507 ἐμφανῶς
2798 440 2872 510 μὴ
2902 414 3276 511 τολμήσαντος
3298 443 3641 516 ἀντιστῆναι,
3680 446 3797 499 ἀλλ’

530 536 667 590 tare,
718 524 813 579 sed
856 525 1146 582 secedente
1199 543 1483 599 unumque
1531 529 1638 587 hoc
1678 540 1985 603 satagente,
2049 544 2113 590 ut

531 631 686 670 suam
718 615 825 671 sibi
876 629 1124 674 servaret
1178 620 1370 675 urbem
1428 630 1594 690 atque
1646 634 1957 691 asscreretr
2002 626 2115 681 ibat

528 708 831 777 imperator
863 712 1084 765 nemine
1118 712 1463 781 prohibente,
1486 714 1754 784 diripiens
1780 728 2113 785 vastansque

527 810 584 853 et
615 802 945 857 exscindens
969 804 1381 875 incendensque
1409 822 1580 877 pagos
1599 823 1793 866 omnes
1810 820 1865 866 et
1888 812 2110 881 oppida,

528 909 650 964 quae
676 894 1063 966 Chrysoehiris
1090 896 1316 953 ditionis
1357 907 1538 966 erant,
1574 900 1846 957 immensa
1876 914 2113 959 onustus

528 987 713 1054 praeda
806 987 1196 1058 ingentemque
1275 991 1618 1059 captivorum
1700 995 2110 1052 multitudinem

534 1079 779 1134 trahens.
818 1078 924 1134 Sed
974 1091 1028 1135 et
1077 1082 1248 1149 ipsam
1278 1064 1503 1139 adortus
1540 1085 1728 1140 urbem
1758 1087 2108 1157 Tepbricam,

530 1184 766 1239 eamque
821 1173 1184 1227 tumultuaria
1240 1175 1402 1243 quasi
1458 1192 1664 1247 pugna,
1724 1195 1836 1235 non
1892 1182 2107 1245 diutina

529 1262 818 1319 obsidione
864 1275 1100 1321 conatus
1160 1283 1397 1338 capere,
1450 1271 1643 1327 videns
1707 1282 1763 1329 et
1822 1291 2108 1332 murorum

532 1356 792 1412 ﬁrmitate
844 1368 898 1413 et
930 1359 1292 1416 barbarorum
1330 1363 1682 1429 multitudine
1732 1381 2110 1424 annonarum-

532 1462 638 1515 que
662 1449 817 1517 copia
840 1450 1058 1506 abunde
1084 1454 1373 1517 munitam,
1399 1470 1465 1510 ac
1485 1472 1607 1524 quae
1635 1474 1779 1527 aegre
1804 1464 2108 1531 expugnari

530 1548 739 1605 posset,
776 1540 925 1609 quod
978 1545 1282 1612 praesertim
1343 1548 1529 1602 omnis
1580 1549 1786 1605 circum
1820 1569 1950 1621 ager
1988 1555 2111 1610 bre-

528 1628 758 1685 vissimo
810 1642 1055 1703 tempore
1082 1636 1366 1705 copiarum
1400 1641 1800 1698 numerositate
1827 1645 2107 1702 desolatus

528 1730 666 1786 erat,
721 1737 788 1777 ac
828 1740 967 1794 pene
1002 1728 1306 1783 exercitum
1364 1735 1711 1789 necessarius
1761 1746 2107 1795 commeatus

528 1815 824 1883 del‘eeerat,
877 1836 909 1873 a
969 1820 1185 1876 diutina
1230 1823 1519 1879 obsidione
1564 1826 1866 1894 abscessit;
1898 1831 2106 1887 circum

529 1922 659 1964 vero
690 1910 887 1979 positis
917 1914 1225 1983 prtesidiis,
1260 1916 1441 1972 Abara
1502 1929 1556 1974 et
1614 1919 1822 1991 Spatha
1874 1925 2111 1997 aliisque

528 2000 861 2069 quibusdam
914 2006 1191 2074 expilatis,
1242 2009 1413 2065 illazso
1466 2012 1593 2068 inde
1638 2028 1839 2071 cuncto
1891 2020 2110 2076 sublato

527 2094 796 2160 exercitu,
848 2111 972 2152 cum
1020 2100 1231 2167 multis,
1289 2111 1352 2158 ut
1403 2103 1612 2159 dictum
1666 2116 1785 2174 est,
1822 2110 2013 2180 spoliis
2044 2128 2112 2169 ac

525 2184 757 2255 captivis
786 2203 1039 2248 reversus
1060 2201 1165 2249 est.

598 2276 690 2333 58.
725 2278 978 2350 Ingentes
1025 2283 1309 2354 Tephrieae
1338 2287 1508 2346 factas
1559 2294 1735 2351 caedes
1755 2297 1863 2352 alia
1897 2299 2111 2357 lsmae—

526 2367 747 2424 litorum
778 2374 909 2428 urbs
937 2390 1064 2430 cum
1094 2378 1324 2433 vidisset
1361 2381 1661 2445 (Taracem
1699 2390 1940 2463 vocant),
1976 2395 2112 2450 mis-

523 2456 608 2515 sis
639 2459 834 2530 legatis
858 2479 1050 2534 pacem
1085 2470 1471 2537 expostulatet
1497 2473 1551 2527 in
1580 2477 1858 2534 sociarum
1890 2456 2110 2539 urbium

525 2549 652 2604 albo
680 2553 881 2607 ascribi
909 2555 1159 2625 rogat.ln
1189 2560 1273 2614 his
1306 2563 1548 2631 optimus
1579 2565 1898 2636 imperator,
1930 2588 2110 2643 quan-

525 2650 639 2696 tum
697 2644 863 2716 268
918 2662 1047 2718 erga
1106 2650 1455 2712 adversarios
1511 2656 1857 2719 fortitudinis
1917 2668 2108 2734 robur,

526 2743 733 2790 tantam
767 2753 896 2809 erga
923 2742 1202 2810 subjectos
1232 2762 1555 2820 moremque
1599 2765 1852 2824 gerentes
1884 2761 2112 2829 aequita-

524 2835 630 2879 tem
666 2840 732 2881 ac
767 2828 1112 2886 clementiam
1167 2837 1487 2902 ostendens,
1516 2841 1660 2898 vinci
1706 2860 1768 2901 se
1799 2828 1998 2916 passus
2024 2860 2113 2907 est

523 2917 594 2973 ab
625 2922 961 2989 oratoribus,
991 2941 1291 2999 pacemque
1326 2935 1646 3001 rogantibus
1671 2939 1918 2996 tribuens
1950 2944 2110 2998 exin-

520 3010 588 3064 de
617 3026 718 3082 pro
740 3012 990 3072 hostibus
1025 3018 1146 3075 illos
1201 3023 1382 3077 socios
1412 3034 1609 3083 nactus
1656 3038 1757 3085 est.
1792 3029 1933 3089 Hinc
1983 3050 2107 3091 cum

2219 529 2632 600 ὑποχωροῦντος
2662 533 2755 586 καὶ
2797 532 2967 603 μόνην
2996 533 3097 606 τὴν
3125 536 3335 590 οίκείαν
3378 537 3533 591 πόλιν
3562 538 3798 608 φυλάξαι
3854 550 3865 559 ”

2216 625 2311 677 καὶ
2358 624 2725 693 κρατύνεσθαι
2774 626 3162 693 διεγνωκότος,
3218 628 3379 700 ἐπῄει
3427 630 3572 683 κατὰ
3599 631 3802 702 πολλὴν

2215 716 2309 768 τοῦ
2339 717 2675 781 κωλύσοντος
2710 718 2947 787 ἐρημίαν
2993 719 3313 790 ληϊζόμενος
3342 722 3436 775 καὶ
3463 722 3683 794 πορθῶν
3704 724 3805 778 καὶ

2216 806 2573 880 κατατέμνων
2616 807 2710 861 καὶ
2739 808 3033 878 πυρπολῶν
3062 810 3241 872 πάσας
3265 810 3365 873 τὰς
3390 812 3496 864 ὑπὸ
3530 812 3623 865 τὸν
3648 812 3804 882 Χρυ-

2217 897 2440 967 σόχειρα
2492 896 2679 969 χώρας
2729 899 2824 952 καὶ
2875 901 3221 971 κωμοπόλεις
3272 902 3301 953 ὁ
3347 902 3602 972 βασιλεὺς
3652 904 3809 957 λείαν

2214 992 2442 1060 ἄπειρον
2479 993 2574 1044 καὶ
2603 994 2646 1024 ⁶⁹
2681 992 3064 1062 αἰχμαλωσίαν
3099 996 3589 1067 περιϐαλλόμενος.
3627 998 3812 1068 Προσ-

2214 1084 2395 1136 6αλὼν
2460 1085 2515 1137 δὲ
2569 1086 2663 1137 καὶ
2701 1086 2851 1156 αὐτῷ
2902 1086 2981 1155 τῷ
3025 1088 3179 1142 ἄστει
3243 1090 3546 1160 Τεφρικῆς,
3603 1092 3697 1143 καὶ
3739 1089 3813 1142 δι’

2212 1176 2632 1246 ἀκροϐολισμῶν
2681 1178 2775 1230 καὶ
2812 1179 3173 1249 προσεδρείας
3209 1180 3332 1250 οὐχ).
3384 1183 3606 1251 μακρᾶς
3661 1182 3815 1234 ἑλεῖν

2215 1266 2517 1336 πειραθεὶς,
2540 1268 2614 1330 ὡς
2642 1266 2793 1338 ἐώρα
2819 1269 2914 1322 καὶ
2940 1270 3139 1343 τειχῶν
3164 1275 3523 1343 καρτερότητι
3542 1274 3635 1327 καὶ
3665 1274 3817 1342 πλή-

2214 1359 2297 1413 θει
2321 1360 2640 1431 βαρϐαρικῷ
2670 1362 2766 1415 καὶ
2788 1363 3022 1433 ἀφθονίᾳ
3052 1366 3251 1435 χρειῶν
3269 1366 3751 1436 κατωχυρωμένον
3768 1369 3816 1399 ⁷ο

2212 1454 2346 1507 αὐτὸ
2376 1453 2471 1506 καὶ
2506 1453 2838 1521 δυσάλωτον,
2895 1456 3019 1508 ἐπεὶ
3056 1457 3151 1509 καὶ
3190 1457 3261 1510 τά
3288 1458 3447 1519 ἐκτὸς
3488 1458 3708 1512 ᾶπαντα
3739 1458 3799 1511 δι

2211 1547 2496 1615 ἐλαχίστου
2530 1548 2722 1618 χρόνου
2754 1548 2832 1619 τῷ
2863 1549 3062 1620 πλήθει
3100 1550 3202 1620 τῆς
3247 1554 3509 1622 στρατιᾶς
3537 1553 3814 1624 κατηρεί-

2212 1641 2421 1693 πωτο⁷¹
2452 1642 2547 1694 καὶ
2567 1640 2636 1695 τὰ
2664 1642 2938 1709 ἀναγκαῖα
2970 1642 3156 1711 σχεδὸν
3181 1644 3555 1715 κατηνάλωτο,
3585 1645 3815 1715 ἀπέστη

2210 1731 2307 1802 τῆς
2336 1729 2473 1802 πρὸς
2514 1732 2613 1802 τὴν
2644 1733 2967 1803 πολιορκίαν
3019 1735 3238 1804 χρονίου
3287 1737 3584 1805 ἐπιμονῆς
3640 1735 3710 1790 τὰ
3753 1738 3821 1791 δὲ

2214 1824 2343 1895 περὶ
2370 1824 2540 1896 αὐτὴν
2571 1827 2615 1857 ⁷⁸
2648 1825 2884 1896 φρούρια
2906 1827 3007 1895 τὴν
3040 1828 3290 1897 Ἀϐαραν
3318 1829 3417 1881 καὶ
3454 1829 3555 1900 τὴν
3586 1830 3824 1902 Σπάθην

2211 1914 2308 1968 καὶ
2338 1914 2505 1985 ἐτερά
2533 1934 2656 1969 τινα
2678 1916 3051 1988 ἐκπορθήσας,
3077 1918 3172 1971 καὶ
3200 1919 3341 1988 ἄρας
3365 1919 3617 1974 ἐντεῦθεν
3642 1922 3819 1987 ἀσινῆ

2210 2009 2303 2063 τὸν
2360 2008 2490 2078 περὶ
2522 2008 2687 2062 αὐτὸν
2719 2009 2898 2085 πάντα
2946 2010 3203 2080 στρατὸν,
3267 2014 3408 2081 μετά
3460 2014 3693 2083 συχνῶν.
3732 2014 3821 2078 ὡς

2213 2101 2467 2174 εἴρηται,
2534 2101 2795 2173 λαφύρων
2866 2104 2962 2157 καὶ
3028 2105 3382 2174 ἀνδραπόδων
3448 2106 3821 2181 ἐπανεχώρη-

2215 2212 2306 2248 σεν
2342 2196 2407 2249 ⁷³.
3174 2226 3175 2229 η

2214 2299 2223 2311 ‘
2282 2288 2385 2359 λη’.
2422 2288 2543 2341 Τῶν
2568 2290 2625 2342 ὲν
2651 2291 2717 2361 τῇ
2752 2292 2997 2363 Τεφρικῇ
3027 2293 3211 2346 τοίνυν
3242 2294 3335 2348 τὸν
3362 2295 3531 2349 πολὺν
3570 2296 3735 2366 φόνον
3779 2300 3819 2371 ἡ

2213 2382 2377 2454 ἐτέρα
2401 2382 2511 2436 τῶν
2540 2383 2901 2454 Ἰσμαηλιτῶν
2924 2386 3079 2450 πόλις
3101 2386 3439 2459 θεασαμένη,
3462 2391 3531 2461 ῆν
3552 2391 3824 2461 Τάραντα

2212 2473 2459 2541 λέγουσι,
2483 2472 2745 2543 πρέσϐεις
2775 2474 3046 2546 πέμψασα
3074 2480 3301 2550 εἰρήνης
3329 2480 3483 2550 ἠξίου
3512 2486 3696 2553 τυχεῖν
3712 2487 3823 2540 καὶ

2212 2569 2333 2628 ταῖς
2387 2565 2729 2636 συμμαχίσιν
2760 2567 3157 2637 ἐγγράφεσθαι.
3214 2571 3271 2625 Ὀ
3300 2572 3355 2625 δὲ
3389 2576 3680 2644 κράτιστος
3707 2576 3820 2646 βα-

2216 2657 2417 2722 σιλεὺς,
2459 2659 2593 2729 ὅσην
2626 2659 2764 2729 πρὸς
2790 2660 2920 2723 τοὺς
2954 2663 3442 2735 ἀντιταττομένους
3485 2666 3708 2738 ἀνδρίαν
3739 2670 3815 2737 ⁷⁸,

2214 2750 2488 2821 τοσαύτην
2520 2750 2656 2819 πρὸς
2684 2752 2813 2816 τοὺς
2850 2753 3326 2825 ὑποταττομένους
3384 2760 3688 2814 ἐπιείκειαν
3719 2765 3817 2816 ἐν·

2212 2842 2585 2913 δεικνύμενος,
2616 2844 2827 2915 ἡττήθη
2859 2863 2919 2898 τε
2939 2847 3039 2917 τῆς
3070 2849 3368 2919 πρεσϐείας
3400 2852 3496 2906 καὶ
3529 2853 3631 2923 τῆς
3653 2856 3814 2926 εἰρή-

2214 2951 2313 3003 νης
2338 2936 2448 2997 τοῖς
2477 2934 2689 2989 αἰτοῦσι
2711 2937 3026 3008 μετέδωκε,
3075 2941 3169 2994 καὶ
3227 2943 3556 3013 συμμάχους
3607 2948 3729 3000 ἀντὶ
3765 2951 3815 2982 ⁷⁸

2216 3026 2494 3098 πολεμίων
2542 3028 2604 3081 τὸ
2629 3030 2736 3082 ἀπὸ
2762 3030 2916 3083 τοῦδε
2949 3030 3239 3103 ἐκέκτητο.
3284 3035 3381 3089 Ἐκ
3414 3036 3607 3090 τούτου
3655 3037 3813 3093 ἄλλοι

521 3099 616 3155 alii
648 3117 756 3156 non
781 3106 966 3174 pauci,
1005 3118 1121 3164 tttm
1168 3110 1449 3171 Curtieius
1481 3118 1775 3188 Armenus,
1823 3122 2101 3182 Locanam

2212 3136 2267 3172 τε
2298 3120 2398 3173 οὐκ
2416 3120 2587 3189 ὀλίγοι
2635 3123 2731 3173 καὶ
2756 3121 3086 3193 Κουρτίκιός
3115 3099 3198 3186 τις
3256 3125 3560 3196 Ἀρμένιος,
3608 3127 3667 3191 ὂς
3694 3124 3815 3199 εἶχε

521 3201 655 3248 tunc
716 3198 973 3265 praesidio
1036 3211 1229 3260 tenens
1272 3204 1647 3281 Romanazque
1693 3216 1924 3273 ditionis
1971 3220 2108 3278 ﬁnes

520 3286 746 3343 assidue
803 3291 1129 3362 molestans,
1164 3297 1235 3353 ad
1286 3315 1415 3355 eum
1464 3302 1747 3375 confugit,
1807 3310 2111 3383 urbemque

520 3390 681 3431 suam
728 3387 786 3432 et
829 3396 984 3437 arma
1038 3392 1094 3440 et
1158 3390 1421 3458 populum
1473 3393 1795 3466 imperatori
1848 3403 2104 3473 subjecit,

522 3466 674 3523 illius
717 3472 1033 3540 aequitatem
1065 3492 1131 3531 ac
1193 3480 1543 3541 clementiam
1571 3503 1699 3544 eum
1743 3493 1860 3563 pari
1890 3466 2110 3553 fortitu;

517 3557 650 3617 dine
671 3575 738 3617 ac
760 3562 1034 3633 justitiam
1063 3585 1187 3627 cum
1216 3573 1419 3633 virtute
1446 3557 1751 3643 admirans,

591 3743 687 3801 39.
724 3744 946 3804 Interim
983 3766 1114 3809 vero
1136 3752 1366 3814 intentis
1404 3760 1459 3815 in
1486 3748 1623 3818 euui
1645 3752 1883 3822 hostium
1910 3746 2108 3828 adigis

522 3834 779 3906 serieque
814 3840 1238 3901 observantibus
1262 3864 1429 3918 quam
1458 3852 1511 3907 in
1548 3864 1759 3924 partem
1804 3859 1894 3915 ille
1931 3861 2107 3933 impe-

521 3936 636 3978 tum
674 3937 929 3997 verteret,
958 3942 1018 3986 ut
1066 3936 1338 3994 laboranti
1373 3957 1533 4011 Opem
1596 3946 1698 4017 ipsi
1759 3948 1990 4021 ferrent,
2027 3957 2107 4011 le-

518 4024 661 4070 ctam
702 4018 1028 4078 bellatorum
1088 4043 1312 4086 manum
1364 4034 1627 4093 adversus
1647 4038 1935 4111 Zapetram
2025 4048 2107 4104 sic

516 4109 719 4165 dictam
785 4116 1020 4191 urbem)
1051 4122 1202 4177 misit
1235 4142 1248 4191 ;
1285 4132 1673 4202 superatisque
1715 4109 2105 4196 velociter‘via:

516 4206 787 4274 angustiis
808 4209 985 4279 ipsam
1019 4216 1210 4272 urbem
1232 4222 1559 4279 adoriuntur
1582 4229 1870 4301 primoque
1897 4233 2101 4303 impetu

516 4297 767 4365 capiunt,
820 4317 886 4357 ac
922 4302 981 4358 in
1038 4321 1103 4362 ea
1145 4312 1351 4367 multos
1422 4319 1717 4385 trucidant,
1789 4324 2105 4395 ingentique

514 4389 701 4455 praeda
768 4407 831 4447 ac
883 4397 1074 4463 spoliis
1107 4402 1293 4469 potiti,
1336 4406 1432 4474 qui
1482 4410 1693 4476 pridem
1760 4389 1907 4469 inea
1936 4389 2100 4473 vin-eti

516 4480 951 4548 tenebantur,ex
968 4503 1189 4546 carcere
1244 4496 1494 4552 liberant.
1527 4500 1664 4555 Tum
1696 4504 1903 4562 vicinas
1931 4518 2103 4564 terras

516 4571 842 4644 incendunt,
875 4577 1223 4638 Samosatum
1249 4587 1539 4660 diripiunt,
1568 4595 1871 4666 eodemque
1897 4599 2101 4670 impetu

2213 3211 2335 3265 τότε
2383 3211 2483 3283 τὴν
2536 3212 2786 3268 Λόκαναν
2817 3214 2913 3267 καὶ
2960 3215 3200 3284 συνεχῶς
3252 3217 3351 3280 τὰς
3408 3218 3669 3288 ἐσχατιὰς
3707 3221 3812 3289 τῆς

2224 3301 2542 3372 Ῥωμαῖκῆς
2573 3303 2750 3374 ἀρχῆς
2788 3305 3138 3375 ἐλυμαίνετο,
3189 3308 3505 3379 προσέφυγε
3546 3311 3683 3382 πρὸς
3711 3313 3813 3367 αύ-

2211 3393 2303 3447 τδν
2322 3434 2336 3459 ,
2364 3395 2462 3448 καὶ
2490 3396 2589 3465 τὴν
2639 3396 2795 3452 πόλιν
2826 3397 2992 3451 αὐτοῦ
3026 3399 3121 3452 καὶ
3151 3399 3220 3452 τὰ
3245 3400 3386 3453 ὅπλα
3421 3403 3513 3455 καὶ
3548 3403 3638 3456 τὸν
3677 3403 3811 3458 λαὸν

2210 3486 2289 3557 τῷ
2348 3488 2713 3559 αὐτοκράτορι
2768 3488 3154 3558 καθυπέταξε,
3205 3490 3492 3561 θαυμάσας
3533 3493 3697 3547 αὐτοῦ
3742 3495 3807 3549 τὸ

2214 3580 2354 3649 μετὰ
2380 3578 2475 3631 τοῦ
2507 3581 2752 3652 ἀνδρείου
2804 3582 3048 3645 ἐπιεικὲς
3079 3582 3174 3635 καὶ
3215 3582 3355 3654 μετά
3383 3586 3482 3654 τῆς
3514 3585 3803 3655 δυνάμεως

2210 3667 2441 3724 δίκαιον.

2258 3760 2378 3831 ,λθκ
2416 3763 2563 3826 "Em;
2583 3764 2629 3795 ⁷⁸
2657 3763 2712 3816 δὲ
2735 3763 2873 3835 πρὸς
2901 3764 3063 3819 αὐτὸν
3096 3764 3242 3837 εἶχον
3277 3768 3367 3820 τὸν
3403 3765 3521 3821 νοῦν
3550 3769 3599 3821 oi
3634 3768 3802 3822 πολέ-

2212 3872 2347 3924 μιοι,
2372 3856 2465 3908 καὶ
2494 3858 2893 3927 περιεσκόπουν
2928 3859 3066 3929 πρὸς
3094 3859 3123 3911 ὃ
3150 3859 3314 3932 μέρος
3354 3859 3527 3930 ῥέψει,
3546 3860 3634 3914 ἵνα
3664 3861 3806 3931 πρὸς

2208 3947 2269 3999 τὸ
2297 3949 2494 4000 πονοῦν
2550 3950 2644 4003 καὶ
2673 3950 2828 4003 αὐτοὶ
2858 3952 3258 4017 συνασπίσωσι,
3293 3951 3376 4025 [Ρ.
3403 3950 3531 4025 167]
3563 3952 3803 4026 κοῦρσον

2210 4041 2351 4094 κατὰ
2380 4042 2476 4110 τῆς
2505 4042 2806 4112 λεγομένης
2838 4044 3126 4114 Ζαπέτρας
3157 4044 3481 4097 ἀπέστειλεν
3503 4044 3809 4100 ἐπιλέκτων

2209 4132 2575 4202 πολεμιστῶν,
2600 4134 2648 4186 οἳ
2680 4133 2880 4205 σπουδῇ
2918 4135 2987 4188 τὰ
3023 4135 3187 4190 στενά
3227 4137 3327 4205 τῆς
3353 4136 3475 4190 ὁδοῦ
3499 4138 3807 4202 διελθόντες

2208 4225 2346 4294 αὐτῇ
2378 4230 2443 4298 τῇ
2469 4226 2621 4280 πόλει
2656 4226 3083 4297 προσπίπτουσι,
3134 4230 3229 4282 καὶ
3278 4231 3486 4301 ταύτην
3516 4232 3574 4299 ἐξ
3608 4232 3805 4301 ἐφόδου

2208 4323 2568 4391 λαμϐάνουσι,
2628 4320 2724 4373 καὶ
2756 4320 2983 4385 πολλοὺς
3024 4324 3080 4375 ἐν
3107 4324 3244 4394 αὐτῇ
3303 4326 3803 4394 κατασφάττουσιν,

2210 4414 2586 4485 αἰχμαλωσίαν
2613 4430 2673 4466 τε
2706 4413 2908 4484 πολλὴν
2956 4414 3053 4468 καὶ
3100 4415 3253 4469 λείαν
3287 4416 3651 4487 λαμϐάνουσι,
3704 4420 3807 4473 καὶ⁹

2206 4508 2463 4577 δεσμίους
2501 4507 2751 4580 χρονίους
2781 4505 3037 4576 ἐξάγουσι
3080 4510 3183 4579 τῆς
3219 4512 3486 4582 φρουρᾶς.
3530 4508 3667 4565 Εἶτα
3700 4511 3807 4576 τὰς

2207 4601 2410 4673 ἐφεξῆς
2468 4602 2923 4672 πυρπολήσαντες
2975 4603 3162 4676 χώρας
3218 4606 3314 4658 καὶ
3368 4606 3431 4659 τὸ
3478 4607 3809 4675 Σαμόσατον

516 4672 775 4770 ξυνεπιθιο
829 4666 1132 4738 Euphrate,
1163 4690 1286 4731 cum
1321 4682 1503 4738 nullus
1543 4700 1772 4754 usquam
1813 4666 2104 4749 obsisteret

2212 4666 2668 4765 ἐκπορθήσαντες,
2689 4666 2781 4749 καὶ
2806 4700 2870 4768 τῇ
2899 4666 3035 4767 αὐτῇ
3062 4666 3215 4769 ρύμῃ
3262 4698 3353 4750 τὸν
3376 4666 3668 4770 Εύφράιτην
3703 4716 3810 4753 περ

510 4749 703 4858 (quod
762 4758 1025 4816 nimirum
1071 4764 1217 4821 haud
1272 4772 1464 4837 procul
1502 4775 1572 4828 ab
1622 4749 1955 4846 imperatore
2014 4784 2106 4838 ho-

2212 4749 2467 4859 [3&311115;
2508 4749 2878 4859 κατάΙπολλήιν
2915 4749 3153 4860 ἐρημίαν
3183 4749 3292 4843 τῶν
3321 4749 3678 4845 κωλυσόντῶν
3710 4791 3811 4847 διὰ

511 4845 684 4904 Itium
736 4861 915 4908 castra
961 4854 1133 4913 locata
1184 4864 1439 4936 essent),
1478 4869 1665 4922 multis
1722 4873 1953 4942 captivis
2035 4892 2101 4932 ac

2212 4882 2265 4934 τὸ
2296 4866 2902 4952 παραστρατοπεδεύειν
2947 4884 3073 4946 τοὺς
3107 4883 3403 4954 πολεμίους
3430 4883 3511 4953 τῷ
3561 4883 3805 4954 βασιλεῖ,

515 4939 721 5009 ingenti
776 4946 958 5012 praeda
1023 4949 1183 5005 dilati
1250 4953 1318 5008 ad
1401 4939 1805 5028 imperatorem
1890 4969 2099 5022 reversi

514 5040 662 5096 sunt,
698 5034 876 5117 adbuc
909 5052 1080 5108 prope
1107 5040 1458 5100 Zarnuclium
1492 5048 1744 5119 ﬂuvium,
1785 5055 1876 5111 ubi
1927 5057 2097 5113 Cara-

514 5125 732 5180 utisium
767 5138 870 5193 est,
932 5146 1262 5202 morantem,
1318 5140 1525 5197 desidis
1560 5146 1800 5214 quidem'
1834 5152 2095 5217 similem,

514 5214 611 5269 sed
642 5221 732 5288 qui
759 5236 972 5278 summa
1001 5225 1272 5284 industria
1293 5247 1357 5287 ac
1382 5235 1601 5293 solertia
1630 5254 1724 5309 per
1749 5242 1996 5301 subditos
2021 5214 2100 5301 ta;

514 5307 583 5360 lia
619 5310 952 5383 designaret.

583 5401 748 5474 269
785 5410 873 5465 40.
922 5413 1061 5472 Hinc
1089 5417 1377 5477 discedens
1444 5441 1568 5481 cum
1636 5429 1892 5486 universo
1934 5446 2089 5488 excr-

2206 4974 2301 5027 καὶ¹
2333 4973 2538 5042 πολλὴν
2560 4973 2819 5037 λαϐόντες
2846 4973 3231 5044 αἰχμαλωσίαν
3264 4975 3361 5028 καὶ
3392 4975 3635 5045 λάφυρα,
3690 4976 3805 5027 ὑπ-

2204 5064 2477 5133 έστρεψαν
2504 5065 2641 5133 πρὸς
2685 5064 2777 5117 τὸν
2834 5065 3219 5135 αὐτοκράτορα
3247 5065 3325 5118 ἔτι
3358 5067 3497 5135 πρὸς
3538 5066 3616 5137 τῷ
3647 5068 3799 5137 Ζαρ-

2207 5157 2338 5227 νοὺχ
2386 5156 2638 5227 ποταμῷ,
2693 5156 2823 5212 ἔνθα
2866 5157 2927 5209 τὸ
2960 5158 3307 5229 Κεραμίσιόν
3336 5162 3379 5192 ⁷⁷
3404 5163 3545 5225 ἐστι,
3584 5161 3803 5232 διατρί-

2209 5251 2372 5304 ϐοντα
2406 5251 2501 5303 καὶ¹
2527 5250 2721 5321 ἀργεῖν
2751 5251 2852 5323 μὲν
2872 5251 3157 5318 δοκοῦντα,
3197 5256 3265 5308 τὰ
3293 5255 3350 5308 δὲ
3380 5255 3611 5309 τοιαῦτα
3660 5274 3804 5309 παν-

2208 5346 2385 5415 σὸιρως
2406 5344 2496 5398 δια
2522 5344 2633 5397 τῶν
2664 5344 2768 5398 ὑπὸ
2800 5347 2955 5415 χεῖρα
2983 5348 3527 5419 καταπραττόμενον.

2272 5445 2345 5511 μ’.
2392 5437 2679 5492 Ἐντεῦθεν
2704 5438 2844 5510 ἄρας
2889 5441 2917 5493 ὁ
2947 5440 3201 5503 βασιλεὺς
3233 5443 3372 5511 μετά
3407 5442 3609 5504 παντὸς
3642 5458 3802 5513 στρα-

1818 5612 2053 5670 νΑῐιιιΕ
2101 5617 2511 5674 LECTIONES.

516 5767 634 5824 bcri
676 5789 740 5829 us

678 5708 794 5806 ἕλη
833 5712 1100 5806 δξικλαὶὶῐδί
1181 5719 1224 5750 ⁷⁸
1252 5726 1621 5806 κατοχυρούμ.
1655 5728 2012 5787 Barberinus.
2073 5734 2540 5806 η⁷¹ίκατηρείπατο
2568 5735 2626 5788 P.
2706 5739 2747 5768 ⁷¹
2769 5737 2940 5806 αὐτῆς
2974 5738 3040 5793 Α.

862 5780 912 5812 ⁷⁵
943 5785 1163 5854 ἀνδρίαν
1187 5780 1726 5867 -ὑποίᾶττομένους
1758 5816 1866 5859 om.
1902 5804 1965 5857 Α.
2046 5805 2089 5836 ⁷³
2132 5780 2367 5877 ἀντηῖκ
2395 5807 2455 5862 Ρ.
2533 5807 2578 5841 ⁷⁸
2611 5807 2741 5876 ἕως]
2769 5809 2843 5871 ὡς

3114 5739 3159 5771 ⁷⁸
3201 5738 3629 5810 ὑπανεχιίζρησεν
3661 5736 3796 5798 Bar~

3014 5810 3058 5843 ⁷⁷
3090 5808 3410 5882 Καραμίσιν
3440 5808 3503 5866 Ρ.
