4144 6422
490 326 598 392 287

1598 325 2110 388 THEOPHANES
2136 323 2697 390 CONTINUATUS.

3695 328 3797 392 288

503 449 594 496 cto
625 440 785 510 271,
818 440 970 495 omni
1002 441 1175 495 milite
1206 441 1356 510 large
1382 441 1717 513 copioseque
1766 441 2091 498 muneribus

2216 442 2286 496 ξὺν
2314 442 2433 501 int?)
2468 446 2625 513 χεῖρα
2654 445 2833 498 πάντα
2854 442 2986 496 λαὸν
3016 440 3289 504 πολυσίως
3320 408 3795 511 φιλοφρονησάμε-

504 544 752 605 accepto,
784 550 849 589 ac
882 534 976 604 qui
1027 535 1295 605 singulari
1346 535 1548 591 virtute
1597 535 1893 604 fulserant,
1921 539 2102 607 singu-

499 625 569 683 lis
599 628 812 683 decenti
857 627 1151 682 honorario
1191 628 1430 694 donatis,
1462 630 1650 683 multis
1683 639 1879 686 auctus
1910 631 2102 699 spoliis

501 737 565 776 ac
598 722 844 777 victoriae
884 722 1049 776 sertis
1085 721 1138 775 in
1183 723 1375 775 urbem
1438 738 1692 778 reversus
1745 732 1867 790 est;
1895 725 2103 793 ingres-

501 832 709 887 susque
743 832 844 886 per
892 817 1106 872 Aureas
1150 826 1359 886 portas,
1413 833 1523 886 quo
1577 818 1690 874 fere
1728 819 1835 874 ritu
1892 831 2103 878 veteres

502 913 872 979 imperatores
892 912 944 964 in
968 910 1374 982 praemagnilica
1407 911 1687 981 nobilique
1710 911 1883 967 Roma
1906 915 2101 968 trium-

504 1004 675 1072 phum
701 1003 957 1073 agebant,
993 1002 1191 1059 faustis
1218 1018 1317 1073 pro
1350 1003 1581 1057 victoria
1612 1005 1801 1074 populi
1825 1006 2101 1061 acclama-

508 1097 752 1152 tionibus
806 1096 1199 1165 ominibusque
1229 1096 1670 1161 deducentibus,
1726 1098 1779 1151 in
1836 1116 2098 1167 magnum

506 1188 605 1243 Dei
634 1188 927 1258 Sapientia:
961 1188 1226 1257 templum
1260 1189 1327 1243 ad
1367 1198 1493 1244 vota
1539 1205 1957 1261 eongruamque
1988 1208 2103 1262 gra-

508 1281 707 1335 tiarum
738 1281 1007 1337 actionem
1037 1278 1148 1334 Deo
1198 1280 1648 1348 persolvendam,
1684 1282 1877 1338 statim
1911 1293 2103 1339 uterat

506 1389 573 1427 ex
615 1373 832 1436 itinere,
874 1371 1176 1441 profectus,
1216 1380 1383 1441 atque
1428 1389 1458 1428 a
1492 1375 1810 1443 patriarcha
1856 1377 2103 1432 victoriae

507 1476 709 1517 corona
747 1460 1056 1526 redimitus,
1091 1460 1147 1514 in
1179 1460 1384 1531 regiam
1427 1471 1683 1533 receptus
1711 1473 1815 1520 est.

576 1643 666 1697 4i.
706 1640 928 1698 Rursus
953 1655 1091 1697 vero
1126 1657 1277 1698 cura:
1303 1658 1428 1698 eum
1462 1644 1650 1701 civiles
1702 1646 2101 1714 sollicitabant,

504 1735 962 1804 diversarumque
984 1735 1231 1804 gentium
1253 1737 1574 1793 oratoribus
1595 1738 1661 1793 ad
1680 1753 1739 1794 se
1768 1739 2105 1796 convenien-

508 1829 659 1884 tibus
706 1829 904 1883 dandis
950 1831 1234 1899 responsis
1282 1830 1677 1897 incumbebat;
1708 1834 2105 1904 paululumque

510 1937 638 1974 cum
675 1921 866 1975 liberis
898 1936 963 1975 ac
1002 1936 1177 1976 uxore
1201 1921 1448 1979 relaxato
1474 1922 1684 1989 animo,
1717 1939 1782 1979 ac
1809 1938 2105 1981 sacrosan-

510 2012 614 2067 etis
669 2028 763 2080 per
805 2012 998 2066 urbem
1064 2013 1175 2067 voti
1237 2028 1581 2082 precumque
1650 2028 1820 2069 causa
1886 2014 2105 2085 templis

511 2105 769 2175 religiose
805 2106 1080 2169 lustratis,
1117 2120 1182 2159 ex
1216 2121 1369 2160 more
1410 2121 1605 2161 rursus
1630 2106 1890 2163 civilibus
1920 2106 2103 2161 admi-

512 2199 930 2259 nistrationibus
976 2198 1319 2268 judiciisquc
1342 2198 1562 2252 addicta
1621 2214 1814 2269 Opera,
1867 2200 2105 2271 diligen-

514 2292 645 2345 tiam
711 2292 803 2346 ille
851 2306 1009 2346 suam
1048 2290 1382 2363 vigilemque
1427 2306 1617 2345 curam
1666 2306 1795 2363 erga
1848 2293 2105 2350 subditos

512 2384 851 2439 ostentabat.
882 2380 1106 2437 Nullum
1154 2393 1339 2437 tamen
1370 2382 1609 2438 faciebat
1642 2385 1809 2438 tinem
1860 2387 2110 2455 quotidie

514 2478 567 2530 in
601 2491 823 2531 sacrum
849 2475 1214 2545 divinumque
1236 2478 1503 2546 templum
1530 2477 1876 2547 ingrediendi
1902 2478 2108 2534 Deum-

514 2585 625 2637 que
657 2568 1023 2638 suppllicibus
1046 2569 1192 2623 votis
1216 2570 1509 2633 ,exorandi,
1545 2571 2014 2627 intercessoribus
2040 2572 2108 2625 ad

514 2663 686 2716 Deum
710 2660 968 2715 adhibitis
993 2671 1106 2715 tum
1127 2660 1393 2716 Michaele
1408 2663 1649 2716 caelestis
1666 2663 1945 2717 exercitus
1958 2663 2111 2732 prin-

514 2740 663 2826 cipe.
699 2765 810 2809 tum
848 2755 965 2809 Elia
992 2755 1283 2825 propheta,
1341 2772 1409 2810 ne
1447 2755 1601 2824 prius
1659 2756 1769 2810 vita
1823 2758 2111 2814 excederet

515 2864 677 2916 quam
712 2848 1102 2917 (liu'ysochiris
1130 2849 1413 2902 interitum
1472 2848 1685 2903 videret
1734 2864 1799 2903 ac
1847 2850 1949 2904 tria
2004 2850 2107 2905 tela

516 2941 734 3008 impuro
778 2939 923 2995 illius
950 2938 1116 3007 capiti
1153 2939 1404 3007 inﬁgeret
1433 2956 1447 3005 ;
1481 2940 1625 3008 quod
1668 2948 1722 2993 et
1760 2948 1947 3009 postea
1980 2956 2112 2996 con-

517 3030 656 3099 tigit.
724 3029 988 3099 Sequenti
1043 3030 1193 3084 enim
1245 3044 1431 3094 anno,
1492 3031 1693 3085 cumis
1739 3031 1903 3100 272
1946 3047 2107 3100 quem

2206 550 2315 599 νος,
2361 535 2455 588 καὶ
2495 534 2605 587 τῶν
2655 534 3096 604 ἀριστευσάντων
3127 534 3359 587 ἕκαστον
3392 533 3692 601 ἀριστείοις
3719 552 3801 586 τι-

2209 626 2410 695 μήσας,
2458 626 2599 696 μετά
2632 623 2846 678 πολλῶν
2893 624 3155 693 λαφύρων
3186 624 3283 678 καὶ
3326 624 3627 694 νικητικῶν
3676 643 3801 678 στε-

2206 719 2391 787 φάνων
2426 717 2734 789 ὑπέστρεψε
2782 719 2921 789 πρὸς
2970 717 3068 788 τὴν
3109 718 3535 789 βασιλεύουσαν·
3582 720 3676 772 καὶ
3714 720 3805 772 διὰ

2204 814 2314 867 τῶν
2343 811 2579 882 Χρυσῶν
2605 811 2791 865 πυλῶν
2823 811 3083 866 εἰσελθὼν
3107 812 3185 877 ὡς
3238 814 3287 865 οἱ
3316 813 3487 866 πάλαι
3531 814 3673 866 κατά
3706 813 3807 883 τὴν

2209 906 2566 977 μεγαλόδοξον
2584 906 2808 978 Ῥώμην
2834 908 2945 961 τῶν
2992 908 3420 978 αὐτοκρατόρων
3449 909 3577 970 τοὺς
3605 897 3835 978 θριάμ-ξ

2205 974 2333 1062 δούς
2372 974 2726 1067 κατάγοντες,
2756 974 2852 1053 καὶ
2880 998 2981 1061 τὰς
3015 974 3181 1069 παρὰ*
3201 998 3295 1053 τοῦ
3310 974 3494 1069 δήμου
3516 974 3832 1069 mxume;

2205 1092 2494 1163 ὲκϐοήσεις
2524 1093 2618 1146 καὶ
2640 1092 2921 1163 εὐφημίας
2951 1092 3264 1163 δεξάμενος,
3285 1092 3380 1146 καὶ
3409 1094 3548 1163 πρὸς
3575 1093 3637 1147 τὸ
3664 1093 3812 1163 μέγα

2204 1182 2302 1252 τῆς
2327 1182 2423 1236 τοῦ
2471 1183 2605 1237 Θεοῦ
2650 1184 2854 1253 Σοφίας
2884 1183 3208 1253 ἀνάκτορον,
3246 1184 3323 1247 ὡς
3352 1183 3453 1246 τὰς
3504 1185 3670 1255 εὐχὰς
3712 1183 3811 1238 καὶ

2204 1278 2303 1348 τὴν
2336 1278 2725 1350 προσήκουσαν
2774 1278 3129 1351 εὐχαριστίαν
3160 1277 3479 1341 ἀποδώσων,
3515 1278 3680 1342 εὐθὺς
3730 1279 3812 1341 ὡς

2207 1367 2357 1442 εἶχεν
2390 1370 2450 1435 ἐξ
2481 1370 2603 1425 ὁδοῦ
2655 1370 3086 1441 παραγεγονὼς,
3144 1370 3238 1423 καὶ
3270 1369 3374 1424 ὐπὸ
3412 1369 3509 1423 τοῦ
3538 1370 3660 1424 τότε
3695 1387 3812 1424 παν

2205 1462 2594 1535 τριαρχοῢντος
2624 1463 2704 1534 τῷ
2719 1463 2820 1534 τῆς
2847 1464 3006 1533 νίκης
3029 1463 3281 1533 στεφάνῳ
3308 1464 3642 1529 ταινιωθεὶς,
3680 1465 3813 1519 ἀπ-

2207 1556 2477 1625 εκατέστη
2519 1556 2600 1618 είς
2631 1554 2699 1607 τὰ
2719 1554 2989 1625 βασίλεια.

2280 1646 2393 1717 μα’.
2423 1649 2535 1701 Καὶ
2585 1648 2750 1702 πάλιν
2780 1648 2944 1701 αὐτὸν
2993 1648 3278 1718 φροντίδες
3329 1647 3607 1702 πολιτικαὶ¹
3642 1649 3817 1703 διεδέ-

2208 1758 2388 1812 χοντο,
2425 1741 2522 1793 καὶ
2549 1742 2671 1803 ταῖς
2709 1739 2818 1793 ἀπὸ
2870 1739 3146 1810 διαφόρων
3182 1740 3355 1793 ἐθνῶν
3390 1741 3715 1811 πρεσϐείαις
3746 1743 3821 1795 τὰ

2207 1834 2496 1905 πρόσφορα
2517 1833 2859 1903 ἐχρημάτιζε
2877 1849 2891 1864 ο
2923 1835 3017 1886 καὶ
3064 1832 3203 1903 πρὸς
3228 1832 3411 1901 ὀλίγον
3436 1835 3550 1896 τοῖς
3591 1834 3820 1897 τέκνοις

2208 1926 2636 1999 συνευφρανθεὶς
2663 1927 2759 1985 καὶ
2778 1929 2845 1997 τῇ
2865 1926 3108 1994 γυναικὶ,
3130 1926 3225 1980 καὶ
3253 1926 3378 1989 τοὺς
3412 1926 3557 1981 κατὰ
3585 1927 3648 1981 τὸ
3671 1928 3819 1982 ἄστυ

2210 2018 2513 2090 περιελθὼν
2546 2019 2726 2091 ἱεροὺς
2753 2018 2848 2072 καὶ
2900 2017 3078 2083 θείους
3133 2018 3297 2081 ναοὺς
3345 2017 3442 2072 καὶ
3489 2018 3591 2081 τὰς
3643 2019 3821 2089 εὐχὰς

2208 2112 2464 2177 ἀποδοὺς,
2498 2110 2745 2181 συνήθως
2778 2105 2850 2181 ἦν
2876 2110 3031 2173 αὖθις
3064 2111 3158 2163 ἐπὶ
3196 2109 3307 2165 τῶν
3344 2110 3642 2164 πολιτικῶν
3674 2112 3822 2164 διοι-

2211 2208 2426 2276 κήσεων
2451 2204 2673 2258 καὶτῶν
2711 2204 2969 2273 κρίσεων,
2999 2204 3100 2274 τὴν
3132 2203 3261 2274 περὶ
3288 2204 3350 2256 τὸ
3373 2204 3615 2273 ὑπήκοον
3648 2205 3823 2274 κηδε-

2215 2296 2409 2366 μονίαν
2426 2295 2522 2349 καὶ
2540 2295 2821 2367 ἄγρυπνον
2838 2294 3199 2366 πρόνοιανηῐ).
3223 2295 3350 2366 169]
3376 2295 3823 2366 ἐνδεικνύμενος.

2213 2387 2288 2440 Οὐ
2320 2387 2641 2457 διελίμπανε
2669 2386 2727 2440 δὲ
2787 2388 2941 2455 ὅμως
2997 2387 3118 2440 καθ’
3156 2387 3401 2458 ἑκάστην
3433 2390 3514 2451 εἰς
3540 2388 3633 2441 τὸν
3656 2388 3825 2458 ἱερὸν

2212 2482 2308 2535 καὶ
2334 2482 2480 2535 θεῖον
2510 2481 2639 2536 ναὸν
2678 2481 2869 2536 εἰσιὼν
2899 2482 2996 2535 καὶ
3030 2482 3293 2537 ἱκετεύων
3328 2483 3421 2537 τὸν
3450 2483 3681 2553 Κύριον,
3714 2485 3825 2539 καὶ

2217 2574 2446 2644 μεσίτας
2475 2573 2615 2645 πρὸς
2643 2572 2802 2627 τοῦτο
2833 2575 2926 2628 τόν
2981 2591 3042 2627 τε
3081 2574 3530 2646 ἀρχιστράτηγον
3586 2575 3826 2648 Μιχαὴλ

2214 2668 2310 2721 καὶ
2352 2668 2534 2729 Ἠλιοῦ
2555 2668 2647 2723 τὸν
2670 2669 2964 2739 προφήτην
2997 2668 3134 2740 πρὸς
3164 2669 3298 2723 Θεὸν
3340 2667 3823 2739 προϐαλλόμενος,

2212 2757 2308 2811 τοῦ
2339 2758 2415 2829 μὴ
2444 2758 2712 2830 πρότερον
2738 2758 2833 2812 τοῦ
2865 2759 2982 2826 βίου
3022 2760 3345 2826 ὑπεξελθεῖν
3377 2761 3509 2829 πρὶν
3530 2761 3564 2831 ἢ
3599 2760 3692 2815 τὸν
3720 2759 3825 2814 τοῦ

2215 2850 2590 2921 Χρυσόχειρος
2624 2850 2851 2921 ὄλεθρον
2882 2852 3087 2905 ἐπιδεῖν
3112 2851 3207 2905 καὶ
3235 2852 3364 2922 τρία
3396 2850 3524 2921 βέλη
3544 2856 3610 2922 τῇ
3643 2852 3821 2906 αὐτοῦ

2216 2942 2535 3013 καταπῆξαι
2563 2944 2741 3014 μιαρᾷ
2776 2944 3009 3015 κεφαλῇ.
3054 2946 3119 2997 ’Ὀ
3159 2942 3253 2997 καὶ
3304 2944 3529 3011 γέγονεν
3560 2944 3819 3014 ὕστερον.

2214 3036 2305 3106 Τῷ
2333 3035 2441 3106 γὰρ
2475 3038 2685 3091 ἐπιόντι
2714 3038 2894 3109 χρόνῳ
2924 3040 3006 3101 είς
3047 3039 3149 3101 τὰς
3171 3038 3285 3092 τῶν
3314 3039 3607 3109 Ῥωμαίων
3631 3040 3819 3110 ἐμϐα-

514 3123 763 3177 dicebam
793 3122 1133 3192 Chrysochir
1176 3121 1485 3175 Romanam
1522 3123 1784 3177 ditionem
1814 3125 2109 3179 invasisset

2220 3130 2404 3193 λόντος
2435 3128 2620 3203 χώρας
2667 3131 2765 3184 τοῦ
2797 3131 3385 3202 προμνημονευθέντος
3439 3133 3824 3203 Χρυσόχειρος

514 3231 749 3285 eamque
795 3216 1128 3277 devastarel,
1181 3215 1331 3269 misit
1369 3230 1434 3271 ex
1492 3230 1647 3270 more
1702 3215 2004 3285 imperator
2059 3218 2113 3271 in

516 3323 642 3362 eum
690 3306 1007 3361 scholarum
1066 3305 1909 3376 domesticum;,assumptoque
1965 3306 2113 3363 onuii

518 3399 769 3455 Romano
819 3399 1088 3464 exercitu,
1121 3399 1248 3453 licet
1275 3399 1455 3468 palam
1507 3408 1768 3453 conserta
1826 3399 1945 3455 acie
1985 3415 2110 3455 eum

518 3494 613 3546 illo
653 3506 901 3561 pugnare
936 3508 1048 3545 non
1099 3492 1348 3554 auderet,
1375 3490 1595 3544 interim
1636 3499 1817 3544 tamen
1852 3490 2116 3546 Romanis

519 3584 848 3639 cohortibus
872 3599 935 3637 ex
992 3592 1145 3638 certo
1180 3583 1465 3637 intervallo
1523 3584 1977 3655 insequentibus,
2016 3586 2114 3640 ob-

520 3676 705 3731 stabat
742 3691 809 3728 ne
841 3674 969 3728 hinc
1010 3673 1135 3728 inde
1164 3688 1461 3729 excurrere
1487 3690 1550 3728 ac
1588 3673 1824 3743 palando
1856 3690 1951 3743 per
1996 3675 2117 3731 loca

521 3767 760 3837 dispergi
808 3765 1061 3822 auderet.
1089 3766 1225 3821 Cum
1264 3766 1430 3836 igitur
1454 3766 1743 3830 barbarus,
1783 3768 1980 3836 partim
2027 3784 2117 3822 rc-

521 3856 625 3911 bus
656 3872 722 3912 ex
763 3865 893 3910 voto
941 3857 1267 3913 cedentibus
1330 3858 1529 3927 partim
1592 3856 1853 3913 frustrato
1887 3870 2114 3925 conatu,

518 3947 629 4016 jam
662 3948 827 4002 etiam
860 3957 1105 4018 tempore
1146 3958 1400 4014 vocante,
1447 3949 1514 4005 ad
1545 3964 1643 4004 sua
1674 3951 1853 4005 redire
1891 3952 2119 4008 statuis-

521 4048 604 4094 set
644 4041 906 4111 gravique
936 4050 1170 4097 onustus
1204 4043 1384 4110 prazda
1420 4041 1645 4096 domum
1682 4043 1906 4107 rediret,
1952 4044 2117 4099 scho-

520 4134 589 4187 lis
622 4132 909 4202 praefeclus
937 4134 1150 4190 duobus
1176 4134 1435 4197 ducibus,
1484 4150 1720 4203 quorum
1770 4151 1915 4190 unus
1943 4135 2118 4190 Char-

521 4228 693 4282 sianis
751 4228 891 4281 alter
941 4228 1284 4282 Armeniacis
1310 4237 1566 4297 praeerat,
1620 4229 1865 4298 praecipit
1895 4239 1956 4284 ut
1988 4245 2115 4284 cum

523 4320 590 4373 iis
626 4336 765 4389 quas
809 4319 1091 4375 ducebant
1138 4320 1463 4374 cohortibus
1518 4320 1947 4390 Cbrysochirem
1977 4338 2118 4392 pone

523 4423 831 4481 sequantur
889 4428 1065 4481 usque
1112 4411 1179 4465 ad
1224 4411 1732 4481 Bathyrrhyacem;
1775 4412 2031 4482 indeque,
2068 4415 2114 4470 si

2222 3224 2317 3277 καὶ
2350 3223 2554 3285 ταύτας
2585 3224 2938 3294 ληϊζομένου,
2978 3225 3304 3278 ἀποστέλλει
3334 3227 3457 3279 κατ’
3492 3226 3657 3279 αὐτοῦ
3686 3245 3823 3281 συν-

2222 3316 2369 3383 ήθως
2399 3318 2427 3369 ὁ
2466 3317 2719 3386 βασιλεὺς
2752 3316 2844 3370 τὸν
2894 3318 3007 3370 τῶν
3038 3317 3248 3386 σχολῶν
3288 3317 3678 3388 ἐξηγούμενον.
3719 3322 3824 3385 Ὃς

2222 3406 2454 3471 ἐξελθὼν
2486 3407 2531 3438 ⁸⁸
2563 3410 2659 3460 καὶ
2696 3407 2877 3460 πάντα
2913 3408 3006 3461 τὸν
3043 3406 3353 3478 Ῥωμαϊκὸν
3390 3409 3619 3479 στρατὸν
3673 3427 3820 3479 συμ-

2222 3496 2580 3568 παραλαόὼν,
2614 3497 2741 3549 ἐπεὶ
2773 3497 2916 3551 κατά
2950 3498 3246 3568 πρόσωπον
3270 3499 3826 3571 ἐμφανῶςγάντιστῆ-

2222 3606 2314 3645 ναι
2343 3590 2480 3661 πρὸς
2513 3585 2678 3643 αὐτὸν
2717 3590 3025 3652 ἀπεδειλία,
3058 3590 3127 3643 τά
3160 3590 3272 3644 τῶν
3318 3590 3605 3660 Ῥωμαίων
3644 3608 3817 3659 στρα-

2221 3681 2472 3752 τεύματα
2507 3680 2930 3751 συμπαρείπετο
2982 3682 3122 3744 τέως
3173 3681 3323 3752 αὐτῷ
3357 3682 3463 3735 ἀπό
3494 3698 3638 3742 τινος
3691 3680 3814 3733 δια-

2225 3774 2636 3844 στήματος,καὶ
2665 3772 2765 3834 τὰς
2802 3772 3037 3845 μερικάς
3074 3775 3297 3845 ἀνεῖργε
3327 3773 3700 3843 καταδρομὰς,
3719 3775 3821 3825 καὶ

2221 3867 2283 3921 ού
2326 3866 2625 3937 συνεχώρει
2660 3867 2805 3920 κατά
2841 3866 2943 3936 τῆς
2974 3866 3159 3937 χώρας
3184 3867 3353 3927 ἀδεῶς
3376 3865 3822 3920 διασκίδνασθαι.

2237 3960 2325 4024 Ὠς
2373 3955 2467 4014 οὖν
2499 3961 2566 4014 τὰ
2597 3961 2695 4033 μὲν
2738 3960 2885 4031 δρῶν
2918 3962 2989 4015 τὰ
3019 3961 3077 4015 δὲ
3108 3960 3412 4032 ἀπρακτῶν
3455 3961 3482 4013 ὁ
3518 3959 3823 4033 βάρϐαρος,

2222 4050 2458 4121 ήδηοκαὶ
2483 4049 2577 4102 τοῦ
2620 4051 2819 4121 καιροῦ
2848 4050 3145 4114 καλοῦντος
3189 4051 3380 4117 αὐτὸν,
3412 4051 3515 4122 τῆς
3564 4050 3703 4120 πρὸς
3750 4052 3825 4105 τὰ

2221 4142 2399 4195 οἰκεῖα
2424 4143 2688 4197 ἐπανόδου
2720 4145 2968 4215 ἐμνήσθη
2995 4145 3090 4198 καὶ¹
3117 4146 3257 4215 μετά
3287 4145 3437 4209 λείας
3459 4146 3663 4215 συχνῆς
3684 4146 3829 4215 πρὸς

2222 4234 2319 4305 τὴν
2358 4237 2495 4291 ἰδίαν
2516 4239 2701 4309 χώραν
2718 4239 3081 4309 ὑπέστρεφεν,
3101 4238 3347 4310 ἀφώρισε
3373 4240 3468 4292 δύο
3487 4238 3597 4292 τῶν
3625 4256 3831 4309 στρατ-

2222 4329 2371 4399 ηγῶν
2426 4331 2455 4382 ὁ
2499 4330 2607 4384 τῶν
2672 4330 2882 4401 σχολῶν
2931 4331 3302 4402 ἐξηγούμενος
3348 4332 3416 4395 ⁸⁸,
3469 4333 3561 4385 τόν
3619 4349 3678 4384 τε
3723 4332 3829 4385 τοῦ

2223 4421 2537 4491 Χαρσιανοῦ
2593 4425 2688 4476 καὶ
2718 4424 2824 4477 τῶν
2871 4424 3201 4495 Ἀρμενίων,
3264 4424 3405 4496 μετά
3434 4428 3535 4495 τῆς
3567 4426 3695 4493 περὶ
3722 4426 3829 4478 αὐ-

523 4503 750 4572 quidem
779 4503 1044 4558 adversus
1096 4503 1473 4558 Romanorum
1528 4505 1663 4559 lines
1696 4505 1883 4573 copias
1909 4507 2109 4561 inunit-

2223 4513 2349 4576 τοὺς
2379 4514 2665 4584 δυνάμεως
2703 4517 2960 4582 ἕκαστον,
2997 4516 3142 4571 ὥστε
3176 4519 3678 4588 συμπαρομαρτεῖν
3722 4516 3830 4569 καὶ

524 4606 683 4660 teret,
727 4596 777 4649 id
808 4595 1115 4650 domestico
1149 4596 1569 4666 signiﬁcarent:
1605 4598 1689 4651 sin
1726 4608 1879 4653 recto
1920 4600 2119 4655 itinere

527 4689 580 4741 in
614 4704 769 4742 suam
800 4704 860 4743 se
912 4689 1177 4743 latebram
1203 4689 1491 4759 reciperet,
1545 4689 1639 4745 illo
1670 4691 1901 4747 dimisso
1928 4694 1994 4747 ad
2038 4694 2119 4763 ip-

525 4796 648 4835 sum
681 4798 875 4837 rursus
900 4782 1161 4837 redirent.

2226 4609 2529 4678 ὲφέπεσθαι
2564 4610 2644 4678 τῷ
2688 4612 3022 4683 Χρυσόχειρι
3080 4612 3210 4683 ἄχρι
3262 4612 3357 4666 τοῦ
3406 4609 3832 4681 Βαθυῤῥύακος,

2228 4703 2487 4757 κάκεῖθεν
2540 4707 2589 4757 εί
2646 4706 2745 4775 μὲν
2800 4708 3077 4776 ὲπαφήσει
3126 4706 3269 4759 κατά
3330 4704 3440 4758 τῶν
3499 4702 3835 4772 Ῥωμαϊκῶν

2234 4794 2399 4865 ὁρίων
2431 4799 2685 4868 στρατὸν,
2714 4799 2877 4868 δῆλον
2916 4798 3077 4852 τοῦτο
3129 4798 3207 4869 τῷ
3239 4798 3553 4868 δομεστίκῳ
3589 4798 3839 4867 ποιήσαι-

526 4874 674 4940 σθαιι
709 4877 756 4929 εἰ
788 4877 843 4929 δὲ
881 4876 1018 4947 πρὸς
1062 4876 1153 4933 τὸν
1200 4878 1398 4931 οἰκεῖον
1454 4878 1662 4948 φωλεὸν
1688 4881 2108 4955 ἀμεταστρεπτὶ
2146 4887 2380 4958 βαδίζων
2412 4894 2734 4961 εἰσδύνειεν,
2790 4896 3063 4960 ἐάσαντας
3126 4895 3320 4949 τοῦτον
3368 4894 3528 4957 αὖθις
3586 4897 3831 4954 ὲπανελ,

526 4970 639 5023 θεῖν
671 4968 809 5038 πρὸς
838 4970 1023 5023 αὐτόν.

596 5063 687 5117 42.
724 5062 843 5118 Jam
902 5065 1087 5133 itaque
1126 5064 1192 5119 ad
1257 5081 1383 5120 eum
1418 5067 1513 5135 qui
1546 5066 1729 5122 dictus
1760 5074 1845 5124 est
1881 5070 2115 5143 Batbyr-

522 5160 714 5231 rhyari
787 5161 994 5226 locum,
1062 5162 1555 5231 advesperascente
1612 5163 1700 5218 die
1754 5164 2115 5222 barbarorum

525 5254 785 5309 devectus
824 5255 1102 5309 exercitus
1128 5253 1195 5307 ad
1250 5255 1416 5323 pedes
1448 5256 1651 5311 montis
1675 5259 1948 5314 consedit.
2002 5262 2115 5315 Ro-

529 5361 819 5400 manorum
854 5347 1024 5401 duces
1056 5347 1202 5400 illius
1233 5348 1519 5415 superiora
1552 5359 1848 5418 occupant,
1882 5367 1947 5406 ac
1981 5353 2114 5421 quid

527 5447 857 5493 eventurum
911 5440 982 5494 sit
1030 5439 1350 5509 dispiciunt.
1409 5440 1631 5495 interim
1684 5441 1827 5497 inter
1873 5445 2114 5501 duorum

528 5528 834 5584 thematum
870 5531 1098 5597 milites,
1127 5541 1181 5585 et
1228 5532 1482 5585 ordinum
1549 5544 1967 5605 turmarumque
2013 5539 2115 5589 du-

534 5630 715 5680 ctores
743 5640 807 5679 ae
842 5624 1265 5694 manipularios,
1297 5610 1578 5681 contentio
1629 5628 1880 5694 quiedam
1925 5636 1979 5681 et
2014 5644 2116 5696 pu-

2304 5068 2412 5141 μβ’.
2439 5070 2578 5140 Ἤδη
2612 5053 2704 5123 οὐν
2746 5069 2843 5122 τοῦ
2896 5068 3240 5141 βαρϐαρικοῦ
3284 5068 3698 5140 στρατεύματος
3729 5087 3833 5138 γε-

2228 5165 2447 5231 γονότος
2477 5166 2534 5217 ὲν
2565 5162 2806 5233 ἑσπέρας
2838 5162 3015 5232 καιρῷ
3046 5162 3190 5215 κατὰ
3217 5160 3311 5215 τὸν
3345 5160 3688 5232 καλούμενον
3718 5164 3829 5215 Βα-

2229 5260 2516 5329 θυρῤύακα
2545 5257 2640 5310 καὶ
2664 5256 2995 5325 αύλισμένου
3035 5256 3187 5309 κάτω
3218 5254 3359 5327 πρὸς
3390 5254 3490 5326 τὴν
3522 5256 3618 5308 τοῦ
3662 5255 3826 5325 ὅρους

2229 5349 2531 5420 ὑπώρειαν,
2560 5349 2669 5402 τῶν
2729 5347 2787 5400 δὲ
2829 5347 3161 5417 Ῥωμαϊκῶν
3219 5347 3548 5419 στρατηγῶν
3580 5346 3825 5399 καταλει-

2228 5442 2519 5499 ϐόντωντά
2551 5443 2746 5497 τούτου
2797 5441 3181 5513 μετεωρότεροι
3215 5444 3311 5496 καὶ
3340 5442 3403 5494 τὸ
3446 5439 3642 5511 μέλλον
3687 5441 3827 5493 ἁπο-

2227 5538 2595 5602 σκοπούντων,
2625 5535 2893 5607 ἐμπίπτει
2917 5553 3000 5599 τις
3032 5535 3148 5606 ἔρις
3171 5537 3302 5605 περὶ
3333 5534 3445 5588 τῶν
3473 5532 3829 5604 ⁸⁶πρωτείων

2228 5631 2320 5682 καὶ
2355 5629 2557 5698 ἅμιλλα
2604 5630 2717 5691 τοῖς
2748 5628 2854 5682 τῶν
2906 5627 2997 5680 δύο
3032 5627 3285 5697 θεμάτων
3323 5624 3688 5695 στρκτιώταις
3733 5629 3831 5680 καὶ

1839 5719 2073 5774 VARle
2136 5720 2545 5779 LECTIONES.

610 5806 650 5832 ’“
680 5804 737 5864 ὃς
766 5802 995 5888 ὲξξλθὼν
1020 5808 1222 5881 σιωηΡ.
1301 5811 1343 5844 εδ
1380 5811 1761 5882 ἀφηγούμενος
1793 5814 1857 5868 Λ.
1937 5814 1979 5846 3'3
2016 5812 2121 5865 τῶν
2144 5813 2207 5868 Α.
