4144 6414
468 324 567 391 291

1587 318 2101 383 THEOPHANES
2130 319 2691 382 CONTINUATUS.

3663 320 3769 385 292

470 434 721 509 nimirum
740 449 1009 487 nunerum
1028 433 1082 486 in
1105 450 1181 487 me
1197 434 1512 487 aenatorum
1537 434 1693 487 vicem
1716 451 1795 487 me
1816 435 1908 488 tibi
1932 434 2083 491 hodie

2188 451 2298 501 με;
2342 433 2399 485 '0
2429 434 2482 486 δὲ
2508 435 2788 503 συντόμως
2831 431 3135 501 ἀντέφησεν
3170 432 3235 493 ³³,
3269 432 3350 483 ὅτι
3390 431 3509 485 Τῶν
3536 433 3772 502 είιεργε-

471 527 808 579 redditurum
837 524 939 578 Deo
965 525 1089 578 bene
1106 525 1361 594 propitio,
1378 525 1603 593 conﬁdo,
1624 535 1877 593 patrone;
1900 523 2062 594 275

471 622 689 691 ideoque
715 630 852 673 retro
884 629 930 674 te
981 622 1249 691 insequor.
1282 614 1517 675 Praeibat
1571 620 1755 690 itaque
1784 620 1873 674 ille
1902 620 2063 690 quasi

473 722 655 768 mente
685 723 879 784 captus
916 729 980 769 ac
1006 715 1298 779 attonitus,
1332 714 1618 783 desperata
1648 714 1850 777 salute,
1886 728 1948 767 ac
1978 712 2063 766 ni-

473 809 647 860 mium
676 808 945 876 pavidus:
980 806 1213 862 Pulades
1245 806 1519 877 intrepide
1544 806 1851 875 audacique
1879 806 2066 859 animo

473 898 893 968 insequebatur,
939 900 1118 953 donec
1157 899 1224 953 ad
1277 899 1445 952 altam
1494 898 1710 954 foveam
1774 900 2066 953 deventum

472 1000 580 1045 est.
609 992 869 1046 Substitit
900 1007 1098 1061 equus,
1130 1007 1243 1061 pra:
1281 992 1542 1060 voragine
1589 991 1867 1047 transilire
1894 991 2067 1060 trepi-

475 1081 616 1137 dans
645 1082 1023 1152 titubansque.
1072 1081 1327 1151 Dumque
1357 1081 1502 1136 circa
1552 1095 1676 1135 eam
1729 1079 2068 1151 Chrysocbir

475 1173 735 1227 animum
765 1174 1021 1237 intendit,
1056 1173 1185 1228 huic
1214 1174 1455 1229 Pulades
1479 1182 1647 1228 conto
1679 1174 1851 1228 latera
1889 1182 2067 1228 trans-

478 1266 591 1336 ﬁgit
617 1284 630 1330 ;
659 1267 956 1335 statimque
987 1267 1199 1320 doloris
1228 1267 1278 1320 vi
1327 1267 1703 1322 circumactus
1750 1282 1894 1336 equo
1925 1265 2069 1320 deci-

476 1358 578 1411 dit.
608 1355 744 1409 Tum
779 1372 807 1410 e
845 1358 1107 1411 comitatu
1144 1373 1311 1422 unus,
1354 1358 1442 1412 cui
1476 1357 1810 1412 Diaconitza:
1846 1372 2068 1423 nomen,

477 1464 536 1504 se
561 1463 703 1517 equo
738 1449 1045 1518 proripiens
1070 1450 1355 1504 dominum
1380 1452 1682 1522 collapsum
1712 1451 2069 1520 procurabat,

474 1542 709 1611 ejusque
739 1543 920 1611 capite
953 1542 1188 1611 genibus
1222 1545 1339 1599 suis
1372 1545 1635 1614 apposito
1662 1558 1852 1597 casum
1886 1542 2075 1611 deplo-

2166 521 2322 576 σιῶν
2339 539 2478 588 σου,
2525 522 2787 590 πάτρων,
2846 522 2963 590 τὴν
2988 522 3247 591 ἀμοιϐὴν
3289 521 3626 575 ἀποδοῦναί
3671 539 3774 577 σοι

2168 616 2320 670 κατὰ
2348 617 2462 684 τὴν
2487 617 2808 685 παροῦσαν
2826 616 3059 686 ἡμέραν
3076 616 3375 681 πεποιθώς
3398 620 3513 686 ειμι
3538 617 3609 669 ἐν
3624 618 3769 683 Θεῷ,

2168 710 2269 763 καὶ
2298 709 2396 762 διὰ
2445 710 2623 764 τοῦτο
2676 709 3021 763 καταδιὼκω
3074 711 3269 763 ὀπίσω
3317 724 3453 767 σου.
3501 710 3589 773 Ὠς
3621 706 3717 763 οὖν
3745 714 3776 763 ὁ

2174 801 2273 873 μὲν
2305 801 2501 872 προῄει
2532 794 2619 853 οἷα
2654 800 3038 871 βεὸλαμμένος
3078 802 3176 864 τάς
3230 802 3436 871 φρένας
3469 803 3576 855 ὑπὸ
3612 802 3774 866 Θεοῦ,

2170 893 2599 963 ἀπεγνωσμένος
2632 874 2821 947 τεκαὶ
2850 893 3046 957 δειλὸς,
3080 894 3107 945 ὁ
3137 893 3194 946 δὲ
3226 894 3487 963 ἐφείπετο
3520 896 3639 963 μετ’
3674 897 3777 947 εὐ⁹

2170 988 2397 1058 τολμίας
2433 986 2529 1040 καὶ
2589 986 2831 1056 θάρσους
2878 985 3170 1053 νεανικοῦ,
3208 986 3529 1056 ἐντυγχάνει
3574 988 3777 1059 τάφρῳ

2174 1078 2366 1149 βαθείᾳ
2395 1078 2423 1130 ὁ
2467 1077 2817 1149 διωκόμενος,
2848 1078 2914 1148 ἣν
2998 1077 3384 1149 ύπερπηδῆσαι
3412 1080 3440 1131 ὁ
3472 1079 3635 1143 ἵππος
3677 1082 3784 1133 ἐπ-

2176 1170 2384 1224 εδειλία
2412 1170 2458 1201 ’⁵
2506 1187 2565 1223 τε
2596 1171 2690 1223 καὶ
2732 1171 3054 1235 διώκλαζεν.
3090 1170 3318 1243 [P.Hl]
3350 1172 3461 1225 Καὶ
3507 1172 3613 1236 ἕως
3645 1172 3786 1245 περὶ

2174 1264 2381 1334 ταύτην
2408 1266 2435 1317 ὁ
2465 1266 2779 1336 Χρυσόχειρ
2809 1260 2925 1334 εἶχε
2973 1264 3064 1319 τὸν
3113 1265 3260 1333 νοῦν,
3297 1265 3481 1336 βάλλει
3514 1266 3709 1321 τοῦτον
3752 1270 3785 1321 ὁ

2176 1357 2454 1426 Πουλάδης
2512 1358 2686 1427 κοντῴ
2744 1359 2885 1411 κατά
2946 1359 3049 1428 τῆς
3099 1358 3376 1429 πλευρᾶς,
3432 1359 3527 1413 καὶ
3571 1360 3784 1424 εὐθέως

2177 1449 2554 1520 περιδινηθεὶς
2584 1450 2661 1520 τῷ
2692 1449 2973 1521 ἀλγήματι
3006 1451 3287 1523 κατερρύη
3317 1451 3411 1503 τοῦ
3448 1451 3639 1507 ἵππου.
3665 1454 3788 1507 Καὶ

2174 1540 2284 1593 τῶν
2319 1542 2415 1593 σὺν
2441 1540 2590 1611 αὐτῷ
2625 1559 2730 1605 τις,
2774 1535 2819 1609 ᾧ
2853 1542 3211 1613 Διακονίτζης
3254 1537 3322 1612 ἦν
3363 1542 3425 1595 τὸ
3459 1542 3785 1614 ἐπώνυμον,

476 1635 654 1687 rabat.
702 1633 925 1688 Interim
971 1636 1062 1688 alii
1124 1635 1342 1691 Puladae
1372 1646 1759 1703 succrescunt,
1807 1636 2075 1706 equisque

2188 1635 2286 1689 ἀπὸ
2311 1633 2405 1688 τοῦ
2428 1636 2630 1687 οίκείου
2662 1635 2829 1687 ἵππου
2862 1634 3024 1705 ῥίψας
3052 1636 3243 1687 ἑαυτὸν
3272 1635 3595 1705 ἐπιμελείας
3619 1635 3787 1706 ἠξίου

474 1727 791 1782 exsilientes
847 1727 1234 1799 Cbrysochiris
1285 1729 1400 1784 fere
1460 1729 1763 1785 exanimati
1822 1737 1988 1799 caput
2040 1742 2071 1781 a

2188 1728 2269 1783 τὸν
2295 1728 2532 1782 πεσόντα
2555 1729 2846 1799 δεσπότην,
2874 1730 2971 1781 καὶ
3020 1730 3134 1792 τοῖς
3182 1728 3405 1790 οἰκείοις
3436 1730 3622 1797 γόνασι
3678 1730 3791 1801 τὴν

476 1821 691 1875 cervice
721 1821 1015 1874 revellunt.
1051 1821 1423 1876 Diaconittem
1456 1837 1589 1876 vero
1625 1823 1804 1891 ipsum
1839 1834 2064 1891 quoque

2188 1822 2392 1876 ἐκείνου
2424 1822 2668 1892 κεφαλὴν
2695 1797 2904 1883 ἐπίθεὶς
2929 1822 2990 1874 τὸ
3037 1821 3253 1891 ωμῦάν
3301 1821 3643 1892 ἀπωδύρετο.
3688 1797 3791 1879 Ἑν

476 1914 679 1968 vinctis
707 1914 832 1967 aliis
864 1913 1191 1984 adjungunt.
1232 1914 1320 1969 Sic
1375 1929 1514 1985 pene
1566 1914 1811 1968 inaudito
1875 1921 2075 1968 eventu

2188 1913 2422 1984 τοσούτῳ
2465 1914 2521 1967 δὲ
2574 1914 2967 1985 προσγίνονται
3020 1915 3098 1984 τῷ
3152 1916 3403 1988 Πουλάδῃ
3448 1918 3541 1970 καὶ
3574 1916 3791 1989 ἕτεροι,

477 2015 789 2076 ριἰιιιοιηυθ
850 2022 1004 2076 spem
1064 2022 1285 2061 omnem
1353 2008 1644 2062 debellatis
1694 2004 1951 2062 hostibus
2012 2022 2078 2062 ac

2188 2007 2275 2060 καὶ
2312 2005 2707 2076 καθαλλόμενοι
2736 2006 2846 2059 τῶν
2894 2006 3079 2060 ἵππων
3140 2006 3238 2077 τὴν
3269 2008 3315 2040 ⁸⁵
3348 2008 3443 2061 τοῦ
3474 2008 3793 2078 Χρυσόχει-

479 2096 925 2154 Christianorum
988 2099 1226 2153 exaltata
1292 2100 1487 2169 gloria,
1530 2101 1641 2153 cito
1695 2115 1823 2153 cum
1888 2099 2078 2169 gaudii

2188 2116 2276 2170 ρος
2303 2099 2673 2170 ἀποτέμνουσι
2719 2098 2966 2169 κεφαλὴν
2995 2100 3462 2171 λειποψυχοῦντος
3486 2102 3590 2172 ἤδη
3619 2101 3667 2132 ⁸⁸
3684 2102 3795 2154 καὶ

480 2190 688 2245 nuntiis
728 2190 1117 2260 Chrysocltiris
1153 2206 1373 2260 quoque
1401 2200 1567 2260 caput
1596 2192 1916 2260 imperatori
1950 2191 2079 2245 mit-

2188 2192 2638 2263 ἐκλιμπάνοντος,
2693 2192 3243 2260 συγκαταλέγουσιδὲ
3282 2192 3497 2246 καὶτὸν
3525 2192 3789 2246 Διακονί-

481 2282 634 2338 tittir.
667 2281 1005 2337 Versabatur
1036 2284 1127 2337 ille
1156 2299 1253 2353 per
1286 2284 1335 2337 id
1367 2292 1587 2352 tempus
1634 2284 1778 2352 apud
1813 2283 2078 2349 Petrium,

2188 2284 2316 2355 τζην
2349 2285 2558 2337 ἐκεῖνον
2589 2283 2667 2353 τῷ
2704 2283 2814 2335 τῶν
2838 2283 3042 2337 λοιπῶν
3066 2283 3307 2355 δεσμίων
3338 2283 3583 2355 άριθμῷ.
3615 2281 3790 2338 Οὕτω

482 2375 578 2430 ubi
611 2377 1009 2430 monasterium
1039 2386 1180 2443 erat,
1210 2378 1263 2430 in
1301 2392 1410 2447 quo
1436 2378 1559 2446 ejus
1590 2377 1716 2429 tilia:
1734 2376 1959 2445 pietatis
1988 2390 2084 2445 pa-

2188 2376 2240 2429 δὲ
2270 2375 2588 2445 παραδόξως
2618 2376 3189 2446 καταπολεμηθέντων
3219 2375 3329 2429 τῶν
3373 2376 3657 2447 δυσμενῶν
3685 2377 3795 2430 καὶ

482 2467 668 2522 lmstra
699 2467 1122 2522 exercebantur.
1153 2468 1333 2522 Allato
1364 2468 1545 2537 capite
1571 2476 1820 2522 votorum
1850 2482 2080 2521 suorum

2188 2468 2280 2521 τοῦ
2319 2468 2711 2539 Χριστιανικοῦ
2745 2468 3057 2539 ύψωθέντος
3086 2470 3472 2540 καυχήματος,
3499 2468 3795 2540 συντόμως

484 2574 823 2628 precumque
861 2574 1094 2623 memor,
1122 2559 1449 2628 intentoque
1491 2561 1542 2613 in
1572 2574 1698 2613 cum
1732 2574 1858 2613 cum
1901 2559 2082 2631 lacry-

2190 2562 2330 2632 μετά
2356 2562 2465 2616 τῶν
2486 2562 2587 2632 τῆς
2611 2565 2789 2635 χαρᾶς
2808 2562 3060 2631 ἀγγέλων
3089 2563 3634 2632 προσαποστέλλεται
3683 2560 3795 2633 βα-

484 2652 590 2705 mis
621 2655 821 2707 mentis
853 2652 1014 2706 oculo
1046 2654 1139 2721 qui
1188 2650 1320 2706 facit
1351 2652 1518 2722 276
1549 2651 1889 2706 voluntatem
1929 2652 2084 2705 invo-

2190 2652 2329 2705 σιλεί
2358 2654 2389 2722 ή
2425 2652 2521 2707 τοῦ
2554 2654 2924 2725 Χρυσόχειρος
2955 2653 3191 2724 κεφαλή.
3236 2653 3536 2724 Ἐτύγχανε
3583 2653 3641 2707 δὲ
3688 2670 3799 2725 τη-

486 2746 732 2801 cantium
767 2763 921 2811 eum,
963 2744 1144 2801 all'erri
1182 2748 1247 2799 ad
1289 2761 1346 2800 se
1374 2761 1561 2801 arcum
1598 2760 1661 2798 ac
1690 2745 1921 2815 sagittas
1952 2760 2084 2814 prae-

2190 2746 2420 2800 νικαῦτα
2448 2747 2651 2817 διάγων
2678 2747 2823 2801 κατά
2849 2748 2911 2800 τὸ
2954 2749 3185 2819 Πετρίον
3215 2750 3532 2820 λεγόμενον,
3563 2749 3695 2803 ἔνθα
3726 2750 3796 2802 τὸ

485 2839 653 2907 cepit,
706 2839 975 2908 ociusque
1029 2853 1258 2893 nervum
1322 2839 1551 2891 tendens
1588 2846 1698 2890 tres
1747 2852 1776 2890 a
1819 2846 1974 2907 tergo
2026 2838 2079 2891 in

2194 2842 2443 2908 σεμνεῖον
2511 2840 2611 2910 τῆς
2664 2840 2774 2894 τῶν
2833 2840 3053 2893 οἰκείων
3123 2841 3439 2912 θυγατέρων
3501 2840 3797 2913 διατριϐῆς

487 2930 815 2984 sceleratum
855 2939 1018 2999 caput
1050 2932 1280 3001 sagittas
1316 2931 1485 2991 misit.
1524 2945 1587 2983 ac
1622 2944 1688 2983 ne
1724 2929 1776 2983 in
1821 2945 1927 2982 una
1965 2930 2084 2998 qui-

2194 2930 2591 3002 ὲχρημάτιζεν.
2646 2931 2758 2985 Καὶ
2803 2932 2901 3002 τῆς
2956 2932 3202 3003 κεφαλῆς
3246 2933 3710 3005 προσενεχθείσης
3746 2934 3796 2965 ’τ

485 3021 608 3076 dem
639 3022 865 3085 erravit,
887 3024 1027 3077 hanc
1051 3024 1345 3092 quamdam
1381 3024 1678 3091 impietatis
1706 3023 2084 3092 scelerumque

2192 3024 2303 3075 τῶν
2333 3024 2551 3076 οἰκείων
2580 3024 2955 3095 ἀναμνησθεὶς
2989 3026 3335 3096 προσευχῶν,
3384 3026 3479 3079 καὶ
3528 3027 3665 3096 πρὸς
3695 3026 3796 3081 τὸν

486 3114 705 3184 dignam
757 3115 1127 3185 expiationem
1186 3131 1249 3170 se
1315 3116 1392 3169 illi
1457 3115 1720 3170 adhibere
1770 3122 1924 3170 ratus
1988 3129 2084 3179 pro

2198 3115 2461 3170 ποιοῦντα
2484 3118 2544 3171 τὸ
2577 3118 2807 3201 θέλημα
2838 3119 2946 3172 τῶν
2978 3119 3425 3191 ἐπικαλουμένων
3455 3120 3619 3175 αὑτὸν
3650 3121 3799 3188 μετά

486 3207 657 3262 tantis
715 3207 1005 3261 hominum
1066 3206 1340 3271 millibus,
1374 3222 1513 3276 quos
1573 3222 1670 3277 per
1739 3207 1944 3261 multos
2001 3208 2084 3261 sui

2189 3210 2444 3283 δακρύων
2477 3212 2568 3265 τὸν
2595 3212 2693 3283 τῆς
2718 3198 2959 3277 διανοίας
3007 3215 3257 3278 ἐκτείνας
3298 3215 3600 3286 ὀφθαλμὸν,
3630 3216 3795 3283 τόξον

486 3300 832 3370 principatus
882 3315 1061 3354 annos
1113 3298 1449 3369 perdiderat.
1479 3299 1658 3368 Atque
1720 3299 1868 3353 hunc
1924 3300 2084 3352 linem

2188 3302 2473 3379 ἐνεχθῆναι
2495 3304 2591 3356 καὶ
2621 3303 2749 3375 βέλη
2779 3305 3104 3375 προσέταξε,
3129 3308 3225 3360 καὶ
3248 3306 3441 3361 θᾶττον
3471 3309 3570 3378 τὴν
3590 3308 3796 3378 νευράν

486 3394 803 3449 habuerunt
831 3408 922 3447 res
951 3392 1365 3462 Chrysocliiris,
1395 3392 1587 3462 sicque
1614 3394 1841 3447 evanuit
1886 3389 2084 3446 ﬂoren-

2189 3396 2433 3461 ἐντείνας
2473 3396 2518 3428 ⁸⁸
2545 3397 2674 3468 τρία
2705 3399 2846 3454 κατά
2878 3401 2978 3471 τῆς
3009 3401 3359 3472 παλαμναίας
3390 3401 3634 3471 κεφαλῆς
3668 3403 3798 3457 ὀπι-

489 3488 563 3543 tis
603 3495 737 3540 tunc
796 3484 1084 3556 Tephrica:
1142 3484 1418 3553 potentia,
1472 3483 1781 3553 opitulante
1852 3481 2084 3536 Numine

2192 3488 2477 3559 σθοερανῶς
2501 3491 2682 3562 ἀφῆκε
2720 3491 2873 3564 βέλη,
2898 3492 2993 3545 καὶ
3028 3495 3108 3557 είς
3139 3494 3261 3547 οὐδὲ
3290 3494 3351 3547 ἓν
3383 3495 3521 3557 ὅλως
3550 3494 3793 3565 διήμαρ-

491 3581 659 3651 inque
692 3595 803 3634 rem
847 3580 933 3649 pie
969 3578 1292 3648 imperantis
1317 3577 1508 3633 Basilii
1556 3576 1796 3633 assiduis
1826 3575 2084 3646 precibus

2190 3600 2306 3649 τεν,
2362 3583 2697 3655 ἐναγιασμόν
2752 3602 2875 3639 τινα
2929 3585 3119 3640 τοῦτον
3167 3586 3319 3651 ἀξιον
3371 3586 3462 3640 τοῦ
3494 3585 3790 3649 δυσσεόοῦς

489 3675 639 3729 facto
675 3675 936 3743 propitio.

2194 3676 2568 3743 προσαγαγεῖν
2595 3674 2744 3745 αύτῷ
2761 3674 2969 3744 οἰηθεὶς
2984 3676 3107 3729 ἀντὶ
3126 3674 3234 3729 τῶν
3257 3674 3469 3729 πολλῶν
3488 3674 3786 3746 μυριάδων,

489 3768 556 3832 ἃς
581 3769 638 3821 ἐν
669 3766 883 3829 πολλοῖς
932 3770 1032 3835 τῆς
1080 3764 1441 3837 ἐπικρατείας
1485 3763 1652 3819 αὐτοῦ
1683 3763 2073 3835 κατηνάλωσεν
2116 3760 2284 3819 ἔτεσι.
2320 3767 2429 3820 Καὶ
2452 3767 2521 3820 τά
2551 3766 2653 3838 μὲν
2692 3766 2836 3821 κατά
2865 3767 2959 3822 τὸν
2989 3767 3335 3839 Χρυσόχειρα
3398 3768 3492 3821 καὶ
3554 3767 3653 3837 τὴν
3694 3768 3791 3820 ἀν-

492 3863 695 3916 θοῦσαν
716 3862 839 3915 τότε
876 3858 1109 3927 δύναμιν
1130 3860 1230 3930 τῆς
1252 3859 1537 3931 Τεφρικῆς
1583 3856 1837 3914 ,τοιοῦτον
1894 3858 1955 3910 τὸ
2004 3856 2159 3923 τέλος
2203 3858 2423 3925 ἐδέξατο
2450 3860 2745 3933 συνεργείᾳ
2767 3860 2928 3926 Θεοῦ,
2964 3863 3083 3925 ταῖς
3117 3862 3342 3925 πολλαῖς
3372 3861 3602 3924 ἱκεσίαις
3641 3873 3797 3931 καμ·

492 3960 719 4030 φθέντος
748 3955 1033 4010 Βασιλείου
1054 3952 1150 4008 τοῦ
1184 3952 1427 4016 εὐσεϐῶς
1459 3950 1867 4023 βασιλεύοντος.

563 4054 655 4109 ﬂ.
713 4052 833 4108 Jam
888 4066 1017 4107 vero
1064 4053 1184 4106 viro
1245 4050 1447 4121 inclyte
1511 4050 1826 4119 patriarcha
1889 4046 2098 4119 lgnatio

494 4155 684 4204 sancte
740 4146 962 4217 Deoque
1021 4142 1240 4214 placitis
1283 4142 1535 4197 moribus
1587 4141 1696 4195 vita
1760 4138 2093 4209 perfuncto,

495 4240 862 4310 opulentaque
899 4234 1102 4291 canitie
1132 4250 1194 4289 ac
1230 4233 1500 4287 virtutum
1548 4232 1865 4287 obvallunte
1912 4233 2090 4286 choro

496 4336 823 4406 cunctisque
896 4332 1252 4388 laudantibus
1313 4331 1606 4399 virumque
1663 4328 2095 4396 praedicantibus

2274 4047 2379 4118 μδν.
2414 4048 2573 4118 ’Δρτι
2599 4048 2658 4101 δὲ
2709 4046 2804 4101 τοῦ
2836 4048 3085 4119 ἀοιδίμου
3140 4047 3485 4118 πατριάρχου
3528 4047 3796 4116 ἰγνατίου

2200 4139 2366 4201 ὁσίως
2400 4140 2493 4192 καὶ
2525 4137 2838 4208 θεαρέστως
2869 4138 2959 4191 τὸν
3007 4139 3124 4209 βίον
3166 4138 3487 4202 ἀνύσαντος,
3548 4139 3643 4191 καί¹
3689 4138 3799 4191 ὑπὸ

2200 4232 2433 4302 πλουσίᾳ
2487 4235 2555 4303 τῇ
2617 4232 2841 4305 πολιᾷ⁹⁹
2872 4233 2968 4286 καὶ
3017 4234 3085 4303 τῇ
3130 4231 3317 4301 κύκλῳ
3345 4230 3645 4302 δορυφορίᾳ
3684 4229 3800 4284 τῶν

2196 4327 2411 4397 ἀρετῶν
2450 4327 2546 4379 καὶ
2578 4325 2655 4395 τῷ
2695 4324 2851 4396 παρά
2898 4325 3120 4378 πάντων
3150 4325 3490 4395 μακαρισμῷ
3515 4324 3613 4397 τὴν
3646 4340 3798 4396 παρ-

496 4435 639 4491 vivis
663 4440 920 4501 exempto
951 4437 1006 4483 et
1049 4428 1119 4482 ad
1171 4425 1456 4481 meliorem
1497 4426 1667 4478 vitam
1702 4424 1997 4490 translato,
2044 4424 2084 4478 ei

2199 4418 2367 4472 οὖσαν
2402 4418 2815 4487 ¹ἀλλαξαμένου
2870 4417 3019 4489 ζωὴν
3062 4419 3157 4472 καὶ
3202 4418 3487 4483 διαϐάντος
3526 4418 3664 4491 πρὸς
3696 4418 3801 4489 τὴν

498 4542 696 4582 rursus
746 4521 1054 4580 Ecclesiam
1095 4520 1198 4574 rite
1232 4518 1493 4584 reddidit,
1542 4517 1635 4587 qui
1673 4532 1781 4571 non
1842 4517 1942 4570 rite
1992 4517 2084 4572 sibi

2201 4509 2502 4581 ἀμείνονα,
2534 4510 2822 4564 ἀπέδωκεν
2844 4509 2998 4574 αὖθις
3028 4510 3129 4582 τὴν
3164 4509 3490 4582 Ἐκκλησίαν
3512 4509 3691 4573 καλῶς
3717 4509 3804 4579 τῷ

503 4628 629 4673 ante
654 4632 776 4671 eam
808 4614 1095 4669 vindicare
1125 4613 1280 4667 visus
1307 4619 1459 4678 erat;
1512 4611 1866 4681 legitimeqne
1915 4624 1979 4663 ac
2008 4623 2099 4663 ca-

503 4713 703 4770 nonice
729 4708 1207 4782 sapientissimum
1237 4705 1495 4761 Photium
1524 4706 1578 4760 in
1606 4705 1772 4777 regiae
1816 4703 1973 4759 urbis
2001 4717 2101 4757 va-

505 4814 666 4860 cante
695 4803 824 4858 sede
853 4800 1160 4865 constituit,
1206 4798 1525 4870 quanquam
1574 4812 1643 4852 ne
1697 4797 1851 4867 prius
1879 4794 2100 4865 quidem

507 4898 657 4953 omni
681 4912 805 4951 eum
838 4894 1184 4949 humanitate
1204 4893 1457 4962 accipere
1486 4891 1870 4958 honoremque
1898 4887 2102 4941 habere

507 4989 781 5056 cessabat,
810 5004 918 5060 qua
972 4987 1066 5042 ille
1116 4987 1295 5041 omnis
1332 4985 1554 5055 generis
1605 4980 1877 5053 sapientia
1936 4988 2101 5050 atque

506 5085 710 5137 virtute
745 5080 1007 5152 praeditus
1038 5087 1181 5135 erat.
1230 5075 1436 5131 Verum
1470 5088 1788 5145 quanquam
1844 5072 1976 5129 sede
2009 5071 2104 5126 de—

509 5176 789 5240 turbarat,
815 5174 963 5244 quod
1002 5156 1137 5229 sane
1165 5171 1303 5226 nihil
1330 5169 1435 5224 sibi
1458 5168 1693 5238 iustitia"
1722 5166 1877 5222 cultu
1918 5164 2103 5235 potius

509 5284 631 5325 esse
654 5268 890 5331 volebat,
915 5266 1052 5321 nihil
1086 5275 1267 5320 tamen
1297 5262 1444 5334 quod
1466 5260 1707 5317 solandae
1733 5259 1836 5314 viri
1872 5258 2106 5314 fortunae

511 5369 659 5418 esset
687 5359 1001 5415 omittebat.
1037 5355 1196 5413 Unde
1246 5355 1409 5426 277
1438 5355 1599 5409 etiam
1641 5352 1923 5422 assignato
1966 5349 2014 5404 ei
2049 5350 2105 5404 in

513 5455 667 5527 regia
697 5452 1014 5511 habitacula
1044 5452 1347 5508 liberorum
1379 5461 1607 5504 suorum
1638 5444 2010 5501 institutorem
2043 5456 2106 5497 ac

2203 4603 2280 4674 μὴ
2330 4601 2514 4665 καλῶς
2560 4602 2960 4656 ἀντιποιεῖσθαι
3002 4603 3066 4655 τὸ
3116 4603 3385 4674 πρότερον
3430 4601 3665 4666 δόξαντι,
3699 4602 3804 4655 καὶ

2202 4693 2539 4764 κατέστησεν
2564 4693 2807 4763 ἐννόμως
2836 4694 2960 4746 τότε
2984 4694 3084 4747 καὶ
3110 4690 3416 4756 κανονικῶς
3438 4691 3531 4745 τὸν
3550 4688 3806 4759 σοφώτα-

2202 4804 2291 4840 τον
2320 4786 2527 4840 Φώτιον
2558 4787 2650 4838 ἐπὶ
2680 4786 2779 4856 τὴν
2804 4786 3171 4857 σχολάζουσαν
3207 4784 3481 4856 καθέδραν
3519 4784 3617 4854 τῆς
3642 4783 3806 4853 βασι-

2202 4880 2345 4945 λίδος
2370 4879 2477 4934 τῶν
2512 4881 2747 4935 πόλεων.
2787 4881 2861 4935 Ού
2895 4881 3001 4952 μὴν
3030 4880 3151 4934 οὐδὲ
3176 4881 3283 4951 πρὸ
3310 4880 3507 4932 τούτου
3557 4877 3804 4930 διέλειπε

2202 4974 2697 5048 φιλοφρονούμενος
2746 4974 2912 5029 αὐτὸν
2939 4974 3036 5027 καὶ
3064 4973 3245 5044 τιμῶν
3289 4972 3382 5027 διὰ
3429 4972 3529 5041 τὴν
3555 4974 3614 5025 ἐν
3644 4971 3806 5042 αύτῷ

2203 5065 2521 5131 παντοδαπῇ
2552 5066 2745 5133 σοφίαν
2776 5082 2836 5118 τε
2859 5065 2954 5118 καὶ
2987 5064 3212 5135 ἀρετὴν,
3244 5063 3383 5117 ἀλλά
3429 5063 3534 5115 κᾶν
3563 5064 3583 5095 ³
3614 5063 3665 5115 εί
3698 5061 3807 5132 τῆς

2202 5158 2474 5228 καθέδρας
2507 5158 2864 5228 μετέστησεν,
2897 5156 3051 5210 οὐδὲν
3074 5156 3169 5210 τοῦ
3191 5154 3403 5209 δικαίου
3440 5154 3613 5207 θέλων
3642 5154 3806 5221 ἄγειν

2203 5250 2559 5322 ἐπίπροσθεν,
2580 5249 2731 5320 ὅμως
2752 5247 2862 5302 τῶν
2889 5248 2969 5311 είς
2989 5246 3347 5320 παραμυθίαν
3377 5246 3532 5299 οὐδὲν
3553 5244 3804 5299 ἐνέλειπε

2206 5344 2600 5415 παρεχόμενος.
2641 5342 2809 5395 Ὅθεν
2838 5342 2942 5394 κάν
2998 5342 3111 5403 τοῖς
3163 5338 3465 5411 βασιλείοις
3516 5336 3803 5408 διατριϐὴν

2214 5436 2364 5509 αὐτῷ
2387 5436 2514 5500 δοὺς
2541 5435 2650 5489 τῶν
2701 5435 2920 5490 οἰκείων
2954 5434 3165 5489 παίδων
3205 5432 3459 5499 ἀπέδειξε
3505 5429 3807 5500 παιδευτὴν

1806 5623 2041 5679 VARI/ﬁ
2076 5620 2496 5680 LECTIONES.

591 5754 637 5786 "
658 5753 937 5826 ἀπέφησεν
958 5752 1016 5806 Ρ.
1105 5752 1159 5826 _”*
1183 5749 1458 5826 ὑπεδειλία
1476 5749 1514 5826 ?_
1576 5747 1747 5826 ’[τὴν
1782 5741 2010 5826 οηικΡ..
2064 5740 2110 5772 ³⁸
2145 5738 2244 5811 ἤδη
2271 5755 2380 5796 om.
2418 5737 2482 5792 P.
2549 5737 2602 5822 .’_'
2632 5733 3091 5826 προσενεχθείσης
3112 5746 3222 5790 om.
3247 5728 3311 5787 Δ.
3389 5729 3435 5764 ⁸³
3463 5724 3710 5789 ἐκτείνας
3744 5723 3803 5778 P.

523 5825 570 5857 "
595 5813 933 5896 πολιᾷΪᾰκιᾷ
955 5828 1020 5875 Α.
1103 5822 1118 5852 ¹
1151 5820 1457 5875 ποοσοῦσαν
1491 5821 1553 5875 Α.
1631 5820 1650 5850 ²
1685 5813 1813 5885 κᾶν]
1850 5813 1953 5883 μὴν
1986 5814 2046 5865 Α.
