2072 3211
184 163 240 194 993
747 161 822 192 LIB.
844 162 878 192 V.
893 173 926 179 ·-
948 161 1127 192 BASILIUS
1147 163 1310 194 MACEDO.
1781 167 1835 199 29L

183 222 232 248 καὶ
246 219 417 249 διδάσκαλον.
442 220 539 253 Οὕτως
567 219 673 252 οὐδένα,
700 218 762 246 καθ’
780 218 823 254 [Ρ.
840 217 903 254 172]
923 218 985 245 ὅσον

1015 227 1023 248 λ
1038 217 1194 253 disciplinis
1213 220 1382 255 prtefecerat.
1397 220 1433 248 Ita
1451 221 1600 256 neminem,
1615 223 1706 257 quoad
1724 223 1833 252 licebatv

181 265 241 299 οἷός
253 276 282 294 τε
294 265 338 303 ἦν,
358 267 503 303 περιεώρα
521 266 703 301 λυπούμενον,
719 264 788 292 ἀλλὰ
805 266 889 292 πᾶσιν
903 265 985 300 εὐμε-

1038 265 1145 293 mmstis
1158 266 1232 294 illius
1250 267 1333 294 rebus
1349 267 1513 303 uegligebat,
1530 268 1576 295 sed
1591 269 1699 297 cunctis
1718 271 1834 306 benigne

181 314 240 346 νῶς
251 323 281 341 τε
303 314 350 340 καὶ
368 313 518 350 προσηνῶς
535 313 722 349 προσεφέρετο
745 312 793 340 καὶ
812 312 859 338 τὸν
872 313 985 339 δυνατὸν

1036 310 1197 345 placideque
1228 312 1374 345 utebatur;
1405 320 1438 340 ac
1467 314 1568 348 quibus
1595 314 1684 342 modis
1713 320 1831 350 potera'.

180 360 287 396 τρόπον
302 360 352 386 οὐκ
364 359 464 394 ἡμέλει
483 359 745 395 παραμυθούμενος.

709 367 745 391 νς,
1037 357 1113 384 omni
1128 357 1220 384 studio
1232 358 1355 386 levamen
1371 359 1527 388 adhibebat.

222 405 275 441 με’.
291 405 371 432 Ἀλλὰ
386 405 491 441 καίπερ
504 406 574 432 οὕτω
586 405 729 440 πατρικῶς
740 414 770 432 τε
781 405 829 432 καὶ
840 405 984 441 κηδεμονι-

1073 401 1119 429 45.
1138 402 1300 438 Quanquam
1318 412 1383 431 vero
1406 405 1446 432 sic
1463 407 1549 440 patris
1573 406 1745 434 humanitate
1769 415 1828 441 erga

182 451 243 482 κῶς
258 451 327 487 πρὸς
346 452 410 482 τοὺς
437 452 491 478 ὑπὸ
510 453 588 487 χεῖρα
607 451 805 486 διατιθέμενος,
824 450 896 487 εἶχεν
910 452 986 486 ὅμως

1037 448 1164 476 subditos
1177 447 1346 476 afﬁciebatur
1365 457 1518 486 eorumque
1531 452 1629 480 sedulo
1644 460 1738 479 curam
1753 460 1828 487 gert:-

183 497 250 526 τοὺς
271 496 433 531 μισοῦντας,
452 497 554 531 μᾶλλον
578 497 606 523 δὲ
624 496 788 531 φθονοῦντας
806 497 852 524 καὶ
872 496 984 523 ἐπιϐου-

1037 494 1094 526 bat,
1111 502 1166 522 non
1185 494 1333 523 defuerunt
1350 501 1439 524 tamen
1455 498 1500 532 qui
1519 505 1582 525 eum
1605 498 1669 526 odio
1685 498 1830 531 baberent.

183 542 316 573 λεύοντας
328 542 411 569 αὐτοῦ
422 543 456 578 τῇ
470 542 538 578 ζωῇ.
549 543 578 569 '0
591 542 645 578 γὰρ
653 542 725 570 οὕτω
737 542 884 577 λεγόμενος
897 543 985 577 Κουρ-

1037 547 1086 567 seu
1118 540 1211 575 potius
1228 541 1275 576 qui
1307 541 1462 570 inviderent
1481 551 1514 571 ac
1534 544 1596 572 vitae
1623 545 1829 573 insidiarentur.

186 589 271 620 κούας
286 589 340 615 ὑπὸ
355 588 472 615 πλούτου
490 589 537 616 καὶ
551 590 657 625 τρυφῆς
673 588 831 625 ἐξυϐρίσας,
847 588 885 621 ὡς
900 588 983 621 ἔοικε,

1037 586 1105 614 Nam
1116 587 1252 619 Cureuas,
1265 595 1346 622 quem
1363 594 1473 623 vocant,
1489 590 1587 625 opibus
1603 591 1765 627 deliciisque
1776 592 1831 620 las-

189 635 347 670 τυραννίδος
367 635 428 671 ἐρᾷ,
451 635 500 662 καὶ
522 636 681 672 ὁμοφρόνων
699 636 804 671 πληθὺν
825 635 983 671 συνωμότας

1038 631 1143 660 civicus
1170 634 1354 668 tyrannidem,
1375 640 1403 662 ut
1421 643 1469 670 par
1494 641 1544 668 est,
1560 636 1714 670 aﬂ‘ectahat,
1734 638 1831 673 adjun-

189 681 281 709 λαϐὼν
296 682 393 717 καιρὸν
408 681 500 717 ἐζήτει
512 683 560 717 τῆς
575 682 734 714 ἐπιθέσεως.
759 683 803 714 Ὠς
815 682 844 709 δὲ
855 682 909 718 πρὸ
922 682 984 708 τού-

1038 684 1137 713 c1aque
1165 679 1373 714 conjuratorum
1407 681 1467 715 pari
1504 683 1661 710 animorum
1692 691 1830 712 consensu

189 736 239 754 του
257 728 291 754 τὰ
299 728 350 762 τῆς
364 729 501 763 συσκευῆς
513 728 542 761 ἐξ
551 728 609 761 ἐνὸς
620 729 674 756 τῶν
686 729 849 764 συνωμοτῶν
862 728 985 764 ἐμηνύθη

1038 726 1118 751 turba
1135 725 1327 760 aggredienda!
1348 727 1387 753 rei
1404 729 1580 756 commodum
1610 734 1718 764 tempus
1733 738 1830 765 exspe-

187 775 228 811 τῷ
256 775 372 809 βασιλεῖ,
398 775 591 810 παραδίδονται
619 777 675 807 τοῖς
698 776 792 811 νόμοις
812 776 837 802 oi.
859 775 983 811 πονηροί.

1037 771 1139 798 ctabat.
1156 771 1216 799 Uno
1230 775 1321 800 tamen
1337 780 1370 800 ex
1385 774 1538 807 conjuratis
1550 780 1612 802 ante
1625 777 1830 810 aggressionem

193 820 276 847 Ἀλλὰ
292 821 374 848 πάλιν
390 822 407 856 ἡ
430 821 478 847 τοῦ
498 821 621 856 γενναίου
646 822 780 857 βασιλέως
793 821 986 857 φιλανθρωπία

1040 817 1191 845 instructas
1209 818 1247 845 illi
1265 820 1407 854 detegenle
1421 820 1547 853 insidias,
1565 822 1709 850 traduntur
1722 823 1829 859 legibus

186 866 240 901 τὴν
256 867 311 892 τῶν
328 866 418 901 νόμων
431 867 584 902 αὐστηρίαν
601 867 775 903 παρέθραυεν
796 867 844 893 καὶ
858 867 907 899 τὰς
923 876 985 894 ποι-
1000 899 1004 904 Ι

1012 900 1020 904 _
1039 864 1174 891 scelerati.
1199 864 1300 892 lterum
1318 870 1410 893 tamen
1438 869 1563 902 generosi
1582 870 1755 904 imperatoris
1775 871 1830 898 cle-

186 899 238 943 νᾶς
255 899 423 947 ἐμετρίαζε·
447 912 489 938 διὸ
503 899 551 938 τοῦ
575 899 793 947 προεξάρχοντος
816 913 984 945 ὲκκοπέντος
1000 899 1004 927 1

1011 899 1022 927 3
1038 910 1140 937 meutia
1170 910 1260 945 legum
1288 899 1461 939 severitatem
1479 899 1629 948 tantisper.
1641 915 1777 950 mitigavit
1797 924 1829 943 ac

185 958 251 989 τοὺς
268 957 437 993 ὀφθαλμοὺς,
465 958 490 984 οἱ
504 958 594 985 λοιποὶ
618 958 663 985 διὰ
691 958 747 986 τῶν
769 959 809 990 είς
830 959 861 985 τὺ
878 959 888 974 ³
906 959 985 995 σῶμα

1036 963 1133 991 penus
1152 957 1295 984 moderata
1312 962 1364 985 est.
1382 957 1515 987 Excussis
1533 960 1625 994 itaque
1640 962 1729 988 oculis
1743 963 1766 989 ei
1782 963 1828 997 qui

185 1004 305 1039 πληγῶν
315 1004 363 1031 καὶ
384 1004 434 1040 τῆς
450 1004 626 1039 ἀφαιρέσεως
639 1004 694 1032 τῶν
708 1006 811 1041 τριχῶν
827 1006 985 1041 φιλανθρώ-

1036 1006 1134 1029 auctor
1155 1003 1356 1038 conjurationis
1370 1005 1521 1038 exstiterat,
1537 1006 1635 1041 reliqui
1650 1007 1760 1035 inﬂictis
1772 1016 1829 1035 vcr-

178 1057 250 1082 νπως
268 1049 492 1083 ἐσωφρονίζοντο.
516 1047 571 1076 Καὶ
589 1047 663 1077 οὗτοι
680 1050 731 1085 μὲν
745 1050 832 1083 οὕτως
842 1053 985 1087 πατρικῶς

1036 1048 1147 1075 beribus
1175 1048 1366 1084 ademptisque
1390 1050 1496 1085 capillis
1523 1051 1670 1080 humanius
1701 1053 1827 1088 castigati

189 1093 294 1129 μᾶλλον
317 1094 517 1130 ῆὸεσποτικῶς
542 1096 612 1132 πρὸς
643 1096 675 1123 τὸ
704 1097 875 1133 καθεστηκὸς
898 1099 984 1126 ἐπαν-

1036 1097 1112 1122 sunt.
1127 1094 1166 1121 Ac
1180 1095 1217 1121 illi
1233 1095 1343 1130 quidem
1360 1096 1385 1123 in
1399 1103 1461 1123 eum
1482 1098 1592 1124 modum
1611 1103 1723 1133 paterna
1742 1100 1827 1134 magis

180 1139 303 1178 ‘ﬁ'royso.
1036 1140 1205 1176 indulgentia
1221 1149 1302 1176 quam
1325 1142 1403 1169 herili
1422 1143 1568 1171 severitate
1591 1144 1624 1171 ad
1648 1144 1766 1172 ollicium
1783 1153 1829 1173 sa-

1036 1186 1196 1222 nioremque
1212 1192 1330 1215 mentem
1345 1194 1409 1216 sunt
1427 1189 1543 1216 reducti.

227 1239 287 1271 μετ’.
304 1236 389 1264 Δὺτδν
406 1236 434 1263 δὲ
447 1236 497 1263 οὐκ
514 1236 559 1263 εία
573 1236 718 1264 καθεύδειν
733 1238 750 1273 ἡ
761 1237 833 1273 ὑπὲρ
845 1238 901 1265 τῶν
915 1238 984 1266 ὅλων

1070 1234 1115 1262 46.
1134 1234 1279 1262 Enimvero
1298 1243 1460 1264 communes
1489 1237 1528 1264 rei
1560 1237 1676 1272 publica
1697 1246 1780 1271 cum,
1802 1243 1828 1267 et

185 1278 301 1318 ’φροντὶς
324 1283 374 1310 καὶ
395 1283 432 1309 τὰ
455 1282 495 1310 ἔτι
509 1283 640 1318 περιλιπῆ
652 1283 784 1319 τρόπαια.
806 1284 897 1318 Ἀλλὰ]
909 1285 985 1321 πρῶ-

1035 1288 1096 1315 quae
1123 1281 1312 1315 superioribus
1347 1287 1447 1317 tropaea
1478 1284 1621 1311 restabant
1655 1284 1826 1319 adjicienda,

192 1336 240 1355 τον
255 1328 304 1364 μὲν
314 1329 343 1355 τὸ
354 1329 469 1356 πλεῖστα
482 1331 533 1365 τὴν
548 1329 708 1365 Ῥωμαϊκὴν
720 1331 897 1366 ἐπικράτειαν
911 1332 984 1367 ὠφε-

1035 1335 1148 1355 somnos
1179 1328 1203 1354 ei
1230 1328 1405 1356 divellebant.
1425 1328 1524 1356 Verrini
1555 1331 1673 1365 primum
1706 1336 1826 1359 castrum

189 1374 254 1402 λοῦν
268 1375 440 1411 ὀχυρώτατον
456 1375 585 1411 κάστρον,
601 1376 632 1403 τὸ
649 1376 751 1403 Λοῦλον
772 1377 931 1413 λεγόμενον,
949 1380 982 1414 τῇ

1035 1372 1133 1401 Lulum
1154 1373 1286 1401 Romana:
1298 1375 1335 1402 rei
1353 1375 1543 1409 utilissimum,
1568 1376 1656 1411 ipsum
1678 1378 1829 1406 munitissi-

180 1413 317 1458 ‘tpeaaéon
344 1423 460 1457 περιττῇ
492 1422 614 1459 ῥᾳθυμίᾳ
640 1424 688 1450 καὶ
705 1424 738 1459 τῇ
766 1423 821 1451 τῶν
836 1413 983 1452 λυσιτελῶν

1035 1427 1123 1452 mum,
1152 1420 1326 1455 superiorum
1364 1426 1519 1455 temporum
1548 1423 1671 1457 projecta
1702 1423 1827 1452 vecordia

187 1467 321 1503 ὀλιγωρίᾳ
338 1466 488 1503 αὔτανδρον
500 1467 511 1483 ⁸
531 1468 607 1503 παρὰ
624 1468 679 1495 τῶν
698 1468 857 1505 ’Δγαρηνῶν
879 1470 983 1505 ληφθὲν

1034 1472 1186 1500 eorumque
1199 1466 1324 1501 neglectu
1338 1474 1399 1501 quzc
1410 1474 1425 1493 e
1438 1474 1466 1494 re
1482 1468 1622 1495 communi
1638 1469 1722 1504 273
1737 1469 1828 1497 forent

189 1513 236 1539 καὶ
245 1513 289 1540 διὰ
301 1513 352 1548 τὴν
367 1513 422 1540 ἀπὸ
438 1513 485 1540 τοῦ
501 1514 586 1540 τόπου
606 1514 758 1549 ἀσφάλειαν
781 1515 919 1551 ὀχυρωθὲν
935 1516 983 1543 καὶ

1035 1519 1097 1539 cum
1112 1511 1186 1538 omni
1200 1511 1400 1546 oppidanorum
1416 1513 1495 1540 turba
1509 1513 1542 1539 ab
1555 1513 1687 1548 Agarenis
1705 1521 1826 1550 captum,

176 1559 388 1598 κρατούμενον,
402 1561 434 1595 τῇ
450 1560 539 1596 οἰκείᾳ
554 1560 662 1587 συνέσει
682 1561 729 1587 καὶ
742 1562 889 1598 ἐπιμελείᾳ
903 1564 917 1589 ὁ
934 1563 983 1597 βα-

1009 1576 1019 1605 1
1035 1559 1126 1593 obque
1155 1558 1207 1585 loci
1236 1558 1411 1585 securitatem
1429 1559 1462 1586 iis
1481 1559 1617 1585 munitum
1634 1567 1667 1586 ac
1698 1561 1827 1595 praesidio

184 1605 279 1637 σιλεῑος
291 1606 339 1632 καὶ
360 1605 399 1641 τῷ
413 1606 523 1641 ἀφθόνῳ
537 1606 591 1633 τῶν
611 1606 734 1642 δωρεῶν,
751 1607 838 1635 πειθὼ
855 1608 902 1635 καὶ
920 1609 982 1644 βίαν

1008 1604 1011 1605 ⁷
1036 1608 1188 1636 serratum,
1205 1604 1350 1638 prudentia
1363 1611 1413 1632 sua
1429 1612 1462 1631 ac
1475 1612 1539 1632 cura
1553 1605 1713 1640 imperator,
1729 1615 1826 1635 mune-

176 1647 373 1688 ’προσαγαγὼν
390 1653 412 1684 ⁵,
436 1653 485 1687 τῆς
502 1651 676 1688 βαρὸαρικῆς
699 1654 877 1688 ἐπικρατείας
917 1664 982 1689 μετ-

1036 1657 1152 1685 rumque
1171 1650 1260 1684 copia,
1286 1657 1340 1684 qua
1366 1650 1390 1677 vi
1417 1658 1471 1685 qua
1489 1651 1626 1684 suasione,
1644 1652 1826 1681 Barbarorum

182 1698 287 1733 ἔστησε
302 1698 433 1734 καὶπρὸς
459 1698 510 1735 τὴν
534 1699 672 1735 προτέραν
697 1699 821 1732 ἐξουσίαν
841 1701 896 1729 τῶν
913 1701 982 1729 Ῥω-

1036 1695 1134 1723 ditioni
1154 1696 1278 1723 excussit
1293 1696 1473 1731 Romanoque
1489 1697 1606 1732 imperio
1620 1698 1721 1726 iterum
1734 1699 1826 1734 subje-

175 1742 276 1779 μαίων
296 1745 454 1779 μετήγαγεν
469 1744 495 1777 Ἴ·
514 1744 561 1780 ἀφ’
580 1741 611 1772 οὗ
626 1744 716 1772 καὶτὸ
731 1746 852 1778 Μελοῦος
865 1747 982 1783 κάστρον

1035 1742 1082 1769 cit.
1099 1741 1137 1768 Ex
1154 1749 1209 1777 quo
1223 1746 1250 1768 et
1262 1747 1383 1769 castrum
1400 1741 1507 1771 Meluus
1522 1751 1551 1771 se
1571 1744 1608 1771 illi
1634 1750 1731 1779 sponte
1752 1746 1827 1773 dedi-

176 1784 254 1825 ‘1':pr
269 1790 353 1817 αὑτὸν
371 1790 506 1823 ἑκουσίως
520 1791 650 1826 μετέθετο
667 1792 714 1819 καὶ
733 1792 868 1829 δεσπότην
884 1794 980 1821 ἑαυτοῦ

1035 1788 1084 1821 dit,
1101 1787 1299 1823 dominumque
1317 1788 1508 1823 imperatorem
1525 1791 1645 1825 agnovit.
1661 1791 1827 1820 Manichmo-

177 1831 231 1880 Labv
256 1837 449 1872 αὐτοκράτορα
475 1837 670 1873 ἀνηγόρευσεν.
695 1838 750 1874 Τὴν
765 1839 793 1865 δὲ
816 1839 871 1866 τῶν
892 1841 981 1867 Μανι-

1036 1843 1095 1862 rum
1122 1835 1219 1863 urbem
1238 1835 1426 1863 Calabatalam
1450 1836 1564 1870 dictam,
1587 1845 1621 1865 eo
1637 1842 1758 1873 tempore
1779 1847 1827 1874 per

186 1883 274 1918 χαίων
302 1883 378 1910 πόλιν
403 1883 476 1919 τὴν⁷
502 1884 688 1912 Καταὸάταλα
709 1885 881 1921 καλουμένην
910 1887 982 1914 κατὰ

1035 1882 1119 1910 duces
1135 1889 1201 1909 suos
1214 1881 1327 1909 excidit.
1346 1881 1404 1910 Non
1419 1883 1458 1910 sic
1475 1887 1565 1911 tamen
1584 1884 1737 1912 delectabat
1753 1886 1825 1920 quod

186 1928 238 1966 ab»:
253 1929 348 1963 καιρὸν
370 1930 473 1956 ἐκείνου
491 1930 535 1957 διὰ
547 1929 602 1956 τῶν
616 1930 727 1957 οίκείων
748 1932 910 1967 στρατηγῶν
939 1933 981 1965 ἐξ-

1035 1935 1085 1962 per
1109 1928 1179 1953 alios
1196 1928 1286 1954 excisa
1306 1932 1380 1954 esset
1412 1933 1493 1962 atque
1519 1929 1636 1964 direpta,
1653 1939 1684 1958 ac
1713 1932 1827 1959 moleste

197 1973 360 2008 επὸρθησεν.
382 1975 491 2002 ’Δλϊοὺ
519 1975 646 2003 τοσοῦτον
672 1977 754 2004 αὐτὸν
780 1979 797 2013 ή
824 1972 859 2004 δι’
878 1979 980 2014 ἑτέρων

1035 1973 1153 2001 habebat
1170 1973 1242 2006 quod
1260 1980 1314 1999 non
1339 1973 1397 2000 suis
1414 1974 1471 2008 ipse
1498 1975 1638 2002 laboribus
1652 1982 1752 2011 tropa-:1
1772 1979 1825 2004 eri-

196 2019 328 2053 πρόθεσις
341 2020 350 2035 ⁸
365 2019 513 2056 εὖψραινεν,
533 2022 596 2049 ὅσον
613 2023 624 2039 ⁹
638 2023 703 2057 ἠνία
722 2023 752 2050 τὸ
765 2023 786 2039 ¹⁹
808 2024 845 2059 μὴ
860 2025 917 2055 τοῖς
932 2024 980 2050 αὺ-

1035 2019 1123 2055 gebat.
1135 2018 1240 2044 Rursus
1252 2018 1353 2052 itaque,
1362 2026 1504 2053 assumpto
1515 2020 1696 2048 Constantino
1709 2023 1824 2050 titiorum

190 2066 241 2092 τ.ῦ
257 2065 350 2097 πόνοις
376 2069 417 2093 καὶ
432 2068 566 2100 κινδύνοις
586 2069 620 2095 τὰ
638 2070 756 2104 τρόπαια
779 2070 914 2097 ἵστασθαι.
930 2071 980 2098 Διὰ

1034 2068 1100 2092 natu
1114 2063 1243 2095 maximo,
1258 2067 1286 2089 ut
1301 2068 1429 2097 tanquam
1453 2072 1586 2098 generoso
1602 2067 1693 2093 catulo
1708 2068 1825 2096 hostium

188 2113 271 2140 τοὶτο
295 2111 372 2146 αὖθις
394 2117 440 2142 καὶ
457 2117 476 2131 ¹¹
498 2116 704 2143 Κωνσταντῖνον
728 2117 773 2144 τὸν
800 2117 909 2153 πρῶτον
926 2118 981 2145 τῶν

1035 2111 1060 2139 ei
1077 2111 1159 2138 caedis
1175 2114 1286 2145 gustum
1300 2109 1422 2142 faceret,
1438 2111 1561 2145 artisque
1575 2113 1701 2141 militaris
1719 2121 1825 2142 necnon

188 2160 257 2186 υἱῶν
273 2160 504 2196 προσλαϐόμενος,
520 2162 557 2194 ὡς
574 2161 608 2189 ἂν
621 2163 703 2189 αὑτὸν
720 2161 765 2189 οἷα
775 2164 897 2197 γενναῖον
914 2164 980 2191 σκύ-

1035 2157 1115 2185 fortis
1126 2156 1293 2190 audacisque
1306 2156 1389 2183 animi
1406 2156 1477 2184 inter
1492 2158 1614 2192 pericula
1631 2159 1688 2195 ipse
1704 2161 1740 2187 illi
1757 2169 1826 2196 pric-

186 2206 258 2232 λακα
270 2206 409 2241 πολεμίων
434 2207 521 2243 γεύσῃ
538 2207 621 2241 φόνου
636 2208 684 2234 καὶ
709 2209 790 2241 αὐτὸς
812 2209 887 2244 αὑτῴ
909 2210 981 2237 διδά-

1035 2208 1130 2240 ceptor
1144 2203 1225 2236 foret,
1240 2203 1287 2231 illo
1299 2203 1401 2232 comite
1416 2204 1552 2232 adversus
1567 2204 1672 2241 Syriam
1686 2208 1825 2242 profectus

190 2252 288 2284 σκαλος
308 2253 363 2279 τῶν
385 2253 524 2280 τακτικῶν
543 2254 589 2280 καὶ
603 2254 650 2280 τοῦ
665 2254 735 2290 πρὸς
754 2255 817 2286 τοὺς
839 2255 981 2288 κινδύνους
997 2257 1021 2285 D
1034 2255 1076 2279 εει
1090 2259 1097 2284 ;
1115 2250 1285 2284 νειιῖεηδςιιο
1295 2248 1462 2283 (ἷκεπεῧιπι
1480 2257 1542 2285 quae
1557 2250 1590 2277 ad
1606 2251 1724 2287 Ᾱτεθυῐη
1745 2261 1825 2280 m0“-

189 2298 338 2333 εὖθαρσοῦς
361 2300 577 2335 παραστήματος
598 2300 723 2335 γένηται,
745 2301 793 2327 σὺν
813 2301 888 2337 αὐτῷ
910 2303 981 2329 κατὰ

1034 2301 1088 2323 tem
1106 2300 1158 2328 est,
1181 2294 1298 2330 prima
1310 2293 1505 2328 Cappadocum
1530 2295 1637 2329 urbem,
1652 2304 1741 2333 exque
1754 2298 1825 2326 mili-

185 2343 287 2378 Συρίας
316 2343 462 2379 ἐξώρμησε
480 2345 512 2377 ι’,
536 2345 584 2371 καὶ
609 2345 658 2380 τὴν
682 2346 750 2382 πρὸς
772 2345 811 2381 τῷ
842 2346 943 2382 ’ᾼργὲᾳ
961 2348 982 2364 ¹³

1033 2343 1086 2370 tari
1102 2342 1211 2369 ratione
1224 2347 1290 2368 suos
1304 2347 1448 2372 exercens,
1463 2341 1588 2379 avulsam
1607 2350 1640 2369 ex
1654 2343 1694 2371 eis
1710 2345 1825 2373 selecto-

184 2390 362 2425 Καισάρειαν
377 2390 425 2425 τὴν
436 2390 549 2426 πρώτην
562 2390 618 2418 τῶν
629 2391 824 2418 Καππαδόκων
838 2392 918 2420 πόλιν
932 2402 982 2419 κα-

1031 2396 1093 2416 rum
1126 2392 1229 2423 partem
1255 2386 1330 2414 velut
1342 2386 1471 2413 rimatum
1500 2395 1533 2415 ac
1547 2389 1718 2422 speculatum
1735 2391 1824 2426 regio-

182 2436 326 2469 ταλαεὼν,
347 2436 390 2473 ίΡ.
408 2437 470 2472 175]
486 2438 533 2464 καὶ
548 2438 686 2470 τακτικῶς
701 2438 747 2465 τὸν
764 2439 810 2466 ὑπ’
829 2440 911 2466 αὑτὸν
938 2439 982 2473 ἑξ-

1032 2442 1093 2462 nem
1110 2433 1263 2469 praemisit:
1279 2433 1338 2470 ipse
1357 2440 1419 2460 cum
1436 2434 1512 2468 gravi
1539 2434 1634 2462 militia
1662 2443 1735 2470 pone
1758 2437 1823 2471 ibat,

183 2484 304 2515 οπλίσας
327 2484 391 2510 λαὸν
404 2484 580 2518 λ.ογάδων,ὶκ
608 2485 712 2512 τούτων
739 2486 836 2521 μοῖραν
859 2485 981 2521 ἀπέτεμε

1033 2486 1064 2508 ut
1084 2479 1218 2515 pugnacis
1232 2479 1309 2507 ensis
1326 2479 1416 2507 vivida
1437 2480 1525 2515 magis
1539 2481 1627 2509 virtus
1645 2482 1763 2517 prmiret,
1782 2490 1826 2511 so-

183 2531 233 2557 καὶ
250 2529 291 2561 ὡς
317 2529 547 2565 προδιερευνητας
571 2529 619 2557 καὶ
635 2530 802 2566 πρώιόπτας
826 2530 981 2566 ἔμπροσθεν

1032 2527 1115 2555 lidior
1128 2530 1300 2561 sequeretur.
1310 2525 1432 2554 Desertis
1445 2526 1485 2554 illi
1497 2526 1573 2554 brevi
1587 2529 1734 2563 superatis,
1748 2536 1826 2557 arces

182 2575 375 2609 ἐξαπέστειλε,
392 2576 439 2603 καὶ
467 2575 584 2603 κατέπιν
606 2576 688 2608 αὐτὸς
710 2576 779 2611 μετὰ
799 2576 849 2611 τῆς
869 2577 983 2612 βαρείας

1034 2573 1253 2602 Psilocastellum
1280 2577 1307 2599 et
1339 2571 1603 2601 Paramocastellum
1639 2574 1823 2610 diripuerunt,

183 2623 332 2658 δυνάμεως
355 2623 460 2655 εἵπετο,
473 2623 519 2650 ἵνα
540 2623 654 2659 ἐνεργοῦ
675 2623 813 2659 μαχαίρας
837 2623 938 2658 ἡγῆται
953 2624 983 2651 τὺ

1034 2620 1118 2655 inque
1144 2619 1204 2646 illis
1222 2617 1306 2653 279
1320 2622 1443 2653 repertos
1459 2619 1584 2654 captivos
1602 2620 1752 2649 duxerunt.
1771 2623 1825 2650 Ad-

183 2668 388 2703 ἀκμιιάτατον,
404 2669 435 2695 τὸ
457 2668 486 2695 δὲ
501 2668 542 2695 ἔτι
556 2668 758 2703 στισαριῖντερον
781 2668 983 2703 ἀπελαύνηται.

1034 2665 1204 2694 ventantium
1220 2665 1362 2699 copiarum
1380 2669 1453 2692 metu
1479 2666 1604 2694 exterriti
1632 2666 1758 2696 Phalacri
1780 2677 1826 2697 ca-

185 2715 218 2742 υἳ
231 2715 282 2747 τὰς
301 2715 427 2751 ἐρήμους,
440 2714 526 2748 ὀξέως
546 2714 742 2750 διαδραμόντες
757 2714 791 2741 τὰ
805 2714 935 2750 φρούρια,
950 2714 981 2741 τό

1036 2713 1086 2740 stri
1102 2712 1198 2740 incolae
1213 2716 1310 2746 sponte
1331 2711 1489 2747 imperatori
1503 2712 1669 2741 deditionem
1691 2714 1825 2744 fecerunt.

825 2802 944 2830 νΑιιιιιΕ
969 2802 1175 2830 LECTIONES.

219 2866 271 2893 ιτδ
285 2873 341 2894 om.
360 2865 391 2893 Ρ.
432 2863 444 2879 ⁵
471 2862 619 2898 ἄντανδρον
633 2863 675 2904 Α..
717 2862 727 2877 ⁸
749 2862 896 2897 προσάγων
934 2860 965 2888 Ρ.
1025 2861 1036 2876 ⁵
1052 2861 1209 2922 κατιὲὶγαγεν
1306 2859 1378 2908 ⁷.τὴν
1397 2859 1500 2911 οξξκΡ.
1556 2861 1567 2877 ⁸
1580 2861 1714 2898 πόρθησις
1733 2869 1826 2898 margo

219 2902 302 2922 lmlmr
349 2902 359 2917 ι
379 2902 447 2922 ὅπου
468 2905 525 2922 om.
545 2899 577 2922 Α.
628 2898 649 2914 ὀ
665 2897 761 2922 mia-.0
783 2896 820 2922 wh
832 2896 885 2922 AP.
940 2898 959 2912 “
979 2895 1036 2922 καὶ]
1049 2896 1093 2922 τὸν
1132 2917 1139 2922 .
1180 2897 1201 2912 ¹²
1217 2895 1378 2922 manucla-1‘.
1464 2896 1574 2922 Λογέτα
1588 2898 1620 2922 Δ.

184 2901 308 2931 Combel‘.
349 2902 359 2917 '
379 2902 447 2928 ὅσον
468 2905 525 2926 om.
544 2895 578 2927 Αξ
628 2898 649 2914 ¹⁹
665 2895 820 2932 ἠνιᾶτομὴ
832 2896 885 2924 AP.
940 2898 959 2912 “
979 2895 1036 2931 καὶ]
1049 2896 1093 2923 τὸν
1109 2895 1139 2924 Ρ.
1180 2897 1201 2912 ¹²
1217 2895 1378 2931 ὥρμησε-Ρ.
1418 2896 1439 2911 ¹³
1457 2896 1574 2932 ’Λργέτᾳ
1588 2898 1620 2925 Δ.
