4144 6416
468 306 576 371 295
1573 299 2090 361 THEOPHANES
2116 298 2679 373 CONTINUATUS.
3645 288 3750 351 9.θῦ

474 418 665 475 Ambri
720 418 864 473 ﬁlius
900 417 1206 489 Apabdelcs
1237 416 1510 471 Anazarbi
1560 432 1817 485 ameras,
1867 420 2061 488 procul

2189 437 2225 471 τε
2254 418 2691 473 ιΓιλοκάστελλον
2724 416 2817 470 καὶ
2848 416 2908 469 τὸ
2946 411 3475 485 Παραμοκάστελλον
3520 409 3721 480 ἐξεπόρ

472 523 666 583 agente
694 513 1028 582 imperatore
1055 512 1346 566 barbarico
1395 528 1547 567 more
1583 512 1884 579 ferociens,
1931 523 2062 567 tunc

2189 527 2358 580 manv,
2388 512 2485 567 καὶ
2520 512 2648 575 τοὺς
2680 513 2739 564 ἐν
2770 510 2954 573 αὐτοῖς
3000 506 3451 576 καταληφθέντας
3480 504 3755 574 ἠνδραπο-

474 606 705 675 ejusque
762 604 1058 675 praesentia
1113 603 1547 658 Meliteucnsium
1585 620 1644 659 se
1681 613 1873 657 turmae
1911 618 2064 657 com—

2189 609 2395 661 ιίσαντο.
2452 605 2919 671 Καταπλαγέντες
2975 602 3033 656 δὲ
3088 600 3301 671 τῷδέει
3350 599 3448 667 τῆς
3494 597 3758 668 ἐπιούσης

477 696 722 751 miscens
754 694 883 765 fuga
917 696 1153 750 salutem
1188 695 1490 765 expedivit,
1528 712 1698 749 unum
1727 699 1829 749 hoc
1859 695 1963 749 sibi
1998 694 2064 748 ad

2189 700 2453 770 ῐυνάμεως
2485 700 2535 752 οἱ
2586 698 2647 752 τὸ
2696 699 2792 751 τοῦ
2838 694 3127 766 Φαλακροῦ
3174 693 3470 763 λεγόμενον
3519 692 3759 762 κάστρον

474 788 831 855 securitatem
880 788 1139 842 idoneum
1171 796 1348 855 ratus,
1390 788 1436 843 si
1484 790 1696 853 lateret,
1734 802 2067 857 quocunque

2189 793 2446 855 ›ἱκοῦντες
2474 791 2739 854 ἑκουσίως
2770 791 2848 861 τῷ
2877 790 3086 859 βασιλεῖ
3110 785 3566 859 προσεχώρησαν.
3616 784 3673 835 '0
3698 784 3759 835 δέ

476 877 695 929 tandem
751 887 910 931 terra;
963 878 1087 933 sinu
1145 886 1312 947 atque
1350 878 1557 945 latebra
1624 894 1684 933 se
1740 879 2060 933 abdidisset.

2189 888 2258 940 ;οῦ
2293 887 2541 959 Ἅμϐρου
2574 886 2687 949 υίὸς
2730 884 3029 938 ’Λπάϐδελε
3071 880 3411 952 Ἀναζάρὸης
3442 880 3655 949 ἁμέρας
3690 877 3757 939 ¹⁸ν

479 968 654 1038 llujus
685 970 1011 1041 irruptionis
1045 971 1197 1027 clade
1230 980 1284 1026 et
1310 971 1502 1027 Caisus
1537 972 1652 1037 sive
1673 972 1989 1037 Catasama,
2014 982 2067 1028 et

2189 995 2269 1040 to;
2300 978 2397 1045 μὲν
2455 976 2674 1047 μακράν
2708 978 2934 1045 ἀπεῖχεν
2988 976 3015 1027 ὁ
3074 974 3349 1043 βασιλεὺς,
3403 968 3761 1041 βαρϐαρικῶς

481 1059 708 1113 llubana
765 1060 880 1115 sive
938 1059 1326 1117 Endelcchone
1376 1062 1767 1131 diripiuntur:
1823 1063 2066 1131 itemque

2189 1066 2517 1138 θρασύνετο,
2545 1067 2665 1119 τότε
2692 1066 2749 1119 δὲ
2784 1066 2923 1134 μετά
2948 1065 3041 1117 τοῦ
3075 1064 3183 1116 τῶν
3212 1061 3534 1131 Μελιτηνῶν
3573 1060 3612 1091 ¹¹¹
3641 1058 3761 1112 στί-

481 1150 683 1206 Ardala
732 1163 786 1207 et
815 1169 979 1222 quam
1021 1163 1221 1208 vocant
1263 1152 1665 1225 Eremosycaza.
1703 1155 1856 1211 Tunc
1887 1164 1943 1209 et
1977 1155 2067 1210 Se-

2189 1177 2301 1226 ρους
2332 1163 2482 1230 φυγῇ
2526 1160 2623 1231 τὴν
2652 1160 2926 1230 σωτηρίαν
2963 1158 3271 1228 ἐπορίζετο,
3305 1156 3473 1226 μόνην
3500 1155 3544 1187 ³⁸
3576 1154 3760 1221 ἀσφά-

484 1258 604 1296 mas
632 1244 722 1298 ille
742 1244 920 1298 Taelis
949 1244 1116 1308 ﬁlius,
1144 1245 1233 1314 qui
1265 1243 1431 1299 Tauri
1462 1248 1667 1301 montis
1693 1248 1963 1317 angustiis
1992 1247 2068 1301 iu-

2189 1272 2321 1307 .ειαν
2349 1253 2656 1324 ἡγούμενος
2702 1254 2893 1323 ἱκανὴν
2931 1252 2991 1305 τὸ
3020 1250 3206 1304 λαθεῖν
3246 1250 3370 1301 ὅποι
3401 1248 3505 1316 γῆς
3526 1244 3763 1299 καταδέ-

481 1334 667 1388 sidens
699 1336 1001 1403 grassando
1028 1333 1403 1390 Romanorum
1440 1338 1573 1393 lines
1607 1339 2062 1409 depopulabatur,

2189 1350 2352 1399 ἱυκεν.
2387 1346 2466 1417 Τῇ
2514 1346 2570 1400 δὲ
2618 1345 2719 1414 τῆς
2754 1344 3008 1414 τοιαύτης
3065 1342 3258 1410 ἐφόδου
3303 1341 3480 1411 φθορᾷ
3518 1340 3614 1392 καὶ
3662 1336 3765 1404 τῆς

477 1427 541 1479 ad
575 1427 961 1496 imperatorem
996 1427 1266 1497 confugit.

2189 1437 2384 1492 ςαϊσοῦ
2419 1439 2538 1509 ἦτοι
2584 1438 2682 1507 τῆς
2736 1438 3079 1505 Κατασάμας
3111 1436 3208 1488 καὶ
3257 1434 3355 1503 τῆς
3398 1431 3602 1500 Ῥοϐἀμ
3641 1430 3764 1499 ἦτοι

475 1523 577 1594 τῆς
627 1524 1059 1594 Ἐνδελεχόνηςὴ
1100 1526 1366 1595 πόρθησις
1403 1527 1646 1595 γέγονεν,
1687 1529 1804 1600 ἅμα
1829 1531 1885 1584 δὲ
1919 1535 2069 1602 καὶὴ
2109 1534 2207 1604 τῆς
2246 1536 2499 1590 Ἀνδὰλου
2540 1536 2581 1568 ³⁷
2611 1534 2768 1605 καὶὴ
2810 1535 2909 1602 τῆς
2968 1531 3113 1625 οὕτω
3154 1529 3457 1599 λεγομένης
3525 1529 3769 1626 Ἔρημοί

478 1617 714 1679 συκαίας
748 1616 811 1681 ¹⁸,
844 1618 931 1669 ὅτε
960 1617 1055 1669 καὶ
1086 1619 1275 1687 Σήμας
1297 1620 1503 1682 ἐκεῖνος
1530 1622 1557 1672 ό
1589 1620 1682 1673 τοῦ
1711 1623 1861 1693 Ταὴλ
1890 1626 1951 1689 ¹⁹,
1977 1625 2077 1688 τὰς
2124 1627 2434 1698 δυσχωρίας
2483 1628 2732 1697 κατέχων
2779 1627 2874 1679 τοῦ
2906 1611 3122 1698 Ταύρου
3173 1623 3271 1678 καὶ
3320 1622 3379 1688 ἐξ
3418 1622 3609 1691 ἐφόδου
3666 1611 3768 1684 τάξ

476 1709 583 1760 τῶν
626 1708 919 1779 Ῥωμαίων
944 1708 1343 1777 λυμαινόμενος
1384 1710 1663 1780 ἐσχατιὰς,
1691 1716 1825 1783 πρὸς
1859 1715 1949 1768 τὸν
1973 1716 2198 1785 βασιλέα
2227 1720 2561 1789 κατέφυγεν.

551 1802 640 1856 47.
682 1800 834 1868 Quod
865 1802 910 1854 si
935 1802 1158 1856 brevius
1188 1803 1607 1875 simpliciusque
1648 1821 1711 1860 ac
1735 1809 1894 1876 quasi
1935 1825 2063 1864 cur-

2245 1811 2354 1883 μζ¹.
2386 1814 2450 1867 Εἰ
2498 1814 2556 1867 δὲ
2598 1814 2881 1884 συντόμως
2931 1811 3027 1864 καὶ
3056 1810 3230 1879 ψιλῶς
3265 1809 3334 1863 τὰ
3376 1807 3520 1862 οὕτω
3552 1806 3771 1878 μεγάλα

480 1894 586 1947 sim
627 1907 826 1962 magna
862 1903 1228 1968 _ann0tamus,
1285 1911 1446 1951 nemo
1479 1898 1713 1953 miretur
1748 1916 1847 1956 nec
1877 1918 1942 1957 eo
1978 1918 2075 1957 no-

484 1986 631 2038 mine
658 1985 1027 2041 criminetur:
1081 1988 1246 2042 simul
1279 1988 1425 2043 enim
1474 1990 1789 2046 istiusmodi
1844 2008 2073 2062 operum

483 2074 735 2131 facinoru
748 2092 910 2146 mque
929 2077 1260 2133 celeritatem
1281 2080 1529 2135 aemulari
1556 2083 1802 2137 narratio
1821 2086 2072 2154 videtur;

484 2183 593 2239 qua
611 2171 689 2223 sic
706 2169 899 2223 leviter
921 2171 1340 2242 simpliciusque
1364 2176 1712 2230 transcurrit.
1733 2175 1909 2233 Citius
1927 2179 2075 2233 enim

482 2268 617 2315 tunc
674 2260 767 2315 illa
826 2270 987 2331 capta
1048 2264 1305 2333 przesidia
1362 2266 1759 2337 designataque
1822 2268 2077 2327 facinora

486 2367 654 2422 quam
692 2368 842 2407 nunc
879 2368 910 2406 a
937 2370 1023 2408 me
1055 2366 1274 2410 narrata
1298 2368 1447 2411 sunt.
1481 2357 1752 2415 Praeterea
1777 2376 1902 2415 cum
1932 2363 2078 2433 longi

480 2446 595 2513 jam
640 2446 910 2516 temporis
941 2462 1097 2501 mora
1148 2463 1238 2503 res
1270 2449 1519 2519 singulas
1550 2460 1812 2522 gestaque
1833 2452 2079 2509 facinora

487 2540 708 2595 silentio
757 2540 908 2594 velut
942 2541 1272 2607 obscurarit,
1312 2557 1378 2598 ac
1412 2560 1514 2599 nec
1542 2562 1850 2617 pugnarum
1885 2550 2080 2604 modos

489 2649 588 2687 nec
615 2647 679 2687 ex
711 2633 913 2703 impetu
944 2634 1331 2704 aggressiones
1359 2653 1538 2707 neque
1570 2650 1924 2708 exporrectas
1947 2658 2081 2695 cou-

490 2732 808 2793 traetasque
858 2725 1159 2797 phalanges
1190 2742 1292 2782 nec
1324 2738 1776 2798 stratagematum
1806 2750 1905 2803 pro
1943 2745 2080 2790 tem-

488 2834 619 2888 pore
651 2835 784 2874 usus
822 2820 903 2873 vel
934 2819 1079 2874 scire
1131 2821 1411 2891 possimus
1441 2824 1608 2895 280
1649 2828 1729 2881 vel
1763 2830 2077 2893 enuntiare,

487 2925 601 2965 non
644 2920 730 2965 est
757 2928 858 2965 cur
882 2913 1029 2967 circa
1065 2914 1277 2984 singula
1308 2928 1522 2988 tempus
1550 2928 1788 2977 teramus
1809 2922 2076 2978 libenter-

485 3018 594 3073 que
630 3004 685 3057 in
738 3003 845 3059 illis
898 3006 1284 3071 immoremur,
1333 3010 1476 3063 unde
1512 3014 1761 3067 narratio
1791 3014 2080 3070 dilatatur.

487 3096 619 3163 Quae
652 3108 835 3152 autem
870 3099 1020 3153 nullo
1047 3110 1198 3155 certo
1229 3110 1369 3158 teste
1404 3106 1606 3160 tradita
1642 3115 1795 3172 sunt,
1835 3110 1939 3163 etsi
1974 3124 2085 3165 cre-

2176 1906 2342 1961 οίονεὶ
2369 1907 2494 1961 κατ’
2527 1907 2830 1977 ἐπιδρομὴν
2856 1905 3297 1975 ἀπαγγέλλομεν,
3334 1905 3524 1975 μηδεὶς
3555 1902 3771 1973 θαυμα-

2178 2001 2339 2067 ζέτω,
2373 2001 2512 2055 ἀλλά
2538 2001 2673 2072 μηδὲ
2702 2000 3027 2069 ἐγκαλείτω.
3056 2001 3212 2069 ’Ἅμα
3238 2000 3345 2067 γὰρ
3369 1997 3468 2068 τὴν
3490 1998 3770 2068 ταχύτητα

2176 2095 2289 2148 τῶν
2322 2096 2577 2166 πράξεων
2612 2096 2839 2149 ἐκείνων
2878 2092 3165 2163 μιμεῖσθαι
3205 2094 3238 2162 ἡ
3279 2090 3531 2161 διήγησις
3568 2088 3770 2149 ἔοικεν,

2179 2188 2279 2242 καὶ
2305 2188 2393 2241 διὰ
2416 2188 2574 2242 τοῦτο
2594 2187 2769 2251 οὕτως
2800 2188 2948 2239 ἐστὶν
2983 2185 3130 2255 ἀπλῆ
3154 2202 3212 2237 τε
3241 2185 3337 2236 καὶ
3363 2183 3738 2252 ἐπιτρέχουσα
3755 2198 3767 2211 ·

2181 2282 2378 2335 θᾶττον
2431 2281 2541 2352 γὰρ
2592 2282 2765 2352 ᾑρέθη
2819 2281 2941 2333 τότε
2992 2282 3176 2332 ἐκεῖνα
3223 2278 3315 2330 καὶ
3370 2276 3479 2329 τῶν
3516 2276 3772 2346 πράξεων

2182 2374 2342 2427 ἔλαϐε
2374 2374 2475 2446 τὴν
2517 2373 2847 2438 συντέλειαν,
2877 2373 2909 2441 ἢ
2945 2372 3039 2424 νῦν
3067 2369 3431 2441 ἀπήγγελται.
3470 2370 3676 2432 Ἀλλως
3709 2386 3773 2422 τε

2181 2469 2280 2522 καὶ
2315 2468 2439 2520 ἐπεὶ
2487 2470 2515 2521 ό
2541 2469 2731 2538 χρόνος
2764 2467 2863 2536 ἤδη
2910 2465 3116 2536 ῥεύσας
3154 2464 3243 2517 διὰ
3278 2463 3446 2533 μέσου
3496 2462 3666 2525 πολὺς
3702 2462 3777 2515 τα

2183 2560 2306 2614 καθ’
2338 2560 2545 2613 ἕκαστα
2598 2559 2708 2612 τῶν
2736 2558 2915 2629 ἔργων
2958 2558 3047 2610 διὰ
3089 2556 3189 2626 τῆς
3236 2555 3441 2626 μεταξὺ
3477 2555 3633 2623 σιγῆς
3660 2550 3775 2608 οἷον

2182 2654 2507 2725 ἠμαύρωσε,
2540 2656 2635 2706 καὶ
2658 2651 2783 2704 οὔτε
2811 2650 3174 2721 παρατάξεων
3200 2649 3435 2718 τρόπους
3458 2646 3581 2701 οὔτε
3606 2663 3774 2717 προσ-

2183 2748 2357 2801 ϐολῶν
2393 2748 2615 2817 ἐφόδους
2663 2744 2787 2799 οὗτε
2817 2746 3117 2815 φαλάγγων
3169 2743 3420 2806 ἐκτάσεις
3451 2742 3546 2795 καὶ
3577 2759 3775 2794 συστο-

2184 2841 2279 2902 λάς
2318 2840 2444 2893 οὗτε
2470 2840 2948 2911 στρατηγημάτων
2977 2836 3302 2906 ἐπικαίρους
3325 2838 3550 2905 χρήσεις
3574 2835 3776 2889 εἰδέναι

2186 2934 2281 2987 καὶ
2316 2932 2687 3001 ἀπαγγέλλειν
2722 2933 2767 2962 ¹⁰
2795 2932 3013 3000 ἔχομεν,
3048 2931 3150 2982 οὐκ
3200 2927 3317 2980 ἐστι
3352 2929 3483 2999 περὶ
3531 2926 3600 2980 τὰ
3632 2929 3777 2997 κατά

2189 3026 2358 3094 μέρος
2384 3022 2724 3093 ἐγχρονίζειν
2748 3022 2842 3073 καὶ
2868 3015 2979 3073 οἷον
3008 3019 3427 3089 ἐμφιλοχωρεῖν,
3458 3018 3516 3084 ἐξ
3539 3012 3611 3072 ὧν
3635 3016 3777 3072 πλα-

2187 3115 2412 3169 τύνεται
2458 3115 2520 3166 τὸ
2560 3113 2826 3182 διήγημα.
2868 3110 2950 3164 Τὰ
2976 3111 3034 3163 δέ
3078 3110 3399 3181 ἀμάρτυρον
3445 3110 3635 3181 ἔχοντα
3674 3110 3776 3180 τὴν

489 3191 589 3246 bro
638 3206 864 3245 rumore
900 3190 1150 3247 ferantur
1192 3205 1360 3265 atque
1394 3197 1451 3249 in
1501 3212 1598 3252 ore
1643 3200 1791 3268 vulgi
1832 3202 2078 3268 volitent,

2192 3206 2399 3269 πίστιν,
2436 3206 2485 3257 εἰ
2523 3204 2618 3257 καὶ
2634 3174 2859 3270 λέγεται
2902 3174 3337 3267 πολλάκιςίάλῖ
3365 3174 3527 3274 ἡμεῖς
3563 3174 3774 3256 ἀϐασα-

488 3297 593 3337 nos
654 3290 836 3337 tamen
878 3294 937 3337 ut
972 3286 1092 3340 sine
1134 3289 1392 3341 examine
1439 3291 1838 3361 amplectamur
1897 3294 2080 3350 induci

489 3391 599 3430 non
634 3377 900 3445 patimur,
958 3394 1023 3433 ne
1081 3381 1374 3436 conﬁctam
1420 3398 1614 3439 eorum
1650 3402 1775 3455 qua:
1826 3402 1895 3441 ne
1928 3398 2079 3458 gesta

488 3468 713 3538 quidem
761 3476 893 3524 sunt
961 3470 1339 3529 narrationem
1412 3474 1732 3543 imperatori
1781 3479 2080 3548 appingere

490 3558 802 3615 videamur.
857 3560 937 3614 Ac
992 3562 1079 3617 vel
1128 3564 1391 3628 maxime,
1427 3568 1572 3634 quod
1604 3584 1703 3623 nec
1729 3568 1831 3634 illi,
1862 3585 1985 3625 cum
2022 3572 2075 3626 in

492 3651 751 3706 humanis
800 3651 983 3707 adhuc
1038 3664 1243 3723 ageret,
1295 3672 1417 3726 quae
1456 3658 1549 3713 alii
1580 3660 1727 3715 velut
1758 3666 2074 3719 assentandi

492 3742 666 3814 gratia
702 3745 869 3799 verba
904 3744 1264 3811 insinuarent,
1299 3748 1497 3806 lubens
1530 3752 1819 3807 videbatur
1879 3756 2077 3811 admit-

493 3846 629 3891 tere.
686 3833 798 3892 Nos
838 3852 994 3901 vero,
1041 3839 1136 3909 qui
1188 3856 1256 3895 ne
1297 3857 1361 3897 ea
1395 3843 1619 3912 quidem
1669 3861 1793 3914 quae
1827 3848 2073 3903 omnium

493 3944 590 3983 ore
636 3938 833 3986 testata
886 3942 1017 3987 sunt
1073 3933 1408 4003 scriptorum
1473 3940 1846 3995 monumentis
1895 3942 2078 3996 consi-

493 4034 663 4089 gnarc
695 4020 961 4085 valemus,
984 4032 1079 4078 aut
1101 4038 1197 4092 per
1234 4026 1407 4080 otium
1447 4041 1765 4094 possumus,
1798 4030 1885 4083 vix
1925 4044 2075 4089 certe

2192 3298 2388 3359 νίστως
2439 3296 2838 3367 προσδέχεσθαι
2867 3296 2929 3350 οὐ
2967 3297 3270 3367 βουλόμεθα
3314 3298 3402 3351 διὰ
3430 3298 3490 3350 τὸ
3520 3298 3594 3367 μὴ
3622 3296 3776 3362 δόξαι

2188 3372 2585 3457 πεπλασμένην
2639 3387 2714 3458 μὴ
2776 3389 3080 3457 γεγονότων
3126 3388 3471 3460 πραγμάτων
3519 3388 3776 3457 διήγησιν

2188 3476 2499 3530 ἀνατιθέναι
2529 3476 2608 3548 τῷ
2641 3477 2873 3547 βασιλεῖ,
2908 3479 3143 3547 μάλιστα
3190 3479 3274 3530 ὅτι
3296 3478 3418 3530 οὐδὲ
3451 3480 3659 3537 ἐκεῖνος
3692 3476 3775 3530 ἐτι

2187 3569 2300 3634 ζῶν
2328 3570 2396 3621 τά
2420 3569 2553 3640 πρὸς
2576 3570 2736 3639 χάριν
2758 3570 3113 3633 θωπευτικῶς
3153 3571 3520 3641 ὑποτρέχοντα
3554 3569 3775 3635 ῥήματα

2182 3665 2435 3734 ἐφαίνετο
2468 3669 2850 3737 προσιέμενος.
2886 3669 2948 3720 Οἱ
2975 3668 3032 3720 δὲ
3081 3668 3217 3736 μηδέ
3257 3667 3326 3720 τὰ
3366 3665 3519 3734 παρά
3546 3665 3771 3716 πάντων

2181 3760 2590 3831 ὁμολογούμενα
2613 3762 2902 3830 δυνάμενοι
2937 3758 3020 3831 [Ρ.
3057 3758 3181 3830 174]
3215 3759 3245 3828 ἢ
3281 3754 3631 3827 σχολάζοντες
3658 3771 3769 3807 πα-

2186 3853 2442 3923 ραδοῦναι
2477 3860 2662 3925 γραφῇ
2699 3855 2865 3926 σχολῇ
2897 3870 2963 3920 γε
3005 3852 3070 3905 ἂν
3102 3851 3233 3920 περὶ
3261 3850 3333 3902 τά
3368 3847 3649 3917 ἀμφίϐολα
3685 3846 3781 3899 τὸν

2185 3942 2343 4011 λόγον
2364 3945 2840 4014 ἀπομηκύνοιμεν.
2891 3943 3031 3995 Ἀλλ’
3072 3939 3481 4010 ἀνακρουέσθω,
3522 3936 3616 3989 καὶ⁵
3649 3937 3778 3989 καθ’

2185 4036 2302 4090 ὁδὸν
2328 4041 2429 4110 τῆς
2459 4037 2521 4103 ἐξ
2570 4038 2747 4108 ἀρχῆς
2778 4037 3085 4107 διηγήσεως
3126 4036 3155 4087 ό
3199 4033 3358 4100 λόγος
3404 4029 3778 4101 ἀνατρεχέτω.

496 4113 549 4166 in
592 4114 659 4169 iis
713 4131 836 4184 qua-
887 4114 1055 4171 dubia
1102 4127 1235 4174 sunt
1267 4134 1580 4174 sermonem
1621 4126 2083 4191 protraxerimus.
2120 4126 2324 4187 Verum
2392 4142 2740 4204 retroagatur
2791 4130 2993 4195 oratio,
3043 4137 3098 4183 et
3185 4128 3242 4181 in
3298 4125 3445 4178 viam
3524 4131 3785 4177 recurrat

494 4221 659 4276 quam
702 4207 806 4262 sibi
831 4208 903 4262 ab
942 4210 1172 4264 exordio
1196 4212 1532 4267 narrationis
1558 4216 1864 4283 proposuit.

565 4299 661 4353 48.
697 4298 1015 4355 Secundum
1068 4302 1184 4358 haec
1238 4304 1538 4372 imperator
1564 4308 1930 4376 Onopnictem
1981 4309 2086 4366 ﬂu-

496 4391 647 4445 vium
706 4400 759 4445 et
796 4392 993 4446 Sarum
1054 4408 1183 4447 eum
1239 4397 1487 4451 exercitu
1538 4397 1775 4465 trajecit,
1827 4400 2087 4471 venitque

497 4481 818 4550 Cucusum;
883 4485 1067 4554 ibique
1115 4489 1399 4544 succensis
1464 4489 1606 4544 lucis
1677 4502 1735 4545 et
1794 4494 2087 4551 arbonbus

499 4576 703 4630 excisis
752 4576 872 4630 loca
914 4577 1206 4635 itineribus
1240 4580 1384 4635 invia
1423 4582 1476 4636 in
1518 4584 1813 4639 commoda
1852 4587 2085 4657 redegit,

501 4675 667 4735 atque
697 4666 752 4721 in
785 4668 865 4723 eis
892 4669 1140 4738 palantes
1165 4672 1424 4729 cohortes
1451 4674 1761 4745 dissipavit.
1785 4677 1917 4733 Inde
1934 4679 2094 4733 Calli-

500 4760 671 4828 polim
714 4769 769 4815 et
820 4760 1114 4818 Padasiam
1165 4778 1292 4819 cum
1322 4767 1588 4830 venisset,
1615 4769 1862 4839 locisque
1887 4773 2098 4841 asperis

503 4868 567 4909 ac
590 4853 942 4926 confragosis
972 4854 1076 4910 iter
1104 4856 1354 4925 haberet,
1377 4874 1526 4944 equq
1554 4860 1898 4918 descendens
1928 4866 2098 4935 pedes

503 4947 619 5018 ipse
664 4950 763 5002 viae
790 4957 1025 5018 angusta
1079 4951 1468 5018 emetiehatur,
1502 4953 1688 5009 labore
1716 4972 1818 5011 suo
1851 4957 2100 5013 subdito-

505 5056 626 5096 rum
672 5041 921 5096 iutirmas
975 5042 1125 5098 vires
1168 5058 1447 5101 recreans.
1506 5044 1646 5101 Tum
1695 5049 2099 5107 Germaniciam

505 5145 718 5205 petens,
762 5150 885 5190 cum
932 5136 1237 5191 adversarii
1272 5153 1467 5193 omnes
1519 5154 1551 5194 e
1577 5142 1812 5211 vestigio
1838 5143 2101 5200 cederent

506 5225 761 5295 intraque
800 5229 1007 5283 mmnia
1036 5243 1157 5285 sese
1190 5232 1572 5298 continerent,
1609 5248 1710 5289 nec
1740 5234 1837 5305 qui
1876 5250 2098 5290 manum

506 5332 800 5375 conserere
846 5320 1077 5377 auderet
1134 5322 1278 5377 ullus
1335 5333 1505 5390 esset,
1559 5326 1775 5382 cunctis
1810 5328 1952 5382 circa
1980 5343 2099 5383 eam

506 5410 619 5480 igni
652 5413 959 5484 absumptis
1012 5429 1078 5471 ac
1117 5416 1455 5473 suburbanis
1483 5419 1686 5475 misere
1715 5421 1984 5477 desolatis
2014 5429 2100 5475 at-

2271 4313 2383 4385 μη’.
2414 4314 2571 4367 Μετά
2597 4311 2775 4366 ταῦτα
2814 4310 2993 4362 τοίνυν
3026 4308 3117 4362 τὸν
3164 4305 3520 4376 Ὀνοπνίκτην
3550 4306 3784 4375 λεγόμε-

2197 4427 2286 4463 νον
2311 4406 2557 4475 ποταμὸν
2597 4394 2694 4458 καὶ
2725 4403 2819 4456 τὸν
2868 4401 3042 4472 Σαρὸν
3085 4399 3423 4470 διαπεράσας
3467 4401 3494 4452 ὁ
3529 4398 3785 4469 βασιλεὺς

2198 4499 2340 4571 μετὰ
2379 4498 2471 4551 τοῦ
2508 4494 2921 4567 στρατεύματος
2952 4489 3084 4564 ἦλθε
3116 4491 3255 4563 πρὸς
3310 4491 3637 4553 Κουκουσὺν,
3685 4491 3785 4546 καὶ

2194 4593 2292 4657 τὰς
2318 4595 2498 4646 ἐκεῖσε
2547 4590 2754 4661 λόχμας
2790 4588 3086 4659 ἐμπρήσας
3122 4587 3219 4640 κα).
3259 4584 3358 4654 τὴν
3407 4584 3608 4638 ἄϐατον
3637 4586 3702 4654 τῇ
3739 4588 3784 4616 ’⁸

2194 4683 2302 4736 τῶν
2336 4682 2569 4751 δένδρων
2621 4683 2827 4751 ἐκτομῇ
2868 4680 3038 4750 βατὴν
3069 4676 3390 4745 πεποιηκὼς
3415 4676 3524 4729 τῶν
3564 4679 3622 4729 ἐν
3650 4677 3786 4730 ταύ-

2196 4792 2317 4837 ταις
2346 4775 2522 4844 λόχων
2566 4774 2858 4844 ἐκράτησε.
2909 4772 3054 4842 Πρὸς
3092 4770 3278 4840 δὲτὴν
3326 4769 3660 4824 Καλλίπολιν
3693 4772 3791 4823 καὶ

2198 4866 2478 4921 Παδασίαν
2515 4867 2751 4936 φθάσας,
2789 4861 2911 4918 εἶτα
2950 4864 3035 4917 διὰ
3066 4863 3348 4916 δυσϐάτων
3399 4860 3600 4913 ὁδεύων
3630 4862 3789 4927 όδῶν,

2198 4962 2293 5015 τοῦ
2324 4962 2494 5014 ἵππου
2525 4960 2738 5023 ἀποϐάς
2762 4959 2924 5022 πεζὸς
2948 4959 2993 4989 ’⁸
3019 4956 3221 5028 διεξῄει
3246 4955 3316 5009 τὰ
3333 4954 3497 5008 στενὰ
3514 4957 3614 5024 τῆς
3645 4954 3792 5017 ὁδοῦ,

2200 5054 2290 5108 διὰ
2313 5054 2410 5106 τοῦ
2440 5053 2643 5106 οἰκείου
2670 5053 2842 5104 κόπου
2873 5050 2934 5103 τὸ
2965 5049 3191 5112 ἀσθενὲς
3221 5049 3329 5101 τῶν
3365 5047 3472 5101 ὑπὸ
3502 5050 3662 5117 χεῖρα
3685 5063 3792 5097 πα-

2206 5145 2645 5216 ραμυθούμενος.
2677 5142 2992 5214 Τηνικαῦτα
3018 5142 3075 5195 δέ
3114 5144 3179 5211 τῇ
3213 5140 3587 5211 Γερμανικείᾳ
3620 5155 3790 5205 προσο

2206 5238 2411 5302 ϐαλὼν,
2440 5239 2563 5291 ἐπεὶ
2585 5239 2647 5291 τὺ
2676 5236 3073 5303 ἀνθιστάμενον
3106 5235 3252 5288 ἅπαν
3298 5237 3363 5288 ἐκ
3406 5233 3564 5295 ποδὸς
3596 5232 3798 5300 ἐχώρει

2207 5334 2302 5386 καὶ
2327 5335 2438 5395 τοῖς
2463 5331 2669 5401 τείχεσι
2694 5329 3036 5383 συνεκλείετο
3066 5329 3158 5381 καὶ
3178 5326 3353 5389 οὐδεὶς
3380 5326 3490 5379 τῶν
3521 5324 3799 5391 πολεμίων

2212 5423 2419 5493 ἐτόλμα
2450 5424 2529 5485 είς
2560 5423 2747 5491 χεῖρας
2768 5419 2965 5483 ἐλθεῖν,
2998 5416 3067 5471 τὰ
3097 5418 3229 5486 περὶ
3252 5416 3425 5487 αὐτὴν
3454 5416 3634 5470 πάντα
3660 5410 3798 5480 πυρὶ

1817 5555 2059 5610 VARI/li
2092 5555 2499 5612 LECTIONES.

582 5642 624 5673 “
672 5640 1015 5715 ’Λναζάρϐης
1044 5646 1257 5714 ἁμέρας
1287 5662 1398 5701 οηι.
1438 5648 1500 5699 Λ.
1577 5648 1618 5679 ¹⁵
1655 5647 1793 5715 μετά
1843 5646 2156 5701 Μελετινῶν
2182 5650 2243 5700 Α,

513 5714 755 5787 χαίοις-Α.
842 5714 901 5787 1°
933 5714 962 5763 ὁ
992 5716 1327 5787 ’[ουταὴλλΑ,
1367 5719 1588 5775 omissis
1624 5714 1721 5780 τὰς
1768 5718 2547 5787 δυσχωρίας-λυμαινόμενος

511 5792 619 5831 om.
649 5778 709 5830 Ρ,
838 5784 880 5811 ²¹
920 5782 1081 5846 πεζὸς
1105 5778 1213 5838 οιιί.
1250 5785 1307 5839 Ρ.

2377 5648 2419 5682 ’⁸
2453 5648 2610 5714 μόνον
2641 5645 2702 5696 Α.

2822 5644 2862 5672 ¹⁷
2911 5640 3167 5714 Ἀρδάλου
3204 5642 3269 5693 Δ.
3293 5640 3412 5714 Μ¹⁸
3441 5637 3798 5714 ἐρήμου-Σοί

2626 5714 2906 5784 ἐσχατιάς.

3014 5714 3058 5745 ²⁰
3093 5710 3451 5780 ἐπαγγέλλειν
3476 5708 3555 5763 Δ.
3659 5708 3702 5740 ¹¹
3730 5711 3799 5777 τῇ
