4144 6416
638 371 745 431 292i

639 584 705 622 ac
745 562 1018 619 manubiis
1056 561 1257 637 referto
1284 562 1550 623 exercitu,
1578 562 1671 615 ubi
1701 562 2043 629 captivorum
2081 576 2222 615 onus

637 660 709 714 οι)
742 661 839 712 vite
872 656 1155 711 anfractus
1178 655 1426 710 diﬂiciles
1457 657 1747 725 ipsamque
1780 655 1897 723 ejus
1925 654 2221 724 longitudi-

643 769 766 806 nem
803 765 936 805 ense
973 749 1140 803 levari
1183 750 1445 817 jusscrat,
1494 749 1558 801 ad
1605 748 1834 800 reditum
1882 748 2081 815 adjecit
2108 746 2224 800 ani-

642 860 815 909 muni,
850 845 1121 912 ingentem
1156 842 1236 897 sui
1274 853 1477 895 metum
1513 842 1707 909 Agaris
1739 841 2030 909 nepotibus
2066 840 2225 893 relin-

641 953 838 1006 quens.
894 936 1115 989 Timcns
1165 951 1292 987 vero
1322 951 1392 988 ne
1424 952 1481 987 se
1532 937 1672 989 inter
1706 945 1939 1003 angusta
1973 934 2222 987 locorum

644 1034 831 1084 hostes
863 1031 1209 1082 adorirentur
1244 1028 1494 1094 (noverat
1524 1028 1669 1079 enim
1703 1027 1923 1079 stultam
1967 1041 2089 1079 cam
2120 1026 2225 1078 im-

642 1123 913 1191 peratoris
939 1138 1125 1175 \‘Ol'Clll
1153 1136 1297 1183 esse,
1324 1120 1438 1172 Non
1475 1118 1775 1189 putassem)
1794 1135 2017 1171 suorum
2051 1118 2225 1171 mani-

642 1218 787 1286 pulis
818 1215 870 1267 in
906 1214 1181 1268 subsessis
1211 1221 1519 1280 Opportune
1548 1212 1762 1273 locatis,
1808 1212 1997 1280 plures
2032 1226 2224 1264 eorum

641 1309 738 1375 qui
783 1321 841 1360 se
885 1306 1023 1358 alios
1076 1313 1338 1371 capturos
1382 1304 1798 1357 arbitrabantur
1850 1305 2005 1357 vivos
2059 1304 2222 1371 cepit.

634 1396 737 1450 llis
768 1397 931 1449 rebus
960 1394 1327 1449 Abdelomclis
1364 1393 1609 1447 locorum
1659 1393 1831 1461 reguli
1873 1394 2075 1447 fractus
2109 1392 2227 1446 ani-

640 1502 799 1551 nius;
832 1485 1129 1553 missisque
1156 1485 1473 1539 oratoribus
1501 1484 1713 1538 veniam
1740 1499 1803 1537 ac
1832 1499 2021 1552 paceni
2050 1493 2225 1553 rogat,

640 1580 871 1648 probum
903 1592 960 1633 se
991 1593 1207 1632 servum
1233 1592 1410 1644 exque
1438 1578 1624 1630 animo
1651 1577 1895 1630 deditum
1932 1576 2046 1631 fore
2071 1579 2228 1647 polli—

639 1672 807 1735 citus,
850 1670 1081 1737 locaque
1130 1669 1507 1737 subiecturum
1543 1684 1606 1722 ac
1647 1670 2005 1722 traditurum.
2068 1668 2226 1725 Votis

641 1779 890 1819 annuens
915 1764 1213 1831 imperator
1241 1763 1515 1831 postulata
1551 1763 1847 1825 concessit,
1879 1778 1940 1815 ac
1970 1764 2225 1832 deinceps

641 1858 853 1912 socium
885 1854 1150 1910 adversus
1180 1855 1409 1909 tribules
1434 1865 1797 1924 spontaneum
1832 1855 2045 1908 habuit.
2090 1853 2227 1908 lliuc

641 1966 836 2005 rursus
890 1951 1068 2017 Argeo
1123 1956 1307 2001 monte
1370 1947 1704 2015 pertransito
1743 1962 1865 2001 cum
1917 1948 2225 2002 Caesaream

637 2043 899 2105 venisset,
935 2041 1178 2095 victoria:
1215 2042 1439 2095 nuntios
1471 2056 1534 2092 ex
1590 2039 1817 2093 Colonia
1858 2050 1911 2093 et
1946 2040 2106 2094 Lullo
2136 2057 2227 2096 ac-

639 2137 819 2205 cepit;
874 2134 1144 2202 signaque
1200 2140 1402 2200 praesto
1457 2138 1655 2191 erant,
1720 2132 2111 2189 manubiorum
2175 2140 2229 2184 et

623 2226 984 2294 captivorum
1021 2222 1213 2290 ingens
1253 2220 1406 2288 cepia
1440 2236 1502 2273 ex
1533 2219 1687 2273 Tarsi
1719 2228 1773 2273 et
1797 2220 2224 2275 Manichaeorum

641 2318 859 2388 oppidis
902 2322 1186 2370 convecta.
1237 2312 1385 2366 lntcr
1428 2328 1568 2381 quos
1619 2313 1893 2381 ingentem
1936 2315 2224 2367 Curiorum

644 2409 880 2463 oblatam
924 2406 1140 2459 turbam
1188 2404 1373 2458 necari
1427 2405 1704 2472 praecepit,
1743 2406 1943 2473 quippe
1977 2420 2097 2457 cum
2138 2405 2225 2458 vix

643 2501 942 2570 quidquam
1010 2497 1181 2565 frugis
1212 2511 1275 2549 ex
1316 2496 1425 2549 illis
1457 2504 1889 2564 exspectaretur,
1935 2511 2035 2549 nec
2074 2511 2229 2549 exer-

645 2596 788 2649 citus
819 2592 1016 2662 opimis
1039 2590 1152 2653 jam
1188 2588 1377 2656 spoliis
1423 2596 1658 2641 onustus
1695 2604 1881 2640 secum
1906 2603 1999 2640 cos
2028 2588 2228 2640 habere

647 2687 808 2741 vellet
838 2700 899 2737 ac
932 2684 1224 2745 advehere,
1273 2681 1466 2734 inutile
1508 2679 1958 2747 impedimentum
1991 2678 2225 2732 itineris.

643 2778 905 2832 Metiscum
936 2776 1196 2830 reductus
1242 2773 1540 2838 imperator
1564 2810 1577 2833 ,
1623 2771 1830 2838 sparsis
1856 2772 1907 2822 in
1954 2786 2085 2825 suos
2115 2787 2230 2823 mu-

644 2870 871 2922 neribus
904 2882 967 2920 ac
1004 2880 1103 2933 pro
1130 2864 1397 2931 cujusque
1438 2863 1637 2914 virtute
1670 2876 1734 2914 ac
1768 2862 2076 2929 praestantia
2116 2861 2229 2915 col-

644 2961 769 3015 latis
810 2957 1132 3019 bonoribus,
1173 2952 1341 3023 284
1365 2954 1625 3021 omnique
1673 2953 2013 3006 humanitate
2045 2953 2227 3005 muni-

647 3054 749 3106 bus
805 3048 1043 3117 acceptis
1096 3024 1453 3113 dimissisque
1508 3045 1573 3097 ad
1619 3043 1844 3096 hiberna
1881 3044 2223 3106 cohortibus,

1707 361 2219 421 THEOPHANES
2260 362 2826 429 CUN'I‘INUATUS.
3804 376 3898 435 300

704 474 873 546 283
912 472 998 526 49.
1046 471 1200 525 Tune
1256 471 1440 539 itaque
1484 470 1783 539 imperator
1819 469 2004 523 multis
2045 469 2220 538 captis
2252 482 2293 533 Α

2400 474 2506 543 μθν.
2544 476 2675 526 Τότε
2709 476 2890 527 τοίνυν
2925 478 2951 527 6
2999 477 3254 547 βασιλεὺς
3298 478 3495 549 πολλῆς
3533 481 3898 550 αίχμαλωσίαέ

2328 570 2423 621 καὶ
2478 569 2735 638 λαφύρων
2797 570 3083 639 ἐμπλήσας
3117 572 3176 624 τὸ
3231 573 3569 641 στράτευμα,
3627 571 3743 627 εἶτα
3782 580 3900 644 τοὺς

2327 661 2707 730 αἰχμαλώτους
2743 662 2832 713 δια
2861 662 2923 715 τὸ
2953 662 3222 715 δύσϐατον
3253 664 3345 715 καὶ
3394 664 3527 717 πολὺ
3561 665 3658 734 τῆς
3684 667 3800 720 ὀδοῦ
3832 670 3901 741 τῷ

2329 753 2470 819 ξίφει
2504 753 2764 817 κελεύσας
2804 754 3301 823 ἀποφορτίσασθαι,
3330 756 3592 809 ἐπανόδου
3640 759 3899 830 ἐμνήσθη,

2328 845 2462 897 πολὺ
2497 846 2614 908 δέος
2642 846 2808 897 αύτοῦ
2836 849 2950 909 τοῖς
2972 848 3070 916 τῆς
3102 849 3284 916 Ἀγαρ
3325 847 3571 914 ἐκγόνοις
3606 849 3900 907 ἀπολιπών.

2328 938 2719 1007 Προσδοκήσας
2747 937 2803 989 δὲ
2835 939 2982 1007 ὅμως
3022 939 3269 991 ἐπίθεσίν
3302 957 3424 992 τινα
3454 941 3595 993 κατά
3636 943 3760 1003 τοὺς
3790 961 3902 996 στε-

2328 1032 2452 1092 νοὺς
2486 1030 2593 1081 τῶν
2624 1030 2807 1083 τόπων
2846 1031 2985 1101 (ᾔδει
3012 1032 3121 1100 γὰρ
3167 1033 3343 1101 κακὴν
3367 1028 3511 1084 εἶναι
3543 1034 3727 1102 φωνὴν
3751 1052 3905 1103 στραο

2329 1121 2500 1190 τηγοῦ
2526 1122 2606 1186 τὸ,
2643 1123 2755 1174 Οὐκ
2787 1122 2852 1175 ἂν
2892 1123 3295 1193 προσεδόκησα)
3341 1124 3435 1176 καὶ
3485 1127 3672 1193 λόχους
3724 1129 3779 1179 ἐν
3802 1131 3904 1190 τοῖς

2328 1216 2633 1284 ἐπικαίροις
2656 1216 2810 1283 ὑφεὶς
2838 1215 3068 1277 πολλοὺς
3082 1217 3191 1267 τῶν
3214 1217 3409 1280 ἄλλους
3434 1218 3477 1248 ³ο
3498 1218 3636 1270 ἐλεῖν
3657 1220 3906 1287 οἰομένων

2329 1307 2666 1377 ἐζώγρησεν.
2717 1309 2900 1378 "Amp
2954 1311 2981 1361 6
3025 1309 3348 1379 Ἀϐδελομὲλ
3397 1313 3608 1373 ἐκεῖνος
3662 1312 3801 1375 ἰδὼν,
3852 1313 3905 1377 ὃς

2329 1401 2436 1452 τῶν
2463 1402 2642 1452 ἐκεῖσε
2669 1402 2852 1454 τόπων
2878 1403 3153 1470 ἐκυρίευε,
3187 1403 3450 1471 πρέσϐεις
3486 1404 3705 1471 πέμψας
3733 1405 3904 1468 ἀδείας

2330 1491 2427 1543 καὶ
2456 1494 2682 1562 εἰρήνης
2710 1494 2881 1546 ἐδεῖτο
2910 1495 3115 1564 τυχεῖν,
3146 1495 3473 1564 εὐγνώμονα
3514 1496 3699 1547 δοῦλον
3726 1497 3905 1550 ἑαυτὸν

2329 1583 2584 1649 γενέσθαι
2616 1583 3161 1653 καθυπισχνούμενος
3197 1585 3290 1637 καὶ
3329 1586 3440 1639 τῶν
3478 1588 3569 1639 ὑπ’
3594 1588 3755 1639 αὐτοῦ
3781 1604 3906 1654 κρα-

2331 1675 2614 1743 τουμένων
2665 1677 2943 1745 φρουρίων
2977 1678 3016 1708 ³⁸
3056 1680 3151 1729 καὶ
3205 1679 3387 1729 τόπων
3442 1679 3767 1747 ποιούμενος
3818 1680 3905 1749 τὴν

2331 1766 2629 1818 ὑπόστασιν
2664 1768 2758 1818 καὶ
2800 1768 3104 1839 ἐγχείρισιν
3138 1770 3203 1821 ⁸⁸.
3241 1763 3316 1821 Οἵ)
3356 1770 3459 1836 τὴν
3491 1770 3676 1839 δέησιν
3701 1772 3727 1822 6
3761 1768 3903 1839 βασι·

2331 1858 2455 1920 λεὺς
2484 1857 2778 1927 δεξάμενος
2806 1861 2874 1911 τὰ
2907 1858 3205 1928 αἰτούμενα
3239 1859 3466 1921 δέδωκε,
3497 1859 3593 1911 καὶ
3630 1858 3905 1928 σύμμαχον

2330 1952 2494 2005 αὑτὸν
2536 1952 2596 2003 τὸ
2626 1953 2733 2003 ἀπὸ
2782 1950 2936 2003 τοῦδε
2982 1951 3126 2003 κατὰ
3159 1952 3267 2004 τῶν
3298 1953 3593 2022 ὁμοφύλων
3628 1947 3771 2021 εἶχεν
3800 1951 3905 2003 ἐθε-

2330 2043 2541 2111 λοντήν.
2589 2044 2831 2096 Ἐκεῖθεν
2876 2044 2934 2095 δὲ
2984 2044 3149 2097 πάλιν
3191 2044 3253 2097 τὸ
3284 2045 3378 2097 τοῦ
3425 2047 3651 2115 Ἀργέου
3700 2042 3904 2097 διελθὼν

2332 2135 2459 2203 ὅρος
2492 2136 2586 2188 καὶ
2635 2136 2770 2206 πρὸς
2807 2137 3146 2206 Καισάρειαν
3176 2137 3473 2206 γενόμενος
3511 2139 3574 2191 ἐκ
3626 2155 3686 2189 τε
3736 2136 3906 2188 Κολω-

2330 2227 2476 2288 νείας
2509 2227 2602 2279 καὶ
2632 2227 2837 2280 Δούλου
2871 2228 3155 2281 ἐπινικίων
3193 2229 3465 2297 ἀγγελίας
3490 2229 3731 2294 ἐδέξατο.
3765 2229 3915 2281 Ἠκο-

2329 2318 2511 2371 λούθει
2542 2318 2597 2371 δὲ
2631 2320 2724 2372 καὶ
2754 2320 2820 2372 τὰ
2853 2320 3120 2389 σύμϐολα,
3152 2320 3409 2392 λαφύρων
3434 2324 3543 2375 καὶ
3569 2321 3913 2391 αἰχμαλώτων

2331 2411 2558 2480 πλῆθος,
2598 2410 2742 2479 ἅπερ
2774 2413 2881 2464 ἀπό
2910 2430 2969 2464 τε
3008 2414 3284 2481 φρουρίων
3321 2415 3417 2483 τῆς
3449 2416 3677 2487 Ταρσοῦ
3706 2417 3792 2468 καὶ
3815 2414 3911 2467 ἀπὸ

2330 2504 2693 2571 Μαελιχαῖκῶν
2746 2503 3007 2572 ἐτύγχανε
3045 2504 3275 2559 πόλεων.
3315 2506 3491 2560 Ἔνθα
3541 2511 3634 2560 καὶ
3671 2508 3908 2560 πλεῖστον

2333 2597 2491 2667 ὄχλον
2537 2599 2643 2648 τῶν
2698 2598 2961 2668 Κούρτων
3032 2600 3473 2670 προσενεχθέντα
3536 2602 3907 2670 ἀποσφαγῆναι

2331 2688 2667 2756 προσέταξεν
2690 2704 2701 2719 ·
2740 2690 2818 2749 εἰς
2848 2688 3001 2739 οὐδὲν
3034 2691 3143 2760 γὰρ
3172 2692 3357 2760 σχεδὸν
3386 2692 3689 2761 ἐτύγχανον
3721 2691 3901 2760 χρήσι-

2334 2795 2446 2847 μοι,
2503 2780 2595 2830 καὶ
2635 2782 3281 2851 προκαταπεπλησμένον
3329 2784 3582 2853 ὑπάρχον
3634 2786 3696 2837 τὸ
3750 2780 3873 2851 στρά

2330 2886 2508 2940 τευμα
2540 2871 2640 2923 οὐκ
2691 2871 2945 2925 ἐϐούλετο
2982 2874 3074 2924 καὶ
3116 2873 3337 2934 τούτους
3393 2874 3538 2943 ἔχειν
3583 2874 3904 2943 δύσχρηστον

2330 2962 2745 3032 παρενοχλημα.
2776 2962 2860 3033 [Ρ.
2899 2963 3017 3034 I76]
3055 2966 3143 3017 Ἐν
3177 2966 3405 3036 Μηδαίῳ
3430 2968 3485 3020 δὲ
3515 2967 3755 3035 γεγονὼς
3784 2967 3904 3018 ὑπο-

2332 3056 2584 3124 στρέφων
2625 3056 2651 3107 ό
2700 3056 2977 3124 βασιλεὺς,
3010 3056 3102 3108 καὶ
3138 3058 3305 3125 τιμὰς
3353 3058 3642 3126 διανείμας
3678 3062 3791 3119 τοῖς
3824 3054 3908 3110 ὑπ’

646 3146 749 3197 iter
779 3138 1234 3211 prosequebatur.
1288 3136 1636 3202 Veniensque
1673 3132 2000 3201 Byzantium
2056 3133 2221 3199 priori

2336 3144 2500 3197 αὐτὸν
2552 3147 2646 3196 καὶ
2698 3146 2976 3212 ἀναλόγως
3028 3149 3128 3216 τῆς
3165 3149 3373 3211 οἰκείας
3430 3150 3663 3201 ἕκαστον
3720 3147 3912 3216 ἀρετῆς

646 3251 801 3290 more
851 3231 1090 3287 victoria:
1125 3242 1384 3283 coronam
1427 3225 1751 3294 patriarcha:
1783 3240 1944 3277 manu
1991 3224 2226 3279 faustas-

646 3344 753 3398 que
782 3343 811 3380 a
853 3325 1054 3397 pepulo
1083 3318 1446 3389 triumphales
1484 3333 1643 3370 voces
1685 3320 1915 3385 accepit.

2334 3234 2679 3303 προϐιϐάσας
2707 3237 2803 3288 καὶ
2829 3236 3395 3309 φιλοφρονησάμενος,
3427 3232 3525 3293 καὶ
3568 3241 3711 3311 πρὸς
3742 3253 3905 3308 παραυ

2331 3328 2620 3396 χειμασίαν
2647 3329 2809 3395 ἀφεὶς
2836 3330 3016 3401 εἴχετο
3042 3333 3141 3398 τῆς
3168 3332 3288 3385 ὁδοῦ
3310 3350 3323 3363 ·
3353 3336 3447 3386 καὶ
3472 3333 3574 3402 τὴν
3611 3331 3919 3401 βασιλεύου-

649 3440 749 3479 σαν
777 3423 989 3491 φθάσας
1022 3418 1163 3469 κατὰ
1192 3414 1253 3466 τδ
1281 3412 1542 3481 πρότερον
1573 3410 1691 3472 ἔθος
1721 3411 1809 3464 διὰ
1836 3411 1931 3463 τοῦ
1958 3415 2295 3486 πατριάρχου
2327 3421 2416 3472 τὸν
2454 3423 2552 3491 τῆς
2619 3423 2776 3491 νίκης
2854 3425 3073 3489 ἐδέξατο
3137 3428 3401 3496 στέφανον
3448 3427 3549 3481 καὶ
3606 3425 3757 3495 παρὰ
3833 3420 3920 3476 τοῦ

646 3522 819 3589 δήμου
858 3516 955 3577 τὰς
987 3508 1288 3569 ἐπινικίους
1311 3506 1512 3574 φωνάς.

719 3615 809 3670 50.
850 3614 967 3668 Jam
1002 3626 1165 3680 porro
1196 3609 1354 3660 annis
1388 3607 1771 3675 superioribus
1812 3606 2095 3677 Tephricaa
2131 3611 2225 3663 tle-

647 3721 834 3779 prcssa
875 3702 1115 3773 potentia
1163 3716 1226 3754 ac
1261 3715 1399 3767 pene
1432 3698 1731 3762 exstincta,
1766 3700 2105 3755 Tarsitarum
2144 3716 2229 3756 re-

647 3798 917 3851 viviscere
968 3809 1031 3847 ac.
1081 3806 1379 3863 augescere
1431 3800 1710 3859 coeperat,
1770 3808 2073 3861 rursusque
2117 3793 2226 3846 Ro-

650 3904 827 3944 manae
862 3887 1090 3941 ditionis
1137 3886 1273 3939 lines
1304 3884 1510 3953 jngiter
1541 3883 1891 3939 infestabant.
1952 3885 2228 3940 Adversus

650 3982 774 4038 illos
823 3996 917 4049 per
957 3981 1072 4033 hzcc
1112 3988 1350 4047 tempora
1411 3976 1654 4029 Andreas
1706 3977 1797 4030 ille
1833 3974 2031 4047 Scytha
2088 3977 2229 4031 haud

650 4089 776 4131 raro
811 4072 1029 4126 fortiter
1073 4079 1278 4139 egerat,
1328 4083 1534 4137 proque
1565 4050 1848 4136 copiarum
1893 4085 2116 4123 suarum
2146 4084 2231 4123 ras

649 4168 799 4222 tione
852 4165 1051 4218 mullos
1086 4178 1274 4217 eorum
1316 4160 1406 4228 qui
1456 4161 1753 4229 praedatum
1801 4162 2167 4215 excurrebant
2198 4177 2227 4215 a

650 4270 765 4314 toto
820 4257 1039 4310 avulsos
1091 4253 1335 4308 exercitu
1396 4251 1743 4305 interfecerat
1788 4262 1951 4320 atque
1982 4263 2224 4321 ceperat.

650 4350 900 4417 (tumque
930 4347 1066 4399 adeo
1095 4344 1313 4413 egregie
1363 4343 1415 4393 in
1472 4342 1591 4395 dies
1621 4340 1959 4394 fortitudinis
1995 4358 2059 4396 ac
2100 4357 2228 4409 pru—

2403 3608 2467 3664 ν’.
2508 3612 2645 3680 Ἤδη
2679 3611 2734 3663 δὲ
2768 3615 2878 3674 τοῖς
2923 3614 3226 3681 οίχομένοις
3261 3616 3474 3684 χρόνοις
3529 3610 3924 3679 ἀπανθησάσης

2334 3703 2427 3755 καί
2458 3702 2818 3755 παντάπασαν
2857 3704 3240 3774 ἀπεσϐηκυίας
3272 3708 3369 3774 τῆς
3395 3704 3702 3773 Τεφρικῆς,
3742 3703 3775 3771 ἡ
3815 3701 3923 3753 τῶν

2334 3793 2619 3863 Ταρσιτῶν
2667 3796 2819 3863 ίσχίις
2846 3796 3166 3849 ἀναϐάλλειν
3200 3797 3292 3849 καὶ
3336 3794 3669 3861 αὐξάνεσθαι
3701 3793 3920 3863 ἤρχετο,

2334 3888 2426 3939 καὶ
2454 3886 2612 3940 πάλιν
2661 3888 2762 3939 ὑπὸ
2790 3889 2833 3919 ³³
2858 3887 3062 3941 τούτων
3112 3892 3167 3942 αἱ
3223 3890 3330 3942 τῶν
3374 3886 3705 3954 Ῥωμαϊκῶν
3757 3888 3918 3954 όρίων

2334 3979 2585 4046 ἐσχατιαὶ
2632 3979 2874 4047 συνεχῶς
2923 3979 3204 4043 ἐπιέζοντο
3240 3981 3305 4034 ³⁸.
3337 3981 3411 4032 T6
3459 3978 3767 4047 τηνικαῦτα
3802 3976 3914 4028 Ἀν-

2332 4069 2494 4140 δρέας
2527 4072 2730 4133 ἐκεῖνος
2767 4072 2794 4122 6
2831 4073 2893 4123 ἐκ
2926 4072 3149 4123 Σκυθῶν
3178 4072 3437 4134 πολλάκις
3472 4070 3764 4140 ἠνδρίσατο
3798 4068 3910 4121 κατ’

2334 4164 2535 4228 αὐτῶν,
2574 4165 2667 4215 καὶ
2701 4165 2799 4233 τῆς
2827 4165 2953 4233 περὶ
2989 4164 3148 4215 αὐτὸν
3179 4164 3455 4231 ἀναλόγως
3484 4163 3765 4232 δυνάμεως
3791 4159 3906 4213 πολ-

2332 4256 2458 4317 λοὺς
2492 4257 2597 4309 τῶν
2637 4258 2716 4318 είς
2761 4257 3039 4326 προνομὴν
3091 4257 3459 4326 ἐκτρεχόντων
3509 4258 3603 4308 καὶ
3652 4256 3745 4309 τοῦ
3794 4255 3904 4308 ὅλου

2333 4347 2855 4415 ἀπορρηγνυμένους
2905 4348 3314 4415 στρατεύματος
3352 4346 3542 4418 ἀνῄρει
3579 4348 3672 4400 καὶ
3717 4349 3904 4416 αἰχμα-

653 4440 852 4496 dentis:
881 4444 1207 4505 argumenta
1238 4442 1374 4487 satis
1406 4433 1611 4497 ederet,
1664 4434 1876 4502 patricii
1917 4444 2111 4489 auctus
2151 4435 2229 4487 di-

2336 4437 2540 4499 λώτους
2590 4437 2882 4503 ἐλάμϐανε.
2922 4440 3028 4489 Καὶ
3076 4438 3150 4499 ὡς
3184 4438 3344 4491 ίκανό.
3386 4440 3667 4509 τεκμήρια
3696 4436 3904 4506 ἀνδρίας

652 4531 858 4601 gnitate
908 4543 971 4581 ac
1016 4526 1218 4580 scholis
1279 4524 1347 4578 ab
1407 4527 1733 4593 imperatore
1786 4525 2073 4594 praefectus
2128 4537 2232 4580 est.

653 4622 919 4689 Tuncque
952 4617 1146 4686 majori
1182 4624 1449 4684 potestate
1489 4631 1553 4669 ac
1600 4617 1774 4683 copiis
1829 4617 1945 4669 acie
1978 4627 2229 4670 conserta
2282 4634 2285 4635 ν

653 4730 780 4770 cum
819 4708 1266 4766 Melitctiensibus
1297 4708 1774 4775 Tarsensibnsque
1805 4717 1857 4759 et
1880 4709 2143 4776 pugnavit
2180 4717 2233 4759 et

654 4806 803 4863 vicit.
860 4803 1197 4869 Quandoque
1238 4795 1365 4853 vero
1417 4798 1571 4854 Tarsi
1609 4815 1832 4861 atnera,
1886 4800 2046 4851 verba
2105 4801 2231 4852 mit-

655 4896 818 4951 tendo
859 4892 1152 4961 impietatis
1182 4900 1234 4944 et
1258 4889 1509 4943 amentia:
1537 4890 1695 4958 plena
1732 4892 1993 4943 adversus
2042 4890 2231 4942 Domi-

655 5006 783 5043 ntnn
818 4998 1064 5040 nosn'um
1103 4982 1290 5037 Jesum
1323 4983 1604 5034 Ubristutn
1635 4997 1699 5035 ac
1732 4980 1901 5035 Deum
1939 4982 2228 5036 sanctissi-

654 5093 910 5147 mamque
944 5076 1065 5145 ejus
1112 5082 1418 5143 parentem,
1458 5071 1739 5137 Experiar,
1779 5074 1977 5135 air-bat,
2025 5091 2092 5125 an
2136 5073 2229 5126 (ibi

652 5166 983 5219 commodum
1021 5162 1286 5215 allaturus
1313 5162 1379 5212 sit
1408 5158 1598 5211 Mariae
1631 5161 1798 5227 ﬁlius,
1835 5162 2053 5229 ipsaque
2084 5162 2229 5215 illius

651 5269 839 5323 mater,
877 5257 966 5310 ubi
1008 5257 1220 5324 cepiosa
1246 5256 1528 5322 validaque
1552 5271 1713 5306 manu
1749 5255 1998 5307 adversus
2034 5268 2081 5309 te
2116 5273 2234 5325 pro-

654 5350 820 5419 fectus
842 5349 1013 5416 fuero.
1044 5348 1264 5416 Accepit
1293 5347 1381 5401 ille
1421 5348 1787 5400 conviciantis
1817 5346 1981 5415 285
2021 5352 2228 5416 episto-

652 5443 783 5509 lam,
814 5441 1113 5511 multisque
1141 5441 1396 5511 lacrymis
1426 5448 1631 5495 sancta:
1676 5439 1770 5493 Dei
1806 5440 2100 5493 chitricis
2138 5438 2230 5493 Fi-

2334 4546 2392 4582 τε
2429 4531 2523 4581 καὶ
2558 4530 2826 4589 συνέσεως
2863 4528 2985 4581 καθ’
3019 4530 3258 4599 ἐκάστην
3290 4530 3571 4598 ἐξέφερεν,
3606 4531 3682 4592 είς
3715 4529 3773 4581 τὸ
3806 4524 3903 4577 τῶν

2336 4620 2644 4691 πατρικίων
2698 4621 2970 4689 προῆλθεν
3021 4622 3125 4673 ὑπὸ
3159 4623 3202 4654 ³⁵
3246 4623 3336 4674 τοῦ
3392 4623 3658 4690 βασιλέως
3701 4621 3905 4687 ἀξίωμα

2334 4714 2430 4764 καὶ
2468 4713 2548 4773 είς
2579 4712 2679 4781 τὴν
2714 4713 2821 4765 τῶν
2854 4712 3057 4782 σχολῶν
3090 4716 3265 4784 ἀρχήν
3295 4715 3357 4767 ³⁸.
3394 4716 3501 4767 Καὶ
3529 4717 3653 4767 τότε
3688 4715 3751 4784 δὴ
3790 4711 3905 4783 μᾶλ-

2334 4802 2423 4855 λον
2457 4803 2563 4855 ἀπὸ
2593 4805 2834 4874 μείζονος
2864 4806 3112 4869 ἐξουσίας
3141 4822 3199 4857 τε
3232 4805 3625 4872 καὶδυνάμεως
3657 4804 3899 4863 πολλάκις

2335 4895 2603 4963 ἐμφανέσι
2658 4896 2859 4963 μάχαις
2891 4897 3027 4964 πρός
3072 4913 3129 4947 τε
3166 4897 3292 4956 τοὺς
3341 4895 3446 4948 ἀπὸ
3482 4896 3792 4965 Μελιτηνῆς
3819 4890 3902 4945 καὶ

2333 4986 2458 5047 τοὺς
2510 4984 2616 5037 ἀπὸ
2652 4985 2693 5015 ³⁷
2734 4985 2950 5054 Ταρσοῦ
3012 4984 3355 5053 παρετάξατο
3404 4986 3498 5037 καὶ
3546 4986 3799 5053 νενίκηκε
3842 4979 3899 5032 ⁸⁸.

2334 5076 2649 5145 Γράψαντος
2682 5076 2740 5128 δέ
2770 5092 2900 5127 ποτε
2932 5077 3069 5143 πρὸς
3099 5074 3259 5127 αὐτὸν
3297 5073 3386 5126 τοῦ
3417 5076 3791 5144 ἀμηρεύοντος
3815 5069 3901 5135 τῆς

2336 5167 2551 5236 Ταρσοῦ
2582 5169 2772 5235 λόγους
2805 5168 3156 5238 βλασφημίας
3188 5168 3231 5199 ³⁹
3255 5168 3350 5219 καὶ
3388 5169 3652 5230 ἀπονοίας
3685 5162 3902 5236 μεστοὺς

2335 5260 2478 5313 κατὰ
2505 5260 2599 5312 τοῦ
2630 5261 2834 5330 Κυρίου
2864 5261 3022 5329 ἡμῶν
3060 5259 3231 5329 Ἰησοῦ
3262 5262 3498 5331 Χριστοῦ
3534 5264 3629 5313 καὶ
3662 5258 3792 5312 Θεοῦ
3816 5252 3900 5306 καὶ

2337 5350 2436 5417 τῆς
2469 5351 2769 5419 ύπεραγίας
2800 5352 2965 5403 αὐτοῦ
2997 5353 3238 5421 Μητρὸς,
3267 5353 3349 5403 ὅτι
3379 5350 3515 5405 Ἰδω
3544 5354 3602 5404 τί
3631 5368 3728 5405 σοι
3751 5343 3901 5411 ὁτῆς

2338 5443 2569 5509 Μαρίας
2599 5443 2903 5511 ὠφελήσει
2932 5443 3062 5509 υίὸς
3090 5446 3188 5497 καί
3219 5445 3370 5514 αὕτη
3394 5445 3432 5513 ἠ
3466 5445 3684 5499 τοῦτον
3705 5436 3899 5513 rei-rii-

1960 5597 2196 5652 VARIAS
2220 5598 2625 5655 LECTlONES.

724 5738 767 5768 ⁸⁸
790 5738 965 5792 ἄλλων
996 5736 1101 5790 ΑΡ.
1180 5738 1223 5769 ³⁸
1259 5736 1556 5841 φρουρίων)
1597 5740 1811 5810 χωρίων
1844 5740 1900 5793 Ρ.

732 5808 819 5841 vni
851 5808 926 5841 εἶρ-
959 5834 1026 5841 _
1053 5806 1227 5841 [navi-iu
1261 5822 1345 5841 nm
1402 5813 1425 5841 Δ
1560 5812 1576 5841 7
1608 5812 1711 5841 Aan
1756 5839 1813 5841 Α-
1847 5828 1900 5841 ..ιι

654 5805 700 5838 ⁸⁸
732 5808 823 5859 καὶ
850 5808 926 5868 εἰς
959 5834 1026 5846 --
1052 5806 1227 5873 ἀρχὴν
1260 5805 1369 5862 oin.
1393 5805 1457 5862 Ᾱ.
1536 5805 1576 5842 ³⁷
1598 5805 1713 5863 ’ἀπὸ
1748 5839 1813 5851 --
1847 5810 1973 5873 τοὺς
2012 5805 2212 5866 οσιιδΑζ

1979 5740 2021 5770 ³¹
2054 5740 2367 5812 ἐγχείρησιν
2392 5740 2498 5793 AP.

2265 5786 2338 5843 ’³⁸
2369 5814 2462 5864 καὶ
2498 5813 2750 5881 νενίκηκε
2782 5830 2895 5871 οιιι.
2927 5815 2991 5867 Α.

2577 5742 2623 5773 ³³
2656 5741 2763 5794 ἀπὸ
2790 5742 2896 5798 ΔΡ.
2976 5742 3023 5774 ⁸⁸
3044 5742 3321 5808 ἐπιέζοντο
3345 5760 3451 5800 om.
3486 5747 3548 5801 A.
3631 5745 3673 5777 ³⁸
3707 5741 3807 5797 ἀπὸ
3834 5738 3890 5795 Α·

3090 5816 3131 5847 "
3162 5814 3517 5885 βλασφήμους
3549 5814 3614 5871 Λ.
