4144 6468
580 406 686 474 303

1667 391 2178 457 THEOPHANES
2217 387 2772 450 CUNTINUATUS.

3728 379 3853 451 τοι

655 524 745 579 5i.
791 520 841 576 is
887 515 1074 574 statim
1120 511 1386 567 Romanis
1423 507 1682 564 omnibus
1711 504 1876 576 287
1910 501 2159 560 cohorti-

2333 495 2433 552 να’.
2484 497 2581 560 ’ος
2629 497 2827 551 αὐτίκα
2880 495 3060 561 πάσας
3089 497 3188 559 τὰς
3239 486 3554 567 Ῥωμαῗκάς
3579 495 3856 569 ’δυνάμεις

580 615 686 670 bus
720 606 1038 678 assumptis,
1067 612 1434 673 susceptaque
1457 598 1511 653 in
1531 597 1762 652 Tarsum
1786 593 2158 665 expeditione,

581 704 825 762 ostendit
847 700 1123 756 Andream
1170 708 1279 750 non
1311 705 1529 762 segnem
1560 698 1724 756 atque
1755 685 2030 747 timidum,
2064 680 2159 736 sed

581 808 763 854 catum
821 804 874 848 et
902 790 1226 862 prudentem
1264 794 1429 851 atque
1459 782 1724 851 optimum
1782 776 2012 830 militum
2054 773 2160 826 du-

579 907 719 948 cem.
777 886 1053 942 Barbaros
1102 881 1247 940 enim
1295 877 1533 950 praedam
1567 883 1811 944 paratam
1848 873 2162 933 ratus,'nec

579 994 773 1038 eorum
821 993 943 1046 qua:
972 991 1003 1028 e
1044 987 1102 1026 re
1150 976 1334 1026 essent
1380 966 1681 1037 quidquam
1730 970 1857 1016 ante
1905 958 2162 1012 conside-

580 1087 734 1135 rans,
764 1084 866 1124 nec
885 1067 1021 1122 locis
1047 1061 1330 1132 occupatis
1366 1059 1512 1128 prior
1546 1057 1662 1126 ipse
1689 1054 1918 1108 insidias
1949 1053 2157 1112 locans,

578 1176 674 1223 aut
726 1160 1092 1233 imperatoriae
1151 1154 1361 1226 peritia:
1415 1165 1478 1204 ac
1532 1146 1756 1202 consilii
1811 1144 2162 1210 solertiaeque

581 1261 804 1330 dignum
838 1252 1046 1323 aliquid
1078 1249 1264 1304 animo
1287 1245 1522 1317 agitans,
1551 1239 1723 1295 Tarso
1754 1237 2162 1330 appropinquat

578 1329 786 1406 inloco
820 1360 981 1416 quem
1013 1339 1442 1412 Chrysobullum
1467 1343 1685 1396 vocant,
1713 1331 1948 1388 detmsnti
1975 1329 2162 1382 animo

578 1439 1096 1504 inconsiderataque
1114 1433 1344 1488 audacia
1375 1446 1437 1483 ae
1465 1427 1795 1483 temeritate.
1821 1422 2046 1478 Barbari
2077 1423 2160 1473 in-

578 1539 800 1587 cautum
843 1525 1261 1583 considerantes
1312 1519 1554 1576 hominis
1589 1517 1833 1586 genium,
1881 1514 2025 1582 quod
2069 1525 2163 1565 ne-

577 1640 686 1694 que
712 1624 828 1676 loca
862 1630 978 1674 tuta
1009 1622 1377 1686 occupaverat
1409 1628 1508 1687 nec
1537 1606 1886 1664 convenienti
1926 1606 2068 1658 vallo
2099 1619 2163 1658 ac

578 1716 722 1771 fossa
750 1721 930 1768 castra
959 1710 1251 1773 munierat,
1283 1721 1459 1775 neque
1495 1703 1640 1757 aliud
1668 1701 1799 1772 quid
1835 1699 2164 1768 praestiterat

577 1823 768 1864 eorum
790 1822 910 1875 qua.
940 1803 1045 1858 cati
1074 1818 1138 1855 ac
1161 1800 1392 1856 solertes
1422 1798 1590 1852 duces
1608 1803 1934 1865 praestrurre
1961 1790 2160 1852 solent,

2267 589 2452 645 λαϐὼν
2495 591 2591 645 καὶ
2617 589 2932 662 ἐξορμήσας
2961 591 3114 644 ’κατὰ
3158 588 3377 659 Ταρσοῦ
3415 588 3581 654 ἔδειξε
3608 590 3699 643 τὸν
3733 594 3855 648 Ἀν..

2266 684 2430 756 δρέαν
2461 685 2564 738 οὐκ
2612 684 2940 738 ἐθελόκακον
2981 684 3078 737 καὶ
3121 682 3316 747 δειλὸν,
3357 683 3494 736 ἀλλά
3522 697 3855 756 περιεσκεμ-

2270 776 2428 844 μένον
2458 776 2552 827 καὶ
2601 776 2866 845 φρόνιμον
2913 775 3264 844 καὶάριστον
3317 776 3646 846 στρατηγόν.
3681 775 3852 846 Ἥγη.

2265 867 2506 935 σάμενος
2530 866 2642 936 γὰρ
2668 866 2794 928 τοὺς
2823 865 3132 938 βαρϐάρους
3153 865 3380 935 ἑτοίμην
3401 865 3554 918 λείαν
3581 866 3854 922 xai'obbbu

2265 958 2376 1012 τῶν
2421 959 2652 1013 δεόντων
2703 959 3267 1030 προδιασκεψάμενος,
3323 958 3446 1010 οὐδὲ
3499 958 3852 1029 προλοχίσας,

2266 1051 2390 1106 οὐδὲ
2425 1052 2800 1123 στρατηγικῆς
2842 1053 3137 1123 ἐμπειρίας
3183 1052 3280 1104 καὶ
3309 1049 3592 1113 εὐϐουλίας
3632 1051 3856 1118 ἐπάξιόν

2267 1161 2320 1197 τι
2347 1146 2650 1214 φρονήσας,
2678 1144 2910 1215 πλησίον
2937 1145 3150 1213 γίνεται
3187 1143 3285 1213 τῆς
3319 1141 3538 1214 Ταρσοῦ
3592 1144 3738 1196 κατά
3757 1144 3857 1197 ςτόν

2266 1237 2433 1289 τόπον
2456 1235 2512 1300 ὃς
2545 1235 2957 1306 Χρυσόϐουλλον
2985 1237 3030 1267 ⁸⁷
3061 1236 3301 1304 λέγεται,
3333 1236 3472 1307 μετά
3507 1238 3856 1306 φρονήματος

2268 1330 2503 1399 ἀνοήτου
2534 1330 2630 1382 καὶ
2672 1330 2908 1402 θράσους
2953 1330 3385 1401 ἀπερισκέπτου.
3428 1330 3512 1403 [Ρ.
3550 1329 3679 1402 178]
3709 1333 3772 1383 Oi
3800 1331 3857 1384 δέ

2271 1421 2541 1492 βάρϐαροι
2561 1422 2624 1474 τὸ
2641 1421 3066 1492 ἀπροφύλακτον
3097 1421 3262 1476 αὑτοῦ
3289 1423 3775 1493 κατασκεψάμενοι
3795 1425 3858 1476 ἔκ

2267 1513 2363 1567 τοῦ
2383 1515 2521 1585 μήτε
2541 1515 2740 1576 τόπους
2768 1514 3001 1584 ὀχυροὺς
3028 1515 3432 1569 καταλαϐέσθαι
3467 1516 3605 1584 μήτε
3635 1514 3859 1584 χάρακα

2271 1609 2366 1660 καὶ
2381 1608 2589 1678 τάφρον
2608 1606 2980 1677 προϐαλέσθαι
2996 1609 3095 1678 τῆς
3125 1608 3568 1680 στρατοπεδείας,
3591 1607 3719 1678 μήτ’
3735 1607 3859 1663 ἄλλο

2269 1713 2321 1748 τι
2361 1697 2471 1749 τῶν
2506 1698 2542 1752 ἀ
2588 1697 2647 1750 τὸ
2677 1698 3059 1767 λελογισμένον
3099 1700 3210 1752 τῶν
3250 1699 3574 1769 στρατηγῶν
3619 1700 3717 1751 καὶ
3765 1699 3859 1769 Ep.-

2272 1807 2409 1860 φρον
2433 1790 2963 1862 προδιοικονομεῖται
2995 1791 3510 1863 καταπραξάμενον,
3531 1791 3734 1861 κλέψαι
3759 1793 3855 1864 τὴν

576 1871 865 1954 victoria-tn
897 1895 1023 1950 dolo
1053 1907 1249 1964 parare
1283 1889 1612 1951 deliberant,
1660 1888 2057 1952 incautumque
2107 1895 2166 1934 ac

2275 1883 2432 1950 νίκην
2457 1883 2829 1952 βουλεύονται,
2863 1887 2958 1939 καὶ
3013 1885 3387 1956 ἀπαρασκεύῳ
3425 1886 3520 1939 καὶ
3563 1885 3860 1955 ἀμερίμνῳ
3900 1871 3907 1896 ¹

579 1995 730 2048 curis
759 1991 998 2046 solutum
1031 1996 1190 2040 noctu
1217 1984 1635 2053 aggrediuntur,
1655 1985 2047 2046 stratagemate
2076 1973 2161 2028 usi

579 2100 680 2156 pro
710 2097 901 2138 eorum
954 2080 1009 2134 in
1048 2086 1342 2148 angustum
1390 2074 1627 2129 redactis
1663 2071 1824 2125 rebus
1858 2067 2163 2134 amictaque

579 2177 821 2240 fortuna,
858 2176 934 2228 uti
983 2173 1058 2226 rei
1083 2172 1352 2241 probavit
1399 2177 1648 2228 eventus,
1691 2165 1849 2236 plane
1881 2163 2067 2220 solerti
2101 2175 2165 2241 ac

580 2265 891 2321 commodo.
927 2261 1066 2318 Cum
1100 2240 1252 2315 enim
1287 2274 1352 2312 ex
1386 2265 1611 2324 accepta
1660 2256 1730 2308 ab
1761 2253 1976 2307 Andrea
2011 2240 2165 2305 clade

579 2355 743 2427 pauci
781 2360 969 2409 essent
996 2367 1058 2405 ac
1095 2349 1306 2403 minuto
1339 2362 1590 2405 numero,
1627 2345 1703 2398 rei
1745 2343 2064 2398 discrimine
2098 2340 2163 2394 ad

581 2444 805 2501 fraudes
833 2442 1151 2496 necessario
1175 2439 1316 2492 versi
1346 2445 1494 2491 sunt.
1550 2433 1734 2488 Multis
1766 2448 2002 2501 namque
2033 2448 2167 2487 con-

580 2537 762 2594 ductis
799 2535 981 2605 cquis,
1036 2532 1105 2586 ab
1137 2544 1326 2584 eorum
1359 2527 1550 2582 Calidis
1579 2525 1726 2580 coria
1760 2525 1903 2578 sicca
1933 2537 2166 2591 suspen-

581 2630 741 2690 dunt.
772 2638 996 2695 tumque
1034 2639 1140 2676 una
1173 2632 1377 2676 tessera
1412 2621 1464 2674 in
1502 2621 1701 2672 multas
1745 2614 1978 2670 Romani
2009 2628 2166 2666 exer-

581 2723 723 2777 citus
769 2729 952 2789 partes
997 2716 1330 2777 immittunt;
1377 2712 1588 2781 ipsique
1621 2711 1969 2780 postmodum
1998 2706 2166 2759 variis

583 2827 647 2866 ex
686 2812 843 2872 locis,
890 2803 1166 2880 tympanis
1201 2814 1627 2876 perstrepentes,
1661 2801 1894 2855 exsertis
1941 2799 2166 2853 ensibus

585 2903 638 2958 in
678 2901 916 2956 medium
966 2899 1169 2954 vallum
1215 2896 1488 2951 insiliunt.
1556 2894 1942 2950 Consternatis
1986 2892 2168 2959 itaque

584 2985 929 3065 turbatisque
958 2991 1333 3046 Romanorum
1367 2989 1586 3053 animis,
1639 2999 1692 3040 et
1744 3004 1835 3058 per
1871 2985 2166 3040 tumultum

584 3073 946 3160 288.c’quis
980 3085 1187 3156 pariter
1217 3084 1460 3154 virisque
1493 3083 1722 3136 invicem
1756 3077 2166 3141 colliilentibus,

585 3179 803 3236 barbari
842 3175 995 3248 potiti
1028 3175 1258 3231 victoria
1299 3183 1428 3230 suitt
1475 3176 1745 3227 immensa
1789 3172 2164 3225 Romanorum

2267 1973 2602 2028 ἐπιτίθενται
2633 1975 2786 2046 αὐτῷ
2821 1978 2880 2028 ἐν
2903 1977 3084 2041 νυκτὶ,
3113 1978 3535 2047 στρατηγήματι
3569 1977 3859 2047 χρησάμε-

2268 2084 2345 2120 νοι
2364 2069 2498 2140 πρὸς
2511 2069 2610 2137 τὴν
2627 2071 2862 2140 ἀπορίαν
2885 2072 3169 2124 αὐτῶνκαὶ
3189 2073 3534 2143 περίστασιν,
3559 2071 3634 2134 ὡς
3657 2071 3858 2141 ἐφάνη,

2270 2157 2440 2228 σοφῷ.
2458 2157 2663 2226 ὐλίγοι
2684 2161 2948 2230 γάρτινες
2964 2162 3116 2224 ὄντες
3137 2162 3244 2214 ἀπὸ
3269 2163 3368 2231 τῆς
3385 2163 3657 2232 προτέρας
3685 2161 3860 2232 ἣττης

2268 2251 2362 2301 καὶ
2414 2250 2777 2320 εὐαρίθμητοι
2826 2255 2891 2322 τῇ
2945 2254 3150 2323 ἀπορίᾳ
3204 2253 3342 2323 πρὸς
3402 2254 3755 2323 πανουργίαν
3804 2250 3862 2316 ἐξ

2267 2344 2515 2411 ἀνάγκης
2552 2344 2863 2415 ἐχώρησαν,
2906 2347 3003 2398 καὶ
3056 2347 3262 2408 ἵππους
3312 2348 3724 2414 συναγαγόντες
3769 2366 3860 2401 συ-

2269 2435 2430 2504 χνοὺς
2463 2435 2558 2488 καὶ
2589 2434 2794 2504 βύρσας
2827 2435 2998 2506 ξηρὰς
3021 2435 3320 2501 ἐξάψαντες
3345 2437 3452 2490 ἀπὸ
3475 2438 3584 2490 τῶν
3619 2437 3858 2492 ἱππείων

2268 2527 2446 2598 οὐρῶν
2477 2529 2568 2595 ὑφ’
2603 2529 2661 2580 ἓν
2706 2530 3080 2597 παράγγελμα
3111 2529 3252 2583 κατά
3286 2530 3458 2584 πολλὰ
3493 2530 3538 2562 ⁸⁸
3587 2530 3681 2583 τοῦ
3725 2524 3860 2584 Ῥω·

2272 2618 2474 2689 μαῖκοῦ
2500 2621 2870 2690 στρατοπέδου
2904 2623 3173 2691 ἐπαφιᾶσι
3211 2623 3375 2692 μέρη,
3414 2617 3546 2674 Εἶτα
3577 2622 3670 2675 καὶ
3703 2622 3859 2674 αὐτοὶ

2269 2713 2377 2765 ἀπὸ
2403 2713 2676 2783 διαφόρων
2703 2713 2906 2778 τόπων,
2951 2716 3063 2776 τοῖς
3108 2715 3415 2783 τυμπάνοις
3459 2715 3859 2784 ἐπιδουπήσαν-

2269 2822 2380 2869 τες,
2415 2806 2472 2859 ἐν
2501 2806 2653 2875 μέσῳ
2675 2804 2772 2858 τοῦ
2804 2806 3047 2876 χάρακος
3078 2809 3306 2876 γυμνοῖς
3337 2808 3451 2869 τοῖς
3494 2805 3711 2875 ξίφεσιν
3754 2808 3856 2860 eid-

2271 2901 2570 2970 επήδησαν.
2619 2900 2813 2963 Πτοίας
2835 2896 2926 2954 οὖν
2970 2903 3064 2954 καὶ
3109 2898 3357 2971 ταραχῆς
3404 2898 3759 2971 ἐμπεσούσης
3785 2899 3859 2970 τῷ

2271 2993 2380 3045 τῶν
2439 2982 2730 3062 Ῥωμαίων
2773 2991 3176 3062 στρατεύματι,
3227 2992 3321 3044 καὶ
3374 2991 3858 3063 συνταραχθέντων

2272 3087 2454 3138 ἵππων
2471 3083 2606 3154 ὁμοῦ
2621 3083 2716 3136 καὶ
2745 3083 2955 3154 ἀνδρῶν
2983 3083 3075 3136 καὶ
3103 3083 3353 3152 ἀλλήλοις
3386 3083 3856 3152 περιπιπτόντων,

2276 3176 2474 3245 συνέϐη
2501 3180 2626 3238 τοὺς
2661 3175 2970 3247 βαρϐάρους
2999 3177 3273 3246 κρατῆσαι
3311 3177 3406 3230 καὶ
3440 3178 3600 3246 φόνον
3629 3178 3858 3248 ἀητειρον

585 3275 789 3342 strage,
833 3272 1103 3340 plerisque
1135 3285 1164 3322 a
1197 3269 1316 3323 suis
1363 3267 1594 3336 inglorie
1637 3265 1856 3319 obtritis
1892 3278 1957 3317 ac
1997 3261 2166 3317 ευπο-

2273 3267 2716 3338 ἀπεργάσασθαι,
2751 3269 2860 3322 τῶν
2897 3269 3167 3323 πλείστων
3219 3270 3498 3334 δυσκλεῶς
3535 3277 3859 3340 συμπατου-

585 3367 745 3423 catis.
818 3362 910 3418 Sic
967 3375 1106 3432 pene
1151 3348 1403 3414 inaudito
1444 3374 1580 3412 casu
1659 3364 1969 3426 praeterque
2015 3368 2168 3422 spem

587 3473 809 3513 omnem
869 3458 1110 3510 vietor‘es
1165 3452 1477 3514 isonat-litin,
1537 3437 1894 3516 Romanique
1953 3445 2171 3514 imperii

587 3549 772 3606 nervis
805 3548 1026 3606 excisis.
1071 3555 1460 3616 tympanorum
1498 3542 1726 3608 strepitu
1766 3555 1830 3594 ac
1881 3539 2172 3594 barbarico

585 3643 795 3700 barritu
853 3655 1040 3710 paeana
1090 3625 1477 3692 concinebant.
1536 3637 1689 3690 llunt:
1733 3639 1900 3690 tinem
1961 3636 2173 3691 stolida:

585 3732 953 3804 expeditimzis
1004 3729 1271 3784 adversus
1314 3714 1608 3783 Romanos
1668 3729 1807 3781 livor
1849 3729 2052 3786 attulit.
2108 3741 2174 3780 ac

587 3825 694 3880 tale
727 3833 990 3893 tropaeum
1023 3822 1285 3876 adversus
1309 3835 1405 3875 eos
1437 3822 1638 3889 quibus
1655 3808 1828 3891 paulo
1844 3831 1969 3875 ante
1994 3817 2172 3875 fauste

585 3925 834 3975 cesserat
863 3916 1107 3986 maligna
1141 3914 1390 3970 Nemesis
1421 3915 1625 3984 posuit.

658 4186 747 4241 52.
780 4183 984 4240 Verum
1017 4185 1099 4240 sic
1125 4184 1343 4254 quidem
1381 4200 1440 4240 se
1469 4200 1558 4241 res
1591 4171 1838 4242 Orientis
1872 4170 2172 4254 habebant,

588 4277 794 4334 Basilio
836 4277 924 4347 pio
960 4275 1488 4346 religiosissimoque
1518 4275 1876 4345 imperatore.
1907 4265 2044 4343 Quae
2073 4292 2141 4331 au
2165 4305 2173 4310 --

586 4381 696 4425 tem
741 4369 807 4422 ad
855 4367 1208 4423 Occidentem
1255 4374 1527 4436 spectant,
1579 4375 1907 4421 narraturus
1949 4369 2170 4423 accedo.

587 4461 794 4517 Eadem
821 4476 886 4517 ac
930 4459 1142 4530 reliqua
1176 4459 1414 4521 ratione,
1447 4459 1610 4512 etiam
1645 4459 1811 4514 rebus
1857 4455 2173 4516 Occidentis

589 4554 858 4623 majorem
899 4552 951 4606 in
978 4550 1201 4606 modum
1230 4550 1495 4606 Micltaele
1525 4552 1856 4622 imperatore
1887 4553 2168 4622 neglectis,

592 4653 812 4713 totaque
853 4640 967 4696 fere
989 4641 1166 4704 Italia,
1198 4649 1402 4711 quanta
1429 4656 1580 4695 novae
1609 4651 1810 4695 nostra:
1844 4640 2028 4695 Roma:
2056 4657 2173 4695 res-

587 4743 758 4797 serat,
803 4731 1199 4802 potissimaque
1241 4729 1442 4786 ὃὶι-ἰιὶω
1475 4739 1626 4800 parte
1651 4731 2168 4802 Carthaginensium

589 4825 761 4881 armis
795 4823 1062 4878 debellata
1109 4831 1274 4894 atque
1325 4823 1579 4878 barbaris
1623 4824 1875 4894 vectigali
1906 4823 2071 4887 facta,
2105 4823 2172 4878 ad

589 4917 704 4972 inec
731 4917 895 4971 etiam
921 4915 1015 4985 qui
1041 4914 1094 4968 in
1127 4915 1404 4970 Pannonia
1433 4926 1487 4970 et
1509 4915 1795 4982 Dalmatia,
1821 4933 1886 4971 ac
1912 4917 2004 4986 qui
2031 4918 2172 4972 ultra

591 5007 693 5063 ltos
743 5005 980 5078 Scytha,
1047 5006 1312 5061 Chrobati
1375 5007 1586 5062 scilicet
1635 5016 1690 5061 et
1750 5007 1923 5063 Serbli
1960 5017 2014 5062 et
2067 5007 2171 5061 Za-

590 5098 820 5162 cblumi,
854 5095 1205 5152 Terbuniota:
1234 5099 1360 5153 item
1386 5109 1441 5153 et
1471 5099 1730 5154 Canalitaa
1763 5109 1817 5154 et
1851 5099 2173 5156 Diocletiani

590 5200 644 5245 el
677 5189 934 5256 Rentani,
964 5206 1200 5246 excusso
1249 5190 1480 5245 Romani
1516 5193 1728 5261 imperii
1756 5191 1910 5261 iugo,
1942 5194 2030 5246 cui
2059 5193 2172 5263 pri-

591 5281 715 5334 dem
762 5284 1046 5342 suberant,
1093 5280 1178 5335 sui
1231 5280 1376 5350 juris
1427 5293 1588 5350 atque
1650 5284 1804 5335 liberi
1855 5282 2004 5347 facti,
2060 5287 2176 5339 suis

592 5365 864 5425 duntaxat
898 5371 1101 5439 regulis
1125 5386 1188 5426 ac
1217 5373 1637 5441 magistratilms
1680 5374 1963 5441 parebant.
1998 5373 2174 5428 Pleri-

591 5476 700 5533 que
759 5462 927 5532 289
982 5479 1114 5519 vero
1177 5463 1406 5531 majoris
1478 5463 1805 5520 defectionis
1872 5469 2175 5536 specitnine

592 5552 763 5607 etiam
848 5551 1178 5622 baptismum
1243 5555 1638 5626 ejuraverant,
1671 5566 1731 5611 ut
1783 5557 1992 5611 nullutu
2042 5574 2173 5629 erga

2276 3362 2455 3430 μένων
2513 3363 2605 3414 καὶ
2647 3363 3109 3432 συμπνιγομένων
3163 3365 3254 3432 ὑφ’
3307 3364 3541 3420 ἑαυτῶν.
3593 3364 3755 3418 Οὕτω
3804 3365 3862 3418 δὲ

2275 3452 2600 3521 παραδόξως
2653 3454 2749 3506 καὶ
2819 3456 2950 3523 παρ’
3007 3455 3200 3508 ἐλπίδα
3253 3457 3632 3527 κρατήσαντες
3692 3455 3745 3508 οἱ
3805 3453 3866 3521 ἐξ

2287 3543 2530 3613 Ἰσμαὴλ,
2565 3546 2658 3598 καὶ
2690 3545 2757 3598 τά
2788 3545 2957 3616 νεῦρα
2992 3547 3090 3616 τῆς
3122 3549 3442 3617 Ῥωμαῖκῆς
3474 3549 3648 3616 ἀρχῆς
3685 3562 3870 3598 autat-

2274 3634 2561 3703 κόψαντες,
2614 3637 2918 3705 τυμπάνων
2964 3636 3116 3706 βοαῖς
3169 3640 3264 3690 καὶ
3297 3637 3665 3706 «βαρϐαρικοῖς
3726 3635 3869 3685 ἀλαδ

2273 3726 2503 3795 λαγμοίς
2537 3727 2879 3792 ἐπαιάνιζον.
2921 3728 3172 3782 Τοιοῦτον
3195 3730 3257 3781 τὸ
3293 3729 3448 3790 τέλος
3490 3728 3590 3796 τῆς
3624 3727 3867 3794 ἀνοήτου

2275 3821 2613 3890 στρατηγίας
2635 3820 2664 3871 ὸ
2687 3821 2882 3888 φθόνος
2909 3822 3052 3873 κατὰ
3078 3820 3186 3872 τῶν
3221 3819 3506 3888 Ῥωμαίων
3533 3817 3864 3887 ἐϐράϐευσε,

2277 3912 2370 3964 καὶ
2417 3911 2714 3981 τοιοῦτονὴ
2757 3911 3028 3981 βάσκανος
3081 3912 3326 3981 Νέμεσις
3369 3911 3512 3964 κατὰ
3543 3911 3652 3964 τῶν
3701 3910 3865 3964 εὑτυο

2272 4001 2561 4073 χησάντων
2594 4005 2861 4075 πρότερον
2901 4003 3194 4074 Ῥωμαίων
3219 4005 3278 4058 τὸ
3305 4005 3568 4076 τρόπαιον
3609 4003 3860 4075 ἔστησεν.

2349 4183 2449 4257 νβ’.
2490 4184 2652 4239 Ἀλλά
2703 4184 2770 4238 τά
2820 4185 2920 4255 μέν
2973 4185 3112 4257 πρὸς
3157 4183 3450 4253 ἀνίσχοντα
3485 4181 3639 4252 ἣλιον
3685 4181 3862 4245 οὕτως

2277 4261 2392 4348 εἶχε
2424 4278 2568 4331 κατά
2600 4279 2727 4340 τοὺς
2758 4276 2987 4347 χρόνους
3013 4277 3112 4345 τῆς
3153 4274 3412 4338 εὐσεϐοῦς
3447 4274 3732 4346 βασιλείας
3755 4273 3862 4327 Βα-

2228 4389 2232 4392 '
2280 4370 2504 4432 σιλείου,
2545 4370 2613 4422 τά
2641 4369 2699 4421 δέ
2730 4369 2869 4437 πρὸς
2897 4368 3158 4437 δυόμενον
3199 4367 3433 4438 ἔρχομαι
3469 4367 3860 4438 διηγήσασθαι.

2290 4460 2626 4522 ’Λκολούθως
2677 4459 2789 4530 γὰρ
2845 4463 2959 4522 τοῖς
3003 4460 3212 4523 λοιποῖς
3267 4461 3364 4513 καὶ
3415 4461 3524 4514 τῶν
3569 4460 3715 4513 κοιτά
3767 4459 3864 4529 τὴν

2288 4551 2565 4622 Ἑσπέραν
2608 4553 2953 4622 πραγμάτων
2987 4553 3080 4605 ἐπὶ
3137 4552 3300 4606 πλέον
3334 4553 3723 4624 ἀμεληθέντων
3773 4551 3866 4604 ἐπὶ

2279 4640 2383 4711 τῆς
2423 4640 2704 4712 βασιλείας
2745 4641 2840 4694 τοῦ
2871 4641 3114 4712 Μιχαὴλ,
3151 4643 3244 4695 καὶ
3285 4642 3470 4712 πάσης
3507 4642 3693 4712 σχεδον
3736 4643 3866 4696 Ἰτα-

2280 4731 2425 4798 λίας,
2458 4735 2556 4804 ὅση
2587 4735 2657 4805 τῇ
2707 4733 2832 4785 καθ’
2863 4735 3012 4804 ἡμᾶς
3061 4735 3160 4805 νέᾳ
3212 4732 3399 4804 Ῥώμῃ
3447 4732 3862 4804 προαφώριστο,

2279 4826 2375 4878 καὶ
2399 4823 2507 4878 τῶν
2537 4825 2808 4880 πλείστων
2839 4827 3219 4896 τῆςεΣικελίας
3244 4827 3348 4879 ὑπὸ
3381 4825 3484 4894 τῆς
3509 4829 3865 4896 γειτονούσης

2280 4919 2391 4972 τῶν
2429 4920 2826 4993 ,Κα-ρρὲηδονίων
2869 4923 3153 4990 δυνάμεως
3188 4919 3743 4992 καταπολεμηθείσης
3773 4919 3862 4977 καὶ

2283 5013 2564 5084 ὑποφέρου
2593 5016 2705 5075 τοῖς
2753 5013 3050 5084 βαρϐάροις
3085 5014 3486 5083 γεγενημένης,
3538 5015 3618 5067 ἔτι
3661 5033 3726 5083 γε
3761 5015 3861 5085 μὴν

2283 5105 2379 5159 καὶ
2406 5106 2515 5157 τῶν
2538 5107 2594 5157 ἐν
2629 5106 2898 5176 Παννονίᾳ
2927 5107 3022 5159 καὶ
3045 5105 3325 5177 Δαλματίᾳ
3353 5107 3448 5159 καὶ
3473 5107 3583 5162 τῶν
3607 5108 3861 5160 ἐπέκεινα

2281 5197 2488 5249 τούτων
2543 5197 2909 5266 διακειμένων
2957 5198 3203 5260 Σκυθῶν,
3262 5197 3553 5265 Κρωϐάτοι
3598 5200 3743 5270 φημὶ
3773 5198 3860 5250 καὶ

2284 5289 2510 5358 Σέρϐλοι
2552 5289 2646 5342 καὶ
2678 5290 2988 5360 Ζαχλουαοὶ
3027 5290 3431 5362 Τερϐουνιῶταί
3468 5309 3527 5344 τε
3559 5292 3654 5344 καὶ
3681 5293 3860 5344 Κανα-

2282 5380 2426 5431 λῖται
2453 5380 2545 5432 καὶ
2581 5382 2962 5451 Διοκλητιανοὶ
2989 5385 3084 5435 καὶ
3120 5383 3419 5449 Ῥεντανοὶ,
3452 5386 3550 5454 τῆς
3597 5383 3859 5438 ἀνέκαθεν

2281 5473 2393 5525 τῶν
2439 5472 2727 5544 Ῥωμαίων
2758 5476 3115 5546 ἐπικρατείας
3137 5478 3545 5548 ἀφηνιάσαντες
3574 5474 3859 5545 αὐτόνομοί

2284 5582 2346 5618 τε
2408 5568 2502 5620 καὶ
2551 5567 2942 5624 αὑτοδέσποτοι
2997 5571 3437 5644 καθεστήκεισαν
3466 5572 3532 5640 δ’,
3560 5570 3668 5627 ὑπὸ
3717 5568 3859 5624 ίδίων

1889 5739 2126 5796 VARI/IS
2163 5742 2574 5802 LECTIONES.

665 5841 712 5878 ³⁷
752 5842 1080 5902 Barberinus
1106 5848 1501 5921 Χρυσόϐουλον.
1578 5853 1623 5887 ⁸⁸
1656 5855 1795 5909 κατά
1821 5854 1888 5910 τὰ
1923 5855 2091 5911 πολλὰ
2124 5857 2180 5913 Ρ.

2291 5863 2335 5899 δ’
2369 5861 2825 5926 καθειστήκεισαν
2847 5866 2915 5926 Ρ.
