4144 6420
603 315 715 379 301

606 529 692 582 nis
711 539 920 598 gestum
958 539 1097 595 erat,
1133 531 1404 595 videntes,
1429 548 1567 602 quas
1595 534 1759 602 paulo
1781 535 2039 603 superius
2069 551 2184 587 me-

605 621 818 675 moravi
851 622 1126 689 nationes,
1161 621 1422 678 Cltrobati
1475 625 1736 680 nimirum
1785 635 1838 680 et
1901 626 2074 681 Serbli
2135 637 2189 680 et

607 713 827 782 reliqui,
868 713 1096 784 ejusque
1123 715 1213 784 qui
1247 725 1362 770 tum
1412 732 1596 771 rerum
1647 718 1916 786 potiretur
1955 718 2188 786 aequita-

608 817 714 861 tem
748 806 804 860 in
831 808 1479 878 omnibusquejustitiam
1507 819 1559 863 et
1590 812 1844 864 virtutem
1880 811 2186 874 audientes,

606 899 854 967 beneque
881 900 1106 955 subesse
1138 918 1300 972 quam
1339 904 1645 972 periculose
1674 919 1922 971 ausaque
1953 913 2188 957 temera-

607 993 690 1046 rio
713 1007 952 1063 praeesse
995 1009 1058 1049 ac
1097 995 1364 1063 imperare
1396 997 1568 1064 pluris
1623 995 1908 1059 facientes,
1962 1011 2185 1062 cperam

608 1086 873 1141 adhibent
927 1095 986 1140 ut
1046 1087 1113 1141 ad
1184 1087 1476 1156 pristinum
1547 1089 1772 1142 redeant
1846 1089 2185 1143 dominatum

609 1178 920 1248 iterumque
953 1177 1213 1232 Romanis
1253 1179 1514 1233 serviant.
1550 1179 1729 1246 Quare
1772 1189 1825 1234 et
1854 1182 1955 1250 ipsi
2000 1191 2186 1236 orato-

609 1285 698 1325 res
728 1271 952 1324 mittunt
983 1270 1050 1323 ad
1084 1271 1496 1339 imperatorem,
1531 1281 1645 1326 tum
1692 1273 1906 1327 scilicet
1957 1274 2050 1342 qui
2089 1290 2182 1328 ea-

609 1362 733 1416 dem
768 1361 885 1430 ipsa
919 1363 1239 1432 integraque
1265 1364 1529 1433 religione
1567 1365 1907 1429 defecerant,
1940 1375 2056 1421 tum
2087 1367 2180 1436 qui

610 1469 842 1510 excussa
866 1455 1040 1525 prima
1072 1471 1170 1511 sua
1201 1458 1466 1514 servitute
1498 1459 1599 1529 ipsi
1631 1470 1821 1529 sponte
1855 1461 2187 1530 baptismum

611 1559 839 1615 prorsus
883 1548 1269 1617 ejuraverant;
1322 1567 1600 1622 quamque
1645 1554 1806 1609 utiles
1858 1555 2190 1624 quandoque

611 1639 878 1695 Romanis
904 1641 1252 1697 exstitissent
1296 1655 1606 1714 opportune
1661 1655 2051 1710 memorantes,
2099 1663 2191 1701 ro-

609 1738 916 1802 gantesque
953 1733 1360 1791 humanis-almo
1386 1733 1647 1792 Romamn
1685 1739 2092 1807 potentitejugo
2124 1755 2188 1794 ac

614 1823 762 1879 illius
793 1825 1008 1880 ductori
1053 1829 1367 1896 rectorique
1415 1829 1633 1897 subjici.
1682 1828 1886 1884 Horum
1940 1831 2080 1886 votis
2125 1847 2190 1886 ac

614 1916 881 1984 petitioni,
915 1927 974 1972 ιιι
1014 1934 1135 1988 quae
1183 1919 1281 1973 niti
1330 1921 1542 1976 ratione
1588 1921 1924 1987 viderentur,
1962 1939 2019 1978 se
2056 1922 2190 1977 faci-

613 2009 718 2063 lem
772 2012 1020 2080 pra-hens
1072 2013 1372 2082 imperator
1405 2014 1639 2086 (quippe
1679 2017 1772 2087 qui
1813 2019 1975 2072 etiam
2030 2027 2188 2073 antea

612 2116 716 2169 pro
747 2103 857 2158 illis
881 2105 1048 2158 animi
1072 2116 1364 2173 angeretur
1389 2117 1553 2177 atque
1587 2109 1818 2172 doleret,
1847 2110 1994 2164 velut
2023 2109 2190 2164 ditio-

614 2195 700 2251 nis
731 2210 845 2250 suae
871 2211 980 2250 non
1014 2199 1233 2253 modica
1266 2200 1445 2255 accisa
1488 2209 1640 2269 parte
1686 2210 1953 2273 raptaque
1982 2219 2046 2258 ac
2076 2202 2191 2256 dis-

613 2285 838 2356 cerpta)
870 2289 1104 2356 placide,
1133 2291 1594 2358 quemadmodum
1629 2294 2062 2350 humanissimus
2094 2311 2191 2364 pa-

616 2389 699 2431 ter
733 2377 906 2432 ﬁlium
944 2381 1036 2448 qui
1063 2381 1228 2435 stulte
1262 2383 1551 2452 imperium
1602 2386 1935 2441 detrectarat
1963 2388 2192 2443 ductus-

613 2483 724 2538 que
748 2471 1073 2538 paenitentia
1101 2471 1362 2536 redierat,
1397 2475 1514 2543 ipse
1545 2492 1764 2545 quoque
1804 2478 1936 2532 istos
1971 2479 2193 2534 admisit

615 2569 782 2631 atque
811 2563 1048 2632 recepit;
1079 2579 1144 2618 ac
1175 2567 1359 2618 statim
1400 2582 1524 2620 cum
1563 2569 1669 2624 illis
1694 2553 2024 2624 sacerdotes
2063 2586 2192 2624 suo-

615 2667 722 2724 que
749 2654 972 2709 nomine
1002 2655 1311 2726 delegatum
1349 2657 1624 2713 hominem
1652 2661 1819 2725 misit,
1849 2669 1906 2714 ut
1936 2669 2060 2714 ante
2087 2662 2192 2716 alia

618 2745 690 2799 ab
721 2745 842 2813 ipso
863 2746 1168 2800 animarum
1197 2749 1438 2816 perieulo
1470 2767 1565 2805 eos
1596 2753 1830 2820 eriperet
1859 2767 1922 2806 ac
1953 2753 2196 2822 pristina:

618 2835 744 2890 ﬁdei
791 2838 1124 2899 restitueret,
1172 2851 1335 2905 atque
1381 2855 1446 2894 ex
1485 2841 1720 2905 delictis,
1765 2858 1888 2911 qua:
1924 2844 2006 2897 vel
2047 2845 2195 2913 igno-

621 2923 796 2977 rantia
835 2924 998 2993 292
1035 2927 1115 2978 vel
1143 2926 1416 2992 dementia
1449 2943 1512 2982 ac
1551 2931 1862 2985 temeritate
1902 2943 2195 2987 contraxe-

620 3022 765 3077 rant,
801 3015 1076 3069 liberaret.
1121 3017 1343 3073 Peracto
1371 3031 1554 3074 autem
1592 3023 1848 3091 religioso
1880 3025 2193 3081 istiusmodi

1687 320 2195 379 ΤΠΕΟΡΗΑΝΕΞ
2229 322 2795 386 CONTINUATUS.

678 435 836 505 291
873 437 962 491 54.
997 435 1156 501 Quod
1186 438 1259 490 ita
1295 436 1663 492 Dalmatarum
1695 440 1915 494 auxiliis
1937 455 1965 492 a
1992 441 2191 494 Roma-
2225 446 2264 500 Α

3758 327 3853 398 303

2365 441 2457 496 νδ’.
2493 445 2565 496 Τὸ
2595 445 2651 497 δὲ
2681 446 2809 514 περὶ
2835 446 2960 508 τοὺς
3014 449 3070 498 ἐν
3102 447 3385 518 Δαλματίᾳ
3428 448 3578 518 ⁸παρὰ
3603 451 3698 520 τῆς
3733 450 3853 508 Ῥωο

2293 539 2496 607 μαῖκῆς
2521 539 2842 608 ἐπικουρίας
2864 541 3088 607 γεγονὸς
3109 541 3204 593 καὶ
3228 541 3297 593 τὰ
3315 559 3352 592 π
3362 560 3529 612 ρομνη
3541 545 3851 612 μονευθέντα

2289 627 2420 699 γένη
2453 627 2804 699 θεασάμενοι.
2838 631 2968 683 οἵτε
3000 633 3287 700 Χρωὸάτοι
3333 635 3424 686 καὶ
3452 615 3672 704 Σέρϐλοι
3697 638 3785 690 καὶ
3810 639 3855 690 oi

2289 719 2487 784 λοιποὶ,
2521 720 2615 772 καὶ
2667 721 2762 773 τοῦ
2815 722 2940 792 ἄρτι
2988 722 3363 790 βασιλεύοντος
3431 724 3714 794 Ῥωμαίων
3767 727 3858 800 τὴν

2292 810 2599 864 ἐπιείκειαν
2646 814 2742 865 καὶ
2787 815 2916 882 περὶ
2947 817 3122 868 πάντα
3178 815 3524 882 δικαιοσύνην
3552 820 3643 870 καὶ
3669 820 3858 890 ἀρετὴν

2289 903 2710 973 πυνθανόμενοι,
2742 906 2836 958 καὶ
2863 907 2924 959 τὸ
2950 907 3131 970 καλῶς
3150 908 3413 979 ἄρχεσθαι
3437 909 3530 960 τοῦ
3555 911 3860 978 ἐπισφαλῶς

2290 996 2354 1047 ἐκ
2375 995 2720 1066 θρασύτητος
2737 997 2926 1066 ἄρχειν
2948 1000 3360 1067 προκρίναντες,
3391 999 3626 1070 σπουδὴν
3661 1001 3862 1054 ποιοῦν·

2290 1103 2380 1140 ται
2413 1087 2576 1141 πάλιν
2605 1089 2684 1152 εἰς
2722 1088 2819 1156 τὴν
2854 1090 3128 1158 προτέραν
3179 1090 3500 1142 δεσποτείαν
3557 1092 3861 1145 ὲπανελθείν

2291 1178 2385 1230 xei.
2413 1179 2548 1246 πρὸς
2572 1177 2669 1248 τὴν
2711 1179 3028 1248 Ῥωμαϊκὴν
3051 1181 3426 1248 ἐπαναχθῆναι
3457 1180 3734 1236 δούλωσιν.
3765 1183 3864 1235 Καὶ

2289 1269 2354 1338 δὴ
2385 1270 2521 1340 πρὸς
2550 1271 2709 1324 τοῦτο
2740 1272 2833 1324 καὶ
2867 1273 3125 1342 πρέσϐεις
3161 1275 3255 1325 καὶ
3281 1275 3437 1326 αὐτοὶ
3480 1274 3614 1344 πρὸς
3648 1275 3734 1326 τὸν
3771 1273 3863 1343 βα-

2293 1361 2446 1414 σιλέα
2477 1362 2810 1432 πέμπουσιν,
2844 1364 2899 1416 οἵ
2945 1381 3002 1416 τε
3035 1364 3175 1433 μετὰ
3219 1366 3320 1434 τῆς
3359 1366 3532 1436 αὐτῆς
3581 1365 3866 1435 θρησκείας

2291 1453 2770 1526 ἅποστατήσαντες
2801 1458 2895 1510 καὶ
2922 1459 2971 1509 οἱ
3005 1457 3211 1510 τέλειον
3245 1458 3338 1509 τοῦ
3377 1457 3530 1511 θείου
3569 1458 3872 1528 βαπτίσμα-

2297 1559 2381 1607 1τος
2410 1546 2989 1616 ἀπαυτομολήσαντες,
3048 1550 3144 1618 τῆς
3181 1566 3236 1602 τε
3291 1550 3337 1582 ⁸⁸
3371 1549 3442 1614 ἐξ
3493 1550 3666 1620 ἀρχῆς
3707 1551 3876 1604 αὐτῶν

2291 1637 2608 1703 δουλώσεως
2667 1639 2763 1692 καὶ
2817 1643 2896 1704 είς
2938 1643 3037 1694 ὅσα
3081 1642 3378 1711 Ῥωμαίοις
3445 1644 3702 1711 γεγόνασί
3753 1662 3873 1697 ποτε

2295 1731 2559 1801 χρήσιμοι
2589 1732 2861 1802 εὐκαίρως
2891 1735 3435 1804 ὑπομιμνήσκοντες,
3476 1735 3572 1788 καὶ
3613 1735 3876 1799 ἀξιοῦντες

2293 1827 2357 1894 τῇ
2386 1824 2755 1895 φιλανθρώπῳ
2789 1825 2992 1898 ζεύγλῃ
3018 1828 3116 1896 τῆς
3159 1826 3485 1898 Ῥωμαϊκῆς
3524 1827 3765 1892 ἐξουσίας
3793 1832 3876 1883 καὶ

2294 1919 2400 1970 ὑπὸ
2427 1918 2504 1988 τῷ
2527 1920 2733 1990 ταύτης
2764 1920 3043 1991 ἀγελάρχῃ
3068 1921 3359 1974 τάττεσθαι
3403 1925 3499 1975 καὶ
3543 1923 3758 1987 αὐτούς.
3787 1916 3879 1976 Ὧν

2292 2011 2368 2073 ὼς
2394 2011 2616 2078 εὐλόγου
2640 2013 2736 2080 τῆς
2765 2013 3004 2081 δεήσεως
3045 2013 3354 2073 ἐπακούσας
3390 2017 3422 2067 ὁ
3459 2013 3736 2083 βασιλεὺς,
3769 2018 3878 2068 ἐπεὶ

2293 2105 2386 2157 καὶ
2421 2105 2526 2174 πρὸ
2554 2104 2746 2157 τούτου
2797 2105 3082 2174 ἐδυσφόρει
3112 2107 3240 2174 περὶ
3285 2106 3475 2159 αὐτῶν
3501 2107 3594 2158 καὶ
3626 2107 3880 2177 ἣσχαῖιλεν

2293 2196 2368 2260 ὡς
2395 2196 2455 2248 οὐ
2487 2196 2670 2266 μικρῷ
2705 2197 2864 2267 μέρει
2897 2197 3380 2269 περικεκομμένης
3420 2198 3516 2250 καὶ
3548 2199 3881 2270 διηρπασμέ-

2293 2307 2392 2359 νης
2447 2290 2556 2360 τῆς,
2601 2289 2769 2344 αὐτοῦ
2815 2285 3010 2360 ἀρχῆς,
3053 2289 3317 2359 εὐμενῶς,
3369 2288 3452 2352 ὡς
3496 2289 3586 2342 τον
3641 2289 3882 2358 ἀφρόνως

2294 2381 2674 2450 ἀφηνιάσαντα
2726 2383 2861 2446 υίδν,
2918 2377 3038 2434 εἶτα
3092 2381 3434 2451 μεταγνόντα
3495 2384 3589 2433 καὶ
3623 2381 3882 2452 ὑποστρέέ

2294 2471 2469 2540 ψαντα
2523 2474 2550 2524 ό
2607 2472 2993 2544 φιλάνθρωπος
3051 2473 3262 2542 πατὴρ,
3316 2473 3414 2525 καὶ
3452 2475 3616 2537 αὐτὸς
3669 2473 3884 2533 τούτους

2296 2564 2616 2633 προσήκατο
2661 2563 2754 2616 καὶ
2807 2563 3114 2628 ἀνεδέξατο,
3151 2564 3244 2617 καὶ
3291 2565 3462 2635 ἱερεῖς
3514 2550 3718 2627 εὐθέως
3755 2563 3884 2633 μετὰ

2297 2655 2391 2707 καὶ
2425 2655 2704 2725 βασιλικοῦ
2745 2655 3037 2726 ἀνθρώπου
3079 2657 3174 2710 σὺν
3235 2657 3422 2719 αὐτοῖς
3477 2656 3882 2723 ἐξαπέστειλεν,

2297 2748 2372 2811 ὠς
2401 2750 2467 2802 ἂν
2499 2749 2605 2818 πρὸ
2639 2749 2746 2802 τῶν
2770 2748 2945 2803 ἄλλων
2975 2745 3068 2801 τοῦ
3091 2749 3136 2781 ⁵⁷
3169 2748 3404 2818 ψυχικοῦ
3449 2749 3679 2810 τούτους
3710 2746 3881 2800 κινδύ-

2297 2859 2390 2894 νου
2426 2841 2677 2912 ἐξέληται
2728 2844 2823 2896 καὶ
2856 2843 2992 2912 πρὸς
3016 2843 3115 2910 τὴν
3167 2842 3442 2911 προτέραν
3470 2843 3660 2894 πίστιν
3687 2845 3882 2894 ἐπανα-

2303 2934 2546 3004 σώσηται
2600 2935 2694 2987 καὶ
2753 2935 2860 2986 τῶν
2917 2934 2976 2998 ἐξ
3010 2933 3231 3001 ἀγνοίας
3279 2932 3312 3000 ἢ
3374 2933 3564 2994 ἀνοίας
3607 2932 3889 2998 ἀπαλλάξῃ

2301 3025 2788 3096 πλημμελημάτων
2819 3025 3037 3086 αὐτούς.
3071 3023 3416 3085 ’Λνυσθέντος
3443 3023 3501 3075 δὲ
3529 3025 3625 3076 τοῦ
3649 3025 3890 3076 τοιούτου

619 3117 804 3174 apere,
833 3107 1156 3176 cunctisque
1186 3110 1371 3163 divino
1413 3111 1739 3181 baptismate
1771 3115 2066 3185 impartitis
2110 3127 2193 3173 at-

2301 3117 2580 3186 θεοφιλοῦς
2616 3117 2800 3187 ἔργου,
2834 3117 2928 3170 καὶ
2953 3117 3170 3169 πάντων
3204 3114 3298 3168 τοῦ
3333 3116 3478 3167 θείου
3509 3117 3894 3184 μετασχόντων

620 3211 729 3266 que
750 3195 1123 3253 Roma-norum
1152 3201 1396 3257 fascibus
1421 3205 1720 3269 inclinatis,
1758 3207 1861 3262 hac
1890 3221 2040 3277 parte
2071 3210 2198 3264 red-

623 3287 933 3357 integratus
987 3297 1074 3344 est
1128 3291 1476 3360 imperatoris
1565 3297 1928 3364 principatus,
1985 3302 2198 3353 cunctis

623 3379 1022 3436 humanissima
1065 3383 1187 3452 ejus
1237 3385 1487 3453 jussione
1537 3401 1605 3439 ex
1665 3389 1781 3442 suis
1843 3389 2200 3458 ejusdemque

621 3473 796 3542 gentis
820 3474 1156 3541 hominibus,
1187 3477 1539 3545 magistratus
1568 3489 1946 3548 rectoresque,
1971 3481 2062 3550 qui
2093 3481 2200 3536 illis

621 3565 856 3635 imperio
921 3578 1240 3636 praeessent,
1284 3569 1702 3637 acciplentibus.
1742 3569 1860 3624 Non
1905 3573 2049 3626 enim
2111 3573 2200 3628 ille

623 3659 977 3728 magistratus
1007 3660 1115 3713 illis
1142 3662 1466 3730 praepositos
1490 3663 1709 3716 venales
1742 3663 1953 3728 habuit,
1985 3675 2043 3718 ut
2074 3666 2201 3722 inde

621 3765 795 3819 eaque
822 3752 1058 3814 ratione,
1095 3752 1189 3820 qui
1216 3753 1338 3821 plus
1371 3753 1563 3808 darent
1598 3771 1774 3824 exque
1803 3758 2038 3814 subditis
2086 3775 2202 3813 am-

621 3843 766 3910 plius
793 3853 1081 3908 meterent,
1113 3845 1220 3900 illis
1250 3848 1546 3914 praeﬁceret
1577 3864 1590 3911 ;
1629 3849 1722 3902 sed
1752 3851 1843 3918 qui
1872 3852 1940 3904 ab
1963 3851 2042 3906 eis
2067 3852 2202 3921 ipsis

620 3933 778 3986 erecti
814 3941 1002 3988 essent
1049 3948 1114 3988 ac
1169 3935 1317 3998 velut
1370 3936 1632 4008 suﬂ'ragio
1685 3940 1876 4002 creati,
1942 3950 2201 4012 tanquam

622 4024 858 4079 arbitros
887 4027 1243 4096 magistratus
1289 4038 1623 4099 paternaque
1673 4030 2052 4089 benevolentia
2106 4050 2204 4090 eos

621 4128 1034 4188 prosecuturus,
1091 4120 1174 4175 eis
1225 4137 1325 4190 pro
1382 4122 1614 4192 imperio
1679 4139 1912 4194 praeesse
1967 4128 2203 4196 pruden-

625 4221 707 4266 ter
773 4213 1089 4268 constituit.
1148 4215 1324 4284 Atque
1385 4215 1502 4270 brcc
1563 4216 1786 4286 quidem
1842 4219 1912 4272 ita
1980 4235 2038 4274 se
2111 4222 2206 4274 lia-
2256 4205 2260 4210 ’

557 4357 560 4360 .
621 4305 810 4360 buere.

693 4395 787 4451 55.
815 4397 970 4464 Quod
1005 4413 1136 4452 vero
1157 4398 1400 4462 barbari,
1433 4398 1526 4466 qui
1557 4399 1636 4452 sic
1667 4401 1914 4469 neglecto
1941 4403 2206 4470 segniter-

2301 3207 2680 3276 βαπτίσματος
2733 3207 2825 3258 καὶ
2874 3209 2952 3268 εἰς
2997 3207 3094 3276 τὴν
3128 3207 3446 3276 Ῥωμαϊκὴν
3484 3208 3897 3260 ἐπανελθόντων

2301 3298 2638 3360 ὑπόπτωσιν,
2669 3297 2885 3361 ἐδέξατο
2916 3301 3054 3351 κατά
3080 3298 3236 3352 τοῦτο
3257 3299 3314 3352 τὸ
3343 3299 3511 3369 μέρος
3538 3299 3640 3370 τὴν
3670 3301 3903 3370 ὁλοκλη-

2304 3389 2424 3460 ρίαν
2452 3390 2771 3460 ἠβασιλέως
2793 3390 2957 3461 ἀρχὴ,
2993 3395 3211 3445 πάντων
3235 3391 3613 3461 φιλανθρώπῳ
3646 3392 3742 3444 τοῦ
3770 3411 3906 3461 κρα-

2299 3482 2517 3544 τοῦντος
2551 3483 2931 3552 προστάγματι
2965 3485 3028 3536 ἐκ
3060 3485 3168 3535 τῶν
3203 3486 3422 3536 οἰκείων
3461 3485 3558 3534 καὶ
3607 3485 3909 3552 ὁμοφύλων

2299 3574 2608 3644 δεξαμένων
2639 3575 2906 3646 ἄρχοντας
2934 3579 3011 3638 είς
3041 3577 3364 3629 ἐπιστασίαν
3417 3573 3628 3627 αὐτῶν.
3670 3577 3748 3627 Οὐ
3797 3578 3912 3648 γὰρ

2301 3667 2492 3726 ὠνίους
2524 3669 2730 3730 ἐκεῖνος
2758 3667 2854 3729 τὰς
2884 3668 2962 3730 εἰς
2988 3668 3088 3736 τὴν
3114 3667 3160 3698 ⁵⁸
3189 3665 3521 3719 ἐπιστασίαν
3545 3663 3734 3716 αὐτῶν
3761 3663 3915 3735 εἶχεν

2303 3758 2476 3830 ἀρχὰς
2505 3759 2572 3825 δ’,
2602 3759 2669 3811 ἵν’
2689 3758 2939 3812 ἐντεῦθεν
2967 3757 3092 3820 τοὺς
3126 3758 3309 3810 πλεῖον
3331 3755 3594 3816 διδόντας
3618 3756 3717 3807 καὶ
3749 3759 3926 3808 καλα-

2307 3852 2590 3922 μωμένους
2615 3851 2779 3903 αὐτοῦ
2815 3851 2873 3903 τὸ
2899 3852 3138 3920 ὑπήκοον
3167 3853 3244 3912 είς
3276 3851 3335 3901 τὸ
3380 3849 3474 3902 τού
3501 3863 3613 3898 των
3652 3851 3928 3916 κατεξου-

2997 3943 3090 3994 κα“ι
3122 3941 3210 3992 διὰ
3236 3941 3396 3992 τοῦτο
3426 3938 3571 4000 τούς
3604 3939 3700 3991 ὐπ’
3737 3943 3921 3996 αὐτῶν

2306 4034 2530 4085 ἐκείνων
2577 4031 2970 4100 ἐκλεγομένους
3014 4033 3105 4082 καὶ
3150 4030 3311 4082 οἱονεὶ
3357 4033 3915 4101 χειροτονουμένους,

2306 4125 2381 4186 ὡς
2435 4124 2685 4194 αἱρετοὺς
2719 4113 3011 4192 ἄρχοντας’
3039 4122 3133 4174 καὶ
3195 4125 3470 4191 πατρικὴν
3534 4123 3681 4191 πρὸς
3716 4127 3914 4190 αὐτοὺς

2306 4215 2595 4278 διασώζειν
2633 4213 2948 4282 ὀφείλοντας
2981 4213 3218 4275 εὔνοιαν,
3270 4215 3459 4282 ἄρχειν
3491 4214 3686 4269 αὐτῶν
3722 4234 3912 4272 νουνε-

2307 3943 2515 4006 σιάζειν
2550 3941 2922 4013 προϐάλληται
2944 3958 2956 3970 ·

2309 4310 2418 4379 χῶς
2447 4309 2759 4376 διωρίσατο.
2797 4307 2900 4358 Καὶ
2931 4307 3100 4358 ταῦτα
3131 4305 3229 4370 μὲν
3250 4305 3442 4378 ταύτῃ.

2385 4401 2470 4472 [Ρ.
2505 4399 2631 4470 181]
2659 4396 2750 4451 νε’.
2800 4399 2955 4450 Ἐπεὶ
3004 4399 3057 4450 δὲ
3079 4399 3127 4450 οἱ
3156 4399 3248 4450 ἐπὶ
3277 4400 3374 4463 τῆς
3423 4399 3705 4468 ἐκμελοῦς
3738 4421 3797 4456 τε
3826 4401 3916 4455 καὶ

623 4505 730 4558 que
759 4491 1152 4545 administrate
1179 4490 1412 4558 imperio
1459 4491 1513 4544 in
1574 4489 1881 4546 Romanam
1938 4493 2198 4548 ditionem

2317 4492 2562 4564 ῥᾳθύμου
2593 4489 2873 4560 βασιλείας
2925 4489 3061 4560 πρὸς
3088 4491 3186 4558 τὴν
3217 4490 3581 4561 ἐπικράτειαν
3617 4496 3735 4547 τῶν
3783 4495 3914 4547 Ῥωο

628 4583 956 4650 trajecerant
1005 4584 1258 4652 pulsique
1293 4581 1534 4653 Ragusio
1562 4583 1800 4650 fuerant,
1842 4587 1918 4640 uti
1959 4586 2070 4655 jam
2127 4589 2208 4641 di-

626 4685 774 4729 ctum
818 4687 922 4740 est,
959 4677 1139 4730 adhuc
1171 4677 1226 4730 in
1272 4676 1422 4731 Italia
1462 4681 1570 4732 tlxo
1601 4679 1736 4747 pede
1776 4681 2038 4734 continue
2083 4697 2202 4735 eam

626 4769 980 4823 incursabant
1008 4771 1234 4839 direque
1272 4770 1612 4836 desolabant,
1672 4781 1889 4826 centum
1929 4771 2204 4840 quinqua-

627 4863 776 4932 ginta
813 4864 1038 4921 munitis
1067 4863 1305 4932 oppidis,
1330 4880 1435 4932 qua
1463 4872 1764 4933 spontanea
1795 4865 2067 4918 deditione
2101 4880 2208 4934 qua

608 4951 922 5009 'obsidione
957 4954 1122 5025 vique
1151 4957 1204 5008 in
1235 4964 1559 5024 potestatem
1601 4972 1756 5010 suam
1793 4956 2052 5018 redactis,
2103 4951 2210 5010 au-

592 5024 598 5032 ’
627 5045 786 5101 dicas
815 5024 1112 5115 imperator
1146 5047 1304 5101 valde
1333 5047 1520 5100 animo
1573 5047 2021 5102 discruciabatur
2051 5064 2064 5113 ;
2108 5049 2208 5102 lio-

631 5153 862 5208 rumque
894 5140 1264 5195 sollicitudine
1292 5139 1582 5210 invigilans
1641 5141 1859 5194 modum
1913 5143 2207 5210 quaerebat,

628 5245 739 5299 quo
769 5231 928 5287 facile
952 5233 1033 5287 vel
1067 5235 1251 5287 hostes
1274 5233 1492 5300 penitus
1540 5231 1767 5287 fundere
1818 5234 2006 5287 liceret
2046 5235 2129 5288 vel
2181 5251 2209 5288 a

629 5319 875 5377 Romana
916 5325 1110 5378 saltem
1141 5323 1331 5392 procul
1357 5325 1563 5377 ditione
1609 5324 1828 5394 abigere
1874 5339 1938 5379 ac
1993 5327 2209 5395 propel-

631 5414 761 5470 lere.
787 5413 903 5468 lant
930 5418 1112 5486 itaque
1137 5433 1259 5487 quae
1279 5415 1439 5487 293
1469 5426 1591 5471 ante
1618 5415 2022 5488 Ragusinorum
2048 5432 2211 5473 causa

631 5507 918 5577 gentisque
963 5510 1145 5563 omnis
1199 5509 1571 5563 Dalmatarum
1636 5509 1817 5564 missa:
1851 5508 2067 5565 fuerant
2115 5528 2210 5565 co-

633 5598 755 5666 piae,
799 5597 984 5653 Nic'cta
1009 5599 1263 5672 00typlia
1295 5603 1526 5672 patricio
1565 5603 1812 5666 ductore,
1846 5614 1906 5656 ut
1933 5617 2098 5672 supra
2128 5603 2212 5657 di-

2319 4584 2496 4654 μαίων
2538 4581 2966 4651 διαπεράσαντες
3021 4581 3286 4652 βάρϐαροι
3344 4583 3438 4634 καὶ
3487 4585 3584 4635 τοῦ
3626 4585 3915 4638 Ῥαουσίον

2314 4675 2808 4746 ἀποκρουσθέντες,
2843 4674 3097 4744 καθάπερ
3126 4673 3227 4744 ἤδη
3261 4675 3524 4744 πρότερον
3553 4678 3808 4747 εἴρηται,
3841 4677 3916 4728 ἔτι

2315 4769 2455 4826 κατὰ
2499 4768 2598 4840 τὴν
2641 4767 2872 4821 Ἰταλίαν
2923 4767 3209 4836 διέτριϐον,
3255 4766 3494 4835 συνεχῶς
3529 4771 3710 4840 αὐτὴν
3750 4788 3912 4824 κατα-

2316 4863 2604 4933 τρέχοντες
2627 4863 2720 4914 καὶ
2756 4861 2988 4930 ἀφειδῶς
3010 4860 3348 4930 ληϊζόμενοι,
3375 4860 3447 4922 ὡς
3473 4863 3574 4912 καὶ
3617 4865 3791 4934 μέχρι
3818 4863 3920 4914 τῶν

2318 4958 2660 5027 πεντήκοντα
2681 4956 2775 5008 καὶ
2802 4955 2996 5008 ἑκατὸν
3023 4954 3275 5026 κάστρων
3295 4953 3361 5004 τὰ
3381 4953 3478 5022 μὲν
3502 4955 3567 5006 ἐκ
3598 4957 3920 5026 προδοσίας,

2317 5051 2382 5103 τὰ
2416 5051 2470 5103 δὲ
2503 5048 2782 5119 πολιορκίᾳ
2812 5045 3201 5116 χειρώσασθαι,
3249 5045 3462 5096 ἁκούων
3494 5049 3682 5100 ταῦτα
3709 5052 3737 5100 δ
3771 5049 3925 5119 βασι-

2320 5146 2445 5207 λεὺς
2480 5145 2669 5214 ἠνιᾶτο
2706 5141 2973 5210 σφοδρῶς,
3005 5140 3102 5192 καὶ
3133 5140 3252 5201 ταῖς
3281 5140 3408 5208 περὶ
3448 5140 3670 5194 τούτων
3707 5139 3924 5212 φροντί-

2323 5254 2405 5289 σιν
2440 5234 2805 5305 ἐπαγρυπνῶν
2835 5233 3016 5302 ἐζήτει
3049 5232 3162 5294 πῶς
3196 5231 3259 5284 ἂν
3291 5232 3539 5295 εὐπετῶς
3595 5235 3866 5305 δυνηθείη
3897 5231 3926 5300 ἦ

2319 5328 2518 5390 τελέως
2542 5329 2586 5362 ⁸ο
2637 5324 3028 5397 τροπώσασθαι
3087 5325 3212 5387 τοὺς
3249 5323 3477 5395 ἐχθρούς
3508 5325 3540 5396 ἦ
3577 5327 3688 5379 κᾶν
3742 5330 3805 5378 ἐκ
3834 5326 3928 5392 τῆς

2335 5416 2648 5485 Ῥωμαῖκῆς
2678 5413 3036 5483 ἐπικρατείας
3067 5412 3398 5465 ἀπώσασθαι
3430 5417 3525 5465 καὶ
3579 5415 3847 5482 ἐξελάσαι
3876 5415 3931 5465 1";

2318 5507 2604 5578 δυσμενές.
2642 5505 2751 5558 Καὶ
2787 5505 2884 5567 τὰς
2945 5503 3044 5572 μὲν
3081 5503 3181 5574 ἤδη
3234 5505 3396 5574 χάριν
3432 5503 3539 5554 τῶν
3579 5502 3930 5557 Ῥαουσαίων

2320 5603 2414 5656 καὶ
2447 5602 2568 5652 ὅλου
2598 5599 2693 5651 τοῦ
2720 5599 2906 5660 ἔθνους
2936 5596 3043 5650 τῶν
3075 5597 3375 5667 Δαλματῶν
3405 5596 3933 5665 προαποσταλείσας

1927 5699 2161 5754 VARle
2205 5698 2610 5756 LECTIONES.

711 5789 756 5817 ⁵⁸
784 5805 836 5839 τε
870 5804 978 5841 om.
1020 5789 1083 5843 Α.
1162 5791 1205 5821 ⁸⁷
1248 5792 1476 5862 τοῦ]καί
1513 5793 1569 5845 Ρ.
1647 5793 1690 5825 ³⁸
1721 5794 1815 5862 τὴν
1845 5807 1955 5847 om.
1993 5795 2052 5845 Λ.

2147 5793 2190 5824 ⁵9
2224 5787 2368 5862 εἶχεν
2400 5791 2594 5862 ἀρχὰς,
2630 5788 2722 5861 ἵν’]
2765 5778 2862 5860 οὐχ
2893 5788 3062 5844 ἴνα-Λ.
3135 5787 3186 5818 ⁸ο
3217 5784 3396 5839 τέλεον
3427 5785 3490 5840 Λ.
