4144 6454
364 286 481 352 3Ὣ

1486 282 1614 342 LIB
1663 284 1729 342 V.
1759 308 1831 316 --
1857 282 2210 341 BASILIUS
2242 285 2563 344 MACEDO.

3550 291 3659 353 310

366 397 665 465 δυνάμεις,
700 388 778 447 ὧν
806 388 1004 463 ἦρχεν,
1052 394 1124 455 ὼς
1149 392 1452 459 φθάσαντες
1489 393 1737 463 εἴπομεν,
1771 394 1799 446 6
1830 393 1968 447 κατὰ

2080 394 2282 459 ximus,
2315 396 2583 450 adversus
2616 406 2820 451 tantam
2856 397 3217 454 barbarorum
3249 402 3653 457 multitudinem

362 492 468 543 τὸν
510 489 786 559 Ὠορύφαν
817 486 1068 554 Νικήτας
1116 485 1427 552 πατρίκιος,
1479 485 1580 537 οὐκ
1632 484 1965 555 ἀξιομάχους

368 584 515 655 πρὸς
558 582 837 651 τοσαύτην
868 580 979 633 τῶν
1037 579 1325 649 βαρϐάρων
1372 579 1581 649 πληθὺν
1636 580 1965 649 ἐδοκίμασε,

372 677 625 747 μάλιστα
649 674 737 726 διὰ
768 674 828 725 τὸ
857 672 1051 741 χρείαν
1079 670 1219 724 εἶναι
1246 672 1340 724 καὶ
1377 671 1515 741 πρὸς
1544 672 1643 739 τὴν
1677 672 1968 740 μεσόγαιον

376 769 648 830 πολλάκις
696 766 973 819 ποιεῖσθαι
1035 765 1134 826 τὰς
1168 764 1487 833 συμπλοκὰς
1548 764 1643 817 καὶ
1698 764 1833 818 πολὺ
1868 767 1969 834 τῆς

373 860 659 925 θαλάττης
676 856 1052 926 ἀπαρτᾶσθαι,
1076 857 1212 926 ὅπερ
1236 856 1411 909 ἐδόκει
1439 856 1574 926 πρὸς
1597 857 1787 926 νηΐτην
1806 874 1969 927 στρα-

371 954 469 1005 τὸν
498 951 826 1019 ἀσύμφορον
856 949 951 1002 καὶ
981 948 1241 1001 ἀδύνατον
1262 963 1273 975 ·
1302 948 1466 1011 ἄλλας
1494 948 1550 1001 δὲ
1575 948 1734 1003 πάλιν
1762 950 1854 1003 ἀπ’
1880 953 1967 1003 ἐν-

370 1043 575 1097 τεῡθεν
602 1042 959 1097 ἀποστέλλειν
981 1040 1240 1108 δυνάμεις
1267 1041 1368 1093 οὐκ
1392 1040 1607 1111 ἔκρινεν
1654 1038 1794 1094 εἶναι
1818 1041 1969 1095 λυσι-

376 1138 533 1198 τελὲς
564 1135 651 1188 διά
680 1153 739 1188 τε
770 1135 833 1187 τὸ
868 1136 965 1203 τῆς
1001 1134 1359 1204 ἐκστρατείας
1384 1134 1595 1204 δαπανη
1608 1134 1696 1203 ρὸν
1738 1134 1831 1187 καὶ
1870 1134 1968 1204 τὴν

384 1229 576 1297 χρείαν
601 1227 702 1297 τὴν
745 1226 856 1280 τῶν
895 1226 1129 1279 ἐνταῦθα
1163 1226 1377 1296 χωρῶν.
1432 1227 1542 1280 Καὶ
1572 1226 1808 1289 συνετῶς
1845 1227 1969 1297 βου·-

387 1318 716 1387 λευσὰμενος
775 1318 915 1387 πρὸς
967 1317 1220 1386 Λοδοτχον
1254 1317 1348 1370 τὸν
1376 1317 1522 1387 ρἦα
1557 1319 1841 1386 Φραγγίας
1872 1319 1966 1372 καὶ

381 1412 479 1464 τὸν
508 1414 693 1464 πάπαν
733 1407 958 1479 Ῥώμης
986 1408 1443 1478 διαπρεσϐεύεται
1502 1412 1967 1483 συνεπικουρῆσαι

378 1505 504 1565 ταῖς
539 1499 790 1554 ἐντεῦθεν
822 1499 1090 1569 δυνάμεσι
1115 1500 1206 1551 καὶ
1238 1500 1378 1568 μετὰ
1407 1498 1613 1555 τούτων
1670 1518 1965 1571 συμπαρα-

373 1592 649 1658 τάξασθαι
679 1592 819 1645 κατὰ
849 1590 958 1644 τῶν
978 1593 1036 1643 ὲν
1059 1591 1224 1660 Βάρει
1250 1593 1697 1663 κατοικησάντων
1741 1595 1971 1665 Ἀγαρη.

373 1684 510 1747 τῶν,
533 1682 799 1745 κελεύσας
823 1684 919 1735 καὶ
946 1683 1048 1744 τὰς
1084 1683 1251 1757 ὀλίγῳ
1303 1684 1540 1754 πρόσθεν
1577 1686 1970 1755 μνημονευθεί-

2077 485 2225 541 haud
2278 488 2415 542 satis
2451 503 2610 555 pares
2634 490 2981 555 existimans,
3022 508 3085 546 ac
3109 492 3192 546 vel
3235 494 3474 548 maxime
3508 496 3655 565 quod

2077 578 2132 634 in
2158 580 2568 635 mediterraneis
2591 582 2731 636 haud
2757 598 2880 637 raro
2894 599 3091 639 manus
3108 588 3459 640 conserendre
3474 596 3658 642 essent

2076 673 2400 743 longiusque
2430 692 2459 729 a
2483 678 2615 729 mari
2640 677 3062 739 abscedendum,
3088 679 3229 747 quod
3254 679 3538 734 navalibus
3556 694 3655 734 co—

2076 763 2179 831 piis
2201 764 2345 817 haud
2364 766 2695 820 conduceret
2713 782 2812 821 nec
2848 777 2995 821 certe
3027 767 3097 823 ab
3127 769 3232 822 illis
3260 770 3504 837 praestari
3526 784 3656 839 pos-

2076 855 2338 919 set,alias
2369 871 2498 909 vero
2528 873 2721 913 rursus
2750 857 3014 928 Byzantio
3045 860 3231 929 capias
3260 861 3476 915 mittere
3508 862 3656 916 haud

2078 946 2168 1000 ille
2210 947 2340 1001 utile
2384 957 2581 1016 putans
2606 950 2674 1003 ob
2704 951 3065 1019 expeditionis
3102 953 3300 1007 nimios
3328 963 3574 1023 sumptus
3603 961 3654 1008 et

2073 1039 2368 1095 Orientalis
2403 1051 2609 1097 tractus
2648 1043 2929 1114 regionum
2962 1045 3365 1111 necessitatem,
3399 1046 3655 1115 prudenti

2075 1134 2307 1187 consilio
2340 1134 2476 1188 inito
2509 1136 2573 1189 ad
2603 1135 2943 1190 Lndovicum
2988 1137 3234 1192 Franciaa
3257 1154 3438 1208 regem
3480 1146 3539 1194 et
3586 1139 3656 1192 ad

2076 1223 2385 1278 Romanum
2417 1225 2718 1281 antistitem
2752 1227 2962 1298 legatos
2986 1230 3175 1292 mittit,
3208 1240 3269 1285 ut
3294 1231 3392 1285 abs
3428 1246 3487 1287 se
3513 1230 3650 1285 mis-

2076 1316 2152 1370 sis
2175 1316 2346 1385 copiis
2379 1331 2536 1386 Opem
2568 1318 2743 1374 {erant
2765 1335 2829 1375 ac
2860 1337 2985 1375 cum
3025 1321 3107 1376 eis
3139 1320 3406 1376 adversus
3438 1322 3653 1392 Agere-

2075 1422 2179 1463 nos
2212 1407 2356 1462 Barii
2383 1411 2541 1465 sedes
2572 1410 2832 1466 habentes
2860 1427 3095 1482 pugnant
3126 1413 3422 1477 instruant,
3453 1414 3656 1483 jubens

2077 1506 2137 1552 ut
2164 1508 2219 1553 et
2243 1516 2383 1569 quas
2405 1501 2568 1569 paulo
2595 1511 2725 1556 ante
2753 1506 3204 1567 memoravimus,
3255 1504 3653 1559 Sclavenorum

2077 1601 2266 1659 gentes
2293 1592 2601 1648 institutum
2633 1610 2793 1649 suum
2815 1595 3030 1664 juvant,
3058 1596 3390 1650 transmisso
3420 1596 3650 1665 Ragusii

2076 1683 2377 1738 incolarum
2426 1700 2528 1754 ope
2559 1686 2787 1755 suisque
2820 1686 3067 1754 ipsorum
3092 1687 3323 1757 navigiis
3376 1686 3653 1741 Dalmata-

374 1793 483 1839 σας
504 1773 689 1845 χώρας
708 1774 818 1827 τῶν
840 1772 1168 1843 Σκλαϐηνῶν
1184 1752 1644 1830 συνεπιλαϐέσθαι
1662 1752 1753 1830 τοῦ
1777 1776 1960 1847 ἔργον,

2074 1790 2195 1829 rum
2252 1776 2417 1829 mari.
2473 1775 2588 1831 Hoc
2623 1778 2789 1832 modo
2825 1779 3142 1848 conjunctis
3199 1778 3413 1833 viribus
3462 1779 3655 1848 ingens

366 1870 468 1923 διὰ
518 1867 630 1922 τῶν
664 1865 967 1937 οίκητόρων
1011 1864 1293 1918 Ῥαουσίου
1331 1866 1424 1919 καὶ⁵
1456 1867 1563 1920 τῶν
1613 1871 1745 1939 παρ’
1778 1872 1959 1935 αὐτοῖς

374 1960 667 2031 ἐγχωρίων
700 1956 905 2011 πλοίων
954 1956 1361 2024 περαιωθέντας
1393 1957 1454 2009 τὸ
1479 1958 1710 2026 πέλαγος
1742 1961 1961 2030 Δαλμα-

375 2046 646 2106 *ὤν’Ὦν
686 2048 818 2117 ὁμοῦ
866 2049 1084 2100 πάντων
1134 2048 1515 2118 γεγενημένων
1564 2052 1659 2103 καὶ
1721 2054 1965 2123 μεγάλης

389 2141 773 2213 ἀθροισθείσης
807 2140 1116 2210 δυνάμεως,
1143 2140 1266 2192 ἐπεὶ
1304 2141 1396 2194 καὶ
1421 2143 1449 2193 6
1492 2142 1798 2210 Ῥωμαϊκὸς
1837 2146 1970 2199 ναύ-

392 2252 563 2305 αρχος
608 2236 816 2287 συνέσει
872 2234 967 2286 καὶ
1001 2233 1197 2305 ἀνδρίᾳ
1247 2234 1381 2287 πολὺ
1447 2234 1667 2301 πάντων
1730 2237 1968 2309 διέφερε,

383 2328 581 2382 θᾶττον
602 2328 636 2396 ή
667 2327 830 2397 Βάρις
866 2327 1168 2381 ἁλίσκεται.
1205 2328 1316 2380 Καὶ
1349 2326 1405 2379 τὸ
1442 2328 1540 2397 μὲν
1573 2330 1810 2401 κάστρον
1841 2332 1972 2386 αὐτὸ

386 2423 485 2474 καὶ
507 2425 540 2491 ὴ
572 2422 731 2491 χώρα
761 2422 853 2473 καὶ
879 2422 987 2473 πᾶν
1027 2419 1089 2473 τὸ
1109 2420 1455 2493 αἰχμάλωτον
1476 2422 1575 2485 εἰς’
1593 2422 1691 2493 τὴν
1729 2424 1970 2493 Ῥωμαῖ-

388 2518 492 2584 uiri
548 2515 795 2578 ὲξουσίαν
851 2513 1318 2583 ἀναλαμϐάνεται,
1360 2514 1457 2567 καὶ
1493 2516 1620 2578 τοὺς
1666 2516 1898 2579 οἰκείους
1932 2519 1964 2586 ή

392 2607 545 2675 χώρα
582 2604 959 2674 ἀπολαμϐάνει
987 2606 1301 2675 οἰκήτορας,
1333 2606 1425 2659 τὴν
1451 2606 1509 2659 δὲ
1535 2608 1795 2661 Σολδάνον
1824 2610 1969 2662 ἐκεῖ-

386 2713 480 2749 νον
511 2697 604 2749 καὶ
648 2696 733 2750 τὸν
775 2697 870 2749 ὑπ’
914 2697 1077 2750 αὑτὸν
1109 2696 1234 2750 λαὸν
1281 2698 1390 2751 τῶν
1440 2700 1762 2769 Ἀγαρηνῶν
1807 2702 1835 2753 ὁ
1870 2701 1970 2772 ρὴξ

373 2789 659 2860 Φραγγίας
675 2789 1081 2858 ἀναλαϐόμενο,
1105 2790 1163 2841 ὲν
1192 2790 1394 2861 Καπύῃ
1413 2791 1703 2861 ἀπήγαγεν
1725 2808 1738 2822 ⁸
1765 2792 1969 2861 ταύτης

2068 1879 2384 1924 contractus
2413 1878 2499 1924 est
2523 1856 2838 1937 exercitus;
2890 1873 3150 1941 quodque
3194 1872 3457 1926 Rontanze
3491 1871 3655 1924 classi

2070 1959 2363 2029 praefectus
2403 1962 2563 2032 longe
2614 1963 2873 2017 omnibus
2932 1964 3154 2018 solertia
3216 1979 3280 2018 ac
3336 1962 3657 2017 fortitudine

2070 2062 2394 2122 praestaret,
2446 2055 2671 2109 Barium
2739 2055 2890 2109 brevi
2959 2056 3221 2123 capitur;
3282 2056 3656 2125 oppidumque

2073 2145 2251 2216 ipsum
2283 2156 2336 2201 et
2357 2163 2487 2217 ager
2510 2162 2809 2217 omnesque
2835 2147 3035 2218 captivi
3063 2149 3118 2202 in
3153 2147 3655 2215 Ronmnornnrpo-

2069 2246 2325 2294 testatem
2362 2240 2581 2305 cedunt,
2613 2255 2854 2309 suosque
2903 2240 3056 2309 regio
3113 2241 3261 2295 cives
3303 2254 3370 2294 ac
3416 2239 3649 2294 colonos

2071 2332 2289 2402 recipit.
2322 2332 2435 2386 Rex
2478 2330 2723 2387 Francia:
2747 2332 3048 2387 Soldanum
3074 2331 3227 2386 illum
3282 2331 3653 2398 subditosquc

2075 2425 2386 2480 Saracenos
2429 2425 2534 2480 sibi
2567 2425 2684 2494 ipse
2734 2426 2980 2495 captivos
3023 2407 3249 2479 sumens
3283 2425 3521 2493 Capuam
3558 2421 3656 2476 ad-

2073 2517 2255 2583 duxit,
2308 2517 2469 2586 cujus
2520 2517 2616 2571 illa
2659 2517 2887 2571 ditionis
2925 2525 3040 2571 erat
3074 2526 3133 2571 ut
3157 2526 3212 2570 et
3262 2515 3652 2569 Beneventum.

2076 2609 2342 2679 Huncquc
2373 2609 2537 2681 294
2582 2611 2755 2677 prima
2803 2609 3151 2681 imperatoris
3200 2609 3256 2663 in
3306 2607 3656 2662 Occidentem

2074 2701 2353 2770 expeditio
2387 2712 2547 2754 nacta
2578 2701 2739 2755 linem
2781 2709 2901 2768 est;
2931 2701 3158 2772 ejusque
3181 2699 3373 2771 spoliis
3408 2714 3470 2753 ac
3498 2696 3657 2752 clari-

2080 2800 2190 2846 tate
2221 2792 2357 2845 urbs
2382 2799 2612 2860 augusta
2636 2801 2892 2845 ornatur.

370 2883 485 2952 γὰρ
514 2884 678 2945 αὐτὸς
733 2879 903 2953 ἦρχεν
942 2885 1023 2936 ἔτι
1056 2884 1149 2936 καὶ
1178 2887 1401 2954 προσέτι
1440 2886 1783 2939 ΒΞνεόενδοῦ.
1818 2888 1990 2958 Καὶὴ
2036 2888 2135 2957 μὲν
2169 2888 2363 2957 πρώτη
2394 2886 2536 2940 κατὰ
2579 2886 2679 2956 τὴν
2720 2886 2992 2957 Ἑσπέραν
3034 2884 3406 2958 στρατείαρτῷ
3446 2881 3659 2955 βασιλεῖ

368 2976 619 3030 τοιοῦτον
642 2977 817 3044 πέρας
851 2975 1092 3039 ἐδέξατο,
1146 2977 1243 3030 καὶ
1268 2980 1381 3041 τοῖς
1417 2980 1668 3033 ἐντεῦθεν
1698 2980 1962 3053 λαφύροις
1995 2982 2091 3034 καὶ
2119 2982 2182 3049 τῇ
2220 2980 2347 3051 δόξῃ
2370 2977 2762 3050 κατεκοσμήθη
2784 2979 2816 3048 ἡ
2842 2978 3224 3047 βασιλεύουσα.

442 3066 555 3133 νς’.
600 3069 823 3138 Ἐπειδὴ
852 3069 909 3121 δὲ
939 3069 1200 3133 πολλάκις
1227 3072 1260 3139 ἠ
1287 3071 1498 3141 ίστορία
1538 3072 1682 3141 φιλεῖ
1716 3073 1811 3127 καὶ
1841 3076 1961 3136 ταῖς

372 3161 516 3213 κατὰ
559 3160 902 3228 παρέκϐασιν
925 3159 1209 3231 διηγήσεσι
1239 3163 1330 3216 τὸν
1352 3162 1509 3232 λόγον
1536 3166 1834 3219 ποικίλλειν
1867 3167 1961 3220 καὶ

2141 3071 2230 3127 56.
2266 3071 2421 3137 Quod
2464 3085 2592 3126 vero
2624 3070 2767 3124 haud
2797 3084 2923 3123 raro
2965 3068 3192 3123 historia
3242 3068 3407 3123 etiam
3461 3083 3653 3123 narra-

2069 3166 2315 3220 tionibus
2342 3180 2466 3234 quae
2498 3179 2692 3234 parum
2740 3179 2770 3217 a
2819 3177 2989 3230 scopo
3022 3176 3319 3217 excurrere
3366 3161 3650 3225 videntur,

369 3253 471 3315 τὰς
498 3252 611 3306 τῶν
636 3251 1081 3321 ἐντυγχανόντων
1101 3254 1455 3324 ψυχαγωγεῖν
1484 3257 1676 3323 ἀκοὰς,
1708 3257 1793 3329 [Ρ.
1835 3257 1961 3330 182]

2074 3260 2359 3329 quamdam
2384 3257 2624 3313 sermoni
2643 3256 2964 3311 varietatem
2988 3269 3100 3331 nop
3122 3252 3357 3308 illubens
3372 3252 3650 3317 conciliat,

369 3348 751 3418 ἑπεξηγητέον
777 3350 873 3401 καὶ
898 3350 997 3401 ὅσα
1029 3348 1234 3417 μεταξὺ
1267 3350 1310 3382 ⁶¹
1347 3350 1441 3403 τοῦ
1470 3352 1639 3421 ρηγὸς
1684 3355 1967 3422 Φραγγίας

371 3442 467 3493 καὶ
499 3440 769 3492 Σολδὰνου
788 3439 881 3492 τοῦ
913 3440 1178 3510 Ἀφρικῆς
1200 3441 1393 3512 ἀμηρᾶ
1420 3442 1643 3496 καὶτῶν
1666 3433 1969 3515 οἰκητόρων

374 3531 616 3601 Καπύης
640 3532 738 3584 καὶ
766 3532 1087 3586 Βενεϐενδοῦ
1116 3534 1312 3603 συνέϐη
1343 3535 1821 3607 καταπραχθῆναι.
1845 3539 1969 3593 Ἐπὶ

374 3622 583 3675 διετίαν
632 3623 745 3693 γὰρ
792 3626 851 3677 ἐν
901 3623 1103 3696 Καπύῃ
1157 3624 1331 3678 συνὼν
1364 3627 1392 3679 6
1454 3626 1713 3692 Σολδάνος
1743 3629 1822 3700 τῷ
1869 3631 1969 3701 τῆς

376 3716 661 3784 Φραγγίας
687 3717 815 3787 ρηγὶ
836 3716 1094 3770 οὐδέποτε
1132 3716 1286 3787 ὤφθη
1324 3718 1428 3771 ὑπό
1458 3735 1602 3783 τινος
1626 3721 1686 3775 τὸ
1708 3724 1968 3794 παράπαν

380 3808 584 3873 γελῶν.
629 3808 690 3860 '0
710 3809 765 3861 δὲ
794 3809 895 3878 ρὴξ
921 3809 998 3879 τῷ
1028 3810 1360 3880 κατάφωρον
1403 3812 1565 3866 αὐτὸν
1596 3815 1844 3880 γελῶντα
1871 3833 1970 3868 πε-

396 3900 652 3967 ποιηπίηι
672 3900 889 3971 χρυσίου
915 3901 1066 3954 δόσιν
1099 3888 1595 3973 κατεπηγγείλατο.
1632 3908 1971 3976 Προσήγγει-

400 3987 499 4041 λεν
525 3984 622 4042 οὖν
670 3990 749 4054 τίς
780 4008 898 4046 ποτε
936 3992 1021 4063 τῷ
1047 3996 1178 4064 ρηγὶ
1231 3996 1477 4064 γελῶντα
1521 3997 1612 4050 τὸν
1646 3998 1807 4068 μέχρι
1846 3999 1968 4052 τότε

398 4080 734 4152 σκυθρωπὸν
756 4084 999 4141 Σολδάνον
1042 4088 1365 4154 θεάσασθαι,
1397 4092 1492 4143 καὶ
1531 4090 1723 4143 τούτου
1778 4091 1971 4163 παρεί-

384 4190 521 4244 χετο
555 4173 854 4246 μάρτυρας.
887 4180 986 4233 Ὃν
1026 4178 1265 4242 καλέσας
1295 4182 1324 4233 6
1356 4180 1458 4252 ρὴξ
1513 4183 1613 4251 τὴν
1644 4181 1821 4235 αἰτίαν
1866 4182 1969 4252 τῆς

382 4263 699 4334 μεταϐολῆς
722 4268 814 4321 καὶ
835 4268 929 4321 τοῦ
966 4268 1193 4337 γέλωτος
1215 4270 1571 4327 ἐπυνθάνετο.
1608 4272 1666 4326 '0
1691 4273 1748 4326 δὲ
1782 4264 1968 4340 Ἀμα-

383 4359 522 4423 ξαγ,
556 4360 712 4429 φησι,
736 4361 996 4416 κατιδὼν
1020 4364 1120 4417 καὶ
1154 4363 1299 4430 τοὺς
1331 4367 1555 4434 ταύτης
1584 4367 1971 4437 κατανοήσας

384 4449 658 4517 τροχοὺς,
695 4450 823 4518 πῶς
851 4454 953 4506 καὶ
981 4454 1049 4507 τὸ
1073 4453 1372 4524 μετέωρον
1403 4458 1632 4510 τούτων
1650 4459 1970 4514 ταπεινοῦ-

388 4556 481 4593 ται
513 4543 607 4596 και
630 4546 699 4597 τὸ
728 4547 1019 4601 ταπεινὸν
1036 4543 1224 4613 αὖθις
1258 4549 1683 4618 μετεωρίζεται,
1739 4552 1836 4605 καὶ
1890 4553 1971 4618 ὡς

2073 3367 2249 3420 eaque
2288 3352 2585 3421 legentium
2620 3348 2837 3404 animos
2876 3347 3041 3402 allicit
3091 3362 3155 3401 ac
3210 3355 3439 3410 recreat,
3478 3361 3656 3415 operae

2072 3442 2310 3514 pretium
2351 3440 2602 3495 videatur
2635 3448 2695 3493 ut
2722 3446 2774 3492 et
2798 3452 2858 3491 ea
2881 3435 3188 3491 referamus
3230 3451 3352 3505 qua:
3397 3436 3539 3489 inter
3568 3450 3654 3488 re-

2072 3551 2191 3606 gem
2227 3533 2475 3588 Francia:
2509 3541 2563 3585 et
2596 3530 2899 3585 Soldanum
2932 3528 3132 3582 Africae
3179 3542 3423 3582 emeram
3478 3526 3655 3581 cives-

2072 3643 2181 3697 que
2228 3625 2431 3695 Capuze
2458 3634 2512 3678 ct
2550 3622 2840 3678 Beneventi
2876 3620 3174 3692 contigere.
3208 3619 3481 3673 Soldanus
3509 3617 3651 3671 etiim

2076 3731 2254 3772 annos
2293 3718 2434 3770 duos
2482 3730 2606 3768 cum
2674 3728 2801 3782 rege
2847 3711 3093 3767 Francia}
3148 3711 3348 3779 Capuat
3412 3717 3656 3762 moratus

2074 3822 2353 3878 nunquam
2390 3807 2459 3861 ab
2489 3807 2600 3860 ullo
2628 3820 2855 3875 prorsus
2894 3805 3047 3861 visus
3090 3813 3175 3859 est
3202 3802 3398 3858 ridere.
3436 3800 3572 3864 Rex,
3604 3800 3651 3854 si

2070 3903 2196 3971 quis
2231 3903 2500 3957 ridentem
2528 3900 2999 3968 deprehendisset,
3030 3914 3167 3954 auro
3189 3896 3503 3953 donandum
3535 3893 3653 3962 pol-

2068 3994 2254 4049 licitus
2287 4003 2390 4047 est.
2424 3991 2707 4047 Nuntiavit
2744 3992 2929 4057 itaque
2968 3990 3243 4060 quispiam
3280 3990 3390 4058 regi
3445 3988 3654 4041 vidisse

2070 4100 2129 4140 se
2157 4082 2455 4138 Soldanum
2495 4083 2787 4147 ridentem,
2817 4081 2907 4149 qui
2938 4082 3202 4137 hactenus
3239 4089 3466 4136 moestus
3496 4092 3651 4133 seve-

2072 4193 2243 4246 raque
2270 4176 2418 4231 vultu
2459 4174 2792 4239 exstitisset;
2832 4175 3025 4242 reique
3066 4172 3276 4242 profert
3307 4183 3493 4227 testes.
3547 4168 3655 4223 Vo-

2070 4273 2213 4328 eavit
2238 4269 2303 4324 ad
2337 4284 2397 4324 se
2420 4282 2515 4323 rex
2548 4265 2872 4327 Soldanum,
2907 4280 3088 4332 exque
3115 4264 3208 4317 illo
3234 4264 3557 4318 mutationis
3590 4278 3655 4317 ac

2074 4364 2217 4417 risus
2246 4373 2470 4415 causam
2498 4355 2806 4412 sciscitatus
2825 4362 2925 4408 est.
2942 4351 3042 4405 Cui
3067 4352 3176 4406 ille:
3215 4352 3427 4418 Videas,
3452 4353 3653 4421 inquit,

2072 4469 2309 4518 currum,
2374 4451 2589 4521 ejusque
2638 4458 2781 4502 rotas
2828 4444 3189 4510 considerans,
3237 4448 3496 4514 quomodo
3533 4445 3656 4499 alia:

2072 4563 2252 4603 earum
2288 4552 2466 4614 partes
2494 4559 2520 4597 ε
2545 4540 2761 4595 sublimi
2791 4554 2890 4592 axe
2921 4540 2973 4591 in
3003 4538 3165 4590 intum
3198 4536 3564 4606 deprimantur
3593 4552 3655 4587 ac

384 4635 586 4687 εἰκόνα
613 4635 808 4689 ταῦτα
842 4637 1045 4692 λαϐὼν
1084 4639 1197 4707 τῆς
1240 4641 1631 4710 ἀσταθμήτου
1685 4644 1782 4697 καὶ
1833 4644 1963 4699 ἀϐε-

2076 4655 2259 4694 rursus
2292 4653 2355 4691 ea:
2387 4636 2574 4689 humili
2604 4634 2659 4685 in
2688 4632 2858 4686 altum
2891 4630 3170 4693 tollantur,
3208 4637 3362 4696 atque
3393 4629 3527 4682 hanc
3557 4645 3654 4698 ego

377 4725 551 4781 ἴαιου
579 4726 703 4781 τῶν
737 4729 1068 4797 ἀνθρώπων
1103 4731 1511 4802 εὐδαιμονίας,
1557 4734 1821 4805 ἐγέλασα
1852 4737 1972 4807 ἅμα

368 4817 493 4888 μὲν
523 4819 886 4889 ἐνθυμηθεὶς
918 4821 1045 4890 πῶς
1065 4823 1157 4893 ἐφ’
1179 4825 1366 4891 οὕτως
1395 4826 1683 4880 ἀϐεϐαίων
1708 4830 1972 4898 πραγμά-

374 4929 500 4965 των
520 4912 905 4983 ἐπαιρόμεθα,
929 4915 1051 4984 ἅμα
1079 4916 1148 4970 δὲ
1172 4917 1268 4971 καί
1290 4920 1401 4973 οὐκ
1419 4919 1721 4974 ἀδύνατον
1747 4923 1967 4990 οἰηθεὶς

373 5004 445 5058 τὸ
476 5004 582 5057 καὶ
607 5004 955 5076 ἐμὲ,ὣσπερ
986 5008 1055 5061 ἐκ
1080 5010 1380 5079 μετεώρου
1409 5010 1628 5079 γέγονα
1666 5014 1966 5080 ταπεινὸς,

372 5098 569 5163 οὕτως
592 5099 693 5152 καὶ
732 5099 803 5153 ἐκ
855 5102 960 5156 τοῦ
1010 5103 1355 5173 χαμερποῦς
1390 5103 1740 5174 ἐνδέχεσθαι
1781 5104 1971 5161 πάλιν

371 5188 643 5259 ἀρθῆναι
678 5192 830 5260 πρὸς
876 5193 1152 5265 μέγεθος.
1211 5196 1391 5265 "Ai-:59
1421 5198 1464 5230 δ’
1518 5197 1759 5261 ἀκούσας
1790 5198 1819 5250 ὁ
1845 5198 1968 5270 ῥὴξ.

372 5286 471 5336 καί
499 5286 563 5338 ὲν
581 5285 663 5355 τῷ
701 5286 767 5339 τὰ
788 5287 965 5342 οἰκεῖα
997 5288 1179 5343 λαθὼν
1215 5291 1312 5344 καὶ
1332 5293 1540 5345 ἐκεῖνον
1571 5292 1795 5347 συνετὸν
1818 5292 1971 5361 λογι-

373 5377 638 5447 σάμενος,
666 5380 871 5451 ἤρξατο
894 5383 1211 5454 παρρησίας
1237 5384 1332 5438 καὶ
1357 5385 1779 5456 συνδιαιτήσεως
1805 5404 1971 5456 μετα-

369 5470 580 5524 διδόναι
608 5473 779 5545 αύτῷ.

2076 4734 2289 4788 incerta:
2320 4746 2382 4783 ac
2423 4727 2775 4782 inconstantis
2809 4727 3082 4779 hominum
3130 4723 3406 4791 fclicitatis
3457 4724 3654 4793 imagi-

2079 4842 2195 4880 nem
2226 4825 2475 4883 sentiens,
2509 4821 2624 4887 risi,
2655 4819 2817 4873 simul
2863 4819 3027 4871 etiam
3052 4818 3291 4886 cogitans
3325 4832 3483 4886 quam
3513 4816 3575 4869 de
3604 4832 3658 4868 re

2078 4915 2319 4969 instabili
2369 4912 2613 4981 superbia
2660 4911 2952 4981 inﬂantur;
3004 4925 3066 4963 ac
3117 4908 3337 4977 denique
3379 4907 3473 4960 hoc
3537 4907 3685 4977 ﬁeri,

2074 5024 2223 5075 posse
2246 5006 2519 5075 judicans,
2554 5015 2610 5058 ut
2639 5000 2897 5073 quomodo
2929 5017 2993 5056 ex
3036 5016 3238 5054 summo
3291 4998 3504 5068 inﬁmus
3539 5013 3657 5050 sum

2076 5103 2275 5173 factus,
2309 5101 2386 5154 ita
2408 5115 2472 5153 ex
2500 5098 2687 5165 humili
2710 5113 2920 5152 rursum
2956 5096 3068 5150 loco
3112 5095 3179 5147 ad
3210 5096 3354 5163 prius
3380 5093 3655 5162 fastigium

2079 5197 2320 5252 attoltur.
2352 5193 2449 5249 llis
2472 5208 2583 5247 rex
2611 5186 2837 5256 auditis,
2868 5189 3044 5259 deque
3071 5203 3173 5242 suo
3204 5194 3347 5240 statu
3384 5184 3653 5254 cogitans,

2080 5291 2344 5358 illumque
2386 5289 2565 5341 virum
2608 5285 2927 5355 prudentem
2970 5280 3240 5343 indicans,
3289 5276 3459 5330 libere
3505 5286 3654 5344 past-

2081 5382 2304 5435 modum
2357 5378 2521 5449 295
2573 5391 2757 5433 secum
2815 5373 3075 5443 congredi
3135 5387 3199 5426 ac
3257 5368 3463 5423 versari
3534 5383 3655 5436 pcr-

2081 5475 2251 5530 misit.

1681 5656 1913 5713 VAllIJS
1951 5651 2361 5713 LECTIONES.

433 5744 480 5776 "
529 5744 677 5815 μετὰ
702 5742 761 5805 Ρ,
840 5744 889 5776 ⁸³
915 5742 1057 5811 ὅπερ
1093 5740 1153 5795 Ρ.
