4144 6444
569 290 666 356 311

569 494 789 551 Punicae
821 494 1030 549 fraudis
1094 506 1312 561 expers,
1344 490 1481 545 alios
1516 489 1638 544 aliis
1667 487 1911 542 vicissim
1939 485 2148 540 calum—

571 589 772 644 niando
831 602 895 641 ac
936 585 1328 641 committenda
1348 584 1577 637 salutem
1613 581 1715 637 sibi
1743 578 2145 651 procurandam

571 679 834 735 decrevit.
896 677 1051 732 Haud
1106 691 1234 731 raro
1275 676 1421 730 enim
1482 673 1548 727 ad
1593 689 1743 737 eum,
1796 671 1943 727 velut
1989 668 2147 726 senili

569 770 909 839 experientia
958 779 1142 823 catum
1179 768 1457 821 hominem
1508 781 1571 820 ac
1627 763 1928 831 sapientem
1972 775 2149 831 exque

570 875 838 930 prospera
904 858 1123 913 fortuna
1183 856 1386 911 infelici
1433 856 1547 925 jam
1608 870 1792 916 usum,
1829 852 2029 922 Capuae
2085 866 2147 905 ac

570 947 868 1007 Beneventi
912 965 1168 1020 proceres
1188 948 1496 1003 veniebant.
1519 944 1729 1011 Quibus
1755 944 1867 1006 ille,
1895 941 2148 996 amicitia

571 1046 783 1097 larvam
840 1044 1112 1098 simulans
1140 1084 1153 1107 ,
1197 1042 1325 1095 velle
1365 1056 1438 1103 se,
1504 1038 1708 1102 aiebat,
1775 1037 1911 1106 regis
1953 1035 2022 1089 ad
2059 1051 2147 1089 eos

570 1131 851 1185 consilium
895 1145 1152 1183 arcanum
1182 1128 1442 1198 proferre,
1474 1126 1566 1179 sed
1588 1134 1834 1185 metuere,
1862 1122 1999 1193 quod
2027 1123 2149 1177 inde

568 1241 733 1294 eaque
770 1224 1167 1276 denuntiatione
1220 1221 1515 1290 periculum
1562 1218 1662 1272 sibi
1705 1218 2023 1272 immineret.
2082 1217 2149 1271 At

571 1317 666 1371 ille
708 1314 1070 1384 jurejurando
1115 1312 1409 1376 aﬂirmare,
1459 1310 1605 1381 quod
1636 1310 1854 1372 dixerit,
1894 1309 2148 1378 religiose

570 1408 639 1463 iis
696 1416 911 1462 secreto
969 1407 1258 1476 tegendum
1323 1420 1465 1460 esse.
1502 1402 1641 1457 Tum
1704 1399 1989 1457 ille:Hoc
2038 1402 2146 1471 regi

569 1501 941 1562 constitutum,
980 1508 1039 1551 ut
1073 1514 1161 1552 vos
1185 1513 1364 1550 omnes
1399 1496 1541 1566 ferro
1575 1498 1775 1548 vinctos
1798 1496 1854 1547 in
1887 1495 2147 1563 regionem

567 1607 723 1642 suam
751 1587 997 1643 Francia:
1035 1589 1233 1653 mittat,
1264 1589 1457 1658 quippe
1500 1588 1589 1656 qui
1634 1602 1736 1640 non
1767 1587 1926 1640 aliter
1947 1594 2145 1640 vestra-

569 1699 688 1736 rum
717 1682 930 1736 urbium
967 1697 1022 1734 se
1074 1689 1187 1733 tuto
1231 1681 1523 1749 potiturum
1548 1679 1832 1733 emistimet.
1869 1677 1977 1732 Illis
2017 1693 2145 1732 vero

569 1790 680 1829 non
711 1780 915 1829 certam
945 1774 1171 1827 omnino
1218 1770 1379 1827 tidem
1422 1772 1545 1840 ejus
1580 1767 1759 1824 verbis
1793 1769 2142 1833 habentibus,
2176 1750 2221 1809 Β

570 1869 665 1922 sed
695 1867 901 1921 certius
933 1866 1112 1921 adhuc
1160 1864 1383 1920 illorum
1414 1871 1799 1933 argumentum
1847 1865 2146 1931 quaerenti-

573 1962 697 2021 bus,
740 1972 933 2014 rursus
962 1958 1239 2013 Soldanus
1269 1958 1333 2011 ad
1363 1972 1545 2027 regem
1588 1956 1716 2010 talia
1753 1956 2099 2025 proloquitur
2130 1970 2144 2006 :

571 2049 697 2106 Non
721 2062 866 2120 potes
888 2051 986 2105 has
1017 2051 1169 2104 urbes
1204 2059 1317 2104 tuto
1356 2052 1410 2103 in
1444 2051 1649 2104 ditione
1677 2059 1867 2115 tenere,
1908 2048 2148 2120 quandiu

568 2145 827 2213 primores
883 2145 1076 2197 civium
1133 2143 1217 2197 hic
1271 2142 1419 2197 sedes
1466 2141 1679 2196 habent.
1732 2139 1926 2212 Itaque
1970 2141 2017 2195 si
2050 2141 2148 2193 hoc

568 2236 749 2290 animo
782 2253 836 2289 es
876 2248 932 2291 ut
970 2237 1198 2305 ﬁrmiter
1239 2236 1318 2288 tui
1366 2250 1455 2289 eas
1483 2234 1629 2303 juris
1661 2235 1910 2297 retineas,
1948 2234 2147 2287 vinctos

568 2328 694 2383 illos
746 2330 1057 2399 quantocius
1090 2329 1239 2382 mitte
1262 2329 1314 2381 in
1348 2327 1665 2381 Franciam.
1722 2325 1818 2383 His
1850 2339 2147 2395 persuasus

570 2437 667 2476 rex
691 2431 913 2477 catenas
937 2422 1088 2476 brevi
1107 2420 1389 2483 fabricari,
1409 2421 1565 2490 quasi
1603 2421 1787 2490 aliqua
1820 2419 2149 2473 necessitate

571 2523 823 2583 urgente,
864 2513 1146 2582 praecepit.
1172 2511 1483 2567 Convisens
1511 2526 1702 2566 rursus
1743 2509 2016 2565 Soldanus
2046 2524 2145 2578 pa-

568 2604 761 2657 tricios
778 2620 793 2656 :
813 2601 1042 2656 Nenunc
1059 2602 1292 2672 quidem,
1312 2601 1515 2670 inquit,
1535 2601 1663 2654 mihi
1680 2601 1837 2671 ﬁdem
1859 2599 2145 2663 adhibetis,

570 2699 828 2767 verbaque
862 2715 977 2751 mea
1008 2697 1318 2768 negligitis?
1356 2697 1696 2759 scrutamini,
1729 2693 2149 2765 exquirite,quid

570 2791 711 2859 fabri
744 2806 920 2843 omnes
980 2791 1113 2859 regis
1137 2789 1295 2859 jussu
1326 2798 1687 2849 construant;
1721 2804 1784 2840 ac
1838 2789 1885 2841 si
1934 2801 2148 2840 catenas

569 2876 735 2946 296
770 2886 819 2930 et
859 2875 1069 2929 vincula
1104 2876 1430 2939 inveneritis,
1465 2876 1530 2927 iis
1578 2890 1695 2944 qua:
1736 2887 1922 2928 vestra:
1952 2874 2148 2928 salutis

566 2983 737 3019 causa
784 2982 817 3018 a
850 2982 929 3020 me
987 2965 1130 3020 vobis
1185 2965 1439 3020 dicuntur
1479 2967 1642 3021 nolite
1697 2967 1854 3035 ﬁdem
1895 2966 2147 3033 abnuere,

572 3059 943 3128 lntelligentes
1007 3059 1189 3128 itaque
1224 3058 1438 3127 patricii
1506 3058 1824 3121 barbarum,
1884 3060 2029 3128 quod
2072 3060 2146 3113 ita

569 3151 801 3213 diceret,
840 3165 967 3205 vera
1024 3150 1197 3220 loqui,
1248 3166 1351 3206 nec
1378 3151 1446 3206 de
1496 3138 1619 3206 aliis
1654 3152 1764 3219 jam
1798 3151 1956 3205 diﬂisi
1995 3162 2144 3206 sunt.

567 3240 788 3297 Modum
824 3256 957 3312 ergo
992 3242 1312 3311 qumrebant
1356 3257 1467 3311 quo
1501 3258 1680 3312 regem
1724 3242 2144 3296 ulciscerentur.

568 3335 726 3391 Brevi
765 3336 947 3404 itaque
971 3349 1097 3389 cum
1152 3342 1411 3388 venatum
1458 3348 1717 3402 egressus
1767 3341 1936 3397 esset,
1993 3333 2149 3386 urbis

568 3437 762 3499 portas
794 3428 845 3483 ei
891 3427 1155 3482 claudunt
1193 3442 1292 3481 nec
1327 3424 1566 3492 amplius
1607 3425 1816 3495 ingredi
1857 3423 2067 3478 sinunt.
2100 3424 2150 3477 ls

566 3535 721 3586 vero,
740 3534 863 3575 cum
890 3519 1026 3572 nihil
1046 3520 1099 3572 in
1127 3526 1380 3587 promptu
1399 3526 1547 3572 esset
1570 3518 1716 3587 quod
1748 3516 1907 3585 quasi
1933 3517 2149 3572 ulturus

569 3614 625 3667 in
662 3627 758 3667 eos
804 3611 984 3666 facere
1025 3618 1242 3680 posset,
1286 3611 1339 3664 in
1378 3609 1611 3679 patriam
1652 3608 1849 3664 iterum
1892 3625 2148 3665 reversus

569 3714 673 3762 est.

643 3798 735 3854 58.
766 3796 993 3852 Accedit
1021 3797 1087 3852 ad
1111 3796 1373 3867 patricios
1393 3796 1689 3864 Soldanns,
1708 3799 1931 3855 indicati
1954 3799 2149 3855 secreti

572 3890 881 3945 mercedem
910 3898 1259 3960 accepturus.
1282 3888 1359 3943 Ea
1376 3901 1493 3945 erat
1513 3899 1572 3945 ut
1602 3891 1656 3945 in
1690 3892 1921 3962 patriam
1952 3892 2151 3948 reverti

571 3984 865 4038 sineretur.
881 3982 1049 4038 Facta
1081 3998 1214 4054 ergo
1238 3984 1473 4039 abeundi
1511 3983 1731 4039 iicentia
1762 4000 1888 4039 cum
1913 3984 2153 4040 venisset

569 4077 986 4147 Carthaginem,
1038 4087 1370 4147 receptoque
1409 4078 1633 4148 proprio
1674 4078 2020 4147 principatu,
2054 4092 2154 4133 nec

571 4186 599 4222 ιι
640 4169 847 4224 malitia
880 4169 1197 4232 discedens,
1234 4168 1499 4223 adversus
1525 4168 1765 4237 Capuam
1796 4176 1851 4224 et
1878 4168 2154 4222 Beneven-

569 4271 709 4325 tum,
760 4272 1004 4333 acceptae
1037 4264 1234 4320 salutis
1267 4264 1502 4333 gratiam
1538 4264 1607 4319 iis
1639 4265 1975 4327 redditurus,
2022 4280 2153 4336 pro-

572 4355 856 4409 ﬁciscilur.
887 4355 1053 4410 Missa
1091 4357 1159 4411 ad
1191 4372 1372 4424 regem
1402 4357 1473 4410 ab
1500 4357 1791 4425 oppidanis
1825 4359 2021 4429 legatio
2055 4374 2151 4428 pe-

1638 280 2149 345 THEOPHANES
2189 282 2747 349 CONTINUATUS.

642 405 731 458 57.
771 405 839 458 At
899 402 1193 467 Soldanus,
1231 400 1392 454 homo
1447 397 1598 451 vafer
1656 406 1711 451 et
1774 404 1993 451 astutus
2047 391 2225 451 necA

3727 280 3831 344 312

2319 394 2418 459 νζ.
2465 398 2525 453 Ὀ
2552 397 2609 452 δὲ
2642 396 2947 469 πανοῦργος
2976 397 3052 451 ὣν
3072 399 3166 454 καὶ
3195 397 3363 452 δόλων
3389 392 3718 450 Φοινικικῶν
3735 396 3835 450 οὐκ

2252 486 2518 557 ἀμέτοχος
2553 490 2617 541 ἐκ
2647 488 2746 559 τῆς
2780 488 3056 560 ἑκατέρων
3103 488 3243 555 εγνω
3276 485 3531 556 διαϐολῆς
3556 486 3835 554 σωτηρίαν

2251 580 2428 651 ἑαυτῷ
2464 581 2971 651 πραγματεύεσθαι.
3017 580 3279 644 Πολλάκις
3309 581 3419 651 γὰρ
3468 579 3608 650 πρὸς
3650 577 3833 643 αὑτὸν,

2253 671 2346 724 καὶ
2377 671 2453 735 ὼς
2483 674 2545 725 ἐκ
2567 674 2891 743 γεροντικῆς
2932 674 3225 743 ἐμπειρίας
3252 671 3475 725 συνετὸν
3528 670 3626 723 καὶ
3675 668 3837 736 σοφὸν

2254 765 2345 816 καὶ
2369 764 2444 826 ὡς
2476 766 2533 832 ἐξ
2550 765 2807 835 εὐτυχοῦς
2833 765 3093 835 δυστυχῆ,
3122 767 3171 818 οἱ
3197 765 3302 820 τῶν
3323 764 3583 834 κάστρων
3603 762 3838 833 Καπύης

2252 858 2347 925 καὶ
2398 856 2720 911 Βενεὸενδοῡ
2788 858 3145 928 παρεγίνοντο
3209 857 3493 926 ἄρχοντες.
3548 856 3608 907 '0
3649 854 3705 906 δὲ
3739 855 3839 922 τὴν

2254 950 2388 1018 πρὸς
2406 949 2602 1013 αὐτοὺς
2642 949 2825 1019 φιλίαν
2857 948 3225 1018 πλαττόμενος
3249 948 3558 1015 ἐξενεγκεῖν
3589 962 3645 998 τι
3688 945 3840 1011 πρὸς

2253 1043 2475 1109 αὐτοὺς
2513 1043 2853 1111 ἀπόρῤητον
2903 1044 3220 1110 ,ϐούλευμα
3264 1042 3370 1096 τοῦ
3413 1041 3619 1111 tim-6;?
3650 1040 3838 1105 ἔλεγεν

2246 1134 2606 1198 βούλεσθαι,
2638 1132 2973 1188 δεδοικέναι
2999 1134 3067 1187 δὲ
3104 1134 3211 1187 τὸν
3234 1133 3302 1186 ἐκ
3323 1133 3653 1201 μηνύσεως
3708 1130 3839 1181 κίν-

2251 1225 2463 1279 δυνον.
2498 1225 2619 1278 Τῶν
2653 1226 2710 1278 δὲ
2730 1225 3138 1295 διομοσαμὲνων
3170 1224 3477 1293 ἁνέκιρορον
3505 1218 3839 1290 ποιήσασθαι

2251 1317 2310 1370 τὸ
2336 1316 2685 1385 λαλούμενον,
2716 1318 2817 1388 ἔφη
2859 1317 3195 1381 βούλεσθαι
3236 1318 3342 1369 τὸν
3382 1313 3552 1382 ρἦα
3606 1312 3831 1377 πάντας

2249 1406 2407 1477 ὑμᾶς
2434 1408 2585 1477 πρὸς
2611 1408 2725 1475 τὴν
2751 1408 2971 1462 ἑαυτοῦ
3013 1405 3211 1476 χώραν
3238 1406 3349 1475 τῆς
3388 1406 3697 1474 Φραγγίας
3744 1420 3837 1457 σι-

2249 1501 2686 1569 δηροόεσμίους
2734 1502 3038 1570 ἐπιπέμψαι
3090 1502 3170 1567 ὡς
3214 1502 3325 1553 οὐκ
3380 1499 3592 1564 ἄλλως
3646 1496 3840 1561 οὔσης

2248 1592 2408 1657 αὐτῷ
2437 1592 2759 1661 ἀσφαλοῦς
2792 1592 2900 1661 τῆς
2920 1590 3038 1644 τῶν
3065 1590 3365 1660 ὑμετέρων
3384 1586 3840 1655 διακρατήσεως

2250 1686 2504 1737 πόλεων.
2543 1683 2665 1735 Τῶν
2685 1684 2740 1737 δὲ
2770 1682 2843 1753 μὴ
2880 1684 3016 1737 πάνυ
3046 1683 3234 1736 πιστὸν
3289 1681 3423 1743 τέως
3471 1678 3839 1749 ἡγησαμένων

2248 1778 2310 1830 τὸ
2345 1777 2704 1847 μηνυόμενον,
2741 1776 3050 1846 ζητούντων
3097 1776 3153 1828 δὲ
3180 1775 3527 1843 σαφεστέραν
3559 1773 3638 1825 ἔτι
3668 1770 3838 1824 κατά-

2250 1869 2437 1938 ληψιν,
2499 1868 2663 1923 πάλιν
2720 1869 2856 1938 πρὸς
2891 1868 2982 1920 τὸν
3021 1869 3166 1939 ρῆγα
3222 1867 3250 1919 6
3292 1866 3557 1929 Σολόἀνος
3614 1862 3841 1917 τοιαῦτα

2251 1961 2437 2031 φησὶν,
2472 1961 2547 2024 ὡς
2582 1963 2703 2015 Οὐκ
2738 1962 2871 2015 ἐστι
2898 1977 2995 2015 σοι
3023 1959 3314 2030 ἀσφαλὴς
3346 1959 3385 2026 ἡ
3412 1956 3540 2011 τῶν
3559 1956 3835 2025 κάστρων

2249 2058 2478 2113 τούτων
2515 2056 2909 2123 κατάσχεσις,
2935 2054 3045 2119 ἕως
3068 2056 3123 2107 οἱ
3146 2053 3374 2106 τούτων
3415 2050 3713 2118 ἄρχοντες
3743 2047 3836 2101 ἐν*

2250 2150 2438 2204 ταῦθα
2460 2149 2558 2203 ἐπι
2568 2147 2957 2216 κωμάζουσιν
2985 2145 3031 2178 ⁸⁸
3053 2163 3066 2177 ’
3096 2144 3234 2199 ἀλλ’
3265 2146 3317 2196 εί
3337 2142 3559 2206 ,βούλει
3585 2139 3837 2205 βεϐαίως

2249 2240 2563 2302 δεσπόζειν
2591 2239 2810 2301 αὐτῶν,
2837 2239 3090 2302 τούτους
3119 2234 3335 2291 θᾶττον
3354 2231 3509 2301 πρὸς
3538 2231 3837 2300 Φραγηνάν

2250 2324 2541 2403 δεσμίους
2564 2334 2954 2387 ἀπόστειλον.
2999 2327 3249 2390 Πεισθεὶς
3286 2321 3379 2379 οὗν
3410 2327 3528 2389 τοῖς
3577 2322 3836 2383 τοιούτοις

2251 2428 2484 2496 λόγοις,ό
2520 2426 2618 2497 ῥὴξ
2642 2426 2858 2488 ἁλύσεις
2883 2424 3175 2494 διωρίσατο
3216 2420 3501 2488 συντόμως
3529 2413 3834 2489 χαλκευθῆ-

2251 2534 2340 2571 ναι
2370 2517 2446 2580 ὡς
2479 2518 2570 2569 ἐπὶ
2598 2517 2757 2587 χρείᾳ
2785 2514 3189 2585 κατεπειγοὺσῃ
3218 2511 3345 2565 τινί.
3392 2508 3542 2563 Ἰδὼν
3568 2507 3662 2561 οὖν
3683 2502 3834 2567 αὖθις

2250 2609 2278 2662 6
2310 2609 2564 2672 Σολδάνος
2590 2608 2716 2671 τοὺς
2749 2608 3033 2677 ἄρχοντας,
3068 2606 3205 2659 Οὐδ’
3233 2605 3321 2659 ἔτι
3344 2622 3447 2672 μοι
3476 2646 3491 2671 ,
3534 2602 3691 2671 φησὶ,
3742 2617 3832 2653 αι·

2251 2705 2495 2756 στεύετε
2534 2700 2666 2768 περὶ
2700 2696 2788 2754 ὧι·
2820 2701 3071 2768 “sror;
3108 2698 3193 2772 [P.
3233 2695 3354 2768 183]
3389 2694 3833 2764 ἐρευνήσαντες

2253 2795 2409 2849 ἴδετε
2448 2795 2504 2847 τί
2559 2796 2614 2848 οι
2657 2793 2906 2862 χαλκεῖς
2955 2792 3180 2856 πάντες
3236 2788 3581 2859 ἐργάζονται
3623 2784 3700 2854 τῇ
3731 2782 3831 2838 τοῦ

2244 2886 2436 2955 pan-6c
2457 2885 2786 2953 προστάξει
2807 2900 2823 2916 ·
2858 2885 2953 2937 καὶ
2996 2884 3104 2936 ἐὰν
3131 2883 3343 2949 εὕρητε
3368 2880 3624 2944 ἁλύσεις
3652 2894 3716 2931 τε
3737 2872 3831 2929 καί

2252 2979 2465 3048 δεσμὰ,
2482 2979 2567 3047 μὴ
2599 2979 2979 3045 ἀπιστήσητε
3003 2976 3122 3028 τῶν
3151 2975 3302 3042 πρὸς
3330 2973 3636 3040 σωτηρίαν
3670 2967 3834 3039 ὑμῶν

2174 3096 2217 3154 c
2252 3070 2595 3139 λεγομένων
2614 3070 2777 3139 ὑμῖν.
2821 3068 3045 3130 Γνόντες
3075 3063 3167 3120 οὗν
3196 3068 3251 3117 ἐν
3281 3064 3488 3127 τούτοις
3511 3062 3604 3115 τὸν
3630 3060 3833 3132 βάρϐα-

2256 3180 2350 3234 ρον
2379 3164 2429 3215 οἱ
2453 3163 2713 3233 ἄρχοντες
2741 3160 3075 3232 ἀληθεύοντα
3104 3160 3224 3213 οὐδὲ
3250 3160 3386 3229 πρὸς
3409 3153 3584 3210 τᾶλλα
3607 3155 3687 3207 ἐτι
3709 3152 3839 3223 i111!-

2253 3271 2480 3324 στησαν,
2518 3256 2717 3323 τρόπον
2750 3254 2806 3307 δὲ
2842 3254 3067 3323 ἐζήτουν
3101 3253 3247 3314 ὅπως
3280 3252 3372 3304 τὸν
3405 3252 3561 3320 ρῆγοι
3598 3245 3847 3314 ἀμύνωνο

2251 3364 2363 3399 ται.
2396 3346 2507 3400 Καὶ
2537 3346 2599 3416 δὴ
2633 3348 2749 3415 μετ’
2789 3346 2970 3414 ὀλίγον
3004 3346 3140 3417 πρὸς
3172 3345 3497 3415 κυνηγέσιον
3526 3337 3846 3402 ἐξελθόντος

2252 3438 2440 3501 αὐτοῦ,
2478 3438 2832 3492 ἀποκλείουσι
2862 3440 2985 3493 κατ’
3015 3437 3181 3492 αὐτοῦ
3210 3436 3310 3499 τὰς
3337 3436 3512 3497 πύλας
3535 3430 3649 3485 καὶ
3667 3428 3851 3480 οὐκέτι

2252 3530 2350 3598 τῆν
2375 3528 2579 3581 εἴσοδον
2606 3528 2981 3598 συγχωροῦσιν
3000 3526 3169 3595 αὐτῷ.
3202 3526 3260 3577 Ὀ
3286 3524 3344 3576 δέ
3365 3522 3531 3591 μηδὲν
3574 3519 3641 3569 ὲκ
3663 3515 3854 3567 τούτου

2253 3621 2595 3691 παραχρῆμα
2640 3620 2940 3688 δυνάμενος
2992 3615 3302 3683 πράξασθαι
3353 3613 3488 3687 πρὸς
3531 3607 3653 3675 τὴν
3717 3605 3855 3657 ἰδίαν

2255 3713 2440 3784 χώραν
2466 3709 2623 3775 αὖθις
2659 3710 3125 3779 ἀνθυπενόστησε.

2326 3800 2427 3873 νη’.
2462 3801 2749 3874 Πρόσεισιν
2778 3796 2871 3853 οὖν
2901 3801 3013 3861 τοῖς
3064 3798 3324 3867 ἄρχουσιν
3347 3796 3374 3848 6
3426 3790 3722 3851 Σθλδ-ἀνος,
3755 3786 3853 3858 τὴν

2255 3892 2415 3963 χάριν
2435 3892 2534 3959 τῆς
2560 3891 2843 3961 μηνύσεως
2888 3885 3136 3943 ἀπαιτῶν
3158 3902 3171 3916 ·
3202 3886 3236 3955 ἡ
3280 3885 3335 3937 δὲ
3373 3880 3442 3953 ἦν
3481 3878 3723 3948 τὸμπρὸς
3754 3878 3853 3950 τὴν

2254 3981 2463 4035 οίκείαν
2513 3979 2751 4050 πατρίδα
2795 3975 3222 4047 συγχωρηθῆναι
3283 3973 3431 4043 αὐτῷ
3463 3972 3508 4004 ⁸⁸
3564 3968 3843 4024 ἀπελθεῖν.

2257 4072 2642 4144 Συγχωρηοεὶς
2665 4070 2760 4129 οὖν
2794 4075 2888 4129 καὶ
2916 4075 3055 4128 κατὰ
3081 4074 3406 4145 Καρχηδόνα
3436 4071 3734 4141 γενόμενος
3750 4067 3843 4123 καί⁵

2256 4170 2355 4239 τὴν
2384 4169 2590 4221 οἰκείαν
2642 4170 2820 4242 ἀρχὴν
2870 4169 3163 4224 ἀπολαϐὼν
3194 4170 3289 4222 καὶ
3335 4166 3432 4222 τοῦ
3481 4165 3655 4229 κακὸς
3701 4160 3839 4217 εἶναι

2260 4264 2335 4333 μὴ
2372 4263 2571 4324 ἐκστὰς
2607 4259 2963 4331 ὲκστρατεύει
2989 4258 3132 4313 κατὰ
3153 4256 3389 4328 Καπύης
3408 4273 3467 4309 τε
3499 4256 3544 4287 ⁸⁸
3574 4254 3671 4308 καὶ
3691 4255 3838 4306 Βενε-

2257 4354 2467 4420 ϐενδοῦ,
2493 4354 2561 4406 τὰ
2587 4352 2918 4423 χαριστήρια
2945 4350 3157 4412 τούτοις
3186 4349 3285 4415 τῆς
3338 4348 3614 4419 σωτηρίας
3650 4346 3836 4400 ἀποδι-

571 4448 731 4502 titum
759 4448 962 4501 auxilia
990 4466 1004 4501 :
1035 4463 1224 4502 verum
1282 4446 1496 4501 dimissi
1530 4448 1930 4504 contumeliose
1967 4451 2149 4520 legati,

2258 4448 2403 4511 δούς.
2442 4448 2505 4500 Οἱ
2533 4447 2591 4499 δὲ
2638 4444 2776 4515 πρὸς
2823 4444 2915 4497 τὸν
2942 4445 3088 4513 ρῆγα
3119 4440 3633 4510 διαπρεσόεύονται.
3680 4437 3835 4492 Ἀλλά

573 4540 811 4591 addente
868 4554 995 4608 rege
1048 4538 1264 4592 illorum
1321 4553 1379 4593 se
1433 4538 1606 4609 magis
1659 4539 1925 4609 gratulari
1960 4542 2147 4598 exitio.

575 4631 798 4683 Mittunt
839 4631 1026 4700 itaque
1074 4631 1286 4685 arcium
1317 4629 1559 4701 praefecti
1593 4632 1846 4686 nuntium
1875 4634 1942 4689 ad
1973 4634 2149 4704 impe-

576 4731 840 4776 ratorcm.
877 4722 923 4778 ls
957 4738 1143 4791 porro,
1178 4724 1422 4798 humano
1447 4739 1574 4780 cum
1598 4737 1746 4780 esset
1769 4740 2053 4796 pronoque
2081 4727 2149 4781 ad

577 4814 945 4869 niiserendum
979 4814 1225 4888 ingenio,
1259 4816 1446 4870 statim
1490 4815 1729 4885 legatum
1763 4819 1991 4872 remittit
2013 4831 2155 4871 nun—

574 4908 842 4960 tiaturum
867 4916 927 4961 ut
953 4908 1021 4961 ad
1049 4925 1107 4963 se
1128 4908 1277 4963 brevi
1304 4909 1568 4963 mittenda
1596 4910 1799 4963 auxilia
1819 4921 2160 4979 cxspecmnt.

574 4998 808 5070 Capitur
845 5000 1022 5053 nuntii
1060 5001 1315 5054 minister
1348 5001 1417 5055 ab
1445 5002 1730 5065 hostibus,
1772 5003 2015 5057 nondum
2040 5018 2163 5072 pcr—

577 5091 691 5145 lato
722 5105 991 5161 responso
1039 5092 1104 5145 ad
1148 5108 1244 5146 eos
1301 5107 1331 5146 a
1392 5092 1595 5162 quibus
1644 5094 1850 5148 missus
1890 5103 2028 5148 erat.
2060 5094 2160 5149 Cui

579 5183 877 5238 Soldanus:
906 5182 965 5237 Si
992 5200 1121 5238 metr
1148 5186 1408 5239 voluntati
1434 5202 1631 5239 morem
1663 5187 2034 5257 gesseris,cum
2073 5205 2161 5242 sa-

580 5275 741 5328 lutem
776 5286 886 5329 tum
922 5292 1041 5330 vero
1074 5293 1296 5331 munera
1329 5292 1394 5329 ex
1443 5293 1524 5331 me
1554 5278 1907 5347 consequeris.
1956 5279 2161 5333 Assen-

585 5367 754 5420 tiente
786 5368 902 5431 illo,
939 5383 1003 5422 ac
1025 5369 1291 5439 quidquid
1322 5369 1553 5439 jusserit
1586 5368 1748 5440 297
1785 5369 2060 5427 facturum
2103 5385 2161 5423 se

584 5458 896 5525 pollicente:
930 5461 1081 5523 Volo.
1118 5462 1317 5531 inquit,
1348 5474 1403 5516 ut
1430 5475 1582 5516 extra
1613 5480 1789 5516 muros
1843 5465 2161 5518 constitutus

583 5552 633 5602 in
676 5552 785 5604 lucc
816 5554 965 5605 verba
1014 5557 1146 5609 cives
1177 5557 1469 5626 alloquarix
1498 5571 1512 5606 :
1548 5556 1656 5625 Ego
1687 5557 1895 5625 quidem
1930 5558 2164 5611 ministe-

2264 4540 2384 4609 μεθ’
2415 4539 2623 4609 ὖὸρεως
2656 4538 3101 4605 ἀποπέμπονται,
3161 4535 3466 4605 ἐπιχαίρειν
3496 4534 3744 4593 εἰπόντος
3772 4531 3834 4601 τῇ

2258 4632 2506 4703 ἀπωλείᾳ
2533 4630 2729 4685 αὐτῶν.
2767 4630 3084 4683 Στέλλουσιν
3111 4629 3342 4699 ἄγγελον
3370 4628 3505 4698 πρὸς
3529 4627 3623 4680 τὸν
3666 4626 3712 4659 ⁸⁸
3748 4624 3839 4695 βας

2261 4726 2414 4780 σιλέα
2450 4729 2502 4780 οἱ
2538 4728 2646 4779 τῶν
2689 4727 2948 4781 τοιούτων
2990 4727 3245 4797 κάστρων
3279 4724 3665 4794 ἐξηγούμενοι.
3697 4723 3838 4791 Συμ-

2261 4820 2440 4892 παθὴς
2487 4821 2581 4874 οὖν
2637 4821 2665 4873 6
2701 4820 2952 4891 βασιλεὺς
2986 4822 3079 4873 καὶ
3113 4818 3493 4889 φιλάνθρωπος
3538 4815 3618 4871 ὣν
3650 4817 3838 4870 θᾶττον

2260 4916 2536 4984 ἐκπέμπει
2573 4915 2663 4968 τὸν
2704 4915 3045 4985 πρεσῦευτὴν
3075 4912 3383 4983 δηλώσοντα
3423 4910 3639 4972 τούτοις
3671 4922 3836 4979 προσ-

2259 5007 2510 5076 δέχεσθαι
2564 5007 2847 5076 συντόμως
2906 5007 3005 5075 τὴν
3029 5003 3279 5058 ἐντεῦθεν
3310 5001 3597 5073 βοήθειαν.
3628 5001 3836 5054 Γίνεται

2260 5099 2317 5150 δὲ
2339 5102 2449 5161 τοῖς
2484 5099 2763 5168 πολεμίοις
2794 5097 3070 5168 ἐγκρατὴς
3111 5100 3139 5149 ὁ
3170 5096 3266 5165 τῆς
3310 5094 3569 5162 ἀγγελίας
3600 5096 3840 5152 διάκονος

2264 5189 2370 5259 πρὸ
2428 5188 2521 5241 τοῦ
2572 5188 2756 5241 δοῦναι
2796 5190 2895 5250 τὰς
2950 5186 3278 5255 ἀποκρίσεις
3306 5188 3419 5248 τοῖς
3464 5184 3832 5238 ἀποστείλασι.

2261 5283 2422 5350 Λέγει
2444 5278 2539 5335 οὖν
2572 5282 2707 5350 πρός
2732 5280 2894 5333 αὐτὸν
2914 5282 2941 5332 6
2966 5279 3223 5342 Σολδάνος
3244 5279 3318 5341 ὡς
3349 5280 3413 5333 El
3440 5272 3836 5344 ὑπηρετήσεις

2255 5393 2375 5444 μου
2395 5372 2476 5439 τῷ
2502 5374 2872 5441 βουλήματι,
2918 5372 3017 5425 καί
3051 5372 3350 5440 σωτηρίας
3396 5370 3711 5435 ἀξιωθήσῃ
3743 5360 3833 5416 καὶ

2261 5464 2500 5534 δωρεῶν
2552 5466 2945 5530 ἀπολαύσεις.
3000 5463 3106 5517 Τοῦ
3134 5464 3191 5517 δὲ
3227 5463 3557 5533 συνθεμένου
3594 5462 3656 5515 τὸ
3681 5467 3833 5511 κεκε-

2261 5556 2555 5627 λευσμένον
2582 5557 2727 5609 intra
2762 5557 2951 5618 ποιεῖν,
2984 5556 3303 5624 Βούλομαι,
3338 5552 3463 5624 ἔφη,
3501 5548 3721 5620 στῆναί
3766 5557 3835 5595 (τε

1854 5647 1941 5700 VA
1955 5649 2092 5703 ΠΙΑὖ
2137 5650 2429 5705 [ιΕΟΤΙΟΝ
2442 5650 2540 5704 ES.

653 5731 670 5759 ³
703 5732 1129 5801 ὲ“,’χ‹ι)ριάξουσιν
1160 5738 1215 5793 Ρ.
1299 5742 1341 5773 ⁸³
1374 5740 1533 5794 alain
1558 5742 1621 5795 Α.

1703 5743 1744 5775 ⁸³
1784 5758 1843 5794 τε
1874 5755 1987 5798 om.
2032 5740 2086 5797 Ρ.
2168 5744 2209 5771 επ
2241 5742 2329 5792 τὴν
2355 5758 2461 5795 om.
2496 5742 2561 5797 Α.
