4144 6442
468 347 572 412 221

1569 340 1718 402 LIB.
1759 339 1825 402 V.
1868 359 1938 372 ⁸-
1969 338 2324 399 BASILlUS
2366 340 2690 402 MACEDO.

3658 345 3766 408 3:22

467 480 561 517 σιν
593 455 1009 524 ἰπευωνηθῆναι
1068 455 1188 508 τότε
1225 451 1284 506 τὸ
1312 452 1492 507 ἔλαιον
1531 453 1596 505 ἐκ
1655 451 1755 521 τῆς
1804 451 2061 521 τοιαύτης

2168 450 2360 505 eadem
2413 450 2628 516 classis,
2664 451 3123 524 pedestribusque
3155 470 3220 510 ac
3269 455 3618 526 equestribus
3651 457 3761 512 Ro-

464 549 843 622 προοα-ίωγῆς
874 544 1026 610 ὥστε,
1054 543 1242 599 ὀδολοῦ
1276 543 1377 617 τὴν
1409 541 1599 615 λίτραν
1628 539 2060 612 πιπράσκεσθαι.

459 642 822 711 Διαπεράσας
847 639 903 692 δὲ
940 639 1036 690 xui.
1061 636 1197 708 πρὸς
1223 636 1289 689 τὰ
1327 635 1431 704 τῆς
1473 633 1703 696 Ἰταλίας
1735 633 1878 704 μέρη
1911 634 1938 684 6
1963 633 2063 685 αύ-

460 735 561 798 τδς
587 733 798 794 στόλος,
847 731 945 784 καὶ
975 731 1097 792 ταῖς
1147 727 1454 789 ὁπλιτικαῖς
1508 725 1603 779 καὶ
1661 727 1917 789 ἱππικαῖς
1955 724 2064 778 τῶν

472 826 781 896 Ῥωμαίων
818 823 1119 890 δυνάμεσιν
1149 817 1393 883 ἑνωθεὶς,
1443 813 1520 874 ὧν
1568 820 1878 888 Προκόπιος
1910 819 1938 870 6
1968 816 2062 870 τοῦ

466 919 744 994 βασιλέως
779 917 967 987 ἠγεῖτο
1017 913 1520 986 πωτοὸεστιὰριος
1557 913 1652 966 καὶ
1711 912 1865 965 Λέων
1902 913 1930 964 6
1955 911 2065 964 τῶν

463 1012 711 1084 Θρακῶν
733 1011 829 1063 καὶ
852 1007 1182 1062 Μακεδόνων
1208 1006 1331 1059 τότε
1361 1007 1408 1037 ⁹¹
1440 1003 1771 1076 στρατηγὸς,
1803 1003 1861 1056 ὃν
1899 1002 2065 1056 Ἀπο-

467 1106 735 1175 στύππην
763 1101 1018 1163 ἐκάλουν,
1055 1100 1228 1152 πολλὰ
1261 1099 1358 1151 καὶ
1386 1097 1645 1168 ἐπωφελῆ
1667 1099 1732 1169 τῇ
1779 1095 2066 1166 Ῥωμαίων

409 1215 420 1253 ἰ
471 1201 614 1270 ἀρχῇ
644 1192 1035 1266 κατεπράξατο
1060 1208 1075 1224 ·
1108 1192 1200 1244 τόν
1231 1201 1290 1244 τε
1349 1191 1460 1260 γὰρ
1509 1187 1568 1256 ἐξ
1608 1189 1877 1259 Ἀφρικῆς
1908 1183 2066 1250 αὖθις

477 1291 762 1358 ἐξελθόντα
793 1287 980 1340 στόλον
1012 1287 1069 1338 ὲν
1100 1287 1167 1355 τῇ
1202 1287 1351 1354 νήσῳ
1375 1285 1442 1354 τῇ
1476 1281 1787 1353 καλουμένῃ
1817 1280 2016 1349 Στῆλαι
2039 1282 2068 1334 6

473 1382 633 1443 αὐτὸς
664 1379 868 1450 Νάσαρ
889 1377 1332 1446 κατεπολέμησε,
1377 1375 1475 1428 καὶ
1517 1375 1584 1428 τὰ
1620 1375 1726 1429 ὑπὸ
1758 1374 1868 1426 τῶν
1903 1375 2067 1440 Ἀγα-

473 1471 652 1543 ρηνὼν
681 1468 1031 1538 κατεχόμενα
1067 1468 1282 1537 κάστρα
1315 1465 1372 1519 ἔν
1404 1483 1464 1518 τε
1499 1465 1790 1535 Καλασρία
1820 1466 1914 1518 καὶ
1956 1467 2067 1519 Λα-

463 1553 761 1629 τοῦαρδία,
796 1559 936 1626 πλὴν
962 1557 1163 1624 ὀλίγων
1194 1556 1356 1620 πάνυ,
1395 1558 1574 1609 πάντα
1593 1558 1693 1626 τῆς
1723 1555 2068 1628 βαρϐαρικῆς

463 1654 657 1726 χειρὸς
690 1651 1041 1720 ἠλευθέρωσε
1081 1649 1180 1703 καὶ
1209 1651 1346 1720 πρὸς
1369 1651 1467 1719 τὴν
1508 1647 1796 1719 Ῥωμαίων
1819 1634 2086 1716 ἐξουσίαν

467 1751 780 1818 μετήγαγε.
813 1744 920 1795 Καὶ
951 1742 1096 1796 οὕτω
1125 1744 1223 1810 μὲν
1257 1743 1286 1794 6
1319 1743 1574 1806 ναυτικὸς
1612 1743 1842 1812 στρατὸς
1882 1742 2067 1809 κρείτ-

2172 553 2465 592 manorum
2523 539 2697 610 copiis
2749 538 3067 608 conjuncta,
3119 558 3352 610 quarum
3410 545 3606 598 ductor
3646 553 3768 598 erat

2173 630 2478 702 Proettp‘us
2505 630 2856 700 imperatoris
2883 635 3338 703 protovestiarius
3369 645 3420 687 et
3457 633 3565 690 Leo
3591 637 3765 705 (Apo-

2171 732 2387 791 stupcm
2443 725 2730 791 vocabant)
2783 723 3058 778 Thracum
3101 733 3156 779 et
3213 712 3572 779 Macedo—num
3626 729 3806 791 dux,.

2174 817 2344 869 multa
2373 857 2387 875 .
2425 833 2599 887 eaque
2634 815 2882 871 Romano
2921 821 3150 888 imperio
3185 819 3358 886 utilia,
3395 820 3586 888 gessit.
3623 818 3765 873 Nam

2171 917 2225 962 ct
2255 908 2488 962 classem
2522 924 2714 963 rursus
2737 926 2800 962 ex
2826 909 3008 965 Africa
3041 910 3341 980 profectam
3385 912 3438 966 in
3471 914 3643 966 insula
3675 912 3765 966 cui

2171 1000 2336 1054 Stelte
2369 1015 2568 1054 nomen
2607 1000 2748 1055 idem
2790 999 2968 1056 Nasar
2995 1003 3216 1064 devicit,
3262 1017 3326 1058 ac
3357 1020 3494 1074 quas
3530 1005 3765 1070 Agareui

2173 1095 2336 1148 urbes
2378 1093 2618 1147 munitas
2657 1109 2722 1148 ac
2764 1095 3013 1163 pra‘sidia
3059 1097 3112 1149 in
3148 1096 3402 1151 Calabria
3445 1109 3494 1151 et
3549 1096 3768 1167 Longo-

2174 1185 2364 1240 bardia
2399 1185 2677 1249 tenebant,
2712 1187 2905 1255 paucis
2943 1187 3237 1240 admodum
3268 1190 3536 1258 exceptis,
3567 1201 3765 1245 cuncta

2174 1278 2253 1332 eis
2279 1287 2463 1346 erepta
2491 1293 2794 1347 carumque
2834 1279 2965 1348 jugo
2999 1279 3228 1333 liberata
3261 1279 3522 1334 Romana:
3572 1283 3765 1336 ditioni

2173 1371 2430 1423 restituit.
2461 1369 2633 1439 Inque
2662 1386 2785 1424 eum
2822 1369 3041 1425 utotlum
3079 1370 3326 1426 Romana
3369 1374 3588 1441 quidem
3623 1374 3766 1431 clas-

2173 1461 2251 1516 sis
2276 1462 2513 1526 insidiis,
2563 1463 2862 1517 invidentia
2898 1461 3226 1532 Nemesique
3271 1466 3542 1532 superior,
3576 1466 3767 1532 spoliis

2173 1555 2356 1621 Opima
2391 1555 2686 1620 multisque
2711 1557 2854 1609 clara
2886 1557 3128 1611 victoria:
3165 1559 3406 1621 coronis,
3438 1560 3504 1612 ad
3534 1559 3766 1628 impera-

2175 1656 2350 1699 torem
2399 1663 2616 1700 rcversa
2660 1657 2764 1711 est,
2823 1649 3057 1718 implens
3093 1666 3285 1705 omnes
3326 1651 3477 1706 cives
3510 1668 3574 1706 ac
3616 1669 3766 1707 rem-

2175 1737 2448 1806 publicam
2493 1738 2700 1802 laetitia,
2754 1740 3036 1809 multaque
3085 1741 3406 1810 imperatori
3461 1744 3764 1808 gratiarum

461 1857 575 1893 των
606 1838 765 1892 δόλου
797 1836 892 1889 καὶ
915 1835 1116 1904 φθόνου
1139 1836 1329 1903 φανεὶς
1347 1834 1739 1904 καὶνεμέσεως
1770 1833 1908 1902 μετὰ
1940 1833 2061 1885 πολ-

2172 1832 2406 1886 actionis
2433 1839 2487 1886 et
2532 1833 2899 1888 confessionis
2927 1835 3126 1890 divinae
3158 1837 3336 1893 laudis
3367 1837 3616 1908 praebens
3665 1853 3768 1892 no.

462 1931 580 1984 λῶν
633 1926 899 1997 λαφύρων
959 1926 1056 1980 καὶ
1114 1924 1417 1994 νικητικῶν
1473 1924 1756 1992 στεφάνων
1800 1922 2072 1993 ἐπανῆλθε

2181 1924 2331 1979 mina
2370 1935 2535 1995 atque
2570 1937 2868 1982 momenta.

470 2022 615 2092 προς
642 2020 883 2088 βασιλέα,
920 2018 1262 2088 εὐφροσύνης
1300 2017 1589 2088 ἐμπλήσας
1648 2020 1755 2071 πᾶν
1801 2015 1863 2069 τὸ
1905 2016 2230 2088 πολίτευμα,
2263 2017 2359 2070 καὶ
2428 2017 2642 2089 βασιλεῖ
2712 2017 2914 2084 πολλὰς
2987 2021 3245 2092 ἀφορμὰς
3316 2020 3618 2094 παρασχὼν
3667 2021 3769 2093 τῆς

481 2115 622 2186 πρὸς
649 2113 778 2165 Θεὸν
805 2112 1156 2183 εὐχαριστίας
1180 2113 1274 2164 καὶ
1307 2110 1819 2180 ἀνθομολογήσεως.

557 2224 648 2292 ξεί
666 2225 765 2290 Eg".
798 2228 858 2278 Al
886 2225 1113 2289 πεζικαὶ
1139 2224 1201 2279 ’δὲ
1227 2225 1488 2296 δυνάμεις
1515 2226 1578 2279 ού
1610 2227 1788 2296 πάντη
1819 2225 1910 2278 τὸν
1935 2224 2064 2295 φθό-

475 2336 568 2374 νον
599 2319 874 2388 διέφυγον,
922 2317 1039 2373 ἀλλ’
1090 2319 1228 2391 ἔργα
1275 2319 1376 2390 μὲν
1427 2318 1662 2390 ’ἀνδρικὰ
1711 2321 1806 2373 καὶ.
1830 2319 2062 2390 λαμπρὰ

467 2411 936 2480 κατειργάσαντο,
983 2410 1042 2474 ἐξ
1097 2405 1273 2480 ἔριδος
1313 2410 1370 2463 δὲ
1428 2411 1522 2464 καὶ
1563 2411 1902 2478 φιλονεικίας
1938 2412 2062 2466 κατ’

469 2502 636 2557 αὐτὸν
665 2502 758 2555 τὸν
778 2502 968 2584 ἀγῶνα
991 2502 1380 2573 συμπεσούσης
1406 2501 1694 2556 ἀπώλεσαν
1716 2501 1806 2557 τὸν
1838 2503 2062 2573 μείζονα

476 2595 800 2665 στρατηγόν.
839 2595 949 2648 Τοῦ
981 2597 1088 2667 γὰρ
1120 2596 1350 2658 Λέοντος
1384 2591 1752 2666 διενεχθέντος
1785 2597 1922 2668 πρὸς
1965 2598 2060 2651 τὸν

474 2682 808 2757 Προκόπιον,
852 2687 1242 2757 συμϐαλόντων
1295 2687 1354 2741 δὲ
1388 2689 1538 2758 ὅμως
1589 2691 1704 2752 τοῖς
1755 2689 2056 2758 πολεμίοις,

465 2777 670 2847 συνέϐη
700 2779 792 2831 τὸν
827 2779 928 2849 μὲν
967 2779 1358 2851 ’Δποστύππην
1397 2779 1536 2849 μετὰ
1560 2779 1669 2832 τῶν
1722 2779 1956 2850 Θρᾳκῶν
2000 2798 2058 2834 τε

463 2872 561 2926 καὶ
579 2871 917 2925 Μακεδόνων
939 2873 1082 2925 κατὰ
1113 2871 1174 2924 τὸ
1201 2870 1374 2936 δεξιὸν
1401 2871 1568 2942 μέρος
1593 2871 2059 2942 ⁹³ἁγωνιζόμενον

466 2965 695 3034 κρατεῖν
755 2962 865 3016 τῶν
919 2961 1131 3034 ἐχθρῶν
1180 2965 1273 3015 καὶ
1309 2963 1478 3016 πολὺν
1513 2963 1672 3032 φόνον
1705 2953 2056 3034 ἐργάξεσθαι,

465 3046 642 3108 τὸν-δὲ
677 3055 987 3124 Προκόπιον
1010 3054 1146 3124 μετὰ
1179 3055 1286 3107 τῶν
1319 3054 1647 3125 Σκλαὸηνῶν
1677 3056 1724 3089 ⁸⁸
1743 3073 1804 3109 τε
1838 3059 1933 3110 καὶ
1958 3061 2060 3112 Δυ-

2238 2222 2445 2282 65-66.
2479 2223 2793 2281 Terrestres
2825 2236 2954 2281 vero
2981 2226 3153 2296 copia:
3184 2222 3328 2281 haud
3365 2240 3593 2295 prorsus
3625 2227 3766 2282 invi-

2167 2318 2312 2374 diam
2341 2319 2604 2390 effugere.
2643 2307 2844 2374 Verum
2883 2331 3172 2390 gesserunt
3199 2314 3305 2374 illa:
3337 2319 3556 2390 quidem
3605 2320 3765 2375 fortia

2169 2413 2430 2482 claraque
2488 2412 2781 2479 facinora;
2841 2423 2963 2466 orta
3022 2421 3206 2467 tamen
3251 2414 3355 2468 sub
3387 2415 3561 2482 ipsius
3590 2414 3764 2484 praelii

2176 2511 2392 2572 tempus
2420 2497 2699 2558 discordia
2741 2519 2805 2558 ac
2831 2505 3189 2559 contentione
3225 2505 3420 2558 ducem
3452 2504 3764 2560 amiserunt

2170 2597 2262 2665 qui
2293 2597 2469 2664 major
2507 2595 2775 2667 dignitate
2801 2591 2937 2651 erat.
2969 2597 3106 2652 Cum
3149 2597 3294 2652 enim
3330 2597 3618 2652 dissideret
3657 2597 3765 2652 Leo

2168 2703 2198 2742 a
2234 2683 2505 2758 Procopio
2537 2729 2550 2750 ,
2590 2699 2848 2744 conserto
2899 2687 3068 2760 306
3119 2701 3298 2744 tamen
3344 2705 3467 2745 cum
3517 2690 3765 2747 hostibus

2170 2779 2360 2846 przelio
2395 2778 2623 2848 contigit
2651 2775 2892 2833 Leonem
2931 2790 3055 2830 cum
3079 2775 3391 2832 Thracibus
3431 2785 3483 2830 et
3520 2778 3767 2832 Macedo-

2169 2869 2330 2921 nibus
2373 2869 2429 2922 in
2472 2871 2660 2923 dextra
2702 2871 2821 2923 acie
2853 2869 3080 2930 victoria
3109 2871 3269 2938 potiri
3315 2880 3481 2940 atque
3523 2871 3761 2925 hostium

2169 2977 2424 3030 magnam
2461 2973 2696 3032 stragem
2729 2963 2882 3025 dare,
2923 2961 3246 3030 Procopium
3283 2977 3408 3016 vero
3438 2976 3562 3017 cum
3615 2963 3766 3016 Scia-

2165 3048 2308 3107 vinis
2345 3063 2398 3107 et
2429 3053 2868 3108 occidentalibus
2889 3055 3174 3108 sinistram
3205 3064 3478 3109 tenentem
3504 3055 3767 3109 validiore

460 3146 632 3200 τικῶν
661 3149 806 3200 κατὰ
837 3146 896 3199 τὸ
930 3147 1116 3216 ἕτερον
1155 3147 1319 3217 μέρος
1339 3149 1793 3218 ἀντιταττόμενον
1820 3150 1925 3203 ὑπὸ
1951 3140 2057 3202 τῶν

2166 3147 2336 3214 premi
2369 3147 2609 3200 hostium
2643 3147 2849 3216 impetu
2881 3164 2896 3213 ;
2938 3148 3023 3200 cui
3060 3147 3330 3201 laboranti
3361 3163 3485 3201 cum
3529 3147 3599 3200 οι)
3626 3163 3764 3214 pra:-

461 3238 731 3293 Ξναντίων
783 3227 1096 3303 πιέζεσθαι.
1149 3239 1241 3310 Μὴ
1297 3238 1644 3310 πεμφθείσης
1688 3241 1744 3295 δὲ
1777 3245 1927 3312 παρὰ
1963 3244 2056 3298 τοῦ

461 3331 854 3400 συστρατήγου
900 3329 1155 3400 βοηθείας
1184 3331 1323 3402 πρδς
1363 3333 1424 3384 τὸ
1447 3332 1646 3386 πονοῦν
1682 3335 1769 3388 διὰ
1798 3335 1895 3403 τὴν
1929 3353 2060 3405 προ-

457 3423 833 3493 ηγησαμένην
861 3421 1219 3491 φιλονεικίαν.
1260 3421 1474 3495 ὲτρᾶπη
1530 3424 1786 3495 καθαρῶς
1828 3415 1886 3479 τὸ
1921 3426 2060 3481 κατὰ

456 3516 550 3568 τὸν
573 3511 892 3586 Προκύπιον
919 3516 1104 3584 μέρος,
1132 3517 1224 3568 καὶ
1243 3516 1407 3579 αὐτὸς
1439 3519 1643 3580 ἐκεῖνος
1676 3519 1890 3590 ἐσφάγη
1917 3521 2060 3574 κατὰ

460 3606 562 3677 τὴν
601 3606 816 3673 δίωξιν,
844 3606 940 3659 τοῦ
969 3606 1137 3660 ἵππου
1180 3605 1559 3679 συμπεσόντος
1584 3603 1753 3679 αύτῷ.
1806 3604 2058 3664 Τοιοῦτον

462 3697 519 3750 δὲ
555 3698 713 3762 τέλος
746 3698 849 3768 τῆς
879 3698 1062 3768 μάχης
1089 3700 1304 3767 ἐκείνης
1335 3699 1632 3772 λαύούσης,
1682 3701 1854 3755 θέλων
1884 3720 1936 3756 τι
1968 3704 2059 3756 καὶ

447 3785 660 3862 ’ἓτερον
685 3785 944 3864 λαμπρὸν
968 3795 995 3847 6
1024 3794 1176 3846 Λέων
1205 3785 1566 3864 ἓργᾶςασθαι,
1591 3793 1668 3858 ὡς
1703 3797 1769 3849 ἂν
1790 3795 1850 3848 τὸ
1875 3796 1938 3848 ἐκ
1961 3787 2059 3866 τῆς

475 3879 660 3948 ῑριδος
691 3885 954 3956 συσκιάσῃ
990 3878 1225 3953 συμϐὰν,
1257 3884 1318 3936 τό
1346 3901 1404 3937 τε
1431 3882 1481 3916 ’⁸
1510 3875 1710 3938 οἰκεῖον
1744 3887 2060 3954 στράτευμα

488 3968 676 4023 λαϐὼν
703 3972 795 4024 καλ
810 3977 924 4039 τοὺς
949 3979 1010 4029 ἐκ
1034 3978 1132 4044 τῆς
1158 3979 1342 4046 φυγῆς
1385 3977 1748 4039 διασωθέντας
1794 3974 1902 4028 τῶν
1930 3993 2058 4029 τατο

488 4062 742 4132 τομένων
759 4063 860 4116 ύπδ
878 4067 956 4119 τδν
971 4053 1279 4139 Προκύπιον
1295 4087 1364 4124 ,συ
1373 4068 1724 4140 μπεριλαῦὼν
1743 4067 1802 4120 τὸ
1823 4068 1958 4121 κάστ
1967 4084 2058 4137 ρον

480 4154 897 4227 κατεπολέμησε
944 4159 1245 4229 Τάραντος,
1292 4161 1372 4212 έτι
1405 4157 1774 4231 κατεχόμενον
1802 4154 1904 4212 ὕπὸ
1949 4159 2058 4212 τῶν

486 4245 833 4318 ’Δγ-αρηιθιίν,
878 4249 1152 4304 καὶτοῦτο
1187 4251 1328 4304 κατὰ
1357 4252 1560 4322 κράτος
1591 4245 1725 4316 εἷλε,
1759 4253 1854 4304 καὶ
1881 4243 2058 4304 πάντα

468 4338 564 4391 τὸν
605 4339 668 4390 ἐν
704 4339 852 4411 αὐτῷ
899 4341 1026 4394 λαὸν
1080 4343 1616 4414 ἐξηνδραποδίσατο·
1653 4340 1712 4408 te
1767 4338 1842 4396 ὧν
1891 4343 1951 4397 τό
1999 4359 2058 4396 τε

474 4432 867 4498 στρατιωτικὸν
891 4432 940 4464 ⁹⁶
971 4433 1337 4503 ἀποχρώντως
1369 4431 1717 4502 ὠφεληθῆναι
1744 4429 2059 4502 συνεχώρη-

478 4536 538 4574 σε
565 4520 650 4590 ίΡ.
685 4522 937 4595 1891καὶ
993 4525 1203 4595 βασιλεῖ
1231 4525 1401 4595 συχνὰ
1452 4524 1775 4595 προσήγαγε
1813 4523 2054 4592 λάφυρα.

487 4613 749 4670 ’Δλλόύκ
787 4618 968 4671 ἐπεῖδε
995 4619 1206 4683 τούτοις
1242 4620 1413 4690 ἡδέως
1449 4619 1478 4671 6
1511 4617 1786 4689 βασιλεὺς,
1820 4617 1941 4670 οὐδὲ
1981 4614 2056 4679 ὡς

2162 3241 2446 3295 cedentem
2502 3240 2835 3296 discordiam
2870 3240 3018 3294 nulla
3068 3255 3096 3294 a
3130 3240 3336 3310 collega
3375 3241 3544 3295 missa
3577 3253 3766 3296 essent

2163 3331 2390 3394 auxilia,
2415 3330 2533 3384 fuga
2564 3329 2784 3400 penitus
2812 3331 2960 3385 illius
2983 3327 3100 3386 acie
3128 3331 3356 3400 ipsemet
3383 3331 3436 3384 in
3471 3329 3598 3400 fuga
3621 3346 3765 3399 equo

2161 3424 2350 3490 lapsus
2384 3432 2610 3476 necatus
2632 3426 2734 3477 est.
2759 3419 2914 3476 Hunc
2936 3423 3139 3477 exitum
3162 3438 3284 3477 cum
3319 3437 3495 3493 pugna
3531 3423 3762 3477 habuis-

2163 3515 2266 3577 set,
2293 3513 2402 3569 Leo
2429 3513 2578 3568 aliud
2607 3517 2772 3570 etiam
2805 3512 3011 3586 aliquid
3047 3517 3178 3570 clari
3217 3516 3478 3571 facinoris
3517 3517 3678 3571 edere
3707 3518 3764 3570 in

2162 3607 2347 3662 animo
2379 3607 2606 3671 habens,
2628 3611 2686 3662 u'l
2709 3608 2915 3662 illatam
2944 3609 3014 3662 ob
3040 3609 3328 3664 dissidium
3359 3608 3568 3662 cladem
3599 3608 3762 3661 obte-

2161 3707 2334 3770 geret,
2363 3703 2479 3752 tum
2514 3715 2643 3754 suas
2676 3699 2792 3770 ipse
2825 3703 3013 3770 copias
3049 3715 3340 3756 assumens
3379 3713 3490 3755 tum
3529 3715 3590 3755 ex
3627 3699 3764 3752 Pro-

2162 3787 2306 3856 c0pii
2384 3787 2540 3842 clade
2604 3792 2854 3844 residuas
2916 3791 3216 3860 colligens,
3283 3790 3508 3845 'l'arenti
3578 3805 3761 3843 arcem

2160 3880 2514 3949 expugnavit,
2545 3889 2710 3948 quam
2745 3883 2923 3936 adhuc
2947 3882 3183 3951 Agat-eui
3211 3884 3486 3947 tenebant,
3518 3885 3763 3950 penitus-

2160 3986 2266 4040 que
2303 3971 2572 4045 diripiens
2610 3973 2868 4040 populum
2915 3988 3132 4026 omnem
3182 3975 3458 4039 captivum
3511 3975 3760 4028 abduxit.

2162 4052 2299 4115 Hinc
2335 4071 2389 4116 et
2420 4062 2622 4116 milites
2656 4078 2760 4115 non
2795 4079 2986 4131 parum
3022 4065 3204 4133 praeda
3230 4066 3391 4132 juvit,
3427 4074 3480 4118 et
3528 4067 3763 4133 impera-

2162 4153 2264 4208 tori
2287 4152 2466 4221 opima
2485 4153 2657 4221 spolia
2693 4154 2915 4208 obtulit.
2948 4152 3067 4206 Non
3104 4165 3284 4209 tamen
3320 4157 3616 4222 imperator
3649 4159 3764 4215 lucc

2162 4246 2394 4300 libenter
2415 4246 2652 4314 aspexit,
2685 4260 2784 4300 nec
2821 4255 2879 4298 ιιι
2915 4244 3033 4299 viro
3067 4244 3194 4298 forti
3238 4247 3544 4300 mercedem
3583 4245 3754 4303 Leoni

2162 4337 2443 4394 reddidit:
2494 4337 2588 4392 sed
2634 4353 2761 4393 cum
2811 4337 2992 4391 habita
3027 4336 3103 4390 rei
3157 4337 3410 4406 indagine
3438 4353 3503 4392 ex
3531 4347 3758 4392 conten-

2162 4429 2312 4485 tione
2369 4432 2422 4484 in
2475 4429 2595 4500 ipso
2645 4446 2839 4499 pugnae
2895 4428 3148 4484 conﬂictu
3201 4425 3440 4482 Leonem
3494 4429 3758 4498 collegam

2091 4503 2134 4558 D
2164 4521 2470 4592 perdidisse
2493 4522 2814 4586 invenisset,
2839 4521 3103 4590 abrogato
3122 4521 3171 4575 ei
3193 4537 3417 4575 munere
3444 4524 3498 4576 in
3530 4522 3756 4577 domum

2165 4631 2346 4682 suam,
2379 4628 2502 4685 qua
2535 4614 2678 4668 haud
2710 4614 2899 4683 procul
2937 4614 3170 4684 Cotyaio
3200 4622 3304 4679 est,
3334 4616 3618 4687 relegavit.

465 4712 699 4784 ἀριστέα
734 4713 827 4767 τὸν
852 4715 1058 4770 Λέοντα
1084 4715 1481 4788 ἀντημείψατο,
1527 4713 1643 4768 ἀλλ’
1695 4713 1820 4767 ἐπεὶ
1879 4710 2310 4784 διερευνώμενος
2380 4709 2639 4780 εὕρισκεν
2682 4711 2746 4762 ὲκ
2793 4707 2894 4778 τῆς
2962 4707 3358 4777 συμπεσούσης
3426 4707 3758 4777 φιλονεικίας

463 4801 588 4856 κατ’
617 4803 790 4872 αὐτὴν
820 4804 914 4858 τοῦ
964 4806 1204 4876 πολέμου
1245 4805 1522 4876 συμϐολὴν
1554 4804 1895 4858 ἀπολωλέναι
1954 4803 2047 4856 τὸν
2083 4803 2517 4874 ὀμοστράτηγον,
2551 4801 2652 4872 τῆς
2667 4817 2727 4853 τε
2754 4799 2928 4870 ἀρχῆς
2961 4799 3238 4870 παρέλυσε
3317 4801 3411 4853 καὶ
3467 4798 3754 4872 ἐξόριστον

463 4897 525 4950 ἰν
551 4893 635 4966 τῷ
665 4895 781 4966 ἰδίῳ
805 4895 940 4968 οἴκῳ
960 4897 1248 4952 ἀπέστειλε
1270 4897 1500 4968 πλησίον
1527 4895 1828 4950 Κοτυαείου
1850 4895 2199 4967 τυγχάνοντι.

540 5014 647 5083 ξζν.
682 5017 974 5084 Τοιαύταις
997 5019 1054 5073 δὲ
1084 5020 1178 5074 καὶ
1213 5018 1353 5092 μετὰ
1386 5018 1564 5074 ταῦτα
1594 5016 1788 5088 τύχαις
1830 5018 1859 5070 6
1901 5017 2064 5070 Ἀπο-

465 5109 734 5181 στύππης
755 5111 1045 5182 ἐχρήσατο.
1078 5111 1578 5181 Συμφρονήσαντες
1605 5110 1715 5178 γὰρ
1750 5106 1872 5161 κατ’
1895 5105 2061 5160 αὐτοῦ

460 5201 494 5254 ὅ
521 5215 584 5252 τε
612 5204 1052 5273 πρωτοστράτωρ
1077 5203 1306 5265 Βαῖὰνος
1338 5201 1380 5233 ³⁷
1411 5203 1505 5255 καὶ
1531 5200 1856 5271 Χαμὰρετος
1885 5200 1914 5252 6
1931 5216 2061 5252 κου-

464 5290 818 5363 εικουλάριος
857 5296 953 5348 καὶ
986 5294 1205 5366 πρῶτος
1234 5294 1345 5348 τῶν
1371 5293 1721 5348 οἰκειοτάτων
1751 5289 1899 5373 αύτῷ
1923 5307 2061 5360 γρα-

465 5382 578 5454 φὴν
602 5387 744 5440 κατὰ
768 5385 862 5440 τοῦ
891 5388 1022 5442 ἰδίου
1044 5389 1306 5442 δεσπότου
1329 5387 1465 5458 πρὸς
1488 5385 1711 5456 βασιλέα
1740 5384 2056 5448 συνέθεσαν,

461 5473 538 5530 δι’
571 5471 641 5550 ἧς
681 5479 939 5553 ἐδηλοῦτο
984 5481 1078 5537 καὶ
1110 5485 1139 5535 6
1171 5480 1264 5536 τοῦ
1314 5479 1813 5552 πρωτοσεστιαρίου
1847 5477 2053 5546 Προκο-

2241 5013 2330 5068 67.
2365 5010 2562 5066 Postea
2604 5025 2826 5081 quoque
2867 5010 2965 5067 tali
3004 5011 3311 5082 Apostypes
3357 5026 3493 5066 usus
3535 5009 3756 5066 fortuna

2165 5115 2268 5160 est.
2317 5103 2442 5160 Pari
2479 5104 2630 5159 enim
2678 5102 2842 5173 307
2894 5117 3170 5159 consensu
3228 5112 3342 5156 tum
3391 5109 3760 5173 protostrator

2167 5195 2404 5250 Baianos
2435 5205 2553 5249 tum
2597 5193 2974 5249 cubicularius
3006 5193 3396 5260 Chamaretus,
3442 5193 3613 5263 ipsius
3656 5207 3757 5248 ne-

2167 5288 2534 5343 cessariorum
2588 5288 2824 5357 primus,
2875 5287 3282 5340 accusationem
3339 5293 3558 5340 struunt
3611 5284 3754 5353 apud

2168 5381 2550 5449 imperatorem
2583 5388 2774 5433 contra
2822 5379 3013 5432 Iterum
3049 5393 3232 5444 suum,
3268 5393 3375 5448 qua
3411 5387 3466 5431 et
3496 5386 3754 5446 protoveo

2164 5474 2340 5530 stiarii
2373 5473 2622 5543 ProcOpii
2647 5486 2838 5527 necem
2865 5470 2986 5543 ejus
3014 5472 3292 5527 voluntate
3323 5481 3580 5542 certoque
3615 5484 3756 5526 con-

1744 5616 1984 5673 νΑιιιΑῑ
2028 5611 2438 5672 LECTIONES.

541 5742 588 5776 "
608 5730 727 5799 τότε
755 5759 872 5801 om.
897 5744 963 5798 A.‘
1039 5741 1086 5776 ⁸³
1115 5738 1256 5794 κατὰ
1282 5739 1342 5792 τδ
1361 5738 1534 5804 δεξιὸν
1562 5737 1727 5808 μέρος
1757 5753 1870 5795 om.
1901 5737 1967 5794 A.
2046 5735 2092 5772 ”
2125 5735 2461 5794 Barberinus
2513 5733 2861 5806 Σκλαδήνων.
2938 5735 2984 5770 ’⁸
3025 5751 3084 5790 τε
3134 5749 3245 5791 om.
3282 5738 3350 5791 Α.
3424 5735 3470 5769 ⁸⁸
3501 5728 3579 5791 ὧν
3626 5728 3755 5790 τότε

465 5815 558 5872 ul
586 5818 646 5874 τὸ
679 5835 802 5889 στρ.
841 5817 910 5870 Α.
986 5811 1037 5848 ⁸⁸
1064 5828 1164 5884 πρ.
1202 5809 1362 5864 αὑτοῦ
1393 5810 1657 5878 Βαγιάνος
1684 5810 1750 5865 Α.

3508 5725 3538 5752 Ὗ
