4144 6424
469 409 577 474 323

1569 391 1984 454 'l‘IIEOPIIAN'
1995 389 2084 448 ES
2125 389 2319 449 CONT
2332 389 2406 448 IN
2420 388 2622 449 UATIF

3651 395 3751 459 3'24

471 528 595 581 silio
627 521 828 577 factum
865 513 1246 578 insinuabant,
1281 525 1548 580 reumque
1589 507 1891 578 maiestatis
1929 521 2058 576 age-

2188 507 2290 563 ιίου
2347 507 2574 570 Θάνατος
2611 510 2806 582 γνώμῃ
2839 509 2932 562 τοῦ
2973 511 3163 582 κυρίου
3217 512 3398 565 αὐτῶν
3433 515 3668 582 γεγονὼς
3705 518 3749 549 ⁸⁸

470 623 622 680 bant,
679 627 888 668 necnon
943 608 1130 680 gravia
1189 605 1438 676 quaedam
1483 602 1590 657 alia
1633 618 1697 656 ac
1732 599 1967 655 diﬁicilia
2006 600 2056 653 ei

473 710 848 781 imponebant.
924 700 1314 756 Accusationis
1381 697 1621 750 libellum
1697 691 2059 747 Chamaretus

473 803 782 872 accipiens,
853 797 1246 866 ingressusque
1305 789 1670 861 Byzantium,
1739 783 2059 854 imperatori

475 896 739 968 porrexit.
784 890 858 944 Ea
884 889 974 942 ubi
1009 886 1358 941 rescivissent
1388 880 1681 952 Apostypis
1705 879 1884 939 liberi,
1929 876 2062 930 Bar-

475 991 574 1044 das
607 985 907 1052 Davidque,
958 995 1058 1034 sua
1107 977 1210 1047 ipsi
1244 991 1409 1028 manu
1449 973 1713 1026 Baianum
1761 969 2058 1039 perimunt,

475 1096 788 1153 corpusque
811 1077 1062 1131 minutim
1089 1071 1314 1127 immani
1343 1068 1584 1123 facinore
1614 1066 1841 1118 ensibus
1871 1060 2058 1116 conci-

476 1177 632 1232 dunt.
695 1170 931 1226 Sceleris
987 1165 1310 1234 indignitate
1369 1175 1433 1214 ac
1497 1157 1846 1228 imperatoris
1910 1165 2058 1207 metu

476 1264 758 1324 conterriti
809 1270 1092 1326 assumpto
1120 1255 1341 1325 patrein
1381 1251 1594 1322 Syriam
1635 1250 1852 1304 concito
1897 1261 2062 1302 cursu

476 1358 786 1425 diiTugiunt.
804 1352 1012 1418 Quibus
1033 1350 1333 1416 imperator
1352 1344 1577 1409 auditis,
1600 1340 2063 1409 Bartzapedonem

477 1447 868 1518 mauglavitam
922 1441 1015 1512 qui
1070 1441 1191 1493 illos
1246 1438 1516 1492 detineret
1571 1449 1735 1504 quam
1781 1429 2066 1486 celerrime

477 1544 662 1596 mittit.
695 1537 815 1593 Jam
861 1536 913 1588 iu
953 1531 1354 1603 Cappadociam
1394 1537 1677 1591 venerant,
1719 1540 1843 1580 cum
1875 1526 1928 1577 in
1967 1522 2068 1593 Sy-

475 1635 617 1689 riam
649 1638 904 1686 eoutento
923 1641 1087 1680 cursu
1114 1632 1542 1693 approperantes
1573 1617 1801 1672 invenit.
1825 1615 2069 1671 Conatur

479 1727 590 1784 ille.
625 1738 745 1794 quae
779 1723 844 1774 a.l
877 1735 1000 1774 eum
1035 1727 1152 1772 erat
1183 1717 1378 1770 divalis
1403 1713 1601 1783 jussio,
1634 1711 1886 1765 homines
1920 1719 2070 1764 tene-

479 1833 558 1872 re.
595 1816 887 1870 Enimvero
933 1810 1042 1864 illis
1077 1807 1456 1863 ohnitentibus
1502 1820 1565 1858 ac
1614 1819 1713 1874 pro
1763 1802 1904 1856 virili
1949 1815 2070 1856 sese

2171 603 2266 654 καὶ
2308 600 2689 663 καθοσιώσεως
2739 602 2997 671 ἔγκλημα
3027 605 3122 657 καὶ
3151 604 3286 658 ἄλλα
3318 605 3437 658 τινὰ
3459 606 3630 676 βαρέα
3657 610 3753 660 καὶ

2167 688 2424 759 δυσχερῆ.
2464 691 2566 742 Ἦν
2596 692 2623 742 ὁ
2652 691 2978 762 Χαμάρετος
3025 691 3205 744 λαϐὼν
3236 695 3329 745 καὶ
3365 695 3500 761 πρὸς
3524 694 3619 764 τὴν
3657 695 3752 763 βα-

2171 782 2487 836 σιλεύουσαν
2509 784 2764 837 εἰσελθὼν
2785 785 2861 854 τῷ
2885 785 3092 855 βασιλεῖ
3117 787 3461 840 ἐπιδέδωκεν.
3480 787 3755 851 Μαθόντες

2168 877 2225 930 δέ
2255 876 2411 930 τοῦτο
2442 878 2490 929 οἱ
2520 876 2612 928 τοῦ
2648 877 3009 948 Ἀποστύππη
3045 881 3088 911 θ’
3113 879 3240 941 υἱοὶ,
3275 881 3303 932 ὅ
3341 897 3399 932 τε
3433 880 3642 951 Βάρδας
3663 880 3758 933 καὶ

2169 970 2197 1021 ὁ
2225 969 2410 1032 Δαϐὶδ,
2452 969 2768 1041 αὐτόχειρες
2800 969 2892 1024 τοῦ
2927 971 3157 1025 Βαῐάνου
3190 974 3204 1003 ¹
3243 972 3620 1037 καθίστανται,
3649 977 3757 1040 τοῖς

2173 1060 2382 1132 ξίφεσιν
2419 1062 2582 1114 αὐτὸν
2639 1063 2886 1131 ἀνηλεῶς
2948 1065 3385 1134 κατακόψαντες.
3438 1067 3538 1117 Διά
3597 1066 3653 1119 δέ
3701 1071 3760 1119 τὸ

2170 1152 2413 1207 τοιοῦτον
2455 1153 2712 1223 τόλμημα
2741 1155 2832 1206 καὶ
2867 1155 2925 1207 τὸ
2958 1157 3021 1208 ἐκ
3049 1155 3312 1224 βασιλέως
3349 1157 3465 1218 δέος
3494 1156 3761 1227 ὥρμησαν

2176 1246 2317 1316 μετὰ
2338 1245 2433 1316 τοῦ
2469 1248 2675 1318 πατρὸς
2711 1248 2842 1318 πρὸς
2865 1250 2883 1278 ³
2919 1250 3117 1319 Συρίαν
3149 1253 3364 1318 φυγεῖν.
3410 1247 3673 1313 ’Λκούσας
3707 1250 3762 1304 δὲ

2171 1341 2346 1395 ταῦτα
2383 1344 2410 1394 ὁ
2432 1341 2685 1412 βασιλεὺς
2722 1344 2819 1394 σὺν
2842 1343 2996 1412 τάχει
3020 1344 3200 1412 πολλῴ
3230 1341 3650 1410 Βαρτζαπέδονα
3671 1343 3762 1396 τὸν

2179 1435 2558 1504 μαγκλαόίτην
2592 1436 2880 1488 ἀπέστειλε
2918 1438 3054 1505 πρὸς
3081 1437 3140 1489 τὸ
3185 1440 3488 1505 κατασχεῖν
3520 1438 3540 1466 ³
3573 1437 3767 1500 autat;

2175 1529 2270 1582 καὶ
2305 1528 2440 1599 πρὸς
2470 1529 2633 1582 αὑτὸν
2662 1531 2909 1597 ἀγαγεῖν.
2945 1529 3052 1592 Ub;
3076 1530 3176 1600 ἤδη
3201 1529 3336 1600 πρὸς
3375 1531 3776 1587 Καππαδοκίαν

2176 1619 2467 1684 κατέλαϐε,
2497 1620 2595 1687 τὴν
2629 1620 2766 1687 πρὸς
2805 1621 3005 1688 Συρίαν
3056 1621 3175 1673 ὁδὸν
3223 1621 3501 1683 συντόνως
3526 1621 3776 1674 ἐλαύνον-

2176 1731 2293 1777 τας.
2326 1713 2618 1784 Πειραθεὶς
2649 1710 2741 1767 οῦν
2796 1713 2994 1778 αὐτοὺς
3035 1713 3178 1767 κατά
3209 1713 3270 1766 τὸ
3326 1715 3674 1783 πρόσταγμα
3717 1714 3778 1767 τὸ

2183 1805 2461 1875 βασιλικὸν
2522 1809 2838 1875 κατασχεῖν,
2885 1807 3112 1860 ἐκείνων
3155 1808 3212 1860 δέ
3259 1808 3645 1862 ἀντιστάντων
3680 1809 3778 1862 καὶ

480 1907 759 1964 tuentibus
783 1946 796 1969 ,
827 1902 1058 1972 contigit
1088 1900 1278 1954 ambos
1305 1897 1600 1968 Apostypis
1627 1895 1770 1950 ﬁlios
1801 1895 1853 1948 in
1883 1910 1946 1948 ea
1987 1895 2070 1948 di-

2188 1899 2539 1968 ἱμυνομένων
2572 1901 2652 1962 εἰς
2685 1899 2938 1970 δύναμιν,
2971 1900 3169 1970 συνέϐη
3201 1900 3341 1954 κατά
3377 1902 3482 1972 τὴν
3514 1902 3775 1970 τοιαύτην

482 1999 812 2072 gladialione
861 1997 1086 2062 rixaque
1117 1993 1337 2046 cadere.
1379 1990 1541 2044 Pater
1583 1989 1699 2058 ipsc
1725 1999 1921 2059 captus
1952 1986 2076 2040 vin-

481 2106 712 2163 ctusque
757 2093 822 2146 ad
873 2092 1260 2159 imperatorem
1308 2096 1422 2141 tum
1467 2087 1519 2139 in
1561 2087 1724 2156 regiis
1776 2085 1983 2137 ardibus
2021 2083 2074 2135 in

482 2187 665 2241 llieria
694 2198 1002 2239 versantem
1043 2182 1312 2234 adductus
1343 2220 1357 2245 ,
1387 2177 1750 2247 ejusdemque
1776 2176 1936 2244 jussu
1963 2172 2078 2226 Ma-

482 2277 666 2334 nuelis
739 2273 986 2345 magistri
1044 2272 1255 2340 judicio
1332 2271 1633 2331 subaetus,
1702 2267 1864 2320 unius
1931 2263 2078 2317 oculi

483 2370 782 2425 eﬁ'ossioue
827 2368 1100 2432 uniusque
1135 2365 1262 2415 item
1297 2376 1494 2414 manus
1533 2357 1908 2427 amputatiouc
1955 2354 2075 2414 luit,

485 2471 599 2516 tum
631 2467 698 2514 ob
726 2461 923 2536 iudicia
961 2457 1126 2529 308
1152 2455 1352 2524 quibus
1381 2452 1754 2521 premebatur,
1785 2459 1896 2502 tum
1933 2445 2079 2515 quod

483 2564 720 2608 conatus
751 2561 899 2607 esset
941 2554 1006 2604 ad
1052 2554 1234 2601 hostes
1275 2544 1541 2613 ditIugcre
1575 2559 1588 2608 ;
1632 2539 1777 2610 quod
1807 2539 2080 2603 reliquum

485 2657 591 2714 est,
621 2649 672 2701 in
709 2646 1089 2700 Mesembriam
1110 2642 1381 2709 relegatus
1407 2636 1477 2690 ibi
1511 2633 1819 2688 consenuit.
1852 2630 1929 2683 Ae
1959 2627 2084 2699 qui-

487 2743 609 2797 dem
636 2739 950 2810 Apostypis,
985 2737 1088 2790 viri
1117 2735 1320 2803 alioqui
1357 2731 1501 2785 haud
1533 2727 1714 2800 probi,
1749 2742 1838 2780 res
1867 2723 2084 2794 ejuscc-

489 2835 637 2891 modi
664 2835 830 2890 ﬁnem
871 2831 1133 2886 habuere.

560 3017 650 3073 68.
702 3015 925 3070 Interim
971 3013 1100 3067 dum
1157 3027 1251 3083 per
1281 3010 1492 3079 legatos
1539 3005 1613 3059 ita
1646 3019 1732 3060 res
1771 3002 2084 3058 Occidentis

492 3108 809 3181 imperatori
855 3107 1333 3169 administrantur,
1368 3103 1460 3172 qui
1489 3101 1555 3154 ad
1600 3099 1886 3153 meridiem
1931 3099 2085 3151 inco-

489 3205 610 3259 lunt
634 3202 862 3264 Arabes,
884 3199 1182 3268 assumptis
1212 3197 1433 3258 animis,
1461 3195 1590 3248 dum
1624 3193 1801 3262 ipsum
1835 3190 2087 3244 desidere

2178 1991 2487 2061 ἁψιμαχίαν
2533 1993 2626 2046 καὶ
2658 1993 2849 2046 στάσιν
2878 1994 3154 2062 σφαγῆναι
3183 1994 3309 2056 τοὺς
3339 1994 3443 2047 δύο
3476 1993 3571 2046 τοῦ
3615 1993 3778 2047 Ἀπο-

2181 2086 2452 2155 στύττπηθ⁸
2512 2087 2683 2150 υἱοὺς,
2741 2086 2902 2139 αὑτὸν
2961 2087 3017 2139 δέ
3068 2087 3339 2156 ληφθῆναι
3411 2089 3507 2140 καὶ
3561 2087 3782 2157 δέσμιον

2179 2176 2411 2245 ἀχθῆναι
2449 2177 2578 2245 πρὸς
2611 2176 2836 2244 βασιλέα
2871 2178 3010 2229 κατὰ
3033 2179 3132 2241 τὰς
3155 2182 3212 2230 ἐν
3254 2179 3459 2251 Ἱερείᾳ
3491 2179 3779 2247 βασιλικὰς

2179 2262 2357 2324 οἰκίας
2387 2261 2447 2314 τὸ
2472 2263 2773 2333 τηνικαῦτα
2820 2265 3198 2334 τυγχάνοντα·
3241 2267 3296 2330 ὃς
3337 2271 3406 2339 τῇ
3439 2272 3621 2338 κρίσει
3655 2270 3778 2324 Μα-

2180 2354 2341 2424 νουὴλ
2372 2354 2464 2406 τοῦ
2501 2356 2802 2426 μαγίστρου
2847 2357 3102 2428 βασιλικῇ
3157 2359 3414 2414 κελεύσει
3477 2363 3778 2415 ὑποπεσὼν

2181 2445 2276 2497 καὶ
2299 2445 2388 2497 τὸν
2415 2446 2509 2497 ἕνα
2550 2443 2656 2498 τῶν
2683 2446 2978 2516 decanos»;
3007 2449 3286 2512 ἐκκοπεὶς,
3339 2450 3672 2521 ἀφαιρεθεὶς
3721 2454 3778 2510 δὲ

2181 2538 2276 2588 καὶ
2313 2536 2423 2590 τῶν
2464 2537 2664 2607 χειρῶν
2698 2538 2797 2606 τὴν
2849 2539 2979 2607 μίαν
3037 2537 3125 2591 διά
3159 2555 3217 2590 τε
3269 2539 3370 2609 τὴν
3409 2541 3640 2608 ἔνδειξιν
3683 2542 3783 2612 τὴν

2183 2633 2305 2684 κατ’
2345 2631 2508 2683 αὐτοῦ
2559 2631 2652 2683 καὶ
2696 2631 2782 2684 διὰ
2814 2630 2910 2701 τὴν
2940 2634 3134 2701 πεῖραν
3165 2631 3265 2701 τῆς
3291 2632 3431 2702 προς
3461 2635 3591 2697 τοὺς
3621 2633 3783 2686 πολε-

2187 2728 2344 2798 μίους
2399 2728 2598 2797 φυγῆς,
2662 2727 2721 2780 τὸ
2781 2726 2967 2779 λοιπὸν
3015 2729 3070 2779 ἐν
3117 2727 3458 2798 Μεσημϐρίᾳ
3499 2729 3786 2799 ἐξόριστος

2185 2821 2552 2889 κατεγήρασε.
2609 2817 2837 2887 Καὶ,τά
2892 2819 2991 2888 μὲν
3025 2818 3166 2871 κατά
3203 2818 3294 2872 τὸν
3352 2821 3780 2889 Ἀποστυππην,

2184 2912 2303 2966 οὑδέ
2336 2912 2510 2973 άλλως
2532 2911 2661 2964 ὄντα
2691 2913 2948 2981 χρηστὸν,
2979 2909 3220 2963 τοιοῦτον
3253 2909 3405 2971 τέλος
3433 2911 3681 2974 ἐδέξατο.

2259 3004 2358 3074 ξη’.
2398 3006 2486 3057 Ἐν
2514 3005 2623 3074 ὅσῳ
2668 3005 2724 3056 δέ
2772 3004 2839 3058 τὰ
2873 3004 3015 3057 κατὰ
3052 3004 3150 3074 τὴν
3207 3003 3484 3071 Ἑσπέραν
3533 3003 3623 3057 διὰ
3677 3005 3786 3062 τῶν

2187 3095 2615 3166 ὑποστρατήγων
2648 3094 2724 3163 τῷ
2775 3095 2986 3163 βασιλεῖ
3025 3086 3454 3163 κατεπράττετο,
3493 3095 3542 3148 οἱ
3588 3099 3654 3148 ἐκ
3691 3113 3789 3164 με·

2191 3185 2465 3256 σημϐρίας
2531 3185 2969 3250 ἀναπνεύσαντες
3020 3187 3258 3256 ’Ἄραϐες
3314 3188 3508 3257 ἀργεῖν
3569 3205 3630 3240 τε
3691 3187 3790 3240 καὶ

493 3301 825 3372 segniusque
861 3311 1021 3366 agere
1055 3309 1119 3349 ac
1149 3291 1261 3345 otio
1291 3301 1508 3359 torpere
1536 3287 1878 3348 existimant,
1917 3281 2082 3336 maris

2193 3275 2474 3346 σχολάζειν
2502 3276 2596 3329 καὶ
2628 3274 2908 3345 ρᾳθυμοῦν
2935 3277 2954 3307 ⁵
2991 3278 3316 3346 νομίσαντες
3365 3277 3790 3348 ἀνεθάρρησαν,

492 3369 594 3450 sibi
661 3392 858 3446 iterum
923 3388 1097 3442 aleam
1167 3381 1482 3437 tentandam
1561 3377 1927 3432 constituunt.
1983 3369 2087 3425 Per

493 3484 792 3556 Egyptum
833 3481 1018 3549 itaque
1066 3475 1342 3542 urbesque
1398 3469 1571 3539 Syrize
1608 3466 1912 3520 maritimas
1955 3478 2090 3516 con-

496 3555 720 3634 structis
753 3573 986 3628 navibus
1032 3567 1335 3620 Romanam
1368 3562 1627 3615 ditionem
1663 3568 1806 3611 terra
1842 3555 2089 3622 marique

498 3670 762 3726 infestare
813 3662 1100 3734 parabant.
1131 3657 1321 3724 Opera:
1355 3655 1588 3724 pretium
1633 3661 1812 3705 tamen
1849 3647 1950 3701 rati
1993 3661 2091 3716 per

498 3762 871 3833 speculatores
895 3757 1046 3824 prius
1075 3753 1311 3806 lustrare
1341 3764 1403 3800 ac
1426 3745 1662 3814 experiri
1698 3757 1806 3812 quo
1831 3757 1889 3796 se
1929 3739 2090 3792 modo

499 3831 588 3906 res
621 3845 968 3917 imperatoris
999 3845 1281 3902 haberent,
1317 3838 1596 3892 hominem
1621 3834 1872 3887 Romano
1903 3831 2090 3894 habitu

500 3944 798 4016 pugnaque
846 3947 1110 4000 utentem,
1159 3933 1252 4002 qui
1290 3929 1506 3999 singula
1553 3927 1848 3996 dispiceret
1903 3924 2094 3992 eisque

501 4036 757 4098 rel'erret,
809 4029 1101 4084 miserunt.
1174 4023 1374 4079 Verum
1425 4022 1725 4089 imperator
1783 4003 2096 4086 reipublicae

455 4169 457 4172 -
502 4129 651 4184 curis
681 4126 842 4180 enixe
877 4120 1191 4191 invigilans,
1239 4134 1305 4172 ac
1337 4133 1457 4186 quae
1483 4115 1626 4169 bello
1657 4121 1964 4183 opportuna
2003 4124 2093 4164 es-

502 4229 624 4277 sent
669 4219 721 4273 in
767 4225 1112 4271 antecessum
1153 4225 1372 4279 parans,
1409 4223 1574 4278 quem
1628 4220 1728 4259 nec
1761 4203 1973 4273 fugeret
2007 4202 2096 4256 ille

503 4310 746 4366 hostium
795 4307 990 4360 classis
1029 4307 1080 4358 in
1120 4303 1276 4373 Syria
1314 4311 1648 4370 apparatus,
1687 4296 1992 4349 triremium
2031 4308 2096 4347 ac

502 4402 797 4459 biremium
825 4398 1022 4466 majori
1051 4397 1315 4449 instructa
1348 4391 1505 4459 copia
1540 4389 1829 4456 elasseque
1852 4384 2096 4454 Byzantii

506 4501 878 4562 congregata,
928 4487 1062 4558 quid
1119 4484 1286 4539 ferret
1328 4484 1514 4536 futura
1563 4479 1683 4534 dies
1726 4475 2092 4545 exspectabat.

2190 3365 2427 3418 καὶτῶν
2473 3368 2616 3418 κατά
2667 3366 2941 3419 Θάλασσαν
3008 3367 3385 3420 ἀνθάπτεσθαι
3435 3370 3794 3437 πραγμάτων

2192 3458 2354 3510 πάλιν
2395 3458 2716 3525 διέγνωσαν,
2749 3461 2841 3511 καὶ
2871 3460 2934 3531 δὴ
2969 3462 3108 3514 κατά
3149 3479 3207 3514 τε
3241 3463 3339 3532 τὴν
3374 3460 3665 3525 Αἴγυπτον
3699 3461 3800 3516 καὶ

2191 3550 2290 3612 τὰς
2324 3551 2380 3602 ἐν
2402 3551 2574 3621 Συρίᾳ
2607 3551 3086 3620 παραθαλασσίους
3132 3553 3318 3616 πόλεις
3360 3551 3496 3614 ναῖς
3521 3555 3802 3620 τεκτηνά-

2197 3660 2347 3711 μενοι
2369 3644 2508 3694 κατὰ
2545 3643 2646 3710 τῆς
2677 3643 2950 3712 ὑποφόρου
2978 3643 3274 3714 Ῥωμαίοις
3305 3644 3405 3712 γῆς
3461 3642 3557 3692 καὶ
3597 3640 3804 3694 θαλάσο

2195 3750 2294 3803 σης
2347 3733 2745 3803 ἐκστρατεῦσαι
2777 3731 3100 3784 διενοοῦντο.
3135 3731 3440 3801 Κρίναντες
3473 3726 3532 3778 δέ
3565 3727 3680 3780 δεῖν
3715 3727 3842 3780 διὰ-

2195 3828 2562 3881 κατασκόπων
2615 3826 2881 3896 πρότερον
2940 3823 3029 3898 [Ρ.
3063 3824 3187 3897 190]
3235 3824 3304 3877 τὰ
3342 3821 3628 3894 βασιλέως
3667 3821 3824 3892 πρά..

2193 3935 2381 3988 γματα
2413 3917 2676 3979 κατιδεῖν,
2695 3917 2788 3970 τὸν
2811 3917 3150 3992 ἐποψόμενον
3173 3917 3381 3968 ἕκαστα
3403 3913 3515 3967 καὶ
3544 3913 3687 3982 πρὸς
3715 3913 3816 3966 αῦ-

2193 4011 2321 4074 τους
2357 4008 2776 4080 ἀπαγγελοῦντα
2801 4050 2815 4073 ,
2863 4007 3150 4080 Ῥωμαϊκῇ
3214 4007 3375 4078 στολῇ
3410 4005 3520 4059 καὶ
3575 4006 3814 4080 γλώσσῃ

2195 4103 2499 4174 χρώμενον,
2548 4099 2963 4168 ἐξαπέστειλαν.
3011 4101 3070 4154 '0
3101 4100 3157 4153 δέ
3191 4099 3449 4168 βασιλεὺς
3508 4102 3636 4163 ταῖς
3674 4105 3810 4172 περὶ

2196 4195 2291 4248 τοῦ
2320 4196 2500 4250 κοινοῦ
2557 4194 2840 4268 φροντίσιν
2870 4195 2956 4247 ἀεὶ
2985 4194 3005 4225 ⁸
3033 4193 3330 4264 ἀγρυπνῶν
3359 4195 3453 4244 καὶ
3507 4193 3577 4246 τὰ
3609 4193 3806 4247 δέοντα

2199 4288 2884 4360 προπαρασκευαζόμενος,
2925 4288 3047 4341 ἐπεὶ
3081 4288 3214 4358 μηδέ
3246 4287 3314 4340 τὰ
3368 4289 3425 4340 ἐν
3457 4287 3640 4358 Συρίᾳ
3671 4307 3805 4342 ναυ-

2199 4382 2522 4453 πηγούμένα
2551 4383 2712 4436 πλοῖα
2744 4380 2933 4434 τοῦτον
2986 4380 3224 4442 διέλαθε,
3267 4381 3535 4434 πλειόνων
3563 4383 3585 4413 ⁷
3642 4400 3806 4455 τριη-

2203 4475 2313 4545 ρῶν
2338 4473 2685 4544 κατασκευὴν
2731 4475 3063 4544 ἐποιήσατο,
3113 4477 3206 4527 καὶ
3252 4473 3354 4536 τὰς
3400 4476 3678 4538 ναυτικὰς
3713 4477 3806 4530 su-

505 4586 788 4644 Classiarii
822 4584 1061 4646 interim,
1112 4595 1181 4632 ne
1211 4593 1303 4646 per
1335 4577 1506 4629 otium
1556 4569 1972 4632 insolescerent,
2003 4581 2082 4619 ex-

2201 4569 2394 4635 νάμεις
2426 4567 2567 4619 κατά
2601 4568 2697 4636 τὴν
2732 4565 2978 4636 βασιλίδα
3010 4564 3334 4635 συναγαγὼν
3363 4568 3708 4635 ἐκαραδόκει
3741 4569 3807 4622 τὸ

509 4679 769 4738 struenda
803 4675 1025 4730 basilica
1055 4675 1105 4725 iu
1129 4672 1276 4740 regio
1307 4670 1446 4723 atrio
1469 4665 1692 4737 (templo
1715 4663 1924 4717 scilicet
1950 4659 2096 4730 quod

509 4772 614 4828 sub
644 4769 866 4825 nomine
895 4762 1215 4818 Salvatoris
1257 4759 1430 4814 nostri
1478 4756 1606 4812 Jesu
1643 4753 1845 4810 Christi
1882 4761 2100 4805 sancto-

511 4879 746 4933 rumque
788 4860 1032 4916 cmlestis
1081 4855 1291 4910 militiae
1333 4851 1642 4923 principum
1688 4861 1897 4901 necnon
1968 4842 2098 4897 Elite

510 4957 676 5028 309
707 4958 981 5026 propheta:
1015 4949 1408 5012 atdilicabatur)
1442 4957 1660 5012 operam
1705 4937 1954 4993 conferre
1978 4936 2100 5006 jus-

512 5052 603 5113 sit;
629 5061 751 5100 eum
776 5057 906 5096 vero
937 5039 1187 5108 exSyria:
1215 5035 1415 5089 ﬁnibus
1441 5033 1680 5086 hostium
1707 5029 1899 5082 classis
1920 5041 2099 5081 emer-

514 5138 669 5201 serit,
725 5152 851 5191 mox
901 5145 1097 5203 przesto
1154 5144 1276 5184 esse
1331 5127 1398 5181 ad
1444 5125 1665 5178 illorum
1716 5120 2100 5189 excipiendum

515 5233 806 5301 impetum.
843 5225 1078 5281 Veniens
1121 5221 1306 5290 itaque
1341 5233 1371 5272 e
1408 5214 1566 5287 Syria
1597 5213 1933 5283 explorator,
1966 5225 2102 5264 con-

518 5333 811 5392 spectaque
850 5330 1036 5389 parata
1086 5313 1266 5368 classe
1312 5326 1374 5365 ac
1417 5306 1702 5377 imperium
1734 5311 2103 5372 exspectante,

517 5423 825 5482 cunctaque
860 5420 1148 5466 assecutus
1180 5405 1390 5474 riteque
1413 5399 1735 5469 conjiciens,
1774 5395 1856 5450 his
1887 5395 1978 5465 qui
2009 5393 2108 5448 mi-

519 5514 708 5563 serant
743 5505 976 5559 nuntiat.
1017 5501 1083 5556 lli
1120 5514 1283 5570 porro
1320 5506 1512 5553 contra
1544 5506 1708 5562 quam
1747 5495 2105 5560 speraverant

2209 4659 2422 4729 μέλλον,
2458 4659 2568 4712 Καὶ
2597 4659 2730 4722 τέως
2767 4659 2888 4728 μὲν,
2922 4658 2995 4722 ὡς
3030 4660 3097 4713 ἂν
3129 4662 3202 4730 μὴ
3231 4659 3513 4729 σχολάζων
3544 4664 3573 4713 ό
3616 4681 3814 4717 ναυτι-

2205 4753 2299 4814 κὸς
2335 4750 2489 4821 ὄχλος
2538 4751 2905 4824 ἀτακτότερος
2950 4755 3185 4821 γένοιτο,
3247 4756 3305 4806 ἐν
3340 4755 3403 4822 τῇ
3461 4754 3812 4828 ἀνοικοδομῇ

2204 4841 2298 4895 τοῦ
2325 4843 2463 4895 κατὰ
2494 4842 2591 4914 τὴν
2624 4844 2894 4913 βασίλειον
2927 4845 3096 4915 αὐλὴν
3129 4846 3480 4914 ἐγειρομένου
3507 4848 3639 4900 τότε
3674 4850 3811 4902 ναοῦ

2205 4935 2282 4996 είς
2319 4935 2491 5004 ὄνομα
2539 4936 2634 4988 τοῦ
2687 4937 2939 5005 Σωτῆρος
2997 4938 3154 5006 ἡμῶν
3210 4935 3384 5006 Ἰησοῦ
3418 4938 3674 5005 Χριστοῦ
3712 4942 3810 4994 καὶ

2203 5027 2313 5080 τῶν
2343 5028 2804 5100 ἀρχιστρατήγων
2835 5031 2930 5082 καὶ
2971 5029 3154 5082 Ἢλιοὺ
3198 5029 3290 5082 τοῦ
3319 5028 3590 5085 Θεσϐίτου
3617 5035 3814 5106 διωρίο

2207 5137 2337 5174 σατο
2383 5120 2582 5183 αὐτοὺς
2631 5121 2950 5191 ὑπουργεῖν,
3003 5123 3091 5174 ὅτε
3119 5122 3176 5174 δέ
3203 5123 3312 5175 τῶν
3341 5124 3506 5194 ὁρίων
3538 5129 3753 5200 Συρίας
3784 5129 3813 5181 ό

2205 5213 2416 5266 ἐκεῖθεν
2452 5213 2638 5274 στόλος
2664 5211 3035 5283 ὑπερκύπτων
3075 5218 3241 5286 φανῇ,
3288 5217 3677 5288 ἀποσταλῆναι
3717 5223 3814 5275 καὶ

2204 5307 2430 5368 τούτους
2477 5307 2614 5376 πρὸς
2671 5306 2768 5376 τὴν
2807 5308 3030 5360 ἐκείνων
3071 5311 3530 5380 ἀντιπαράταξιν.
3599 5316 3814 5372 Ἐλθὼν

2208 5399 2300 5453 οὖν
2325 5399 2353 5451 ὁ
2372 5399 2482 5452 ἀπὸ
2513 5398 2713 5466 Συρίας
2744 5400 3111 5468 κατάσκοπος,
3145 5404 3238 5456 καὶ
3257 5404 3318 5457 τό
3347 5422 3407 5456 τε
3439 5406 3659 5476 πλῆθος
3685 5407 3818 5463 ἰδὼν

2208 5493 2319 5542 τῶν
2341 5485 2477 5541 νεῶν
2506 5489 2601 5541 καὶ
2628 5490 2729 5559 τὴν
2756 5489 2987 5560 δύναμιν
3009 5493 3084 5557 ὡς
3127 5495 3319 5566 ἐτοίμη
3373 5497 3616 5568 πάρεστι
3670 5503 3815 5574 πρὸς

1838 5601 2073 5660 νΑιιιλΕ
2101 5601 2518 5659 LECTIONES.

573 5739 644 5819 ,ξ’
673 5739 957 5819 γεγονότος
994 5741 1076 5819 AL
1136 5740 1180 5819 ξ’
1211 5735 1604 5792 ’Λποστῦππου
1638 5732 1705 5787 Α.

528 5805 983 5868 νΛποστὺππου,
1042 5807 1372 5861 Barbcriuus
1435 5805 1764 5859 ἀποστάτου.

532 5877 548 5904 ¹
577 5873 814 5924 πλεόνων
845 5876 906 5924 Α.

1784 5730 1798 5758 ⁸
1836 5729 2105 5797 Βαγιάνου
2135 5729 2204 5783 Δ.

1847 5801 1868 5830 ⁵
1903 5803 1997 5853 καὶ
2051 5797 2402 5869 ραθυμοῦντα
2449 5798 2514 5864 Α,
2583 5812 2653 5868 an
2710 5801 2876 5855 αὑτὸν
2930 5797 3327 5875 ραῧυμοῦνταῖ
3374 5797 3411 5836 ν⁶
3441 5797 3528 5858 ἀεὶ
3589 5822 3709 5860 oni.
3743 5808 3824 5861 ΛΔ

2282 5729 2301 5804 _’
2330 5727 2475 5804 7:96;
2497 5742 2611 5782 om.
2649 5725 2714 5781 Ρ.
2757 5729 2939 5804 ⁸ἐκαὶ.
2972 5733 3107 5804 πρὸς
3143 5733 3304 5804 αὑτὸν
3325 5729 3554 5802 ἀγαγεῖν
3595 5749 3716 5790 oni.
3749 5737 3813 5790 P.
