4144 6412
460 368 563 432 321

1557 369 2066 433 THEOPHANES
2104 367 2669 432 CONlI‘lNUA'l'US.

3631 365 3738 428 323

463 482 608 536 riose
631 480 963 544 sciscitatus,
1014 478 1222 534 invenit
1274 479 1463 535 eadem
1533 481 1680 549 ipsos
1724 481 1872 550 loqui
1919 493 2040 550 qua:

2152 496 2295 544 τινας
2322 481 2431 533 τῶν
2455 480 2665 550 νομέων
2692 479 3076 549 ἐξηγουμένων
3101 478 3303 548 ἔφθασε
3351 482 3443 533 καὶ
3479 482 3613 552 πρὸς
3645 484 3740 535 τὸν

461 574 728 629 audierat.
790 574 994 627 Valens
1043 585 1228 628 autem
1272 574 1391 628 suis
1442 588 1667 645 quoque
1706 574 1934 627 auribus
1956 587 2053 625 au-

459 666 600 727 dire,
637 681 759 720 cum
801 667 1119 735 pastoribus
1165 666 1237 719 ad
1290 668 1467 721 locum
1522 668 1691 730 venit,
1740 666 2051 732 interpella-

460 757 640 825 tisque
683 772 778 825 per
822 772 919 811 eos
978 758 1323 813 daemonibus
1373 758 1724 827 quandonam
1772 758 2051 827 capiendae

462 850 753 919 Syracusae
776 860 983 911 essent,
1006 850 1116 920 jam
1150 860 1339 919 captas
1359 867 1477 906 esse
1501 850 1803 922 Syracusas
1820 849 2045 904 audivit.

458 940 695 996 Mmrnre
732 944 917 1013 itaque
959 953 1244 1014 correptus
1284 960 1347 998 ac
1387 946 1599 998 consilii
1648 946 1803 1012 inops
1855 959 2048 997 rursus

460 1034 826 1089 nihilominus
876 1051 934 1089 se
998 1036 1276 1105 colligere,
1343 1036 1480 1089 haud
1532 1036 1837 1089 habendam
1886 1034 2045 1089 fidem

462 1126 930 1195 nequissimorum
958 1127 1269 1181 daemonum
1318 1127 1483 1181 dictis
1540 1127 1884 1189 existimans,
1920 1141 2045 1181 ct'm

462 1219 611 1271 nulla
650 1215 728 1271 eis
753 1218 883 1272 insit
906 1218 1259 1285 praescientia:
1280 1218 1382 1284 vis,
1408 1219 1679 1287 ignorans
1703 1218 1913 1273 scilicet
1937 1233 2044 1271 non

461 1308 633 1364 fuisse
677 1326 795 1363 cam
833 1312 1261 1380 praescientiam,
1319 1312 1413 1366 sed
1468 1326 1659 1366 eorum
1717 1310 2044 1365 manifesta-

462 1402 665 1456 tionem
703 1418 825 1471 qua:
861 1412 1160 1456 evenerant
1191 1413 1454 1473 gestaque
1482 1414 1676 1467 erant;
1743 1418 1849 1472 qua
1883 1402 2045 1455 nimi-

459 1508 580 1548 rum
642 1494 741 1560 illi,
804 1495 875 1548 ob
924 1495 1280 1549 subtilitatem
1336 1507 1630 1564 IIlOlUSthe
1685 1494 2040 1557 celeritatem,

461 1589 686 1645 humani
712 1588 892 1644 omnis
926 1589 1100 1643 nuntii
1126 1591 1227 1643 iter
1251 1589 1410 1659 longe
1442 1589 1802 1658 praeveniunt.
1852 1587 2044 1642 Adhuc

460 1689 640 1749 tamen
669 1697 735 1736 eo
770 1697 877 1735 non
915 1682 1193 1745 credente,
1234 1692 1357 1751 post
1385 1682 1570 1736 decem
1607 1681 1723 1735 dies
1753 1678 2045 1735 Mardaita-

459 1788 581 1827 rum
612 1773 835 1842 quidam
879 1781 933 1827 et
963 1770 1298 1827 Taxatorum
1343 1772 1403 1844 (i.
1442 1787 1492 1827 e.
1554 1770 2041 1839 praesidiariorum)

2167 575 2443 645 Ἀδριανὸν
2488 574 2548 627 τὸ
2600 575 2863 644 διήγημα.
2914 577 2975 627 '0
3005 576 3059 628 δὲ
3089 575 3214 638 τοὺς
3240 575 3505 645 ποιμένας
3537 576 3740 640 αὐτοῖς

2157 668 2668 738 μετακαλεσάμενος
2718 670 2812 722 καὶ
2858 669 3331 742 πολυπραγμόνως
3367 670 3736 740 ἀναζητήσας,

2152 755 2276 829 εὗρε
2314 764 2423 823 τοῖς
2458 760 2773 813 ἀκουσθεῖσι
2801 761 3169 830 συμϐαίνοντα
3204 762 3298 813 καὶ
3330 761 3397 815 τὰ
3450 761 3601 830 παρὰ
3625 760 3739 812 τῶν

2153 850 2424 918 ποιμένων
2453 850 2741 919 λεγόμενα.
2773 852 3063 917 Βουληθεὶς
3084 852 3139 904 δὲ
3164 853 3258 906 καὶ
3291 854 3553 920 αὐτήκοος
3580 851 3742 918 γενέ-

2152 942 2297 1000 σθαι.
2333 943 2427 995 καὶ
2467 944 2604 1013 πρὸς
2630 944 2706 1015 τῷ
2744 944 2895 1013 τόπῳ
2930 945 3067 1014 μετὰ
3095 945 3202 997 τῶν
3223 946 3495 1013 ποιμένων
3517 945 3746 1012 γενόμε-

2150 1052 2258 1098 νος,
2298 1035 2393 1088 καὶ
2420 1035 2487 1088 δι’
2519 1036 2700 1089 αὐτῶν
2731 1039 2845 1100 τοῖς
2888 1038 3109 1107 δαίμοσι
3157 1037 3524 1109 προσαγαγὼν
3561 1038 3602 1069 ⁸ο
3638 1037 3743 1105 τὴν

2149 1128 2417 1198 ἐρώτησιν
2446 1130 2576 1197 περὶ
2610 1129 2703 1183 τοῦ
2729 1130 2859 1185 πότε
2887 1131 3257 1201 καταλήψεται
3281 1133 3321 1165 ¹¹
3359 1129 3739 1200 Συρακούσας,

2149 1221 2380 1289 ἤκουσεν
2417 1223 2498 1275 ὅτι
2533 1222 2635 1292 ἤδη
2685 1222 2826 1275 ἑάλω
2873 1224 2905 1293 ἠ
2938 1224 3288 1294 Συράκουσα.
3341 1223 3503 1296 Λύπῃ
3552 1224 3609 1275 δὲ
3643 1226 3743 1275 καὶ

2147 1315 2430 1386 ἀμηχανίᾳ
2460 1314 2807 1385 περισχεθεὶς
2841 1316 2989 1384 ὅμως
3014 1316 3177 1368 πάλιν
3206 1315 3460 1386 ἀνέφερε,
3500 1314 3572 1384 μὴ
3597 1315 3741 1384 χρῆ-

2146 1425 2235 1461 ναι
2267 1406 2546 1459 πιστεύειν
2570 1407 2816 1475 οιόμενος
2846 1409 2913 1461 τὰ
2944 1408 3095 1478 παρὰ.
3118 1407 3226 1460 τῶν
3254 1408 3510 1479 πονηρῶν
3544 1408 3743 1477 δαιμό-

2146 1516 2253 1552 νων
2283 1498 2553 1568 λεγόμενα
2577 1500 2653 1562 ὡς
2680 1501 2781 1553 οὐκ
2818 1499 2985 1568 οὔσης
3013 1499 3194 1562 αὐτοῖς
3224 1499 3325 1566 τῆς
3348 1499 3739 1567 τιοογνὼσεως.

2145 1579 2355 1657 ἀγνοῶν
2388 1590 2470 1643 ὅτι
2503 1589 2663 1643 τοῦτο
2693 1590 2815 1660 οὐχὶ
2850 1589 3159 1659 πρόγνωσις
3183 1584 3269 1659 ἦν,
3299 1588 3434 1641 ἀλλὰ
3468 1589 3573 1640 τῶν
3597 1590 3742 1642 ἀπο-

2147 1680 2357 1733 ϐάντων
2377 1681 2473 1733 καὶ
2496 1680 2858 1733 τελεσθέντων
2879 1680 3135 1749 δήλωσις.
3154 1683 3217 1734 ὲκ
3240 1679 3335 1732 τοῦ
3362 1677 3740 1748 λεπτομεροῦς

2148 1772 2244 1825 καὶ
2271 1774 2633 1841 ταχυκινήτου
2655 1773 2755 1843 τὴν
2787 1772 2846 1837 ἐξ
2866 1772 3215 1842 ἀνθρωπίνης
3236 1772 3532 1841 ἐπιδημίας
3558 1775 3744 1838 ἀπαγ-

459 1863 1022 1934 Peloponnesiorum,
1080 1865 1173 1934 qui
1232 1865 1383 1919 urbis
1439 1864 1653 1918 excidio
1725 1862 2048 1932 superstites

2152 1864 2338 1932 γελῐαν
2372 1865 2412 1895 ι’
2442 1863 2868 1934 προφθανόντων
2906 1864 3106 1918 αὐτῶν.
3136 1863 3559 1927 Διαπιστοῦντος
3581 1860 3743 1919 δὀῦν

460 1958 739 2029 fugerant,
797 1958 903 2029 ipsi
977 1958 1162 2013 tristes
1224 1958 1401 2011 nuntii
1466 1957 1639 2010 cladis
1698 1959 2046 2010 exstiterunt.

460 2047 597 2103 Hinc
631 2050 817 2117 itaque
847 2050 1049 2100 Certior
1084 2048 1195 2116 jam
1229 2047 1406 2101 factus
1437 2046 1734 2108 Adrianus,
1765 2062 1868 2115 qua
1894 2044 2051 2098 licuit

456 2140 754 2205 celeritate,
788 2140 934 2208 quod
984 2149 1037 2193 et
1069 2139 1237 2203 venti,
1269 2139 1361 2207 qui
1391 2139 1455 2191 ad
1517 2138 1773 2191 eumdem
1809 2135 2045 2189 obstite-

455 2240 601 2294 rant,
640 2231 706 2285 ad
758 2246 1068 2302 regressum
1106 2231 1301 2286 ﬂarent
1327 2229 1690 2292 acrominodi,
1715 2244 1838 2283 eum
1875 2228 2051 2283 classe

456 2321 619 2392 312
653 2323 979 2393 Byzantium
1010 2324 1180 2384 venit,
1205 2333 1257 2376 et
1283 2326 1335 2376 in
1367 2338 1620 2393 magnum
1645 2320 1733 2373 Dei
1764 2320 2049 2388 templum,

458 2415 580 2481 ejus
628 2415 912 2483 sapientia:
952 2416 1299 2468 im’ocatione
1363 2428 1426 2468 ac
1470 2412 1745 2481 praeconio
1813 2411 2048 2476 clarum,

460 2504 687 2573 supplex
727 2504 994 2573 confugit.
1025 2504 1210 2559 Cladis
1236 2511 1418 2558 tamen
1452 2504 1828 2573 magnitudine
1856 2504 2052 2557 acerbe

460 2596 627 2651 nimis
653 2597 998 2665 imperatoris
1030 2597 1241 2651 viscera
1274 2597 1606 2650 dilacerante
1640 2606 1694 2651 et
1723 2595 1788 2650 ad
1820 2596 2049 2650 nimium

460 2701 630 2758 prope
696 2689 940 2743 furorem
1028 2689 1310 2757 animique
1366 2689 1619 2742 dolorem
1688 2688 2046 2758 propellente,

457 2793 562 2833 nec
584 2792 755 2834 sacrae
787 2778 920 2833 aedis
961 2780 1158 2850 religio
1181 2795 1279 2833 nec
1300 2794 1395 2847 pro
1426 2779 1518 2833 illo
1537 2778 1761 2848 supplex
1792 2777 2050 2833 antistitis

458 2871 769 2925 obsecratio
817 2872 1045 2925 omnino
1097 2871 1402 2925 Adrianum
1464 2885 1627 2941 poena
1692 2879 2047 2937 exemerunt;

456 2976 646 3016 verum
692 2970 943 3016 extremo
972 2963 1190 3033 quidem
1218 2963 1359 3032 (ipso
1383 2962 1566 3017 forsan
1591 2962 1732 3016 haud
1754 2960 2050 3031 immerito)

458 3053 723 3123 supplicio
790 3053 1118 3122 liberarunt,
1169 3054 1315 3109 haud
1359 3064 1537 3109 tamen
1588 3070 1617 3108 a
1678 3054 1966 3117 mediocri,
1998 3062 2054 3108 et

457 3145 606 3215 quod
635 3145 867 3199 aliorum
899 3147 1233 3217 castigandae
1259 3147 1553 3201 temeritati
1591 3146 1902 3209 adhibetur,
1934 3162 2052 3199 om-

458 3237 590 3291 nino
628 3239 910 3293 innoxium
958 3249 1221 3309 praestare
1251 3239 1560 3294 valuerunt.
1612 3237 1704 3293 Sic
1750 3239 2048 3308 imperator

461 3327 518 3383 in
552 3329 668 3384 suis
699 3331 994 3386 moderata
1019 3332 1114 3386 ira:
1154 3346 1220 3386 ac
1258 3332 1559 3402 castigatae,
1591 3330 1643 3383 in
1670 3330 1903 3400 publicis
1937 3340 2047 3383 nun

457 3422 684 3475 omnino
714 3422 817 3477 sibi
851 3433 1063 3493 poterat
1086 3424 1383 3479 moderari.

2151 1953 2300 2023 ὅμως
2334 1954 2522 2020 αὐτοῦ,
2582 1955 2720 2022 μετά
2762 1954 2993 2025 δεκάτην
3052 1955 3267 2026 ἡμέραν
3290 1954 3433 2018 τινὲς
3478 1955 3584 2008 τῶν
3624 1955 3749 2008 6:1-

2150 2047 2395 2117 δρὰντων
2425 2047 2515 2101 τὸν
2551 2047 2794 2119 ὄλεθρον,
2834 2048 2941 2101 ἀπὸ
2993 2049 3104 2102 τῶν
3158 2048 3300 2101 κατὰ
3334 2048 3745 2113 Πελοπόννησον

2151 2139 2478 2209 Μαρδαῖτῶν
2510 2140 2603 2192 καὶ
2652 2139 2914 2205 Ταξατῶν
2968 2140 3355 2209 τυγχάνοντες,
3409 2140 3744 2207 αὐτάγγελοι

2149 2229 2259 2283 τῶν
2291 2229 2555 2299 ὀλεθρίων
2600 2231 2958 2300 διηγημάτων
3017 2233 3327 2298 γεγόνασιν.
3375 2232 3492 2300 Ἀφ’
3528 2226 3601 2285 ὧν
3640 2233 3745 2303 τὴν

2153 2321 2526 2391 πληροφορίαν
2548 2321 2841 2392 δεξάμενος
2863 2326 2890 2377 ὁ
2934 2322 3232 2394 Ἀδριανὸς,
3258 2325 3334 2387 ὡς
3376 2320 3487 2393 εἶχε
3515 2324 3742 2393 τάχους,

2151 2412 2274 2465 ἐπεὶ
2306 2413 2399 2465 καὶ
2432 2411 2502 2465 τὰ
2528 2413 2664 2484 πρὸς
2693 2413 2791 2483 τὴν
2816 2413 3042 2468 κάθοδον
3072 2415 3465 2483 ἐναντιούμενα
3493 2415 3747 2485 πνεύμα-

2151 2519 2219 2555 τα
2256 2503 2539 2572 ἐπιτήδεια
2560 2504 2698 2575 πρὸς
2727 2505 2825 2572 τὴν
2852 2504 3034 2558 ἄνοδον
3079 2504 3527 2576 καθεστήκεισαν,
3565 2520 3745 2559 κατα-

2152 2592 2420 2663 λαμϐάνει
2465 2596 2604 2664 μετὰ
2635 2595 2732 2648 τοῦ
2767 2595 2854 2668 [Ρ.
2906 2595 3031 2668 192]
3066 2595 3254 2650 στόλου
3288 2599 3386 2670 τὴν
3417 2597 3741 2667 βασιλεύου-

2154 2701 2274 2747 σαν,
2306 2686 2401 2738 καὶ
2430 2685 2509 2755 τῷ
2534 2687 2755 2757 μεγάλῳ
2793 2685 2889 2740 τοῦ
2941 2686 3078 2740 Θεοῦ
3108 2689 3348 2759 τεμένει,
3393 2692 3450 2741 ὲν
3479 2682 3522 2755 ᾧ
3550 2689 3611 2741 τὸ
3640 2692 3746 2760 τῆς

2152 2778 2319 2831 αὑτοῦ
2346 2779 2543 2847 Σοφίας
2571 2782 3003 2850 ἐπικεκήρυκται
3025 2780 3215 2851 ὄνομα,
3250 2781 3324 2844 ὼς
3355 2781 3539 2852 ἱκέτης
3566 2798 3745 2850 προσ-

2151 2869 2375 2940 έφυγεν.
2419 2871 2577 2926 Ἀλλά
2610 2872 2703 2924 τοῦ
2746 2873 3013 2942 μεγέθους
3032 2874 3133 2940 τῆς
3179 2875 3466 2940 συμφορᾶς
3492 2873 3560 2925 τὰ
3590 2873 3747 2943 βασι-

2153 2959 2292 3023 λέως
2327 2962 2615 3031 σπλάγχνα
2641 2962 2883 3032 δριμέως
2931 2961 3403 3031 διασπαράξαντος
3456 2963 3549 3015 καὶ
3601 2964 3742 3031 πρὸς

2153 3053 2424 3123 ἀμετρίαν
2456 3054 2643 3123 σχεδὸν
2703 3053 2876 3123 θυμοῦ
2925 3054 3018 3106 καὶ
3076 3054 3253 3123 λύπης
3304 3056 3741 3124 προαγαγόντος,

2154 3145 2264 3197 οὐδ’
2290 3146 2449 3207 αὐτὸς
2480 3148 2506 3198 6
2526 3145 2670 3208 θεῖος
2699 3145 2971 3208 ναὸς,οὐδ“
3002 3147 3030 3198 ὁ
3062 3146 3201 3214 ὑπὲρ
3226 3146 3387 3199 αὐτοῦ
3420 3148 3744 3217 πρεσὸεύων

2151 3238 2445 3308 ἀρχιερεὺς
2490 3238 2592 3305 τῆς
2647 3237 2944 3302 παντελοῦς
2997 3238 3270 3309 τιμωρίας
3310 3237 3588 3303 ἐξείλκυσε
3646 3240 3744 3294 τὸν

2164 3329 2473 3399 Ἀδριανδν,
2499 3328 2634 3382 ἀλλὰ
2662 3330 2762 3399 τῆς
2813 3330 3049 3399 ἐσχάτης
3078 3332 3177 3400 μὲν
3208 3332 3301 3384 καὶ
3351 3332 3744 3403 προσηκούσης

2147 3418 2313 3487 τυχὸν
2348 3418 2714 3490 ἐλυτρώσατο,
2745 3420 2845 3491 τῆς
2893 3422 3121 3492 μετρίας
3152 3423 3208 3475 δὲ
3233 3424 3329 3477 καὶ
3363 3423 3499 3493 πρὸς
3525 3440 3743 3493 σωφρο-

456 3518 649 3589 νισμδν
679 3520 788 3573 τῶν
837 3521 1013 3575 ἄλλων
1065 3521 1415 3591 ἐπαγομένης
1451 3514 1708 3583 καθάπαξ
1742 3515 1901 3570 αὑτὸν
1934 3512 2193 3568 ἅθωῶσαι
2228 3515 2271 3547 ¹⁸
2307 3514 2406 3567 οὐκ
2446 3516 2686 3584 ἴσχυσεν.
2719 3514 2906 3579 Οὕτως
2936 3519 2995 3570 ὲν
3028 3521 3141 3581 τοῖς
3166 3518 3317 3581 ἰδίοις
3343 3519 3563 3588 μέτριον
3601 3521 3745 3589 ἔχων

457 3616 553 3671 καὶ
579 3616 976 3687 κεκολασμένον
1005 3620 1033 3670 ὁ
1067 3616 1318 3688 βασιλεὺς
1337 3617 1429 3670 τδν
1454 3616 1628 3687 θυμὸν
1662 3616 1720 3668 ὲν
1745 3615 1858 3676 τοῖς
1896 3613 2096 3675 κοινοῖς
2120 3610 2181 3664 οὐ
2219 3610 2362 3665 πάνυ
2386 3624 2439 3664 τι
2472 3609 2817 3681 ἐμετρίαζεν,

527 3714 622 3770 7i.
673 3711 765 3766 Sic
807 3713 977 3778 igitur
1023 3710 1454 3765 occidentalium
1509 3710 1748 3781 partium
1792 3708 2047 3763 hostibus

455 3803 604 3861 vires
644 3803 838 3855 iterum
873 3800 1304 3864 resumentibus,
1341 3817 1405 3856 ac
1448 3817 1572 3857 cum
1609 3800 1862 3871 praesenti
1922 3797 2046 3853 frc‘li

457 3892 825 3964 prosperitate
849 3891 1113 3945 viciniora
1139 3907 1357 3962 quoque
1392 3892 1510 3946 loca
1560 3890 1804 3945 invasuri
1854 3904 2069 3958 exspes

458 3994 763 4052 ctarentur,
791 3985 1024 4040 mittitur
1067 3985 1378 4056 Stephanus
1427 3994 1793 4057 cognomento
1828 3984 2048 4040 Maxen-

462 4078 570 4134 tius
600 4076 917 4146 Cappadox,
954 4078 1232 4147 cepiarum
1267 4079 1319 4133 in
1346 4077 1727 4149 Longobardia
1760 4079 1893 4143 dux,
1921 4094 2044 4133 cum

2225 3704 2325 3760 οα’.
2354 3706 2510 3761 Οὕτω
2543 3707 2723 3760 τοίνυν
2748 3708 2858 3762 τῶν
2910 3709 3054 3764 κατὰ
3098 3709 3199 3781 τὴν
3250 3710 3522 3781 Ἑσπέραν
3577 3712 3744 3767 πάλιν

2155 3799 2576 3871 κρατυνομένων
2604 3800 2836 3872 ἐχθρῶν,
2871 3802 2968 3855 καὶ
3007 3803 3117 3856 ἀπὸ
3144 3804 3241 3873 τῆς
3278 3802 3563 3873 παρούσης
3586 3806 3746 3858 εὐτυ-

2154 3891 2277 3963 χίας
2334 3893 2429 3944 καὶ
2492 3892 2638 3946 κατὰ
2695 3893 2803 3945 τῶν
2836 3895 3286 3963 προσεχεστὲρων
3342 3896 3746 3965 ἐκστρατεῦσαι

2154 3984 2644 4055 προσδοκωμένων,
2700 3984 3091 4039 ἀποστέλλεται
3120 3986 3394 4055 Στέφανος
3430 3989 3459 4039 ὁ
3504 3989 3597 4041 καὶ
3622 3988 3749 4042 Μα-

2159 4079 2365 4144 ξέντιος
2428 4080 2994 4149 προσαγορευόμενος,
3052 4077 3111 4142 ὃς
3143 4078 3185 4110 ¹⁸
3229 4079 3293 4132 ἐκ
3333 4079 3744 4145 Καππαδοκῶν,

459 4165 768 4223 Thracibus
791 4177 846 4222 et
874 4167 1259 4223 Macedonibus
1280 4169 1606 4239 selectisque
1623 4168 1982 4224 Charsiauitis
2004 4177 2048 4222 el

2159 4172 2465 4242 στρατηγὸς
2490 4172 2602 4223 τῶν
2632 4174 2690 4223 ὲν
2726 4171 3075 4243 Λαγοόαρδίᾳ
3114 4171 3400 4239 δυνάμεων
3433 4172 3572 4241 μετά
3593 4171 3747 4243 Θρᾳ-

458 4260 900 4330 Cappadocibus.
966 4259 1015 4315 Is
1063 4259 1131 4314 ad
1175 4261 1511 4330 assignatam
1553 4260 1654 4314 sibi
1715 4261 2048 4327 provinciam

2162 4264 2273 4315 κῶν
2306 4264 2401 4315 καὶ
2431 4262 2759 4316 Μακεδόνων
2786 4263 2883 4315 καὶ
2914 4262 3216 4315 ἐπιλέκτων
3252 4260 3630 4332 Χαρσιανιτῶν
3650 4264 3747 4314 καὶ

462 4356 713 4415 veniens,
747 4354 1087 4422 conatusque
1109 4354 1418 4407 Amantiam
1459 4354 1649 4405 urbem
1679 4368 1708 4404 a
1738 4352 2048 4418 Saracenis,

2156 4353 2565 4408 Καππαδοκῶν.
2596 4356 2692 4416 Ὃς
2723 4353 2823 4423 τὴν
2853 4352 3266 4422 ἀποδειχθεῖσαν
3307 4353 3405 4421 τῆς
3435 4353 3610 4422 ἀρχῆς
3637 4352 3749 4422 χὼ-

462 4459 698 4513 quorum
744 4444 975 4512 imperio
998 4444 1372 4511 premebatur,
1407 4460 1623 4509 eruere,
1669 4458 1791 4498 cum
1833 4456 2048 4515 propter

2158 4461 2260 4515 ραν
2291 4442 2636 4504 καταλαϐὼν,
2682 4444 2777 4497 καὶ
2802 4443 2901 4512 τὴν
2943 4443 3099 4496 πόλιν
3150 4445 3448 4515 Ἀμαντίας
3482 4445 3586 4497 ὑπὸ
3633 4444 3749 4497 τῶν

463 4536 713 4589 innatum
747 4535 910 4603 quasi
942 4547 1218 4604 torporem
1256 4550 1320 4590 ac
1352 4536 1668 4605 segnitiem,
1721 4546 1781 4590 ut
1810 4538 2046 4605 videtur,

2155 4534 2492 4605 Σαρακηνῶν
2514 4534 2888 4605 κατεχομένην
2919 4533 3214 4601 ἀφελέσθαι
3238 4534 3522 4605 πειραθεὶς
3556 4535 3614 4601 ἐξ
3644 4535 3749 4586 αὐ-

462 4641 557 4682 seu
583 4627 756 4695 magis
787 4626 1056 4697 ignaviam
1080 4636 1131 4680 et
1154 4626 1366 4691 luxum,
1394 4628 1527 4682 nihil
1546 4628 1688 4698 quod
1714 4643 1895 4697 opera:
1929 4645 2048 4698 pre-

2158 4627 2286 4689 τῶν,
2311 4626 2405 4678 καὶ
2433 4625 2521 4679 διὰ
2550 4625 2649 4695 τὴν
2682 4625 2995 4696 προσοῦσαν
3041 4624 3191 4695 αὐτῷ
3235 4626 3494 4695 μέλλησιν
3522 4627 3614 4678 καὶ
3644 4627 3750 4698 ρᾳ-

465 4721 601 4775 tium
630 4720 768 4774 foret
795 4719 879 4774 vel
911 4720 980 4774 iis
1014 4734 1151 4789 quas
1189 4720 1422 4794 ducebat
1465 4721 1642 4791 copiis
1690 4722 1915 4791 dignum
1970 4722 2052 4776 fa-

463 4824 588 4866 cere
621 4811 909 4881 potuisset,
942 4813 1427 4882 cessarejubetur,
1456 4815 1689 4885 ejusque
1723 4816 1842 4869 loco
1888 4812 2050 4870 Nice-

464 4904 671 4977 phorus
711 4903 948 4969 Phocas,
988 4905 1070 4959 vir
1108 4906 1336 4962 sedulus
1376 4922 1440 4961 ac
1479 4906 1605 4977 vigil
1636 4921 1911 4976 manuque
1937 4905 2056 4961 foro

462 4995 534 5050 tis
563 4994 726 5066 313
757 5009 820 5048 ac
839 4995 1075 5050 consilio
1102 4995 1297 5060 solers,
1330 4996 1583 5049 mittitur.
1633 4994 1753 5058 Hic,
1801 4995 2048 5064 pluribus

460 5089 625 5143 etiam
656 5088 831 5158 copiis
857 5103 923 5143 cx
954 5088 1315 5144 Orientalium
1366 5090 1603 5159 partium
1637 5088 1910 5159 praefectis
1953 5104 2047 5142 ar-

464 5180 690 5251 rogatis,
724 5190 1126 5250 assumptoque
1181 5180 1500 5237 Diaconitze
1552 5182 1648 5236 illo
1694 5181 1789 5251 qui
1836 5181 2045 5251 pridem

461 5274 847 5343 Chrysochiris
881 5272 1170 5344 Tephrica
1228 5275 1442 5345 tyranni
1483 5275 1736 5329 minister
1775 5273 1955 5328 fuerat
1984 5288 2051 5328 ac

465 5378 652 5419 secum
705 5379 772 5417 ex
810 5363 1045 5420 Manetis
1104 5366 1252 5421 cultu
1300 5381 1492 5437 agmen
1540 5366 1795 5421 ducebat.
1850 5364 2051 5420 Unitus

464 5455 655 5524 itaque
683 5452 1025 5525 Nicephorus
1056 5455 1321 5529 Stephani
1355 5459 1662 5514 decessoris
1708 5458 2048 5520 cohortibus,

465 5547 637 5600 multa
665 5556 721 5601 et
766 5547 1070 5616 prudentiae
1097 5557 1154 5605 et
1197 5548 1409 5607 bellica
1440 5550 1663 5607 virtutis
1709 5564 1775 5606 ac
1828 5548 2051 5605 fortitu-

2152 4719 2378 4790 θυμίαν,
2429 4718 2505 4779 ὡς
2532 4720 2702 4781 ἔοικε,
2758 4719 2958 4788 μᾶλλον
2988 4718 3043 4772 δὲ
3081 4719 3372 4790 ἀνανδρίαν
3405 4736 3464 4772 τε
3499 4720 3591 4771 καὶ
3612 4736 3751 4789 τρυε

2152 4813 2280 4884 φὴν,
2315 4813 2485 4883 μηδὲν
2515 4813 2666 4880 ἀξιον
2694 4812 2857 4881 λόγου
2888 4813 3098 4883 καὶτῆς
3129 4814 3256 4884 περὶ
3277 4812 3437 4866 αὑτὸν
3459 4813 3750 4883 δυνάμεως

2151 4905 2612 4978 καταπράξασθαι
2638 4905 2910 4975 δυνηθεὶς,
2945 4904 3285 4974 παραλύεται
3308 4905 3405 4973 τῆς
3434 4906 3750 4975 ἀρχῆςμκαὶ

2154 5000 2270 5052 ἀντ’
2308 4996 2476 5051 αὑτοῦ
2500 4997 2893 5050 ἀποστέλλεται
2920 4997 3233 5067 Νικηφόρος
3268 4999 3295 5049 ὁ
3328 4997 3471 5050 κατὰ
3502 5001 3595 5051 τὸν
3627 4998 3747 5051 Φω-

2154 5089 2256 5141 κᾶν
2303 5087 2871 5159 προσαγορευόμενος,
2904 5086 3044 5157 ἀνὴρ
3074 5086 3342 5156 ἐπιμελής
3365 5104 3422 5140 τε
3453 5088 3548 5142 καὶ
3567 5088 3744 5159 ἄγρυ·

2156 5196 2287 5242 πνος
2323 5180 2418 5232 καὶ
2444 5179 2589 5231 κατὰ
2623 5179 2782 5250 χεῖρά
2810 5195 2871 5231 τε
2914 5180 3006 5232 καὶ
3035 5177 3230 5251 βουλὴν
3259 5180 3508 5247 γενναῖος
3536 5198 3596 5233 τε
3646 5182 3745 5235 καὶ

2158 5270 2399 5332 συνετὸς,
2423 5268 2868 5338 προσεπαγαγὼν
2885 5271 2979 5323 καὶ⁵
3000 5270 3222 5323 πλείονα
3252 5269 3484 5339 δύναμιν
3504 5270 3612 5325 ἀπὸ
3631 5269 3746 5323 τῶν

2153 5362 2300 5416 κατὰ
2321 5361 2423 5433 τὴν
2467 5360 2760 5431 Ἀνατολὴν
2784 5361 3061 5431 ἀρχόντων
3085 5362 3182 5416 καὶ
3207 5361 3299 5415 τὸν
3332 5362 3375 5393 ⁸⁸
3404 5361 3688 5425 Διακονίτζ
3694 5379 3745 5414 ιν

2158 5455 2389 5520 ἐκεῖνον,
2432 5453 2491 5516 ὃς
2519 5453 2800 5523 ὑπηρέτης
2841 5454 2974 5507 ποτε
3003 5452 3097 5508 τοῦ
3152 5455 3295 5509 κατὰ
3323 5453 3422 5524 τὴν
3462 5454 3745 5525 Τεφρικὴν

2152 5545 2525 5617 Χρυσόχειρος
2550 5540 2641 5616 ἦν,
2680 5547 2870 5615 στῖφος
2898 5546 2941 5578 ³⁸
2985 5545 3095 5601 τῶν
3146 5546 3257 5602 ἀπὸ
3304 5547 3585 5610 Μάνεντος
3639 5544 3745 5615 τὴν

1778 5662 1862 5719 VA
1872 5662 2009 5721 BHE
2043 5660 2445 5720 LECTIONES.

543 5751 589 5781 ¹’
617 5755 911 5833 τρξσάγων
949 5755 1010 5813 Ρ.
1088 5759 1127 5793 "
1162 5758 1429 5833 λήψεσθαι
1466 5760 1529 5819 Ρ.
1607 5763 1650 5796 ¹¹
1679 5762 2014 5833 ἑπαγγελεαν
2047 5763 2113 5820 Α.
2194 5764 2239 5798 ’⁸
2270 5756 2680 5818 ἀποθωῶσαιΡ.
2759 5757 2804 5794 ⁸⁵
2833 5755 2915 5831 ὃς]
2940 5757 3013 5813 6?
3088 5759 3130 5791 "
3156 5758 3247 5813 τὸν
3274 5772 3384 5813 om.
3411 5754 3472 5811 Ρ.
3550 5756 3595 5790 ’⁸
3626 5756 3742 5811 στί-

465 5834 604 5887 φους
626 5819 734 5875 ΛΡ.
