4144 6450
504 334 605 398 331

1584 330 1684 388 ΤΗ
1696 329 2091 389 EUI‘IIANES
2123 330 2341 389 CONTI
2357 332 2400 391 N
2414 333 2683 392 UATUS.

3678 332 3787 396 33?.

507 454 599 508 ille
628 460 936 507 manentem
980 448 1243 503 virtutum
1288 445 1707 515 quatrruionem
1741 456 1857 498 erat
1883 445 2087 498 videre.

2198 464 2335 501 νετο.
2376 448 2483 503 Καὶ
2508 448 2614 501 ἀπὸ
2646 448 2835 500 τούτου
2888 446 3154 517 διηνεκῶς
3192 445 3615 518 ἑνδιαιτωμένην
3648 465 3769 521 παρ

505 543 935 602 Admirationem
975 541 1212 595 habebat
1254 540 1542 610 prudentia
1595 536 1905 592 fortitudini
1951 553 2083 590 con-

498 638 711 705 juncta,
744 632 1228 705 temperantimquo
1258 647 1443 687 comes
1469 630 1726 700 justitia;
1776 641 2085 697 cunctaque

504 731 558 783 in
612 727 811 783 melius
848 723 1238 796 proﬁciebant.
1290 721 1535 777 Dixisses
1576 720 1873 774 humanam
1920 721 2083 773 vitam

501 819 790 891 antiquam
844 831 1041 872 rursus
1072 814 1353 885 recepisse
1376 810 1588 866 ordinis
1632 810 2084 879 tranquillitatem

497 928 566 967 ac
592 910 1071 975 constitutionem,
1099 924 1225 963 cum
1252 915 1307 961 et
1338 906 1454 974 ipse
1495 905 1546 957 in
1600 918 1719 957 eam
1757 901 1958 972 jugiter
1989 915 2085 952 cu-

500 996 619 1057 rain
652 1002 1017 1062 incumberet,
1041 1008 1100 1053 ut
1123 997 1325 1052 subditi
1348 995 1558 1065 placida
1583 996 1768 1062 quiete
1788 991 2087 1059 gauderent

500 1112 605 1153 nec
651 1096 944 1166 quisquam
985 1092 1157 1146 alium
1204 1088 1406 1160 injuria
1468 1087 1574 1140 ulla
1616 1085 1879 1149 violaret;
1938 1083 2086 1149 iique

499 1203 641 1256 quos
681 1185 926 1258 quotidie
974 1175 1291 1252 reipublicae
1345 1179 1703 1250 magistratus
1760 1176 2089 1246 praeticiebat

499 1279 838 1351 diligentiam
876 1283 1145 1347 ponerent
1171 1283 1233 1327 ut
1256 1271 1467 1327 domini
1503 1271 1733 1341 herique
1760 1269 2087 1323 :emularcn-

498 1382 588 1426 tur
610 1350 746 1439 erga
778 1350 949 1421 Deum
982 1364 1246 1435 pietatem
1279 1377 1521 1433 ergaquc
1541 1362 1858 1416 sacerdotes
1880 1367 1935 1413 et
1969 1374 2088 1413 mo-

497 1462 708 1518 nachos
740 1458 1131 1524 reverentiam,
1159 1472 1289 1527 erga
1321 1470 1513 1512 omnes
1553 1454 1793 1523 denique
1814 1453 2084 1522 justitiam

496 1563 552 1610 ct
577 1553 912 1623 equitatem.
959 1550 1114 1606 illius
1143 1550 1290 1604 enim
1324 1558 1654 1619 praeceptum
1688 1556 1880 1602 eratet
1915 1546 2086 1600 docu-

499 1653 768 1710 mentum,
807 1650 863 1697 ut
910 1657 1001 1695 nec
1032 1640 1208 1710 major
1242 1639 1497 1692 minorem
1526 1654 1619 1707 per
1661 1636 1948 1705 potentiam
1996 1648 2085 1701 op-

497 1737 766 1807 primeret,
790 1749 890 1788 nec
923 1730 1310 1801 praecellentem
1359 1744 1551 1799 egenus
1588 1727 1885 1781 maledictis
1918 1727 2088 1778 inces-

2190 541 2339 610 αὐτῷ
2399 541 2499 607 τὴν
2554 539 2665 591 τῶν
2701 540 2914 609 ἀρετῶν
2966 539 3217 609 ὑπῆρχεν
3267 541 3400 611 ὸρᾷν
3448 542 3778 610 τετραιτὺν,

2191 630 2276 702 [Ρ.
2314 629 2442 703 194]
2477 630 2571 683 καὶ
2623 629 2973 699 ἐθαυμάζετο
3016 628 3185 682 αὐτοῦ
3224 631 3363 701 μετὰ
3393 630 3494 701 τῆς
3552 632 3782 703 ἀνδρίας

2188 723 2249 775 τὸ
2284 723 2544 792 φρόνημα
2594 723 2688 775 καὶ
2738 722 2878 793 μετὰ
2905 721 3007 791 τῆς
3040 722 3399 793 σωφροσύνης
3443 722 3505 774 τὸ
3543 722 3780 787 δίκαιον,

2190 816 2284 869 καὶ
2313 816 2492 870 πάντα
2534 811 2649 885 εἶχε
2681 814 2777 886 τὴν
2811 815 2948 886 πρὸς
2995 816 3056 868 τὸ
3087 817 3337 885 κρεῖττον
3376 814 3641 869 ἐπίδοσιν.
3667 815 3783 868 Καὶ

2190 909 2365 963 ἐδόκει
2400 905 2560 973 αὖθις
2603 909 2635 961 ὸ
2664 908 2777 978 βίος
2811 908 2904 962 ἐπὶ
2937 908 3033 977 τῆς
3070 907 3306 977 ἀρχαίας
3338 907 3592 975 γενέσθαι
3623 908 3784 959 εὔτα-

2192 999 2309 1064 ξίας
2339 1000 2383 1030 ³ο
2406 1001 2500 1054 καὶ
2533 1002 2943 1061 καταστάσεως,
2973 999 3137 1052 αὑτοῦ
3160 1016 3216 1050 τε
3244 998 3466 1068 διηνεκῆ
3500 998 3785 1071 κεκτημέ-

2190 1109 2281 1144 νου
2312 1093 2571 1160 πρόνοιαν
2599 1093 2739 1162 ὑπὲρ
2761 1092 2855 1145 τοῦ
2883 1092 3165 1146 εὐσταθεῖν
3188 1093 3247 1145 τὸ
3278 1092 3522 1163 ὑπήκοον
3555 1092 3651 1144 καὶ
3674 1092 3787 1143 ὑπὸ

2193 1185 2423 1255 μηδενὸς
2463 1186 2668 1255 μηδένα
2697 1185 3125 1257 ἐπηρεάζεσθαι,
3160 1186 3254 1239 καὶ
3294 1185 3403 1237 τῶν
3436 1186 3514 1247 εἰς
3553 1184 3650 1246 τὰς
3680 1185 3785 1252 ἁρ-

2189 1276 2289 1345 χὰς
2324 1274 2785 1348 προϐαλλομένων
2814 1278 3075 1331 ἑκάστοτε
3124 1276 3410 1347 μιμεῖσθαι
3444 1274 3783 1338 σπουδαζόν-

2190 1384 2297 1421 των
2326 1366 2425 1437 τὴν
2454 1366 2792 1437 Δεσποτικὴν
2821 1366 2918 1420 καὶ
2946 1366 3073 1435 περ)¹
3097 1368 3158 1419 τὸ
3177 1365 3334 1418 Θεῖον
3368 1363 3655 1416 εὐλάϐειαν
3684 1364 3784 1414 καὶ

2192 1459 2329 1529 πρὸς
2361 1459 2489 1523 τοὺς
2524 1460 2691 1530 ἱερεῖς
2723 1457 2816 1512 καὶ
2851 1458 3188 1527 μονάζοντας
3218 1457 3353 1512 αἰδῶ
3393 1457 3488 1509 καὶ
3520 1457 3612 1508 τὸν
3643 1456 3785 1525 πρὸς

2190 1550 2317 1614 τοὺς
2351 1551 2591 1620 πένητας
2635 1548 2785 1603 ἔλεον
2819 1550 2913 1602 καὶ
2943 1548 3041 1620 τὴν
3075 1548 3211 1619 πρὸς
3261 1550 3471 1611 πάντας
3501 1546 3785 1600 δικαιοσύ-

2190 1658 2289 1709 νην
2320 1640 2409 1693 καὶ
2447 1640 2691 1709 ἰσότητα.
2734 1639 2977 1693 Ἐκείνου
3002 1638 3109 1709 γὰρ
3132 1634 3199 1709 ἦν
3228 1638 3414 1708 ἐντολὴ
3441 1639 3533 1691 καὶ
3563 1655 3635 1690 πα
3648 1638 3789 1706 ράγ-

2191 1735 2374 1804 γελμα
2407 1733 2487 1797 τὸ,
2532 1732 2688 1803 μήτε
2718 1733 2826 1786 τὸν
2852 1732 3074 1800 ἥττονα
3108 1731 3226 1787 ὑπὸ
3254 1731 3359 1786 τοῦ
3384 1729 3654 1801 μείζονος
3677 1746 3790 1783 κα-

498 1836 632 1883 m'et
676 1835 768 1879 aut
797 1824 995 1878 crimen
1030 1821 1111 1876 illi
1140 1821 1448 1885 intentaret,
1481 1819 1572 1874 sed
1610 1818 1700 1872 ille
1732 1833 2012 1886 pauperem
2034 1823 2090 1868 ut

2196 1826 2751 1881 ta8vra0t8tie‘0'0at
2777 1825 2932 1894 μήτε
2966 1824 3074 1878 τὸν
3110 1824 3484 1893 ὑπερέχοντα
3518 1823 3634 1879 ὑπὸ
3673 1823 3789 1877 τοῦ

500 1918 727 1987 fratrem
754 1915 878 1968 sinu
896 1913 1334 1982 complecteretur
1382 1926 1444 1964 ac
1500 1910 1720 1980 foveret,
1771 1910 1915 1978 isque
1956 1923 2092 1977 pra:-

500 2010 772 2065 cellentem
796 2018 1051 2077 tanquam
1083 2022 1413 2061 communem
1461 2016 1665 2072 patrem
1689 2012 1737 2058 et
1776 2013 2091 2058 servatorem

500 2104 846 2167 benediceret,
874 2117 1039 2171 exque
1089 2101 1268 2154 animo
1329 2098 1526 2169 absque
1563 2098 1706 2152 omni
1735 2096 1859 2151 dolo
1884 2100 2018 2149 bona
2045 2094 2093 2148 ei

498 2203 806 2269 precaretur
844 2193 1010 2265 316
1035 2211 1068 2246 a
1100 2192 1349 2247 Domino.
1404 2188 1496 2247 Sic
1536 2206 1667 2245 vero
1727 2204 2088 2261 componens,

498 2289 810 2357 divinzeque
860 2283 1217 2356 providentia:
1241 2298 1372 2339 suas
1413 2282 1531 2352 ipse
1567 2296 1732 2337 curas
1764 2290 2088 2345 annectens,

500 2394 691 2437 eorum
716 2393 840 2450 quae
869 2375 1031 2431 oliicii
1055 2390 1120 2429 ac
1163 2374 1551 2430 convenientia
1580 2364 1767 2428 essent
1798 2378 1969 2427 multa
1998 2387 2092 2442 pa-

498 2474 612 2529 lam
646 2472 703 2527 in
754 2470 966 2526 sonmis
995 2468 1330 2545 docebatur;
1362 2476 1415 2523 et
1435 2478 1572 2522 ‘cum
1602 2467 1797 2537 plenus
1829 2481 2089 2521 curarum

501 2580 563 2622 se
591 2564 647 2618 in
665 2563 865 2618 Icelum
890 2559 1189 2624 conferret,
1214 2560 1524 2630 anxiusque
1552 2560 1829 2631 negotium
1864 2559 2089 2629 aliquod

500 2655 573 2711 ad
606 2668 718 2710 rem
745 2667 1097 2712 communem
1134 2659 1392 2721 spectans
1423 2652 1610 2706 animo
1644 2650 1909 2717 volveret,
1945 2650 2089 2703 haud

500 2761 632 2804 raro
665 2746 722 2803 in
750 2745 963 2803 somnis
988 2753 1245 2801 eventum
1277 2744 1561 2807 cernebat,
1588 2744 1842 2813 bonaque
1876 2759 1971 2814 spe
2006 2758 2091 2798 re-

502 2838 781 2896 l‘ocillatus
804 2837 996 2892 turbas
1027 2835 1197 2891 animi
1232 2836 1477 2892 sedabat.
1498 2835 1806 2907 Mirumque
1840 2850 1949 2890 non
1985 2844 2087 2901 est,

500 2947 598 2991 eos
627 2932 725 3003 qui
752 2928 899 2985 haud
934 2944 1096 2985 secus
1120 2944 1185 2984 ac
1222 2944 1281 2983 re
1313 2944 1495 2995 sacra,
1526 2936 1799 2999 potestate
1829 2943 1995 2998 quam
2036 2927 2087 2982 in

502 3023 665 3081 terris
699 3020 973 3087 obtinent,
1014 3020 1095 3076 sic
1145 3019 1542 3092 defunguutur,
1580 3020 1939 3091 divinumque
1962 3036 2088 3074 vere

503 3114 871 3173 ministerium
905 3115 959 3169 in
990 3114 1075 3169 his
1107 3114 1341 3170 terrenis
1368 3114 1519 3169 circa
1551 3128 1653 3169 nos
1681 3123 2087 3183 exsequuntur,

509 3222 677 3283 atque
714 3212 783 3267 ad
806 3210 902 3266 Dei
948 3210 1287 3279 exemplum,
1322 3207 1506 3280 quoad
1529 3209 1678 3273 licet,
1728 3206 2091 3263 similitudine

501 3303 777 3360 eﬂ'ormati
826 3310 980 3367 sunt,
1006 3316 1037 3357 a
1096 3301 1452 3359 Providentia
1478 3300 1707 3356 excitari
1747 3309 1801 3355 et
1838 3299 1903 3353 ad
1939 3298 2092 3352 utilia

505 3396 664 3466 dirigi
690 3404 857 3468 atque
876 3393 1059 3450 futura
1086 3394 1413 3466 prtedoceri.

576 3715 668 3772 73.
700 3709 861 3781 Quod
903 3721 1035 3767 vero
1062 3705 1172 3763 alio
1205 3705 1389 3763 ferens
1429 3702 1703 3759 orationis
1723 3703 1959 3773 impetus
1990 3717 2092 3756 suo

505 3807 753 3864 enarrari
781 3815 1027 3871 tempore
1053 3799 1199 3855 haud
1252 3798 1523 3869 permisit,
1561 3796 1799 3860 hieloci,
1842 3809 1967 3849 cum
2000 3810 2091 3848 re-

506 3915 633 3957 rum
663 3898 740 3955 illi
768 3895 910 3951 bello
937 3902 1214 3965 gestarum
1244 3892 1407 3946 ﬁnem
1426 3891 1684 3959 deinceps
1707 3889 1950 3942 narratio
1992 3888 2091 3941 lia-

505 3993 657 4058 heat,
684 4002 867 4061 opera:
921 3987 1160 4059 pretium
1188 3984 1352 4041 fuerit
1387 3984 1596 4052 scripto
1625 3981 1974 4053 consignare.
2036 3978 2090 4032 Id

506 4092 639 4135 vero
669 4084 754 4134 est
775 4090 966 4133 eorum
996 4077 1305 4132 recordatio
1329 4087 1392 4129 ac
1424 4072 1821 4136 remuneratio,
1846 4074 1939 4141 qui
1968 4084 2092 4125 mu-

507 4171 657 4227 neris
675 4169 882 4240 aliquid
915 4176 980 4223 ac
1011 4168 1261 4237 obsequii
1294 4167 1349 4221 in
1389 4168 1775 4234 imperatorem
1804 4164 1857 4218 in
1889 4163 2091 4217 minori

507 4264 689 4319 adhuc
714 4260 941 4317 {or-tuna
968 4260 1331 4315 constitutum
1380 4258 1707 4311 humaniore
1749 4271 1915 4310 sensu
1958 4271 2093 4310 con-

505 4356 797 4419 tulissent;
858 4352 1008 4423 quod
1062 4352 1191 4406 item
1226 4350 1365 4403 nihil
1394 4349 1599 4404 oblitus
1630 4358 1720 4403 est
1769 4364 1961 4404 eorum
1998 4349 2091 4417 qui

506 4441 729 4511 ab'illo,
758 4444 890 4499 dum
907 4444 1158 4498 altiorem
1196 4441 1424 4510 gradum
1465 4439 1903 4504 conscendisset,
1966 4456 2093 4507 gra-

2194 1916 2443 1981 ἐνὸεοῦς
2464 1914 2872 1982 λοιδορεῖσθαι
2912 1914 2949 1983 ἣ
2976 1913 3427 1979 διαϐίὴῐλεσθαι,
3455 1913 3594 1968 ἀλλ’
3626 1913 3791 1967 ἐκεῖ·

2192 2009 2303 2063 νόν
2333 2024 2398 2061 τε
2435 2008 2516 2074 ὡς
2568 2007 2840 2076 ἀδελφὸν
2866 1998 3290 2075 ἁγκαλίζεσθαι
3338 2004 3436 2057 καὶ
3478 2003 3793 2069 περιέπειν

2192 2101 2301 2154 τὸν
2336 2100 2589 2166 πένητα,
2644 2100 2741 2152 καὶ
2781 2099 3000 2153 τοῦτον
3049 2098 3130 2164 ὠς
3166 2098 3375 2151 κοινὸν
3430 2097 3652 2166 πατέρα
3682 2098 3789 2151 και

2193 2191 2438 2260 σωτῆρα
2498 2192 2605 2245 τὸν
2656 2194 3033 2259 ὑπερέχοντα
3084 2189 3363 2258 εὐλογεῖν
3400 2188 3499 2242 καί
3551 2188 3793 2255 ἀδόλως

2192 2284 2354 2350 αὐτῷ
2406 2286 2478 2339 τὰ
2529 2285 2720 2354 ἀγαθὰ
2761 2283 2923 2352 παρὰ
2976 2283 3082 2337 τοῦ
3127 2283 3348 2351 Κυρίου
3394 2282 3788 2350 ἐπεύχεσθαι.

2193 2380 2351 2435 Οὕτω
2375 2378 2431 2430 δὲ
2453 2377 2544 2430 τὸν
2570 2377 2684 2447 βίον
2712 2377 2880 2431 αὑτοῦ
2913 2375 3192 2446 ῥυθμίζων
3219 2375 3435 2445 καὶτῆς
3465 2375 3617 2437 θείας
3649 2390 3792 2444 προ-

2191 2472 2339 2536 νοίας
2370 2472 2471 2541 τὴν
2505 2472 2715 2525 οἰκείαν
2745 2471 2991 2537 ἐξαρτῶν
3031 2469 3202 2523 πολλὰ
3238 2470 3347 2522 τῶν
3381 2469 3608 2523 δεόντων
3641 2468 3791 2522 κατὰ

2190 2566 2317 2630 τοὺς
2340 2564 2542 2628 ὕπνους
2565 2564 2814 2634 ἐναργῶς
2860 2563 3171 2618 ἐδιδάσκετο
3193 2577 3206 2591 ·
3254 2563 3350 2615 καὶ
3375 2563 3502 2615 ὅταν
3545 2561 3793 2632 ἔμφρον-

2190 2676 2274 2720 τις
2300 2658 2342 2689 ³¹
2378 2656 2471 2710 ἐπὶ
2500 2656 2601 2729 τὴν
2642 2657 2831 2726 κοίτην
2858 2656 2945 2728 ᾔει
2979 2656 3073 2710 καὶ
3105 2655 3234 2726 περί
3273 2673 3416 2717 τινος
3447 2655 3555 2707 τῶν
3589 2654 3791 2707 κοινῶν

2191 2746 2464 2818 ἐσφάδαζε
2507 2746 2815 2820 μεριμνῶν,
2861 2747 3127 2811 πολλάκις
3160 2746 3291 2813 ὄναρ
3336 2743 3486 2814 ἑώρα
3516 2744 3575 2798 τὸ
3614 2744 3788 2815 ἐκδη-

2194 2840 2423 2912 σόμενον
2452 2840 2548 2894 καὶ
2580 2839 2670 2893 ἐπ’
2708 2839 2925 2904 ἐλπίδος
2958 2840 3169 2908 ἐγίνετο
3204 2837 3415 2907 ἀγαθῆς
3447 2836 3541 2890 καὶ
3563 2836 3655 2888 τὸν
3684 2837 3784 2903 τῆς

2190 2932 2373 3003 ψυχῆς
2431 2931 2757 2986 κατέστελλε
2806 2930 3055 3001 θόρυϐον.
3109 2929 3218 2982 Καὶ
3272 2928 3423 2981 οὐδὲν
3471 2928 3789 2997 θαυμαστὸν

2190 3025 2318 3088 τοὺς
2346 3023 2691 3096 λειτουργίαν
2730 3022 2920 3091 ῶσπερ
2951 3020 3074 3073 τινὰ
3104 3020 3203 3089 τὴν
3239 3018 3332 3071 ἐπὶ
3365 3019 3467 3087 τῆς
3493 3016 3595 3089 γῆς
3626 3018 3788 3083 ἐξου-

2196 3116 2318 3171 σίαν
2372 3116 2635 3178 άνύοντας
2667 3114 2710 3145 ³⁸
2752 3114 2849 3167 καὶ
2886 3113 2985 3181 τὴν
3019 3112 3168 3164 θείαν
3203 3111 3281 3180 τῷ
3335 3111 3449 3165 ὅντι
3504 3111 3790 3165 διακονίαν

2196 3202 2557 3269 ἐκτελοῦντας
2609 3208 2668 3258 ἐν
2700 3206 2814 3268 τοῖς
2865 3204 3017 3258 κάτω
3047 3203 3175 3274 περὶ
3219 3204 3388 3273 ἡμᾶς,
3424 3202 3519 3256 καὶ
3562 3202 3697 3273 πρὸς
3724 3200 3793 3257 τὸ

2196 3302 2445 3370 κρεῖττον
2496 3297 2968 3367 ὰφωμοιωμένους
3011 3296 3367 3367 παράδειγμα
3420 3295 3512 3349 τὸν
3553 3294 3791 3348 δυνατὸν

2193 3392 2419 3464 τρόπον,
2483 3391 2590 3445 ὑπὸ
2645 3392 2744 3461 τῆς
2796 3390 3062 3461 Προνοίας
3111 3387 3638 3461 παραθαρρύνεσθαι
3688 3390 3790 3439 καὶ

2194 3483 2330 3552 πρὸς
2362 3481 2421 3535 τὸ
2465 3481 2747 3554 συμφέρον
2783 3479 3061 3534 ἰθύνεσθαι
3116 3480 3211 3533 καὶ
3242 3478 3311 3532 τὰ
3358 3479 3620 3548 μέλλοντα
3649 3494 3795 3546 προ-

2193 3573 2567 3628 διδάσκεσθαι.

2264 3707 2365 3778 ογ¹.
2418 3708 2559 3761 Ἀλλ’
2594 3708 2734 3779 ὅπερ
2764 3710 2796 3778 ἡ
2831 3706 2979 3779 ῥύμη
3011 3707 3105 3759 τοῦ
3148 3706 3308 3773 λόγου
3346 3705 3661 3774 παρήνεγκε
3687 3706 3793 3771 φέ-

2197 3820 2367 3875 ρουσα
2396 3804 2490 3856 καὶ
2518 3802 2662 3857 κατὰ
2691 3802 2784 3855 τὸν
2834 3804 3034 3855 οἰκεῖον
3066 3801 3298 3872 ῥηθῆναι
3334 3799 3525 3868 καιρὸν
3556 3799 3657 3849 οὐκ
3686 3800 3800 3850 ἐπ-

2193 3896 2439 3968 ιτρεψεν,
2495 3896 2736 3949 ἐνταῦθα
2765 3896 2864 3966 ἤδη
2925 3895 3062 3963 μετὰ
3100 3896 3161 3946 τδ
3198 3892 3455 3961 σχολάσαι
3483 3890 3591 3943 τῶν
3620 3890 3795 3942 πόλει

2198 3990 2376 4058 μικῶν
2426 3988 2655 4057 ἀγώνων
2709 3988 2801 4040 τὸν
2850 3987 3008 4054 λόγον
3061 3987 3155 4037 καὶ
3216 3985 3327 4036 τῶν
3380 3982 3698 4051 πολεμικῶν
3743 3982 3796 4013 ³³

2193 4084 2527 4154 ἀρηγήσεων
2553 4083 2721 4135 καλὸν
2745 4079 3194 4148 ἀναγράψασθαι.
3222 4079 3384 4144 Λέγω
3409 4077 3466 4129 δὲ
3497 4076 3558 4128 τὸ
3584 4076 3627 4107 ³⁸
3656 4077 3796 4145 περὶ

2192 4176 2291 4245 τὴν
2332 4177 2556 4246 μνήμην
2605 4174 2701 4227 καὶ
2751 4172 2988 4243 ἀμοιϐὴν
3031 4172 3141 4223 τῶν
3198 4173 3256 4223 ἐν
3293 4173 3357 4239 τῇ
3396 4169 3641 4222 ἐλάττονι
3704 4168 3788 4220 ἔτι

2195 4267 2337 4338 τύχῃ
2390 4266 2519 4318 ὄντα
2577 4265 3040 4335 θεραπευσάντων
3080 4265 3169 4316 τὸν
3202 4263 3451 4333 βασιλέα,
3489 4263 3581 4314 καὶ
3619 4262 3680 4314 τὸ
3712 4260 3792 4332 μὴ

2194 4358 2554 4413 ἐπιλαθέσθαι
2602 4358 2786 4410 αὐτῶν
2838 4356 3224 4425 αἰτησαμένων
3264 4358 3322 4408 ἐν
3362 4358 3425 4426 τῇ
3471 4357 3568 4424 τῆς
3613 4354 3795 4424 τύχης

2197 4452 2569 4521 λαμπρότητι.
2598 4445 2838 4503 Οὗτοιδὲ
2884 4445 3026 4519 ἦσαν
3056 4450 3084 4500 ό
3122 4448 3218 4501 τοῦ
3261 4448 3449 4516 Ἀγίου
3486 4446 3795 4516 Διομήδους

510 4538 712 4592 tiarum
738 4534 943 4604 aliquid
960 4534 1264 4603 petiissent.
1285 4530 1348 4585 lli
1369 4542 1521 4587 erant
1549 4531 1893 4585 S.Diomedis
1909 4548 2090 4585 mona-

2201 4516 2301 4614 τῆς
2334 4516 2502 4613 μονῆς
2544 4542 2825 4612 προεστὼς
2863 4516 2956 4595 καὶ
2994 4543 3027 4611 ἡ
3074 4544 3139 4595 ἐκ
3177 4542 3260 4609 [Ρ.
3298 4541 3422 4614 195]
3454 4541 3800 4610 Πελοποννή-

507 4626 662 4684 steril
694 4625 990 4697 praefectus
1016 4635 1378 4693 matronaque
1396 4625 1797 4695 Peloponnesia
1836 4624 2089 4689 Danelis;

508 4733 747 4789 quorum
777 4733 911 4788 spes
924 4718 1085 4787 longe
1111 4718 1414 4788 majoribus
1438 4718 1597 4773 bonis
1613 4719 1947 4774 cumulavit.
1985 4717 2096 4771 Ma—

509 4825 677 4883 gnum
694 4812 840 4866 enim
862 4819 1152 4883 martyrem
1173 4799 1485 4865 Diomedem
1506 4821 1618 4865 tum
1638 4813 1883 4868 donariis
1897 4815 2097 4880 pretio—

509 4908 727 4965 sistum
746 4906 1013 4962 librorum
1048 4907 1206 4977 copia
1236 4907 1481 4971 donavit,
1513 4908 1946 4978 pignoribusque
1969 4909 2093 4963 aliis

508 4997 674 5071 317
692 5013 757 5055 ac
783 4998 1083 5069 Splendidis
1100 4999 1344 5055 vestibus
1368 5002 1654 5070 magniﬁce
1687 5001 1929 5067 ornavit;
1955 5002 2102 5072 ejus-

508 5104 620 5161 que
648 5090 873 5146 nomine
887 5100 1229 5147 exstructum
1255 5093 1647 5147 monasterium
1685 5109 1877 5163 magna
1903 5095 2104 5164 praedia

512 5181 819 5253 ultoresque
845 5181 1056 5238 reditus
1087 5183 1377 5254 prabendo
1404 5185 1619 5239 abunde
1647 5185 2019 5255 locupletavit,
2054 5194 2109 5241 et

513 5279 574 5326 ut
601 5272 768 5328 nullis
802 5287 1045 5344 unquam
1101 5275 1429 5329 necessariis
1474 5275 1801 5330 deliceretur
1837 5277 2103 5346 providit;

509 5364 866 5421 aediﬁciorum
947 5382 1169 5438 quoque
1239 5367 1546 5436 magniﬁcis
1604 5372 1899 5424 structuris
1980 5370 2105 5424 illu-

513 5456 726 5523 Stravit,
757 5458 1047 5530 modisque
1072 5459 1330 5514 omnibus
1360 5459 1554 5514 extulit
1584 5468 1748 5530 atque
1779 5460 1972 5515 ditavit

2205 4650 2299 4686 σου
2350 4634 2487 4700 γυνὴ
2521 4632 2775 4699 Δανηλὶς.
2828 4625 2908 4693 οἷς
2955 4632 3067 4683 τῶν
3123 4631 3487 4687 ἐλπισθέντων
3536 4629 3795 4683 ἀπέδωκε

2205 4727 2451 4798 μείζονα.
2480 4727 2584 4779 Τόν
2616 4742 2677 4778 τε
2726 4726 2835 4797 γὰρ
2871 4726 3046 4796 μέγαν
3085 4728 3144 4780 ἐν
3193 4726 3467 4795 μάρτυρσι
3514 4723 3799 4793 Διομήδην

2203 4824 2297 4876 καὶ
2340 4821 2713 4890 ἀναθημάτων
2766 4819 3078 4872 πολυτελῶν
3127 4818 3386 4872 ἀναθέσει
3422 4817 3519 4869 καὶ
3568 4815 3796 4886 βιϐλίων

2204 4908 2409 4964 ἱκανῶν
2441 4912 2657 4981 παροχῇ
2705 4910 2801 4963 stati.
2846 4908 3151 4979 κειμηλίων
3193 4907 3370 4962 ἄλλων
3402 4907 3497 4961 καὶ
3515 4906 3799 4977 λαμπρῶν

2202 5002 2530 5073 ἐσθημάτων
2583 5005 2921 5073 προσαγωγῇ
2989 4998 3426 5071 μεγαλοπρεπῶς
3479 5000 3653 5069 ἐφάνη
3700 5015 3795 5050 κο-

2206 5095 2381 5165 σμῶν,
2418 5095 2515 5148 καὶ
2540 5095 2640 5165 τὴν
2664 5095 2752 5146 ἐπ’
2778 5095 3002 5165 ὀνόματι
3030 5094 3223 5147 τούτου
3257 5093 3423 5163 μονὴν
3449 5094 3544 5145 καὶ
3576 5092 3799 5160 κτημά-

2204 5205 2313 5240 των
2364 5188 2608 5240 ἐπιδόσει
2668 5187 2922 5256 μεγάλων
2969 5203 3029 5239 τε
3091 5186 3187 5240 καὶ
3245 5186 3532 5257 προσόδων
3589 5184 3798 5237 ἱκανῶν

2205 5277 2426 5348 ἀφθόνῳ
2453 5278 2687 5350 χορηγίᾳ
2710 5280 2806 5331 καὶ
2827 5278 3079 5350 δαψιλείᾳ
3101 5279 3236 5350 πρὸς
3257 5281 3317 5332 τὸ
3339 5277 3572 5348 εὔπορον
3592 5278 3796 5347 ἡγαγε,

2209 5370 2306 5423 καὶ
2351 5371 2413 5424 τὸ
2464 5371 2805 5441 πανταχόθεν
2858 5372 3106 5434 ἁνενδεὲς
3162 5372 3301 5442 αὐτῇ
3357 5370 3795 5442 ἐμνηστεύσατο,

2206 5463 2302 5514 καὶ
2353 5464 2671 5534 κτισμάτων
2732 5462 3080 5517 πολυτελέσιν
3140 5465 3452 5535 οἰκοδομαῖς
3518 5462 3795 5529 κατελάμ-

2215 5571 2402 5629 πρυνε,
2453 5556 2549 5609 καὶ
2600 5557 2871 5617 παντοίως
2911 5556 3155 5629 ὑπερῆρε
3208 5558 3305 5610 καὶ
3339 5557 3790 5613 κατεπλούτισεν.

1791 5704 2029 5760 VARI/fl
2072 5707 2479 5765 LECTIONES.

613 5809 658 5839 "
685 5807 896 5872 εὐεξίας
921 5813 984 5866 Α.
1086 5815 1127 5847 ³⁸
1164 5817 1388 5887 ἔμφρων

1423 5837 1499 5881 τις
1537 5819 1594 5873 Ρ.
1672 5818 1713 5850 ³²
1743 5819 1993 5885 ἐξουσίαν
2024 5820 2097 5885 ὡς
2122 5822 2384 5888 ἀνύοντας
2423 5826 2484 5879 Α.

2565 5826 2609 5859 ³³
2642 5829 2979 5885 πολιτικῶνῖ
3054 5830 3179 5885 “re
3213 5847 3321 5887 om.
3368 5833 3426 5887 Ρ.
