4144 6418
479 352 586 416 ³35

1577 337 2085 404 THEOPHANES
2116 331 2680 394 CONTINUATUS.

3661 335 3771 399 336

480 465 779 522 concessit.
806 462 1032 519 Versata
1064 469 1248 516 autem
1275 458 1331 513 ln
1366 471 1564 526 magna
1595 459 1695 511 hac
1718 455 1865 510 urbe
1895 465 2074 522 quan-

2191 447 2383 520 ταύτην
2405 448 2492 517 ἐφ’
2513 450 2635 502 ὅσον
2665 447 2802 519 αὐτῇ
2827 445 3148 518 φιλοτιμιῶν
3173 465 3233 502 τε
3258 447 3356 503 καὶ
3390 449 3770 520 ἀπολαύσεων,

481 569 597 613 tum
660 557 821 612 libuit
879 563 1262 626 quantumque
1327 550 1574 608 sufficere
1629 546 1966 604 existimavit
2018 545 2083 597 ad

483 649 726 702 animum
772 645 1158 709 recreandum,
1210 644 1262 698 in
1313 658 1469 699 suam
1529 656 1728 697 rursus
1779 638 2083 710 regionem.

483 741 632 796 velut
671 740 954 811 gentilium
989 754 1214 795 suorum
1252 738 1475 793 domina
1502 739 1882 807 Angustaque,
1923 732 2086 802 longe

483 833 669 903 plures
729 832 1009 904 prioribus
1069 831 1420 901 majoresque
1475 831 1718 884 honores
1751 833 2080 886 consecuta.

483 939 702 980 reversa
771 933 875 979 cst.
943 922 1423 990 Quemadmodum
1486 936 1616 976 vero
1676 933 1966 974 accessum
2027 917 2082 973 in

485 1016 698 1078 urbem.
736 1015 818 1071 sic
852 1024 906 1070 et
950 1029 1228 1070 recessum
1279 1013 1539 1068 instituit.

556 1109 648 1164 76.
681 1107 758 1163 Eo
790 1116 1038 1179 tempore
1069 1107 1458 1162 exstruebatur
1488 1107 1918 1176 pulcherrimum
1949 1107 2082 1162 illul

486 1218 552 1258 ac
607 1201 905 1272 spectabile
928 1193 1254 1271 “‘temp’lum,
1317 1199 1464 1268 quod
1521 1199 1732 1254 Novam
1792 1199 2082 1256 Basilicam

488 1293 786 1349 Ecclesiam
839 1307 1039 1348 voca-re
1077 1292 1492 1358 consuevimus,
1523 1307 1589 1346 ac
1636 1291 1944 1349 Salvatoris
1981 1309 2079 1348 no-

488 1385 590 1440 stri
631 1381 755 1438 Iesu
792 1381 996 1438 Christi
1033 1392 1088 1438 et
1131 1383 1453 1454 angelorum
1491 1383 1749 1453 primatis
1803 1383 2086 1441 Michaelis

487 1491 587 1532 uec
642 1492 749 1530 non
797 1474 934 1530 Elia:
989 1474 1268 1531 Thesbita:
1318 1478 1544 1532 nomine
1588 1477 1919 1548 erigebatur.
1954 1478 2087 1548 Ejus

487 1583 617 1624 vero
647 1567 931 1624 interioris
962 1568 1205 1624 ambitus
1226 1584 1557 1644 commensa_
1571 1570 1831 1640 spatium,
1861 1587 2088 1642 magnas

487 1675 627 1715 anus
663 1667 1017 1730 nacotapetas
1048 1660 1300 1732 (viilosos
1334 1662 1557 1717 scilicet
1598 1672 1824 1732 tapetes.
1854 1663 1960 1718 ἀπὸ
1989 1665 2088 1734 τῆς

488 1752 678 1823 εὐχῆς,
705 1765 771 1806 ac
791 1752 838 1807 si
865 1766 896 1806 a
923 1761 1050 1808 voto
1069 1752 1244 1817 dicas,
1269 1752 1640 1824 nuncupatos)
1667 1749 1799 1808 rem
1825 1767 1889 1808 ac
1915 1752 2085 1819 misit,

489 1844 694 1915 quibus
727 1845 1098 1915 pavimentum
1141 1843 1308 1900 variis
1341 1845 1600 1914 pretiosis
1632 1844 1904 1915 lapidibus
1943 1846 2086 1900 inter

491 1952 552 1992 se
602 1936 951 1992 concinnatis
975 1923 1131 1992 velut
1161 1937 1448 1992 tessellata
1477 1951 1644 2007 opere
1687 1945 1944 1999 stratum.
1988 1952 2083 1992 va-

491 2027 738 2081 rietatem
772 2035 825 2080 et
845 2023 1314 2095 pulchritudinem
1345 2041 1624 2097 pavonum
1649 2043 1760 2097 prae
1789 2044 1848 2084 se
1879 2027 2087 2091 ferens,

489 2124 790 2187 tegeretur,
836 2117 1217 2188 magnitudine
1263 2127 1318 2174 et
1374 2118 1555 2174 forma
1589 2120 1924 2175 admirabili.
1981 2121 2086 2176 Sed

490 2216 546 2262 et
595 2207 827 2278 singulis
867 2208 1049 2272 annis,
1081 2208 1264 2279 quoad
1301 2210 1603 2280 imperator
1633 2211 1790 2276 vixit,
1843 2227 1949 2265 nou
1983 2211 2087 2264 mi-

493 2314 629 2354 nura
655 2300 905 2355 mittebat
934 2300 1015 2355 sic
1042 2301 1112 2356 ab
1139 2316 1203 2356 ea
1237 2301 1404 2358 illatis
1433 2304 1774 2359 muneribus.
1813 2305 2084 2370 Quoniam

493 2406 624 2447 vero
650 2392 705 2445 in
737 2392 1013 2462 longiores
1035 2391 1201 2463 320
1235 2409 1412 2449 annos
1445 2395 1614 2448 vitam
1643 2409 1762 2448 eam
1784 2395 2090 2464 producere

493 2481 723 2552 contigit
746 2497 810 2537 ac
835 2482 1158 2552 imperatori
1181 2497 1303 2538 esse
1321 2484 1672 2554 superstitem
1695 2502 1708 2549 ;
1735 2485 1878 2554 quod
1899 2501 1963 2540 ex
1997 2485 2088 2555 pio

495 2569 592 2623 illo
643 2570 916 2624 monacho
965 2571 1288 2641 praesciendi
1338 2570 1601 2627 facultate
1660 2572 1908 2642 praedito,
1968 2573 2088 2643 ipso

495 2663 677 2718 adhuc
709 2664 1029 2732 superstite,
1075 2663 1328 2719 audierat
1366 2665 1539 2734 ipsam
1567 2674 1684 2734 post
1728 2681 1929 2719 annum
1955 2665 2090 2720 alte-

497 2771 614 2807 rum
654 2769 680 2807 ε
720 2754 828 2808 vita
860 2770 980 2808 esse
1007 2755 1381 2825 migraturum,
1411 2754 1748 2810 desiderium
1784 2755 1988 2812 insedit
2027 2764 2091 2812 ut

495 2856 552 2901 et
579 2847 729 2902 illius
770 2846 939 2902 filium
968 2844 1234 2909 Leonem.
1259 2846 1372 2917 jam
1403 2861 1585 2902 rerum
1619 2862 1835 2902 summa
1867 2848 2089 2918 potien-

496 2949 626 3002 tem,
640 2953 880 3007 praesens
903 2939 1125 2994 viseret.
1143 2937 1490 3009 Rursusque,
1509 2940 1655 2995 sicut
1676 2951 1833 2997 antea
1854 2939 2086 3011 fecerat,

495 3033 684 3090 electis
729 3035 1027 3103 juvenibus
1080 3034 1516 3103 sustollentibus,
1557 3046 1771 3092 tantum
1814 3039 1948 3094 illud
1989 3040 2090 3096 viae

495 3129 734 3198 spatium
792 3128 950 3182 facile
971 3142 1040 3183 ac
1086 3129 1205 3184 sine
1257 3128 1508 3185 moiestia
1548 3145 1773 3186 emensa
1807 3140 1912 3188 est.
1957 3130 2091 3190 Viso

495 3204 685 3291 itaque
718 3219 1128 3291 sapientissimo
1174 3219 1583 3291 mitissimoque
1617 3219 1805 3279 Leone
1848 3223 2091 3295 impera-

497 3323 636 3379 tore,
663 3311 898 3382 mirique
929 3311 1112 3380 operis
1136 3321 1301 3382 atque
1330 3313 1492 3382 pretii
1522 3313 1601 3368 illi
1635 3329 1856 3385 quoque
1889 3315 2092 3372 oblatis

497 3405 844 3471 muneribus,
906 3419 971 3460 ac
1037 3404 1360 3461 substantia:
1402 3422 1515 3462 sua
1578 3408 1792 3464 haerede
1843 3408 2094 3467 instituto

497 3497 629 3570 (jam
663 3497 863 3567 quippe
916 3495 1036 3566 ejus
1070 3495 1215 3552 filius
1259 3495 1501 3556 Joannes
1544 3499 1710 3556 vitam
1757 3517 1880 3559 cum
1916 3512 2094 3558 morte

498 3589 976 3659 cuiumutaverat),
1031 3602 1155 3643 cum
1211 3597 1265 3643 et
1316 3591 1736 3648 comitatensem
1777 3594 2090 3664 quempiam

499 3680 642 3736 mitti
672 3681 937 3751 petiisset,
962 3681 1054 3752 qui
1082 3683 1201 3752 ejus
1230 3681 1521 3742 facultates
1545 3687 1598 3740 in
1629 3695 1748 3742 acta
1768 3687 2091 3743 redacturus

501 3789 566 3829 ac
593 3783 937 3852 peceptums
979 3769 1146 3841 esse't,
1190 3775 1256 3830 ad
1297 3778 1539 3846 patrium
1579 3792 1769 3833 rursus
1801 3778 2001 3844 solum,
2032 3779 2089 3834 in

499 3882 566 3922 eo
606 3867 788 3923 carnis
833 3867 1109 3937 pulverem
1165 3869 1438 3938 positura,
1491 3869 1701 3937 optimo
1756 3869 2091 3940 imperatore

501 3974 604 4030 pro
656 3959 906 4015 discessu
962 3959 1205 4016 salutato
1253 3960 1413 4030 eique
1460 3959 1577 4012 vale
1628 3959 1798 4028 dicto,
1848 3959 2089 4031 profecta

502 4061 608 4107 est.
654 4051 904 4121 Cumque
934 4051 1303 4118 discessisset,
1335 4050 1483 4104 brevi
1516 4049 1654 4105 vivis
1689 4062 1940 4124 exetupta
1981 4061 2082 4111 est.

572 4325 660 4377 77.
706 4322 1187 4391 Protospztllmrius
1235 4329 1415 4373 autem
1459 4317 1755 4380 Zeuobius,
1794 4320 1865 4373 ab
1913 4321 2086 4390 impe-

499 4425 684 4470 ratore
739 4417 982 4470 directus
1041 4414 1354 4480 missusque
1403 4419 1466 4464 ut
1525 4425 1884 4480 quaecumque
1947 4427 2087 4466 anus

2188 535 2343 603 αὖθις
2370 542 2508 613 πρὸς
2530 543 2628 614 τὴν
2648 541 2856 596 οἰκείαν
2879 541 3064 612 χώραν
3086 541 3560 615 ἀνθυπενόστησεν
3583 545 3778 619 ὥσπερ

2185 650 2270 696 τις
2302 633 2559 687 δέσποινα
2587 635 2699 689 τῶν
2723 635 2936 689 ἐκεῖθεν
2968 637 3012 667 ⁸³
3040 635 3350 707 βασίλισσα,
3383 638 3564 710 πολλῷ
3591 641 3774 696 πλείο-

2187 745 2282 791 νας
2301 728 2411 783 τῶν
2431 729 2719 800 προτέρων
2737 731 2830 783 καὶ
2852 746 2917 800 με
2927 729 3105 795 ίζονας
3127 732 3487 805 καρπουμένη
3518 735 3682 804 τιμάς
3703 735 3772 790 ⁸⁵.

2191 821 2288 872 ’ον
2319 819 2375 874 δὲ
2408 820 2610 890 τρόπον
2643 821 2742 891 τὴν
2777 821 2962 876 ἄνοδον
2994 823 3312 895 ἐποιήσατο,
3347 825 3438 879 τὸν
3487 827 3650 882 αὐτὸν
3681 830 3776 882 καὶ

2186 909 2282 981 τὴν
2309 911 2555 968 κάθοδον.

2255 1090 2363 1154 ος’.
2395 1091 2550 1144 Κατά
2579 1089 2635 1145 δὲ
2673 1092 2766 1147 τὸν
2788 1095 2978 1165 καιρὸν
3017 1097 3222 1151 ἐκεῖνον
3255 1098 3348 1151 καὶ
3373 1101 3398 1151 ὁ
3434 1102 3779 1174 περικαλλὴς

2185 1175 2342 1245 οὗτος
2371 1182 2500 1246 ναὸς
2523 1184 2618 1237 καὶ
2647 1186 2945 1256 περίοπτος
2969 1187 3014 1218 ⁸³
3044 1187 3378 1260 ᾠκοδομεῖτο
3406 1191 3464 1245 ὃν
3495 1193 3639 1248 Νέαν
3668 1189 3782 1249 Βα-

2190 1274 2404 1345 σιλικὴν
2438 1274 2771 1348 Ἐκκλησίαν
2803 1277 2986 1348 λέγειν
3017 1281 3308 1353 εἰώθαμεν,
3344 1283 3402 1346 ὃς
3425 1285 3512 1338 ἐπ’
3547 1287 3778 1357 ὀνόματι

2187 1366 2282 1420 τοῦ
2322 1369 2578 1438 Σωτῆρος
2615 1369 2776 1440 ἡμῶν
2811 1371 2985 1444 Ἰησοῦ
3030 1375 3270 1445 Χριστοῦ
3306 1378 3398 1430 καὶ
3427 1377 3649 1451 Μιχαὴλ
3675 1379 3776 1436 τοῦ

2189 1459 2407 1530 πρώτου
2438 1461 2548 1514 τῶν
2571 1462 2822 1532 ἀγγέλων
2861 1464 2956 1518 καὶ
2993 1465 3175 1522 Ἠλιοῦ
3202 1466 3296 1521 τοῦ
3319 1469 3388 1522 Θε
3401 1471 3580 1524 τόίτου
3617 1474 3780 1542 ἡγεί-

2193 1570 2334 1621 ρετο.
2375 1554 2631 1609 Λαὸοῦσα
2667 1555 2726 1609 δὲ
2757 1557 2933 1630 μέτρα
2961 1559 3056 1614 τοῦ
3096 1559 3247 1614 ἔνδον
3285 1563 3477 1616 τούτου
3504 1570 3778 1636 χωρήμα-

2188 1648 2344 1717 τοςή
2382 1648 2521 1719 γυνὴ
2557 1649 2855 1719 εἰργάσατο
2908 1653 3002 1706 καὶ
3046 1652 3336 1708 ἀπέστειλε
3385 1658 3780 1728 νακοτάπητας

2196 1738 2487 1807 μεγάλους,
2523 1741 2650 1804 τοὺς
2682 1742 2813 1813 παρ’
2845 1743 2977 1813 ἡμῖν
3001 1743 3110 1798 ἀπὸ
3142 1745 3240 1816 τῆς
3282 1745 3450 1818 εὐχῆς
3474 1749 3533 1802 τὸ
3563 1749 3780 1804 ὲπὼνυο

2191 1847 2290 1901 μον
2339 1831 2623 1902 φέροντας,
2657 1833 2748 1903 ὑφ’
2785 1827 2860 1888 ὧν
2888 1833 3035 1889 ἅπαν
3070 1835 3115 1869 ⁸⁸
3145 1838 3207 1891 τὸ
3247 1837 3461 1908 ἔδαφος,
3495 1843 3558 1895 ἐκ
3596 1841 3783 1912 διαφόσ

2192 1938 2304 1992 ρων
2345 1921 2579 1992 ἐντίμων
2605 1923 2793 1991 λίθων,
2837 1925 3086 1995 ψηφίδων
3120 1928 3279 2000 δίκην
3325 1932 3779 2003 ἐνηρμοσμένων,

2191 2013 2327 2082 πρὸς
2359 2011 2621 2081 ἀλλήλους
2660 2015 3113 2087 συντεθειμένων,
3149 2021 3422 2077 ποικιλίαν
3453 2025 3547 2076 καὶ
3577 2024 3780 2090 κάλλος

2193 2103 2415 2157 ταώνων
2440 2104 2486 2136 ⁸⁷
2521 2109 2885 2177 μιμούμενον,
2920 2110 3296 2166 καλύπτεσθαι
3328 2113 3545 2183 ἔμελλε,
3569 2116 3784 2186 θαύμαο

2190 2210 2280 2256 τος
2306 2194 2491 2260 ἀξίους
2546 2198 2771 2268 μεγέθει
2813 2202 2907 2254 καί
2952 2202 3270 2274 ὡραιότητι.
3312 2206 3472 2260 Ἀλλὰ
3524 2210 3616 2260 καὶ
3650 2210 3782 2263 καθ’

2191 2285 2426 2342 ἕκαστον
2468 2290 2684 2360 χρόνον,
2717 2291 2823 2358 ἕως
2858 2293 2954 2363 ἔζη
2981 2297 3007 2347 ὁ
3057 2294 3333 2365 βασιλεὺς,
3372 2299 3471 2352 οὐκ
3518 2300 3782 2356 ἐλάττονα

2192 2379 2301 2432 τῶν
2323 2382 2454 2452 παρ’
2490 2382 2662 2452 αὐτῆς
2711 2383 3075 2456 εἰσαχθέντων
3120 2388 3474 2447 ἀπέστελλεν.
3521 2390 3672 2446 Ἐπεὶ
3719 2395 3780 2448 δὲ

2194 2470 2351 2542 ἔτυχε
2387 2474 2685 2544 μακρόϐιον
2715 2477 2969 2545 γενέσθαι
3009 2479 3180 2551 αὐτὴν
3224 2482 3318 2535 καὶ
3350 2482 3514 2536 πλέον
3553 2484 3653 2552 τῆς
3677 2486 3782 2540 τοῦ

2195 2565 2464 2636 βασιλέως
2493 2568 2640 2638 ζωῆς
2684 2570 2783 2641 τὴν
2832 2571 3048 2642 ἐκείνης
3105 2575 3472 2646 ἐπεκταθῆναι
3509 2576 3551 2606 ⁶¹¹
3605 2575 3778 2647 ζωὴν,

2194 2657 2398 2722 ζῶντος
2431 2659 2486 2712 δὲ
2514 2660 2596 2713 ἔτι
2624 2663 2716 2715 καί
2751 2662 2794 2696 δ’
2827 2663 2922 2716 τοῦ
2969 2665 3331 2737 προορατικοῦ
3371 2667 3581 2722 ἐκείνου
3611 2686 3786 2740 μονα-

2194 2750 2291 2822 χοῦ
2323 2753 2522 2823 ἤκουσε
2563 2751 2649 2826 [Ρ.
2678 2754 2801 2828 197]
2839 2756 2970 2828 παρ’
2999 2758 3165 2812 αὑτοῦ
3216 2759 3304 2812 ὅτι
3323 2763 3472 2830 μετὰ
3494 2759 3784 2832 δεύτερον

2193 2843 2420 2912 χρόνον
2445 2843 2660 2914 μέλλει
2704 2846 2985 2916 ἀπαίρειν
3022 2850 3128 2904 τοῦ
3173 2850 3300 2920 ζῇν,
3330 2852 3644 2924 ἐπεθύμησε
3679 2854 3780 2908 καὶ

2193 2935 2288 2989 τὸν
2334 2937 2545 2990 ἐκείνου
2573 2937 2689 2992 υἰδν
2718 2939 2945 3006 Λέοντα,
2978 2942 3080 3014 ἤδη
3111 2943 3208 3014 τὴν
3257 2945 3636 3018 αὐτοκράτορα
3674 2948 3778 3002 λαο

2193 3026 2363 3083 δόντα
2403 3029 2598 3101 ἀρχὴν,
2637 3031 2938 3086 ἀνελθοῦσα
2982 3033 3128 3098 ἰδεῖν,
3164 3037 3258 3089 καὶ
3304 3039 3466 3093 πάλιν
3506 3042 3648 3095 κατά
3681 3044 3779 3097 τὸν

2196 3120 2401 3191 τρόπον
2429 3122 2522 3176 τὸν
2545 3123 2810 3194 πρότερον
2846 3124 2951 3178 ὑπὸ
2996 3127 3294 3184 νεανίσκων
3325 3131 3597 3202 ἐκκρίτων
3620 3136 3778 3206 αἰρο-

2201 3211 2338 3282 μένη
2367 3211 2428 3265 τὸ
2447 3215 2702 3268 τοσοῦτον
2731 3216 3006 3289 διάστημα
3032 3221 3130 3290 τῆς
3156 3221 3278 3276 ὁδοῦ
3307 3223 3560 3297 διήνυσεν
3598 3227 3777 3298 εὐμα-

2196 3303 2307 3376 ρῶς
2328 3305 2422 3358 καὶ
2447 3305 2689 3377 ἀϐαρῶς.
2720 3307 2927 3364 ’ἰδοῦσα
2949 3309 3004 3364 δὲ
3026 3311 3117 3366 τὸν
3146 3315 3458 3385 σοφώτατον
3485 3321 3578 3372 καὶ
3601 3323 3778 3393 πρᾶον

2196 3394 2424 3467 βασιλέα
2453 3397 2679 3463 Λέοντα,
2724 3402 2817 3454 καὶ
2850 3401 3140 3474 θαυμαστά
3175 3406 3322 3480 δῶρα
3357 3411 3451 3464 καὶ
3489 3412 3626 3483 πρὸς
3652 3415 3781 3468 τοῦθ

2192 3504 2286 3542 τον
2311 3490 2686 3559 εἰσαγαγοῦσα
2725 3494 2820 3546 καὶ
2865 3497 3204 3569 κληρονόμον
3239 3501 3401 3554 αὑτὸν
3437 3502 3538 3572 τῆς
3566 3504 3778 3569 οἰκείας

2194 3583 2544 3653 ποιησαμένη
2577 3583 2864 3656 ὑπάρξεως
2891 3585 3012 3658 (ήδη
3038 3588 3146 3659 γὰρ
3166 3592 3195 3642 ό
3213 3591 3418 3662 ταύτης
3449 3595 3564 3656 υίὸς
3593 3595 3780 3648 Ἰωάν-

2192 3685 2292 3740 νης
2347 3671 2611 3742 ἐτύγχανε
2645 3673 2736 3726 τὸν
2773 3673 2888 3745 βίον
2937 3677 3268 3747 ἀπολιπὼν),
3314 3682 3655 3756 αἰτησαμένη
3714 3686 3776 3738 δὲ

2191 3766 2287 3820 καὶ
2313 3763 2589 3836 βασιλικὸν
2643 3769 3015 3839 ἀποσταλῆναι
3056 3772 3150 3826 τὸν
3201 3773 3629 3846 ἀπογράψασθαι
3678 3780 3778 3832 καὶ

2191 3859 2536 3932 παραλαϐεῖν
2561 3861 2847 3931 ὀφείλοντα
2872 3865 2973 3936 τὴν
3004 3867 3320 3938 περιουσίαν
3343 3869 3535 3940 αὐτῆς,
3563 3872 3778 3942 ἀπῆρεν

2190 3953 2345 4018 αὖθις
2381 3953 2760 4029 συνταξαμένη
2811 3958 2890 4028 τῷ
2939 3961 3161 4034 χρηστῷ
3203 3961 3417 4033 βασιλεῖ
3457 3965 3550 4017 ἓ.πί
3578 3965 3640 4019 τὸ
3675 3969 3778 4036 τῆς

2191 4045 2450 4118 πατρίδος
2503 4047 2846 4119 θρεψάμενον
2905 4053 3118 4123 ἔδαφος,
3154 4053 3230 4117 ὡς
3276 4054 3342 4108 ἂν
3375 4057 3432 4110 ὲν
3471 4057 3646 4129 τούτῳ
3679 4062 3779 4113 καὶ

2189 4140 2281 4194 τὸν
2312 4139 2415 4210 τῆς
2450 4141 2653 4212 σαρκὸς
2685 4143 2954 4216 ἀπόθηται
2990 4145 3142 4217 χοῦν.
3185 4147 3293 4200 Καὶ
3323 4148 3386 4218 δὴ
3432 4151 3774 4206 κατελθοῦσα

2193 4234 2330 4304 μετὰ
2369 4236 2564 4306 μικρὸν
2595 4237 2968 4309 ἐτελεύτησεν.

2260 4323 2358 4390 οἵ.
2396 4326 2454 4380 Ὀ
2487 4327 2544 4380 δὲ
2597 4328 3090 4400 πρωτοσπαθάριος
3138 4331 3415 4402 Ζηνόϐιος,
3455 4335 3513 4399 ὃς
3536 4331 3604 4406 ἦν
3655 4339 3780 4407 ὁρι-

2191 4416 2342 4481 σθείς
2371 4419 2465 4472 καὶ
2520 4419 2852 4484 ἀποσταλεὶς
2897 4423 3031 4492 πρὸς
3060 4424 3122 4476 τὸ
3172 4425 3350 4479 πάντα
3378 4427 3448 4480 τὰ
3492 4425 3644 4494 παρὰ
3672 4430 3780 4500 τῆς

500 4508 830 4578 pOstulasset
863 4523 926 4562 ac
953 4505 1236 4561 statuisset
1266 4519 1329 4560 ea
1377 4504 1644 4574 impleret,
1679 4519 1805 4558 cum
1847 4504 1914 4559 ad
1942 4502 2086 4558 Nau-

2191 4507 2361 4580 γραδς
2413 4510 2706 4578 αἰτηθέντα
2751 4512 2844 4563 καὶ
2888 4512 3302 4569 διατυπωθέντα
3349 4519 3779 4588 ἀποπληρῶσαι,

499 4601 639 4669 pacti
685 4603 874 4654 urbem
915 4596 1275 4668 pervenisset,
1327 4611 1390 4649 ex
1443 4593 1663 4648 Daniele
1699 4610 1838 4650 auus
1891 4605 2086 4664 nepote

498 4694 686 4747 didicit
725 4691 875 4746 illaut
913 4704 978 4744 ex
1010 4692 1110 4743 hac
1144 4689 1254 4742 vita
1292 4689 1581 4758 migrasse.
1621 4686 1860 4743 Veniens
1903 4696 2084 4741 autem

499 4784 645 4837 illius
688 4782 934 4842 domum,
971 4794 1036 4832 ac
1087 4778 1399 4834 testamenti
1450 4777 1760 4848 exemplum
1794 4779 1847 4832 in
1889 4792 2089 4832 manus

499 4883 745 4934 attinens,
773 4883 840 4922 ex
872 4867 993 4937 ejus
1024 4865 1330 4933 voluntate,
1363 4875 1418 4921 et
1457 4877 1518 4921 ut
1548 4866 1666 4936 ipsa
1701 4866 2088 4931 constituerat,

499 4972 698 5017 cuncta
724 4959 970 5030 digessit.
1005 4958 1232 5013 Inventa
1265 4959 1386 5012 auri
1432 4958 1632 5029 signati
1683 4959 1874 5030 ingens
1927 4958 2083 5027 copia

493 5071 563 5111 ac
595 5053 842 5126 pecunia:
871 5052 1030 5123 321
1069 5049 1520 5115 innmuerabiles,
1556 5051 1770 5121 aliaque
1802 5050 2078 5121 suppellev

499 5165 565 5206 ac
592 5148 897 5203 substantia
931 5146 986 5201 in
1020 5147 1168 5201 vasis
1199 5145 1476 5216 argenteis
1504 5153 1668 5214 atque
1708 5146 1888 5199 aureis
1913 5145 2083 5198 vesti-

497 5242 710 5312 busque
765 5250 821 5296 et
870 5239 1186 5295 mrameutis
1240 5249 1294 5292 et
1356 5238 1643 5306 mancipiis
1689 5246 1743 5291 et
1794 5237 2080 5307 jumentis,

497 5349 691 5389 omnes
732 5334 1073 5404 privatorum
1112 5345 1246 5401 opes
1289 5345 1581 5400 superans,
1629 5330 1880 5401 quiuimo
1934 5330 2084 5400 ipsas

498 5442 685 5497 regum
719 5442 782 5481 ac
815 5438 1172 5499 tyrannorum
1207 5439 1375 5495 prope
1406 5439 1722 5494 exaequatis.
1753 5423 1909 5490 Quod
1953 5441 2082 5480 vero

498 5519 645 5576 illius
705 5520 976 5590 mancipia
1028 5517 1383 5573 multitudine
1417 5526 1604 5572 essent
1651 5519 1961 5581 innumera,
2014 5532 2082 5572 ex

2191 4603 2271 4664 είς
2298 4601 2358 4656 re
2392 4601 2632 4672 κάστρον
2667 4603 3003 4658 Ναυπάκτου
3036 4607 3135 4679 ἤδη
3180 4609 3504 4664 καταλαϐὼν
3530 4613 3780 4684 ἀνέμαθε

2192 4691 2342 4762 παρὰ
2373 4692 2574 4762 Δανιὴλ
2597 4693 2690 4747 τοῦ
2723 4696 2946 4765 ἐκγόνου
2971 4697 3018 4729 ⁸⁸
3040 4699 3214 4768 αὐτῆς
3233 4701 3332 4771 τὴν
3354 4701 3491 4773 πρὸς
3517 4703 3608 4756 τὸν
3631 4704 3784 4757 ἐκεῖ·

2191 4782 2283 4836 θεν
2314 4783 2429 4854 βίον
2485 4785 2752 4856 ἐκδημίαν
2815 4789 3008 4858 αὐτῆς.
3055 4792 3412 4861 Ἀφικόμενος
3458 4792 3514 4846 δὲ
3551 4797 3632 4860 εἰς
3679 4797 3784 4849 τὸν

2190 4875 2337 4931 οἷκον
2371 4878 2543 4948 αὐτῆς
2597 4881 2690 4932 καὶ
2707 4881 2796 4957 χτὸ
2832 4881 2947 4934 ἴσον
2972 4883 3071 4951 τῆς
3122 4883 3419 4951 διατάξεως
3465 4885 3640 4957 αὐτῆς
3678 4889 3783 4942 ἐπὶ

2189 4970 2378 5038 χεῖρας
2410 4930 2589 5023 labici»;
2623 4930 2766 5024 καρὰ
2797 4971 2892 5042 τὴν
2917 4930 3134 5043 ἐκείνης
3168 4930 3423 5044 podium;
3460 4979 3555 5030 καὶ
3583 4930 3781 5032 δίάτα-

2189 5061 2270 5124 ξιν
2307 5063 2376 5116 τὰ
2409 5061 2589 5116 πάντα
2633 5063 2922 5135 διῴκησεν.
2957 5057 3096 5137 Εὗρε
3137 5066 3194 5120 δὲ
3225 5068 3321 5120 καὶ
3351 5070 3552 5139 χρυσὸν
3586 5073 3646 5124 ὲν
3683 5089 3779 5125 νο-

2190 5153 2424 5224 μίσμασι
2457 5155 2749 5225 πάμπολυν
2773 5161 2866 5209 καὶ
2891 5156 3059 5228 ἄλλην
3093 5160 3412 5230 περιουσίαν
3440 5161 3496 5214 ἐν
3521 5180 3581 5216 τε
3604 5165 3783 5236 ἀργυ-

2189 5243 2409 5314 ρώμαοι
2442 5246 2536 5298 καί
2586 5246 2944 5318 χρυσώμασιν
2989 5248 3179 5321 ἐσθῆτί
3212 5268 3269 5304 τε
3320 5254 3417 5308 καὶ
3461 5255 3649 5326 χαλκῷ
3678 5259 3782 5310 καὶ

2189 5336 2544 5409 ἀνδραπόδοις
2584 5343 2676 5393 καὶ
2707 5342 2953 5412 κτήνεσι,
2987 5344 3167 5398 πάντα
3205 5346 3473 5401 ἰδιωτικὸν
3504 5349 3781 5420 ὑπερϐαί-

2191 5447 2392 5484 νουσαν
2446 5431 2699 5498 πλοῦτον,
2745 5435 2946 5506 μᾶλλον
2980 5437 3038 5490 δὲ
3087 5441 3180 5492 καὶ
3217 5441 3558 5510 τυραννικῶν
3592 5444 3779 5514 ὀλίγον

2192 5525 2614 5599 καταδεέστερον
2645 5530 2712 5581 ⁸⁸.
2760 5530 2909 5582 Ἐπεί
2937 5531 2992 5584 δὲ
3036 5531 3101 5585 τὰ
3143 5533 3390 5587 οἰκετικὰ
3423 5533 3628 5607 ταύτης
3677 5540 3780 5590 άν-

1783 5635 2019 5690 ΥΑΒΙᾹΞ
2062 5639 2468 5698 LECTIONES.

601 5733 648 5808 δξ
681 5733 797 5785 ἐκεῖ
923 5729 928 5738 ’
969 5732 1015 5808 ξ⁸
1036 5734 1196 5808 τιμάς
1224 5749 1332 5808 om.
1362 5733 1437 5808 \._
1491 5733 1536 5767 ⁵⁸
1569 5731 1932 5808 περίϐλεπτος
1960 5734 1997 5787 Λ
2076 5733 2120 5764 ⁸³
2151 5740 2254 5791 πᾶν
2286 5738 2342 5793 P.
2426 5741 2466 5771 ⁸⁷
2497 5741 2830 5796 Barlicrintts
2856 5743 3079 5808 τσῶνος.

503 5805 542 5836 ⁸³
571 5801 659 5853 καὶ
685 5814 794 5856 cm.
833 5803 891 5855 P.
968 5803 1013 5834 '°
1055 5791 1322 5871 ἐγγόνουῖν
1398 5803 1440 5834 ⁵³
1474 5791 1908 5874 καταδεεστέραν
1932 5811 1951 5857 1’

3159 5744 3200 5775 ⁸³
3218 5745 3623 5816 ἐπεκτανθῆνκι
3659 5748 3774 5816 ΔΡ,
