4144 6416
489 378 595 443 339

1545 373 2054 438 ΤΗΕΟΡΗᾹΝΕΞ
2079 375 2642 436 CONTINUATUS.

3649 367 3764 436 3&0

439 557 447 576 Ι
493 485 645 543 fecit.
673 485 928 540 Divinum
963 498 1186 554 quoque
1213 484 1276 538 in
1291 483 1433 556 Pega
1457 485 1514 540 S.
1538 487 1781 556 Deiparat
1805 495 2068 556 templum
2100 542 2101 548 η

2207 486 2264 539 ὸν
2287 487 2346 539 ὲν
2369 489 2435 556 τῇ
2459 487 2614 556 Πηγῇ
2643 484 2698 536 δὲ
2724 483 2822 551 τῆς
2841 482 3186 553 Θεομήτορος
3215 481 3358 538 θετον
3379 482 3504 536 ναὸν
3521 477 3766 537 διαπτωο

492 579 820 647 collapsum,
851 591 918 632 ac
945 592 1057 646 quo
1083 577 1220 631 olim
1266 577 1464 634 decore
1514 575 1749 635 fulserat
1792 577 2068 640 orbatum,

2169 572 2339 626 --θέντα
2361 575 2457 626 καὶ
2485 574 2545 625 τὸ
2574 573 2802 643 ἀρχαῖον
2825 571 3173 625 ἀποϐαλόντα
3206 573 3401 637 κάλλος
3421 572 3766 628 ἀνενεώσατό

494 667 843 731 instauravit,
893 667 1349 738 splendidiusque
1377 683 1544 737 quam
1583 668 1742 738 prius
1785 669 2072 724 exstiterat

2204 683 2236 716 τε
2265 667 2358 718 καὶ
2380 665 2810 736 ὑπερλάμποντα
2838 665 3038 731 μᾶλλον
3065 665 3211 735 ἥπερ
3241 663 3303 717 τὺ
3333 665 3598 736 πρότερον
3629 665 3767 719 ἔδει-

495 759 753 815 reddidit.
803 757 1068 814 Similiter
1109 760 1343 816 alterum
1397 761 1894 831 quoque-Deiparae
1924 770 2068 814 tem-

2178 757 2290 822 ξεν.
2337 757 2611 822 Ὡσαύτως
2640 759 2734 810 καὶ
2759 760 2852 810 τὸν
2883 758 3070 829 ἕτερον
3097 758 3202 828 τῆς
3231 757 3501 818 Θεοτόκου
3527 758 3674 821 ναὸν,
3704 759 3768 821 ὃς

494 851 666 921 plum,
689 849 875 921 Sigma
906 858 1271 921 cognomento
1299 851 1528 913 dictum,
1565 851 1687 906 diro
1719 866 1855 906 casn
1887 850 2073 906 defer-.-

2204 849 2242 901 τὸ
2277 849 2454 919 Σῖγμα
2482 845 2627 920 εἶχεν
2654 849 2966 920 ἐπώνυμον,
3001 850 3200 920 πτῶμα
3234 851 3468 904 πεσόντα
3503 851 3680 905 δεινὸν
3701 855 3768 905 ἐκ

495 948 704 996 matum
741 956 772 995 a
807 939 1182 996 fundamentis
1231 957 1434 996 novum
1487 942 1759 996 exstruxit
1795 957 1859 996 ac
1891 943 2075 1011 priore

500 1033 714 1091 ﬁrmius
761 1035 1158 1090 constabilivit.
1214 1033 1318 1089 Sed
1358 1045 1413 1089 et
1460 1035 1720 1105 Stephani
1777 1045 2076 1107 martyrum

497 1127 662 1197 primi
694 1126 749 1180 in
787 1125 1100 1181 Aurolianis
1127 1127 1394 1196 templum
1433 1135 1591 1180 terrm
1621 1137 1798 1182 motus
1850 1141 2080 1196 quassa.

500 1218 654 1278 tione
674 1217 740 1271 ad
771 1215 948 1272 solum
981 1231 1158 1284 usque
1205 1216 1498 1270 subrutam
1530 1232 1560 1270 a
1590 1216 1960 1273 fundamentis
1988 1233 2084 1272 ex-

499 1308 728 1365 struxit.
748 1308 1012 1377 Baptistae
1038 1322 1168 1364 vero
1203 1323 1270 1362 ac
1295 1307 1665 1366 Praecursoris
1700 1324 1894 1363 sacras
1935 1309 2082 1366 aedes

500 1401 559 1454 in
579 1399 878 1471 Strobylzea
889 1407 946 1453 et
967 1397 1402 1462 Macedonianis,
1421 1400 1648 1456 alteram
1662 1416 1688 1453 a
1705 1400 2080 1458 fundamentis

500 1488 796 1554 exstruxit,
828 1489 1055 1542 alteram
1112 1489 1322 1558 potiore
1349 1500 1502 1559 parte
1553 1492 1844 1559 reparavit.
1888 1492 1995 1548 Sed
2027 1501 2082 1550 et

499 1579 732 1648 apostoli
771 1579 1001 1648 Philippi
1029 1568 1315 1640 sacellum.
1347 1579 1607 1650 aliudque
1642 1581 1815 1653 Lucae
1845 1598 2080 1652 evange-

499 1671 638 1726 lista:
666 1671 760 1725 illo
796 1671 1217 1736 occidentalius,
1254 1675 1486 1728 vetustis
1535 1675 1854 1745 expurgatis
1908 1676 2082 1735 ruinis

503 1777 644 1820 nova
684 1765 951 1820 condidit.

2185 939 2402 1013 βάθρων
2444 942 2832 1012 ἀνῳκοδόμησε
2868 942 2964 994 καὶ
3006 941 3351 1014 ἐδραιότερον
3387 941 3469 1014 [Ρ.
3506 941 3631 1014 199]
3667 941 3767 996 τοῦ

2185 1035 2452 1104 προτέρου
2481 1034 2797 1104 εἰργάσατο.
2831 1034 2942 1086 Καὶ
2970 1033 3062 1086 τὸν
3087 1034 3144 1087 ἐν
3171 1033 3536 1104 Αὑρηλιαναῖς
3556 1035 3616 1088 δέ
3641 1035 3777 1088 Στεο

2185 1124 2360 1194 φάνου
2387 1123 2482 1176 τοῦ
2525 1121 2744 1196 πρώτου
2781 1125 2892 1176 τῶν
2934 1123 3232 1195 μαρτύρων
3277 1125 3406 1182 ναὸν
3453 1126 3614 1196 ἄχρις
3643 1127 3774 1181 ἐδά-

2190 1233 2326 1282 φους
2352 1215 2735 1269 καταπεσόντα
2761 1216 2807 1248 ⁸⁷
2835 1217 2902 1268 ἐκ
2925 1215 3194 1285 θεμελίων
3223 1217 3406 1270 αὐτῶν
3423 1218 3769 1288 ἀνεδείματο.

2189 1307 2328 1368 Τοὺς
2370 1307 2428 1360 δὲ
2485 1307 2581 1360 τοῦ
2609 1307 2655 1340 ⁵⁸
2690 1307 3001 1362 Βαπτιστοῦ
3054 1310 3149 1362 καὶ
3175 1337 3178 1340 ι
3203 1309 3520 1380 Προδρόμου
3569 1313 3774 1380 σηκοὺς

2189 1401 2370 1472 ἱεροὺς
2387 1401 2444 1453 ἕν
2463 1417 2519 1453 τε
2545 1401 2610 1472 τῇ
2642 1401 2974 1472 Στροόυλαίᾳ
3004 1402 3050 1434 ⁵⁹
3075 1403 3169 1455 καὶ
3193 1403 3646 1470 Μακεδονιαναῐς,
3678 1402 3776 1456 τὸν

2190 1493 2293 1562 μὲν
2323 1495 2388 1547 ἐκ
2411 1493 2652 1564 βάθρων,
2669 1493 2764 1546 τοῦ
2808 1493 2866 1546 δὲ
2882 1493 2943 1546 τὸ
2954 1493 3205 1547 πλεῖστον
3233 1493 3672 1565 ἀνῳκοδόμησεν.
3695 1493 3777 1546 Οὐ

2187 1585 2296 1656 μὴν
2311 1586 2447 1640 ἀλλά
2463 1587 2558 1639 καὶ
2587 1585 2648 1639 τὸ
2681 1586 2774 1639 τοῦ
2809 1586 3111 1639 ἀποστόλου
3126 1585 3394 1639 Φιλίππου
3420 1585 3587 1656 ἱερὸν,
3607 1585 3705 1638 καὶ
3717 1586 3780 1638 τὺ

2187 1674 2354 1730 αὑτοῦ
2379 1675 2739 1745 δυτικώτερον
2755 1677 3008 1744 κείμενον
3031 1675 3124 1729 τοῦ
3154 1674 3544 1744 εὐαγγελιστοῦ
3565 1676 3778 1740 Λουκᾶ,

2191 1767 2300 1820 τῶν
2321 1767 2570 1820 παλαιῶν
2607 1767 2963 1838 ἀνακαθάρας
2995 1768 3309 1836 πτωμάτων
3337 1766 3435 1822 νέα
3461 1767 3777 1838 εἰργάσατο.

573 1854 664 1912 8L
711 1853 989 1914 Praeterea
1033 1873 1164 1914 vero
1197 1857 1361 1913 etiam
1414 1857 1573 1913 Mocii
1610 1858 1870 1930 martyris
1897 1859 2089 1929 ingens

2220 1872 2229 1880 '
2267 1868 2380 1915 παν.
2415 1861 2537 1916 Ἔτι
2568 1860 2624 1913 δὲ
2657 1862 2752 1916 καὶ
2783 1860 2845 1914 τὸ
2875 1860 3100 1914 Μωκίου
3129 1860 3224 1914 τοῦ
3255 1860 3534 1931 μάρτυρος
3563 1859 3608 1891 ⁸⁸
3635 1859 3785 1930 μέγα

504 1949 794 2020 templum,
832 1966 941 2006 non
989 1950 1180 2020 paucis
1209 1950 1472 2007 scissuris
1531 1950 1878 2020 sublapsum,
1935 1952 2094 2019 cujus

507 2042 733 2113 adytum
766 2054 924 2100 teme
958 2045 1175 2107 allisum
1229 2055 1346 2100 erat
1401 2046 1474 2101 ita
1511 2053 1570 2100 ut
1617 2045 1858 2102 divinam
1919 2048 2092 2118 ipsam

506 2151 754 2192 mensam
789 2136 1188 2208 pra-fringeret,
1218 2137 1402 2193 debita
1432 2154 1564 2194 cura
1594 2139 1932 2196 illiadhihita
1971 2157 2096 2212 per-

506 2225 646 2284 fecte
672 2245 702 2283 a
735 2231 893 2284 ruina
922 2213 1125 2298 erexit.
1182 2229 1437 2288 Vicinum
1468 2246 1688 2302 quoque
1713 2233 1789 2287 illi
1821 2250 1887 2288 ex
1943 2245 2097 2304 parte

506 2321 832 2376 occidentali
861 2323 1093 2378 Andreae
1125 2323 1365 2393 primum
1404 2323 1569 2395 325
1588 2326 1764 2380 vocati
1800 2326 1943 2380 inter
1963 2342 2097 2396 apo-

509 2412 680 2468 stolos
720 2414 1010 2483 templum,
1037 2414 1241 2485 ingenti
1274 2415 1524 2484 neglectu
1563 2416 1720 2469 ruina
1749 2432 2097 2486 oppressum,

511 2504 858 2566 convenieuti
889 2522 1018 2561 cura
1051 2507 1286 2584 pristino
1315 2507 1500 2580 decori
1525 2507 1814 2577 reparavit.
1851 2507 2097 2564 Divinam

514 2596 643 2652 item
681 2598 741 2652 S.
776 2599 1010 2658 Romani
1052 2599 1223 2654 aedem
1257 2609 1312 2656 et
1354 2599 1530 2670 ipsam
1561 2601 1857 2672 collapsam
1893 2619 1924 2662 a
1973 2603 2100 2659 fun-

514 2689 787 2762 damentis
823 2691 1134 2746 :editicavit.
1163 2690 1222 2746 S.
1291 2692 1464 2748 Annae
1508 2710 1729 2764 quoque
1756 2697 1813 2754 in
1869 2696 2102 2753 Deutero

501 2789 571 2860 et
605 2780 660 2840 S.
703 2781 907 2850 Christi
938 2783 1194 2854 martyris
1226 2784 1484 2839 Demetrii
1522 2801 1712 2842 sacras
1742 2791 1908 2850 tedas,
1944 2797 2103 2844 vetu-

514 2881 655 2932 state
677 2873 1024 2940 laborantes,
1069 2891 1243 2931 novas
1279 2891 1344 2930 ac
1388 2876 1668 2948 elegantes
1712 2879 1923 2935 refecit.
1965 2882 2104 2936 Sau-

515 2963 590 3018 cti
622 2979 754 3030 vero
786 2966 1042 3036 martyris
1101 2965 1382 3022 IEmiliani
1414 2968 1469 3023 in
1521 2967 1750 3026 Rhabdo
1787 2973 2103 3038 ecclesiam,

519 3054 664 3111 haud
693 3057 885 3127 procul
906 3059 975 3114 ab
1008 3059 1217 3115 aedibus
1253 3070 1461 3117 sancta:
1497 3063 1595 3118 Dei
1636 3066 1907 3132 parentis,
1939 3075 2098 3122 vetu-

517 3156 661 3204 state
687 3143 1034 3206 fatiscentem
1069 3151 1258 3208 videns
1293 3153 1552 3224 utrinque
1579 3155 1777 3211 turrito
1820 3171 1985 3232 opere
2022 3158 2098 3211 fa-

519 3239 793 3313 stigiando
815 3253 1014 3300 novam
1040 3246 1332 3313 reparavit.

595 3418 695 3475 82.
731 3418 1004 3484 Praeterea
1044 3438 1174 3493 vero
1215 3424 1376 3480 etiam
1435 3425 1788 3494 triumphalis
1851 3428 2108 3499 martyris

522 3509 740 3566 Nazarii
793 3527 1011 3568 sacram
1053 3514 1248 3579 aedem,
1286 3529 1316 3568 a
1352 3515 1542 3572 multis
1594 3524 1743 3570 retro
1790 3517 1952 3572 annis
1997 3533 2106 3574 non

525 3603 693 3657 modo
723 3603 1049 3674 collapsam,
1087 3606 1184 3660 sed
1217 3617 1268 3660 et
1299 3607 1519 3676 penitus
1543 3591 1826 3675 abolitam,
1863 3610 2106 3666 aedifica-

527 3693 628 3758 vit,
665 3696 972 3774 majestate,
1006 3698 1296 3774 elrgantia,
1355 3714 1420 3754 ac
1471 3699 1877 3768 pulchritudine
1942 3702 2108 3767 priori

527 3785 690 3855 longe
723 3773 953 3844 aedilicio
984 3798 1355 3858 praestantem.
1385 3791 1443 3845 In
1469 3790 1726 3846 Domnini
1759 3792 2002 3849 Embolis
2031 3796 2112 3865 (ut

528 3878 770 3951 vocant)
807 3889 1011 3936 sanctae
1047 3881 1141 3936 Dei
1188 3883 1364 3938 nostri
1419 3882 1630 3940 Christi
1691 3887 2113 3942 resurrectionis

531 3971 754 4026 nomine
807 3983 973 4043 atque
1026 3977 1285 4046 martyris
1316 3975 1624 4033 Anastasiae
1682 3979 2112 4047 pulcherrimum

531 4067 794 4135 templum
834 4075 1030 4136 aptans
1077 4066 1360 4136 splendide
1394 4069 1630 4136 ornavit,
1675 4070 1851 4141 lignea
1911 4070 2117 4128 fornice

531 4159 587 4216 in
621 4161 890 4231 lapideam
923 4171 1134 4224 mutata
1164 4173 1473 4234 ornatuque
1516 4163 1624 4219 alio
1660 4165 1820 4234 plane
1874 4167 2115 4222 admira-

535 4252 634 4310 bili
666 4253 901 4322 adjeeto.
937 4253 1204 4324 Similiter
1237 4271 1454 4326 quoque
1487 4257 1673 4327 inclyti
1711 4260 1968 4328 martyris
1998 4258 2120 4313 Pla-

534 4331 678 4402 tonis
716 4331 922 4401 tectum
971 4347 1226 4422 laborare
1280 4349 1474 4404 videns
1527 4355 1581 4401 ct
1630 4347 1883 4404 fatiscere
1913 4367 2114 4406 novum

535 4436 1171 4506 instauravit,_immissis
1200 4437 1539 4507 parietibus,
1575 4438 1664 4493 ulti
1703 4455 1924 4497 necesse
1976 4452 2113 4506 erat,

2201 1955 2445 2024 τέμενος.
2476 1954 2577 2007 οὐκ
2598 1954 2801 2020 ὀλίγοις
2828 1953 3106 2006 ὑποπεσὸν
3141 1954 3410 2024 ρήγμασι,
3439 1953 3533 2005 καὶ
3561 1952 3622 2005 τὸ
3649 1952 3784 2005 ἀδυ-

2189 2064 2285 2102 -τον
2315 2045 2508 2100 τούτου
2557 2045 2723 2116 μέρος
2753 2044 2883 2116 ἄχρι
2915 2046 3012 2116 τῆς
3048 2045 3152 2114 γῆς
3179 2045 3517 2115 καταϐληθὲν
3549 2045 3788 2115 ἐσχηκδς

2195 2139 2269 2202 ὡς
2302 2138 2397 2192 καὶ
2426 2138 2524 2209 τὴν
2553 2139 2706 2209 ίεράν
2726 2136 2994 2203 κατεάξαι
3016 2137 3323 2209 τράπεζαν,
3353 2137 3452 2205 τῆς
3474 2136 3791 2207 προσηκού-

2200 2249 2299 2300 σης
2325 2230 2653 2299 ἐπιμελείας
2702 2229 2906 2300 ἠξίωσε
2937 2230 3032 2282 καὶ
3087 2229 3310 2292 τελείως
3345 2228 3443 2281 τοῦ
3487 2228 3790 2296 πτώματος

2193 2325 2443 2394 ἧγειρεν.
2475 2325 2588 2377 Καὶ
2615 2324 2706 2376 τὸν
2735 2321 3107 2392 πλησιάζοντα
3142 2322 3198 2375 δὲ
3225 2322 3401 2392 τούτῳ
3425 2321 3569 2375 κατὰ
3591 2321 3653 2374 τὺ
3685 2321 3792 2392 μέ-

2197 2433 2293 2486 ρος
2323 2415 2385 2468 τὸ
2415 2416 2457 2447 ⁶¹
2491 2416 2628 2485 πρὸς
2672 2415 2887 2485 δυτμάς
2936 2414 3187 2485 Ἀνδρέου
3229 2413 3324 2467 τοῦ
3385 2415 3790 2486 πρωτοκλήτου

2199 2505 2307 2561 τῶν
2335 2505 2648 2559 ἀποστόλων
2673 2505 2803 2558 ναὸν
2829 2506 2896 2559 ἐκ
2925 2504 3130 2574 πολλῆς
3159 2504 3424 2575 ἀμελείας
3455 2506 3793 2577 διαρῤυέντα
3880 2565 3889 2575 _

2200 2598 2281 2660 είς
2307 2597 2368 2649 τὸ
2408 2599 2638 2668 ἀρχαῖον
2675 2597 2874 2661 κάλλος
2911 2601 2978 2668 τῇ
3010 2597 3204 2668 δεούσῃ
3249 2597 3538 2667 ἐπιμελείᾳ
3575 2597 3794 2669 ἀνήγαο

2202 2705 2319 2758 γεν.
2355 2689 2461 2742 Τὸν
2507 2689 2564 2742 δὲ
2611 2689 2706 2742 τοῦ
2749 2689 2938 2758 Ἀγίου
2978 2689 3266 2760 Ῥωμανοῦ
3320 2689 3463 2742 θετον
3504 2685 3659 2743 οῐκον
3695 2691 3795 2744 καὶ

2202 2779 2365 2832 αὐτὸν
2418 2779 2800 2834 καταπεσόντα
2828 2782 2892 2833 ἐκ
2935 2780 3156 2851 βάθρων
3179 2780 3519 2851 ἀνεδείματο.
3547 2780 3659 2835 Καὶ
3698 2781 3790 2835 τὸν

2202 2869 2304 2938 τῆς
2343 2870 2530 2939 Ἀγίας
2559 2872 2764 2938 ’Λννης
2790 2871 2849 2923 ἐν
2891 2871 2970 2942 τῷ
2999 2871 3250 2941 Δευτέρῳ
3278 2871 3373 2924 καὶ
3405 2871 3499 2925 τὸν
3528 2871 3623 2924 τοῦ
3651 2873 3794 2942 Χρι-

2208 2961 2334 3014 στοῦ
2380 2963 2657 3033 μάρτυρος
2685 2964 2731 2995 ⁸⁸
2765 2965 3080 3034 Δημητρίου
3130 2963 3354 3026 καινοὺς
3393 2964 3515 3017 ἀντὶ
3543 2965 3799 3018 παλαιῶν

2206 3047 2299 3099 καὶ
2326 3048 2624 3116 εὐπρεπεῖς
2669 3049 3066 3118 ἀπειργάσατο.
3108 3049 3212 3100 Τὸν
3251 3047 3308 3100 δέ
3349 3049 3443 3101 τοῦ
3515 3051 3802 3122 μάρτυρος

2211 3142 2552 3211 Αἰμιλιανοῦ,
2575 3142 2634 3205 ὃς
2663 3143 2723 3195 ἐν
2752 3145 2818 3212 τῇ
2861 3141 3070 3212 Ῥἀόδῳ
3107 3141 3186 3212 τῷ
3221 3142 3355 3212 οῐκῳ
3394 3143 3498 3212 τῆς
3521 3143 3804 3213 Θεομήτο-

2159 3231 2181 3270 4
2215 3250 2306 3303 ρος
2331 3235 2586 3300 γειτονεί.
2631 3235 2700 3302 τῇ
2746 3231 3072 3302 παλαιότητι
3124 3234 3638 3304 κατερρικνωμένον
3671 3232 3806 3286 ἰδὼν

2211 3327 2546 3393 καινουργεῖ,
2581 3323 2925 3394 ἑκατέρωθεν
2947 3325 3252 3392 πυργώσας
3277 3325 3610 3394 ἐδράτμασι.

2279 3415 2391 3487 πβ’.
2437 3419 2578 3486 Πρὸς
2627 3416 2684 3470 δὲ
2717 3418 2812 3470 καὶ
2858 3417 2950 3471 τὸν
3005 3418 3097 3470 τοῦ
3151 3417 3462 3488 ἀθλοφόρου
3513 3417 3805 3486 Ναζαρίου

2212 3510 2357 3580 ἱερὸν
2390 3507 2560 3570 οἷκον,
2611 3511 2675 3562 ἐκ
2716 3510 2932 3562 πολλῶν
2973 3509 3081 3562 τῶν
3113 3510 3322 3580 χρόνων
3365 3511 3425 3562 οὐ
3439 3512 3622 3578 ,μόνον
3651 3527 3811 3563 πτω-

2212 3601 2396 3666 θέντα,
2426 3601 2564 3654 ἀλλὰ
2598 3600 2693 3654 καὶ
2719 3600 2900 3652 τέλεον
2924 3601 3316 3668 ἠφανισμένον,
3334 3600 3453 3652 νέον
3472 3600 3517 3630 ⁸³
3543 3599 3814 3667 ἐδείματο

2213 3695 2507 3764 σεμνότητι
2555 3693 2650 3746 καὶ
2684 3691 2874 3746 κάλλει
2906 3691 3084 3760 πολλῷ
3127 3692 3224 3744 τοῦ
3273 3692 3401 3762 πρὶν
3443 3690 3810 3760 διαιρέροντα.

2225 3789 2316 3841 Ἐν
2355 3787 2410 3840 δέ
2443 3789 2556 3849 τοῖς
2588 3785 2853 3856 Δομνίνου
2906 3785 3226 3852 λεγομένοις
3267 3783 3550 3852 Ἑμδόλοις
3587 3781 3678 3835 τὸν
3718 3783 3820 3848 είς

2213 3881 2385 3951 ὄνομα
2415 3881 2517 3948 τῆς
2543 3879 2692 3942 θείας
2731 3879 2777 3912 ⁸⁸
2809 3877 3049 3947 Χριστοῦ
3081 3876 3174 3928 τοῦ
3202 3875 3338 3929 Θεοῦ
3371 3875 3530 3946 ἡμῶν
3561 3875 3817 3928 ἀναστά-

2217 3991 2356 4037 σεως
2408 3975 2501 4027 καὶ
2538 3971 2894 4034 Ἀναστασίας
2942 3971 3042 4040 τῆς
3070 3971 3116 4001 ⁸⁸
3162 3969 3438 4038 μάρτυρος
3496 3967 3815 4038 περικαλλῆ

2217 4064 2344 4119 ναὸν
2401 4063 2776 4127 ἐπισκευάσας
2799 4062 3138 4132 ἐλάμπρυνε,
3181 4060 3392 4130 λιθίνην
3433 4059 3555 4112 ἀντὶ
3587 4058 3816 4128 ξυλίνης

2216 4155 2316 4226 τὴν
2362 4153 2566 4226 ὀροφὴν
2615 4152 3024 4223 ἐργασάμενος,
3053 4151 3146 4203 καὶ
3174 4150 3376 4219 κόσμον
3409 4149 3567 4202 ἀλλον
3593 4148 3811 4212 ἐπιθεὶς

2218 4245 2570 4314 ἁξιάγαιστον.
2607 4244 2880 4306 Ὡσαύτως
2905 4241 2961 4295 δὲ
2991 4242 3083 4295 καὶ
3118 4241 3404 4304 Πλάτωνος
3429 4240 3520 4294 τοῦ
3565 4240 3810 4310 μεγάλου

2219 4338 2278 4389 ἐν
2309 4338 2546 4406 μάρτυσι
2579 4335 2899 4403 πονήσασαν
2928 4331 3027 4401 τὴν
3053 4329 3148 4384 τοῦ
3175 4329 3305 4384 ναοῦ
3331 4328 3569 4384 κατιδὼν
3596 4329 3813 4400 ὀροφὴν

2220 4429 2348 4482 νέαν
2377 4428 2696 4497 εἰργάσατο,
2747 4426 2843 4480 καὶ
2881 4424 2926 4456 ⁸⁸
2956 4423 3152 4494 τοίχων
3202 4425 3259 4476 ἐν
3301 4420 3382 4484 οἷς
3435 4422 3540 4475 ἔδει
3573 4439 3816 4490 κατοχυο

536 4525 706 4583 :edem
743 4529 1124 4602 communiens
1183 4543 1248 4582 ac
1293 4527 1542 4584 ﬁrmans.
1583 4530 1956 4588 Gloriosorum
1990 4549 2101 4587 verr

2225 4521 2402 4592 ρώσα;
2432 4519 2523 4571 τὸν
2573 4511 2723 4570 οἷκον
2769 4515 3051 4577 ἐπιϐολαῖς
3086 4516 3150 4568 ⁸⁷.
3202 4513 3323 4566 Τῶν
3371 4514 3428 4567 δὲ
3480 4509 3816 4566 καλλινίκων

539 4629 842 4691 martyrum
889 4621 1110 4690 Hesperi
1167 4630 1220 4676 et
1286 4621 1424 4694 Zoes
1477 4622 1717 4677 divinam
1779 4625 1976 4690 aedem,
2008 4623 2119 4682 fere

541 4709 662 4768 solo
703 4720 862 4768 tenus
893 4711 1155 4790 dirutam.
1189 4713 1308 4782 pari
1349 4714 1516 4782 priori
1556 4714 1824 4786 elegantia
1858 4726 1912 4769 et
1951 4717 2121 4787 maje-

543 4810 687 4858 state
727 4803 1021 4858 exstruxit.
1057 4804 1136 4857 Ad
1175 4805 1289 4860 haec
1327 4821 1456 4861 vero
1480 4807 1645 4860 etiam
1698 4808 1958 4878 martyris
1982 4808 2122 4864 Aea~

541 4891 606 4948 tii
633 4893 688 4947 in
730 4891 1060 4964 lleptascalo
1084 4895 1332 4951 divinum
1390 4897 1647 4966 templum
1688 4913 1823 4966 pene
1870 4898 2122 4956 difﬂuens

541 4981 946 5056 325jamque
974 5000 1232 5040 casurum
1261 4987 1617 5042 inslaurando
1636 4990 1927 5058 omnisque
1956 5007 2121 5061 gene~

543 5077 620 5131 ris
670 5074 862 5132 fulcris
921 5078 1340 5142 statuminando
1395 5078 1552 5134 tirma
1591 5081 1706 5135 hasi
1751 5092 1898 5148 stare
1970 5084 2116 5140 fecit.

543 5166 676 5223 Eliae
703 5185 834 5223 vero
888 5170 1165 5239 propheta!
1202 5171 1461 5239 templum
1499 5172 1549 5225 in
1611 5172 1812 5234 Pctrio,
1872 5183 2121 5230 extremo

544 5260 706 5331 quasi
745 5261 965 5332 spiritu,
998 5277 1062 5316 ac
1096 5262 1256 5331 cujus
1283 5263 1678 5332 propemodum
1728 5264 1886 5318 ruina
1930 5281 2122 5336 exspe-

544 5357 811 5418 ctaretur,
839 5353 1216 5410 corroboravit
1233 5367 1296 5407 ac
1319 5353 1605 5424 magniﬁce
1621 5355 1911 5421 exstruxit,
1932 5372 1958 5408 a
1975 5371 2124 5410 com-

2227 4610 2524 4684 μαρτύρων
2583 4609 2850 4680 Ἑσπέρου
2894 4625 2954 4660 τε
2999 4608 3096 4661 καὶ
3142 4607 3294 4675 Ζωῆς
3345 4606 3438 4660 τὸν
3480 4606 3624 4658 θεῖον
3656 4599 3817 4657 οἷκον

2226 4704 2598 4776 ἠὸαφισμένον
2623 4702 2809 4774 σχεδὸν
2838 4701 3174 4771 κατάλληλον
3194 4700 3289 4754 τοῦ
3311 4698 3503 4768 πρώην
3531 4697 3816 4766 ἐδείματο.

2229 4799 2372 4868 Πρὸς
2407 4797 2616 4859 τούτοις
2650 4796 2706 4848 δὲ
2736 4795 2833 4850 καὶ
2872 4794 2964 4849 τὸν
2991 4793 3085 4848 τοῦ
3142 4794 3418 4863 μάρτυρος
3466 4789 3724 4843 Ἀκακίου
3751 4791 3820 4841 ὲν

2226 4891 2303 4960 τῷ
2349 4889 2709 4958 Ἐπτασκάλῳ
2754 4888 2798 4919 ⁵⁸
2854 4887 3000 4940 θεῖον
3049 4885 3179 4940 ναὸν
3222 4884 3322 4955 ἤδη
3359 4882 3545 4952 σχεδδν
3601 4883 3814 4951 καταῤ-

2229 4982 2424 5052 ῥυέντα
2448 4982 2490 5012 “
2522 4983 2616 5032 καὶ
2653 4979 2789 5046 πρὸς
2833 4977 3040 5030 πτῶσιν
3091 4975 3550 5043 συνελαυνόμενον
3579 4975 3812 5026 ἀνακαιο

2227 5076 2380 5137 νίσας
2417 5075 2510 5128 καὶ
2557 5072 2833 5133 παντοίοις
2881 5068 3432 5138 κατασφαλισάμενος
3489 5067 3816 5136 ὀχυρώμασι

2228 5171 2322 5224 τοῦ
2361 5168 2653 5239 πτώματος
2709 5167 2926 5236 ἥρπασε
2975 5165 3066 5216 καὶ
3097 5162 3327 5234 ἐδραίως
3379 5163 3671 5232 ἐστηκέναι
3713 5178 3818 5214 πε-

2230 5261 2478 5330 ποίηκεν.
2512 5258 2616 5311 Τὸν
2646 5259 2701 5312 δὲ
2745 5257 2927 5310 Ἠλιοῦ
2970 5256 3066 5308 τοῦ
3109 5256 3390 5326 προφήτου
3425 5257 3569 5310 κατὰ
3611 5255 3668 5308 τὸ
3705 5255 3813 5307 Πε-

2229 5354 2380 5422 τρίον
2408 5351 2534 5404 ναὸν
2561 5349 2755 5420 ῶσπερ,
2784 5349 2867 5422 [Ρ.
2911 5346 3040 5419 200]
3069 5345 3502 5417 λειποψυχοῦντα
3527 5347 3810 5416 ἀνέρρωσε

1821 5539 2058 5595 νΑῐίΙΑΞ
2101 5541 2509 5597 LECTIONES.

613 5669 842 5745 "ﬁxptg
861 5669 1089 5745 ἐδάφους
1121 5667 1500 5745 καταπεσοντα
1529 5688 1638 5725 om.
1799 5676 1843 5707 δ’
1872 5675 1966 5728 τοῦ
1985 5690 2096 5729 om.
2119 5677 2226 5732 AP.
2304 5678 2349 5710 ⁵⁹
2379 5676 2679 5745 Στροϐλαίᾳ
2715 5676 2779 5728 Α.
2807 5744 2814 5745 7
2856 5674 2900 5745 ἕο
2928 5673 3022 5745 καὶ
3053 5671 3146 5745 τοῦ
3160 5670 3404 5745 -Μωκίου
3448 5667 3720 5745 μάρτυρος

628 5739 849 5814 tuante
877 5740 1254 5814 ltpb<__t)t_lt._P_.
1299 5812 1320 5814 ξ
1361 5743 1406 5814 '_’
1436 5744 1906 5814 χριστομάρτυρος
1962 5746 2025 5800 Δ.

551 5807 597 5838 ⁸⁸
626 5808 719 5862 καὶ
744 5820 852 5860 om.
877 5805 938 5858 ιγ
1017 5809 1060 5840 θ’
1091 5808 1347 5876 ἐμϐολαῖς
1380 5812 1436 5865 Ρ.

2156 5749 2200 5780 ⁸³
2231 5748 2351 5802 νέον
2384 5763 2496 5801 om.
2533 5745 2591 5798 Ρ.

1524 5814 1567 5842 ⁸⁸⁸
1598 5815 1866 5883 [Ιασκάὶῳ
1895 5816 1956 5869 Α.
2038 5819 2080 5866 ⁶εὲ
2110 5818 2494 5888 καταρρέοντα
2522 5819 2583 5869 Α.

2727 5747 2768 5776 οι
2798 5743 2973 5814 agiagi
3012 5741 3106 5795 τοῦ
3160 5741 3218 5794 Ρ.
3348 5744 3392 5774 ⁸⁸
3436 5738 3532 5806 τῆς
3577 5751 3688 5791 om.
3742 5738 3807 5791 ι’.
