4144 6448
506 332 615 398 343

1614 337 2129 401 THEOPHANES
2157 332 2727 397 CONTINUATUS.

3690 330 3790 396 3H

504 456 849 517 ornatusque
911 448 1160 513 interior,
1195 462 1463 519 quantum
1494 451 1648 506 brevi
1689 468 1948 508 sermone
1998 469 2085 509 res

2212 449 2342 513 ,th;
2384 448 2543 518 ἔχων,
2578 448 2703 500 ὅσον
2744 444 2926 517 μικρῴ
2974 445 3119 515 λόγῳ
3167 442 3414 513 δηλῶσαι
3458 442 3682 497 δυνατδν
3722 450 3787 500 τὰ

506 556 705 613 magna
732 540 1018 597 declarare
1046 542 1197 606 licet,
1226 553 1279 598 et
1317 559 1440 614 qua:
1473 546 1839 614 spectantium
1887 549 2090 605 animis

506 648 726 689 omnem
762 643 1045 703 stuporem
1101 632 1393 703 injiciant;
1434 635 1704 690 exteriora
1758 651 1886 691 vere
1940 652 2092 707 qum-

506 740 630 779 nam
672 722 945 795 rogo?Ad
982 740 1272 789 occasum,
1308 724 1474 795 inque
1504 724 1622 793 ipso
1653 725 1947 792 vestibulo,
1971 727 2094 782 duas

505 825 665 871 erant
691 816 1006 872 constituta:
1040 817 1256 887 phiake.
1291 817 1462 873 altera
1519 818 1588 872 ad
1616 828 1889 880 austrum,
1922 819 2090 874 altera

506 908 574 963 ad
606 909 946 979 aquilonem,
969 924 1189 966 omnem
1221 911 1358 965 artis
1396 910 1779 966 excellentiam
1826 913 2092 969 habentes

505 999 866 1072 materiaeque
887 1002 1232 1073 splendorem
1258 1019 1322 1058 ac
1338 1004 1584 1059 auctoris
1613 1020 1842 1074 operum
1878 1008 2090 1077 magni-

511 1094 808 1150 licentiam.
850 1093 982 1162 Quae
1040 1097 1107 1150 ad
1163 1108 1412 1152 austrum
1444 1137 1459 1163 ,
1491 1112 1557 1152 ex
1607 1096 1869 1169 Egyptio
1914 1099 2093 1169 lapide

510 1188 525 1253 (
561 1183 870 1242 Romanum
891 1187 1075 1243 dicere
1110 1191 1518 1262 consuevimus)
1549 1200 1759 1246 structa
1798 1199 1904 1248 est.
1935 1191 2092 1247 Circa

508 1293 629 1332 eam
688 1279 956 1336 dracones
994 1282 1261 1336 statuaria
1302 1293 1421 1337 arte
1467 1283 1880 1355 elegantissime
1929 1284 2095 1339 ell‘or-

456 1373 461 1376 ⁴
511 1383 687 1429 inatos
720 1374 927 1429 rideas.
958 1373 1017 1428 ln
1071 1376 1253 1431 medio
1302 1377 1577 1433 turbinata
1613 1376 1790 1433 forma
1846 1379 2094 1450 perfora-

510 1476 710 1536 tusque
768 1466 1034 1523 rhombus
1084 1468 1380 1539 assurgit:
1439 1471 1808 1541 circumjccta:
1860 1472 2095 1527 candido

511 1572 787 1613 marmore
837 1558 1179 1627 columellae,
1232 1561 1365 1631 ipsa:
1404 1563 1557 1618 chori
1593 1564 1830 1634 quadam
1910 1566 2095 1636 specie

509 1652 850 1721 composita,
882 1653 1263 1712 circumducta
1294 1657 1571 1724 capitibus
1598 1673 1807 1713 corona
1848 1675 1913 1715 ac
1969 1675 2097 1731 pro-

510 1753 724 1800 tectura
764 1760 869 1811 ;ex
913 1747 1114 1815 quibus
1175 1748 1436 1803 omnibus
1484 1751 1743 1805 torrentis
1804 1752 1977 1805 instar
2026 1752 2091 1806 ad

2201 540 2439 610 μεγάλα,
2474 538 2569 591 καὶ
2618 540 2802 592 πᾶσαν
2844 536 3127 592 ὲντιθέντα
3168 538 3293 599 ταῖς
3339 534 3453 588 τῶν
3500 536 3786 607 θεωμένων

2196 634 2463 697 διανοίαις
2502 632 2764 704 ἔκπληξιν
2793 632 2838 664 ⁷⁸
2864 648 2878 662 ο
2911 630 2983 684 τὰ
3014 631 3071 685 δὲ
3104 632 3256 691 ἐκτὸς
3295 625 3415 683 οἷαί
3454 630 3598 701 Πρὸς
3630 631 3788 684 ἑσπέ-

2200 747 2301 799 ραν
2339 728 2438 799 μὲν
2469 729 2564 780 καὶ
2591 728 2712 781 κατ’
2741 726 2882 780 αὐτὰ
2909 725 3007 780 τοῦ
3038 724 3167 778 ναοῦ
3198 723 3269 776 τά
3298 722 3577 793 προαύλια
3604 725 3788 793 φιάλαι

2196 823 2290 877 δύο
2319 822 2636 891 ἑστήκασιν,
2654 823 2687 891 ὴ
2716 818 2815 889 μὲν
2833 818 2969 888 πρὸς
2991 818 3142 870 νότον
3160 818 3226 881 ⁷⁸,
3254 818 3288 887 ἡ
3316 816 3372 869 δὲ
3397 815 3539 887 πρὸς
3567 816 3788 887 βορρᾶν,

2200 920 2381 971 πᾶσαν
2434 917 2655 987 ἔχουσαι
2706 915 2802 966 καὶ
2848 914 3047 981 τέχνης
3098 912 3139 945 ⁷⁷
3184 910 3495 979 ὑπερϐολὴν
3527 912 3624 963 καὶ
3663 910 3791 980 ὕλης

2200 1011 2560 1080 λαμπρότητα
2606 1007 2697 1061 καὶ
2745 1004 3059 1075 φιλοτιμίαν
3104 1003 3200 1057 τοῦ
3239 1004 3287 1036 ⁷⁸
3318 1003 3429 1057 τῶν
3483 1001 3662 1077 ἔργων
3703 1002 3793 1073 δη-

2203 1101 2490 1173 μιουργοῦ.
2525 1094 2626 1154 Ὧν
2657 1101 2690 1170 ἡ
2726 1098 2823 1168 μὲν
2852 1098 2989 1169 πρὸς
3020 1098 3172 1151 νότον
3199 1097 3259 1163 ἐξ
3286 1096 3591 1164 Αἰγυπτίου
3623 1093 3794 1160 λίθου,

2198 1196 2258 1250 δν
2287 1197 2449 1266 ἡμεῖς
2482 1193 2754 1262 Ῥωμαῖον
2788 1190 2968 1259 λέγειν
3001 1189 3301 1261 εἰώθαμεν,
3323 1190 3444 1260 ἔχει
3472 1188 3573 1260 τὴν
3602 1187 3799 1241 σύστα-

2203 1305 2312 1343 σιν.
2336 1286 2472 1357 Περὶ
2504 1285 2571 1357 ἢν
2615 1284 2710 1337 καὶ
2749 1283 3055 1354 δράκοντας
3088 1282 3237 1334 ἔστιν
3274 1281 3429 1343 ίδεϊν,
3461 1278 3555 1342 οὓς
3590 1281 3625 1349 ἡ
3654 1279 3795 1332 λιθο-

2204 1382 2322 1448 ξόος
2352 1380 2514 1449 τέχνη
2548 1379 2747 1450 ἄριστα
2778 1377 3174 1447 διεμόρφωσεν.
3204 1368 3312 1437 Ἧς
3355 1372 3528 1442 μέσον
3568 1371 3667 1441 μὲν
3697 1389 3798 1423 κωο

2203 1477 2410 1547 νοειδὴς
2442 1476 2538 1530 καὶ
2585 1475 2875 1545 διάτρητος
2908 1473 3178 1542 ἀνέστηκε
3215 1468 3524 1542 στρόϐιλος,
3558 1466 3717 1538 πέριξ
3743 1466 3799 1521 δὲ

2202 1572 2470 1625 κιονίσκοι
2499 1566 2687 1621 λευκοὶ
2732 1568 2828 1620 καὶ
2856 1565 2917 1619 τὸ
2947 1565 3095 1618 ἔνδον
3125 1563 3385 1617 ὑπόκενοι
3421 1561 3586 1632 χοροῦ
3616 1560 3799 1629 σχῆμα

2204 1663 2473 1727 σώζοντες
2532 1659 2877 1729 ὑφεστήκασι
2907 1699 2920 1721 ,
2981 1654 3257 1723 στεφάνην
3310 1651 3528 1707 ἄνωθεν
3589 1650 3799 1719 ἔχοντες

2205 1754 2589 1824 περιθέουσαν,
2634 1749 2728 1816 ἀφ’
2770 1743 2848 1803 ὧν
2905 1747 3163 1802 ἁπάντων
3218 1741 3525 1813 κρουνηδὸν
3566 1741 3627 1793 τὸ
3664 1737 3802 1807 ὕδωρ

508 1835 707 1905 phialae
740 1834 905 1905 pedes
930 1810 1226 1907 basimque
1275 1853 1432 1909 aqua:
1463 1840 1775 1896 deﬂuebant
1808 1859 1872 1897 ac
1915 1844 2096 1913 subje-

2212 1810 2348 1904 κατὰ
2375 1846 2436 1900 τὸ
2465 1810 2703 1917 ἐμϐαδὸν
2729 1844 2824 1896 καὶ
2846 1841 2937 1894 τὸν
2961 1839 3216 1909 πυθμένα
3244 1810 3343 1907 τῆς
3366 1810 3574 1903 φιάλης
3602 1832 3804 1887 ἄνωθεν

508 1939 596 1984 cta
615 1944 846 1999 qumque
869 1932 1093 2001 copioso
1115 1933 1293 1988 imbre
1323 1934 1729 2005 compluebant.
1755 1936 1887 2002 Quae
1916 1948 2099 1992 autem

2212 1943 2357 2015 Ερῤει
2409 1941 2505 1995 καὶ
2542 1937 2862 2008 κατώμϐρει
2914 1935 2985 1988 τά
3018 1931 3375 2001 ὑποκείμενα.
3441 1929 3504 1981 Ἡ
3563 1926 3621 1979 δὲ
3671 1924 3804 1996 πρὸς

510 2022 578 2075 ad
613 2023 924 2091 aquilonem
944 2040 1006 2078 ex
1032 2024 1261 2096 Sagario
1287 2027 1369 2082 sic
1413 2040 1733 2099 nuncupato
1772 2030 2101 2085 concinnata

2212 2037 2412 2110 βορρᾶν
2433 2038 2497 2088 ὲκ
2522 2032 2616 2086 τοῦ
2648 2030 2920 2099 Σαγαρίου
2942 2027 3239 2096 λεγομένου
3266 2022 3447 2086 λίθου,
3473 2020 3531 2082 ὃς
3552 2019 3631 2088 τῷ
3660 2016 3806 2084 παρά

510 2113 709 2183 lapide.
740 2115 882 2170 haud
909 2116 1146 2172 absimili
1170 2116 1383 2185 Ostriti,
1407 2129 1466 2175 ut
1487 2120 1713 2189 quidam
1730 2130 1951 2186 vocant,
1967 2137 2103 2175 can-

2212 2151 2366 2188 τινων
2396 2130 2649 2201 Ὁστρίτῃ
2673 2125 2998 2195 καλουμένῳ
3017 2122 3150 2192 λίθῳ
3167 2119 3519 2197 καθέστηκεν
3539 2113 3802 2185 ἐμφερὴς,

509 2206 639 2260 dido
656 2214 711 2262 et
730 2206 846 2276 ipsa
866 2219 1145 2264 exstructa
1166 2211 1361 2280 lapide,
1384 2229 1449 2267 ex
1471 2212 1620 2268 basis
1653 2214 1833 2268 medio
1859 2213 2103 2269 multifo-

2212 2226 2429 2291 ἐδέξατο
2453 2222 2551 2293 τὴν
2579 2220 2949 2287 κατασκευὴν,
2968 2220 3033 2271 ὲκ
3057 2212 3253 2267 λευκοῦ
3280 2212 3436 2265 λίθου
3468 2207 3807 2276 πολύτρητον

512 2315 634 2355 rum
705 2302 999 2356 rhombum
1037 2304 1369 2359 eminentem
1406 2308 1703 2376 protendit.
1745 2308 2010 2377 Superius
2047 2309 2098 2361 in

2212 2317 2496 2390 στρόϐιλον
2536 2316 2631 2371 καὶ
2682 2313 2822 2382 αὐτὴ
2878 2310 3020 2365 κατὰ
3064 2309 3126 2361 τδ
3181 2306 3344 2375 μέσον
3386 2304 3489 2358 τοῦ
3533 2299 3805 2371 πυθμένος

513 2407 716 2447 corona
733 2409 798 2449 ac
810 2406 1123 2465 protectura
1147 2398 1387 2467 phialam
1423 2401 1701 2457 ambiente
1726 2412 1843 2457 arte
1866 2403 1972 2458 fusi
1990 2402 2103 2457 elli-

513 2487 701 2557 ctique
731 2486 802 2540 ab
827 2488 1039 2543 artiﬁce
1069 2490 1196 2559 galli
1232 2492 1524 2562 gallinacei
1577 2494 1827 2564 haedique
1869 2504 1923 2549 et
1960 2498 2102 2551 aric-

516 2588 620 2643 tes,
662 2578 766 2649 ipsi
790 2595 1012 2651 quoque
1038 2582 1240 2638 fistulis
1282 2585 1613 2653 quibusdam
1651 2603 1920 2655 aquarum
1975 2604 2100 2644 sca-

517 2672 701 2727 tebras
732 2682 1045 2730 eructantes
1074 2686 1129 2731 et
1158 2676 1212 2731 in
1244 2678 1550 2748 subjectum
1576 2680 1774 2750 phialae
1818 2684 2102 2751 pavimen-

519 2776 637 2819 tum
663 2766 821 2835 quasi
878 2778 1219 2824 evomentes.
1259 2771 1363 2826 Ubi
1391 2781 1445 2827 et
1483 2773 1678 2842 pocula
1753 2775 2102 2843 conspiciun-

518 2867 630 2922 tur,
658 2859 805 2914 circa
834 2875 956 2929 qua:
985 2861 1154 2932 328
1178 2872 1307 2919 tunc
1338 2866 1792 2935 praetereuntibus
1849 2868 2101 2938 potandis

517 2968 585 3009 ac
631 2955 967 3025 accipiendis
1018 2957 1206 3014 vinum
1234 2959 1302 3015 ab
1330 2960 1441 3016 imo
1461 2962 1815 3019 scaturiebat.

2210 2412 2629 2485 προϐαλλομένη
2666 2409 2945 2478 ἐξέχοντα.
2977 2403 3257 2475 ’Ὑπερθεν
3298 2401 3354 2454 δὲ
3399 2398 3550 2455 κατὰ
3582 2396 3681 2468 τὴν
3711 2411 3805 2447 πε-

2214 2506 2569 2577 ριτρέχουσαν
2595 2500 2871 2569 στεφάνην
2890 2500 2959 2569 τῇ
2975 2496 3145 2568 φιάλῃ
3168 2496 3231 2547 ὲκ
3250 2492 3461 2563 χαλκοῦ
3484 2491 3562 2561 τῷ
3589 2486 3804 2577 τεχνίτῃ

2208 2575 2618 2667 διετυπὼθησαν
2652 2591 3009 2664 ἀλεκτρυόνες
3052 2587 3245 2659 τράγοι
3286 2602 3346 2638 τε
3381 2583 3483 2638 καὶ
3529 2579 3694 2650 κριοὶ,
3720 2575 3804 2629 διά

2206 2706 2371 2742 τινων
2403 2687 2682 2758 συρίγγων
2709 2683 2803 2737 καὶ
2837 2681 2992 2736 αὐτοὶ
3040 2678 3301 2750 κρουνοὺς
3341 2675 3553 2730 ὑδάτων
3582 2670 3801 2740 ὲξερευυ

2204 2784 2427 2853 γόμενοι
2474 2781 2569 2834 καὶ
2620 2776 2732 2831 οἷον
2780 2775 3105 2846 ἐξεμοῦντες
3162 2769 3303 2824 κατὰ
3348 2769 3409 2821 τὸ
3448 2769 3548 2836 τῆς
3601 2761 3797 2833 φιάλης

2203 2873 2566 2941 ὑποκείμενον
2618 2869 2834 2938 ἔδαφος.
2885 2866 3054 2919 Ἔνθα
3111 2863 3206 2914 καὶ
3262 2859 3483 2919 κύλικες
3553 2854 3803 2925 ὸρῶνταιυ

2207 2967 2338 3036 περὶ
2363 2964 2430 3029 ἃς
2458 2964 2581 3016 τότε
2613 2957 2760 3023 οἶνος
2798 2954 3063 3021 ἁνέϐλυζε
3095 2950 3365 3017 κάτωθεν,
3395 2951 3526 3012 τοὺς
3572 2944 3796 3015 παριόν-

2210 3077 2309 3121 τας
2344 3057 2583 3120 ποτίζων
2620 3052 2713 3107 καὶ
2744 3051 3112 3119 δεξιούμενος.

593 3127 685 3184 86.
740 3129 976 3187 Exeunti
1026 3150 1122 3205 per
1186 3139 1369 3208 templi
1420 3151 1633 3210 portam
1703 3160 1827 3213 qum
1892 3157 2101 3216 spectat

2283 3149 2402 3214 σις’.
2457 3146 2684 3212 Ἐξιόντι
2719 3144 2775 3197 δέ
2820 3160 2903 3195 σοι
2940 3140 3040 3212 τὴν
3091 3139 3300 3211 βόρειον
3329 3136 3506 3204 πύλην
3532 3130 3631 3228 τοῦ
3664 3124 3807 3228 if

520 3219 590 3276 ad
610 3222 948 3293 aquilonem,
964 3229 1196 3302 oblonga
1218 3235 1463 3301 porticus
1484 3236 1717 3306 cylindri
1734 3236 1905 3292 ferme
1922 3238 2105 3307 specie

517 3316 784 3382 occurrit,
848 3318 1010 3389 pictis
1045 3323 1377 3393 imaginibus
1408 3327 1688 3395 decorata,
1740 3346 1934 3400 nempe
1957 3348 2107 3386 mar-

517 3420 697 3482 tyrum
721 3416 1021 3469 certamina
1049 3414 1340 3488 luetasque
1362 3423 1756 3491 complectens,
1792 3424 1970 3493 iisque
1993 3434 2106 3479 tum

521 3503 715 3560 oculos
731 3504 876 3561 laute
891 3509 1191 3579 accipiens,
1210 3521 1328 3567 tum
1348 3528 1480 3567 vero
1500 3516 1743 3568 animum
1770 3516 1836 3570 ad
1856 3517 2105 3572 divinum

523 3595 855 3668 beatumque
890 3615 1162 3663 amorem,
1187 3617 1253 3656 ex
1294 3604 1573 3672 praeclaris
1605 3614 1910 3675 martyrum
1940 3609 2107 3678 gestis

519 3690 645 3760 ejus
699 3694 992 3750 ardoribus
1035 3696 1277 3750 excitum
1308 3712 1679 3768 sensumque,
1728 3702 1910 3771 quoad
1958 3702 2106 3771 licet,

525 3800 790 3855 superare
825 3787 1159 3854 studentem,
1192 3790 1480 3860 magnifice
1505 3793 1741 3859 erigens.
1780 3796 1861 3850 Ad
1895 3808 2111 3853 austra-

521 3880 600 3933 les
633 3893 765 3932 vero
800 3888 987 3949 atque
1041 3894 1192 3933 mare
1240 3891 1549 3949 Spectantes
1600 3884 1767 3951 fores,
1810 3887 1878 3941 ad
1933 3888 2111 3943 orien-

517 3983 627 4028 tem
650 3972 996 4042 profecturus
1017 3975 1325 4043 egrediens,
1354 3977 1549 4047 duplex
1581 3979 1724 4034 aliud
1766 3982 2106 4036 curriculum

520 4058 789 4125 oﬂendes,
830 4062 981 4133 paris
1021 4062 1381 4131 longitudinis
1410 4082 1478 4122 ac
1515 4071 1680 4139 spatii
1710 4086 1836 4125 cum
1869 4088 1932 4127 ea
1987 4089 2110 4143 qnze

524 4152 591 4207 ad
634 4154 948 4224 aquilonem
1000 4165 1213 4226 spectat
1243 4160 1484 4229 porticu,
1509 4161 1577 4214 ad
1619 4163 1895 4232 regiarum
1935 4180 2110 4233 usque

517 4246 717 4301 aedium
753 4256 1072 4315 protensum
1119 4250 1360 4317 atrium;
1416 4253 1470 4306 in
1505 4268 1616 4322 quo
1653 4256 2016 4323 imperatores
2045 4272 2111 4313 ac

520 4340 713 4412 reliqui
736 4343 874 4398 aulae
889 4358 1146 4412 proceres
1170 4359 1313 4411 equo
1331 4345 1634 4399 assidentes
1653 4347 1759 4415 pila
1780 4348 1967 4403 ludere
1982 4365 2113 4407 con-

522 4445 843 4489 suevernnt.
887 4436 1104 4489 Atrium
1168 4437 1406 4506 inclytus
1474 4437 1797 4505 imperator,
1838 4443 2111 4511 coemptis

2223 3240 2432 3312 μακρός
2475 3256 2559 3300 τις
2600 3237 2881 3307 ἐκδέχεται
2928 3233 3232 3303 περίπατος
3276 3216 3704 3325 κυλινδροειδὴςᾌ
3752 3216 3809 3325 ξξ

2218 3332 2422 3387 ὲνύλων
2455 3330 2686 3407 γραφῶν
2745 3326 3220 3397 κατηγλαῖσμένος
3271 3325 3369 3393 τὴν
3422 3314 3651 3407 ὀροφὴν,
3689 3314 3811 3371 τοὺς

2223 3420 2592 3493 μαρτυρικοὺς
2633 3419 2905 3491 περιέχων
2947 3417 3146 3478 ἄθλους
3185 3416 3280 3468 καὶ
3316 3412 3383 3465 τὰ
3427 3406 3811 3473 παλαίσματα.

2222 3515 2306 3588 [Ρ.
2333 3513 2463 3585 202]
2495 3512 2691 3565 ἑστιῶν
2730 3513 2846 3581 ἅμα
2874 3511 3001 3573 τοὺς
3031 3508 3345 3579 ὀφθαλμοὺς
3378 3503 3477 3557 καὶ
3510 3499 3611 3568 τὴν
3635 3495 3816 3566 ψυχὴν

2216 3587 2500 3678 διεγείρων
2527 3605 2663 3676 πρὸς
2691 3604 2782 3656 τὸν
2814 3604 2957 3657 θεῖον
2996 3602 3089 3655 καὶ
3138 3600 3407 3669 μακάριον
3456 3593 3662 3661 ἔρωτα,
3694 3587 3818 3649 ταῖς

2218 3702 2327 3754 τῶν
2355 3698 2653 3771 μαρτύρων
2685 3696 2988 3765 ἀριστείαις
3022 3696 3101 3755 εἰς
3132 3690 3321 3744 τοῦτον
3350 3683 3696 3753 ὲναγομένην
3722 3678 3817 3731 καὶ

2219 3792 2572 3865 ὑπερϐαίνειν
2613 3790 2753 3843 κατὰ
2782 3789 2841 3841 τὸ
2867 3786 3088 3857 ἐφικτὸν
3111 3782 3465 3855 πειρωμένην
3489 3776 3586 3847 τὴν
3618 3771 3816 3841 αἴσθη-

2220 3900 2327 3939 σιν.
2359 3883 2521 3937 Κατὰ
2548 3882 2734 3942 δὲτὰς
2780 3879 2918 3949 πρὸς
2950 3878 3101 3931 νότον
3148 3893 3206 3929 τε
3248 3876 3341 3928 καὶ
3386 3872 3488 3943 τὴν
3538 3866 3817 3922 θάλασσαν

2218 3979 2431 4042 πύλας,
2470 3978 2519 4030 εί
2565 3974 2799 4043 ἐξελθὼν
2845 3973 2981 4043 πρὸς
3027 3970 3294 4032 ἀνατολὰς
3342 3961 3678 4037 ποιήσασθαι
3717 3957 3815 4027 τὴν

2221 4072 2448 4142 πορείαν
2481 4069 2786 4141 Θελήσειας,
2818 4065 2976 4121 ἄλλον
3002 4064 3259 4134 εὑρήσεις
3296 4049 3814 4153 ίσομήκηᾼτοῦμπρδς

2221 4168 2423 4239 βορρᾶν
2457 4164 2551 4218 καὶ⁸
2584 4164 2867 4233 ίσόδρομον
2911 4159 3144 4221 δίαυλον,
3193 4156 3321 4225 ἄχρι
3376 4152 3477 4220 τῆς
3526 4145 3812 4219 βασιλικῆς

2221 4259 2392 4327 αὐλῆς
2427 4257 2523 4311 καὶ
2562 4257 2726 4310 αὑτὸν
2759 4251 3177 4324 παρατείνοντα,
3225 4246 3348 4300 καθ’
3377 4246 3445 4315 ἢν
3477 4241 3601 4315 μεθ’
3630 4241 3812 4294 ἵππων

2222 4349 2532 4421 σφαιρίζειν
2579 4344 2859 4418 βασιλεῦσί
2889 4360 2949 4396 τε
3000 4342 3095 4396 καὶ
3149 4341 3261 4403 τοῖς
3316 4338 3425 4391 τῶν
3478 4332 3810 4402 εὐδαιμόνων

2222 4444 2378 4496 παισὶ
2409 4442 2715 4512 καθέστηκε
2742 4439 2973 4509 σύνηθες
3002 4454 3012 4467 ·
3040 4438 3105 4508 ἢν
3134 4435 3226 4489 καὶ
3257 4434 3428 4506 αὐτὴν
3455 4433 3482 4485 ὁ
3511 4429 3673 4492 αὐτὸς
3706 4422 3809 4479 ἀοίο

520 4526 734 4582 aedibus
763 4543 886 4597 quae
925 4527 997 4581 ibi
1052 4535 1214 4581 antea
1259 4538 1416 4583 erant
1473 4530 1704 4600 soloque
1757 4533 1989 4601 aqualis
2044 4549 2103 4590 ac

2221 4537 2379 4607 διμος
2420 4535 2694 4607 βασιλεὺς,
2744 4533 2843 4597 τὰς
2893 4532 3160 4603 πρότερον
3207 4530 3386 4581 ἐκεῖσε
3434 4518 3807 4596 τυγχανούσας

520 4622 804 4676 crementis
829 4620 1042 4690 ejectis,
1098 4622 1408 4690 perpolivit,
1466 4633 1519 4678 et
1569 4626 1621 4677 in
1676 4623 1925 4694 ejusdem
1987 4626 2115 4681 atrii

524 4721 704 4781 parte,
745 4728 870 4784 quae
894 4716 961 4769 ad
1004 4730 1155 4771 mare
1188 4724 1418 4784 spectat,
1456 4718 1825 4789 perpulchras
1856 4720 1999 4775 azdes
2017 4736 2118 4776 ex-

521 4807 746 4871 struxit,
773 4824 913 4878 quas
937 4808 1067 4863 dicti
1113 4808 1226 4875 jam
1257 4809 1445 4879 templi
1497 4812 1646 4865 velut
1675 4813 2114 4882 promptuarium

482 4901 828 4970 tcellatnque
859 4902 1180 4970 peuuariam
1206 4917 1328 4957 csse
1374 4903 1680 4958 constituit.
1726 4903 1949 4960 Edium
2008 4922 2111 4961 au-

525 5007 633 5049 tem
662 4993 940 5065 coemptio
970 4994 1205 5065 atriique
1226 4997 1530 5051 exstructio
1562 4997 1851 5052 commode
1873 5007 2111 5068 aptoquc

534 5081 772 5137 consilio
803 5082 1034 5147 exstitit,
1073 5084 1219 5154 quod
1242 5085 1315 5139 illi
1334 5086 1599 5140 exercitio
1622 5087 1929 5143 destinatus
1952 5100 2110 5144 antea

524 5176 954 5247 imperatoribus
984 5177 1136 5233 locus
1163 5178 1333 5233 divini
1366 5179 1553 5248 templi
1602 5181 1948 5235 asdificationi
1991 5199 2112 5239 ccs-e

532 5269 717 5325 sisset.
776 5268 1023 5340 Spatium
1080 5272 1224 5325 inter
1272 5272 1407 5325 duas
1454 5273 1701 5341 porticus
1752 5276 2109 5333 interclusum

528 5358 596 5414 ad
647 5362 967 5417 orientalem
1026 5363 1214 5436 templi
1248 5364 1444 5418 faciem
1496 5366 1717 5427 hortum
1752 5383 1876 5425 esse
1918 5369 2112 5435 voluit,

527 5453 582 5507 iu
614 5453 825 5508 oriente
859 5468 913 5509 et
934 5456 1112 5526 ipsum
1154 5457 1459 5525 plantatum
1509 5475 1665 5515 nova:
1717 5458 1907 5527 Edent,
1950 5463 2116 5534 329

528 5547 709 5603 omnis
761 5549 981 5617 generis
1001 5550 1206 5620 plantis
1248 5551 1652 5622 arboribusque
1707 5554 2115 5610 eluxuriantem

2219 4630 2400 4692 οίκίας
2442 4626 2858 4698 ἐξωνησάμενος
2895 4625 2990 4678 καὶ
3024 4623 3185 4694 ἄχρις
3216 4621 3449 4689 ἐδάφους
3486 4608 3808 4672 καταϐαλὼν

2217 4723 2314 4778 καὶ
2344 4739 2412 4775 πε
2422 4720 2725 4793 ρικαθάρας
2749 4720 2841 4773 τὸν
2862 4719 3050 4777 τόπον,
3080 4715 3393 4787 εἰργάσατο,
3429 4710 3572 4765 κατὰ
3594 4709 3654 4761 τὸ
3677 4701 3811 4775 πρὸς

2219 4813 2501 4867 θάλασσαν
2525 4815 2691 4883 μέρος
2711 4812 2810 4883 τῆς
2830 4810 3092 4879 τοιαύτης
3115 4807 3284 4876 αὐλῆς
3312 4805 3404 4857 καὶ
3429 4802 3530 4865 τὰς
3553 4817 3617 4854 πε
3629 4795 3795 4870 ρικαλ-
3872 4826 3875 4831 -

2219 4907 2333 4970 λεῖς
2369 4905 2547 4968 οἰκίας
2579 4904 2932 4975 δειμάμενος,
2972 4902 3037 4966 ἃς
3065 4900 3228 4953 οἱονεὶ
3266 4899 3517 4967 ταμιεῖον
3544 4894 3638 4948 καὶ
3666 4893 3808 4944 οἰκο-

2223 5001 2438 5069 νομεῖον
2467 4999 2563 5051 τοῦ
2589 4997 2882 5066 εἰρημένου
2912 4992 3205 5064 τυγχάνειν
3235 4988 3365 5043 ναοῦ
3395 4988 3709 5058 διωρίσατο.
3746 4976 3806 5082 :ﬂ

2222 5093 2279 5146 δὲ
2309 5092 2417 5145 τῶν
2442 5090 2761 5160 οἰκημάτων
2780 5086 3043 5157 ὲξώνησις
3066 5085 3157 5138 καὶ
3180 5080 3497 5151 κατασκευὴ
3520 5079 3619 5149 τῆς
3643 5073 3807 5141 αὺλης

2219 5186 2308 5239 διὰ
2334 5183 2395 5237 τὸ
2423 5183 2523 5255 τὴν
2564 5184 2829 5254 πρότερον
2862 5182 2941 5242 εἰς
2975 5176 3037 5231 τὸ
3065 5176 3303 5230 τοιοῦτον
3336 5174 3637 5244 γυμνάσιον
3665 5170 3805 5223 ἀνει-

2226 5278 2395 5350 μένην
2433 5277 2545 5337 tot;
2588 5272 2901 5345 βασιλεῦσιν
2947 5273 3005 5323 ὲν
3039 5271 3105 5339 τῇ
3152 5266 3247 5322 τοῦ
3293 5267 3440 5320 Θείου
3501 5263 3631 5318 ναοῦ
3672 5274 3797 5326 παρ-

2221 5369 2547 5438 οπλισθῆναι
2599 5367 2855 5435 οἰκοδομῇ
2908 5362 3140 5425 δεόντως
3186 5362 3423 5430 ἐγένετο.
3452 5361 3529 5414 Τὸ
3564 5359 3802 5456 δὲῃπεριῖ

2223 5462 2540 5532 κλειόμενον
2564 5458 2730 5529 μέσον
2753 5456 2862 5510 τῶν
2887 5455 2980 5509 δύο
3004 5454 3353 5525 περιδρόμων
3380 5453 3582 5524 χωρίον
3604 5451 3647 5482 "
3671 5451 3802 5499 κατὰ

2225 5557 2284 5615 τὸ
2328 5555 2463 5628 ἑῷον
2504 5552 2601 5607 τοῦ
2646 5552 2777 5605 ναοῦ
2836 5549 3003 5621 μέρος
3049 5548 3380 5619 παράδεισον
3431 5542 3799 5617 ἐξειργάσατο,

1796 5728 2032 5785 νΑΒΙᾹΞ
2068 5728 2475 5787 LECTIONES.

601 5815 645 5844 ”
674 5816 1020 5889 κατάπληξιν
1044 5821 1108 5875 Δ.
1138 5892 1141 5893 ν
1186 5823 1232 5853 ’⁸
1265 5826 1395 5877 νότα
1428 5823 1491 5879 Ρ.

1571 5828 1612 5858 ⁷⁷
1647 5843 1741 5877 κα.
1770 5825 1869 5894 τῆς
1900 5823 2097 5894 τέχνης
2138 5826 2196 5879 P.
2278 5825 2320 5854 7"
2368 5822 2461 5876 τοῦ
2496 5839 2607 5878 om.
2637 5823 2701 5878 Α.
2784 5822 2828 5852 ⁷⁹
2854 5819 3047 5891 χώρων
3074 5821 3137 5874 Ρ.
