4144 6416
480 329 589 415 347

1575 343 2085 406 THEOPHANES
2118 343 2680 411 CONTINUATUS.

3651 318 3759 419 ais

487 443 676 503 multis
719 446 968 517 partibus
1000 447 1422 521 3310ei-viri
1461 453 1675 511 Domini
1715 457 1917 529 elﬁgies
1944 468 2064 514 arte

2169 462 2401 532 χυμένον
2426 462 2694 517 πάντοθεν
2710 461 2936 534 ἔχουοα’
2971 458 3089 539 ὲνῇ
3118 464 3257 520 κατὰ
3289 464 3461 519 πολλὰ
3493 467 3634 539 μέρη
3659 468 3754 521 καὶ

488 537 738 606 chymica
796 538 971 596 euicta
1021 552 1124 601 est.
1182 545 1419 616 Adytum
1470 562 1598 605 vero
1640 551 1818 619 ipsum
1858 560 2063 621 quanta

486 628 682 683 decora
714 640 1014 703 sanctaque
1044 636 1319 691 contineat
1348 654 1413 692 ae
1443 639 1496 693 in
1534 655 1592 696 se
1617 642 1736 712 ipso
1771 644 1919 698 velut
1949 647 2066 700 the-

488 734 684 775 sauros
721 724 1007 789 recondat,
1054 741 1238 782 sermo
1278 729 1479 801 refugit
1510 732 1711 795 dicere,
1746 737 2065 806 mavultque

488 819 548 879 ut
591 811 810 883 adytum
843 815 1208 885 (inaccessum
1256 822 1463 878 scilicet
1507 832 1564 879 et
1598 827 1828 881 orationi
1863 827 2066 899 imper-

486 904 658 969 vium)
707 905 910 962 sinere.
965 909 1025 967 In
1079 912 1165 969 his
1207 913 1354 968 enim
1386 931 1507 983 quae
1536 916 1644 972 vim
1693 934 1912 974 omnem
1944 936 2064 977 ser-

487 993 670 1047 monis
704 1007 990 1066 superant,
1029 1001 1444 1057 conrenientior
1488 1003 1690 1060 silentii
1723 1006 1912 1077 religio
1955 1016 2061 1064 est.

487 1083 557 1143 Et
592 1087 709 1145 haec
737 1091 955 1161 quidem
982 1094 1293 1162 orientalia,
1320 1107 1379 1152 ut
1410 1098 1490 1152 sic
1524 1100 1725 1169 dicam,
1760 1103 1926 1173 regis
1962 1104 2063 1162 de-

488 1192 639 1247 cora,
668 1180 854 1254 inclyti
884 1183 1228 1253 imperatoris
1254 1187 1433 1245 Basilii
1464 1190 1585 1247 ﬁdei
1609 1194 1881 1254 vermina.

561 1356 651 1411 88.
708 1358 766 1412 In
798 1360 920 1416 aliis
960 1362 1209 1429 partibus
1237 1365 1341 1421 alia
1373 1377 1609 1424 exstant.
1638 1368 1784 1428 Inter
1820 1389 1883 1429 ea
1918 1376 2061 1432 sacri

488 1449 758 1515 prarconis
801 1450 953 1506 Pauli
985 1457 1297 1512 venerabile
1323 1462 1626 1517 oratorium
1657 1474 1763 1529 est,
1807 1469 2060 1524 eumdem

489 1548 765 1596 auctorem
799 1558 1126 1615 agnoscens,
1164 1547 1341 1618 ipsum
1375 1566 1598 1622 quoque
1625 1555 1772 1610 illius
1806 1556 2059 1627 largissi-

492 1648 578 1686 ma
626 1634 950 1691 liberalitate
995 1640 1314 1695 excitatum.
1367 1641 1517 1698 Illius
1570 1646 1716 1700 enim
1750 1648 2063 1715 pavimenta

494 1733 664 1781 strata
710 1741 984 1782 marmore
1012 1744 1315 1801 eorumque
1344 1733 1757 1804 orbes-argento
1794 1737 2064 1807 colligun-

2172 553 2517 626 ήθεανδρικὴ
2556 555 2649 609 τοῦ
2683 557 2891 626 Κυρίου
2919 556 3101 628 μορφὴ
3137 556 3275 629 μετὰ
3300 559 3619 629 χυμεύσεως
3655 562 3754 614 ἐκ-

2171 646 2498 700 τετύπωται.
2548 648 2688 701 Αὐτὸ
2724 649 2863 702 δὲτὸ
2897 648 3089 703 ἄδυτον
3144 651 3247 704 ὅσα
3286 651 3460 721 κάλλη
3493 654 3587 706 καὶ
3618 654 3752 721 ἅγια

2173 736 2491 807 περιείληφε
2522 738 2614 789 καὶ
2666 738 2724 790 ἐν
2759 737 2936 808 ἐαυτῷ
2969 738 3468 810 θησαυροφυλακεῐ,
3516 742 3543 793 ὁ
3594 741 3753 809 λόγος

2172 832 2515 898 παραιτεῖται
2536 829 2750 899 δηλοῦν,
2782 832 2879 902 ὲᾷν
2898 832 2953 885 δὲ
2978 831 3180 901 μᾶλλον
3206 832 3281 896 ὡς
3307 832 3502 886 ἄδυτον
3523 834 3621 886 καὶ
3637 838 3755 897 τοῖς

2170 921 2350 991 λόγοις
2381 923 2583 977 ἄϐατον
2616 922 2863 993 βούλεται
2882 939 2898 954 ’
2936 923 2994 974 ἐν
3020 923 3129 992 γὰρ
3158 925 3271 985 τοῖς
3299 924 3557 976 ἐπέκεινα
3585 923 3753 991 λόγου

2171 1014 2512 1086 εὐλογωτὲρα
2540 1018 2574 1086 ή
2614 1014 2814 1086 σιωπή.
2846 1016 2956 1069 Καὶ
2988 1015 3057 1070 τὰ
3103 1017 3202 1085 μὲν
3257 1015 3333 1079 ὡς
3366 1016 3431 1069 ἂν
3476 1015 3624 1069 εἴποι
3663 1030 3755 1080 τις

2171 1110 2281 1180 ἑῷα
2324 1112 2496 1181 κάλλη
2538 1111 2646 1164 τῶν
2672 1112 3007 1182 ἀνακτόρων,
3066 1110 3209 1182 ἅπερ
3248 1114 3315 1164 ὲκ
3372 1112 3471 1181 τῆς
3499 1111 3594 1165 τοῦ
3631 1113 3753 1165 ἀοι-

2168 1201 2327 1271 δίμου
2346 1203 2608 1273 βασιλέως
2629 1202 2906 1257 Βασιλείω)
2925 1205 3162 1268 πίστεως
3192 1203 3549 1271 ἐξανέτειλεν,
3571 1202 3753 1257 ταῦτά

2171 1295 2339 1348 ἐστιν.

2240 1384 2354 1458 πη’.
2401 1387 2538 1440 Κατ’
2571 1389 2706 1444 ἄλλα
2735 1389 2791 1442 δὲ
2841 1389 2980 1461 μέρη
3029 1388 3339 1457 καθέστηκε
3371 1389 3440 1442 τὰ
3467 1387 3653 1452 λοιπὰ,
3690 1390 3752 1440 ἐν

2169 1474 2250 1543 οἷς
2271 1479 2333 1531 τό
2359 1496 2419 1531 τε
2447 1480 2543 1533 τοῦ
2577 1481 2935 1552 ἱεροκήρυκος
2989 1482 3201 1536 Παύλου
3254 1481 3452 1536 σεπτὸν
3490 1482 3754 1552 τυγχάνει

2169 1569 2587 1639 εὐκτήριον,τδν
2610 1571 2772 1626 αὐτὸν
2819 1572 3158 1641 κεκτημένον
3205 1572 3558 1644 δημιουργὸν,
3604 1570 3747 1643 μετὰ

2169 1661 2268 1733 τῆς
2301 1662 2469 1732 αὐτῆς
2491 1664 2925 1734 πλουτοχορήγου
2939 1663 2984 1696 ⁸⁸
3016 1663 3103 1735 [Ρ.
3134 1664 3265 1736 204]
3283 1682 3361 1734 χει
3372 1664 3461 1734 ρος
3489 1664 3582 1715 καλ
3607 1662 3745 1716 αὐτῆ

2168 1754 2578 1825 δομησάμενονο
2632 1757 2727 1809 καὶ
2781 1757 2842 1809 τὸ
2872 1755 3063 1809 τούτου
3099 1756 3210 1827 γὰρ
3255 1758 3454 1825 ἔδαφος
3504 1757 3752 1828 ἄργυρον

493 1828 601 1880 tur,
636 1829 1068 1889 sumptuumque
1121 1823 1491 1880 immensitate
1540 1836 1590 1881 et
1650 1829 2063 1898 pulchritudine

2169 1823 2444 1915 ἕχει-τοὺς
2474 1847 2706 1911 κύκλους
2759 1849 2869 1900 τῶν
2902 1823 3212 1919 μαρμάρων
3252 1823 3743 1919 ὲμπήερικλείοντα,

492 1908 627 1963 nihil
662 1909 891 1979 reliquis
937 1912 1121 1967 minus
1161 1913 1362 1969 habere
1392 1917 1753 1989 conspicitur.
1801 1919 2066 1977 Similiter

489 2000 682 2066 etiam,
721 2004 864 2071 quod
896 2002 1039 2059 beati
1085 2003 1229 2060 Petri
1256 1990 1629 2076 apostolorum
1671 2012 2065 2083 principisno~

489 2092 639 2148 mine
690 2094 743 2148 in
780 2093 1044 2150 Marciani
1104 2099 1547 2157 ambulaerorum
1602 2114 1847 2160 extremo
1908 2109 2065 2178 quasi

489 2197 704 2237 summa
730 2199 828 2239 arx
860 2185 929 2239 ab
954 2201 1019 2243 eo
1052 2189 1314 2258 templum
1347 2192 1703 2258 aediﬁcatum,
1732 2197 1820 2255 cui
1864 2206 1919 2252 et
1956 2213 2068 2253 cte-

489 2277 642 2332 lestis
670 2278 875 2333 militia:
908 2281 1175 2351 principis
1210 2285 1510 2340 oratorium
1554 2288 1915 2357 eonjunctum
1961 2300 2063 2346 est.

489 2366 646 2434 Quod
684 2369 814 2423 item
855 2370 929 2422 illi
964 2372 1221 2440 superius
1244 2384 1448 2429 sanctae
1480 2374 1577 2430 Dei
1607 2376 1858 2434 Parentis
1883 2389 2068 2434 orato-

488 2461 630 2513 rium
659 2471 765 2526 est,
795 2478 900 2531 qua
934 2464 1151 2519 decoris
1185 2466 1578 2537 elegantizeque
1603 2470 1924 2526 excellentia
1955 2488 2064 2527 non

489 2550 700 2606 aillnit?
752 2554 992 2622 CujuSVe
1052 2557 1241 2613 oculos
1291 2574 1403 2613 non
1444 2560 1659 2616 abunde
1709 2573 1892 2631 pascat
1946 2566 2067 2618 ani-

490 2656 751 2711 mumque
809 2654 1039 2710 recreet,
1092 2662 1328 2718 eumque
1386 2651 1480 2719 qui
1522 2652 1700 2707 videat
1759 2663 1934 2708 totum
1996 2655 2062 2709 ad

490 2731 818 2789 hilaritatem
851 2747 1136 2791 convertat
1162 2740 1184 2791 ?

557 2823 648 2878 89.
676 2824 899 2881 Atidium
931 2843 1059 2884 vero
1100 2830 1320 2898 decora,
1350 2848 1470 2903 quae
1506 2834 1653 2889 velut
1680 2836 1952 2905 regiarum
1981 2853 2068 2891 re-

487 2913 608 2983 gias
668 2914 723 2971 in
767 2919 913 2988 regia
950 2918 1185 2977 Basilius
1238 2923 1538 2995 imperator
1575 2929 1883 2993 exstruxit,
1927 2945 2068 2998 prm-

487 3008 816 3064 stantiornm
863 3027 1183 3070 sermonum
1226 3020 1500 3086 praeconio
1533 3021 1599 3075 ad
1633 3022 1717 3076 sui
1755 3022 1917 3093 332
1950 3026 2069 3078 lau-

486 3098 609 3154 dem
672 3101 957 3173 indigent,
1016 3122 1293 3178 manuque
1352 3111 1666 3179 perreCtioi-i
1716 3114 1785 3167 ad
1838 3128 1901 3171 ea
1963 3130 2063 3183 pro

2166 1938 2259 1991 καὶ
2292 1938 2610 2010 πολυτελείᾳ
2643 1939 2736 1993 καὶ
2794 1940 2980 1994 κάλλει
3023 1941 3131 1993 τῶν
3162 1940 3337 1994 ἄλλων
3399 1942 3518 1994 κατ’
3580 1940 3737 1993 οὐδὲν

2166 2033 2360 2101 ὁρᾶται
2385 2032 2725 2102 λειπόμενον.
2762 2033 3055 2095 ’Ὡσαύτως
3078 2033 3174 2085 καὶ
3202 2035 3230 2084 ὁ
3261 2034 3345 2084 ἐπ’
3373 2032 3598 2101 ὀνόματι
3650 2032 3751 2086 τοῦ

2167 2124 2465 2194 κορυφαίου
2506 2125 2614 2177 τῶν
2655 2125 2967 2178 ἀποστόλων
2989 2124 3194 2194 Πέτρου
3218 2124 3360 2176 κατὰ
3381 2124 3440 2176 τι
3461 2124 3623 2193 ἄκρον
3639 2124 3753 2175 τῶν

2165 2215 2484 2284 Μαρκιανοῦ
2518 2216 2867 2286 περιδρόμων
2894 2216 2972 2278 ὡς
3016 2215 3390 2285 ἀκροπύργιον
3428 2216 3519 2268 ὑπ’
3578 2215 3749 2268 αὐτοῦ

2174 2308 2645 2371 κατασκευασθεὶς
2669 2309 2811 2370 θεῖος
2839 2308 2986 2372 ναὸς,
3018 2301 3061 2375 ᾧ
3091 2308 3186 2360 καὶ
3209 2309 3270 2360 τὸ
3296 2307 3391 2360 τοῦ
3415 2308 3750 2378 ἀρχιστρατ-

2166 2400 2304 2469 ήγου
2342 2399 2635 2470 εὐκτήριον
2666 2400 2895 2470 ἥνωται.
2921 2398 3030 2452 Καὶ
3052 2399 3080 2452 ὃ
3105 2401 3204 2469 τῆς
3222 2398 3567 2469 Θεομήτορος
3587 2394 3750 2463 αὖθις

2166 2490 2511 2560 ὑπέρκειται,
2544 2491 2704 2543 ποίαν
2732 2490 3065 2559 εὐπρεπείας
3097 2491 3192 2542 καλ⁵
3223 2488 3752 2561 ὡραιότητοςὺπερ-

2167 2579 2328 2651 ϐολὴν
2384 2580 2485 2633 οὐκ
2542 2579 2895 2651 ἐπλούτησεν,
2939 2581 2972 2650 ἢ
3036 2581 3183 2642 τίνος
3232 2580 3335 2632 οὐκ
3371 2579 3438 2632 ἂν
3464 2578 3751 2649 ὀφθαλμὸν

2167 2673 2410 2726 ἑστιάσοι
2434 2672 2528 2725 καὶ
2559 2672 2738 2743 ψυχὴν
2769 2672 3031 2742 εὐφράνοι
3080 2674 3175 2727 καὶ
3220 2673 3339 2726 ὅλον
3372 2670 3503 2742 ήδίω
3527 2674 3747 2742 ποιήσοι

2166 2766 2257 2820 τὸν
2281 2766 2513 2835 θεατήν;

2236 2857 2345 2912 πθ’.
2374 2858 2457 2912 Τὰ
2486 2858 2544 2911 δὲ
2596 2858 2705 2911 τῶν
2738 2858 2902 2913 οἴκων
2930 2857 3128 2929 κάλλη,
3164 2857 3309 2928 ἅπερ
3337 2857 3416 2918 ὡς
3459 2857 3750 2925 βασιλείων

2169 2950 2415 3021 βασίλεια
2444 2952 2502 3004 ἐν
2530 2950 2711 3015 αὐτοῖς
2747 2952 2861 3013 τοῖς
2899 2950 3193 3019 βασιλείοις
3226 2952 3254 3003 ὁ
3290 2949 3539 3020 βασιλεὺς
3577 2950 3747 3003 Βασί-

2166 3044 2308 3107 λειος
2341 3042 2688 3113 ἀνεδείματο,
2719 3042 3122 3112 λαμπροτέρων
3151 3043 3322 3096 ἐδεῖτο
3368 3042 3629 3113 κηρύκιον
3659 3043 3750 3096 λό-

2166 3153 2280 3205 γων
2311 3137 2392 3197 είς
2423 3135 2657 3205 δήλωσιν
2701 3134 2796 3186 καὶ
2822 3134 3005 3204 χειρὸς
3041 3134 3431 3204 ἐντελεστέρας
3460 3136 3539 3197 είς
3571 3135 3633 3187 τὸ
3653 3134 3749 3188 δύ-

486 3192 756 3248 orationis
786 3195 1073 3264 majestate
1100 3200 1358 3268 penicillo
1388 3202 1595 3257 chartis
1634 3203 1912 3268 illinenda,
1939 3221 2062 3274 qua:

2169 3192 2356 3280 νκσθαι
2373 3192 2516 3295 λόγιρ
2529 3223 2722 3293 δηλοῦν
2736 3224 2772 3277 ἃ
2784 3192 2893 3288 τοὶς
2912 3192 3092 3293 ργοις
3110 3223 3257 3277 ἐστὶν
3274 3192 3374 3293 ἀμί
3383 3192 3546 3295 μητα..
3564 3224 3624 3279 Ὀ
3637 3224 3749 3295 γὰρ

484 3296 651 3339 nemo
680 3284 817 3340 satis
848 3284 1112 3343 imitando
1151 3293 1371 3355 assequi
1402 3293 1596 3361 possit.
1622 3292 1755 3351 Novi
1789 3296 1936 3349 enim
1965 3297 2064 3352 dc-

486 3373 637 3427 coris
676 3373 872 3430 domus
931 3379 1017 3432 cui
1087 3380 1374 3455 Cmnurgio
1426 3398 1623 3441 nomen
1685 3395 1787 3447 est,
1826 3402 1987 3455 quam
2032 3404 2063 3443 a

486 3461 862 3524 fundamentis
908 3470 1201 3537 exstruxit,
1241 3487 1402 3541 quem
1441 3478 1806 3545 spectantium
1840 3489 2065 3550 stupore

486 3570 598 3611 non
656 3556 889 3614 alliciat?
940 3560 1087 3619 illam
1151 3564 1390 3619 sedecim
1455 3567 1727 3624 columnre
1779 3572 2066 3629 ordinibus

487 3648 711 3718 digesta:
750 3650 1071 3707 suﬂ‘uleiunt
1102 3666 1267 3710 :oeto
1296 3671 1361 3715 ex
1388 3658 1707 3717 Thessalico
1737 3661 1938 3733 lapide,
1971 3667 2063 3735 qui

487 3740 683 3799 viridis
721 3743 923 3801 coloris
952 3754 1053 3809 cst,
1087 3760 1182 3801 sex
1215 3763 1345 3805 vero
1383 3752 1661 3822 onychitis
1698 3770 1894 3819 nomen
1920 3759 2066 3815 obti-

488 3843 660 3899 nent;
695 3849 833 3909 quas
864 3836 1094 3906 lapicida
1126 3843 1274 3896 omni
1308 3844 1570 3898 varietate
1602 3849 1912 3914 exornavit,
1938 3852 2067 3909 vitis

488 3923 722 3982 formam
745 3928 893 3984 circa
918 3945 1011 3985 eas
1043 3931 1327 4001 aliingens,
1362 3937 1655 4005 omnisque
1696 3941 1913 4008 generis
1947 3946 2069 3997 ani-

490 4018 756 4075 mantium
792 4018 993 4091 ﬁguras
1053 4026 1105 4085 in
1158 4041 1221 4081 ea
1276 4026 1595 4082 eli‘ormans.
1654 4029 1896 4101 lleliqnze
1936 4034 2061 4090 dua:

488 4116 545 4173 et
575 4107 708 4179 ipsa:
754 4112 1028 4183 onychitis
1071 4125 1326 4172 naturam
1363 4119 1590 4187 habent,
1625 4138 1733 4178 non
1770 4134 1951 4179 tamen
1987 4127 2067 4180 si-

486 4201 668 4261 milem
699 4203 931 4261 formam
956 4222 987 4261 a
1020 4208 1271 4279 lapicidis
1303 4222 1479 4267 nactae
1511 4224 1661 4280 sunt,
1697 4215 1792 4271 sed
1819 4217 2067 4273 distortis

485 4295 640 4355 striis
685 4297 802 4352 lteri
834 4298 1109 4369 planoque
1140 4303 1427 4369 orbantur,
1464 4320 1588 4361 cum
1622 4323 1716 4363 eas
1750 4309 1823 4363 ita
1855 4311 2069 4366 variare

487 4387 685 4445 artiﬁci
718 4390 1008 4459 placuerit,
1039 4402 1224 4462 utpote
1250 4398 1347 4464 qui
1379 4411 1445 4451 ex
1481 4398 1767 4468 multiplici
1801 4403 2063 4457 varietate

486 4476 749 4553 decorum
783 4492 1029 4551 captaret
1082 4494 1136 4539 et
1182 4486 1530 4546 delectabile.
1565 4488 1743 4559 Super
1774 4494 2060 4555 columnas

486 4570 555 4629 ad
595 4579 797 4626 tectum
855 4590 1031 4645 usque
1074 4585 1130 4631 et
1174 4580 1442 4636 orientale
1493 4584 1937 4654 hemisphaerium
2000 4605 2065 4645 ex

488 4662 877 4735 pulcherrimis
913 4669 1200 4741 tessellulis
1249 4673 1445 4730 domus
1498 4678 1681 4733 omnis
1738 4678 2063 4747 inauratur,

488 4756 866 4827 praesidentem
927 4761 1134 4821 habens
1165 4766 1347 4834 operis
1398 4777 1698 4836 auctorem,
1732 4770 2066 4841 stipantibus

490 4848 962 4909 commilitonibus
1008 4855 1199 4924 legatis
1258 4858 1635 4929 subiectisque
1666 4863 1928 4928 ducibus,
1969 4868 2063 4937 qui

490 4942 667 5003 instar
693 4961 983 5009 munerum
1012 4962 1203 5019 captas
1255 4953 1323 5009 ab
1369 4970 1434 5009 eo
1476 4956 1636 5013 urbes
1690 4957 1766 5011 illi
1804 4959 2059 5021 oﬂ‘crnnt.

491 5033 815 5108 Rursusque
861 5041 1096 5110 desuper
1124 5045 1176 5099 in
1209 5045 1399 5103 abside
1429 5064 1495 5104 ac
1522 5059 1663 5105 tecto
1694 5052 1908 5121 depicta
1938 5065 2071 5109 sunt

490 5125 755 5183 Herculea
840 5131 1190 5200 imperatoris
1242 5140 1545 5194 certamina
1605 5144 2068 5213 subditorumque

489 5231 656 5273 causa
706 5222 965 5277 exantlati
1013 5225 1232 5281 labores
1284 5244 1348 5286 ac
1408 5248 1588 5287 rerum
1630 5236 1885 5303 praeclare
1927 5239 2067 5294 bello

491 5318 765 5378 gestarum
820 5316 1049 5372 sudores
1096 5318 1312 5390 Deoque
1345 5334 1569 5381 auctore
1622 5338 1789 5395 partae
1820 5331 2064 5387 victoriae

492 5409 837 5473 tt‘opzeaque;
893 5408 995 5463 sub
1052 5411 1256 5480 quibus
1323 5424 1583 5483 tanquam
1636 5420 1837 5474 coelum
1889 5423 2063 5477 stellis

492 5493 845 5565 praelucidum
880 5500 1057 5569 surgit
1087 5513 1373 5573 exstatque
1403 5509 1719 5569 cubiculum
1756 5513 1825 5566 ab
1871 5513 2061 5569 eodem

496 5580 822 5652 imperatore
876 5590 1081 5646 aifabre
1135 5596 1513 5665 fabrefactum,
1549 5614 1838 5658 Venustum
1875 5617 1928 5659 et
1973 5623 2065 5660 va-

2165 3314 2541 3384 καινοπρεπὴς
2583 3306 2737 3375 οὗτος
2786 3309 2963 3378 οἶκος,
2992 3310 3052 3369 οὗ
3089 3315 3149 3367 τδ
3194 3315 3557 3386 Καινούργιόν
3597 3318 3750 3367 ἐστιν

2166 3402 2473 3471 ἐπώνυμον,
2504 3401 2563 3454 ὂν
2580 3403 2645 3455 ὲκ
2671 3402 2889 3474 βάθρων
2917 3404 3123 3466 ἐκεῖνος
3153 3404 3467 3475 ἀνήγειρεν,
3496 3406 3615 3458 τίνα
3638 3406 3749 3457 τῶν

2167 3494 2460 3564 θεωμένων
2478 3494 2580 3547 οὐκ
2606 3494 2813 3564 ἐγείρει
2848 3496 2987 3563 πρὸς
3018 3495 3319 3565 ἕκπληξινς
3362 3497 3421 3549 ὃν
3450 3495 3751 3548 ἑκκαίδεκα

2167 3588 2346 3647 κίονες
2369 3585 2510 3639 κατὰ
2540 3585 2722 3655 στίχον
2749 3586 3045 3655 ἑστηκότες
3071 3587 3377 3655 ἀνέχουσιν,
3410 3588 3460 3639 οἱ
3486 3586 3584 3654 μὲν
3602 3587 3752 3639 ὀκτὼ

2166 3677 2373 3732 τούτων
2402 3679 2469 3731 ὲκ
2493 3676 2642 3731 λίθου
2662 3678 3023 3745 τυγχάνοντες
3053 3677 3349 3745 Θετταλῆς,
3376 3677 3487 3748 ἣτὸ
3515 3676 3751 3747 πράσιον

2169 3768 2367 3839 χρῶμα
2397 3769 2773 3838 κεκλήρωται·
2810 3769 2860 3820 οἱ
2897 3767 2955 3834 ἒξ
2975 3768 3031 3821 δὲ
3062 3768 3160 3836 τὴν
3187 3766 3281 3819 τοῦ
3315 3767 3563 3837 ὀνυχίτου
3583 3784 3754 3834 προσ-

2169 3862 2398 3931 ηγορίαν
2428 3861 2709 3930 αὐχοῦσιν,
2735 3860 2828 3921 οὓς
2850 3862 2878 3912 ὁ
2910 3859 3149 3923 λιθοξόος
3184 3858 3459 3922 παντοίως
3486 3859 3757 3930 ὠράῖσεν,

2170 3954 2417 4023 ἀμπέλου
2448 3954 2636 4025 σχῆμα
2653 3953 2771 4005 κατ’
2799 3953 2996 4014 αὐτοὺς
3022 3950 3321 4020 μορφώσας
3350 3951 3446 4002 καὶ
3482 3949 3759 4003 παντοίων

2171 4047 2324 4112 ζώων
2357 4047 2502 4109 ἰδέας
2547 4048 2606 4098 ὲν
2638 4044 2815 4115 ταύτῃ
2843 4043 3326 4114 ἀπεργασάμενος.
3367 4043 3431 4096 Oi
3460 4042 3641 4112 ἕτεροι
3696 4042 3761 4096 δὲ

2169 4140 2262 4193 δύο
2290 4140 2385 4193 καὶ
2412 4137 2568 4191 αὐτοὶ
2597 4136 2695 4207 μὲν
2721 4136 2822 4205 τὴν
2856 4133 3023 4188 αὐτοῦ
3053 4133 3299 4203 ὀνυχίτου
3331 4132 3492 4201 φύσιν
3525 4133 3755 4201 εἰλήφα-

2173 4248 2279 4295 σιν,
2313 4231 2413 4297 οὐχ
2464 4230 2650 4298 ὅμοιον
2694 4228 2753 4281 δὲ
2808 4227 2871 4280 τὸ
2904 4227 3088 4297 σχῆμα
3146 4224 3296 4293 παρὰ
3349 4224 3459 4275 τῶν
3498 4222 3756 4288 λιθοξόων

2172 4324 2442 4389 ἐδέξαντο,
2458 4321 2596 4375 ἀλλὰ
2616 4321 2907 4390 γραμμαῖς
2938 4317 3179 4379 σκολιαῖς
3211 4317 3272 4369 τὸ
3304 4316 3406 4384 τῆς
3430 4315 3756 4384 ἐπιφανείας

2173 4413 2376 4483 ὁμαλὸν
2412 4410 2788 4480 ἀφῃρέθησαν,
2810 4407 2952 4461 οὕτω
3003 4408 3244 4461 ποικῖλαι
3274 4406 3478 4470 ταύτας
3529 4407 3625 4459 τοῦ
3661 4423 3757 4458 “rs-

2175 4505 2362 4576 χνίτου
2392 4502 2739 4572 θελήσαντος,
2768 4500 2843 4562 ὡς
2879 4500 2943 4553 ὲκ
2966 4498 3060 4552 τοῦ
3087 4499 3439 4569 πολυμόρφου
3477 4497 3543 4569 θη
3554 4497 3758 4567 ρῶντος

2174 4597 2235 4649 τὸ
2261 4594 2537 4665 εὐπρεπὲς
2589 4593 2684 4645 καὶ
2732 4592 3035 4663 ὲράσμιον.’
3057 4589 3298 4644 Ἂνωθεν
3326 4590 3385 4651 δὲ
3412 4589 3520 4642 τῶν
3557 4588 3765 4642 κιόνων

2173 4690 2302 4759 ἄχρι
2321 4689 2420 4757 τῆς
2449 4685 2657 4755 ὀροφῆς
2692 4685 2787 4737 καὶ
2811 4684 2871 4735 τὸ
2902 4682 3044 4737 κατὰ
3066 4681 3332 4749 ἀνατολὰς
3367 4681 3758 4752 ἡμισφαίριον,

2173 4783 2237 4833 ἐκ
2262 4778 2512 4850 ψηφίδων
2540 4776 2758 4846 ὡραίων
2807 4774 2953 4837 ἄπας
2991 4774 3018 4826 ὁ
3054 4771 3202 4838 οἶκος
3236 4773 3758 4843 κατακεχρύσωται,

2173 4865 2591 4938 προκαθήμενον
2621 4864 2761 4932 ἔχων
2801 4862 2892 4916 τὸν
2917 4860 3012 4913 τοῦ
3059 4860 3222 4931 ἔργου
3253 4860 3614 4933 δημιουργὸν,
3646 4862 3757 4914 ὑπὸ

2168 4960 2278 5013 τῶν
2318 4956 2736 5026 συναγωνιστῶν
2785 4954 3218 5024 ὑποστρατήγων
3252 4953 3752 5024 δορυφορούμενον,

2168 5051 2242 5113 ὡς
2268 5050 2415 5120 δῶρα
2438 5047 2821 5119 προσαγόντων
2846 5046 2996 5115 αύτῷ
3017 5046 3113 5108 τὰς
3137 5045 3228 5097 ὑπ’
3254 5045 3419 5097 αὐτοῦ
3445 5044 3755 5106 ἑαλωκυίας

2171 5143 2374 5203 πόλεις.
2406 5141 2516 5191 Καὶ
2549 5135 2705 5200 αὖθις
2732 5136 2938 5189 ἄνωθεν
2967 5137 3061 5187 ἐπὶ
3094 5136 3195 5203 τῆς
3220 5136 3427 5205 ὀροφῆς
3452 5136 3751 5207 ἀνιστόρη-

2170 5252 2259 5288 ται
2290 5233 2355 5285 τὰ
2384 5230 2477 5283 τοῦ
2504 5230 2767 5298 βασιλέως
2796 5228 3094 5298 Ἡράκλεια
3124 5225 3264 5281 ἆθλα
3296 5229 3391 5281 καὶ
3413 5228 3462 5280 οἱ
3498 5227 3635 5298 ὑπὲρ
3653 5224 3750 5280 τοῦ

2173 5325 2413 5396 ὑπηκόου
2446 5324 2597 5377 πόνοι
2636 5322 2731 5374 καὶ
2755 5321 2805 5373 οἱ
2850 5320 2957 5372 τῶν
2988 5320 3301 5390 πολεμικῶν
3327 5321 3555 5386 ἀγώνων
3585 5318 3750 5391 ἱδρῶ-

2173 5438 2262 5482 τες
2293 5420 2387 5471 καὶ
2416 5416 2485 5469 τὰ
2536 5417 2600 5468 ἐκ
2634 5413 2767 5467 Θεοῦ
2814 5413 3128 5482 νικητήρια,
3176 5412 3268 5482 ὑφ’
3299 5406 3374 5468 ὧν
3412 5413 3486 5473 ὡς
3520 5412 3749 5482 οὐρανὸς

2176 5512 2266 5567 ὑπ’
2290 5510 2536 5579 ἀστέρων
2566 5505 2960 5576 ὑπέρλαμπρος
2984 5506 3258 5576 ὲξανίσχει
3299 5506 3494 5559 κοιτὼν
3527 5506 3632 5558 ὑπὸ
3652 5504 3748 5557 τοῦ

2176 5604 2341 5658 αὐτοῦ
2374 5602 2458 5674 [Ρ.
2498 5599 2625 5670 9.05]
2661 5597 3063 5667 φιλοτεχνηθεὶς
3094 5598 3521 5667 αὐτοκράτορος,
3549 5597 3748 5665 ιὶιραῖός

1765 5698 1841 5749 VA
1855 5697 1918 5751 [il
1934 5699 1991 5751 1E
2027 5697 2424 5755 LICC'I'ION

567 5765 613 5796 “
644 5770 1002 5842 πλουτοχόρου
1036 5780 1071 5829 Α
1088 5820 1097 5831 ,
