4136 6460
526 331 632 397 355

1630 331 2141 391 THEOPHANES
2174 332 2742 399 CONTINUATUS.

3710 340 3814 402 356

525 455 683 503 extra
710 446 912 517 regiam
934 454 1192 501 excurrat
1211 445 1412 511 oratio,
1437 453 1489 498 et
1510 444 1577 497 ad
1600 445 1810 515 reliqua
1832 446 2111 514 deinceps,

2229 448 2345 511 λεὺς
2400 450 2766 519 ὲτεκτήνατο”
2822 447 3085 515 ἐξελθέτω
3143 450 3198 503 δὲ
3244 450 3350 502 τῶν
3383 450 3680 520 βασιλείων
3714 452 3814 525 ἤδη

529 547 643 593 tum
676 535 732 591 in
764 536 900 591 urbe
928 534 1194 606 Byzantio
1238 543 1353 589 tum
1405 536 1553 589 circa
1589 550 1710 588 cam
1766 535 2116 589 erstruendis

529 625 952 695 reiiciendisque
1007 625 1208 679 divinis
1263 624 1495 689 aedibus,
1550 626 1901 694 imperatoris
1952 641 2116 695 opera

527 716 807 785 procedat.
847 715 1135 771 Urbanam
1192 717 1338 770 enim
1384 716 1551 787 339
1607 718 1917 787 intimaeque
1976 729 2118 772 noue

526 812 870 883 plebeculam
905 812 959 865 in
991 810 1137 865 Foro
1160 820 1489 875 versantem,
1523 812 1757 881 vitzeque
1787 814 2118 868 necessariis

527 904 848 968 haerentem,
889 918 957 958 eo
984 905 1129 972 quod
1158 903 1369 955 nullum
1413 916 1581 973 prope
1610 903 1910 957 oratorium
1950 913 2116 969 esset,

525 998 723 1052 salutis
750 996 920 1051 animi
949 995 1198 1050 oblivisci
1230 995 1600 1064 perpendens,
1634 996 2027 1065 perpulchrum
2055 1012 2119 1051 at:

526 1086 841 1142 venerabile
869 1086 961 1141 Dei
999 1084 1157 1139 Matri
1191 1086 1453 1156 templum
1497 1086 1562 1139 ad
1610 1085 1816 1141 imbres
1850 1088 2118 1143 arcendos

527 1178 841 1247 hiemisque
868 1192 935 1231 ac
977 1178 1217 1246 reliquas
1253 1176 1522 1247 temporis
1551 1176 1827 1246 pellendas
1858 1177 2117 1247 injurias,

527 1270 725 1325 salutis
754 1268 954 1325 anima:
984 1269 1211 1324 delicias
1265 1283 1331 1325 ac
1376 1282 1565 1339 opem,
1616 1269 1673 1323 in
1721 1284 1787 1324 eo
1826 1272 2116 1325 exstruxit.

526 1359 686 1415 Aliud
718 1374 939 1430 quoque
966 1359 1383 1429 gloriosissime
1423 1358 1515 1413 Dei
1547 1357 1846 1414 Gcnitricis
1881 1359 1934 1412 in
1963 1358 2121 1413 Chal-

527 1454 807 1523 coprateis
828 1451 1129 1506 venerandi
1180 1452 1441 1521 sacrique
1473 1450 1640 1504 loculi
1700 1450 1949 1505 divinum
1982 1459 2120 1506 tem-

526 1546 684 1615 plum
729 1543 939 1599 humile
980 1559 1045 1598 ac
1099 1544 1224 1599 luce
1267 1544 1595 1599 destitutum
1655 1543 2119 1609 animadvertens,

526 1635 829 1692 exstructis
861 1635 991 1689 hinc
1021 1635 1147 1689 inde
1170 1635 1236 1689 ad
1282 1649 1404 1689 eam
1437 1632 1783 1687 inferendam
1812 1634 2117 1701 absidibus,

528 1732 784 1794 tectoque
812 1724 996 1779 altiori
1025 1734 1213 1779 evecto
1238 1722 1487 1793 fastigio,
1518 1733 1634 1777 tum
1673 1723 1926 1779 celsitate
1967 1725 2123 1779 deco-

2219 539 2406 593 λοιπὸν
2430 544 2456 594 ὁ
2479 542 2658 609 λόγος,
2692 549 2787 595 καὶ
2827 541 3077 613 χωρείτω
3104 544 3240 613 arpi;
3262 542 3330 595 τὰ
3361 542 3489 613 ἑξῆς
3528 544 3640 595 τῶν
3674 546 3815 596 κατὰ

2219 634 2318 703 τὴν
2342 631 2736 702 βασιλεύουσαν
2764 632 2972 703 ταύτην
2997 633 3156 684 πόλιν
3187 632 3279 685 καὶ
3304 632 3371 685 τὰ
3394 633 3526 701 περὶ
3558 633 3730 702 αὐτὴν
3759 632 3816 687 ἓν

2220 727 2533 796 οἰκοδομαῖς
2568 744 2625 779 τε
2655 726 2749 779 καὶ
2772 725 3157 795 ἁνοικοδομαῖς
3174 723 3336 777 θείων
3360 724 3531 777 οἴκων
3560 724 3699 795 ἔργα
3722 724 3814 777 τοῦ

2221 820 2647 890 αὐτοκράτορος.
2695 819 2872 891 Ὁρῶν
2900 820 3011 890 γὰρ
3041 818 3133 872 τὸν
3168 817 3387 870 ἀστικδν
3413 817 3510 869 καὶ
3544 817 3814 886 βάναυσον

2220 912 2377 983 ὄχλον
2406 913 2497 965 τὸν
2525 913 2668 966 κατὰ
2694 913 2795 984 τὴν
2841 912 3072 983 ἀγορὰν,
3106 914 3141 983 ἣ
3178 912 3347 983 Φόρος
3404 909 3813 981 προσαγορεύε-

2219 1023 2332 1069 ται,
2372 1004 2719 1076 διατρίϐοντα
2741 1006 2837 1061 καὶ
2869 1005 3282 1077 προστετηκότα
3308 1006 3427 1066 ταῖς
3461 1003 3684 1074 χρείαις
3722 1002 3813 1057 τοῦ

2208 1100 2343 1172 ’βίου
2373 1101 2433 1153 ὲν
2462 1099 2541 1171 τῷ
2573 1098 2647 1171 μή
2679 1099 2827 1171 ἔχειν
2874 1099 3105 1169 πλησίον
3153 1094 3304 1152 οἷκον
3363 1095 3665 1166 εύκτήριον
3716 1096 3815 1166 τῆς

2222 1192 2463 1263 ψυχικῆς
2519 1190 2840 1262 ἐπιμελείας
2871 1191 3042 1261 λήθην
3074 1189 3450 1261 λαμϐάνοντα,
3484 1188 3613 1243 ναὸν
3661 1205 3815 1259 περι-

2224 1285 2396 1355 καλλῆ
2423 1286 2517 1338 καὶ
2542 1284 2841 1354 σεϐάσμιον
2869 1284 2935 1356 τῇ
2963 1282 3270 1355 Θεομήτορι
3301 1280 3448 1336 κατὰ
3481 1282 3584 1351 τὴν
3612 1280 3815 1351 ἀγορὰν

2227 1377 2500 1449 ἐδείματο,
2535 1377 2611 1439 ὡς
2670 1374 2735 1430 ἂν
2764 1378 2859 1432 καὶ
2888 1375 3111 1448 ὄμϐρων
3139 1375 3233 1428 καὶ
3262 1373 3552 1445 χειμώνων
3593 1374 3678 1444 εἴη
3708 1375 3814 1436 τοῖς

2229 1471 2407 1541 ὄχλοις
2436 1470 2683 1541 ἀλέξημα
2724 1471 2820 1522 καὶ
2876 1469 3114 1539 ψυχικῆς
3167 1467 3450 1537 σωτηρίας
3497 1466 3821 1537 ὲντρύφημα

2228 1564 2322 1616 καὶ
2377 1561 2647 1633 βοήθημα.
2704 1562 2814 1616 Καὶ
2842 1562 2933 1615 τὸν
2971 1561 3160 1631 ἓτερον
3206 1558 3263 1611 δὲ
3309 1560 3407 1629 τῆς
3470 1559 3821 1629 πανυμνήτου

2226 1654 2515 1715 Θεοτόκου,
2544 1653 2636 1706 τὸν
2668 1654 2724 1705 ὲν
2748 1655 2860 1716 τοῖς
2892 1649 3361 1720 Χαλκοπρατείοις
3396 1649 3554 1701 θεῖον
3584 1649 3709 1702 ναὸν
3730 1650 3825 1718 τῆς

2227 1743 2546 1796 πανσέπτου
2582 1742 2677 1795 καὶ
2718 1741 2881 1810 ἁγίας
2904 1741 3086 1811 σοροῦ,
3109 1739 3363 1792 ταπεινὸν
3397 1736 3535 1791 ἰδὼν
3570 1738 3663 1791 καὶ
3682 1734 3825 1805 ἀφώ-

530 1832 649 1872 rem
678 1818 1020 1882 conciliavit,
1066 1827 1180 1871 tum
1227 1818 1368 1871 lucis
1419 1816 1726 1887 fulgoribus
1756 1817 2119 1873 collustravit.

2229 1851 2431 1901 τιστον,
2498 1833 2595 1888 καὶ
2642 1834 2958 1904 φωτοδόχας
3001 1834 3047 1866 ⁹⁷
3099 1829 3459 1902 ἑκατέρωθεν
3522 1831 3827 1901 ἀναστήσας

527 1907 867 1977 Angelorum
925 1908 1056 1963 item
1116 1909 1384 1977 principis
1445 1908 1690 1962 divinum
1748 1908 2009 1976 templum
2067 1907 2122 1962 in

506 1998 687 2055 ‘Tzeri
719 2002 878 2070 (quas
928 2003 1148 2069 vocant)
1191 1999 1769 2067 humanissimumque
1810 2000 1961 2054 circa
1992 1998 2124 2053 illud

530 2092 900 2147 ministerium
966 2102 1021 2149 et
1080 2093 1133 2146 in
1194 2108 1467 2163 pauperes
1526 2092 2121 2157 subministrationem,

528 2185 620 2241 ille
645 2186 761 2255 ipse
785 2185 888 2241 sibi
918 2200 1067 2241 curae
1100 2192 1225 2241 ess‘e
1252 2186 1449 2250 voluit,
1475 2196 1588 2239 tum
1627 2185 1836 2240 scilicet
1860 2186 2122 2255 templum

532 2278 878 2348 splendidius
910 2278 1260 2342 instaurans,
1294 2294 1358 2332 ac
1387 2292 1496 2348 qua
1530 2293 1679 2332 nunc
1710 2277 2126 2346 pulchritudine

530 2369 729 2425 visitur
757 2378 1025 2439 coeptans
1062 2385 1127 2424 ac
1150 2371 1503 2439 provehens;
1534 2377 1647 2422 tum
1686 2370 1865 2423 auctis
1897 2385 2127 2439 proven-

532 2464 707 2529 tibus,
751 2478 822 2516 ne
873 2477 1176 2533 egenorum
1233 2462 1542 2518 ministerio
1598 2462 1836 2518 facultas
1884 2462 2123 2527 deesset,

533 2554 905 2625 prospiciens,
944 2569 1010 2609 ac
1038 2555 1095 2608 in
1126 2569 1399 2625 pauperes
1443 2554 1592 2624 large
1625 2555 2004 2625 suppeditans.
2027 2552 2127 2608 Sa-

530 2646 617 2702 cri
682 2661 907 2716 quoque
962 2646 1223 2717 martyris
1287 2661 1353 2702 ac
1414 2647 1792 2703 archidiaconi
1844 2646 2125 2702 Laurentii

526 2740 706 2795 aedem
756 2740 1058 2794 maximam
1111 2740 1415 2809 collapsam
1451 2741 1714 2806 restituit,
1749 2740 1923 2795 multa
1952 2755 2124 2794 venu-

530 2842 678 2888 state
708 2832 945 2902 impletis
989 2844 1045 2889 et
1097 2834 1294 2904 gratia.
1340 2832 1496 2888 Alias
1525 2833 1654 2895 item
1692 2848 1883 2888 sacras
1930 2832 2127 2888 domos

531 2927 755 2981 circiter
786 2934 1008 2980 centum
1063 2925 1212 2981 circa
1266 2926 1458 2980 urbem
1495 2927 1827 2992 construxit,
1867 2927 2125 2996 pauperi-

532 3016 746 3084 busque
799 3016 1010 3070 alendis
1057 3031 1122 3069 at:
1176 3016 1488 3085 hospitibus
1545 3016 1879 3087 accipiendis
1927 3018 2125 3087 partim

531 3121 704 3162 novas
717 3106 998 3170 excitavit,
1019 3105 1218 3176 partim
1238 3116 1450 3161 veteres
1468 3106 1737 3177 plurimas
1756 3108 2084 3163 instauravit
2112 3125 2126 3172 ;

532 3178 739 3269 quibus
804 3198 1016 3253 scilicet
1060 3198 1192 3268 aegri
1245 3210 1520 3269 senesque
1578 3209 1906 3254 curarentur
1965 3209 2131 3270 atque

531 3291 792 3347 monachi
850 3299 1262 3348 exercerentur.

604 3484 772 3559 35.0
799 3487 888 3542 94.
921 3486 1111 3558 Neque
1143 3488 1198 3542 in
1229 3489 1368 3543 urbe
1404 3498 1618 3543 tantum
1675 3488 1929 3556 religiose
1961 3489 2129 3543 simul

530 3590 588 3637 et
626 3580 917 3653 magniﬁce
945 3580 1132 3651 eiusce
1165 3580 1381 3649 generis
1409 3594 1575 3650 Opera
1605 3581 1918 3649 praestabat,
1949 3581 2044 3634 sed
2074 3590 2131 3635 et

527 3679 686 3728 extra
721 3686 842 3727 eam
892 3686 1081 3743 parum
1128 3671 1473 3741 diligentiam
1524 3670 1841 3724 exhibebat.
1891 3671 2132 3741 ideoque

532 3763 765 3833 apostoli
800 3771 855 3817 et
883 3762 1243 3831 evangelista:
1282 3760 1514 3816 Joannis
1554 3760 1817 3832 Theologi
1866 3764 2129 3833 templum

532 3856 589 3909 in
628 3853 912 3909 Hebdomo
946 3862 1198 3923 tempore
1223 3864 1545 3924 quassatum
1578 3852 1997 3923 collapsumque
2030 3855 2131 3907 eri-

532 3949 630 4018 git,
664 3957 778 4002 tum
802 3945 1148 4002 ornamentis
1178 3947 1469 4012 decorans,
1490 3954 1607 4000 tum
1641 3946 1833 4001 lulcris
1869 3948 2131 4005 adhibitis

534 4049 710 4096 tutum
739 4056 769 4096 a
805 4042 966 4095 ruina
999 4041 1051 4094 in
1087 4048 1371 4109 posterum
1397 4050 1688 4111 praestans.
1710 4041 1789 4095 Ad
1827 4042 1941 4096 haec
1965 4043 2128 4097 etiam

534 4133 613 4188 illi
638 4132 885 4188 vicinam
932 4132 1304 4188 Praecursoris
1338 4134 1534 4197 :edem,
1571 4142 1697 4187 ante
1727 4147 1903 4188 annos
1945 4135 2131 4203 plures

532 4226 775 4281 dirutam
817 4234 872 4280 et
904 4233 1121 4281 tantum
1165 4225 1457 4296 parietinis
1501 4227 1896 4294 conspicuam,
1948 4237 2129 4296 egesta

536 4321 707 4373 humo
741 4318 1151 4388 ruderibusque
1182 4318 1517 4380 emundans,
1549 4317 1786 4371 celerato
1811 4334 1976 4387 quam
2014 4337 2130 4373 ma~

534 4410 687 4464 xime
731 4423 896 4479 Opere
948 4422 1315 4480 promptaque
1353 4408 1638 4478 diligentia
1675 4410 1982 4465 illustribus
2013 4426 2129 4466 ma-

2228 1926 2425 1997 ἁψῖδας
2460 1925 2650 1980 καὶτὸ
2685 1926 2846 1994 τέγος
2907 1924 3250 1995 μετεωρίσας
3304 1922 3428 1993 ὖψει
3495 1922 3827 1995 εὐπρεπείας

2227 2020 2578 2090 κατηύγασεν
2632 2021 2726 2072 καὶ
2771 2018 3166 2089 μαρμαρυγαῖς
3219 2016 3398 2085 φωτὸς
3471 2015 3822 2085 κατήγλάῖσε.

2227 2114 2270 2166 Τ
2274 2113 2330 2165 ὸν
2367 2111 2423 2163 δὲ
2453 2109 2547 2164 τοῦ
2572 2111 2793 2181 πρώτου
2832 2108 2940 2161 τῶν
2970 2107 3221 2176 ἀγγέλων
3254 2110 3312 2161 ὲν
3344 2108 3472 2171 τοῖς
3499 2105 3711 2177 Τζήρου
3742 2106 3826 2158 λε-

2228 2205 2481 2275 γομένοις
2537 2203 2623 2275 [Ρ.
2660 2202 2790 2273 909]
2847 2201 2990 2254 Οεῖον
3017 2200 3142 2253 ναὸν
3178 2201 3269 2253 καὶ
3330 2200 3429 2271 τὴν
3492 2202 3621 2271 περὶ
3671 2198 3825 2253 αὐτὸν

2229 2297 2611 2369 φιλάνθρωπον
2642 2296 2721 2357 είς
2749 2300 2878 2357 τοὺς
2916 2295 3158 2363 πένητας
3186 2292 3511 2363 ὑπουργίαν
3552 2292 3650 2345 καὶ
3700 2307 3822 2361 χορ-

2228 2391 2391 2457 ηγίαν
2420 2389 2626 2453 ἐκεῖνός
2684 2390 2831 2442 ἐστιν
2877 2386 2905 2439 ὁ
2948 2384 3486 2456 περιποιησάμενος,
3524 2383 3619 2436 καὶ
3647 2384 3732 2436 τόν
3772 2400 3823 2435 τε

2229 2484 2355 2537 ναὸν
2386 2483 2685 2553 φαιδρύνας
2714 2482 2810 2535 καὶ
2835 2481 2915 2543 είς
2949 2479 3009 2531 τδ
3043 2478 3140 2532 νῦν
3166 2476 3276 2549 ὀρώ
3288 2494 3455 2548 μενον
3501 2477 3699 2539 κάλλος
3728 2492 3820 2528 πε-

2232 2575 2495 2645 ριστήσας
2524 2572 2620 2627 καὶ
2642 2572 2889 2641 ἀγαγὼν,
2914 2570 3009 2623 καὶ
3034 2569 3134 2640 τὴν
3168 2567 3444 2621 διακονίαν
3481 2571 3561 2631 είς
3593 2568 3651 2620 τὸ
3676 2570 3822 2621 ἀνεν-

2228 2667 2346 2731 δεὲς
2375 2670 2443 2738 τῇ
2475 2666 2586 2721 τῶν
2631 2664 2913 2735 προσόδων
2964 2661 3265 2732 ὲπαυξήσει
3316 2662 3701 2731 καταστήσας,
3735 2662 3821 2713 καὶ

2228 2759 2795 2829 ἐπιδαψιλευσὰμενος
2826 2757 2918 2810 τὸν
2950 2757 3030 2820 εἰς
3058 2755 3183 2819 τοὺς
3218 2756 3460 2823 πένητας
3492 2754 3664 2807 ἔλεον.
3718 2754 3815 2807 Καὶ

2228 2850 2319 2902 τὸν
2341 2851 2399 2904 ἐν
2436 2849 2864 2919 Πουλχεριαναῖς
2889 2848 2943 2900 δὲ
2986 2846 3078 2900 τοῦ
3134 2845 3540 2917 ῐερομὰρτυρος
3585 2846 3812 2918 Λαυρεν-

2227 2943 2345 2996 τίου
2376 2943 2635 3013 μέγιστον
2681 2941 2808 2994 ναὸν
2860 2939 3260 3009 συμπτωθέντα
3289 2938 3583 3010 ἀνέστησε,
3622 2938 3817 3008 πολλῆς

2231 3035 2518 3106 ἐμπλήσας
2540 3051 2598 3085 τε
2610 3033 2932 3103 ρπνότητος.
2961 3030 3072 3084 Καὶ
3099 3031 3292 3094 ἄλλους
3322 3029 3379 3083 δὲ
3428 3030 3607 3100 ἱεροὺς
3642 3031 3816 3090 οἴκους

2155 3148 2199 3209 C
2234 3128 2379 3199 ἀμφὶ
2402 3128 2528 3190 τοὺς
2557 3127 2754 3181 ἑκατὸν
2786 3126 2917 3195 ’περὶ¹
2962 3125 3063 3194 τὴν
3112 3123 3269 3177 πόλιν
3294 3124 3586 3195 ἀνέστησε,
3607 3140 3817 3194 πτωχο-

2235 3217 2467 3288 τροφεῖά
2495 3233 2554 3268 τε
2590 3216 2681 3269 καὶ
2711 3214 2947 3280 ξενῶνας
2976 3214 3401 3285 ἐκαινούργησε,
3443 3215 3542 3268 καὶ
3581 3217 3690 3269 τῶν
3724 3232 3822 3269 πα-

2235 3307 2580 3361 λαιωθέντων
2640 3307 2869 3360 πλεῖστα
2919 3308 3208 3371 ἁνενέωσε,
3265 3309 3600 3378 νοσοκομεῖά
3644 3325 3704 3360 τε
3736 3306 3827 3361 καὶ

2234 3402 2576 3472 γηροκομεῖα
2598 3401 2694 3453 καὶ
2722 3402 2963 3471 μοναστή
2976 3417 3086 3471 ρια.

2216 3502 2237 3517 "
2308 3493 2411 3563 ιβ’.
2437 3496 2512 3547 UO
2545 3493 2686 3547 κατὰ
2739 3495 2839 3564 τὴν
2874 3494 3031 3547 πόλιν
3062 3494 3117 3547 δὲ
3173 3495 3333 3565 μόνον
3367 3496 3436 3548 τὰ
3468 3493 3707 3546 τοιαῦτα
3734 3492 3837 3546 τῶν

2239 3586 2420 3656 ἔργων
2452 3584 2721 3654 θεοφιλῶς
2768 3602 2829 3637 τε
2862 3584 2976 3653 ἅμα
3032 3586 3127 3637 καὶ
3176 3586 3483 3655 φιλοτίμως
3532 3584 3840 3651 εἰργάζετο,

2235 3680 2372 3732 ἀλλὰ
2396 3680 2488 3731 καὶ
2517 3677 2722 3747 ταύτης
2759 3678 2917 3740 ἐκτὸς
2951 3677 3048 3746 τὴν
3077 3678 3271 3746 ὁμοίαν
3306 3676 3672 3729 ἐπεδεξκνυτο
3722 3676 3844 3728 ἐπι-

2240 3766 2481 3837 μέλειαν.
2512 3763 2648 3819 Μεθ’
2684 3760 2750 3835 ἧς
2775 3767 2866 3817 καὶ
2888 3765 2978 3817 τὸν
3008 3764 3102 3816 τοῦ
3165 3764 3470 3819 ἀποστόλευ
3536 3765 3631 3815 καὶ
3676 3763 3840 3833 εὐαγ-

2235 3858 2487 3926 γελιστοῦ
2559 3857 2809 3909 Ἰωάννου
2845 3856 2939 3909 τοῦ
2993 3855 3255 3924 Θεολόγου
3280 3859 3338 3909 ἐν
3373 3855 3451 3925 τῷ
3524 3854 3843 3924 καλουμένῳ

2245 3951 2492 4021 Ἑϐδόμῳ
2526 3950 2653 4002 ναὸν
2676 3950 2722 3981 ⁸⁸
2748 3947 2827 4018 τῷ
2856 3949 3033 4018 χρόνῳ
3061 3950 3377 4018 πονήσαντα
3420 3946 3527 4001 καὶ
3564 3947 3838 4020 καταϐληο

2238 4049 2397 4102 θέντα
2432 4048 2707 4118 ἀνίστησι,
2756 4046 3046 4108 καλλοναῖς
3100 4063 3158 4098 τε
3202 4044 3448 4119 ὼραῖσας
3512 4044 3603 4096 καί
3630 4044 3833 4114 ὀχυρώ-

2238 4160 2373 4212 μασι
2413 4139 2986 4208 κατασφαλισάμενος.
3018 4138 3141 4191 Ἔτι
3172 4137 3228 4190 δὲ
3261 4140 3354 4189 καὶ
3400 4138 3495 4189 τὸν
3524 4136 3824 4208 πλησιόχω‹

2240 4253 2333 4306 ρον
2360 4234 2525 4287 αὑτοῦ
2574 4234 2669 4285 τοῦ
2725 4231 3041 4303 Προδρὸμου
3077 4227 3246 4296 οἷκον,
3284 4229 3390 4300 πρὸ
3444 4229 3587 4281 πάνυ
3621 4229 3821 4282 πολλῶν

2235 4326 2670 4381 καταπτωθέντα
2700 4325 2909 4396 χρόνων
2951 4325 3045 4376 καὶ
3080 4322 3323 4393 ἐρείπιον
3358 4322 3479 4374 ἀντὶ
3535 4322 3663 4375 ναοῦ
3693 4338 3821 4393 χρη-

2238 4420 2559 4491 ματίζοντα,
2601 4416 2987 4486 περικαθαίρει
3039 4416 3138 4484 μὲν
3170 4418 3267 4486 τῆς
3300 4414 3434 4485 ὕλης
3470 4415 3566 4469 καὶ
3591 4417 3696 4467 τῶν
3722 4433 3820 4485 χω-

535 4517 764 4573 gnazqne
816 4501 976 4556 molis
1031 4501 1154 4570 ejus
1192 4500 1410 4569 generis
1467 4499 1677 4554 rudibus
1731 4516 1918 4571 parem
1975 4501 2125 4557 fecit.

2240 4510 2448 4580 μάτων,
2503 4508 2739 4578 ταχίστῃ
2774 4506 2830 4559 δὲ
2883 4505 3144 4576 οἰκοδομῇ
3174 4506 3219 4537 ’³
3273 4506 3371 4558 καὶ¹
3400 4506 3692 4577 ἐπιμελείᾳ
3722 4505 3821 4558 τῶν

536 4595 816 4664 Principis
849 4610 978 4649 vero
1003 4595 1395 4664 Apostolorum
1454 4608 1671 4649 sacrum
1729 4592 2021 4650 delubrum
2076 4599 2126 4651 in

540 4687 771 4757 Rhegin,
808 4687 1021 4742 idcirco
1049 4689 1178 4758 quia
1209 4690 1516 4759 proximam
1552 4689 1768 4743 ruinam
1818 4691 2131 4745 minabatur

540 4780 893 4851 impervium,
945 4782 1063 4850 ipse
1092 4781 1319 4834 dirucns
1376 4796 1519 4835 novo
1552 4796 1716 4851 opere
1749 4782 1857 4854 (sui
1892 4797 2132 4853 perenne

539 4882 956 4929 monumentum
991 4872 1254 4942 nullaque
1282 4870 1559 4928 oblivione
1592 4876 1909 4946 delendum)
1945 4892 1975 4931 a
2006 4876 2133 4932 inn-

536 4968 813 5023 damentis
852 4966 1045 5021 erexit.
1078 4963 1137 5019 In
1169 4965 1425 5038 Bathyrsi
1468 4967 1618 5021 ﬂuvii
1662 4967 1864 5037 injecto
1896 4980 1925 5021 a
1954 4970 2130 5024 Justi-

538 5064 705 5118 niano
749 5068 945 5133 ponte,
982 5060 1232 5116 Callinici
1270 5062 1528 5132 martyris
1577 5061 1841 5132 templum
1882 5061 2132 5120 funditus

537 5156 780 5210 dirutum
844 5154 1025 5223 priore
1088 5153 1430 5222 splendidius
1484 5153 1778 5207 exstruxit.
1840 5152 1898 5207 In
1964 5155 2134 5209 Steno

539 5247 670 5302 item
700 5246 845 5316 quod
873 5243 1307 5311 vocant,Euxini
1342 5246 1552 5299 scilicet
1578 5246 1811 5311 cervice,
1846 5246 1906 5300 S.
1936 5245 2133 5302 Phorm

538 5340 709 5394 aedem
735 5354 998 5409 perquam
1032 5338 1402 5393 venerabilem
1430 5337 1518 5407 pie
1546 5337 1919 5408 religioseque
1947 5337 2045 5392 abs
2070 5354 2129 5393 se

539 5442 944 5498 constructam,
978 5433 1323 5501 collectoque
1354 5429 1900 5500 religiosissimorum
1935 5447 2128 5485 mona—

539 5528 773 5582 chorum
816 5535 965 5581 ccetu
999 5542 1063 5582 ac
1084 5528 1208 5583 loco
1239 5527 1535 5580 structuris
1562 5524 1891 5595 praediisiiue
1915 5525 2131 5578 abunde

540 5620 894 5693 locupletato,
936 5622 1333 5677 monasterium
1399 5619 1505 5672 Deo
1561 5630 1782 5674 auclore
1836 5620 2127 5674 collectum

2234 4600 2553 4671 περιφανῶν
2588 4600 2683 4653 καὶ
2720 4598 2972 4670 μεγάλων
3015 4598 3130 4651 ἴσον
3164 4598 3480 4668 καθίστησι.
3531 4600 3605 4651 Τὸ
3644 4599 3699 4651 δὲ
3732 4596 3819 4649 τοῦ

2238 4692 2555 4764 κορυφαίου·
2586 4691 2695 4744 τῶν
2751 4690 3065 4745 ἀποστόλων
3122 4691 3349 4761 τέμενος
3384 4693 3440 4743 ἐν
3475 4690 3555 4761 τῷ
3602 4689 3820 4762 Ῥηγίῳ,

2235 4787 2325 4840 διὰ
2345 4787 2443 4855 τὴν
2473 4783 2883 4853 ἀπειλουμένην
2923 4782 3135 4837 πτῶσιν
3174 4783 3375 4836 ἄϐατον
3406 4783 3702 4852 τυγχάνον,
3730 4779 3821 4832 αὖ·

2236 4879 2329 4941 τὸς
2357 4877 2603 4931 καθελὼν
2636 4880 2731 4930 καὶ
2781 4878 2845 4929 ἐκ
2878 4874 3094 4945 βάθρων
3124 4875 3534 4943 καινουργήσας
3578 4876 3821 4943 ἐδείματο

2237 4972 2315 5031 εἰς
2351 4970 2572 5039 μνήμην
2596 4966 2763 5019 αὐτοῦ
2792 4965 3015 5037 διηνεκῆ
3039 4981 3100 5017 τε
3127 4964 3221 5017 καὶ
3252 4964 3639 5034 ἁνεπίληστον.
3661 4964 3744 5016 Ἔν
3771 4962 3820 5013 δὲ

2235 5065 2357 5126 ταῖς
2378 5060 2470 5114 τοῦ
2508 5060 2788 5130 Βαθύρσου
2822 5060 2837 5089 ί
2864 5056 3113 5125 ποταμοῦ
3143 5054 3575 5127 ὑπερκειμέναις
3613 5055 3820 5109 Ἰουστι-

2242 5153 2428 5208 νιανοῦ
2480 5153 2752 5222 γεφύραις
2803 5148 3132 5203 Καλλινίκου
3184 5146 3279 5201 τοῦ
3319 5149 3603 5220 μάρτυρος
3634 5147 3819 5217 ἠδαφι-

2240 5249 2440 5320 σμένον
2469 5246 2597 5300 ναὸν
2628 5246 2722 5299 τοῦ
2758 5244 3031 5316 προτέρου
3057 5242 3344 5315 κρείττονα
3374 5242 3623 5315 ἤγειρεν.
3665 5241 3747 5293 Ἐν
3769 5235 3819 5287 δὲ

2237 5342 2316 5413 τῷ
2348 5340 2669 5409 καλουμένῳ
2691 5338 2866 5408 τούτῳ
2885 5336 3085 5409 Στενῷ,
3113 5336 3205 5390 τὸν
3226 5336 3429 5407 αὐχένα
3454 5337 3552 5390 τοῦ
3575 5332 3817 5400 Εὐξείιου

2238 5435 2405 5506 φημὶ,
2441 5435 2534 5486 τὸν
2568 5432 2662 5485 τοῦ
2690 5431 2849 5501 ἁγίου
2890 5431 3059 5483 Φωκᾶ
3112 5431 3424 5484 πάνσεπτον
3455 5425 3606 5484 οἷκον
3637 5420 3816 5493 θεαρέ-

2240 5545 2381 5590 στως
2414 5543 2471 5578 τε
2503 5526 2599 5578 καὶ
2630 5523 2894 5593 θεοφιλῶς
2911 5521 3318 5597 δομησάμενος,
3364 5526 3456 5577 καὶ
3497 5516 3743 5590 σύστημά
3770 5530 3815 5563 τι

2243 5619 2492 5689 μοναχῶν
2522 5616 2763 5669 εὐλαϐῶν
2786 5617 3166 5689 συναθροίσας,
3200 5617 3463 5688 κτίσμασί
3495 5634 3554 5671 τε
3581 5613 3673 5667 καὶ
3690 5605 3803 5675 κτήο

1852 5714 2083 5767 νΑιὶΙίΕ
2130 5712 2528 5769 LEC'l'lONES.

617 5810 657 5841 ’τ
697 5808 1081 5879 φωτοδόχουςῖ
1156 5808 1199 5841 οδ
1235 5808 1345 5878 ναῷ
1376 5810 1438 5862 Α.
1520 5810 1561 5839 ⁹³
1610 5807 1881 5877 συνδρομῇ
1922 5810 1981 5860 Α.

2066 5809 2077 5835 ³
2120 5806 2401 5875 ιῖαίῖύρσου
2434 5808 2494 5859 Α.
