4136 6426
562 300 668 366 359

1689 303 2196 365 THEOPHANES
2225 303 2791 366 CONTINUATUS.

3722 312 3821 377 360

627 419 719 473 97.
751 417 1017 472 Prmterea
1040 416 1184 487 genti
1216 415 1521 471 [iussorum
1557 417 1825 471 nescienti
1853 431 2131 472 mansues-

2318 419 2424 486 ιιζκ
2466 419 2629 473 nam
2654 419 2747 473 καὶ
2773 418 2834 473 τὸ
2855 416 2963 472 τῶν
3004 418 3137 483 Ῥὼς
3165 420 3205 451 ¹⁸
3236 417 3394 482 ἔθνος
3413 419 3824 491 δυσμαχώτατόν

557 524 685 564 cere
725 510 891 564 ullive
916 508 1111 564 cedere
1146 518 1312 578 atque
1343 524 1373 563 a
1405 507 1499 562 Dei
1530 524 1694 563 sensu
1727 526 1788 563 ac
1820 510 2024 580 pietate
2054 526 2142 562 re-

562 603 904 665 metissimre,
935 602 1052 656 auri
1083 603 1410 672 argentique
1451 618 1513 656 ae
1548 604 1862 665 sericarum
1904 605 2141 657 veStinm

556 695 797 750 aiiluenti
852 696 1143 766 largitione
1196 697 1250 749 in
1313 698 1490 752 laetius
1545 706 1850 765 pertractat,
1885 698 2145 768 initisque

556 804 683 843 cum
709 805 772 844 ea
813 789 1052 845 induciis
1087 788 1248 862 3&3
1280 804 1345 843 ac
1375 805 1506 856 pace
1535 790 1769 855 ﬁrmata,
1807 790 1976 844 divini
2008 805 2145 859 quo-

555 896 664 948 que
702 880 1048 950 baptismatis
1099 881 1396 950 participes
1452 882 1566 934 ﬁeri
1608 881 1903 951 persuasit,
1953 898 2017 937 ac
2048 898 2143 936 ar-

555 973 969 1043 chiepiscopum
1004 974 1073 1027 ab
1122 972 1331 1043 lgnatio
1370 972 1678 1041 patriarcha
1733 973 2045 1028 ordinatum
2082 982 2143 1029 ut

556 1067 906 1135 susciperent
934 1065 1132 1119 el‘fecit.
1168 1064 1215 1119 ls
1255 1064 1323 1119 ad
1379 1066 1539 1119 dictae
1591 1064 1768 1135 gentis
1802 1065 2139 1133 provinciam

553 1174 681 1214 cum
722 1160 984 1220 venisset.
1028 1174 1096 1213 ex
1156 1158 1246 1213 tali
1302 1166 1502 1213 eventu
1552 1156 1867 1225 illustrique
1895 1157 2143 1213 facinore

554 1251 705 1307 illius
763 1252 866 1306 sibi
907 1251 1125 1305 animos
1186 1249 1377 1304 faciles
1434 1249 1689 1304 reddidit.
1744 1248 1936 1304 Gentis
1992 1250 2138 1303 enim

551 1338 841 1407 princeps,
874 1337 1107 1391 subdita:
1142 1336 1316 1407 plebis
1348 1349 1537 1392 coacto
1565 1349 1734 1403 coetu,
1764 1353 1888 1392 cum
1922 1348 2139 1394 senato-

552 1432 704 1485 ribus
737 1431 853 1485 suis
890 1446 955 1484 ae
979 1430 1305 1500 proceribus
1334 1432 1700 1500 praesidebat:
1750 1433 1843 1502 qui
1897 1444 1950 1486 et
1986 1433 2140 1488 lalsa-

551 1520 806 1590 religioni
847 1520 920 1575 ob
960 1522 1176 1588 longam
1207 1523 1665 1576 consuetudinem
1714 1522 2016 1591 proclivius
2057 1539 2139 1578 re-

547 1612 711 1683 liquis
756 1611 1133 1669 adltmrebant.
1187 1614 1372 1683 Deque
1427 1628 1524 1669 sua
1579 1628 1643 1667 ae
1696 1613 2135 1669 Christianorum

549 1703 653 1757 ﬁde
693 1702 1151 1767 deliberantibus,
1206 1704 1260 1757 in
1295 1713 1627 1759 conventum
1681 1715 1913 1759 vocatur
1941 1706 2034 1776 qui
2068 1708 2133 1760 ad

545 1810 641 1849 eos
705 1811 901 1851 recens
953 1800 1243 1866 episcopus
1292 1805 1558 1863 venerat;
1617 1813 1682 1853 ac
1717 1814 1969 1867 quaenam
2025 1800 2138 1869 ipse
2173 1772 2213 1827 Β

550 1887 904 1955 proﬁteretur
938 1904 1145 1959 eosque
1173 1888 1438 1943 docturus
1464 1898 1637 1953 esset,
1663 1906 1731 1944 ex
1763 1892 1855 1945 illo
1893 1891 2140 1946 sciscita-

549 1981 778 2033 bantur.
807 1980 883 2034 Eo
916 1996 1134 2035 sacrum
1168 1981 1340 2035 divini
1377 1966 1649 2052 evangelii
1688 1983 1884 2037 librmn
1914 1992 2135 2052 protrn~

544 2072 724 2136 dente,
744 2087 807 2125 ac
832 2072 1077 2141 quaedam
1113 2072 1419 2128 Salvatoris
1446 2075 1618 2129 llOSll‘i
1646 2074 1909 2128 miracula
1938 2075 2140 2145 Deique

543 2164 597 2216 in
656 2162 835 2218 Veteri
890 2164 1246 2221 Testamento
1300 2166 1545 2237 prodigia
1597 2178 1922 2237 exponente,
1954 2169 2137 2222 statim

543 2251 707 2308 Russi
742 2256 1141 2310 subdiderunt:
1172 2255 1295 2309 Nisi
1329 2274 1421 2310 nos
1450 2259 1609 2310 etiam
1636 2260 1898 2328 ejusmodi
1932 2260 2137 2327 aliquid

540 2347 851 2412 viderimus,
896 2364 957 2400 ac
984 2350 1321 2414 potissimum
1352 2349 1508 2419 quale
1554 2352 1609 2403 in
1657 2352 1818 2404 trium
1852 2368 2137 2422 puerorum

541 2438 750 2489 camino
798 2440 1062 2493 accidisse
1108 2440 1264 2504 dicis,
1317 2441 1522 2493 nullum
1561 2458 1782 2510 prorsus
1838 2445 1933 2498 tibi
1978 2445 2137 2514 ﬁdem

545 2526 881 2591 habebimus,
921 2545 1013 2583 nec
1045 2530 1149 2583 tuis
1184 2530 1351 2583 verbis
1384 2531 1621 2585 animum
1643 2549 1899 2603 auresque
1927 2544 2135 2589 nostras

544 2618 694 2672 ultra
730 2619 1275 2676 acrommodabimus.
1308 2621 1519 2677 Praesul
1546 2638 1676 2678 vero
1709 2624 1777 2677 de
1809 2626 1954 2679 illius
2002 2642 2134 2696 pro-

541 2708 831 2762 missionis
860 2711 1087 2765 veritate
1119 2712 1318 2775 lretus,
1350 2712 1450 2784 qui
1480 2712 1591 2767 ait:
1621 2711 1679 2767 Si
1713 2714 1841 2783 quid
1871 2718 2132 2785 petieritis

535 2797 594 2850 in
618 2801 824 2853 nomine
848 2817 980 2866 meo,
1009 2803 1278 2871 accipietis
1301 2824 1320 2871 ;
1341 2814 1429 2859 et:
1454 2804 1559 2870 Qui
1586 2806 1749 2858 credit
1779 2807 1835 2858 in
1858 2824 1957 2872 nte,
1980 2825 2135 2876 opera
2170 2874 2175 2879 θ

538 2904 658 2957 qua:
679 2906 771 2959 ego
810 2892 974 2960 facio,
1019 2904 1066 2947 et
1097 2894 1190 2948 ille
1220 2896 1403 2965 faciet,
1428 2906 1478 2949 et
1513 2899 1723 2964 majora
1763 2897 1846 2951 Itis
1881 2899 2039 2967 [ποίει
2078 2899 2121 2963 1,

542 2987 656 3033 tum
702 2982 964 3037 nimirum
1000 3000 1123 3039 cum
1162 3003 1268 3041 non
1307 2988 1696 3045 ostentationis
1741 3006 1908 3045 causa
1937 2994 2033 3048 sed
2063 2994 2129 3047 ad

2245 529 2305 564 τε
2341 514 2436 566 καὶ
2461 510 2771 566 ἁθεώτατον
2810 511 2870 564 ὃν
2896 514 3100 581 χρυσοῦ
3135 528 3195 563 τε
3219 511 3313 563 καὶ
3342 512 3586 584 ἀργύρου
3608 518 3699 569 καὶ
3730 534 3821 588 ση-

2249 603 2418 675 ρικῶν
2456 602 2884 675 περιϐλημάτων
2916 606 3129 665 ἱκαναῖς
3158 602 3468 658 ὲπιδόσεσιν
3490 608 3573 667 είς
3613 609 3817 675 συμϐα-

2247 712 2363 758 σεις
2395 694 2859 765 ἐφελκυσάμενος,
2888 697 2982 749 καὶ
3011 695 3245 757 σπονδὰς
3271 695 3411 764 πρὸς
3446 696 3644 758 αὐτοὺς
3674 715 3819 751 onst-
3884 686 3907 703 “

2248 790 2482 860 σάμενος
2513 788 2819 859 εἰρηνικὰς,
2848 790 2907 839 ὲν
2931 790 3132 858 μετοχῇ
3161 787 3417 855 γενέσθαι
3462 790 3557 841 καὶ
3587 788 3683 841 τοῦ
3718 808 3820 843 σω-

2242 879 2544 951 τηριώδους
2600 880 2977 950 βαπτίσματος
3028 880 3218 932 ἔπεισε
3252 880 3347 933 καὶ
3398 880 3820 950 ἀρχιεπίσκοπον

2246 972 2399 1044 παρὰ
2440 972 2535 1026 τοῦ
2582 972 2926 1044 πατριάρχου
2969 972 3237 1041 Ἰγνατίου
3286 975 3386 1042 τὴν
3414 972 3458 1003 ¹⁶
3497 974 3821 1043 χειροτονίαν

2244 1065 2541 1135 δεξάμενον
2565 1066 2823 1130 δέξασθαι
2854 1064 3300 1134 παρεσκεύασεν,
3329 1064 3388 1127 ὃς
3416 1065 3561 1117 κατὰ
3589 1066 3686 1135 τὴν
3731 1065 3820 1119 τοῦ

2245 1153 2537 1224 εἰρημένου
2566 1153 2754 1215 ἔθνους
2788 1153 2973 1225 χώραν
3008 1153 3405 1224 παραγεγονὼς
3435 1153 3547 1207 ἀπὸ
3575 1154 3821 1225 τοιαύτης

2243 1245 2499 1316 πράξεως
2527 1245 2937 1315 εὐπαράδεκτος
2957 1246 3035 1315 τῷ
3058 1246 3201 1298 ἔθνει
3224 1246 3544 1316 γεγένηται.
3582 1246 3688 1299 Τοῦ
3718 1249 3821 1317 γὰρ

2241 1337 2505 1409 ἄρχοντος
2531 1339 2625 1391 τοῦ
2659 1339 2906 1392 τοιούτου
2936 1340 3129 1407 γένους
3155 1337 3420 1406 σύλλογον
3449 1337 3545 1391 τοῦ
3584 1338 3819 1409 ὑπηκόου

2242 1431 2611 1503 ποιησαμένου
2642 1430 2728 1503 [Ρ.
2754 1433 2885 1504 2H]
2915 1433 3008 1485 καὶ
3047 1433 3187 1502 μετὰ
3222 1431 3332 1484 τῶν
3364 1432 3499 1501 περὶ
3542 1431 3704 1485 αὐτὸν
3738 1450 3823 1500 γε·

2242 1525 2444 1595 ρόντων
2468 1524 2961 1595 προκαθεσθέντος,
2990 1525 3039 1578 οἳ
3059 1525 3167 1578 τῶν
3183 1525 3358 1578 ἄλλων
3392 1524 3597 1594 μᾶλλον
3625 1528 3690 1597 τῇ
3720 1527 3823 1578 δειρ

2242 1615 2384 1668 σιδαι
2410 1616 2572 1687 μονία
2594 1617 2681 1671 διὰ
2703 1616 2802 1688 τὴν
2837 1618 3054 1688 μακρὰν
3079 1619 3370 1690 συνήθειαν
3393 1620 3824 1690 προστετηκότες

2242 1705 2559 1774 ἐτύγχανον,
2587 1707 2684 1760 καὶ
2715 1709 3104 1779 σκοπουμένων
3124 1709 3254 1777 περί
3280 1725 3341 1762 τε
3371 1710 3478 1778 τῆς
3507 1711 3715 1775 οἰκείας
3734 1714 3823 1765 καὶ

2243 1797 2352 1851 τῶν
2409 1799 2756 1869 Χριστιανῶν
2786 1800 3042 1866 πίστεως,
3077 1802 3420 1857 εἰσκαλετται
3460 1804 3489 1856 ὁ
3539 1804 3666 1874 ἄρτι
3693 1806 3825 1876 πρὸς

2241 1890 2440 1953 αὐτοὺς
2475 1894 2739 1961 φοιτήσας
2768 1894 3085 1966 ἀρχιερεὺς,
3110 1895 3206 1947 καὶ
3238 1895 3360 1949 τίνα
3397 1896 3472 1950 τὰ
3511 1897 3644 1967 παρ’
3666 1897 3824 1951 αὐτοῦ

2241 1984 2727 2054 καταγγελλόμενα
2780 1986 2877 2037 καὶ
2924 1986 3122 2048 αὐτοὺς
3153 1986 3513 2042 διδάσκεσθαι
3568 1989 3823 2058 μέλλοντα

2241 2075 2598 2131 ἐπυνθάνετο.
2629 2076 2735 2129 Τοῦ
2761 2076 2817 2128 δὲ
2849 2076 2947 2148 τὴν
2982 2078 3135 2146 ἱερὰν
3186 2078 3281 2131 τοῦ
3314 2076 3468 2131 θείου
3499 2079 3823 2147 Εύαγγελίου

2244 2166 2426 2236 βίϐλον
2479 2167 2869 2239 προτείναντος
2897 2207 2913 2231 ,
2968 2168 3063 2220 καί
3108 2185 3232 2221 τινα
3265 2166 3375 2221 τῶν
3436 2168 3532 2222 τοῦ
3580 2168 3827 2239 Σωτῆρος

2240 2260 2399 2329 ἡμῶν
2429 2262 2521 2313 καὶ
2550 2262 2684 2314 Θεοῦ
2736 2260 3033 2330 θαυμάτων
3064 2260 3248 2323 αὐτοῖς
3278 2262 3727 2330 ἀπαγγείλαντος
3756 2264 3821 2325 ιτ,

2240 2351 2333 2404 καὶ
2361 2351 2472 2403 τῶν
2504 2351 2612 2405 ὑπὸ
2633 2352 2727 2406 τοῦ
2757 2353 2800 2385 ³⁸
2828 2352 2965 2405 Θεοῦ
2981 2368 3039 2404 τε
3050 2351 3542 2421 ρατουργηθέντων
3563 2353 3705 2407 κατὰ
3726 2354 3820 2422 τὴν

2240 2440 2481 2495 παλαιὰν
2509 2442 2607 2512 τὴν
2633 2442 2875 2512 ἱστορίαν
2907 2443 3092 2505 αὐτοῖς
3122 2441 3544 2508 ἀναπτύξαντος
3567 2460 3582 2475 ·
3627 2445 3698 2497 El
3743 2442 3823 2512 μή

2238 2551 2292 2587 τι
2320 2533 2438 2588 τῶν
2462 2537 2700 2604 ὁμοίων,
2734 2535 2943 2605 ἔφασαν
2963 2534 3167 2597 εὐθέως
3199 2536 3241 2567 ⁸³
3259 2536 3309 2587 oi
3348 2534 3514 2601 Ῥὼς,
3534 2535 3634 2590 καί
3659 2533 3825 2604 ἡμεῖς

2239 2630 2592 2695 θεασόμεθα,
2628 2628 2724 2681 καὶ
2757 2628 3028 2696 μάλιστα
3058 2622 3186 2680 οἷον
3216 2626 3282 2680 τὸ
3321 2626 3366 2657 ’⁸
3400 2626 3475 2680 ἐν
3496 2627 3573 2694 τῇ
3601 2628 3822 2695 καμίνῳ

2236 2721 2356 2774 τῶν
2390 2720 2565 2789 τριῶν
2590 2721 2789 2789 λέγεις
2823 2720 3074 2785 παίδων,
3133 2723 3243 2773 οὐκ
3280 2718 3358 2771 ἄν
3388 2736 3493 2773 σοι
3535 2719 3693 2786 ὅλως
3730 2734 3815 2772 xt-

2237 2816 2612 2883 στεύσωμεν.
2644 2814 2791 2867 οὐδὲ
2828 2814 2937 2880 τὰς
2960 2813 3155 2878 ἀκοὰς
3189 2812 3358 2880 ἡμῶν
3386 2812 3477 2866 ἔτι
3529 2812 3655 2878 τοῖς
3708 2813 3814 2866 ὑπὸ

2236 2908 2352 2962 σοῦ
2383 2907 2738 2978 λεγομένοις
2760 2908 3148 2976 ὑπόσχωμεν.
3200 2907 3260 2959 '0
3309 2905 3366 2959 δὲ
3425 2907 3701 2968 πεποιθὼς
3734 2905 3821 2958 ἐπὶ

2234 3000 2311 3070 τῷ
2346 3000 2569 3069 ἀψευδεῖ
2589 3000 2684 3053 τοῦ
2712 3000 2980 3064 εἰπόντος,
3010 3001 3093 3052 ὅτι
3121 3000 3182 3049 Ὃ
3203 2998 3312 3051 ἐὰν
3340 2999 3636 3066 αἰτήσητε
3653 3000 3722 3053 ἐν
3747 2997 3820 3062 τῷ

535 3074 771 3128 salutem
808 3078 1118 3131 animarum
1154 3079 1269 3134 bare
1302 3097 1424 3150 qum
1463 3081 1622 3148 ﬁunt,
1649 3093 1778 3138 sunt
1814 3086 2021 3150 futura,
2051 3087 2130 3140 ait

2234 3093 2478 3163 ὀνόματι
2523 3111 2665 3163 μου,
2696 3092 3005 3160 λήψεσθε·
3037 3091 3155 3156 καὶ,
3181 3092 3263 3143 ὅτι
3306 3090 3367 3144 '0
3397 3093 3709 3147 πιστεύων
3736 3093 3819 3157 είς

537 3164 605 3217 ad
632 3181 771 3221 eos:
804 3166 971 3240 3“
1004 3168 1124 3223 Etsi
1174 3189 1278 3224 non
1311 3173 1432 3228 licet
1462 3173 1752 3228 Dominum
1803 3176 1966 3231 Deum
2014 3188 2124 3232 ten-

535 3265 671 3320 tare,
695 3260 740 3310 si
773 3268 946 3313 tamen
972 3276 1037 3313 ex
1060 3264 1238 3316 animo
1269 3266 1536 3318 statuistis
1561 3268 1629 3319 ad
1665 3267 1825 3321 Deum
1856 3271 2123 3334 accedere,

533 3349 675 3419 quod
711 3349 949 3416 libuerit,
983 3354 1079 3406 hoc
1113 3364 1161 3407 et
1195 3357 1393 3423 petite;
1440 3359 1756 3428 omninoque
1793 3360 1933 3413 Deus
1982 3378 2121 3429 pm:-

533 3440 695 3493 stabit
724 3454 938 3511 propter
976 3445 1132 3513 ﬁdem
1164 3458 1413 3514 vestram,
1450 3450 1546 3501 etsi
1574 3466 1667 3503 nos
1696 3452 2037 3519 despicabiles
2072 3462 2122 3506 et

534 3535 743 3587 minimi
775 3554 957 3589 sumus
988 3547 1050 3590 ω.
1083 3538 1297 3594 Petiere
1331 3542 1507 3609 ipsqu
1547 3542 1670 3596 ﬁdei
1699 3543 2032 3598 Christianae
2063 3546 2123 3598 li-

534 3625 693 3679 brum
753 3630 1022 3697 (divinum
1085 3631 1296 3684 scilicet
1360 3649 1690 3703 sacrumque
1742 3634 2118 3708 Evangelium)

532 3716 586 3769 in
615 3733 801 3786 rogum
829 3720 975 3789 injiei
1001 3721 1066 3772 ab
1089 3721 1170 3774 eis
1193 3737 1509 3787 accensum,
1534 3739 1596 3778 ac
1621 3725 1890 3794 siquidem
1921 3728 2117 3783 librum

534 3808 671 3860 nihil
706 3808 922 3862 ﬂamma
955 3810 1157 3864 laeserit
1186 3820 1282 3864 aut
1310 3817 1604 3881 exusserit,
1640 3819 1704 3869 ad
1731 3816 1900 3873 Deum
1934 3835 2119 3876 acces-

530 3915 715 3962 suros,
744 3902 836 3969 qui
869 3902 938 3955 ab
975 3903 1066 3956 illo
1108 3904 1523 3972 praedicaretur.
1554 3908 1767 3974 Quibus
1816 3912 1897 3966 sic
1932 3914 2115 3980 dictis,

529 4006 596 4044 ac
654 3993 945 4048 sacerdote
974 3997 1165 4052 oculos
1210 4014 1276 4053 ae
1312 4016 1507 4055 manus
1560 4004 1626 4055 ad
1660 4002 1827 4057 Deum
1881 4006 2115 4072 levante,

529 4093 695 4152 atque
724 4086 942 4141 dicente
969 4105 981 4141 :
1010 4089 1266 4159 Clariﬁcu
1291 4109 1479 4146 nomen
1512 4105 1758 4149 sanctum
1795 4108 1967 4161 tuum,
1989 4098 2117 4153 Jesn

528 4174 740 4231 Christe
773 4178 908 4233 Deus
949 4193 1143 4247 noster,
1169 4187 1457 4239 etiamnum
1486 4188 1541 4241 in
1571 4189 1739 4242 oculis
1760 4193 1929 4259 gentis
1957 4192 2116 4260 hujus

527 4268 789 4324 universa:
821 4279 870 4336 ’³,
905 4276 1079 4327 saluti
1135 4276 1413 4346 Evangelii
1452 4279 1590 4333 liber
1644 4283 1694 4333 in
1748 4296 1937 4351 rogum
1976 4284 2115 4353 ignis

526 4360 814 4429 conjectus
848 4373 955 4417 est.
1010 4363 1120 4420 Nec
1160 4370 1353 4435 paucis
1384 4369 1632 4423 decursis
1670 4372 1841 4438 horis,
1873 4388 1937 4428 ac
1985 4391 2114 4446 rogo

2232 3184 2358 3253 ἐμὲ,
2381 3185 2455 3237 τὰ
2481 3186 2645 3253 ἔργα,
2677 3185 2717 3239 d
2743 3184 2858 3255 ἐγὼ
2885 3183 3053 3247 ποιῶ,
3103 3183 3385 3250 κάκεῖνος
3416 3186 3687 3253 ποιήσει,
3722 3184 3817 3237 καί

2227 3276 2467 3346 μείζονα
2508 3276 2737 3329 τούτων
2782 3275 3046 3343 ποιήσει,
3110 3277 3241 3329 ὅταν
3267 3278 3326 3328 οὗ
3361 3278 3504 3347 πρὸς
3533 3276 3820 3341 ἐπίδειξιν,

2230 3369 2368 3422 ἀλλὰ
2401 3368 2538 3440 πρὸς
2564 3368 2843 3437 σωτηρίαν
2872 3367 3063 3437 ψυχῶν
3090 3368 3275 3438 μέλλει
3298 3366 3551 3435 γίνεσθαι
3577 3369 3645 3421 τὰ
3674 3367 3823 3436 γινό-

2234 3477 2392 3528 μενα,
2419 3460 2524 3529 ἔφη
2551 3458 2684 3527 πρὸς
2722 3457 2921 3521 αύτούς
2949 3476 2959 3488 ⁸
2993 3462 3061 3513 Et
3092 3459 3190 3512 καὶ
3212 3458 3298 3526 μὴ
3344 3459 3596 3524 ἔξεστιν
3621 3459 3823 3513 ἐκπει-

2222 3552 2427 3621 ράζειν
2467 3552 2689 3619 Κύριον
2739 3551 2847 3603 τὸν
2876 3550 3045 3610 Θεὸν,
3074 3550 3213 3604 ἀλλ’
3246 3551 3402 3619 ὅμως
3436 3551 3490 3600 εί
3518 3548 3588 3602 ἐκ
3613 3550 3827 3619 ψυχῆς

2227 3643 2586 3712 διεγνώκατε
2615 3642 2979 3710 προσελθεῖν
2997 3641 3078 3707 τῷ
3112 3642 3253 3704 Θεῷ,
3279 3643 3625 3709 αἰτήσασθε
3677 3642 3826 3710 ὅπερ

2228 3738 2323 3793 καὶ
2351 3738 2683 3801 βούλεσθε,
2707 3736 2805 3789 καὶ
2833 3734 3073 3801 ποιήσει
3097 3734 3275 3787 τοῦτο
3314 3732 3562 3797 πάντως
3584 3731 3682 3784 διὰ
3708 3734 3827 3799 τὴν

2227 3832 2436 3885 πίστιν
2456 3829 2624 3899 ὑμῶν
2650 3830 2694 3860 ⁸¹
2730 3831 2764 3882 ό
2796 3827 2962 3891 Θεὸς,
2989 3824 3105 3879 κᾶν
3124 3825 3297 3894 ἡμεῖς
3325 3826 3519 3894 ἐσμεν
3552 3826 3825 3893 εὐτελεῖς

2226 3923 2322 3975 καὶ
2358 3921 2691 3988 ἐλάχιστοι.
2716 3921 2778 3972 υἱ
2807 3918 2865 3971 δὲ
2894 3918 3169 3989 ᾐτήσαντο
3202 3917 3333 3970 αὐτὸ
3358 3918 3421 3969 τὸ
3450 3916 3551 3986 τῆς
3580 3918 3824 3981 πίστεως

2226 4014 2333 4067 τῶν
2387 4012 2733 4080 Χριστιανῶν
2786 4010 3015 4081 βιϐλίον,
3072 4010 3194 4079 ἦτοι
3232 4009 3292 4063 τὸ
3344 4009 3491 4063 θεῖον
3537 4010 3631 4063 καὶ
3676 4011 3820 4083 ἱερὸν

2226 4106 2584 4174 Εὐαγγέλιον,
2629 4107 2687 4157 ἐν
2708 4106 2775 4174 τῇ
2807 4102 2900 4156 ὑπ’
2929 4102 3112 4155 αὐτῶν
3132 4102 3440 4175 ἀναφθείσῃ
3467 4103 3814 4173 ἐμϐληθῆναι

2225 4200 2505 4270 πυρκαῖᾷο
2567 4199 2662 4251 καὶ
2692 4199 2743 4251 εί
2790 4194 3029 4258 ἀϐλαϐὲς
3065 4194 3334 4265 τηρηθείη
3386 4194 3483 4247 καὶ
3513 4197 3810 4262 ᾶκαυστον,

2222 4292 2547 4360 προσελθεῖν
2578 4289 2654 4359 τῷ
2681 4287 2814 4358 παρ’
2848 4287 3017 4339 αὐτοῦ
3069 4286 3465 4357 κηρυσσομένῳ
3500 4287 3647 4359 Θεῷ.
3688 4289 3812 4357 'Pq-

2223 4385 2424 4437 θέντων
2457 4383 2514 4435 δὲ
2553 4381 2781 4441 τούτων,
2812 4380 2907 4432 καὶ
2941 4380 3034 4431 τοῦ
3086 4382 3279 4449 ίερέως
3316 4380 3452 4449 πρὸς
3480 4380 3574 4434 τὸν
3603 4382 3649 4413 ³²
3678 4381 3809 4435 Θεὸν

525 4449 724 4503 exinde
753 4454 1047 4520 exstincto,
1083 4456 1365 4510 inventum
1397 4468 1481 4512 est
1513 4473 1732 4513 sacrum
1762 4462 2014 4519 volumen
2044 4468 2106 4522 il-

2234 4478 2341 4539 τοὺς
2362 4474 2678 4543 ὀφθαλμοὺς
2708 4473 2801 4525 καὶ
2823 4472 2923 4535 τὰς
2945 4474 3135 4543 χεῖρας
3158 4473 3488 4541 ἐπάραντος,
3508 4473 3605 4529 καὶ
3627 4473 3809 4528 είπόν·

527 4539 717 4595 laesum
767 4556 867 4597 nec
901 4546 1087 4601 edacis
1136 4546 1369 4603 ﬂammae
1400 4550 1451 4603 vi
1490 4550 1596 4605 ulla
1643 4554 1930 4619 violatum,
1963 4560 2109 4614 nulla

522 4634 642 4699 ejus
673 4634 740 4689 ab
767 4637 894 4704 igne
923 4653 1063 4693 noxa
1106 4650 1200 4695 aut
1238 4642 1624 4709 diminutione,
1658 4654 1718 4700 ut
1766 4664 1835 4704 ne
1883 4651 2110 4705 ﬁmbriae

523 4727 748 4794 quidem
783 4729 982 4783 librum
1014 4731 1333 4808 claudentes
1362 4735 1529 4790 ullam
1575 4746 1673 4792 aut
1697 4744 2105 4809 corruptionem

524 4827 619 4871 aut
648 4819 826 4875 labem
861 4825 1154 4879 senserint.
1182 4825 1301 4892 Quo
1329 4828 1449 4883 viso
1483 4830 1726 4897 barbari,
1760 4848 1825 4887 ac
1857 4835 2106 4892 miraculi

524 4913 908 4983 magnitudine
946 4917 998 4970 in
1032 4928 1314 4989 stuporem
1348 4922 1477 4987 acti,
1510 4925 1658 4979 omni
1694 4926 1907 4981 sublata
1945 4929 2105 4985 haesi-

522 5006 732 5062 tatione
766 5008 1040 5077 baptismo
1072 5010 1266 5082 intingi
1298 5024 1608 5083 coeperunt.

2219 4586 2333 4630 τος,
2383 4570 2464 4620 ὅτι
2517 4567 2793 4629 Δόξασόν
2835 4579 2951 4618 σου
2988 4564 3053 4616 τὸ
3108 4563 3282 4631 ἅγιον
3334 4562 3560 4632 ὄνομα.
3608 4563 3810 4632 Ἰησοῦ

2217 4659 2434 4727 Χριστὲ
2464 4661 2495 4712 ό
2531 4659 2676 4723 Θεὸς
2704 4655 2896 4725 ἡμῶν,
2932 4655 3032 4709 καὶ
3078 4654 3196 4707 νῦν
3235 4655 3305 4707 ἐν
3338 4654 3678 4724 ὀφθαλμοῖς
3708 4652 3810 4707 τοῦ

2216 4752 2434 4817 ἔθνους
2470 4751 2687 4804 τούτου
2726 4750 2977 4813 παντὸς,
3018 4746 3218 4819 ἐρρίφη
3281 4746 3361 4809 είς
3417 4746 3517 4815 τὴν
3572 4747 3808 4815 κάμινον

2216 4841 2312 4896 τοῦ
2346 4843 2518 4913 πυρὸς
2551 4843 2583 4911 ἡ
2610 4840 2705 4894 τοῦ
2738 4839 2893 4907 ἁγίου
2935 4837 3271 4906 Εὑαγγελίου
3299 4835 3501 4905 βίϐλος.
3551 4837 3727 4908 Ὡρῶν
3756 4836 3810 4890 δὲ

2215 4932 2604 5003 διεληλυθυιῶν
2630 4931 2853 4995 ἱκανῶν,
2880 4928 3000 4984 εἶτα
3022 4931 3120 5000 τῆς
3150 4930 3383 4999 καμίνου
3407 4931 3810 4985 κατασϐεσθεί-

2219 5041 2341 5094 σης,
2394 5023 2593 5094 εὑρέθη
2653 5024 2710 5076 τὸ
2765 5024 2910 5094 ἱερὸν
2964 5023 3193 5076 πυκτίον
3242 5024 3532 5092 διαμεῖναν
3596 5023 3807 5083 ἀπαθὲς

521 5100 606 5172 ιΡ.
636 5103 767 5176 ειε]
794 5106 890 5158 καὶ
921 5106 1205 5176 ἁλώϐητον
1230 5110 1326 5163 καὶ
1360 5112 1635 5183 μηδεμίαν
1664 5115 1770 5168 ὑπὸ
1810 5120 1906 5169 τοῦ
1933 5120 2103 5189 tropa;
2134 5122 2430 5191 δεξάμενον
2481 5120 2664 5191 λύμην
2717 5119 2749 5190 ἥ
2786 5120 3017 5189 μείωσιν
3042 5158 3057 5183 ,
3091 5119 3166 5181 ὡς
3226 5119 3363 5189 μηδὲ
3401 5119 3514 5172 τῶν
3580 5123 3640 5174 ἐν
3698 5120 3805 5179 τοῖς

519 5193 854 5269 κλειδὼμασι
877 5201 973 5271 τῆς
1008 5201 1191 5273 βίϐλου
1215 5207 1466 5276 κροοσῶν
1490 5208 1587 5280 τὴν
1612 5211 1827 5264 οἱανοῦν
1866 5215 2280 5285 ὑπομεινάντων
2312 5218 2523 5288 φθορὰν
2582 5216 2615 5288 ἢ
2681 5216 2989 5269 ἀλλοίωσιν.
3046 5214 3231 5286 Ὅπερ
3306 5215 3508 5280 ίόάντες
3577 5218 3628 5270 οἶ
3673 5216 3778 5286 βάρ

521 5291 699 5361 δαροι,
724 5293 816 5345 καὶ
844 5292 922 5363 τῷ
954 5295 1177 5363 μεγέθει
1203 5300 1652 5368 καταπλαγὲν-εει·
1678 5302 1776 5356 τοῦ
1807 5304 2106 5377 θαύματος,
2149 5310 2541 5372 ἁνενδοιάστως
2576 5308 2938 5379 βαπτίζεσθαι
2965 5308 3221 5381 ἤρξαντο.

603 5445 806 5505 ιιιοεη.
844 5466 957 5518 xw,
993 5454 1081 5520 14,
1121 5453 1207 5507 12.
1287 5466 1324 5493 ιη
1355 5454 1511 5512 Deut.
1546 5474 1617 5523 vt,
1661 5459 1747 5514 l6.
1825 5470 1853 5501 η
1892 5462 2055 5518 Joan.
2094 5481 2193 5530 sn,
2234 5467 2325 5521 28.

1822 5577 2051 5632 VAMA“.
2087 5580 2382 5637 LECTION
2394 5585 2495 5655 ES.

614 5681 658 5755 ξ’
692 5679 831 5755 ξΡὼς
864 5683 931 5735 Δ.
964 5754 971 5755 7
1012 5684 1056 5715 “
1091 5682 1191 5755 τὴν
1224 5702 1335 5739 om.
1367 5687 1429 5740 l’.

696 5691 831 5762 "l’tb‘;
864 5691 975 5762 Δ..-
1012 5691 1056 5762 ’ξ
1091 5691 1191 5755 τὴν
1224 5702 1335 5739 οιη.
1367 5691 1429 5740 l’.
1536 5691 1577 5722 ¹⁷
1606 5693 2031 5762 ἐπαγγείλαντος
2051 5700 2112 5754 Α,

520 5745 561 5776 ²¹
601 5750 759 5816 ἡμῶν
785 5754 852 5802 Α.
930 5754 975 5784 ¹¹
1006 5756 1096 5804 τὸν
1133 5745 1242 5811 om.
1271 5761 1334 5811 Α.

2213 5699 2255 5730 ’⁸
2287 5700 2379 5752 τοῦ
2417 5720 2525 5756 om.
2569 5702 2619 5756 Ι).
2724 5705 2765 5734 ¹³
2792 5702 2995 5765 εὐθέως
3026 5702 3273 5772 ἔξθασαν
3300 5706 3365 5759 Δ.
3444 5705 3488 5734 ’θ
3517 5703 3576 5756 τὸ
3596 5718 3683 5757 om
3735 5702 3793 5755 P.
