4136 6428
568 344 676 408 363

1669 341 2178 404 THEOPHANES
2205 341 2767 407 CONTINUATUS.

3731 355 3829 419 364

570 457 725 525 jubet
779 455 869 525 qui
907 454 1049 509 istud
1106 456 1351 511 muneris
1405 456 1573 526 probe
1628 457 1895 527 cxpleturi
1951 462 2158 512 essent.

2264 460 2494 527 αγαγεῖν
2529 460 2654 522 τοὺς
2692 456 3009 527 ὀφείλοντας
3057 457 3116 511 τὸ
3170 458 3331 527 ἔργον
3388 463 3687 519 ἐπιτελέσαι
3734 487 3825 524 κα-

574 548 711 601 Tuln
750 547 971 616 genicus
1013 545 1260 600 adhibito
1288 546 1531 618 diligenti
1564 546 1818 601 examine
1863 546 2159 616 solertique

572 653 728 701 cura,
770 646 825 691 ct
855 648 915 692 ut
968 638 1237 707 optimum
1304 638 1379 693 illi
1437 638 1740 703 videbatur,
1791 637 2013 707 optimis
2061 638 2157 691 de-

572 730 729 786 lectis
761 729 1106 799 maximeque
1155 729 1432 800 ingenuis,
1467 744 1767 799 eorumque
1815 728 2006 783 relatis
2054 742 2157 782 no-

570 821 837 884 minibus,
865 821 1007 876 haud
1041 822 1145 876 levi
1174 822 1373 893 dignus
1405 821 1677 892 vituperio
1705 821 1857 876 visus
1892 828 1977 875 est
2018 820 2157 875 acri-

571 929 748 982 usque
776 914 1121 984 objurgatus,
1145 914 1291 983 quod
1320 913 1505 984 ejusce
1526 912 1741 982 generis
1775 928 1839 967 ac
1866 912 2158 983 probitatis

567 1003 729 1077 347
778 1005 929 1061 viros
973 1006 1040 1060 ad
1073 1020 1275 1060 munus
1321 1005 1462 1061 istud
1503 1013 1849 1076 proponeret.
1906 1004 2157 1074 Cumque

568 1097 775 1153 diceret
828 1097 970 1153 inter
1027 1097 1178 1152 cives
1232 1110 1299 1151 ac
1346 1103 1461 1151 tota
1512 1096 1793 1166 republica
1844 1111 1906 1153 se
1971 1096 2154 1152 nullos

569 1188 825 1243 meliores
856 1188 1078 1253 habere,
1109 1188 1292 1242 intulit
1325 1188 1629 1258 imperator
1660 1206 1673 1242 :
1712 1187 1870 1242 Tanti
1894 1189 2036 1258 apud
2076 1205 2154 1242 me

566 1280 685 1348 ejus
715 1280 947 1334 muneris
983 1279 1188 1348 functio
1222 1287 1322 1343 est,
1375 1287 1435 1332 ut
1471 1290 1521 1333 et
1568 1280 1700 1349 ipse,
1744 1281 1791 1333 si
1835 1280 2037 1344 liceret,
2086 1282 2155 1333 ad

567 1388 683 1427 eam
710 1372 1050 1441 profecturus
1084 1386 1273 1427 essent.
1329 1371 1472 1436 Quia
1505 1380 1702 1438 tamen,
1736 1382 1793 1427 ut
1830 1372 1993 1443 probe
2010 1374 2149 1441 novi,

568 1482 661 1519 uec
692 1466 823 1519 satis
858 1465 993 1534 forte
1022 1464 1272 1518 decorum
1306 1466 1514 1519 videtur
1550 1482 1642 1519 nec
1674 1466 1945 1535 possibile,
1978 1483 2155 1520 neces-

567 1557 710 1612 san’o
765 1558 820 1611 in
863 1556 1069 1611 duobus
1121 1556 1431 1625 reipublicw
1484 1560 1781 1629 magistris,
1844 1569 2071 1626 tempore
2102 1567 2151 1614 et

566 1654 891 1723 experientia
939 1652 1228 1724 multisque
1280 1669 1373 1722 per
1418 1652 1631 1724 longam
1672 1662 1878 1708 wtatem
1919 1654 2154 1708 civilium

567 1747 982 1816 magistratuum
1007 1745 1369 1814 [unctionibus
1395 1745 1725 1811 exercitatis,
1747 1746 2064 1814 sincera-que
2098 1744 2153 1797 in

567 1812 751 1893 eis'ac
798 1812 1093 1907 exploratis
1129 1839 1346 1892 virtutis
1394 1838 1674 1907 probatis,
1734 1855 1881 1907 spem
1931 1812 2153 1904 colloco,
2184 1812 2228 1869 Β

569 1945 778 1999 remque
803 1929 867 1985 ab
895 1930 1007 1983 illis
1034 1930 1197 1999 probe
1229 1932 1615 2001 exsequendum
1652 1930 1880 1998 conﬁdo.
1924 1928 2000 1983 Tu
2035 1944 2157 1999 ergo

567 2026 677 2092 ipse
707 2023 899 2079 vadens
925 2022 1038 2091 ejus
1082 2023 1195 2077 illis
1235 2024 1522 2091 provinciae
1564 2022 1851 2076 utilitatem
1887 2038 2158 2092 meamque

567 2114 891 2169 voluntatem
930 2116 1176 2168 nuntiato
1202 2131 1222 2180 ;
1254 2122 1316 2168 a'c
1348 2115 1475 2167 dum
1498 2115 1555 2167 in
1582 2114 1817 2167 animum
1852 2114 2157 2167 induxeriut

568 2219 624 2261 ut
657 2206 1083 2277 proﬁciscantur,
1137 2208 1311 2277 placet
1343 2218 1393 2262 et
1426 2208 1577 2273 mihi,
1630 2223 2001 2278 assensumque
2030 2224 2157 2262 con-

570 2299 689 2354 silio
716 2299 941 2369 prasbeo.
998 2298 1187 2366 Viros,
1219 2308 1279 2355 ut
1321 2300 1567 2368 audiere,
1608 2310 1800 2370 stupor
1835 2302 2025 2367 subiit,
2070 2317 2159 2357 se-

572 2393 838 2460 niumque
902 2391 1322 2461 supplicationis
1377 2392 1501 2448 loco
1556 2408 1622 2449 ac
1682 2393 1876 2462 longos
1942 2408 2042 2463 pro
2100 2410 2160 2450 re

571 2484 790 2553 publica
841 2485 1156 2540 exautlatos
1200 2485 1417 2540 labores
1469 2494 1635 2554 atque
1684 2487 1918 2542 sudores
1973 2497 2158 2541 osten-

571 2576 763 2631 dentes
800 2576 1030 2646 ejusque
1062 2576 1368 2633 functionis
1391 2577 1615 2632 calicem
1654 2578 1722 2634 ab
1755 2581 1834 2635 eis
1874 2580 2160 2636 transferri

572 2668 897 2723 exorabant.
950 2667 1275 2725 Necessario
1322 2670 1532 2741 itaque,
1583 2671 1679 2741 qui
1713 2672 1917 2728 missus
1960 2672 2159 2737 fuerat,

574 2774 635 2814 re
692 2758 898 2815 infecta
954 2776 1215 2817 reversus
1272 2762 1659 2832 magistrorum
1716 2779 1981 2835 responsa
2047 2765 2162 2822 haec

576 2852 897 2922 imperatori
960 2853 1170 2908 retulit.
1229 2853 1369 2909 Tum
1429 2853 1732 2925 imperator
1776 2855 1860 2910 his
1908 2857 2159 2914 auditis:

574 2942 709 3000 Cum
753 2946 874 3015 ﬁeri
922 2963 1026 3000 non
1075 2962 1224 3015 posse
1270 2949 1511 3001 rideatur
1543 2956 1600 3001 ut
1632 2965 1726 3019 ego
1756 2966 1938 3004 exeam
1985 2952 2164 3022 (atque

576 3038 740 3090 etiam
774 3038 1009 3110 dicatur)
1067 3038 1520 3111 illustrissimique
1555 3044 1797 3113 magistri
1834 3060 2025 3097 munus
2069 3045 2161 3097 de-

574 3132 803 3201 fugiant,
836 3148 899 3185 ac
928 3132 1018 3201 qui
1046 3131 1130 3186 illi
1161 3133 1423 3202 functioni
1470 3151 1570 3203 par
1596 3136 1859 3201 videatur,
1900 3135 2041 3189 alius
2073 3152 2164 3189 ne-

575 3238 660 3275 mo
703 3232 968 3292 suppetat,
1025 3223 1200 3294 placet
1262 3226 1650 3295 suggestionem
1703 3226 2057 3279 indiscussam
2101 3242 2169 3279 ac

576 3334 785 3371 cassam
815 3334 1047 3373 manere.
1081 3316 1315 3373 Pra'stat
1355 3321 1517 3383 enim,
1555 3318 1755 3389 inquit,
1788 3316 2071 3371 nonnullos
2098 3331 2165 3370 e1:

576 3405 694 3477 ﬁsci
742 3407 1081 3476 proventibus
1132 3424 1289 3479 reque
1348 3409 1562 3476 privata
1620 3423 1725 3461 non
1773 3405 1898 3459 bene
1942 3406 2162 3472 lucrari,

576 3517 734 3572 quam
781 3509 838 3555 ut
888 3499 1057 3571 διε
1104 3500 1242 3557 male
1297 3500 1575 3569 quisquam
1634 3500 1828 3551 damno
1889 3497 2167 3567 afﬁciatur

577 3592 750 3648 ullave
769 3593 1012 3665 graviore
1043 3592 1247 3662 injuria
1272 3602 1489 3646 vexetur
1533 3600 1626 3644 aut
1656 3591 2011 3659 opprimatur.
2057 3590 2167 3645 Eo-

578 3702 687 3757 que
716 3686 972 3752 consilio,
1006 3686 1252 3755 quandiu
1292 3684 1384 3740 ille
1411 3699 1597 3739 rerum
1629 3685 1836 3753 potitus
1860 3692 1963 3749 est,
1987 3685 2166 3739 omnis

578 3780 825 3833 omnium
878 3777 1139 3832 Romanu:
1192 3777 1423 3832 ditionis
1473 3776 1885 3847 provinciarum
1931 3776 2166 3846 populus

581 3870 923 3937 iuinspeetus
974 3867 1057 3939 (ut
1101 3870 1175 3923 ita
1234 3867 1436 3936 dicam)
1487 3883 1553 3923 ac
1606 3868 1986 3937 inexaaquatus
2022 3868 2083 3939 (i.
2114 3884 2164 3923 e.

582 3975 690 4015 non
721 3959 988 4029 ceusitus)
1031 3960 1259 4029 mansit,
1302 3976 1368 4015 ac
1401 3961 1445 4016 si
1481 3959 1657 4015 mavis
1699 3958 1902 4024 dicere,
1950 3959 2087 4013 liber
2114 3968 2168 4015 et

582 4054 651 4108 ab
703 4052 1082 4110 exactionibus
1133 4052 1434 4121 immunis;
1485 4050 1802 4122 praediaque
1845 4058 1899 4105 et
1949 4052 2066 4119 agri
2114 4051 2167 4106 in

580 4161 881 4217 pauperum
913 4145 1223 4202 vicinorum
1253 4160 1417 4200 usum
1446 4152 1754 4199 cesserunt.
1780 4143 1931 4198 Talis
1955 4143 2168 4199 scilicet

580 4243 839 4309 princeps
894 4239 1139 4308 optimus
1182 4253 1312 4310 erga
1370 4250 1567 4291 omnes
1621 4235 1873 4290 subditos
1913 4244 2050 4301 erat,
2104 4251 2169 4292 ac

584 4336 858 4404 praecipue
908 4348 1041 4404 erga
1091 4329 1429 4387 rusticanum
1484 4328 1822 4397 pleheculam
1879 4338 2167 4399 paternam

585 4425 1009 4482 sollicitudinem
1041 4438 1104 4478 ac
1124 4435 1312 4478 curam
1339 4418 1651 4475 exhibebat.

2262 550 2369 613 λῶς
2418 551 2813 621 προετρέψατο.
2876 550 3225 621 Σκεψάμενος
3282 554 3339 605 δὲ
3396 556 3488 607 xui
3549 566 3831 625 φροντίσας

2261 644 2289 695 ὁ
2335 642 2583 709 γενικὸς,
2634 644 2728 696 xui.
2777 643 2852 707 ὡς
2887 644 3062 697 ἐδόκει
3119 645 3385 698 κάλλιστα
3440 648 3563 712 τοὺς
3591 651 3830 720 ἀρίστους

2262 733 2698 804 ἐπιλεξάμενος,
2765 736 2859 790 xui.
2916 736 3018 799 τὰς
3073 737 3185 790 τῶν
3236 738 3569 806 ἐκλεγέντων
3623 742 3831 813 κλήσεις

2261 824 2574 894 εἰσαγαγὼν
2633 826 2769 897 πρὸς
2829 827 3029 890 αὑτὸν,
3100 828 3306 897 πολλῆς
3368 830 3626 902 ἐνομίσθη
3698 836 3817 903 μέμυ

2258 918 2407 987 ψεως
2432 918 2584 984 ἄξιος
2621 919 2718 973 xui
2752 921 3133 993 σφοδροτέροις
3158 921 3450 992 ύπεϐλήθη
3501 923 3831 995 ὀνειδισμοῖς,

2259 1011 2309 1063 sl
2340 1011 2615 1074 τοιούτους
2651 1014 2729 1075 είς
2758 1012 2819 1065 τὸ
2848 1013 3089 1066 τοιοῦτον
3122 1012 3285 1082 ἔργον
3318 1014 3704 1086 προϐάλλεται.
3738 1018 3832 1071 Τοῦ

2256 1100 2313 1154 δὲ
2361 1101 2435 1174 μὴ
2464 1101 2608 1172 ἔχειν
2650 1103 2707 1156 ὲν
2751 1106 2863 1165 τοῖς
2915 1103 3357 1175 πολιτευομένοις
3408 1106 3723 1176 κρείττονας
3760 1109 3813 1163 λέ

2257 1209 2473 1260 γοντος,
2498 1196 2525 1246 ὁ
2562 1194 2819 1264 βασιλεὺς
2843 1196 3201 1266 ἁπεκρίνατο,
3229 1199 3311 1252 ὅτι
3336 1201 3480 1267 Παρ’
3507 1200 3637 1269 ἐμοὶ
3657 1203 3825 1256 τοιοῦ-

2259 1302 2366 1338 τον
2394 1286 2460 1339 τὸ
2488 1285 2595 1353 τῆς
2620 1289 3019 1357 προκειμένης
3045 1289 3351 1358 διακονίας
3383 1292 3563 1363 ἔργον
3591 1296 3837 1362 κρίνεται

2256 1374 2432 1441 ὥστε,
2467 1377 2634 1445 εἴπερ
2662 1378 2791 1431 οἷόν
2821 1395 2885 1431 τε
2914 1376 3012 1449 ἦν,
3042 1382 3229 1434 αὺτὸν
3257 1382 3362 1450 ἐμὲ
3391 1383 3542 1451 πρὸς
3577 1384 3690 1453 τὴν
3721 1388 3829 1440 τού-

2256 1482 2375 1518 των
2417 1464 2722 1534 διοίκησιν
2755 1466 3027 1531 ἐξελθεῖν
3054 1470 3117 1523 ³³.
3177 1470 3331 1524 Ἐπεί
3381 1470 3452 1524 δὲ
3497 1473 3673 1528 τοῦτο
3723 1472 3841 1529 οἷδο

2258 1556 2345 1610 ὅτι
2376 1556 2541 1610 δοκεῖ
2568 1559 2757 1627 τυχὸν
2789 1562 3054 1629 ἀπρεπὲς
3091 1562 3191 1617 καί
3223 1564 3548 1633 ἀδύνατον,
3574 1567 3642 1631 ἐξ
3672 1568 3842 1640 ἀνάγ-

2259 1642 2376 1717 κης
2404 1650 2503 1704 ἐπὶ
2558 1651 2684 1716 τοῖς
2725 1651 2867 1706 δυσὶ
2898 1652 3007 1723 τῆς
3034 1658 3345 1722 πολιτείας
3379 1659 3736 1727 μαγίστροις
3756 1701 3769 1726 ,
3798 1661 3843 1713 cl

2259 1742 2357 1796 καὶ
2385 1743 2581 1811 χρόνῳ
2610 1744 2707 1797 καί
2749 1746 2925 1814 πείρᾳ
2962 1747 3059 1800 καὶ
3092 1747 3223 1814 ταῖς
3255 1749 3523 1814 πολλαῖς
3551 1749 3619 1803 ἐν
3645 1752 3723 1818 τῷ
3742 1769 3845 1821 μα·

2260 1832 2381 1901 σιρῷ
2409 1831 2530 1900 βίῳ
2558 1833 2678 1888 τῶν
2722 1835 3049 1891 πολιτικῶν
3080 1838 3285 1908 ἀρχῶν
3329 1841 3713 1911 διοικήσεων
3733 1887 3747 1910 ,
3786 1843 3846 1898 ἐν

2258 1921 2354 1991 αἶς
2392 1926 2858 1994 ἐξητάσθησαν,
2902 1929 3235 1998 ἀκίϐδηλον
3291 1932 3394 1985 καὶ
3446 1933 3707 2003 καθαρὸν
3750 1935 3845 2003 τῆς

2256 2017 2478 2089 ἀρετῆς
2526 2019 2930 2090 ἐξενηνόχασι
2977 2023 3043 2075 τὸ
3086 2022 3399 2094 δοκίμιον,
3454 2026 3555 2092 τὰς
3608 2028 3850 2094 ἐλπίδας

2259 2112 2623 2165 ἀποσαλεύω
2654 2112 2733 2178 ⁸⁵,
2783 2113 2883 2166 καὶ
2937 2112 3053 2181 τὴν
3098 2113 3419 2171 διακονίαν
3468 2119 3589 2172 ὑπὸ
3634 2122 3852 2174 τούτων

2260 2200 2602 2269 ἀνυσθῆναι
2625 2200 2883 2267 δεόντως
2909 2202 3123 2270 θαρρῶ.
3164 2203 3469 2260 Ἀπελθὼν
3509 2202 3644 2274 οὖν,
3675 2207 3850 2277 φησὶν,

2260 2294 2443 2359 αὐτὸς
2477 2293 2559 2348 σὺ
2596 2295 2832 2359 τούτοις
2875 2295 3247 2365 ἀπάγγειλον
3280 2297 3344 2351 τὸ
3402 2298 3519 2367 τῆς
3554 2298 3855 2365 διακονίας

2261 2387 2571 2458 ἐπωφελὲς
2594 2387 2778 2441 καὶτὸ
2793 2386 3025 2455 θέλημα
3050 2388 3115 2442 τὸ
3136 2388 3303 2459 ἐμόν.
3325 2391 3443 2444 Kal
3465 2391 3855 2459 ,ϐουλομένων

2261 2486 2460 2540 αὐτῶν
2487 2484 2759 2549 ἐξελθεῖν
2784 2485 3092 2541 ἐπευδοκῶ
3116 2486 3212 2540 καὶ
3238 2486 3423 2555 αὐτὸς
3445 2490 3541 2542 καὶ
3570 2490 3856 2559 ἐπισφρα-

2263 2578 2394 2646 γίζω
2430 2580 2498 2631 τὸ
2549 2578 2888 2646 βούλευμα.
2939 2578 3027 2641 Ὠς
3076 2579 3134 2633 δὲ
3174 2580 3520 2646 ἀκούσαντες
3571 2583 3621 2636 οἱ
3675 2584 3856 2655 ἄνδρες

2263 2666 2428 2741 ἦλθον
2458 2656 2538 2733 είς
2570 2668 2858 2739 ἔκπληξιν,
2879 2670 2973 2722 καὶ
3003 2670 3063 2722 τὸ
3087 2670 3265 2741 γῆρας
3299 2672 3421 2725 ἀνθ’
3456 2674 3743 2745 ἱκετηρίας
3772 2676 3855 2726 καί

2263 2763 2390 2826 τοὺς
2422 2762 2652 2828 πολλοὺς
2682 2762 2825 2834 ὑπὲρ
2859 2763 2954 2816 τοῦ
2996 2763 3177 2817 κοινοῦ
3212 2765 3501 2834 καμάτους
3542 2768 3639 2820 καὶ
3672 2766 3849 2829 πόνους

2265 2854 2446 2908 αὐτῶν
2468 2853 2529 2897 ³⁵η
2550 2855 2983 2926 προϐαλλόμενοι
3023 2855 3431 2926 παρενεχθῆναι
3458 2856 3520 2909 τὸ
3549 2858 3650 2929 τῆς
3681 2857 3851 2911 τοιαύ-

2263 2964 2365 3017 της
2400 2946 2677 3010 διακονίας
2718 2949 2982 3018 ποτήριον
3022 2947 3083 3012 ἐξ
3130 2946 3310 3001 αὐτῶν
3362 2948 3755 3015 καθικέτευον,
3805 2946 3859 3013 ἐξ

2265 3038 2512 3108 ἀνάγκης
2556 3038 2901 3109 ὑπέστρεψεν
2944 3038 3229 3109 ᾷπρακτος
3258 3040 3285 3092 ὁ
3316 3040 3596 3110 πεμφθεὶς
3617 3081 3632 3106 ,
3664 3043 3758 3096 xui.
3783 3040 3855 3110 τῷ

2190 3149 2234 3212 C
2269 3129 2484 3201 βασιλεῖ
2506 3130 2575 3182 τὰ
2606 3130 2759 3201 παρὰ
2788 3131 2896 3183 τῶν
2939 3131 3258 3203 μαγίστρων
3287 3132 3651 3203 ἀπήγγειλεν.
3686 3134 3861 3200 "Amp

2266 3220 2508 3282 ἀκούσας
2546 3215 2697 3273 εἷπεν
2735 3222 2764 3274 ὁ
2801 3221 3085 3290 βασιλεὺς,
3120 3222 3200 3277 ὅτι
3262 3223 3330 3278 El
3359 3222 3423 3278 τὸ
3455 3224 3567 3294 ἐμὲ
3595 3225 3866 3291 ἐξελθεῖν

2265 3310 2428 3365 δοκεῖ
2455 3328 2518 3365 τε
2553 3312 2648 3365 καὶ
2683 3313 2919 3381 λέγεται
2948 3310 3103 3368 εἶναι
3134 3314 3471 3383 ἀδύνατον,
3509 3316 3869 3386 παραιτοῦν-

2266 3420 2356 3458 ται
2390 3403 2459 3457 δὲ
2491 3404 2606 3475 τὴν
2639 3406 2977 3477 ὑπουργίαν
3021 3407 3120 3463 καὶ
3165 3410 3220 3462 ol
3250 3408 3670 3479 λαμπρότατοι
3694 3408 3870 3480 μάγι-

2265 3512 2464 3563 στροι,
2505 3496 2727 3551 οὐδένα
2758 3496 2918 3566 ἔχων
2976 3499 3084 3554 τοῦ
3145 3499 3496 3569 πράγματος
3546 3499 3873 3570 διοικητὴν

2265 3588 2596 3657 ἀξιόχρεων
2615 3588 3084 3658 καταλειφθῆναι
3106 3591 3174 3643 τὸ
3198 3590 3878 3659 ὑποϐαλλόμενον,βοὺ-

2265 3683 2445 3749 λομαι
2485 3680 2934 3734 ἀνεπίσκεπτον
2960 3680 3058 3734 καὶ
3098 3681 3554 3750 ἀδιερεύνητον.
3586 3684 3880 3751 ιίρεῖττον

2265 3771 2396 3841 γὰρ,
2429 3772 2596 3842 φησὶ,
2644 3772 3144 3840 παρακερδαίνειν
3195 3774 3364 3839 τινὰς
3394 3772 3518 3828 ἀπὸ
3549 3772 3672 3828 τῶν
3714 3776 3881 3845 ἐμῶν

2267 3868 2338 3920 οὐ
2370 3864 2572 3932 καλῶς
2613 3865 2651 3933 ἢ
2690 3865 2889 3931 κακῶς
2934 3866 3272 3921 ὑποπεσεῖν
3311 3865 3397 3939 [P.
3431 3864 3566 3937 214]
3600 3884 3739 3923 τινα
3780 3869 3877 3937 (11-

2263 3958 2465 4030 μιώδει
2486 3957 2652 4022 κακῷ
2678 3959 2775 4011 καὶ
2798 3958 3183 4029 ἐπιτριϐοὐσῃ
3210 3960 3398 4015 αὐτὸν
3421 3962 3738 4031 συμφορᾷ.
3768 3964 3873 4017 Καὶ

2271 4052 2363 4103 ἐπὶ
2388 4050 2563 4121 τούτῳ
2585 4050 2676 4103 τὸν
2706 4050 2926 4104 ᾶπαντα
2956 4051 3150 4122 χρόνον
3176 4052 3276 4123 τῆς
3301 4053 3748 4126 αὐτοκρατορίας
3780 4059 3870 4108 αὖ·

2269 4140 2365 4195 τοῦ
2394 4142 2608 4213 ἔμεινεν
2659 4142 2989 4208 ἀνέποπτος,
3025 4142 3100 4206 ὡς
3123 4143 3168 4175 ³⁸
3198 4129 3264 4197 ἄν
3307 4161 3394 4207 τις
3429 4144 3579 4198 εἴποι
3603 4190 3616 4211 ,
3654 4148 3750 4200 xui
3783 4150 3865 4200 ἀν-

2272 4235 2549 4301 εξίσωτος,
2578 4235 2611 4307 ῆ
2645 4235 2847 4305 μᾶλλον
2874 4237 3050 4288 εἰπεῖν
3077 4235 3366 4306 ἐλεύθερός
3388 4253 3447 4289 τε
3473 4239 3575 4291 xui.
3600 4239 3866 4309 ἀδιάπρα·

2272 4345 2399 4393 κτος
2433 4329 2475 4362 ⁸⁷
2500 4369 2514 4392 ,
2546 4329 2573 4381 ὁ
2604 4327 2710 4379 ὑπὸ
2740 4327 2839 4397 τὴν
2898 4325 3218 4398 Ῥωμαϊκὴν
3269 4328 3527 4393 ἐξουσίαν
3570 4330 3724 4396 ἄπας
3768 4330 3867 4384 τῶν

2272 4420 2411 4476 ὅλων
2464 4420 2715 4487 θεμάτων
2749 4418 2879 4482 λαὸς
2911 4419 3007 4474 xui.
3048 4420 3185 4475 τὰ³⁸
3238 4422 3415 4493 χωρία
3469 4424 3568 4477 xui.
3616 4425 3668 4477 οί
3714 4419 3868 4494 ἀγροὶ

582 4526 693 4588 τοῖς
715 4520 1018 4591 γειτονοῦσι
1043 4518 1151 4571 τῶν
1176 4517 1426 4587 πενήτων
1450 4515 1808 4587 προκείμενοι
1860 4517 1942 4579 είς
1968 4514 2290 4573 ἀπόλαυσιν.
2325 4515 2580 4577 Τοιοῦτος
2606 4508 2675 4585 ἦν
2704 4514 2746 4546 ³⁸
2782 4515 2912 4584 περὶ
2945 4513 3053 4567 πᾶν
3085 4512 3144 4567 τὸ
3216 4515 3479 4585 ὑπήκοον,
3556 4519 3800 4588 μάλιστα
3825 4518 3867 4548 ⁸⁸

582 4618 637 4671 δὲ
668 4614 759 4668 τὸν
793 4612 950 4683 ὄχλον
996 4610 1088 4663 τὸν
1134 4608 1513 4680 ἁγροόίαιτον,
1550 4609 1828 4680 πατρικὴν
1866 4607 2313 4680 ἐπιδεικνύμενος
2335 4606 2665 4677 κηδεμονίαν
2695 4608 2790 4660 xui.
2821 4607 3080 4678 πρόνοιαν
3110 4608 3138 4661 ὁ
3167 4607 3373 4677 ἀγαθὸς
3403 4607 3689 4679 βασιλεύς.

660 4705 786 4761 100.
845 4702 1045 4759 Verum
1082 4716 1274 4757 rursus
1307 4701 1473 4757 etiam
1509 4700 1809 4756 invidentia
1844 4700 2163 4769 procellam-

2351 4706 2417 4771 ρ’.
2462 4697 2627 4752 Ἀλλὰ
2658 4701 2753 4753 καὶ
2788 4698 2953 4753 πάλιν
2999 4701 3027 4752 ὁ
3061 4699 3253 4768 φθόνος
3288 4702 3482 4769 ἑτέραν
3518 4702 3716 4776 ἤγειρε
3749 4704 3868 4775 περὶ
3922 4760 3925 4767 ί

584 4800 747 4854 alium
777 4805 940 4867 atque
970 4793 1246 4850 turbinem
1288 4794 1343 4848 in
1370 4794 1518 4863 regia
1562 4790 1847 4854 excitavit,
1897 4790 2070 4860 ipsam
2110 4792 2168 4847 in

585 4909 644 4946 se
678 4891 852 4960 ipsam
888 4895 1142 4942 naturam
1176 4882 1516 4940 conturbaus
1545 4896 1611 4936 ac
1657 4878 1966 4934 concitans.
2026 4878 2185 4957 Cum

586 4982 733 5037 enim
758 4981 872 5052 jam
902 4978 1259 5036 dulcissimus
1288 4972 1641 5047 imperatoris
1680 4970 1828 5027 ﬁlius
1855 4969 2172 5027 Constanti-

586 5091 694 5129 nus
726 5075 894 5129 vitum
934 5087 1061 5128 cum
1090 5081 1270 5127 morte
1309 5074 1726 5128 commutasset,
1764 5065 1921 5134 isque
1941 5065 1995 5120 in
2036 5066 2174 5120 alte-

583 5182 701 5223 ram
728 5166 935 5239 prolem
960 5164 1199 5220 Leonem
1227 5161 1433 5217 amoris
1460 5160 1573 5216 vim
1617 5156 1978 5213 convertisset
2010 5172 2168 5228 spes-

582 5277 693 5331 que
730 5261 791 5316 in
816 5276 882 5315 eo
906 5259 1159 5330 iactaret,
1192 5256 1340 5311 haud
1381 5254 1594 5324 placide
1624 5252 1750 5307 tulit
1778 5252 2025 5306 invidum
2056 5252 2169 5307 dte-

584 5366 809 5407 monum
858 5365 1072 5421 genus,
1124 5349 1273 5404 leves
1320 5345 1713 5416 placidasque,
1766 5343 2167 5413 religiososque

583 5442 747 5498 simul
792 5458 857 5499 ac
887 5443 990 5499 rite
1023 5441 1387 5511 compositos,
1428 5445 1489 5493 ut
1525 5453 1624 5509 par
1655 5445 1765 5503 est,
1799 5436 1947 5492 illius
1978 5451 2162 5491 mores

2271 4792 2338 4846 τὰ
2366 4790 2615 4862 βασίλεια
2646 4788 2817 4861 ζάλην
2844 4789 2939 4843 καὶ
2973 4789 3221 4856 θύελλαν,
3257 4791 3379 4843 καθ’
3410 4793 3619 4864 ἑαυτῆς
3644 4796 3749 4867 τὴν
3774 4798 3865 4866 φύ-

2275 4902 2359 4939 σιν
2383 4883 2772 4955 συνταράσσων
2798 4900 2857 4935 τε
2882 4882 2975 4935 xui
3003 4882 3209 4936 κυκῶν.
3244 4884 3403 4953 Ἀρτι
3423 4882 3536 4955 γὰρ
3561 4886 3661 4940 τοῦ
3686 4889 3868 4957 φιλτά-

2273 4992 2366 5030 του
2397 4975 2474 5045 τῷ
2499 4974 2711 5040 βασιλεί
2733 4974 2849 5029 υἱοῦ
2869 4974 3288 5029 Κωνσταντίνου
3318 4976 3410 5029 τὸν
3440 4975 3561 5047 βίον
3584 4982 3871 5036 ἁπολιπόν·

2274 5085 2385 5132 τος,
2422 5066 2517 5119 xui.
2550 5065 2953 5135 μεταπεσόντος
2984 5065 3078 5118 τοῦ
3110 5066 3334 5137 φίλτρου
3367 5069 3461 5120 xui.
3496 5070 3612 5123 τῶν
3644 5070 3871 5124 ἐλπίδων

2278 5161 2370 5213 ἐπὶ
2399 5160 2490 5213 τδν
2520 5159 2776 5229 δεύτερον
2815 5159 2931 5211 υίὸν
2962 5157 3007 5190 δι
3035 5158 3241 5211 Λέοντα
3264 5201 3277 5225 ,
3308 5160 3408 5214 οὐκ
3441 5161 3653 5233 ἧνεγκε
3687 5163 3869 5235 πράως

2275 5253 2335 5305 τὸ
2371 5251 2642 5321 βάσκανον
2675 5253 2784 5303 τῶν
2815 5251 3084 5321 δαιμόνων
3117 5251 3281 5320 φῦλον
3308 5253 3369 5306 τὸ
3401 5258 3583 5323 πρᾶον
3614 5258 3707 5310 καὶ
3738 5254 3863 5327 ἦσυο

2275 5361 2369 5414 χον
2405 5343 2499 5395 καὶ
2535 5343 2759 5405 εύσεὸὲς
2798 5343 2912 5413 ἅμα
2951 5345 3047 5397 xui.
3075 5346 3334 5415 ἐμμελὲς,
3380 5346 3455 5409 ὡς
3491 5348 3697 5415 ἔοικεν,
3734 5345 3869 5417 ὀρῶν

2273 5435 2369 5488 τοῦ
2430 5434 2769 5505 διαδέχεσθαι
2830 5435 3117 5505 μέλλοντος
3174 5436 3273 5509 τὴν
3332 5437 3615 5509 βασίλειον
3667 5440 3867 5507 ταύτην

1884 5596 2119 5655 VARUE
2160 5594 2571 5653 LECTIONES.

660 5744 704 5773 ³³
733 5742 986 5794 ἀπελθεῖν
1020 5742 1077 5794 Ρ.
1182 5743 1227 5773 ³⁵
1257 5742 1568 5795 ὲπισαλεύω
1601 5741 1660 5795 Ρ.

591 5810 905 5880 τάρακτοςῖ
1004 5812 1048 5842 ³³
1064 5812 1133 5865 τὰ
1165 5827 1273 5865 om.
1307 5813 1366 5865 ι’.
1467 5814 1508 5844 ³³
1538 5809 1605 5882 ἧν
1624 5827 1735 5867 om.
1771 5811 1829 5865 P.

1764 5742 1808 5774 ³⁸
1831 5738 1922 5794 xui
1956 5739 2156 5801 πόνους
2182 5735 2365 5791 αὐτῶν
2400 5744 2510 5789 om.
2549 5735 2608 5789 P.

2698 5736 2743 5766 ³⁸
2772 5733 2847 5797 ὡς
2881 5735 3272 5803 Combelisius,
3300 5735 3419 5792 libri
3455 5752 3550 5791 ων.
3637 5734 3678 5765 ³⁷
3710 5732 3864 5787 ἀδια-

1917 5810 1963 5839 ⁴⁰
1996 5809 2198 5880 μᾶλλον
2229 5807 2291 5862 Ρ.
2368 5806 2551 5877 δ’,υῐδν
2598 5822 2707 5859 out.
2746 5804 2805 5859 P.
