4136 6436
518 304 621 367 367

1613 302 2117 363 THEOPHANES
2157 302 2722 367 CONTINUATUS.

3686 302 3794 365 368

517 412 853 486 ejuscemodi
912 410 1202 466 occasione
1258 410 1334 465 rei
1386 415 1707 482 prmstandre
1757 413 2077 483 probabilen

2204 412 2497 483 γερουσίας
2542 412 2922 485 ὑπερεχόντων
2952 412 3213 476 πολλάκις
3255 411 3625 483 βουληθέντων
3651 414 3797 483 ὑπὲρ

519 504 979 575 opportunitatem
1009 516 1186 570 exque
1220 502 1431 557 ratione
1460 507 1605 559 nacti
1637 514 1787 560 sunt.

2204 502 2298 557 τοῦ
2328 504 2446 558 υἱοῦ
2480 505 2619 575 πρὸς
2644 504 2735 558 τὸν
2763 506 2979 575 πατέρα
3009 504 3567 574 διαπρεσϐεύσασθαι,
3598 504 3797 559 ἄλλοτε

517 600 575 651 δὲ
628 596 746 649 κατ’
789 596 955 666 ἄλλην
1011 593 1192 648 αἰτίαν
1230 594 1627 667 κωλυομένων,
1680 596 1788 650 άπὺ
1835 595 2095 664 τοιαύτης
2131 596 2463 666 προφάσεως
2490 596 2715 665 εὔλογόν
2749 596 2905 667 ἔσχον
2946 596 3201 669 ἀφορμὴν
3225 599 3304 661 είς
3363 598 3425 650 τὸ
3487 598 3802 655 κατανῦσαι

516 693 577 745 τὸ
605 687 872 763 βούλημα.

591 782 714 837 101.
756 783 886 837 Avis
935 791 1053 836 erat
1087 782 1141 836 in
1176 782 1414 851 implexo
1438 782 1656 838 calatho
1689 783 1741 839 in
1771 784 1936 854 regis:
1962 799 2099 854 pen-

515 873 651 928 dens
686 874 946 937 triclinio,
990 874 1205 944 egregia
1262 875 1527 929 imitatrix
1572 884 1627 930 et
1654 877 2094 946 loquacissima:

514 966 809 1034 psittacum
855 976 1072 1020 vocant.
1140 965 1239 1021 llic
1273 967 1388 1021 sive
1432 983 1462 1021 a
1501 968 1830 1037 quibusdam
1868 969 2096 1027 edoctus

516 1066 634 1111 erat
663 1056 778 1111 sive
808 1057 917 1111 alio
951 1057 1149 1126 quovis
1182 1056 1342 1113 modo
1372 1058 1650 1125 hauserat,
1688 1058 1827 1125 Heu,
1853 1068 1974 1127 heu,
1998 1061 2097 1115 do-

517 1150 658 1203 mine
690 1148 810 1215 Leo,
852 1150 1051 1219 saepius
1087 1149 1243 1219 351
1282 1152 1678 1221 perstrepebat.
1726 1153 1860 1208 Cum
1912 1156 2096 1226 itaque

518 1251 651 1297 tunc
682 1242 977 1312 imperator
1007 1241 1232 1310 opipare
1276 1243 1603 1300 instructum
1639 1245 1868 1302 haberet
1900 1250 2095 1303 convi-

514 1333 685 1396 vium,
714 1340 1046 1402 senatusque
1072 1332 1343 1402 primores
1384 1335 1592 1403 pariter
1619 1337 1993 1406 epularentur,
2030 1355 2095 1395 ac

511 1426 627 1481 avis
674 1441 737 1480 ea
780 1441 903 1494 qua:
932 1426 1073 1480 dicta
1118 1434 1250 1480 sunt
1295 1427 1549 1484 crebrius
1591 1440 1880 1501 repeteret,
1912 1433 2093 1489 allecti

510 1531 749 1571 mmrore
786 1517 1053 1583 convivae,
1100 1518 1384 1588 missaque
1413 1520 1699 1589 epularum
1723 1522 2089 1593 jucunditate,

507 1610 857 1681 eogitabundi
889 1611 1171 1666 sedebant.
1207 1612 1465 1667 Animum
1499 1613 1734 1670 advertit
1765 1616 2084 1689 imperator,

485 1695 705 1767 'quidve
743 1714 928 1755 causa:
971 1701 1043 1758 sit
1081 1717 1181 1756 cur
1217 1718 1279 1759 se
1312 1718 1340 1758 a
1388 1704 1621 1774 dapibus
1663 1707 1975 1764 abstineant
2016 1726 2083 1766 ex

2274 783 2374 846 ραν.
2404 772 2514 831 Ἦν
2536 794 2589 829 τι
2623 778 2763 843 ζῶον
2796 778 3001 850 πτηνὸν
3036 780 3093 833 ἐν
3129 779 3349 850 ταλάρῳ
3382 779 3602 851 πλεκτῷ
3645 784 3795 837 κατὰ

2197 868 2266 921 τὰ
2300 868 2549 938 βασίλεια
2582 869 2957 939 αἰωρούμενον
2982 912 2995 936 ,
3035 871 3272 940 μιμηλὸν
3310 872 3407 925 καὶ
3445 872 3791 941 πολύφωνον,

2196 959 2224 1013 ὃ
2252 959 2517 1029 ψιττακὸς
2550 960 2916 1030 ὀνομάζεται’
2971 962 3108 1032 ὅπερ
3162 962 3272 1015 εἴτε
3326 963 3465 1035 πρός
3503 981 3666 1018 τινων
3713 966 3797 1020 δι-

2196 1051 2393 1122 δαχθὲν
2421 1053 2530 1106 εἴτε
2559 1052 2736 1117 ἄλλως
2764 1070 2906 1124 πως,
2940 1055 3226 1121 πολλάκις,
3248 1056 3338 1121 Δΐ,
3357 1056 3440 1124 αἳ,
3465 1057 3576 1125 κῦρ
3598 1058 3790 1126 Λέων,

2199 1144 2518 1214 ἐφθέγγετο.
2577 1146 2904 1210 Πανδαισίας
2955 1147 3013 1200 δέ
3068 1163 3198 1201 ποτε
3221 1148 3268 1180 ⁸⁸
3322 1148 3656 1220 τελουμένης
3709 1152 3792 1224 τῷ

2201 1233 2435 1303 βασιλεῖ,
2471 1236 2563 1289 καὶ
2590 1236 2701 1289 τῶν
2728 1237 2960 1306 πρώτων
2985 1237 3081 1307 τῆς
3112 1236 3307 1307 βουλῆς
3339 1238 3793 1309 συνεστιωμένων

2198 1326 2379 1397 αύτῷ,
2417 1329 2512 1383 καὶ
2561 1330 2656 1381 τοῦ
2708 1328 2920 1400 ὄρνιθος
2973 1328 3237 1392 πολλάκις
3289 1329 3668 1401 φθεγγομένου
3730 1333 3793 1386 τὸ

2199 1420 2532 1491 προρρηθὲν,
2564 1420 3068 1489 ὲπιστυγνάσαντες
3103 1423 3151 1474 οἱ
3198 1422 3520 1492 δαιτυμόνες
3563 1427 3658 1478 καὶ
3686 1425 3792 1492 τῆς

2198 1513 2432 1583 εὐωχίας
2488 1514 2833 1584 παυσάμενοι
2883 1514 2976 1567 ἐπὶ
3036 1515 3284 1579 συννοίας
3344 1515 3630 1585 ἐκάθηντο.
3689 1514 3793 1581 Οἷς

2188 1604 2443 1677 προσχὼν
2481 1608 2509 1659 6
2549 1606 2806 1676 βασιλεὺς
2850 1606 2951 1678 τὴν
3004 1607 3184 1660 αίτίαν
3233 1609 3334 1679 τῆς
3387 1607 3498 1660 τῶν
3547 1608 3789 1663 ἐδεστῶν

2185 1697 2402 1768 ἀποχῆς
2455 1697 2811 1752 ἐπυνθάνετο.
2850 1700 2911 1751 Ol
2941 1699 2997 1751 δὲ
3046 1698 3303 1769 δακρύων
3336 1698 3789 1772 ὑποπλησθέντες

506 1791 614 1846 illis
642 1793 857 1860 quaerit.
881 1790 958 1848 Illi
994 1809 1122 1850 vero
1146 1796 1357 1866 ,oppleti
1386 1797 1665 1869 lacrymis,
1703 1799 1871 1867 Quas,
1910 1804 2077 1867 aiunt,

2188 1791 2315 1854 τοὺς
2351 1791 2686 1861 ὀφθαλμοὺς,
2734 1794 2874 1847 Τίνα
2900 1791 3159 1862 βρῶσιν,
3200 1788 3377 1856 εἷπον,
3413 1794 3785 1863 φαγούμεθα,

503 1882 664 1952 dapes
692 1900 979 1950 sumemus,
1005 1886 1083 1940 sic
1108 1885 1260 1941 nobis
1280 1891 1636 1958 exprobrante
1654 1892 1810 1947 bruta
1847 1893 1946 1947 hac
1969 1897 2086 1949 ani-

505 1982 718 2044 mantej,
771 1978 862 2046 qui
902 1978 1004 2048 ipsi
1054 1980 1269 2048 prazditi
1320 1983 1525 2038 ratione
1581 1985 1789 2054 herique
1847 1998 2083 2051 amantes

501 2065 818 2124 videamur?
852 2070 979 2123 dum
1019 2070 1116 2125 illa
1164 2072 1240 2126 sic
1286 2076 1518 2143 repetitis
1565 2078 1771 2131 vocibus
1809 2078 2082 2133 dominum

502 2158 846 2222 inclamaute,
882 2178 976 2216 nos
1008 2165 1157 2232 genio
1199 2164 1527 2237 indulgentes
1553 2169 1784 2224 insontis
1832 2171 2083 2226 dominici

498 2251 749 2317 germinis
804 2254 1070 2323 prolisque
1117 2271 1300 2310 sumus
1354 2258 1558 2313 obliti?
1614 2260 1885 2332 Siquidem
1942 2264 2083 2317 enim

496 2345 778 2404 paternum
820 2340 913 2408 jus
949 2343 1175 2396 violasse
1219 2347 1551 2401 convincitur
1578 2360 1627 2403 et
1672 2353 1727 2405 in
1770 2352 1884 2421 ejus
1924 2365 2081 2423 caput

497 2428 771 2481 dexteram
796 2446 1051 2498 armasse,
1080 2432 1181 2502 ipsi
1203 2450 1296 2489 nos
1325 2452 1503 2491 omnes
1526 2441 1641 2509 ejus
1664 2452 1905 2497 auctores
1941 2446 2079 2499 necis

499 2519 720 2583 erimus,
754 2517 1007 2589 illiusque
1051 2538 1237 2578 cruore
1268 2528 1719 2585 exsaturabimur.
1773 2531 1866 2587 Sin
1905 2546 2079 2588 autem

494 2623 677 2661 eorum
709 2624 934 2678 quorum
965 2623 1255 2669 accusatur
1282 2618 1429 2673 nulla
1452 2623 1705 2676 convictio
1738 2634 1813 2677 est
1839 2642 2079 2697 certaque

496 2698 776 2767 probatio,
831 2702 1215 2769 quamdiunam
1265 2707 1598 2763 calumniosa
1661 2712 1842 2782 lingua
1898 2717 2075 2783 Oppri-

496 2792 685 2847 memlo
726 2795 1109 2874 pmpollebit?
1152 2797 1464 2857 Istiusmodi
1497 2807 1853 2863 sermonibus
1882 2810 2077 2864 tantis-

496 2898 592 2954 per
637 2885 896 2943 delinitus
930 2888 1282 2959 imperatoris
1311 2894 1531 2951 animus
1561 2907 1690 2954 tunc
1720 2901 1938 2969 quidem
1987 2917 2075 2957 se-

492 2977 623 3033 dere
645 2992 742 3032 eos
762 2978 945 3049 jussit,
977 2981 1207 3053 ejusque
1235 2985 1311 3039 rei
1346 2988 1521 3056 gratia
1554 3004 1615 3044 se
1645 2991 2072 3049 deliberaturum

493 3067 769 3137 promisit.
806 3068 918 3125 Nec
955 3070 1049 3126 diu
1077 3083 1203 3143 post
1229 3075 1299 3130 ad
1336 3077 1573 3135 indolem
1607 3083 1942 3154 geniumque
1984 3102 2071 3141 re-

490 3175 686 3217 versus
741 3177 772 3217 e
826 3177 1052 3221 carcere
1098 3168 1298 3225 educto
1351 3172 1436 3226 sui
1500 3173 1577 3228 illi
1639 3178 1854 3246 copiam
1906 3178 2069 3244 facit,

491 3252 818 3323 lugubrique
863 3254 1039 3325 ipsius
1077 3267 1289 3315 mutato
1330 3262 1517 3317 habitu
1562 3280 1627 3320 ac
1668 3267 1948 3336 superﬂuo
1980 3286 2072 3325 co-

491 3357 594 3397 mae
624 3357 722 3412 per
756 3342 996 3399 tristitiae
1041 3354 1257 3418 tempus
1290 3350 1509 3417 adultae,
1562 3354 1739 3409 levato
1790 3372 1977 3420 onere.
2018 3361 2072 3413 in

489 3433 787 3503 pristinum
839 3448 966 3490 eum
1017 3436 1234 3508 imperii
1285 3443 1515 3512 gradum
1567 3447 1941 3518 honoremque
1983 3466 2071 3505 re-

489 3523 691 3578 stituit.

562 3614 687 3668 102.
753 3613 865 3671 Nec
917 3617 1092 3673 multo
1143 3628 1270 3690 post
1308 3621 1362 3675 in
1411 3623 1691 3679 tabiticum
1742 3643 2074 3700 gravemque

491 3706 745 3761 morbum
781 3708 1076 3778 imperator
1109 3710 1270 3782 352
1303 3714 1519 3782 incidit,
1569 3717 1661 3786 qui
1703 3734 1767 3773 ex
1806 3721 2072 3789 proﬂuvio

491 3798 700 3853 ventris
726 3798 1040 3869 acciderat;
1066 3804 1213 3873 quod
1240 3805 1419 3873 ipsum
1453 3822 1520 3863 ex
1550 3823 1681 3864 casu
1707 3803 1848 3867 inter
1870 3829 2074 3870 venan~

489 3888 621 3942 dum
662 3888 794 3944 oriri
842 3890 1169 3961 contigerat.
1225 3892 1457 3966 Jamque
1505 3900 1767 3968 paulatim
1811 3906 1904 3959 tali
1948 3909 2073 3963 tabe

487 3980 930 4038 contabescebat.
972 3981 1191 4055 Imperii
1222 3986 1408 4059 itaque
1436 3992 1601 4046 rebus
1624 3995 1827 4063 optima
1861 3998 2073 4054 ratione

487 4069 795 4141 dispositis,
832 4071 1237 4145 designatoque
1270 4092 1611 4146 successore,
1650 4099 1753 4141 nec
1802 4101 1911 4141 non
1955 4090 2071 4143 sin-

486 4161 627 4232 gulis
674 4172 1044 4220 consentanea
1094 4168 1301 4223 ratione
1344 4171 1643 4243 solertique
1676 4178 1909 4233 consilio
1940 4196 2072 4235 con-

487 4254 717 4321 stitutis,
772 4256 994 4311 tandem
1033 4256 1201 4314 febris
1243 4261 1533 4319 ardoribus
1576 4266 1890 4324 violentiori
1934 4283 2069 4329 aestu

486 4345 604 4413 ejus
646 4360 863 4401 omnem
913 4346 1137 4402 vitalem
1168 4350 1453 4407 humorem
1511 4355 1960 4419 exhaurieutibus
2007 4381 2071 4420 ac

2187 1884 2378 1949 οὕτως
2406 1887 2523 1938 ὑπὸ
2558 1883 2666 1953 τῆς
2695 1884 2901 1953 φωνῆς
2934 1885 3038 1939 τοῦ
3073 1885 3299 1953 ἀλόγου
3324 1886 3541 1940 τούτου
3571 1887 3789 1940 cireum-

2186 1972 2415 2043 ζόμενοι
2446 1979 2500 2029 ol
2533 1977 2858 2044 δοκοῦντες
2890 1968 3062 2046 ἡμεῖς
3102 1979 3338 2046 λογικοί
3376 1994 3440 2032 τε
3483 1979 3579 2033 καὶ
3608 1986 3791 2050 φιλο-

2185 2067 2506 2134 δέσποτοι;
2540 2070 2629 2123 ὅτι
2656 2070 2806 2124 αὐτὸ
2841 2070 2959 2139 μὲν
2993 2070 3102 2125 τὸν
3134 2071 3356 2125 οἰκεῖον
3390 2074 3787 2128 ἀνακαλεῖται

2184 2159 2509 2229 δεσπότην,
2562 2161 2646 2234 [Ρ.
2686 2161 2815 2232 216]
2859 2162 3031 2232 ἡμεῖς
3068 2161 3137 2215 δὲ
3178 2163 3525 2233 τρυφῶντες
3579 2164 3791 2234 ,λήθην

2184 2251 2291 2305 τοῦ
2336 2253 2422 2321 μὴ
2468 2252 2880 2322 ἀδικήσαντος
2910 2255 3305 2313 δεσποσύνου
3355 2260 3671 2331 ἐλάϐομεν.
3711 2266 3786 2319 El

2177 2343 2295 2413 μὲν
2321 2345 2432 2412 γὰρ
2458 2344 2767 2415 ἐλέγχεται
2793 2346 3018 2402 ἀδικῶν
3047 2349 3145 2403 καὶ
3173 2352 3326 2406 κατὰ
3350 2352 3461 2420 τῆς
3486 2356 3787 2424 πατρικῆς

2183 2436 2460 2504 κεφαλῆς
2484 2440 2852 2507 εὐτρεπίσας
2877 2441 2995 2510 τὴν
3021 2442 3229 2508 δεξιὰν
3250 2485 3264 2511 ,
3298 2447 3646 2517 αὐτόχειρες
3668 2452 3784 2506 αὐ-

2182 2529 2289 2582 τοῦ
2316 2529 2486 2598 ἡμεῖς
2514 2530 2739 2598 πάντες
2764 2534 3080 2603 γενοίμεθα
3109 2536 3210 2590 καί
3255 2537 3363 2592 τοῦ
3394 2540 3643 2609 αἵματος
3668 2545 3783 2597 αὐ-

2181 2623 2288 2676 τοῦ
2319 2625 2762 2694 κορεσθείημεν·
2795 2629 2848 2681 εί
2876 2627 2945 2681 δὲ
2968 2628 3061 2699 ἐφ’
3089 2627 3180 2698 οἷς
3200 2630 3498 2700 ἐνεκλήθη
3529 2633 3778 2705 διαφεύ-

2181 2731 2266 2783 γει
2326 2716 2432 2768 τᾶν
2484 2716 2778 2787 ἔλεγχον,
2832 2720 3011 2789 μέχρι
3073 2723 3237 2792 τίνος
3294 2725 3334 2793 ἠ
3395 2726 3778 2796 συκοφάντις

2178 2805 2431 2875 γλῶσσα
2486 2808 2979 2879 δυναμωθήσεται
3039 2814 3169 2868 κατ’
3228 2816 3460 2881 αὐτοῦ;
3516 2818 3768 2873 Μαλακι-

2181 2898 2329 2963 σθεὶς
2356 2900 2399 2933 ⁸⁵
2427 2896 2521 2954 οὖν
2546 2904 2653 2966 τοῖς
2687 2905 2952 2969 τοιούτοις
2981 2906 3090 2960 τῶν
3118 2906 3295 2975 λόγων
3316 2911 3345 2963 6
3367 2910 3625 2981 βασιλεὺς
3645 2913 3774 2968 τότε

2180 2987 2279 3057 μὲν
2314 2989 2649 3059 καθεσθῆναι
2698 2993 2925 3057 τούτους
2966 2994 3271 3064 προσέταξε
3298 3038 3313 3063 ,
3350 3002 3446 3054 καὶ
3491 3003 3773 3073 σκοπῆσαι

2178 3082 2307 3152 περὶ
2343 3082 2438 3135 τοῦ
2468 3084 2794 3154 πράγματος
2827 3087 3197 3157 ἐπηγγείλατο
3222 3130 3235 3155 ,
3282 3092 3403 3160 μετ’
3427 3093 3489 3146 ού
3529 3095 3664 3150 πολὺ
3712 3097 3772 3151 δὲ

2178 3176 2314 3243 πρὸς
2336 3173 2435 3243 τὴν
2463 3173 2624 3243 φύσιν
2646 3176 2956 3231 ἐπανελθὼν
2978 3177 3164 3247 ἐξάγει
3192 3198 3251 3233 τε
3276 3182 3377 3252 τῆς
3402 3189 3642 3258 φρουρᾶς
3671 3206 3729 3241 xc
3746 3190 3773 3244 l.

2177 3265 2257 3326 είς
2275 3264 2397 3331 ὄψιν
2419 3264 2541 3333 ἄγει
2565 3266 2754 3333 αὑτοῦ,
2782 3270 2876 3322 καὶ¹
2895 3270 2995 3341 τὴν
3019 3271 3286 3343 πένθιμον
3308 3276 3530 3345 ἀμείϐει
3550 3281 3766 3352 στολὴν,

2177 3354 2272 3407 καὶ
2301 3355 2362 3407 τὸ
2417 3358 2671 3427 περιττὸν
2709 3360 2809 3431 τῆς
2845 3364 2901 3414 ὲν
2934 3365 3000 3433 τῇ
3049 3362 3194 3436 λύττῃ
3244 3368 3551 3439 τραφείσης
3587 3370 3773 3442 κόμης

2176 3449 2596 3519 περιαιρεθῆναι
2631 3452 2881 3519 κελεύει,
2918 3457 3011 3509 καὶ
3041 3456 3141 3528 τὴν
3172 3459 3446 3530 προτέραν
3480 3462 3578 3531 τῆς
3607 3462 3757 3534 βασιυ

2174 3534 2324 3601 λείας
2355 3540 2507 3603 τάξιν
2540 3543 2635 3594 καὶ
2664 3543 2831 3614 τιμὴν
2861 3546 3207 3604 ἀποδίδωσιν.

2253 3628 2352 3701 ρβ’.
2392 3632 2467 3685 Οὐ
2496 3632 2632 3686 πολὺ
2666 3635 2726 3687 τὸ
2755 3637 2813 3688 ἐν
2846 3637 3029 3707 μέσῳ,
3063 3640 3158 3691 καὶ
3188 3639 3402 3708 φθινάδι
3426 3642 3567 3713 νόσῳ
3602 3661 3769 3715 περι-

2177 3722 2425 3776 πίπτειὸ
2478 3723 2754 3792 βασιλεὺς,
2789 3728 2855 3779 ὲκ
2902 3727 3184 3800 διαρροίας
3232 3732 3767 3809 παρακολουθησάσῃ

2175 3816 2411 3886 γαστρὸς
2433 3854 2447 3883 ,
2481 3817 2514 3886 ἢ
2548 3818 2648 3888 τὴν
2695 3819 2870 3890 ἀρχὴν
2901 3820 3006 3874 ὑπό
3047 3838 3194 3885 τινος
3245 3821 3355 3876 τῶν
3411 3824 3553 3878 κατὰ
3588 3826 3771 3898 θήραν

2176 3907 2594 3978 παραπτώσεων
2645 3910 2869 3964 ἔλαϐεν·
2917 3913 3013 3966 καὶ
3059 3913 3247 3968 λοιπὸν
3300 3915 3422 3969 κατ’
3471 3916 3651 3985 ὀλίγον
3695 3925 3769 3993 τῇ

2174 4006 2402 4077 τοιαύτῃ
2429 4008 2678 4076 τηκεδόνι
2725 4009 3190 4079 κατεμαραίνετο.
3221 4012 3440 4073 Διαθεὶς
3468 4012 3524 4065 δὲ
3556 4014 3622 4067 τὰ
3663 4016 3769 4087 τῆς

2178 4096 2458 4166 βασιλείας
2487 4100 2689 4170 ἄριστα
2722 4102 2931 4156 καὶτὸν
2960 4102 3298 4176 κληρονόμον
3337 4105 3631 4175 γνωρίσας,
3669 4111 3767 4161 καὶ

2176 4190 2443 4261 περὶλτῶν
2474 4192 2598 4245 καθ⁹
2639 4192 2847 4245 ἕκαστα
2881 4195 2951 4246 τὰ
2996 4194 3183 4247 είκότα
3232 4194 3664 4267 βουλευσάμενός
3702 4213 3763 4251 τι

2179 4283 2276 4335 καὶ
2308 4283 2595 4353 ἐμφρόνως
2628 4284 3035 4354 διορισάμενος,
3077 4284 3304 4356 ὓστερον
3337 4288 3577 4358 πυρετοῦ
3628 4307 3766 4342 καυ-

2177 4372 2379 4436 σώδους
2436 4374 2837 4443 ἀναφλεγέντος
2905 4375 3054 4447 αὐτῷ
3113 4378 3295 4430 πᾶσαν
3364 4379 3462 4450 τὴν
3523 4378 3767 4452 ζωτικὴν

485 4438 942 4494 eonsumentihus
973 4440 1085 4493 vita
1114 4442 1374 4507 excessit,
1425 4460 1552 4500 cum
1590 4447 1916 4519 imperasset
1947 4471 2068 4511 cum

2180 4463 2381 4534 ἰκμάδα
2427 4438 2773 4535 άνιμωμένου
2817 4438 2912 4521 καὶ
2957 4438 3346 4533 ἀναλίσκοντος
3374 4438 3468 4524 τδν
3505 4438 3619 4541 βίον
3651 4438 3766 4525 ἁττ-

487 4527 746 4582 Michaele
780 4527 901 4596 ejus
936 4527 1229 4584 decessore
1281 4547 1484 4588 annum
1539 4552 1730 4603 unum,
1776 4541 1916 4598 alios
1941 4560 2072 4600 vero

482 4620 672 4675 decem
704 4630 760 4676 et
811 4635 1007 4676 novem
1063 4624 1215 4681 solus
1253 4642 1435 4683 rerum
1489 4644 1763 4688 summam
1814 4640 2073 4707 praeclare

485 4712 971 4786 administrasset;
1008 4733 1134 4773 cum
1186 4722 1443 4779 civilibus
1487 4728 1692 4796 optime
1733 4733 2065 4800 constitutis,

484 4804 602 4871 ipsa
653 4819 873 4876 quoque
929 4820 1143 4866 armata
1196 4801 1390 4869 militia
1435 4818 1698 4885 praeclare
1749 4821 2064 4891 etl‘ulsisset,

420 4902 427 4985 ζ
483 4903 648 4965 atque
697 4895 915 4968 imperii
969 4901 1106 4960 ﬁnes
1152 4905 1543 4987 produxisset,
1592 4909 1960 4987 injuriamque
1999 4934 2064 4976 ac

422 4976 427 4985 ’
480 4986 593 5041 vim
643 5002 674 5041 a
721 4989 960 5048 subditis
1015 4995 1275 5052 omnibus
1323 4997 1483 5068 longe
1531 4976 1967 5071 repulissetiut
2009 5020 2063 5066 et

484 5079 680 5135 merito
722 5079 1076 5141 Homericum
1105 5088 1239 5143 illud
1271 5092 1463 5160 optimi
1485 5094 1657 5164 ιιι-θεῖε
1690 5097 1745 5153 in
1772 5114 1897 5155 eum
1923 5117 2062 5174 qua-

484 5169 605 5227 dret
641 5172 904 5245 elogium,

675 5264 987 5340 Utrumque,
1025 5288 1118 5327 rex
1149 5274 1312 5330 bonus
1337 5288 1387 5332 et
1417 5279 1570 5348 fortis
1606 5280 1828 5339 bellator

556 5419 779 5491 Excepit
802 5434 924 5493 post
947 5442 1071 5482 eum
1111 5445 1291 5485 rerum
1335 5448 1629 5503 summam,
1664 5441 1757 5511 qui
1780 5451 1833 5496 ct
1865 5452 2059 5502 natura

484 5512 709 5584 ipsoque
773 5517 987 5571 virtutis
1045 5520 1169 5588 jure
1222 5522 1288 5578 ad
1346 5535 1627 5594 paternam
1683 5532 2058 5593 litereditatem

2173 4551 2326 4604 έλιπε
2354 4594 2368 4618 ,
2418 4553 2860 4623 συμϐασιλεύσας
2907 4557 3007 4626 μὲν
3055 4557 3133 4628 τῷ
3184 4560 3290 4628 πρὸ
3326 4560 3491 4613 αὐτοῦ
3539 4562 3766 4634 Μιχαὴλ

2171 4643 2361 4712 χρόνον
2390 4643 2507 4708 ἕνα,
2543 4645 2601 4698 ὲν
2632 4647 2841 4717 ἑτέροις
2878 4647 2934 4701 δὲ
2963 4650 3177 4720 χρόνοις
3210 4653 3600 4708 ἐννεακαίδεκα
3630 4659 3767 4727 περὶ

2168 4734 2269 4803 τὴν
2318 4735 2701 4809 αὐτοκράτορα
2745 4739 2844 4809 τῆς
2878 4739 3159 4809 βασιλείας
3201 4743 3510 4813 διαπρέψας
3560 4748 3764 4819 ἀρχὴν,
3872 4768 3877 4769 ί

2167 4826 2366 4895 ἄριστα
2411 4830 2511 4896 μὲν
2549 4830 2618 4882 τὰ
2666 4829 2922 4884 πολιτικὰ
2951 4832 3195 4899 διαθεὶς,
3249 4835 3511 4890 κάλλιστα
3557 4839 3613 4891 δὲ
3665 4843 3765 4894 καὶ

2120 4952 2123 4953 ν
2174 4919 2397 4990 περὶτὰ
2432 4923 2803 4992 στρατιωτικὰ
2834 4923 3185 4992 διαγεγονὼς,
3220 4927 3312 4979 καὶ
3347 4928 3625 4995 πλατύνας
3659 4933 3763 5002 μὲν

2169 5009 2238 5063 τὰ
2263 5012 2387 5080 ὅρια
2412 5013 2513 5080 τῆς
2543 5014 2740 5085 ἀρχῆς,
2768 5016 2982 5070 ἀδικίαν
3010 5016 3066 5070 δὲ
3092 5017 3187 5071 καὶ
3216 5017 3339 5089 βίαν
3363 5020 3624 5087 ἐξελάσας
3651 5027 3763 5079 ἀπὸ

2168 5100 2263 5155 τοῦ
2308 5103 2551 5172 ὑπηκόου
2598 5105 2834 5171 παντὸς,
2877 5106 2953 5170 ὠς
2983 5108 3079 5161 καὶ
3112 5110 3212 5179 τὴν
3274 5110 3581 5186 Ὁμηρικὴν
3627 5122 3761 5185 περὶ

2170 5194 2264 5248 τοῦ
2286 5195 2507 5264 ἀρίστου
2535 5194 2801 5265 βασιλέως
2826 5200 3133 5271 μαρτυρίαν
3154 5203 3609 5290 ἁρμόξεινμύτῷ,
3630 5209 3756 5281 τὴν,

2256 5286 2640 5357 Ἀμφότερον,
2675 5290 2979 5360 ,βασιλεύς
3031 5293 3082 5346 τ’
3111 5294 3356 5366 ἀγαθὸς,
3382 5286 3756 5442 κῇοῖἓῧῗᾶἷ

3414 5390 3751 5442 ιαιγμητης·

2243 5452 2556 5523 Διαδέχεται
2588 5453 2646 5507 δὲ
2688 5455 2788 5525 τὴν
2816 5455 2947 5526 ὃλην
2993 5457 3092 5529 τῆς
3126 5459 3375 5527 ἐξουσίας
3403 5465 3579 5535 ἀρχὴν
3599 5467 3626 5518 6
3658 5468 3754 5519 καὶ

2176 5546 2324 5615 παρὰ
2371 5546 2469 5614 τῆς
2511 5546 2725 5616 φύσεως
2774 5548 2867 5601 καὶ
2918 5552 3068 5622 παρὰ
3120 5552 3221 5624 τῆς
3271 5555 3471 5626 ἀρετῆς
3515 5558 3607 5611 ἐπὶ
3657 5558 3752 5614 τὺν

1779 5649 2018 5708 VARle
2063 5653 2472 5711 LECTIONES.

576 5718 619 5749 “
654 5721 708 5774 δὲ
735 5726 855 5777 τότε
881 5728 938 5780 P.
1044 5734 1086 5762 "
1109 5735 1412 5806 μαλαχθεὶς
1455 5740 1517 5793 Λ.
