4136 6420
322 376 440 442 3ὶ29

1371 374 1519 433 LIB.
1554 372 1658 436 VI.
1689 396 1759 406 -
1797 369 1944 432 LEO
1982 367 2267 430 BASILII
2294 367 2578 428 FILIUS.

3513 359 3618 423 370

338 487 596 562 πατρῷον
621 486 825 558 κλῆρον
847 487 894 519 ⁵⁸
923 486 1262 557 καλούμενος
1285 487 1380 542 καὶ
1403 487 1557 558 παρὰ
1574 485 1670 540 τοῦ
1692 485 1933 556 ὑπηκόου

2039 482 2346 538 vocabatur
2393 479 2855 549 subditorumque
2893 480 3036 537 votis
3060 479 3481 550 exposcehatur,
3511 477 3618 532 mi-

345 582 415 635 δι’
461 578 629 651 εὐχῶν
682 576 1141 649 ἐπιζητούμενος,
1183 576 1336 632 Λέων
1389 577 1419 630 ὁ
1472 575 1781 649 πραότατος
1837 575 1935 630 καὶ

348 671 654 742 σοφώτατος
676 669 775 724 καὶ
799 669 1021 740 πρῶτος
1049 670 1156 724 τῶν
1176 669 1256 723 ἔτι
1283 666 1757 738 περιλειπομένων
1777 666 1931 722 υἱῶν.

411 763 522 818 Καὶ
566 763 638 816 τὰ
675 761 777 831 μὲν
807 763 941 831 περὶ
985 761 1084 830 τῆς
1126 761 1387 824 εὐσεϐοῦς
1432 760 1716 830 βασιλείας
1761 757 1930 813 Βασι-

339 857 480 911 λεὲου
504 858 556 888 ⁴⁷
585 857 680 910 τοῦ
711 857 965 927 ἀοιδίμου
983 896 998 922 ,
1022 856 1121 910 ὅσα
1151 855 1228 926 μὴ
1252 855 1349 926 τῆς
1375 854 1546 925 λήθης
1570 853 1614 885 ⁸⁵
1639 852 1928 926 παρεσύρη

336 949 578 1020 ῥεύμασι
607 950 703 1003 καὶ
733 949 812 1020 τῷ
834 949 924 1003 διὰ
951 947 1118 1020 μέσου
1143 947 1322 1020 χρόνῳ
1345 946 1567 1016 ἐξίτηλα
1589 944 1805 1015 γέγονε,
1835 946 1933 999 καὶ

331 1041 472 1112 αὐτὴ
504 1041 564 1095 δὲ
596 1043 630 1111 ἡ
665 1041 775 1112 πρὸ
800 1043 901 1112 τῆς
938 1039 1218 1110 βασιλείας
1253 1039 1446 1108 ἀγωγὴ
1466 1079 1482 1102 ,
1515 1038 1612 1092 καὶ
1639 1038 1739 1091 ὅσα
1770 1038 1804 1108 ἡ
1833 1040 1935 1108 τῆς

328 1130 462 1199 ὅλης
500 1130 677 1184 αὐτοῦ
719 1131 869 1200 ζωῆς
900 1131 1143 1200 περιέχει
1179 1129 1469 1194 ὑπόθεσις,
1519 1128 1661 1182 κατὰ
1703 1129 1763 1182 τὸ
1800 1129 1934 1200 ἡμῖν

332 1221 594 1289 ᾶφικτῦν,
639 1221 830 1284 καθὼς
860 1224 896 1292 ἡ
942 1221 1042 1292 τῆς
1085 1220 1346 1293 ἀληθείας
1377 1215 1493 1292 εἶχε
1528 1219 1710 1288 φύσις,
1750 1219 1936 1290 ἀπήγ’

333 1313 519 1380 γελται
544 1313 645 1368 καὶ
678 1315 990 1386 ἱστόρηται.

2035 573 2288 628 tissimus
2342 571 2454 627 Leo
2501 587 2567 628 ac
2623 571 3093 641 sapientissimus,
3148 571 3450 627 liberorum
3503 569 3622 640 ipse

2032 660 2397 730 superstitum
2438 667 2568 714 natu
2613 659 2914 716 maximus.

2103 754 2283 822 Atque
2314 752 2431 807 haec
2459 752 2650 823 inclyti
2679 750 2868 808 Basilii
2888 753 2976 823 pie
3003 751 3366 824 religioseque
3387 750 3621 806 admini-

2032 845 2192 900 strati
2219 843 2438 914 imperii
2471 859 2724 910 munera,
2772 852 3048 915 quotquot
3083 843 3228 898 illius
3258 858 3442 898 rerum
3475 841 3619 896 obli-

2031 936 2212 993 vionis
2251 936 2523 1007 gurgitem
2567 935 2903 1005 effugerunt.
2952 950 3054 991 nec
3100 934 3249 1005 quod
3299 932 3620 988 intercurrit

2032 1045 2149 1086 aevo
2176 1028 2556 1084 exoleverunt.
2593 1028 2774 1099 lpsam
2807 1043 3032 1100 quoque
3059 1027 3182 1098 ejus
3208 1035 3336 1081 ante
3360 1023 3618 1095 adeptum

2033 1121 2326 1192 imperium
2379 1120 2542 1191 353
2603 1120 3034 1186 institutionem,
3093 1133 3158 1174 ac
3191 1126 3398 1189 quanta
3438 1114 3621 1170 omnis

2033 1213 2155 1285 ejus
2224 1213 2352 1268 vitae
2417 1221 2808 1283 argumentum
2875 1211 3131 1281 ratioque
3201 1206 3619 1278 complectitur,

2034 1303 2215 1375 quoad
2237 1303 2397 1359 licuit
2425 1318 2488 1359 ac
2517 1303 2762 1359 veritatis
2785 1301 2921 1359 ordo
2952 1301 3231 1375 poscebat,
3271 1298 3621 1355 narravimus

2035 1403 2090 1453 et
2121 1397 2178 1451 in
2210 1395 2504 1452 historiam
2523 1394 2886 1466 coniecimus.

1327 1557 1335 1594 I
1628 1538 1867 1595 VARle
1899 1538 2310 1595 LECTIONES.

428 1655 471 1688 “
493 1657 601 1710 τῶν
623 1657 912 1730 πατρῴων
947 1658 1164 1730 κλήρων
1189 1660 1254 1713 Α.
1334 1659 1376 1692 ⁸⁷
1402 1659 1684 1714 Βασιλείου
1700 1675 1810 1715 om.
1846 1659 1905 1714 P.
1986 1661 2030 1693 “
2060 1661 2176 1723 τοῖς
2209 1658 2426 1730 λήθηςῖ

361 1868 3583 1898 W

1691 2033 2058 2122 ΛΟΓΟΣ
2116 2032 2250 2129 ε’.

1315 2207 1632 2266 ΒΛΣΙΛΕΙᾹ
1680 2213 1999 2267 ΛΕΟΝΤΟΣ
2046 2215 2620 2272 ΔΥΤΟΚΡΑΤΟΡΟΣ.

1661 2506 2018 2635 LIBER
2131 2549 2298 2638 v1.

1414 2737 1729 2795 MPERIUM
1784 2739 2041 2797 LEONIS
2092 2740 2601 2801 lMPERATORIS...

398 3051 490 3126 [Ρ.
525 3050 666 3125 ειη
708 3050 782 3107 α’.
822 3051 1108 3115 Βασίλειος
1145 3050 1476 3123 τελευτήσας
1503 3092 1517 3118 ,
1549 3052 1701 3106 Λέων
1735 3053 1764 3106 ὁ
1817 3053 1931 3117 υἱὸς
1959 3055 2008 3114 Β
2110 3053 2166 3107 1.
2208 3051 2485 3107 Defuncto
2524 3051 2731 3108 Basilio
2777 3049 2890 3109 Leo
2943 3051 3066 3122 ejus
3122 3052 3268 3109 ﬁlius
3319 3053 3619 3126 imperator

330 3145 494 3201 αὐτοῦ
532 3145 907 3216 αὐτοκράτωρ
949 3142 1306 3198 ἐϐασίλευσεν
1355 3143 1450 3214 ἔτη
1502 3143 1675 3197 εἴκοσι
1724 3143 1926 3210 πέντε,

333 3239 508 3309 μῆνας
532 3235 708 3291 ὀκτώ.
741 3235 1014 3306 Στέφανος
1053 3235 1112 3290 δὲ
1139 3237 1169 3291 ὁ
1208 3234 1374 3291 αὐτοῦ
1409 3235 1637 3306 ἀδελφὸς
1667 3237 1930 3309 κληρικὸς

331 3330 403 3385 ὢν
432 3333 533 3387 καὶ
571 3329 880 3400 σύγκελλος
908 3328 1078 3400 συνῆν
1114 3327 1194 3400 τῷ
1224 3329 1544 3404 πατριάρχῃ
1576 3329 1800 3402 Φωτίῳ,
1835 3331 1927 3386 ὑπ’

329 3424 497 3479 αὐτοῦ
529 3422 877 3494 ἀναγόμενός
902 3441 965 3476 τε
992 3423 1089 3478 καὶ
1111 3422 1524 3493 παιδευόμενος.
1577 3423 1928 3479 Ἀπέστειλεν

335 3516 426 3570 οὖν
471 3519 503 3571 ὁ
551 3516 816 3588 βασιλεὺς
861 3516 953 3571 τὸν
1010 3515 1389 3586 στρατηλάτην
1451 3515 1708 3586 Ἀνδρέαν
1753 3517 1812 3568 ἐν
1861 3519 1928 3588 τῇ

335 3608 681 3679 Χρυσοπόλει
707 3608 802 3662 καὶ
831 3607 1026 3670 ἄλλους
1050 3607 1448 3678 συγκλητικοὺς
1477 3608 1574 3661 σὺν
1603 3606 1755 3677 αὺτῷ
1785 3607 1927 3678 μετὰ

332 3701 544 3775 κλήρου
584 3702 684 3756 καὶ
723 3701 911 3774 κηρῶν
950 3701 1043 3756 καὶ
1091 3700 1386 3773 ἁρμάτων·
1421 3701 1517 3754 καὶ
1564 3699 1931 3769 ἐξαγαγόντες

331 3796 433 3850 τοῦ
467 3797 644 3864 τάφου
675 3795 769 3849 τὸν
800 3793 1028 3866 Μιχαὴλ,
1050 3793 1108 3847 ὲν
1141 3792 1517 3863 γνλωσσοκόμῳ
1549 3792 1930 3862 κυπαρισσίνῳ

345 3885 673 3949 κατέθεντο,
719 3887 810 3940 καὶ
847 3887 941 3940 ἐπὶ
992 3884 1268 3956 κραὸἀτου
1301 3884 1521 3950 θέντες,
1568 3885 1806 3953 ἐντίμως
1834 3885 1931 3938 καὶ

357 3978 662 4049 βασιλικῶς
705 3979 1165 4050 περιστείλαντες,
1198 3979 1257 4032 ὲν
1295 3980 1362 4049 τῇ
1395 3978 1550 4031 πόλει
1589 3979 1889 4050 εἰσήγαγον
1911 4019 1926 4045 ,

351 4070 454 4123 καὶ
481 4068 609 4138 μεθ’
642 4067 810 4138 ὓμνων
838 4071 1001 4142 μέχρι
1024 4069 1134 4124 τῶν
1183 4069 1383 4138 Ἀγίων
1418 4068 1760 4123 Ἀποστόλων
1795 4085 1924 4139 προσ

341 4159 612 4230 ἔπεμψαν
633 4201 648 4224 ,
676 4161 948 4231 ἑπομένων
981 4162 1164 4216 ἐκεῖσε
1191 4161 1289 4216 καὶ
1307 4160 1427 4239 ’τῶν
1459 4160 1625 4216 αὐτοῦ
1660 4159 1926 4230 ἀδελφῶν,

333 4254 435 4308 καὶ
462 4255 524 4309 ἐν
549 4253 779 4325 λάρνακι
803 4255 1114 4310 κατέθεντο.

2039 3160 2222 3200 rerum
2284 3144 2492 3214 potitus
2535 3153 2639 3210 est,
2703 3158 2880 3199 annos
2909 3144 3156 3216 quinque
3191 3159 3355 3217 supra
3404 3147 3618 3218 viginti,

2037 3247 2162 3294 octo
2198 3252 2436 3294 menses.
2499 3236 2811 3307 Stephanus
2842 3237 2990 3295 illius
3021 3236 3192 3294 frater
3224 3237 3460 3296 clericus
3491 3255 3616 3296 cum

2035 3341 2182 3388 esset
2208 3346 2272 3385 ac
2303 3330 2602 3402 syncellus,
2639 3345 2763 3385 cum
2794 3329 2992 3387 Photio
3023 3331 3334 3404 patriarcha
3364 3332 3619 3388 versaba-

2039 3434 2147 3491 tur,
2195 3425 2296 3478 sub
2338 3423 2499 3492 cujus
2544 3423 2885 3477 educabatur
2937 3437 3003 3479 ac
3039 3413 3408 3480 erudiebatur’
3446 3424 3618 3481 disci-

2036 3517 2208 3586 plina.
2265 3513 2415 3571 Misit
2437 3515 2624 3585 itaque
2649 3515 2950 3586 imperator
2977 3516 3253 3572 Andream
3286 3517 3617 3588 magistrum

2037 3607 2246 3664 militiae
2289 3606 2697 3678 ChrysOpolim,
2752 3607 3002 3678 aliosque
3050 3622 3177 3663 cum
3232 3621 3299 3662 eo
3353 3609 3620 3664 senatorii

2037 3700 2274 3766 ordinis,
2303 3715 2426 3755 cum
2451 3699 2600 3754 clero
2625 3707 2681 3754 et
2705 3700 2882 3754 cereis
2912 3715 2977 3755 ac
3005 3700 3259 3756 curribus
3283 3718 3298 3769 ;
3332 3701 3622 3758 eductum-

2036 3807 2148 3862 que
2184 3806 2215 3846 e
2237 3790 2496 3861 sepulcro
2529 3789 2809 3845 Michaelis
2839 3793 3073 3847 cadaver
3109 3807 3176 3850 ac
3210 3792 3263 3848 in
3299 3794 3620 3865 eypressino

2037 3882 2220 3938 loculo
2281 3883 2518 3952 positum
2589 3881 2900 3953 lectuloque
2957 3884 3300 3954 impositum,
3357 3888 3614 3955 pretiosis

2037 3975 2284 4030 vestibus
2349 3975 2606 4044 regioque
2665 3975 2816 4028 cultu
2873 3985 3153 4040 ornatum,
3201 3976 3257 4031 in
3288 3978 3482 4034 urbem
3532 3979 3620 4032 in-

2036 4077 2342 4149 vexernnt;
2395 4081 2460 4121 ac
2491 4081 2616 4119 cum
2653 4066 2882 4120 canticis
2912 4067 2977 4121 ad
3008 4081 3223 4123 sacram
3258 4085 3432 4138 usque
3473 4071 3623 4140 Apo-

2037 4159 2307 4218 stolorum
2351 4157 2523 4211 mdem
2561 4172 2760 4226 pompa
2819 4158 3182 4226 deduxerunt,
3240 4159 3357 4227 ejus
3401 4177 3623 4231 quoque

2037 4250 2303 4307 fratribus
2344 4249 2457 4306 illic
2486 4248 2650 4304 funus
2677 4249 3092 4314 comitantibus,
3127 4251 3450 4321 tumuloque
3487 4267 3621 4308 con-

2039 4344 2321 4400 didernnt.

413 4429 500 4501 ιι).
524 4427 660 4502 218]
697 4427 765 4499 β’.
815 4429 972 4484 Μετὰ
1011 4429 1188 4485 ταῦτα
1225 4429 1282 4484 δὲ
1309 4432 1337 4484 ὁ
1369 4431 1622 4501 βασιλεὺς
1655 4431 1747 4484 τὸν
1776 4431 1937 4485 αὐτὸν
1963 4420 2008 4480 C
2110 4435 2164 4490 2.
2208 4433 2340 4491 Post
2385 4434 2502 4490 haec
2530 4449 2662 4489 vero
2694 4433 2836 4490 idem
2871 4433 3169 4505 imperator
3203 4434 3458 4488 eumdem
3504 4450 3622 4488 ma-

347 4521 728 4592 στρατηλάτην
795 4522 1054 4592 ’Δνδρὲαν
1103 4522 1220 4593 ἅμα
1273 4522 1495 4595 Ἰωάννῃ
1561 4523 1932 4596 Ἀγιοπολίτῃ,

346 4612 512 4684 λογίῳ
535 4615 680 4668 πάνυ
715 4613 834 4667 ὄντι
864 4615 958 4668 καὶ
1000 4616 1266 4688 λογοθέτῃ
1301 4615 1395 4669 τοῦ
1431 4615 1632 4687 δρόμου
1663 4617 1934 4686 γεγονότι,

335 4706 399 4758 ἐν
427 4709 496 4778 τῇ
539 4705 707 4778 ’Δγίᾳ
733 4707 903 4778 Σοφία
929 4707 1268 4773 ἀπέστειλεν,
1301 4707 1351 4760 οἳ
1391 4709 1450 4761 ὲν
1481 4708 1559 4778 τῷ
1591 4708 1806 4778 ᾶμῦωνι
1836 4710 1934 4762 ἀνα

330 4797 588 4861 ελθόντες
620 4797 716 4853 καὶ
735 4797 836 4863 τὰς
865 4797 954 4852 τοῦ
978 4799 1322 4871 πατριάρχου
1345 4800 1556 4854 Φωτίου
1587 4800 1768 4864 αἰτίας
1799 4801 1936 4856 πάν-

328 4905 444 4944 των
499 4891 587 4954 είς
647 4891 886 4961 ἐπήκοον
951 4892 1279 4960 ἀναγνόντες
1345 4893 1537 4946 τοῦτον
1592 4891 1687 4946 τοῦ
1739 4892 1930 4960 θρόνου

331 4983 694 5052 κατήγαγον,
734 4983 830 5036 καὶ
863 4983 1154 5054 ὑπερόριον
1202 4984 1364 5037 αὐτὸν
1407 4985 1465 5038 ὲν
1516 4987 1584 5056 τῇ
1625 4987 1776 5056 μονῇ
1821 4985 1933 5039 τῶν

343 5073 731 5146 ’Δρμονιανῶν
812 5079 880 5148 τῇ
956 5077 1408 5150 ὲπονομαζομένῃ
1496 5078 1591 5132 τοῦ
1672 5079 1932 5149 Βόρδονος

328 5168 641 5238 ἀνήγαγον.
677 5167 950 5238 Στέφανον
980 5169 1039 5224 δὲ
1069 5170 1364 5242 σύγκελλον
1389 5172 1483 5226 τὸν
1503 5171 1671 5226 αὐτοῦ
1699 5171 1929 5241 ἀδελφὸν

331 5259 691 5333 πατριάρχην
731 5261 1132 5334 προϐάλλεται,
1184 5264 1295 5318 ὑπὸ
1338 5263 1645 5334 Θεοφάνους
1682 5281 1926 5336 χειροτο-

331 5351 575 5423 νηθέντα
613 5353 707 5407 τοῦ
745 5354 1155 5426 πρωτοθρόνου.
1198 5356 1435 5428 Ἔζησεν
1475 5356 1533 5410 δὲ
1570 5359 1928 5430 πατριαρχῶν

333 5447 437 5520 ἔτη
463 5447 527 5515 ἕξ
556 5452 650 5504 καὶ
680 5453 857 5524 μῆνας
888 5452 1078 5517 πέντε,
1100 5452 1198 5506 καὶ
1223 5453 1552 5525 τελευτήσας
1581 5451 1844 5506 θάπτεται
1870 5453 1929 5505 ὲν

333 5544 405 5613 τῇ
439 5545 576 5616 μονῇ
611 5543 842 5598 Σικεῶν.

408 5641 477 5703 Υ.
555 5635 613 5690 Ὀ
675 5635 736 5690 δὲ
808 5629 1070 5706 βασιλεὺς
1135 5636 1227 5689 τὸν
1293 5637 1568 5701 Ζαοῦτζαν
1643 5637 1931 5692 Στυλιανὸν

337 5727 639 5802 μάγιστρον
667 5731 766 5787 καὶ
791 5728 1089 5800 λογοθέτην
1111 5728 1204 5782 τοῦ
1235 5729 1432 5800 δρόμου
1466 5731 1850 5800 προϐάλλεται.

407 5819 466 5874 δ’.
502 5823 778 5894 Προεδόθη
816 5823 875 5876 δε
914 5824 946 5890 ἡ
986 5819 1138 5884 πόλις
1174 5822 1208 5890 ἡ
1244 5820 1525 5892 ἐπώνυμος
1565 5820 1794 5893 ’Υνςκηλὶιγ⁹
1833 5824 1927 5877 καὶ

2037 4529 2268 4599 gistrum
2304 4528 2514 4582 militia:
2545 4527 2818 4581 Andream
2849 4542 2970 4581 cum
3011 4524 3224 4581 Joanne
3250 4526 3620 4596 liagiopolita,

2033 4622 2155 4678 viro
2188 4621 2345 4677 valde
2365 4618 2584 4676 erudito
2614 4632 2679 4674 ac
2705 4619 2797 4690 qui
2825 4635 3024 4675 cursus
3054 4619 3256 4690 publici
3284 4617 3622 4692 3541080·

2035 4715 2188 4769 theta
2225 4711 2532 4775 exstiterat,
2566 4710 2632 4765 ad
2678 4707 2736 4764 S.
2779 4709 3000 4780 SOpliiae
3031 4711 3202 4766 misit.
3251 4711 3355 4778 Qui
3383 4713 3622 4768 ambone
3676 4740 3680 4744 λ

2032 4821 2360 4874 conscenso,
2410 4802 2736 4873 reiectisque
2777 4801 2833 4857 in
2875 4801 3123 4857 omnium
3168 4803 3398 4858 auribus
3442 4803 3621 4860 Photii
3677 4820 3680 4824 '

2037 4897 2364 4970 patriarcha
2392 4895 2760 4952 accusationis
2785 4894 3079 4964 capitibus,
3113 4909 3240 4949 cum
3276 4910 3306 4950 e
3353 4894 3482 4950 sede
3523 4911 3620 4950 ex-

2039 4989 2296 5060 pulerunt
2321 4989 2486 5058 inque
2513 4988 2976 5042 Armonianorum
3012 4987 3433 5051 monasterium,
3469 4989 3616 5058 quod
3652 4972 3666 5004 ⁵

2036 5080 2308 5138 Bordonis
2339 5090 2559 5148 vocant,
2607 5081 2856 5137 exsulem
2889 5080 3220 5152 relegarnnt.
3277 5080 3618 5149 Stephanum

2036 5185 2219 5232 autem
2268 5171 2496 5228 fratrem
2551 5187 2713 5228 suum
2769 5170 3072 5242 syncellum
3107 5169 3219 5224 Leo
3246 5170 3617 5239 patriarcham

2035 5265 2663 5340 praeficit,ordinationis
2695 5280 2891 5320 manus
2913 5263 3263 5334 impendente
3280 5261 3617 5332 Theophane

2037 5363 2230 5434 primae
2259 5360 2407 5417 sedis
2433 5359 2698 5416 antistite.
2749 5355 2898 5411 Vixit
2928 5367 3111 5412 autem
3156 5357 3210 5411 in
3239 5356 3616 5427 patriarchatu

2035 5470 2215 5512 annos
2253 5469 2349 5510 sex
2401 5463 2458 5508 et
2489 5466 2705 5510 menses
2754 5450 3042 5521 quinque:
3113 5449 3221 5505 vita
3280 5447 3501 5513 functus
3559 5450 3614 5504 in

2037 5549 2321 5605 Siceornm
2351 5548 2652 5602 tumulatur
2687 5543 3044 5600 monasterio.

2107 5641 2163 5694 5.
2229 5640 2529 5710 Imperator
2589 5637 2852 5692 Zaulzam
2915 5630 3221 5706 Styliandm
3288 5634 3613 5704 magistrum

2037 5731 2279 5802 praefecit
2303 5748 2366 5784 ac
2385 5746 2584 5786 cursus
2611 5727 2812 5799 publici
2838 5727 3196 5796 lngothetann.

2108 5824 2162 5880 4.
2218 5823 2532 5880 Pt'oditionc
2563 5831 2716 5892 capta
2755 5819 2884 5874 urbs
2921 5818 3152 5890 llypsele
3192 5821 3352 5882 dicta,
3386 5819 3618 5887 ejusque
