4136 6428
571 367 667 432 37]

1660 370 2164 431 THEOPHANES
2195 370 2752 433 CONTINUATUS.

3735 373 3836 437 372

540 500 764 558 .mnnes
797 485 988 540 incolae
1026 499 1089 541 ac
1122 490 1271 543 cives
1302 488 1371 542 ab
1402 486 1669 556 Agarenis
1699 485 1852 541 ducti
1886 502 1940 539 tn
1978 486 2154 555 capti—

2267 487 2758 559 ῂχμαλωτίσθησαν
2817 485 2922 539 ὑπὸ
2972 484 3081 538 τῶν
3154 483 3475 553 Ἀγαρηνῶν
3533 483 3729 547 πάντες
3787 488 3835 539 οἱ

574 579 823 633 vitalem.
885 578 989 633 Sed
1023 590 1078 634 et
1105 579 1308 649 ingenti
1346 593 1516 648 prope
1547 577 1781 649 Sophias
1808 578 2048 632 excitato
2069 577 2154 630 in-

572 668 789 733 cendio,
822 667 938 738 ipsa
972 683 1189 738 quoque
1217 667 1277 723 S.
1314 669 1541 724 Thomas
1569 669 1803 739 apostoli
1828 682 1981 724 saera
2006 669 2152 723 aedes

578 760 850 823 ambusta,
885 774 1050 830 quam
1082 760 1193 816 Leo
1226 761 1525 830 imperator
1566 760 1913 833 postmodum
1943 758 2153 830 magni-

576 846 677 901 tice
706 848 1057 904 instaura-vit.

648 939 703 993 5.
723 939 903 995 Missis
928 942 1223 1012 imperator
1236 941 1554 998 Euchaitam
1575 943 2157 1014 apparitoribusTheo-

576 1031 773 1088 dorum
792 1032 1030 1089 Santaba
1041 1050 1229 1090 renum
1247 1036 1299 1089 in
1320 1036 1509 1090 urbem
1531 1036 2013 1092 induxit.Andreas
2025 1053 2159 1092 vero

577 1124 891 1179 scholarum
922 1126 1260 1185 domeSticus
1282 1134 1337 1181 et
1363 1125 1676 1196 Stephanus
1702 1129 1961 1199 magister
1996 1129 2157 1185 Calo-

580 1217 770 1271 mariae
796 1217 999 1284 dictus,
1032 1217 1216 1273 multis
1240 1218 1369 1272 olim
1396 1219 1540 1289 apud
1584 1217 1845 1275 Basilium
1893 1235 1923 1274 a
1956 1219 2158 1274 Santa-

578 1308 951 1379 bareno‘petiti
970 1311 1618 1378 accusationibus,Leoni
1639 1322 1938 1384 suggerunt
1958 1314 2010 1368 id
2024 1312 2160 1368 Pho-

580 1401 656 1455 tio
672 1416 736 1456 ac
756 1400 1042 1458 Theodoro
1065 1402 1233 1459 fuisse
1248 1405 1632 1473 constitutum,
1664 1418 1722 1462 ut
1770 1408 2157 1477 imperatorem

578 1504 643 1544 ex
659 1489 837 1546 Pbotii
851 1500 1007 1562 gente
1019 1493 1247 1563 ejusque
1264 1496 1509 1564 cognatis
1522 1494 1962 1551 crearentJussit
1977 1496 2161 1565 itaque

577 1581 897 1651 imperator,
917 1584 1218 1654 ambosque
1245 1585 1310 1638 ad
1332 1584 1509 1656 regias
1539 1585 1594 1639 in
1625 1586 1786 1657 Pegis
1803 1585 1950 1640 aedes
1983 1586 2160 1640 addu-

578 1683 700 1730 ctos
738 1675 899 1747 355
943 1677 998 1731 in
1030 1692 1129 1734 sua
1158 1693 1435 1748 quemque
1496 1679 1750 1734 custodia
1802 1693 2163 1749 seorsumque

580 1768 791 1823 servari
824 1768 1105 1838 praecepit.
1169 1766 1323 1824 Missi
1360 1771 1671 1840 cognitores
1702 1771 1945 1841 capitum
1992 1785 2161 1826 accu-

2260 578 2639 640 κατοικοῦντες
2677 580 2733 631 ὲν
2770 579 2931 648 αὐτῇ.
2964 576 3158 646 Γέγονε
3200 576 3255 629 δὲ
3285 576 3378 628 καὶ
3410 576 3581 643 μέγας
3618 576 3833 647 ἐμπρη-

2261 673 2395 742 σμὸς
2423 672 2652 742 πλησίον
2679 669 2785 723 τῶν
2812 668 3022 737 Σοφιῶν
3044 710 3058 734 ,
3083 668 3177 721 καὶ
3210 666 3523 737 ἐνεπρήσθη
3552 667 3646 719 καὶ
3666 668 3693 718 6
3718 666 3837 731 ναὸς

2259 764 2354 818 τοῦ
2405 763 2590 832 Ἀγεου
2643 761 2970 815 Ἀποστόλου
3015 762 3210 831 Θωμᾶ,
3246 759 3305 812 ὃν
3336 761 3365 812 6
3400 756 3653 828 βασιλεὺς
3695 758 3838 812 Λέων

2260 856 2531 927 λαμπρῶς
2556 854 2923 908 ἀνεκαίνισεν.
3027 893 3037 902 .

2333 946 2396 1001 ε’.
2438 946 2792 1009 Ἀποστείλας
2820 945 2877 997 δὲ
2903 946 2932 997 6
2959 942 3214 1012 βασιλεὺς
3239 942 3318 1003 εἰς
3344 940 3620 1011 Εὐχαῖταν
3646 938 3839 993 Θεόδω-

2265 1056 2359 1111 ρον
2386 1039 2478 1092 τὸν
2513 1036 2928 1107 Σανδα6αρηνὸν
2959 1037 3017 1089 ὲν
3060 1037 3128 1105 τῇ
3166 1031 3320 1085 πόλει
3366 1031 3684 1098 εἰσήγαγεν.
3728 1030 3831 1082 'Av-

2262 1132 2429 1203 δρέας
2460 1130 2517 1185 δὲ
2548 1132 2577 1184 6
2621 1130 2941 1198 δομέστικος
2984 1128 3094 1180 τῶν
3139 1125 3350 1195 σχολῶν
3395 1123 3492 1177 καὶ
3524 1122 3836 1188 Στέφανοςὸ

2268 1226 2571 1296 μάγιστρος
2598 1224 2696 1293 τῆς
2727 1221 3110 1292 Καλομαρῑας,
3139 1221 3187 1271 οἱ
3211 1217 3386 1271 πολλὰ
3415 1216 3553 1287 πρὸς
3576 1214 3839 1267 Βασίλειον

2264 1315 2643 1384 διαϐληθέντες
2684 1314 2792 1366 ὑπὸ
2836 1312 2931 1365 τοῦ
2988 1309 3410 1381 Σανδαϐαρηνοῦ
3433 1348 3448 1373 ,
3479 1307 3739 1361 ὑπέθεντο
3771 1305 3841 1376 τῷ

2268 1409 2479 1481 βασιλεί
2510 1407 2586 1470 ὼς
2632 1405 2918 1476 βουληθεὶς
2948 1405 2994 1436 δ’
3028 1402 3234 1465 Φώτιὸς
3265 1419 3326 1454 τε
3378 1401 3479 1454 καὶ
3507 1400 3776 1474 θεόδωρος
3817 1400 3844 1451 6

2266 1498 2685 1570 Σανδαὸαρηνδς
2740 1496 2966 1568 βασιλέα
3018 1497 3083 1548 ἐκ
3131 1492 3421 1562 συγγενῶν
3449 1493 3656 1545 Φωτίου
3702 1490 3850 1561 ποιή-

2270 1591 2487 1648 σασθαι.
2534 1587 2843 1660 Προσέταξε
2896 1589 2954 1642 δὲ
3004 1588 3031 1639 ὁ
3100 1586 3349 1656 βασιλεὺς
3378 1628 3393 1652 ,
3454 1584 3547 1638 καὶ
3597 1584 3756 1655 ἄμφω
3801 1584 3851 1635 ὲν

2266 1686 2381 1747 τοῖς
2425 1681 2709 1744 παλατιοις
2751 1681 2959 1751 ἤγαγον
2991 1680 3099 1731 τῶν
3132 1677 3354 1746 Πηγῶν,
3391 1676 3501 1729 iul.
3562 1676 3668 1746 ἰδίᾳ
3700 1684 3876 1744 φρου-’

2272 1775 2487 1847 ρεῖσθαι
2534 1772 2938 1826 διεκελεύσατο.
2994 1770 3427 1839 Ἀπεστάλησαψ
3462 1767 3518 1820 δὲ
3559 1765 3850 1835 διαγνώμο-

580 1861 837 1925 sationis,
884 1865 1149 1930 magister
1190 1862 1308 1932 ipse
1353 1863 1667 1932 Stephanus
1700 1874 1753 1918 et
1784 1865 2033 1919 Andreas
2064 1864 2163 1918 do—

2267 1887 2355 1933 νες
2393 1868 2502 1921 τῶν
2551 1884 2655 1919 κατ
2726 1863 2906 1918 αὐτῶν
2942 1863 3275 1933 κινουμένων
3313 1862 3492 1924 αὑτός
3534 1878 3592 1913 τε
3628 1860 3657 1912 6
3697 1859 3851 1928 μάγι-

582 1954 846 2009 mesticus
877 1961 929 2008 et
962 1952 1223 2008 Craterus
1251 1965 1304 2007 et
1332 1951 1541 2009 Gumer
1572 1955 1783 2025 patricii
1832 1965 1887 2010 et
1927 1954 2167 2009 Joannes

582 2045 950 2116 llagiopolita.
969 2046 1220 2102 Adducto
1250 2048 1436 2117 itaque
1451 2049 1763 2118 patriarcha
1787 2050 2003 2119 Photio,
2035 2058 2089 2105 et
2108 2050 2165 2105 in

581 2140 711 2198 sede
772 2147 1090 2195 reverenter
1156 2140 1447 2205 collocato,
1501 2142 1607 2210 ipsi
1655 2157 1872 2212 quoque
1916 2143 2165 2199 sedentes

582 2248 770 2290 causa:
813 2247 1042 2293 examen
1095 2233 1412 2289 instituunt.
1482 2233 1637 2289 Tunc
1671 2236 1919 2291 Andreas
1974 2236 2163 2290 dome-

583 2324 759 2379 sticus
800 2325 1133 2394 patriarcha:
1182 2326 1338 2380 iniit:
1403 2325 1589 2392 Nosti,
1638 2328 1869 2394 domine,
1923 2328 2166 2381 abbatem

588 2412 965 2470 Theodorum?
994 2413 1096 2469 Cui
1126 2415 1247 2470 ille:
1277 2416 1531 2470 Abbatem
1558 2416 1889 2471 Theodorum
1917 2433 2021 2470 non
2077 2430 2167 2469 co-

584 2522 794 2576 gnosco.
829 2508 920 2562 Ait
947 2507 1193 2563 Andreas
1226 2526 1239 2562 :
1268 2507 1598 2563 Theodorum
1631 2510 1875 2564 abbatem
1902 2508 2168 2564 Santaba-

586 2614 769 2669 renum
809 2616 913 2655 non
942 2600 1123 2659 nosti?
1166 2598 1267 2656 Cui
1298 2601 1608 2671 patriarcha
1642 2619 1655 2655 :
1700 2601 2028 2655 Theodorum
2051 2617 2166 2655 mo-

587 2691 813 2743 nachum
842 2688 1272 2745 Santabarenum
1301 2690 1694 2747 Euchaitarum
1714 2693 2167 2762 archiepiscopum

585 2798 859 2853 cognosco.
902 2780 1041 2836 Tum
1093 2781 1473 2839 Santabareno
1527 2783 1582 2838 in
1630 2784 1868 2840 medium
1905 2784 2164 2851 adducto,

585 2876 665 2943 ait
697 2875 763 2929 ad
795 2889 918 2929 eum
944 2874 1241 2939 Andreas:
1302 2874 1529 2931 Mandat
1572 2878 1665 2931 tibi
1708 2877 2019 2946 imperator,
2075 2877 2168 2930 ubi

584 2967 925 3035 suntimperii
947 2969 1049 3021 mei
1067 2968 1303 3036 pecunia:
1326 2968 1560 3038 bonaque
1581 2979 1629 3023 et
1653 2971 1915 3037 supellex?
1934 2970 2161 3027 Aitille:

591 3056 691 3111 Ubi
734 3057 832 3117 illa
862 3058 1035 3122 dedit,
1081 3058 1171 3127 qui
1213 3073 1309 3126 pro
1350 3069 1579 3129 tempore
1631 3061 1911 3130 imperium
1981 3064 2160 3132 gessit.

2269 1980 2429 2035 στρος
2477 1963 2745 2031 Στέφανος
2793 1959 2887 2011 καὶ
2942 1960 2969 2010 6
3002 1956 3326 2026 δομέστικος
3390 1952 3660 2023 Ἀνδρέας
3691 1953 3781 2006 καὶ⁸
3826 1951 3851 2004 6

2266 2055 2548 2126 Κρατερὸς
2584 2056 2679 2107 καὶ
2709 2055 2745 2120 ,ὁ
2788 2052 3004 2120 Γοῦμερ
3040 2048 3321 2117 πατρίκιοι
3388 2047 3503 2100 καὶ
3544 2045 3787 2113 Ἰωάννης
3825 2042 3851 2096 6

2278 2146 2675 2217 Ἀγιοπολίτης.
2722 2143 3048 2212 Ἀγαγόντες
3079 2136 3173 2194 οὖν
3202 2139 3295 2192 τὸν
3344 2138 3706 2207 πατριάρχην
3746 2132 3852 2188 Φώ-

2266 2252 2379 2289 τιον
2412 2236 2505 2287 καὶ
2539 2234 2631 2286 ἐπὶ
2662 2233 2855 2302 θρόνου
2892 2230 3129 2299 ἐντίμως
3162 2228 3529 2293 καθίσαντες,
3566 2227 3659 2279 καὶ
3714 2222 3853 2278 αὐτοὶ

2267 2325 2644 2387 καθεσθέντες,
2678 2323 2777 2393 τὴν
2804 2320 3050 2386 ἐξέτασιν
3072 2319 3377 2373 ἐποιοῦντο.
3446 2318 3506 2372 '0
3528 2318 3583 2372 δὲ
3619 2316 3851 2388 δομέστι-

2267 2436 2361 2482 κος
2398 2417 2651 2487 Ἀνδρέας
2717 2414 2823 2483 ἔφη
2868 2413 2947 2484 τῷ
3005 2413 3325 2484 πατριάρχῃ
3355 2426 3367 2440 ·
3403 2407 3760 2478 Γνωρίζεις,
3809 2401 3850 2460 ὦ

2265 2508 2553 2568 δέσποτα.
2573 2506 2761 2562 ἀόϐᾶν
2791 2506 3129 2574 Θεόδωρον;
3167 2506 3224 2557 '0
3246 2503 3325 2566 δὲ,
3362 2502 3598 2558 Ἀϐϐᾶν
3628 2503 3698 2555 οὐ
3722 2517 3851 2570 γνω-

2261 2604 2398 2673 ρίζω
2429 2604 2750 2671 Θεόδωρον.
2806 2602 2864 2655 Ὁ
2915 2601 2973 2654 δὲ
3037 2582 3331 2670 ’Δνδρέας·
3391 2598 3517 2652 Τὸν
3557 2595 3741 2652 ἀὸϐᾶν
3786 2594 3849 2647 οὐ

2268 2696 2567 2769 γνωρίζεις
2611 2695 2914 2762 Θεόδωρον
2970 2695 3078 2748 τὸν
3120 2691 3595 2759 Σανδαϐαρηνόν
3616 2706 3636 2754 ;
3690 2686 3847 2743 Καὶὸ

2268 2791 2616 2861 πατριάρχης
2650 2804 2664 2819 ο
2724 2785 2990 2857 Γνωριζω
3059 2786 3166 2841 τὸν
3218 2785 3504 2855 μοναχὸν
3561 2782 3838 2851 Θεόδωρον

2266 2882 2753 2951 ἀρχιεπίσκοπον
2802 2880 2950 2933 ὄντα
3002 2876 3737 2948 Εὐχαΐτων.,Ἑνεχθέντος
3793 2870 3839 2923 δὲ

2266 2974 2361 3027 τοῦ
2404 2969 2845 3043 Σανδαόαρηνοῢ,
2875 2971 3018 3038 λέγει
3039 2969 3174 3039 πρὸς
3202 2968 3364 3021 αὐτὸν
3390 2968 3419 3021 6
3466 2967 3718 3038 Ἀνδρέας
3742 2980 3756 2995 ·
3795 2962 3841 3013 '0

2260 3067 2564 3131 ,βασιλεύς
2616 3081 2716 3119 σοι
2766 3062 2983 3131 δηλοῖ·
3031 3060 3155 3115 Ποῦ
3198 3062 3317 3114 εισι
3349 3060 3424 3113 τὰ
3464 3059 3733 3128 χρήματα
3756 3051 3843 3108 καὶ

585 3147 745 3205 Nunc
776 3158 955 3207 autem
989 3150 1243 3220 quoniam
1282 3147 1394 3202 hac
1442 3152 1732 3219 imperator
1770 3153 1984 3223 quaerit,
2041 3152 2163 3208 licet

2272 3158 2367 3233 [P.
2391 3156 2520 3228 219]
2546 3155 2619 3210 τὰ
2651 3155 2965 3224 πράγματα
2996 3154 3107 3221 τῆς
3132 3153 3459 3218 βασιλείας
3500 3168 3620 3220 μου
3634 3166 3656 3215 ;
3714 3149 3770 3201 'U
3790 3144 3845 3197 δὲ

582 3240 666 3295 illi
691 3241 1022 3311 caprecipere.
1057 3239 1214 3295 Tunc
1247 3241 1495 3297 Andreas
1525 3259 1538 3296 :
1601 3242 1696 3296 Dic
1721 3259 1837 3309 oro,
1889 3261 2041 3316 quem
2076 3262 2167 3299 vo-

585 3329 739 3389 luisti
789 3329 1161 3398 imperatorem
1220 3329 1415 3397 facere,
1454 3347 1590 3393 cum
1638 3333 1979 3401 imperatoris
2024 3335 2168 3402 patri

586 3426 775 3473 auctor
827 3433 968 3472 esses
1005 3427 1064 3471 ut
1112 3417 1287 3487 ﬁlium
1345 3420 1513 3474 oculis
1572 3421 1823 3476 orbaret?
1895 3439 2019 3476 num
2074 3422 2169 3475 tibi

585 3509 861 3581 sanguinis
900 3510 1314 3575 neccessitudine
1333 3512 1691 3581 canjunctum,
1717 3531 1787 3568 an
1819 3514 2170 3583 patriarchas?

586 3602 891 3676 Respondit
921 3604 1013 3657 ille
1042 3601 1224 3677 :Hazc,
1250 3620 1366 3673 qua:
1391 3606 1760 3669 nti/tiobiicitis
1792 3607 2019 3659 crimina
2074 3622 2166 3659 ne-

589 3696 722 3751 scia.
771 3696 852 3749 Ad
907 3711 1070 3767 quem
1122 3696 1381 3766 magister
1410 3696 1755 3767 Stephanus:
1816 3697 2163 3768 Ecquomodo

586 3789 896 3858 imperatori
928 3789 1245 3859 signiﬁcasti
1294 3801 1342 3844 te
1386 3791 1744 3857 patriarcham
1788 3792 1901 3859 ejus
1955 3792 2166 3846 sceleris

590 3896 738 3935 reum
768 3892 1108 3950 peracturum
1130 3882 1159 3935 .9‘
1185 3882 1307 3937 Mox
1338 3883 1450 3948 ille,
1484 3883 1636 3937 hisce
1661 3882 1886 3948 auditis,
1931 3886 2166 3955 patriar-

587 3974 705 4037 chae
748 3974 980 4043 pedibus
1028 3975 1363 4031 advolutus:
1407 3972 1657 4028 Obtestor
1709 3984 1777 4040 te,
1810 3977 2040 4043 domine,
2073 3995 2167 4047 per

586 4065 779 4132 Deum,
810 4067 907 4131 ait,
933 4076 990 4120 ut
1017 4085 1096 4122 me
1118 4069 1267 4135 prius
1288 4066 1508 4135 dejicias
1538 4083 1600 4119 ac
1626 4079 1931 4123 exauctorati
1956 4082 2168 4140 tumque

586 4158 645 4217 in
672 4174 752 4212 me
783 4160 927 4213 omni
952 4160 1252 4213 sacerdotio
1291 4158 1571 4224 nudatum,
1602 4172 1658 4214 ut
1692 4161 2015 4229 maleﬁcum,
2045 4166 2166 4217 ani-

587 4250 942 4315 madvertant.
996 4249 1110 4308 Nec
1141 4250 1282 4307 enim
1338 4251 1600 4317 ejusmodi
1666 4252 1873 4322 aliquid
1931 4270 2165 4324 unquam

587 4340 896 4409 imperatori
927 4339 1115 4392 detuli.
1145 4339 1465 4409 Tnm356
1484 4340 1794 4408 patriarcha
1830 4360 1843 4396 :
1874 4342 1981 4396 Per
2014 4344 2164 4397 salu-

589 4442 692 4485 tent
723 4434 1070 4497 animwmeae,
1100 4431 1307 4485 domine
1334 4431 1616 4496 Theodore,
1646 4433 2063 4503 archiepiscopus
2086 4452 2164 4503 es,

2274 3251 2382 3320 ἔφη
2423 3265 2439 3281 ⁸
2478 3251 2672 3303 Ὅπου
2726 3247 2989 3301 δέδωκεν
3017 3247 3169 3301 αὐτὰ
3219 3249 3253 3300 ὁ
3282 3244 3433 3299 κατὰ
3470 3243 3587 3311 τὴν
3630 3239 3848 3310 ἡμέραν

2264 3341 2568 3405 ,βασιλεὺς
2590 3353 2603 3367 '
2636 3337 2843 3407 νῦνῖὃὲ
2883 3338 3011 3391 ἐπεὶ
3030 3337 3217 3391 ταῦτα
3244 3338 3277 3390 ὁ
3317 3333 3619 3400 ,βασιλεὺς
3668 3328 3854 3398 ζητεῖ,

2270 3429 2563 3492 ἐξουσίαν
2621 3426 2747 3496 ἔχει
2798 3427 2906 3481 τοῦ
2950 3425 3359 3481 ἀναλαϐέσθαι
3410 3422 3597 3477 αὑτά.
3651 3422 3765 3474 Καὶ
3834 3418 3861 3470 6

2281 3520 2539 3590 Ἀνδρέας
2568 3533 2583 3549 ⁸
2645 3519 2795 3572 Εἰπὲ
2816 3558 2831 3581 ,
2863 3519 3000 3572 τίνα
3025 3518 3353 3572 edomuit-22501)
3383 3512 3665 3579 ,βασιλέα
3700 3507 3867 3577 ποιῆ-

2269 3627 2373 3665 σαι
2403 3609 2484 3681 τῷ
2524 3610 2698 3676 πατρὶ
2731 3609 2836 3663 τοῦ
2859 3609 3167 3673 ,βασιλέως
3187 3607 3433 3671 ὑποθεὶς
3477 3603 3619 3668 τοὺς
3655 3604 3875 3671 ὀφθαλ-

2263 3700 2421 3771 μοὺς
2458 3700 2565 3753 τὸν
2598 3700 2753 3753 ἴδιον
2796 3698 3208 3765 ἀποστερῆσαι
3235 3696 3403 3761 olor;
3460 3694 3580 3747 σὸν
3610 3693 3875 3764 συγγενῆ

2267 3794 2306 3862 ἢ
2331 3794 2438 3848 τοῦ
2473 3791 2843 3861 πατριάρχου
2862 3808 2881 3857 ;
2930 3791 2989 3845 '0
3011 3790 3068 3844 δὲ
3101 3787 3256 3843 εἷπεν
3292 3806 3307 3821 ·
3339 3791 3484 3843 Οὑρι
3517 3783 3652 3840 οῖδα
3689 3786 3879 3842 ταῦτα

2268 3888 2403 3955 περὶ
2433 3881 2521 3940 ὧν
2561 3902 2663 3956 μοι
2693 3884 3098 3953 κακηγορεᾶε.
3130 3884 3294 3949 Λέγει
3327 3878 3421 3936 οὖν
3496 3880 3525 3933 6
3576 3879 3877 3953 μάγιστρος

2270 3981 2543 4048 Στέφανος
2576 3994 2590 4009 ·
2655 3976 2765 4032 Καὶ
2848 3975 2973 4043 πῶς
3060 3974 3375 4045 ἐμήνυσας
3472 3971 3552 4038 τῷ
3624 3972 3876 4037 ,βασιλεῖ

2267 4070 2539 4141 ἐλέγξειν
2566 4068 2698 4138 περὶ
2730 4070 2945 4123 τούτου
2969 4067 3078 4121 τὸν
3100 4065 3520 4135 πατριάρχην;
3563 4065 3619 4119 '0
3640 4065 3699 4119 δὲ
3732 4083 3863 4134 παρ-

2269 4166 2399 4219 ευθὺ
2437 4166 2550 4227 τοῖς
2590 4163 2718 4215 ποσὶ
2763 4162 2863 4215 τοῦ
2895 4160 3239 4234 πατριάρχου
3273 4160 3612 4230 προσπεσὼν
3655 4156 3804 4215 εἶπεν
3832 4172 3847 4193 ”

2278 4252 2506 4327 Ὁρκίζω
2528 4275 2621 4321 σε,
2674 4255 2961 4322 δέσποτα,
2996 4254 3147 4309 κατὰ
3170 4254 3277 4307 τοῦ
3317 4253 3468 4307 Θεοῦ
3507 4254 3611 4309 ἵνα
3654 4255 3850 4323 πρότε-

2260 4351 2378 4417 ρόν
2405 4365 2482 4418 με
2523 4345 2917 4414 καθαιρήσῃς,
2978 4344 3079 4397 καὶ
3127 4346 3262 4398 τότε
3316 4344 3550 4413 γυμνόν
3594 4362 3672 4414 με
3716 4344 3851 4397 ὄντα

2268 4441 2599 4509 ἱερωσύνης
2633 4440 2715 4504 ὠς
2736 4436 3073 4505 κακοῦργον
3104 4437 3247 4489 ὄντα
3276 4435 3701 4497 κολαζέτωσαν
3735 4451 3750 4467 ⁸
3781 4434 3848 4488 οὐ

588 4538 699 4580 tum
727 4527 783 4579 in
812 4525 1006 4580 sceculo
1035 4524 1132 4577 hoc
1171 4532 1281 4580 tum
1322 4527 1373 4578 in
1404 4526 1607 4594 futuro.
1657 4527 1740 4580 Ad
1778 4529 1895 4583 haec
1918 4528 2164 4586 Andreas

2273 4535 2385 4606 γὰρ
2456 4533 2702 4587 τοιαῦτα
2730 4532 2811 4597 τῷ
2848 4529 3102 4596 βασιλεῖ
3151 4531 3457 4598 ἐδήλωσα.
3518 4532 3579 4587 Ὀ
3633 4533 3691 4587 δὲ
3752 4547 3851 4584 ιτα⁸

588 4619 668 4671 ira
690 4618 940 4672 concitus
966 4634 979 4669 :
1009 4614 1200 4671 Nonne
1218 4634 1330 4670 meo
1357 4618 1523 4686 ipsius
1543 4634 1653 4687 ore,
1673 4618 1831 4683 abba,
1852 4620 1966 4688 ejus
1993 4630 2039 4674 te
2059 4622 2168 4675 cri-

585 4709 746 4763 minis
798 4723 947 4761 reum
992 4717 1331 4776 peracturum
1366 4710 1614 4763 Photium
1666 4711 2019 4781 signiﬁcasti?
2067 4713 2168 4769 Cui

586 4802 681 4855 ille
706 4816 904 4859 rursus
938 4801 1083 4855 scire
1112 4817 1171 4855 se
1203 4803 1409 4873 aliquid
1441 4804 1676 4873 negavit.
1725 4803 1953 4861 Reversi
1985 4806 2171 4877 itaque

586 4893 848 4949 nuntiant
896 4908 1019 4963 qua:
1069 4894 1161 4948 illa
1224 4896 1544 4967 cegnitione
1588 4908 1775 4952 essent
1828 4897 2166 4957 interlocuti.

587 4986 888 5055 Imperator
922 4987 999 5039 ira
1032 4987 1273 5057 percitus
1307 4990 1609 5059 eﬂ'renique
1658 4990 1844 5045 furore
1877 4992 2165 5058 subactus,

590 5086 653 5133 ut
681 5078 774 5144 qui
803 5079 1082 5149 probabile
1112 5081 1376 5145 adversus
1408 5082 1779 5151 patriarcham
1806 5084 2013 5139 crimen
2048 5084 2171 5140 nul-

587 5170 704 5226 lum
737 5180 932 5226 nactus
996 5180 1169 5239 esset,
1217 5172 1659 5239 Santabarenum
1717 5174 1919 5230 acriter
1979 5176 2172 5230 verbe-

588 5263 697 5317 rari
728 5262 905 5332 jubet,
938 5272 1164 5333 tumque
1193 5264 1422 5319 Athenis
1442 5267 1714 5321 exsulare.
1736 5265 1864 5322 Post
1888 5282 2011 5321 eum
2043 5282 2171 5326 vero

592 5354 816 5411 mittens
856 5358 1030 5413 oculis
1059 5357 1273 5411 orbavit
1294 5368 1347 5412 et
1386 5358 1441 5412 in
1476 5360 1665 5414 Asiam
1705 5360 1989 5431 relegavit.
2025 5359 2169 5416 Mul-

592 5447 662 5501 tis
690 5455 865 5503 antcm
917 5452 1124 5506 exactis
1155 5454 1316 5506 annis
1368 5453 1437 5508 ab
1477 5454 1672 5507 exsilia
1737 5464 2053 5509 revocatum
2110 5455 2167 5517 in

591 5539 780 5603 urbem
842 5539 1075 5609 induxit,
1137 5558 1495 5611 annonasquc
1552 5545 1625 5599 illi
1663 5561 1726 5600 ex
1778 5544 1946 5602 Novae
1981 5547 2163 5602 eccle-

2267 4630 2541 4702 τριάρχης
2589 4628 2694 4697 ἔφη
2729 4644 2743 4658 ο
2783 4625 2878 4681 Μὰ
2932 4626 3049 4694 τὴν
3092 4626 3393 4695 σωτηρίαν
3424 4625 3581 4696 ἐμῆς
3628 4621 3851 4695 ψυχῆς.

2235 4730 2241 4737 ’
2269 4722 2411 4789 κῦρι
2443 4720 2735 4786 Θεόδωρε,
2782 4719 3256 4787 ἀρχιεπίσκοετος
3288 4713 3343 4770 εἷ
3365 4717 3468 4770 καὶ
3521 4719 3594 4772 ἐν
3636 4718 3718 4783 τῷ
3746 4715 3853 4771 νῦν

2268 4814 2438 4870 αἰῶνι
2464 4812 2563 4866 καὶ
2610 4813 2679 4865 ἐν
2718 4809 2798 4877 τῷ
2828 4809 3140 4880 μέλλοντι.
3169 4808 3459 4876 Θυμωθεὶς
3488 4808 3582 4862 οὖν
3612 4811 3707 4863 ἐπὶ
3734 4806 3849 4862 τού-

2268 4924 2380 4969 τοις
2433 4904 2684 4973 ’Λνδρέας
2721 4902 2825 4973 ἔφη
2860 4918 2873 4933 ·
2908 4901 3016 4956 Καὶ
3054 4903 3166 4955 οὐκ
3207 4899 3549 4968 ἐμήνυσας,
3582 4900 3753 4965 ἀδεᾶ,
3780 4914 3851 4963 τῳ

2266 4996 2524 5064 ,βασιλεῖ
2556 4995 2633 5049 δι’
2667 4994 2815 5064 ἐμοῦ
2849 4995 2951 5048 ἵνα
2998 4994 3068 5046 ἐν
3119 4992 3308 5056 τούτῳ
3341 4991 3450 5045 τὸν
3489 4992 3854 5063 πατριάρχην

2270 5089 2559 5159 ὲλέγξῃςς
2618 5086 2678 5139 ⁸0
2707 5087 2764 5139 δὲ
2799 5086 3158 5156 ἁπηρνήσατο
3211 5084 3378 5154 μηδὲν
3416 5085 3642 5140 εἰδέναι.
3692 5085 3850 5137 ’Υπο-

2275 5182 2612 5252 στρέψαντες
2635 5174 2727 5233 οὖν
2748 5178 2826 5249 τῷ
2847 5177 3057 5247 βασιλεῖ
3072 5179 3140 5231 τὰ
3168 5175 3473 5246 λαληθέντα
3491 5177 3849 5250 ἀνήγγειλαν⁹

2274 5273 2377 5326 ὅδὲ
2404 5271 2660 5341 βασιλεὺς
2692 5267 2851 5339 θυμῷ
2902 5269 2996 5321 καὶ
3018 5268 3156 5339 ὀργῇ
3193 5268 3561 5341 ἀκατασχέτῳ
3607 5267 3847 5340 ληφθεὶς,

2276 5364 2353 5427 ὡς
2388 5360 2462 5432 μὴ
2491 5361 2711 5429 εὔλογον
2728 5361 2908 5414 αἰτίαν
2939 5360 3080 5414 κατὰ
3101 5358 3196 5413 τοῦ
3217 5360 3560 5431 πατριάρχου
3583 5355 3847 5432 εὑρηκὼς.

2277 5454 2609 5519 ἀποστείλας
2668 5453 2831 5523 ἔτυψε
2859 5452 2951 5506 τὸν
2986 5452 3405 5522 Σανδασαρηνὸν
3465 5452 3713 5524 σφοδρῶς
3764 5446 3849 5501 καὶ

2275 5546 2536 5618 ἐξώρισεν
2569 5548 2628 5601 ὲν
2670 5545 2942 5616 Ἀθήναις.
2978 5544 3225 5600 Κατόπιν
3267 5546 3322 5599 δὲ
3390 5544 3719 5605 ἀποστείλας
3770 5538 3849 5602 ego

1894 5724 2132 5781 VARle
2174 5723 2467 5781 LECTION
2475 5723 2580 5778 ES.

670 5802 713 5837 ’θ
744 5802 1080 5873 βουληθείηῖ
