4136 6460
461 346 570 408 375

1569 348 2081 410 THEOPIIANES
2114 348 2675 415 CONTINUATUS.

3618 352 3732 449 375

464 460 788 530 Turcosque
809 465 864 513 et
908 457 1060 528 ipsos
1087 458 1155 514 ad
1185 459 1387 514 bellum
1411 458 1678 514 adversus
1715 459 2042 528 Syrneonem

2161 459 2270 528 laeti.
2326 461 2384 515 '0
2413 461 2468 516 δὲ
2497 462 2750 533 βασιλεὺς
2781 462 2868 516 διά
2905 480 2958 516 τε
2989 464 3090 533 γῆς
3119 463 3212 517 καὶ
3243 464 3510 533 θαλάττης
3535 465 3734 534 διέγνω

463 551 701 617 induxit,
729 552 965 622 acceptis
995 554 1157 607 ctiam
1191 555 1258 607 ab
1297 555 1377 609 eis
1401 554 1685 608 obsidibus
1717 552 1782 606 ad
1813 551 2048 620 impera-

464 657 635 700 torem
673 645 854 699 rediit.
914 647 1219 715 imperator
1271 656 1414 700 terra
1447 646 1697 714 marique
1745 644 2046 714 urgendum

468 737 815 808 Bnlgaricum
841 738 1041 793 bellum
1073 739 1397 806 constituit;
1433 753 1496 793 ac
1530 739 1667 792 mari
1692 739 1915 814 quidem
1941 735 2050 790 Eu-

463 832 728 887 stathium
772 832 1128 901 drungarium
1177 834 1361 896 mittit,
1395 842 1537 887 terra
1571 841 1751 885 autem
1778 829 2051 900 Nicepho-

464 941 586 979 rum
620 923 859 979 Phocam
889 926 1206 994 patricium,
1249 927 1520 980 exstincto
1552 925 1789 986 Andrea,
1843 923 2080 978 schola-'

464 1033 587 1072 rum
650 1017 1036 1072 domesticum.
1105 1018 1184 1071 Α]
1275 1017 1586 1087 Bulgariam
1647 1032 1823 1086 usque
1880 1016 2052 1084 copiae

465 1117 748 1172 venerant,
797 1124 920 1163 cum
954 1109 1248 1176 imperator
1279 1108 1789 1162 Constantinacium
1818 1115 2053 1175 quaesto-

464 1216 583 1256 rem
624 1202 690 1257 ad
723 1200 1050 1272 Symconem
1104 1202 1274 1265 misit,
1307 1201 1489 1255 adhuc
1545 1215 1736 1271 pacem
1803 1200 2052 1254 ambiens

467 1310 532 1348 ac
559 1309 682 1348 cum
718 1309 784 1349 eo
815 1294 992 1348 fcedus
1045 1301 1335 1362 percutere
1364 1293 1573 1345 volens.
1629 1292 1865 1362 Symeon
1903 1301 2055 1345 com;

467 1383 800 1453 prehensum
834 1383 1072 1452 legatum
1101 1383 1153 1436 in
1206 1397 1428 1436 carcere
1474 1383 1674 1446 tenuit,
1712 1397 1896 1436 secum
1929 1382 2054 1435 dolo

467 1471 910 1542 agicxistimans.
933 1472 1068 1526 Dum
1091 1473 1276 1541 itaque
1293 1475 1530 1541 Symeon
1563 1471 1851 1541 Nirephori
1883 1473 2055 1540 copiis

465 1566 642 1619 aciem
673 1564 920 1635 opponit,
945 1581 1163 1620 omnem
1211 1565 1375 1620 Turci
1404 1565 1744 1635 Bulgarieam
1793 1565 2054 1617 ditionem

465 1658 573 1712 late
590 1666 883 1713 vastantac
905 1657 1429 1728 diripiunt.Audivit
1457 1658 1716 1729 Symeon,
1738 1657 2061 1710 adversum-

466 1765 572 1820 que
594 1749 806 1804 Ttlrcos
837 1749 999 1805 vertit
1049 1749 1334 1819 impetum.
1372 1750 1537 1803 Turci
1573 1751 1768 1804 iterum
1829 1751 2056 1818 traiecto

466 1857 646 1906 amne,
675 1850 926 1897 conserta
944 1856 1066 1896 cum
1099 1839 1346 1910 Bulgaris
1372 1840 1538 1910 359
1563 1842 1696 1902 acie,
1720 1856 1813 1894 eos
1840 1840 2056 1908 penitus

467 1934 774 2005 profligant,
794 1935 866 1988 ita
882 1944 941 1988 ut
963 1933 1192 2005 Symeon
1213 1935 1447 1988 Distram
1467 1933 1756 1988 incolumis
1771 1934 1854 1986 vix
1871 1947 2059 1986 erase-

466 2027 557 2081 rit.
587 2026 830 2083 Victores
849 2025 1014 2082 Turci
1042 2027 1457 2096 abimperatorc
1473 2039 1769 2095 exposcunt
1788 2036 1844 2080 ut
1869 2025 2058 2095 Bulga-

468 2137 656 2175 rorum
681 2121 928 2191 captivos
957 2121 1215 2176 redimat.
1244 2119 1634 2184 Prtestititille,
1657 2121 1803 2173 cives
1832 2120 2055 2172 mittens

465 2213 560 2284 qui
599 2214 950 2269 redimerent.
979 2212 1155 2268 Porro
1189 2211 1426 2284 Symcon
1463 2211 1736 2267 Eustathii
1771 2208 2052 2280 drungarii

465 2322 633 2377 opera
665 2323 857 2377 pacem
883 2307 1112 2377 supplex
1164 2305 1553 2375 imperatorem
1609 2312 1782 2373 rogat.
1847 2301 2057 2354 Annuit

467 2399 522 2455 in
569 2415 687 2453 eam
723 2399 1042 2468 imperator,
1070 2395 1304 2450 Leonem
1335 2394 1824 2464 Chmrosphactem
1847 2392 1912 2446 ad
1933 2407 2053 2444 eam

468 2491 904 2560 componendam
941 2490 1188 2543 mittens.
1249 2487 1593 2556 Nicephorius
1627 2485 1967 2540 domesticus
2002 2492 2058 2538 et

471 2578 792 2646 Eustathius
857 2578 1191 2647 drungarius
1247 2577 1425 2630 redire
1476 2575 1620 2645 jussi
1675 2589 1799 2628 cum
1854 2573 2053 2642 copiis.

468 2671 707 2738 Symeon
739 2669 975 2724 Leonem
1007 2669 1494 2738 Choerosphactcm
1541 2682 1642 2720 nec
1688 2665 1935 2735 alloquio
1971 2664 2055 2718 di-

467 2772 670 2834 gnatus
725 2763 946 2834 stringit
1014 2763 1070 2817 in
1115 2776 1356 2817 carcere.
1399 2760 1758 2828 Expeditione
1818 2775 1946 2813 vero
1999 2758 2052 2811 in

468 2855 680 2911 Turcos
711 2866 965 2925 suscepta
995 2853 1496 2924 omnesjugulavil,
1524 2868 1648 2906 cum
1686 2852 1766 2905 eis
1814 2850 1960 2904 nulla
1983 2864 2053 2902 ex

469 2949 734 3004 Romanis
765 2949 969 3003 auxilia
1014 2949 1266 3003 licuisset
1326 2946 1595 3015 accipere.
1653 2944 1926 2998 Reversus
1954 2943 2055 3012 Sy-

470 3055 628 3097 meon
654 3055 754 3110 pro
787 3039 1017 3095 victoria
1039 3038 1333 3102 ferociens,
1363 3037 1530 3093 Leoni
1573 3035 1859 3090 denuntiat
1903 3035 2051 3088 nulla

2151 555 2280 617 τους
2321 554 2668 626 Βουλγάρους
2698 554 2977 626 πολεμεῖν.
3021 557 3132 610 Καὶ
3181 556 3268 610 διὰ
3318 558 3416 626 μὲν
3449 557 3735 628 θαλάσσης

2155 647 2453 700 Εὐστάθιον
2483 647 2846 718 δρουγγάριον
2875 647 3217 712 ἀποστέλλει,
3249 648 3335 700 διὰ
3377 647 3482 718 γῆς
3533 648 3587 700 δέ
3627 665 3738 700 πα-

2152 739 2361 806 τρίκιον
2385 739 2704 810 Νικηφόρον
2737 739 2828 792 τὸν
2856 741 3072 804 Φωκᾶν,
3103 739 3426 808 δομέστικον
3476 738 3583 791 τῶν
3607 757 3738 808 σχο-

2154 831 2263 884 λῶν
2330 833 2471 902 μετὰ
2525 834 2625 903 τὴν
2663 832 2920 902 τελευτὴν
2987 832 3235 902 Ἀνδρέου
3279 831 3594 902 γενόμενον.
3631 827 3737 885 Ὧν

2157 928 2317 997 μέχρι
2352 926 2691 997 Βουλγαρίας
2711 925 3128 979 καταλαϐόντων
3151 925 3236 997 [Ρ.
3268 925 3396 995 9.9.1]
3423 927 3450 978 6
3478 925 3738 996 βασιλεὺς

2153 1022 2245 1073 τὸν
2295 1020 2616 1090 κυαίστωρα
2667 1019 3149 1074 Κωνσταντινάκιν
3198 1021 3334 1090 πρὸς
3378 1017 3604 1088 Συμεὼν
3645 1018 3737 1085 ἐξ·

2155 1111 2497 1175 απέστειλεν,
2521 1110 2600 1162 ἔτι
2633 1111 2732 1182 τὴν
2763 1111 2990 1181 εἰρήνην
3011 1111 3254 1180 στέργων
3283 1109 3377 1162 καλ,
3410 1108 3738 1179 βουλόμενος

2156 1205 2484 1259 σπείσασθαι
2515 1204 2651 1274 πρὸς
2681 1204 2844 1258 αὐτόν
2900 1222 2913 1236 ·
2957 1205 3016 1256 ὃν
3075 1203 3300 1274 Συμεὼν
3332 1202 3626 1272 κατασχὼν
3677 1203 3740 1255 ἐν

2157 1297 2370 1366 φρουρᾷ
2404 1293 2740 1358 κατακλείει,
2795 1294 2932 1364 δόλῳ
2993 1295 3129 1362 προς
3173 1293 3335 1346 αὐτὸν
3386 1291 3740 1354 ὑποπτεύσας

2157 1387 2590 1459 παραγενέσθαι.
2634 1386 2742 1440 Τοῦ
2772 1385 3000 1457 Συμεὼν
3047 1386 3139 1440 οὖν
3171 1386 3265 1439 ἐπὶ
3313 1385 3376 1438 τὸ
3420 1387 3740 1458 στράτευμα

2157 1479 2476 1550 Νικηφόρον
2503 1477 2924 1548 ἀσχολουμένου,
2959 1479 3008 1530 οἰ
3034 1478 3269 1548 Τοῦρκοι
3289 1477 3743 1549 καταδραμόντες
3784 1523 3786 1525 .

2158 1575 2342 1625 πᾶσαν
2381 1572 2480 1642 τὴν
2506 1570 2885 1642 Βουλγαρικὴν
2933 1571 3217 1641 ἐληϊσαντο
3244 1570 3368 1639 γῆν.
3411 1568 3479 1625 Ὀ
3510 1566 3742 1638 Συμεὼν
3772 1603 3786 1631 ε

2159 1663 2418 1735 ἐκμαθὼν
2446 1665 2587 1716 κατὰ
2616 1664 2720 1718 τῶν
2747 1663 3008 1733 Τούρκων
3041 1663 3331 1731 ἐτράπετο.
3369 1664 3432 1716 Οἱ
3486 1661 3542 1714 δὲ
3585 1663 3743 1715 ἀντι-

2163 1759 2503 1829 περάσαντες
2539 1757 2774 1824 πόλεμον
2812 1757 2948 1824 πρὸς
2981 1754 3326 1824 Βουλγάρους
3370 1752 3744 1823 συμϐάλλουσι

2161 1852 2256 1906 καὶ
2279 1849 2470 1904 νικῶσι
2494 1848 2718 1910 τούτους
2755 1849 2898 1901 κατὰ
2929 1849 3148 1918 κράτος,
3197 1846 3273 1909 ὡς
3315 1845 3468 1916 μόλις
3502 1844 3594 1898 τὸν
3639 1845 3749 1897 Συ-

2161 1946 2308 2016 μεὼν
2335 1946 2391 1996 ἐν
2420 1947 2485 2014 τῇ
2519 1943 2724 2014 Δίστρα
2755 1941 3152 2013 περισωθῆναι.
3214 1940 3516 2012 ᾘτήσαντο
3548 1937 3643 1991 οὖν
3691 1940 3744 1993 οἰ

2157 2037 2393 2108 Τοῦρκοι
2423 2035 2512 2088 τὸν
2547 2033 2772 2104 βασιλέα
2810 2032 2938 2094 τοὺς
2970 2031 3300 2100 Βουλγάρων
3356 2027 3748 2103 αἰχμαλώτους

2156 2127 2476 2197 ὠνήσασθαι
2519 2141 2534 2158 ο
2589 2124 2618 2177 6
2673 2123 2738 2192 δὴ
2777 2123 2873 2176 καὶ
2930 2123 3274 2192 πεποίηκεν,
3327 2121 3454 2184 τοὺς
3517 2119 3748 2184 πολίτας

2157 2219 2550 2286 ἐξαποστείλας
2598 2219 2678 2280 εἰς
2717 2217 2818 2287 τὴν
2860 2215 3066 2277 τούτων
3100 2213 3385 2285 ἐξώνησιν.
3429 2215 3489 2268 '0
3531 2213 3589 2268 δὲ
3636 2214 3748 2266 Συ-

2159 2315 2304 2386 μεὼν
2333 2314 2402 2367 δι’
2435 2310 2737 2366 Εὐσταθίου
2787 2309 3156 2387 δρουγγαρίου
3200 2308 3292 2368 τὸν
3337 2307 3562 2378 βασιλέα
3609 2305 3747 2378 περὶ

2154 2407 2256 2475 τῆς
2287 2406 2513 2476 εἰρήνης
2549 2403 2789 2456 ἱκέτευεν
2827 2417 2842 2432 ⁸
2876 2400 3014 2472 πρὸς
3054 2401 3122 2472 ἣν
3155 2399 3373 2466 ὑπεῖξεν
3397 2402 3422 2452 6
3458 2397 3744 2468 βασιλεὺς,

2157 2503 2250 2554 καὶ
2279 2499 2368 2552 τὸν
2393 2496 2815 2569 Χοιροσφάκτην
2849 2495 3056 2548 Λέοντα
3080 2495 3218 2563 πρὸς
3248 2491 3308 2545 τδ
3335 2491 3541 2563 ταύτην
3573 2491 3744 2562 ποιήο

2159 2592 2354 2644 σασθαι
2396 2588 2800 2656 ἐξαπέστειλεν.
2862 2587 2919 2639 Ὀ
2953 2586 3008 2638 δέ
3039 2587 3361 2654 δομέστικος
3426 2581 3747 2652 Νικηφόρος

2156 2683 2252 2737 καὶ
2280 2683 2307 2733 ὁ
2329 2679 2690 2752 δρουγγάριος
2725 2677 3026 2738 Εὐστάθιος
3062 2674 3402 2746 ὑποστρέψαι
3445 2673 3585 2743 μετὰ
3605 2669 3745 2723 λαοῦ

2155 2770 2580 2840 ἐκελεύσθησαν.
2609 2769 2813 2822 Λέοντα
2846 2767 2903 2820 δὲ
2953 2767 3377 2838 Χοιροσφάκτην
3410 2763 3528 2816 οὐδὲ
3575 2761 3742 2830 λόγου

2155 2864 2384 2934 ἠξίωσεν
2401 2864 2427 2914 6
2451 2860 2697 2932 Συμεὼν,
2727 2859 2844 2914 ἀλλ’
2874 2861 2932 2912 ἐν
2954 2860 3146 2930 εἱρκτῇ
3169 2854 3646 2928 ἐστραγγαλίσατο
3670 2853 3738 2910 ⁵⁸.

2169 2958 2606 3027 Ἐκστρατεύσας
2636 2953 2692 3006 δέ
2719 2951 2864 3006 κατὰ
2906 2950 3019 3004 τῶν
3063 2949 3323 3018 Τούρκων
3349 2947 3560 3011 πάντας
3603 2963 3742 3000 κατ-

2160 3049 2417 3116 έσφαξεν,
2457 3047 2531 3118 μὴ
2581 3044 2911 3117 δυνηθέντας
2959 3042 3111 3114 παρὰ
3147 3041 3444 3113 Ῥωμαίοις
3487 3038 3748 3111 βοήθειαν

467 3149 526 3188 se
556 3134 706 3203 pacis
739 3131 944 3188 foedera
983 3133 1378 3196 admissurum,
1408 3131 1509 3184 nisi
1563 3129 1828 3198 Bulgaros
1859 3141 2052 3182 omnes

2161 3141 2433 3206 δέξασθαι.
2477 3135 2858 3206 Ὑποστρέψας
2887 3135 2945 3188 δὲ
2979 3135 3072 3187 ἐπὶ
3099 3136 3166 3203 τῇ
3198 3132 3325 3205 νίκῃ
3347 3130 3591 3202 γαυριῶν
3605 3129 3749 3198 πρὸς

467 3225 719 3294 captivos
751 3234 877 3278 ante
899 3224 1187 3294 receperit.
1242 3223 1450 3276 Annuit
1484 3223 1803 3292 imperator,
1843 3236 1908 3274 ac
1931 3221 2053 3274 red-

467 3316 678 3371 dendos
702 3317 949 3385 captivos
989 3316 1290 3370 consentit.
1327 3313 1489 3368 Venit
1518 3314 1703 3383 itaque
1727 3311 2055 3368 Theodorus

473 3407 746 3478 Bnlgarus
782 3406 1072 3479 Symeonis
1100 3407 1440 3463 domesticus
1473 3423 1598 3462 cum
1626 3407 1826 3472 Leone,
1848 3422 2056 3476 eosque

471 3501 698 3571 recepit.

550 3687 635 3742 t0.
668 3687 1010 3760 Nicephorus
1048 3689 1386 3744 domesticus
1415 3688 1616 3744 eximie
1649 3689 1851 3744 charus
1886 3688 2058 3757 impe-

473 3782 645 3838 ratori
682 3790 822 3836 erat.
877 3781 1036 3835 Hunc
1068 3781 1304 3836 Zautzas
1358 3782 1708 3851 imperatoris
1765 3789 1920 3850 pater
1957 3793 2054 3832 ceu

472 3876 652 3931 virum
675 3881 1014 3944 potentatum
1048 3874 1385 3934 obtinentem
1430 3865 1578 3928 ad'id
1609 3889 1810 3927 munns
1858 3887 2058 3942 prove-

474 3975 650 4033 xerat,
700 3966 1015 4036 nuptiarum
1071 3981 1196 4022 cum
1255 3967 1347 4022 illo
1397 3969 1729 4020 commercia
1785 3964 2056 4019 ambiens.

475 4060 681 4115 Verum
707 4059 920 4129 respuit
943 4059 1053 4122 ille,
1087 4075 1154 4112 ne
1204 4076 1369 4129 quam
1418 4059 1558 4113 forte
1604 4057 1769 4111 Leoni
1822 4058 2062 4126 impera-

474 4153 582 4209 tori
616 4153 684 4208 de
706 4168 768 4208 se
787 4152 1108 4222 suspicandi
1167 4155 1512 4208 occasionem
1547 4153 1830 4223 praeberet.
1892 4152 1966 4206 Ea
2003 4166 2061 4205 re

475 4247 638 4302 furiis
683 4256 839 4302 actus
875 4245 1106 4301 Zautzas
1148 4247 1377 4301 crimina
1413 4247 1467 4300 in
1511 4262 1634 4301 eum
1665 4247 1940 4302 intentans
1973 4247 2062 4300 di-

474 4341 681 4410 gnitate
703 4340 925 4410 spoliat.
956 4338 1090 4408 Ejus
1107 4340 1226 4394 loco
1248 4341 1565 4394 scholarum
1582 4341 1916 4393 domesticus
1935 4355 2062 4408 pro-

475 4442 670 4489 vectus
705 4432 968 4502 magister
991 4431 1272 4486 Catacalo.
1315 4431 1480 4500 360
1507 4431 1637 4484 Post
1659 4432 1872 4498 longam
1909 4444 2062 4482 vaca-

2157 3233 2251 3286 τδν
2286 3233 2493 3286 Λέοντα
2547 3228 2652 3300 ἔφη
2688 3244 2703 3258 ·
2765 3245 2785 3280 ι
2846 3228 2908 3280 Εἰ
2952 3225 3027 3298 μὴ
3079 3225 3344 3296 πρότερον
3405 3226 3584 3277 πᾶσαν
3644 3221 3750 3290 τὴν

2159 3325 2540 3397 αἰχμαλωσίαν
2573 3321 2898 3392 Βουλγάρων
2931 3319 3105 3385 λάθω,
3141 3319 3367 3390 εἰρήνην
3419 3317 3480 3370 o6
3517 3313 3679 3368 ποιῶ.
3719 3333 3739 3366 ι

2172 3405 2496 3473 Ἑπένευσεν
2518 3411 2611 3468 οὖν
2634 3416 2660 3467 6
2679 3413 2932 3484 βασιλεὺς
2964 3413 3169 3481 ταύτην
3193 3407 3508 3462 ἀποδοῦναι.
3537 3402 3750 3458 Ἦλθεν

2159 3509 2252 3566 οὖν
2282 3511 2418 3581 μετὰ
2443 3509 2672 3569 Λέοντος
2701 3505 3058 3574 ὁΒούλγαρος
3081 3502 3378 3572 Θεόδωρος,
3415 3500 3616 3561 οἰκεῖος
3667 3495 3752 3552 ὣν

2159 3601 2238 3670 τῷ
2265 3599 2512 3669 Συμεὼν,
2546 3599 2639 3650 καὶ
2670 3595 2980 3666 παρέλαϐεν
3003 3591 3222 3654 αὐτούς.

2235 3693 2287 3748 ι’.
2311 3691 2419 3746 Τοῦ
2438 3691 2492 3743 δὲ
2522 3688 2846 3758 ὃομεστίκου
2864 3685 3180 3756 Νικηφόρου
3208 3681 3344 3751 πρὸς
3362 3679 3454 3733 τοῦ
3481 3677 3756 3750 βασιλέως

2160 3785 2362 3854 ἐξόχως
2426 3779 2833 3853 ἀγαπωμένου,
2896 3779 2924 3830 6
2980 3772 3398 3847 βασιλεοπάτωρ
3469 3766 3754 3831 Ζαοῦτζας

2159 3879 2349 3936 τοῦτον
2387 3877 2463 3939 ὼς
2498 3873 2762 3942 δυνάστην
2796 3867 3182 3940 προεϐάλλετο,
3225 3861 3464 3938 γαμικὸν
3503 3857 3621 3928 μετ’
3645 3858 3752 3910 αὑ-

2159 3969 2258 4024 τοῦ
2294 3970 2521 4036 ποιῆσαι
2571 3961 2930 4029 συνάλλαγμα
2979 3956 3322 4028 βουλόμενος.
3350 3951 3457 4006 Τοῦ
3491 3951 3547 4012 δὲ
3610 3953 3756 4024 πρὸς

2161 4061 2320 4116 τοῦτο
2368 4054 2830 4126 άπαναινομένου,
2872 4051 3084 4122 μήποτε
3129 4043 3203 4118 δῷ
3236 4047 3492 4106 ὑπόνοιαν
3532 4047 3609 4116 τῷ
3655 4047 3757 4117 βα-

2165 4156 2303 4209 σιλεί
2351 4152 2564 4216 Λέοντι,
2619 4148 2808 4219 μανεὶς
2859 4145 2953 4198 ἐπὶ
2984 4142 3159 4212 τούτῳ
3187 4143 3213 4193 6
3251 4139 3527 4203 Ζαοῠτζας
3567 4141 3753 4211 αἰτίας

2161 4248 2384 4316 ἐκίνησε
2418 4244 2538 4297 κατ’
2593 4237 2759 4294 αὐτοῦ
2815 4236 2907 4289 καὶ
2938 4235 3034 4304 τῆς
3055 4233 3227 4302 ἀρχῆς
3257 4233 3448 4285 τοῦτον
3487 4231 3754 4300 μετέστη-

2166 4357 2278 4392 σεν.
2309 4333 2631 4407 Προεϐλήθη
2652 4331 2708 4384 δὲ
2739 4327 2855 4384 ἀντ’
2881 4324 3047 4380 αὑτοῦ
3075 4323 3396 4392 δομέστικος
3416 4321 3526 4374 τῶν
3544 4321 3754 4392 σχολῶν

2164 4435 2192 4486 6
2227 4430 2527 4500 μάγιστρος
2569 4418 2933 4476 Κατακαλών.
2982 4417 3107 4470 Ἐπὶ
3136 4413 3272 4468 πολὺ
3304 4414 3360 4466 δέ
3403 4413 3669 4483 σχολάσας
3725 4415 3758 4468 6

478 4529 683 4582 tionem
741 4526 1086 4596 Nicephorus
1122 4527 1320 4600 iterum
1358 4525 1468 4578 dux
1521 4525 1574 4577 in
1629 4520 2058 4576 Thraccsiorum

2165 4521 2482 4592 Νικηφόρος
2517 4516 2677 4578 αὖθις
2711 4511 3019 4585 στρατηγὸς
3055 4512 3112 4562 ἐν
3159 4507 3236 4578 τῷ
3267 4507 3377 4561 τῶν
3419 4505 3758 4577 Θρᾳκησίων

479 4620 724 4674 themate
788 4608 1183 4696 constituitur;
1255 4618 1588 4693 multisque,
1660 4615 1839 4684 quoad
1907 4613 2062 4680 vixit,

474 4712 691 4783 egregie
721 4709 1046 4782 fortiterque
1077 4711 1220 4765 bello
1243 4710 1428 4780 gestis,
1451 4704 1550 4762 nec
1581 4707 1771 4777 paucis
1799 4706 2064 4762 adversus

476 4805 762 4877 Agat-enus
789 4816 1089 4876 gentesque
1120 4804 1258 4857 alias
1285 4786 1483 4856 erectis
1520 4800 1763 4877 tropaeis,
1813 4800 1869 4852 in
1901 4813 2063 4854 sene.

476 4874 627 4952 etute
657 4874 808 4953 bona
832 4896 975 4951 diem
1001 4874 1174 4959 obiit,
1234 4892 1408 4947 Bai-da
1463 4903 1515 4946 et
1546 4892 1729 4948 Leone
1760 4874 1949 4946 liberis
1973 4906 2062 4946 re-

477 4989 646 5056 lictis,
684 5003 920 5061 quorum
949 4988 1102 5058 prior
1128 4984 1293 5041 Leoni
1327 4985 1640 5054 imperatori
1671 4983 1958 5038 familiaris
1985 4981 2065 5036 illi

476 5082 844 5140 charissimus
859 5091 977 5136 erat
1002 5080 1234 5150 ejusque
1253 5078 1554 5133 ministeria
1575 5087 1838 5134 strenuus
1855 5076 2062 5130 obibat.
2080 5078 2082 5081 ’

478 5176 784 5248 Imperator
836 5173 1053 5248 itaque,
1111 5173 1190 5227 uti
1261 5173 1471 5226 dictum
1527 5181 1630 5237 est,
1676 5169 2064 5225 Catacalonem

478 5277 728 5323 creatum
782 5263 1148 5320 domesticum
1195 5263 1458 5318 adversus
1490 5262 1820 5337 Symeonem
1878 5259 2064 5321 mittit,

480 5362 568 5416 cui
600 5342 766 5416 etiam
791 5357 1165 5413 Theodosium
1189 5358 1478 5427 patricium
1497 5373 1562 5410 ac
1583 5353 2062 5425 protmestiarium

479 5453 740 5508 comitem
770 5449 1056 5520 adjunxit;
1117 5443 1443 5516 cunctisque
1470 5446 1613 5502 Asia:
1641 5445 1963 5501 cohortibus
2001 5461 2067 5501 ac

483 5525 772 5599 ordinibus
799 5541 1091 5605 traductis,
1116 5540 1330 5595 collatis
1363 5540 1537 5614 signis
1563 5555 1686 5592 cum
1717 5536 1967 5607 Bulgaris
1999 5536 2064 5591 ad

487 5635 666 5690 locum
701 5635 883 5705 (quem
906 5632 1121 5705 vocant)
1143 5626 1651 5704 Bulgarophygum,
1678 5629 1906 5707 Romani
1929 5632 2070 5685 male

2165 4618 2363 4688 θέματι
2410 4610 2844 4684 προχειρίζεται.
2888 4605 3098 4668 Πολλὰς
3127 4605 3184 4657 δὲ
3237 4603 3332 4657 καὶ
3370 4601 3623 4670 γενναίας
3658 4601 3761 4651 άν-

2163 4708 2464 4782 δραγαθίας
2495 4705 2582 4758 διά
2614 4703 2794 4773 πάσης
2831 4698 2999 4756 αὑτοῦ
3027 4700 3085 4751 ἐν
3129 4700 3238 4759 τοῖς
3269 4695 3529 4764 πολέμοις
3583 4709 3763 4745 κατα-

2165 4800 2510 4874 πραξάμενος
2540 4795 2748 4867 βιοτῆς,
2777 4794 2874 4848 ttat
2907 4792 3078 4847 πολλὰ
3105 4789 3245 4845 κατὰ
3281 4785 3390 4840 τῶν
3431 4783 3762 4854 Ἀγαρηνῶν

2165 4894 2260 4948 καί.
2285 4892 2393 4945 τῶν
2425 4889 2600 4944 ἄλλων
2635 4888 2805 4942 ἐθνῶν
2824 4884 3164 4956 στησάμενος
3213 4879 3474 4950 τρόπαια,
3523 4874 3763 4945 τελευτᾷ

2163 4988 2255 5054 τόν
2289 4987 2402 5058 βίον
2427 4986 2482 5037 ἐν
2509 4983 2657 5054 γήρᾳ
2686 4979 2862 5050 καλῷ,
2893 4979 3040 5039 υἱοὺς
3073 4971 3391 5030 καταλιπὼν
3416 4970 3628 5041 Βάρδαν
3655 4968 3761 5022 καὶ

2166 5081 2398 5146 Λέοντα,
2429 5072 2561 5131 ῶνὸ
2619 5075 2834 5145 Βάρδας
2891 5069 3228 5130 οἰκειότατος
3285 5063 3360 5118 ῶν
3411 5062 3490 5133 τῷ
3541 5061 3762 5133 βασιλεῖ

2167 5175 2358 5229 Λέοντι
2432 5166 2726 5242 ὲστέργετό
2780 5182 2840 5218 τε
2897 5163 2993 5218 καὶ
3030 5160 3286 5231 ἠγαπᾶτο
3317 5157 3413 5210 καὶ
3482 5153 3760 5217 δουλείαις

2169 5266 2559 5336 ἐξυπηρετεῖτο
2603 5263 2724 5321 ταῖς
2751 5254 3084 5327 ἀνηκούσαις
3116 5251 3195 5322 τῷ
3246 5250 3336 5322 [Ρ.
3358 5245 3488 5319 9.9.2]
3524 5245 3756 5318 βασιλεῖ.

2182 5357 2242 5410 '0
2275 5357 2331 5408 δὲ
2363 5353 2637 5426 βασιλεὺς,
2673 5349 2856 5410 καθὼς
2881 5347 3114 5419 εἴρηται,
3149 5345 3241 5397 τὸν
3270 5338 3580 5396 Κατακαλὼ
3620 5355 3760 5408 προ-

2173 5450 2562 5523 χειρισάμενος
2585 5450 2664 5508 εἰς
2694 5445 3014 5515 δομέστικον
3051 5441 3192 5494 κατὰ
3235 5438 3327 5491 τοῦ
3363 5437 3586 5506 Συμεὼν
3628 5435 3760 5486 τοῦ-

2174 5561 2268 5597 τον
2297 5541 2678 5610 ἐξαποστέλλει
2707 5580 2720 5604 ,
2764 5534 3257 5606 συνεξαποστείλας
3302 5529 3449 5600 αὐτῷ
3497 5531 3588 5581 καὶ
3627 5529 3760 5579 Θεο-

2180 5634 2355 5686 δόσιον
2387 5631 2677 5705 πατρίκιον
2705 5630 2797 5684 καὶ
2833 5625 3352 5700 πρωτοὸεστιάρισν.
3381 5620 3760 5690 Διαπερεισάν-

1758 5724 1993 5779 ἻΛΠΙΛΕ
2045 5724 2453 5783 LECTIONES.

580 5819 626 5850 “
664 5819 1029 5891 ηστρηλίσατυ
1057 5821 1116 5885 Ρ,
1156 5821 1629 5894 ἐστραγγαλίσατο
1657 5837 1864 5896 margo.
