  <div class='ocr_page' id='page_1' title='image "/cluster/home/n/w/nwhite01/storage/ocr_20150623/109/coo.31924054870138/196.png"; bbox 0 0 4136 6414; ppageno 0'>
   <div class='ocr_carea' id='block_1_1' title="bbox 396 349 505 411">
    <p class='ocr_par' dir='ltr' id='par_1_1' title="bbox 396 349 505 411">
     <span class='ocr_line' id='line_1_1' title="bbox 396 349 505 411; baseline -0.009 0"><span class='ocrx_word' id='word_1_1' title='bbox 396 349 505 411; x_wconf 76' lang='grc' dir='ltr'><strong>ΞΠΊ</strong></span> 
     </span>
    </p>
   </div>
   <div class='ocr_carea' id='block_1_2' title="bbox 1481 298 2679 422">
    <p class='ocr_par' dir='ltr' id='par_1_2' title="bbox 1481 298 2679 422">
     <span class='ocr_line' id='line_1_2' title="bbox 1481 298 2679 422; baseline 0.011 -13"><span class='ocrx_word' id='word_1_2' title='bbox 1481 352 1628 411; x_wconf 88' lang='lat' dir='ltr'><strong>LIB.</strong></span> <span class='ocrx_word' id='word_1_3' title='bbox 1655 351 1752 411; x_wconf 86' lang='lat' dir='ltr'><strong>VI.</strong></span> <span class='ocrx_word' id='word_1_4' title='bbox 1793 375 1861 385; x_wconf 85' lang='grc'><strong>·-</strong></span> <span class='ocrx_word' id='word_1_5' title='bbox 1891 351 2037 410; x_wconf 87' lang='lat' dir='ltr'><strong>LEO</strong></span> <span class='ocrx_word' id='word_1_6' title='bbox 2081 298 2679 422; x_wconf 50' lang='lat' dir='ltr'><strong>BASILIFFILIUS.</strong></span> 
     </span>
    </p>
   </div>
   <div class='ocr_carea' id='block_1_3' title="bbox 3585 365 3689 428">
    <p class='ocr_par' dir='ltr' id='par_1_3' title="bbox 3585 365 3689 428">
     <span class='ocr_line' id='line_1_3' title="bbox 3585 365 3689 428; baseline -0.019 0"><span class='ocrx_word' id='word_1_7' title='bbox 3585 365 3689 428; x_wconf 79' lang='lat'><strong>378</strong></span> 
     </span>
    </p>
   </div>
   <div class='ocr_carea' id='block_1_4' title="bbox 401 452 1985 543">
    <p class='ocr_par' dir='ltr' id='par_1_4' title="bbox 401 452 1985 527">
     <span class='ocr_line' id='line_1_4' title="bbox 401 452 1985 527; baseline 0.003 -20"><span class='ocrx_word' id='word_1_8' title='bbox 401 474 517 509; x_wconf 73' lang='grc' dir='ltr'><strong>των</strong></span> <span class='ocrx_word' id='word_1_9' title='bbox 572 453 625 507; x_wconf 80' lang='grc' dir='ltr'><strong>δὲ</strong></span> <span class='ocrx_word' id='word_1_10' title='bbox 674 452 903 507; x_wconf 84' lang='grc' dir='ltr'>πάντων</span> <span class='ocrx_word' id='word_1_11' title='bbox 964 455 1065 525; x_wconf 78' lang='grc' dir='ltr'>τῆς</span> <span class='ocrx_word' id='word_1_12' title='bbox 1126 454 1415 525; x_wconf 77' lang='grc' dir='ltr'>Ἀνατολῆς</span> <span class='ocrx_word' id='word_1_13' title='bbox 1465 458 1718 527; x_wconf 80' lang='grc' dir='ltr'>θεμάτων</span> <span class='ocrx_word' id='word_1_14' title='bbox 1772 476 1831 511; x_wconf 87' lang='grc' dir='ltr'><strong>τε</strong></span> <span class='ocrx_word' id='word_1_15' title='bbox 1896 459 1985 513; x_wconf 61' lang='grc' dir='ltr'><strong>καὶ</strong></span> 
     </span>
    </p>
   </div>
   <div class='ocr_carea' id='block_1_5' title="bbox 2088 452 3691 543">
    <p class='ocr_par' dir='ltr' id='par_1_5' title="bbox 2103 458 3691 543">
     <span class='ocr_line' id='line_1_5' title="bbox 2103 458 3691 543; baseline 0.011 -30"><span class='ocrx_word' id='word_1_16' title='bbox 2103 458 2414 517; x_wconf 80' lang='lat' dir='ltr'><strong>funduntur</strong></span> <span class='ocrx_word' id='word_1_17' title='bbox 2478 480 2783 536; x_wconf 89' lang='lat' dir='ltr'><strong>omnesque</strong></span> <span class='ocrx_word' id='word_1_18' title='bbox 2846 469 3211 528; x_wconf 79' lang='lat' dir='ltr'><strong>internecioni</strong></span> <span class='ocrx_word' id='word_1_19' title='bbox 3271 474 3511 540; x_wconf 89' lang='lat' dir='ltr'><strong>dantur,</strong></span> <span class='ocrx_word' id='word_1_20' title='bbox 3569 475 3691 543; x_wconf 85' lang='lat' dir='ltr'><strong>ipso</strong></span> 
     </span>
    </p>
   </div>
   <div class='ocr_carea' id='block_1_6' title="bbox 408 546 1993 620">
    <p class='ocr_par' dir='ltr' id='par_1_6' title="bbox 408 546 1993 620">
     <span class='ocr_line' id='line_1_6' title="bbox 408 546 1993 620; baseline 0.003 -22"><span class='ocrx_word' id='word_1_21' title='bbox 408 547 722 613; x_wconf 75' lang='grc' dir='ltr'>ταγμάτων,</span> <span class='ocrx_word' id='word_1_22' title='bbox 753 546 854 596; x_wconf 71' lang='grc' dir='ltr'><strong>καὶ</strong></span> <span class='ocrx_word' id='word_1_23' title='bbox 886 546 1133 616; x_wconf 81' lang='grc' dir='ltr'>πολέμου</span> <span class='ocrx_word' id='word_1_24' title='bbox 1161 550 1296 617; x_wconf 68' lang='grc' dir='ltr'>μετὰ</span> <span class='ocrx_word' id='word_1_25' title='bbox 1326 549 1651 619; x_wconf 82' lang='grc' dir='ltr'>Βουλγάρων</span> <span class='ocrx_word' id='word_1_26' title='bbox 1684 567 1993 620; x_wconf 87' lang='grc' dir='ltr'>συγκροτη-</span> 
     </span>
    </p>
   </div>
   <div class='ocr_carea' id='block_1_7' title="bbox 416 637 1994 713">
    <p class='ocr_par' dir='ltr' id='par_1_7' title="bbox 416 637 1994 713">
     <span class='ocr_line' id='line_1_7' title="bbox 416 637 1994 713; baseline 0.006 -24"><span class='ocrx_word' id='word_1_27' title='bbox 416 639 598 700; x_wconf 71' lang='grc' dir='ltr'>θέντος</span> <span class='ocrx_word' id='word_1_28' title='bbox 624 637 750 709; x_wconf 75' lang='grc' dir='ltr'>περὶ</span> <span class='ocrx_word' id='word_1_29' title='bbox 777 638 841 692; x_wconf 80' lang='grc' dir='ltr'>τὸ</span> <span class='ocrx_word' id='word_1_30' title='bbox 870 639 1351 710; x_wconf 84' lang='grc' dir='ltr'>Βουλγαρόφυγον,</span> <span class='ocrx_word' id='word_1_31' title='bbox 1380 644 1675 711; x_wconf 84' lang='grc' dir='ltr'>τρέπονται</span> <span class='ocrx_word' id='word_1_32' title='bbox 1729 644 1994 713; x_wconf 83' lang='grc' dir='ltr'>Ῥωμαῖοι</span> 
     </span>
    </p>
   </div>
   <div class='ocr_carea' id='block_1_8' title="bbox 411 728 1996 796">
    <p class='ocr_par' dir='ltr' id='par_1_8' title="bbox 411 728 1996 796">
     <span class='ocr_line' id='line_1_8' title="bbox 411 728 1996 796; baseline 0.007 -18"><span class='ocrx_word' id='word_1_33' title='bbox 411 728 618 790; x_wconf 79' lang='grc' dir='ltr'>κακῶς,</span> <span class='ocrx_word' id='word_1_34' title='bbox 651 730 746 781; x_wconf 81' lang='grc' dir='ltr'><strong>καί</strong></span> <span class='ocrx_word' id='word_1_35' title='bbox 775 730 983 793; x_wconf 79' lang='grc' dir='ltr'>πάντες</span> <span class='ocrx_word' id='word_1_36' title='bbox 1022 730 1302 785; x_wconf 85' lang='grc' dir='ltr'>ἀπώλοντο</span> <span class='ocrx_word' id='word_1_37' title='bbox 1331 749 1343 762; x_wconf 92' lang='grc'><strong>·</strong></span> <span class='ocrx_word' id='word_1_38' title='bbox 1379 729 1460 796; x_wconf 80' lang='grc' dir='ltr'>οἷς</span> <span class='ocrx_word' id='word_1_39' title='bbox 1496 735 1849 789; x_wconf 81' lang='grc' dir='ltr'><strong>συναπώλετο</strong></span> <span class='ocrx_word' id='word_1_40' title='bbox 1900 737 1996 789; x_wconf 81' lang='lat' dir='ltr'><strong>xui.</strong></span> 
     </span>
    </p>
   </div>
   <div class='ocr_carea' id='block_1_9' title="bbox 404 820 1997 898">
    <p class='ocr_par' dir='ltr' id='par_1_9' title="bbox 404 820 1997 898">
     <span class='ocr_line' id='line_1_9' title="bbox 404 820 1997 898; baseline 0.008 -29"><span class='ocrx_word' id='word_1_41' title='bbox 404 822 434 873; x_wconf 77' lang='grc' dir='ltr'><em>ὁ</em></span> <span class='ocrx_word' id='word_1_42' title='bbox 465 820 966 892; x_wconf 76' lang='grc' dir='ltr'>πρωτοΰεστιάριος</span> <span class='ocrx_word' id='word_1_43' title='bbox 990 821 1292 886; x_wconf 76' lang='grc' dir='ltr'><strong>Θεοδόσιος.</strong></span> <span class='ocrx_word' id='word_1_44' title='bbox 1336 825 1458 877; x_wconf 83' lang='grc' dir='ltr'>Ἐπὶ</span> <span class='ocrx_word' id='word_1_45' title='bbox 1480 825 1672 878; x_wconf 84' lang='grc' dir='ltr'>τούτου</span> <span class='ocrx_word' id='word_1_46' title='bbox 1694 828 1790 879; x_wconf 75' lang='grc' dir='ltr'><strong>καὶ</strong></span> <span class='ocrx_word' id='word_1_47' title='bbox 1818 828 1867 880; x_wconf 80' lang='lat' dir='ltr'><strong>oi</strong></span> <span class='ocrx_word' id='word_1_48' title='bbox 1897 828 1997 898; x_wconf 84' lang='grc' dir='ltr'>τῆς</span> 
     </span>
    </p>
   </div>
   <div class='ocr_carea' id='block_1_10' title="bbox 2101 552 3689 628">
    <p class='ocr_par' dir='ltr' id='par_1_10' title="bbox 2101 552 3689 628">
     <span class='ocr_line' id='line_1_10' title="bbox 2101 552 3689 628; baseline 0.009 -22"><span class='ocrx_word' id='word_1_49' title='bbox 2101 552 2263 607; x_wconf 89' lang='lat' dir='ltr'><strong>etiam</strong></span> <span class='ocrx_word' id='word_1_50' title='bbox 2299 557 2531 624; x_wconf 87' lang='lat' dir='ltr'><strong>patricio</strong></span> <span class='ocrx_word' id='word_1_51' title='bbox 2557 574 2620 612; x_wconf 92' lang='lat' dir='ltr'><strong>ac</strong></span> <span class='ocrx_word' id='word_1_52' title='bbox 2651 565 3071 628; x_wconf 86' lang='lat' dir='ltr'><strong>protovestiario</strong></span> <span class='ocrx_word' id='word_1_53' title='bbox 3121 565 3433 621; x_wconf 81' lang='lat' dir='ltr'><strong>Theodosio</strong></span> <span class='ocrx_word' id='word_1_54' title='bbox 3466 567 3689 621; x_wconf 80' lang='lat' dir='ltr'><strong>deside-</strong></span> 
     </span>
    </p>
   </div>
   <div class='ocr_carea' id='block_1_11' title="bbox 2104 648 3688 714">
    <p class='ocr_par' dir='ltr' id='par_1_11' title="bbox 2104 648 3688 714">
     <span class='ocr_line' id='line_1_11' title="bbox 2104 648 3688 714; baseline 0.008 -14"><span class='ocrx_word' id='word_1_55' title='bbox 2104 654 2244 701; x_wconf 89' lang='lat' dir='ltr'><strong>rato.</strong></span> <span class='ocrx_word' id='word_1_56' title='bbox 2305 648 2453 703; x_wconf 85' lang='lat' dir='ltr'><strong>Inter</strong></span> <span class='ocrx_word' id='word_1_57' title='bbox 2503 650 2619 705; x_wconf 69' lang='lat' dir='ltr'><strong>haec</strong></span> <span class='ocrx_word' id='word_1_58' title='bbox 2675 654 2840 707; x_wconf 91' lang='lat' dir='ltr'><strong>etiam</strong></span> <span class='ocrx_word' id='word_1_59' title='bbox 2871 656 3211 711; x_wconf 68' lang='lat' dir='ltr'><strong>Cbersonitae</strong></span> <span class='ocrx_word' id='word_1_60' title='bbox 3268 658 3461 713; x_wconf 86' lang='lat' dir='ltr'><strong>ducem</strong></span> <span class='ocrx_word' id='word_1_61' title='bbox 3525 674 3688 714; x_wconf 89' lang='lat' dir='ltr'><strong>suum</strong></span> 
     </span>
    </p>
   </div>
   <div class='ocr_carea' id='block_1_12' title="bbox 2102 736 3689 819">
    <p class='ocr_par' dir='ltr' id='par_1_12' title="bbox 2102 736 3689 819">
     <span class='ocr_line' id='line_1_12' title="bbox 2102 736 3689 819; baseline 0.008 -27"><span class='ocrx_word' id='word_1_62' title='bbox 2102 736 2255 793; x_wconf 68' lang='lat' dir='ltr'><strong>Jonas</strong></span> <span class='ocrx_word' id='word_1_63' title='bbox 2280 739 2451 795; x_wconf 78' lang='lat' dir='ltr'><strong>lilium</strong></span> <span class='ocrx_word' id='word_1_64' title='bbox 2481 741 2806 812; x_wconf 87' lang='lat' dir='ltr'><strong>Symeonem</strong></span> <span class='ocrx_word' id='word_1_65' title='bbox 2833 747 3173 813; x_wconf 84' lang='lat' dir='ltr'><strong>occiderunt,</strong></span> <span class='ocrx_word' id='word_1_66' title='bbox 3197 749 3431 819; x_wconf 80' lang='lat' dir='ltr'><strong>Agareni</strong></span> <span class='ocrx_word' id='word_1_67' title='bbox 3462 751 3512 804; x_wconf 89' lang='lat' dir='ltr'><strong>in</strong></span> <span class='ocrx_word' id='word_1_68' title='bbox 3541 750 3689 818; x_wconf 81' lang='lat' dir='ltr'><strong>Cap-</strong></span> 
     </span>
    </p>
   </div>
   <div class='ocr_carea' id='block_1_13' title="bbox 2103 832 2885 906">
    <p class='ocr_par' dir='ltr' id='par_1_13' title="bbox 2103 832 2885 906">
     <span class='ocr_line' id='line_1_13' title="bbox 2103 832 2885 906; baseline 0.012 -23"><span class='ocrx_word' id='word_1_69' title='bbox 2103 832 2331 900; x_wconf 84' lang='lat' dir='ltr'><strong>padocia</strong></span> <span class='ocrx_word' id='word_1_70' title='bbox 2368 833 2571 888; x_wconf 89' lang='lat' dir='ltr'><strong>Corum</strong></span> <span class='ocrx_word' id='word_1_71' title='bbox 2603 850 2885 906; x_wconf 84' lang='lat' dir='ltr'><strong>ceperunt.</strong></span> 
     </span>
    </p>
   </div>
   <div class='ocr_carea' id='block_1_14' title="bbox 394 912 3690 1006">
    <p class='ocr_par' dir='ltr' id='par_1_14' title="bbox 394 912 3690 1006">
     <span class='ocr_line' id='line_1_14' title="bbox 394 912 3690 1006; baseline 0.008 -44"><span class='ocrx_word' id='word_1_72' title='bbox 394 912 690 981; x_wconf 78' lang='grc' dir='ltr'>Χερσῶνος</span> <span class='ocrx_word' id='word_1_73' title='bbox 712 913 1007 983; x_wconf 75' lang='grc' dir='ltr'><strong>οἰκήτορες</strong></span> <span class='ocrx_word' id='word_1_74' title='bbox 1027 916 1117 968; x_wconf 78' lang='grc' dir='ltr'><strong>τὸν</strong></span> <span class='ocrx_word' id='word_1_75' title='bbox 1137 917 1318 969; x_wconf 78' lang='grc' dir='ltr'>αὐτῶν</span> <span class='ocrx_word' id='word_1_76' title='bbox 1376 918 1704 974; x_wconf 87' lang='grc' dir='ltr'>ἀπέκτειναν</span> <span class='ocrx_word' id='word_1_77' title='bbox 1754 922 2059 993; x_wconf 84' lang='grc' dir='ltr'>στρατηγὸν</span> <span class='ocrx_word' id='word_1_78' title='bbox 2100 923 2328 994; x_wconf 84' lang='grc' dir='ltr'>Συμεὼν</span> <span class='ocrx_word' id='word_1_79' title='bbox 2357 928 2448 981; x_wconf 82' lang='grc' dir='ltr'><strong>τὸν</strong></span> <span class='ocrx_word' id='word_1_80' title='bbox 2482 929 2576 982; x_wconf 86' lang='grc' dir='ltr'><strong>τοῦ</strong></span> <span class='ocrx_word' id='word_1_81' title='bbox 2629 932 2803 985; x_wconf 87' lang='grc' dir='ltr'>Ἰωνᾶ.</span> <span class='ocrx_word' id='word_1_82' title='bbox 2830 932 3165 1004; x_wconf 79' lang='grc' dir='ltr'>Παρελήφθη</span> <span class='ocrx_word' id='word_1_83' title='bbox 3200 933 3256 987; x_wconf 77' lang='grc' dir='ltr'>δὲ</span> <span class='ocrx_word' id='word_1_84' title='bbox 3293 935 3387 987; x_wconf 70' lang='grc' dir='ltr'><strong>καὶ</strong></span> <span class='ocrx_word' id='word_1_85' title='bbox 3418 933 3478 987; x_wconf 83' lang='grc' dir='ltr'>τὸ</span> <span class='ocrx_word' id='word_1_86' title='bbox 3514 936 3690 1006; x_wconf 82' lang='grc' dir='ltr'>Κόρον</span> 
     </span>
    </p>
   </div>
   <div class='ocr_carea' id='block_1_15' title="bbox 388 1005 1636 1080">
    <p class='ocr_par' dir='ltr' id='par_1_15' title="bbox 388 1005 1636 1080">
     <span class='ocr_line' id='line_1_15' title="bbox 388 1005 1636 1080; baseline 0.004 -21"><span class='ocrx_word' id='word_1_87' title='bbox 388 1008 451 1059; x_wconf 81' lang='grc' dir='ltr'>ὲν</span> <span class='ocrx_word' id='word_1_88' title='bbox 477 1008 544 1074; x_wconf 76' lang='grc' dir='ltr'>τῇ</span> <span class='ocrx_word' id='word_1_89' title='bbox 587 1005 965 1078; x_wconf 76' lang='grc' dir='ltr'><strong>Καππαδοκίᾳ</strong></span> <span class='ocrx_word' id='word_1_90' title='bbox 1001 1008 1104 1061; x_wconf 83' lang='grc' dir='ltr'><strong>ὑπὸ</strong></span> <span class='ocrx_word' id='word_1_91' title='bbox 1133 1009 1241 1061; x_wconf 84' lang='grc' dir='ltr'><strong>τῶν</strong></span> <span class='ocrx_word' id='word_1_92' title='bbox 1294 1010 1636 1080; x_wconf 81' lang='grc' dir='ltr'>Ἀγαρηνῶν.</span> 
     </span>
    </p>
   </div>
   <div class='ocr_carea' id='block_1_16' title="bbox 470 1101 1994 1181">
    <p class='ocr_par' dir='ltr' id='par_1_16' title="bbox 470 1101 1994 1181">
     <span class='ocr_line' id='line_1_16' title="bbox 470 1101 1994 1181; baseline 0.008 -29"><span class='ocrx_word' id='word_1_93' title='bbox 470 1109 562 1157; x_wconf 76' lang='grc' dir='ltr'>ια’.</span> <span class='ocrx_word' id='word_1_94' title='bbox 606 1101 671 1154; x_wconf 85' lang='grc' dir='ltr'>Ὀ</span> <span class='ocrx_word' id='word_1_95' title='bbox 703 1103 762 1155; x_wconf 82' lang='grc' dir='ltr'><strong>δὲ</strong></span> <span class='ocrx_word' id='word_1_96' title='bbox 798 1102 1058 1172; x_wconf 80' lang='grc' dir='ltr'>βασιλεὺς</span> <span class='ocrx_word' id='word_1_97' title='bbox 1082 1106 1162 1167; x_wconf 72' lang='grc' dir='ltr'><strong>εἰς</strong></span> <span class='ocrx_word' id='word_1_98' title='bbox 1187 1104 1255 1157; x_wconf 82' lang='grc' dir='ltr'><strong>τά</strong></span> <span class='ocrx_word' id='word_1_99' title='bbox 1280 1106 1551 1174; x_wconf 83' lang='grc' dir='ltr'>Δαμιανοῦ</span> <span class='ocrx_word' id='word_1_100' title='bbox 1579 1107 1812 1171; x_wconf 79' lang='grc' dir='ltr'>ἐξελθὼν</span> <span class='ocrx_word' id='word_1_101' title='bbox 1846 1105 1994 1181; x_wconf 81' lang='grc' dir='ltr'>εἶχεν</span> 
     </span>
    </p>
   </div>
   <div class='ocr_carea' id='block_1_17' title="bbox 392 1196 1994 1271">
    <p class='ocr_par' dir='ltr' id='par_1_17' title="bbox 392 1196 1994 1271">
     <span class='ocr_line' id='line_1_17' title="bbox 392 1196 1994 1271; baseline 0.004 -21"><span class='ocrx_word' id='word_1_102' title='bbox 392 1196 520 1267; x_wconf 79' lang='grc' dir='ltr'>μεθ’</span> <span class='ocrx_word' id='word_1_103' title='bbox 552 1196 756 1250; x_wconf 72' lang='grc' dir='ltr'>ἑαυτοῦ</span> <span class='ocrx_word' id='word_1_104' title='bbox 795 1196 893 1249; x_wconf 80' lang='grc' dir='ltr'>καὶ</span> <span class='ocrx_word' id='word_1_105' title='bbox 924 1196 1023 1266; x_wconf 83' lang='grc' dir='ltr'>τὴν</span> <span class='ocrx_word' id='word_1_106' title='bbox 1075 1196 1228 1268; x_wconf 79' lang='grc' dir='ltr'><strong>Ζωήν</strong></span> <span class='ocrx_word' id='word_1_107' title='bbox 1257 1200 1359 1269; x_wconf 83' lang='grc' dir='ltr'>τὴν</span> <span class='ocrx_word' id='word_1_108' title='bbox 1387 1198 1483 1251; x_wconf 87' lang='grc' dir='ltr'><strong>τοῦ</strong></span> <span class='ocrx_word' id='word_1_109' title='bbox 1533 1200 1782 1265; x_wconf 82' lang='grc' dir='ltr'>Ζαούτζα</span> <span class='ocrx_word' id='word_1_110' title='bbox 1832 1202 1994 1271; x_wconf 87' lang='grc' dir='ltr'>θυγα-</span> 
     </span>
    </p>
   </div>
   <div class='ocr_carea' id='block_1_18' title="bbox 390 1285 1992 1363">
    <p class='ocr_par' dir='ltr' id='par_1_18' title="bbox 390 1285 1992 1363">
     <span class='ocr_line' id='line_1_18' title="bbox 390 1285 1992 1363; baseline -0.004 -21"><span class='ocrx_word' id='word_1_111' title='bbox 390 1290 531 1357; x_wconf 80' lang='grc' dir='ltr'>τέρα</span> <span class='ocrx_word' id='word_1_112' title='bbox 553 1287 647 1340; x_wconf 73' lang='grc' dir='ltr'><strong>καὶ</strong></span> <span class='ocrx_word' id='word_1_113' title='bbox 676 1287 848 1340; x_wconf 79' lang='grc' dir='ltr'>αὐτὸν</span> <span class='ocrx_word' id='word_1_114' title='bbox 874 1287 968 1339; x_wconf 83' lang='grc' dir='ltr'><strong>τὸν</strong></span> <span class='ocrx_word' id='word_1_115' title='bbox 995 1285 1292 1352; x_wconf 81' lang='grc' dir='ltr'>Ζαοῦτζαν.</span> <span class='ocrx_word' id='word_1_116' title='bbox 1320 1288 1578 1356; x_wconf 84' lang='grc' dir='ltr'>Θεοφανὼ</span> <span class='ocrx_word' id='word_1_117' title='bbox 1605 1290 1664 1343; x_wconf 83' lang='grc' dir='ltr'><strong>δὲ</strong></span> <span class='ocrx_word' id='word_1_118' title='bbox 1694 1293 1727 1362; x_wconf 82' lang='grc' dir='ltr'><strong>ἡ</strong></span> <span class='ocrx_word' id='word_1_119' title='bbox 1766 1293 1860 1346; x_wconf 80' lang='grc' dir='ltr'>τοῦ</span> <span class='ocrx_word' id='word_1_120' title='bbox 1894 1293 1992 1363; x_wconf 85' lang='grc' dir='ltr'>βα..</span> 
     </span>
    </p>
   </div>
   <div class='ocr_carea' id='block_1_19' title="bbox 385 1379 1993 1458">
    <p class='ocr_par' dir='ltr' id='par_1_19' title="bbox 385 1379 1993 1458">
     <span class='ocr_line' id='line_1_19' title="bbox 385 1379 1993 1458; baseline 0.004 -26"><span class='ocrx_word' id='word_1_121' title='bbox 385 1380 589 1442; x_wconf 57' lang='lat' dir='ltr'><strong>mem;</strong></span> <span class='ocrx_word' id='word_1_122' title='bbox 656 1379 882 1448; x_wconf 81' lang='grc' dir='ltr'>γαμετὴ</span> <span class='ocrx_word' id='word_1_123' title='bbox 929 1379 990 1432; x_wconf 85' lang='grc' dir='ltr'><strong>ού</strong></span> <span class='ocrx_word' id='word_1_124' title='bbox 1028 1379 1214 1449; x_wconf 84' lang='grc' dir='ltr'>παρῆν</span> <span class='ocrx_word' id='word_1_125' title='bbox 1278 1382 1476 1446; x_wconf 81' lang='grc' dir='ltr'>ἐκεῖσε,</span> <span class='ocrx_word' id='word_1_126' title='bbox 1524 1382 1640 1436; x_wconf 86' lang='grc' dir='ltr'>ἀλλ’</span> <span class='ocrx_word' id='word_1_127' title='bbox 1667 1384 1724 1436; x_wconf 84' lang='grc' dir='ltr'><strong>ἐν</strong></span> <span class='ocrx_word' id='word_1_128' title='bbox 1757 1387 1823 1455; x_wconf 81' lang='grc' dir='ltr'>τῇ</span> <span class='ocrx_word' id='word_1_129' title='bbox 1860 1386 1993 1458; x_wconf 82' lang='grc' dir='ltr'>ἁγίᾳ</span> 
     </span>
    </p>
   </div>
   <div class='ocr_carea' id='block_1_20' title="bbox 392 1471 1987 1549">
    <p class='ocr_par' dir='ltr' id='par_1_20' title="bbox 392 1471 1987 1549">
     <span class='ocr_line' id='line_1_20' title="bbox 392 1471 1987 1549; baseline 0.008 -29"><span class='ocrx_word' id='word_1_130' title='bbox 392 1471 543 1540; x_wconf 79' lang='grc' dir='ltr'>σορῷ</span> <span class='ocrx_word' id='word_1_131' title='bbox 599 1473 669 1541; x_wconf 82' lang='grc' dir='ltr'>τῇ</span> <span class='ocrx_word' id='word_1_132' title='bbox 735 1473 793 1523; x_wconf 84' lang='grc' dir='ltr'>ἐν</span> <span class='ocrx_word' id='word_1_133' title='bbox 834 1471 1171 1541; x_wconf 85' lang='grc' dir='ltr'>Βλαχέρναις</span> <span class='ocrx_word' id='word_1_134' title='bbox 1209 1474 1647 1543; x_wconf 72' lang='grc' dir='ltr'><strong>προσεκαρτέρει</strong></span> <span class='ocrx_word' id='word_1_135' title='bbox 1695 1475 1987 1549; x_wconf 84' lang='grc' dir='ltr'>εὐχομένη.</span> 
     </span>
    </p>
   </div>
   <div class='ocr_carea' id='block_1_21' title="bbox 393 1564 1989 1642">
    <p class='ocr_par' dir='ltr' id='par_1_21' title="bbox 393 1564 1989 1642">
     <span class='ocr_line' id='line_1_21' title="bbox 393 1564 1989 1642; baseline 0.004 -25"><span class='ocrx_word' id='word_1_136' title='bbox 393 1564 567 1630; x_wconf 74' lang='grc' dir='ltr'>Δόξαν</span> <span class='ocrx_word' id='word_1_137' title='bbox 592 1565 651 1617; x_wconf 81' lang='grc' dir='ltr'>δὲ</span> <span class='ocrx_word' id='word_1_138' title='bbox 686 1565 768 1634; x_wconf 80' lang='grc' dir='ltr'>τῷ</span> <span class='ocrx_word' id='word_1_139' title='bbox 801 1564 1017 1634; x_wconf 82' lang='grc' dir='ltr'>βασιλεῖ</span> <span class='ocrx_word' id='word_1_140' title='bbox 1056 1567 1235 1634; x_wconf 86' lang='grc' dir='ltr'>μεῖναι</span> <span class='ocrx_word' id='word_1_141' title='bbox 1264 1567 1320 1618; x_wconf 82' lang='grc' dir='ltr'>ὲν</span> <span class='ocrx_word' id='word_1_142' title='bbox 1354 1569 1464 1629; x_wconf 86' lang='grc' dir='ltr'>τοῖς</span> <span class='ocrx_word' id='word_1_143' title='bbox 1487 1569 1764 1636; x_wconf 78' lang='grc' dir='ltr'>Δαμιανοῦ</span> <span class='ocrx_word' id='word_1_144' title='bbox 1788 1610 1801 1632; x_wconf 92' lang='grc'><strong>,</strong></span> <span class='ocrx_word' id='word_1_145' title='bbox 1848 1588 1989 1642; x_wconf 83' lang='grc' dir='ltr'>συμ-</span> 
     </span>
    </p>
   </div>
   <div class='ocr_carea' id='block_1_22' title="bbox 400 1657 1987 1729">
    <p class='ocr_par' dir='ltr' id='par_1_22' title="bbox 400 1657 1987 1729">
     <span class='ocr_line' id='line_1_22' title="bbox 400 1657 1987 1729; baseline 0.005 -20"><span class='ocrx_word' id='word_1_146' title='bbox 400 1657 617 1709; x_wconf 75' lang='grc' dir='ltr'>ϐούλιον</span> <span class='ocrx_word' id='word_1_147' title='bbox 641 1658 693 1710; x_wconf 83' lang='grc' dir='ltr'><strong>οἱ</strong></span> <span class='ocrx_word' id='word_1_148' title='bbox 718 1658 815 1709; x_wconf 83' lang='grc' dir='ltr'><strong>τοῦ</strong></span> <span class='ocrx_word' id='word_1_149' title='bbox 848 1657 1096 1721; x_wconf 74' lang='grc' dir='ltr'>Ζαούτζα</span> <span class='ocrx_word' id='word_1_150' title='bbox 1135 1659 1517 1729; x_wconf 86' lang='grc' dir='ltr'>ποιησάμενοι,</span> <span class='ocrx_word' id='word_1_151' title='bbox 1547 1661 1575 1712; x_wconf 81' lang='grc' dir='ltr'><strong>ὃ</strong></span> <span class='ocrx_word' id='word_1_152' title='bbox 1600 1678 1659 1713; x_wconf 86' lang='grc' dir='ltr'><strong>τε</strong></span> <span class='ocrx_word' id='word_1_153' title='bbox 1679 1661 1791 1724; x_wconf 80' lang='grc' dir='ltr'>υἱὸς</span> <span class='ocrx_word' id='word_1_154' title='bbox 1818 1663 1987 1717; x_wconf 76' lang='grc' dir='ltr'>αὐτοῦ</span> 
     </span>
    </p>
   </div>
   <div class='ocr_carea' id='block_1_23' title="bbox 398 1748 1990 1821">
    <p class='ocr_par' dir='ltr' id='par_1_23' title="bbox 398 1748 1990 1821">
     <span class='ocr_line' id='line_1_23' title="bbox 398 1748 1990 1821; baseline 0.006 -21"><span class='ocrx_word' id='word_1_155' title='bbox 398 1751 428 1800; x_wconf 78' lang='grc' dir='ltr'><strong>ό</strong></span> <span class='ocrx_word' id='word_1_156' title='bbox 454 1748 708 1820; x_wconf 75' lang='grc' dir='ltr'>Ταύτζης</span> <span class='ocrx_word' id='word_1_157' title='bbox 735 1749 833 1802; x_wconf 76' lang='grc' dir='ltr'><strong>καὶ</strong></span> <span class='ocrx_word' id='word_1_158' title='bbox 874 1750 924 1801; x_wconf 77' lang='grc' dir='ltr'><strong>οἱ</strong></span> <span class='ocrx_word' id='word_1_159' title='bbox 966 1749 1164 1813; x_wconf 71' lang='grc' dir='ltr'>λοιποὶ,</span> <span class='ocrx_word' id='word_1_160' title='bbox 1194 1753 1258 1821; x_wconf 83' lang='grc' dir='ltr'>τῇ</span> <span class='ocrx_word' id='word_1_161' title='bbox 1289 1751 1442 1803; x_wconf 74' lang='grc' dir='ltr'>νυκτὶ</span> <span class='ocrx_word' id='word_1_162' title='bbox 1472 1752 1564 1804; x_wconf 81' lang='grc' dir='ltr'><strong>τὸν</strong></span> <span class='ocrx_word' id='word_1_163' title='bbox 1595 1752 1823 1821; x_wconf 80' lang='grc' dir='ltr'>βασιλέα</span> <span class='ocrx_word' id='word_1_164' title='bbox 1871 1755 1990 1809; x_wconf 85' lang='grc' dir='ltr'>δια-</span> 
     </span>
    </p>
   </div>
   <div class='ocr_carea' id='block_1_24' title="bbox 399 1841 1993 1916">
    <p class='ocr_par' dir='ltr' id='par_1_24' title="bbox 399 1841 1993 1916">
     <span class='ocr_line' id='line_1_24' title="bbox 399 1841 1993 1916; baseline 0.004 -22"><span class='ocrx_word' id='word_1_165' title='bbox 399 1842 748 1914; x_wconf 67' lang='grc' dir='ltr'>χειρίαασθαι</span> <span class='ocrx_word' id='word_1_166' title='bbox 801 1841 1216 1896; x_wconf 74' lang='grc' dir='ltr'>ἐϐουλεύσαντο.</span> <span class='ocrx_word' id='word_1_167' title='bbox 1259 1844 1325 1895; x_wconf 82' lang='grc' dir='ltr'><strong>Ἠ</strong></span> <span class='ocrx_word' id='word_1_168' title='bbox 1391 1844 1449 1896; x_wconf 79' lang='grc' dir='ltr'>δὲ</span> <span class='ocrx_word' id='word_1_169' title='bbox 1482 1843 1606 1915; x_wconf 81' lang='grc' dir='ltr'>Ζωὴ</span> <span class='ocrx_word' id='word_1_170' title='bbox 1655 1845 1734 1916; x_wconf 83' lang='grc' dir='ltr'>τῷ</span> <span class='ocrx_word' id='word_1_171' title='bbox 1782 1846 1993 1916; x_wconf 78' lang='grc' dir='ltr'>βασιλεῖ</span> 
     </span>
    </p>
   </div>
   <div class='ocr_carea' id='block_1_25' title="bbox 2168 1113 3687 1193">
    <p class='ocr_par' dir='ltr' id='par_1_25' title="bbox 2168 1113 3687 1193">
     <span class='ocr_line' id='line_1_25' title="bbox 2168 1113 3687 1193; baseline 0.011 -26"><span class='ocrx_word' id='word_1_172' title='bbox 2168 1113 2259 1170; x_wconf 84' lang='grc' dir='ltr'>Η.</span> <span class='ocrx_word' id='word_1_173' title='bbox 2292 1114 2593 1186; x_wconf 91' lang='lat' dir='ltr'><strong>Imperator</strong></span> <span class='ocrx_word' id='word_1_174' title='bbox 2624 1118 2691 1173; x_wconf 88' lang='lat' dir='ltr'><strong>ad</strong></span> <span class='ocrx_word' id='word_1_175' title='bbox 2725 1120 2977 1175; x_wconf 87' lang='lat' dir='ltr'><strong>Damiani</strong></span> <span class='ocrx_word' id='word_1_176' title='bbox 3025 1123 3169 1179; x_wconf 61' lang='lat' dir='ltr'><strong>ardes</strong></span> <span class='ocrx_word' id='word_1_177' title='bbox 3216 1138 3472 1193; x_wconf 72' lang='lat' dir='ltr'><strong>egreSsus</strong></span> <span class='ocrx_word' id='word_1_178' title='bbox 3523 1126 3687 1183; x_wconf 86' lang='lat' dir='ltr'><strong>Zoem</strong></span> 
     </span>
    </p>
   </div>
   <div class='ocr_carea' id='block_1_26' title="bbox 2100 1204 3690 1287">
    <p class='ocr_par' dir='ltr' id='par_1_26' title="bbox 2100 1204 3690 1287">
     <span class='ocr_line' id='line_1_26' title="bbox 2100 1204 3690 1287; baseline 0.011 -28"><span class='ocrx_word' id='word_1_179' title='bbox 2100 1204 2324 1262; x_wconf 86' lang='lat' dir='ltr'><strong>Zautzae</strong></span> <span class='ocrx_word' id='word_1_180' title='bbox 2378 1210 2546 1264; x_wconf 79' lang='lat' dir='ltr'><strong>tiliam</strong></span> <span class='ocrx_word' id='word_1_181' title='bbox 2606 1227 2795 1268; x_wconf 87' lang='lat' dir='ltr'><strong>secum</strong></span> <span class='ocrx_word' id='word_1_182' title='bbox 2888 1215 3127 1270; x_wconf 89' lang='lat' dir='ltr'><strong>habebat</strong></span> <span class='ocrx_word' id='word_1_183' title='bbox 3190 1231 3254 1271; x_wconf 88' lang='lat' dir='ltr'><strong>ac</strong></span> <span class='ocrx_word' id='word_1_184' title='bbox 3317 1217 3494 1287; x_wconf 86' lang='lat' dir='ltr'><strong>ipsum</strong></span> <span class='ocrx_word' id='word_1_185' title='bbox 3549 1219 3690 1276; x_wconf 84' lang='lat' dir='ltr'><strong>Zan-</strong></span> 
     </span>
    </p>
   </div>
   <div class='ocr_carea' id='block_1_27' title="bbox 2094 1300 3689 1375">
    <p class='ocr_par' dir='ltr' id='par_1_27' title="bbox 2094 1300 3689 1375">
     <span class='ocr_line' id='line_1_27' title="bbox 2094 1300 3689 1375; baseline 0.009 -22"><span class='ocrx_word' id='word_1_186' title='bbox 2094 1311 2260 1356; x_wconf 88' lang='lat' dir='ltr'><strong>tzam.</strong></span> <span class='ocrx_word' id='word_1_187' title='bbox 2322 1300 2659 1372; x_wconf 88' lang='lat' dir='ltr'><strong>Theophano</strong></span> <span class='ocrx_word' id='word_1_188' title='bbox 2743 1314 2926 1360; x_wconf 90' lang='lat' dir='ltr'><strong>autem</strong></span> <span class='ocrx_word' id='word_1_189' title='bbox 3012 1308 3365 1375; x_wconf 80' lang='lat' dir='ltr'><strong>imperatoris</strong></span> <span class='ocrx_word' id='word_1_190' title='bbox 3411 1326 3555 1364; x_wconf 88' lang='lat' dir='ltr'><strong>uxor</strong></span> <span class='ocrx_word' id='word_1_191' title='bbox 3621 1314 3689 1368; x_wconf 90' lang='lat' dir='ltr'><strong>iis</strong></span> 
     </span>
    </p>
   </div>
   <div class='ocr_carea' id='block_1_28' title="bbox 2093 1394 3684 1463">
    <p class='ocr_par' dir='ltr' id='par_1_28' title="bbox 2093 1394 3684 1463">
     <span class='ocr_line' id='line_1_28' title="bbox 2093 1394 3684 1463; baseline 0.008 -16"><span class='ocrx_word' id='word_1_192' title='bbox 2093 1394 2384 1448; x_wconf 89' lang='lat' dir='ltr'><strong>solemuiis</strong></span> <span class='ocrx_word' id='word_1_193' title='bbox 2423 1410 2531 1448; x_wconf 88' lang='lat' dir='ltr'><strong>non</strong></span> <span class='ocrx_word' id='word_1_194' title='bbox 2574 1396 2856 1463; x_wconf 83' lang='lat' dir='ltr'><strong>intererat,</strong></span> <span class='ocrx_word' id='word_1_195' title='bbox 2911 1400 3004 1453; x_wconf 89' lang='lat' dir='ltr'><strong>sed</strong></span> <span class='ocrx_word' id='word_1_196' title='bbox 3042 1402 3106 1455; x_wconf 83' lang='lat' dir='ltr'><strong>ad</strong></span> <span class='ocrx_word' id='word_1_197' title='bbox 3140 1410 3393 1457; x_wconf 89' lang='lat' dir='ltr'><strong>sanctum</strong></span> <span class='ocrx_word' id='word_1_198' title='bbox 3446 1403 3684 1460; x_wconf 86' lang='lat' dir='ltr'><strong>loculum</strong></span> 
     </span>
    </p>
   </div>
   <div class='ocr_carea' id='block_1_29' title="bbox 2092 1484 3687 1567">
    <p class='ocr_par' dir='ltr' id='par_1_29' title="bbox 2092 1484 3687 1567">
     <span class='ocr_line' id='line_1_29' title="bbox 2092 1484 3687 1567; baseline 0.009 -31"><span class='ocrx_word' id='word_1_199' title='bbox 2092 1484 2148 1538; x_wconf 90' lang='lat' dir='ltr'><strong>in</strong></span> <span class='ocrx_word' id='word_1_200' title='bbox 2178 1484 2496 1541; x_wconf 86' lang='lat' dir='ltr'><strong>Blacbcruis</strong></span> <span class='ocrx_word' id='word_1_201' title='bbox 2526 1490 2784 1557; x_wconf 82' lang='lat' dir='ltr'><strong>precibus</strong></span> <span class='ocrx_word' id='word_1_202' title='bbox 2807 1491 3031 1546; x_wconf 89' lang='lat' dir='ltr'><strong>assidua</strong></span> <span class='ocrx_word' id='word_1_203' title='bbox 3071 1502 3211 1547; x_wconf 86' lang='lat' dir='ltr'><strong>erat.</strong></span> <span class='ocrx_word' id='word_1_204' title='bbox 3274 1493 3466 1550; x_wconf 80' lang='lat' dir='ltr'><strong>Visum</strong></span> <span class='ocrx_word' id='word_1_205' title='bbox 3512 1497 3687 1567; x_wconf 88' lang='lat' dir='ltr'><strong>impc-</strong></span> 
     </span>
    </p>
   </div>
   <div class='ocr_carea' id='block_1_30' title="bbox 2091 1575 3681 1655">
    <p class='ocr_par' dir='ltr' id='par_1_30' title="bbox 2091 1575 3681 1655">
     <span class='ocr_line' id='line_1_30' title="bbox 2091 1575 3681 1655; baseline 0.011 -29"><span class='ocrx_word' id='word_1_206' title='bbox 2091 1575 2259 1629; x_wconf 86' lang='lat' dir='ltr'><strong>ratori</strong></span> <span class='ocrx_word' id='word_1_207' title='bbox 2320 1575 2372 1630; x_wconf 89' lang='lat' dir='ltr'><strong>in</strong></span> <span class='ocrx_word' id='word_1_208' title='bbox 2427 1577 2534 1631; x_wconf 88' lang='lat' dir='ltr'><strong>illis</strong></span> <span class='ocrx_word' id='word_1_209' title='bbox 2585 1580 2791 1635; x_wconf 68' lang='lat' dir='ltr'><strong>aedibus</strong></span> <span class='ocrx_word' id='word_1_210' title='bbox 2846 1598 3126 1637; x_wconf 90' lang='lat' dir='ltr'><strong>morarum</strong></span> <span class='ocrx_word' id='word_1_211' title='bbox 3178 1586 3382 1655; x_wconf 88' lang='lat' dir='ltr'><strong>aliquid</strong></span> <span class='ocrx_word' id='word_1_212' title='bbox 3443 1588 3681 1643; x_wconf 86' lang='lat' dir='ltr'><strong>trahere.</strong></span> 
     </span>
    </p>
   </div>
   <div class='ocr_carea' id='block_1_31' title="bbox 2090 1664 3682 1745">
    <p class='ocr_par' dir='ltr' id='par_1_31' title="bbox 2090 1664 3682 1745">
     <span class='ocr_line' id='line_1_31' title="bbox 2090 1664 3682 1745; baseline 0.01 -27"><span class='ocrx_word' id='word_1_213' title='bbox 2090 1664 2311 1722; x_wconf 72' lang='lat' dir='ltr'><strong>Zautzae</strong></span> <span class='ocrx_word' id='word_1_214' title='bbox 2346 1667 2553 1737; x_wconf 80' lang='lat' dir='ltr'><strong>alliues,</strong></span> <span class='ocrx_word' id='word_1_215' title='bbox 2593 1681 2705 1726; x_wconf 91' lang='lat' dir='ltr'><strong>tum</strong></span> <span class='ocrx_word' id='word_1_216' title='bbox 2739 1673 2949 1729; x_wconf 83' lang='lat' dir='ltr'><strong>scilicet</strong></span> <span class='ocrx_word' id='word_1_217' title='bbox 2977 1676 3097 1745; x_wconf 80' lang='lat' dir='ltr'><strong>ejus</strong></span> <span class='ocrx_word' id='word_1_218' title='bbox 3129 1676 3274 1732; x_wconf 85' lang='lat' dir='ltr'><strong>ﬁlius</strong></span> <span class='ocrx_word' id='word_1_219' title='bbox 3309 1677 3542 1733; x_wconf 87' lang='lat' dir='ltr'><strong>Tautzes</strong></span> <span class='ocrx_word' id='word_1_220' title='bbox 3567 1692 3682 1735; x_wconf 89' lang='lat' dir='ltr'><strong>tum</strong></span> 
     </span>
    </p>
   </div>
   <div class='ocr_carea' id='block_1_32' title="bbox 2089 1761 3685 1837">
    <p class='ocr_par' dir='ltr' id='par_1_32' title="bbox 2089 1761 3685 1837">
     <span class='ocr_line' id='line_1_32' title="bbox 2089 1761 3685 1837; baseline 0.008 -23"><span class='ocrx_word' id='word_1_221' title='bbox 2089 1761 2307 1828; x_wconf 87' lang='lat' dir='ltr'><strong>reliqui,</strong></span> <span class='ocrx_word' id='word_1_222' title='bbox 2344 1764 2635 1817; x_wconf 88' lang='lat' dir='ltr'><strong>consilium</strong></span> <span class='ocrx_word' id='word_1_223' title='bbox 2670 1766 2860 1820; x_wconf 87' lang='lat' dir='ltr'><strong>ineunt</strong></span> <span class='ocrx_word' id='word_1_224' title='bbox 2890 1776 2948 1820; x_wconf 93' lang='lat' dir='ltr'><strong>ut</strong></span> <span class='ocrx_word' id='word_1_225' title='bbox 2982 1768 3368 1837; x_wconf 74' lang='lat' dir='ltr'><strong>imperatorem</strong></span> <span class='ocrx_word' id='word_1_226' title='bbox 3401 1782 3565 1825; x_wconf 90' lang='lat' dir='ltr'><strong>noctu</strong></span> <span class='ocrx_word' id='word_1_227' title='bbox 3603 1773 3685 1827; x_wconf 80' lang='lat' dir='ltr'><strong>ia-</strong></span> 
     </span>
    </p>
   </div>
   <div class='ocr_carea' id='block_1_33' title="bbox 2089 1854 3685 1935">
    <p class='ocr_par' dir='ltr' id='par_1_33' title="bbox 2089 1854 3685 1935">
     <span class='ocr_line' id='line_1_33' title="bbox 2089 1854 3685 1935; baseline 0.006 -27"><span class='ocrx_word' id='word_1_228' title='bbox 2089 1854 2371 1909; x_wconf 84' lang='lat' dir='ltr'><strong>terimant.</strong></span> <span class='ocrx_word' id='word_1_229' title='bbox 2426 1857 2497 1910; x_wconf 86' lang='lat' dir='ltr'><strong>At</strong></span> <span class='ocrx_word' id='word_1_230' title='bbox 2531 1856 2639 1912; x_wconf 87' lang='lat' dir='ltr'><strong>Zoe</strong></span> <span class='ocrx_word' id='word_1_231' title='bbox 2674 1858 2725 1911; x_wconf 91' lang='lat' dir='ltr'><strong>in</strong></span> <span class='ocrx_word' id='word_1_232' title='bbox 2776 1858 3126 1929; x_wconf 86' lang='lat' dir='ltr'><strong>imperatoris</strong></span> <span class='ocrx_word' id='word_1_233' title='bbox 3178 1864 3300 1917; x_wconf 89' lang='lat' dir='ltr'><strong>sinu</strong></span> <span class='ocrx_word' id='word_1_234' title='bbox 3354 1864 3513 1935; x_wconf 79' lang='lat'><strong>361</strong></span> <span class='ocrx_word' id='word_1_235' title='bbox 3556 1864 3685 1918; x_wconf 82' lang='lat' dir='ltr'><strong>dor-</strong></span> 
     </span>
    </p>
   </div>
   <div class='ocr_carea' id='block_1_34' title="bbox 407 1932 1985 2024">
    <p class='ocr_par' dir='ltr' id='par_1_34' title="bbox 407 1932 1985 2010">
     <span class='ocr_line' id='line_1_34' title="bbox 407 1932 1985 2010; baseline 0.006 -24"><span class='ocrx_word' id='word_1_236' title='bbox 407 1932 856 2000; x_wconf 76' lang='grc' dir='ltr'>συγκαθεύδουσα</span> <span class='ocrx_word' id='word_1_237' title='bbox 882 1935 980 1988; x_wconf 77' lang='grc' dir='ltr'>καὶ</span> <span class='ocrx_word' id='word_1_238' title='bbox 1009 1935 1102 1988; x_wconf 74' lang='grc' dir='ltr'><strong>τὸν</strong></span> <span class='ocrx_word' id='word_1_239' title='bbox 1131 1934 1295 2006; x_wconf 82' lang='grc' dir='ltr'>θροῦν</span> <span class='ocrx_word' id='word_1_240' title='bbox 1339 1936 1719 2002; x_wconf 80' lang='grc' dir='ltr'>ὲνωτισθεῖσα,</span> <span class='ocrx_word' id='word_1_241' title='bbox 1765 1940 1853 1994; x_wconf 83' lang='grc' dir='ltr'>διὰ</span> <span class='ocrx_word' id='word_1_242' title='bbox 1888 1942 1985 2010; x_wconf 81' lang='grc' dir='ltr'>τῆς</span> 
     </span>
    </p>
   </div>
   <div class='ocr_carea' id='block_1_35' title="bbox 2088 1932 3683 2024">
    <p class='ocr_par' dir='ltr' id='par_1_35' title="bbox 2093 1947 3683 2024">
     <span class='ocr_line' id='line_1_35' title="bbox 2093 1947 3683 2024; baseline 0.008 -26"><span class='ocrx_word' id='word_1_243' title='bbox 2093 1947 2292 2009; x_wconf 85' lang='lat' dir='ltr'><strong>miens,</strong></span> <span class='ocrx_word' id='word_1_244' title='bbox 2343 1947 2532 2001; x_wconf 84' lang='lat' dir='ltr'><strong>audito</strong></span> <span class='ocrx_word' id='word_1_245' title='bbox 2567 1964 2873 2011; x_wconf 89' lang='lat' dir='ltr'><strong>murmure,</strong></span> <span class='ocrx_word' id='word_1_246' title='bbox 2925 1967 3021 2020; x_wconf 89' lang='lat' dir='ltr'><strong>per</strong></span> <span class='ocrx_word' id='word_1_247' title='bbox 3046 1950 3344 2007; x_wconf 79' lang='lat' dir='ltr'><strong>fenestram</strong></span> <span class='ocrx_word' id='word_1_248' title='bbox 3386 1966 3683 2024; x_wconf 87' lang='lat' dir='ltr'><strong>aspectans</strong></span> 
     </span>
    </p>
   </div>
   <div class='ocr_carea' id='block_1_36' title="bbox 409 2022 1988 2094">
    <p class='ocr_par' dir='ltr' id='par_1_36' title="bbox 409 2022 1988 2094">
     <span class='ocr_line' id='line_1_36' title="bbox 409 2022 1988 2094; baseline 0.008 -20"><span class='ocrx_word' id='word_1_249' title='bbox 409 2022 632 2094; x_wconf 68' lang='lat' dir='ltr'><strong>Baptae;</strong></span> <span class='ocrx_word' id='word_1_250' title='bbox 654 2024 974 2093; x_wconf 64' lang='grc' dir='ltr'>προκύψασα</span> <span class='ocrx_word' id='word_1_251' title='bbox 1015 2026 1403 2094; x_wconf 80' lang='grc' dir='ltr'>κατεσίγασεν.</span> <span class='ocrx_word' id='word_1_252' title='bbox 1453 2028 1537 2091; x_wconf 84' lang='grc' dir='ltr'>Ὠς</span> <span class='ocrx_word' id='word_1_253' title='bbox 1579 2029 1634 2082; x_wconf 86' lang='grc' dir='ltr'>δὲ</span> <span class='ocrx_word' id='word_1_254' title='bbox 1667 2029 1760 2083; x_wconf 88' lang='grc' dir='ltr'><strong>τοῦ</strong></span> <span class='ocrx_word' id='word_1_255' title='bbox 1810 2032 1988 2086; x_wconf 83' lang='grc' dir='ltr'>δεινοῦ</span> 
     </span>
    </p>
   </div>
   <div class='ocr_carea' id='block_1_37' title="bbox 415 2113 1986 2189">
    <p class='ocr_par' dir='ltr' id='par_1_37' title="bbox 415 2113 1986 2189">
     <span class='ocr_line' id='line_1_37' title="bbox 415 2113 1986 2189; baseline 0.007 -25"><span class='ocrx_word' id='word_1_256' title='bbox 415 2113 517 2181; x_wconf 76' lang='grc' dir='ltr'>τῆς</span> <span class='ocrx_word' id='word_1_257' title='bbox 550 2113 837 2179; x_wconf 75' lang='grc' dir='ltr'>ὲπιὸουλῆς</span> <span class='ocrx_word' id='word_1_258' title='bbox 885 2115 1087 2186; x_wconf 69' lang='grc' dir='ltr'>ᾔσθετο</span> <span class='ocrx_word' id='word_1_259' title='bbox 1140 2117 1425 2187; x_wconf 75' lang='grc' dir='ltr'>ἀκριϐῶς,</span> <span class='ocrx_word' id='word_1_260' title='bbox 1484 2120 1575 2172; x_wconf 73' lang='grc' dir='ltr'><strong>τὸν</strong></span> <span class='ocrx_word' id='word_1_261' title='bbox 1626 2120 1850 2189; x_wconf 79' lang='grc' dir='ltr'>βασιλέα</span> <span class='ocrx_word' id='word_1_262' title='bbox 1906 2123 1986 2176; x_wconf 79' lang='grc' dir='ltr'>διο</span> 
     </span>
    </p>
   </div>
   <div class='ocr_carea' id='block_1_38' title="bbox 409 2202 1991 2282">
    <p class='ocr_par' dir='ltr' id='par_1_38' title="bbox 409 2202 1991 2282">
     <span class='ocr_line' id='line_1_38' title="bbox 409 2202 1991 2282; baseline 0.004 -27"><span class='ocrx_word' id='word_1_263' title='bbox 409 2202 693 2256; x_wconf 79' lang='grc' dir='ltr'>υπνίσασα</span> <span class='ocrx_word' id='word_1_264' title='bbox 731 2206 787 2256; x_wconf 82' lang='grc' dir='ltr'>τὸ</span> <span class='ocrx_word' id='word_1_265' title='bbox 814 2206 1183 2275; x_wconf 79' lang='grc' dir='ltr'>πραττόμενον</span> <span class='ocrx_word' id='word_1_266' title='bbox 1217 2209 1625 2277; x_wconf 82' lang='grc' dir='ltr'>κατεσήμανεν·</span> <span class='ocrx_word' id='word_1_267' title='bbox 1654 2210 1711 2272; x_wconf 87' lang='grc' dir='ltr'>ὃς</span> <span class='ocrx_word' id='word_1_268' title='bbox 1738 2212 1797 2265; x_wconf 83' lang='grc' dir='ltr'><strong>ὲν</strong></span> <span class='ocrx_word' id='word_1_269' title='bbox 1820 2210 1991 2282; x_wconf 82' lang='grc' dir='ltr'>πλοίῳ</span> 
     </span>
    </p>
   </div>
   <div class='ocr_carea' id='block_1_39' title="bbox 396 2293 1989 2369">
    <p class='ocr_par' dir='ltr' id='par_1_39' title="bbox 396 2293 1989 2369">
     <span class='ocr_line' id='line_1_39' title="bbox 396 2293 1989 2369; baseline 0.006 -24"><span class='ocrx_word' id='word_1_270' title='bbox 396 2293 570 2357; x_wconf 66' lang='grc' dir='ltr'>εὐθὺς</span> <span class='ocrx_word' id='word_1_271' title='bbox 586 2294 839 2347; x_wconf 77' lang='grc' dir='ltr'>εἰσελθὼν</span> <span class='ocrx_word' id='word_1_272' title='bbox 863 2298 942 2358; x_wconf 75' lang='grc' dir='ltr'>εἰς</span> <span class='ocrx_word' id='word_1_273' title='bbox 979 2296 1170 2365; x_wconf 81' lang='grc' dir='ltr'>Πηγὰς</span> <span class='ocrx_word' id='word_1_274' title='bbox 1195 2298 1539 2369; x_wconf 82' lang='grc' dir='ltr'>διεπέρασεν,</span> <span class='ocrx_word' id='word_1_275' title='bbox 1570 2302 1779 2363; x_wconf 80' lang='grc' dir='ltr'>πάντας</span> <span class='ocrx_word' id='word_1_276' title='bbox 1808 2305 1989 2355; x_wconf 78' lang='grc' dir='ltr'>ἐκεῖσε</span> 
     </span>
    </p>
   </div>
   <div class='ocr_carea' id='block_1_40' title="bbox 389 2384 1986 2464">
    <p class='ocr_par' dir='ltr' id='par_1_40' title="bbox 389 2384 1986 2464">
     <span class='ocr_line' id='line_1_40' title="bbox 389 2384 1986 2464; baseline 0.006 -28"><span class='ocrx_word' id='word_1_277' title='bbox 389 2384 490 2437; x_wconf 80' lang='grc' dir='ltr'>καὶ</span> <span class='ocrx_word' id='word_1_278' title='bbox 523 2386 693 2438; x_wconf 72' lang='grc' dir='ltr'>αὐτὸν</span> <span class='ocrx_word' id='word_1_279' title='bbox 728 2385 818 2438; x_wconf 78' lang='grc' dir='ltr'>τὸν</span> <span class='ocrx_word' id='word_1_280' title='bbox 859 2384 1139 2451; x_wconf 75' lang='grc' dir='ltr'>Ζαοῦτζαν</span> <span class='ocrx_word' id='word_1_281' title='bbox 1166 2390 1506 2445; x_wconf 84' lang='grc' dir='ltr'>καταλιπών.</span> <span class='ocrx_word' id='word_1_282' title='bbox 1541 2393 1691 2463; x_wconf 77' lang='grc' dir='ltr'>Ταχὺ</span> <span class='ocrx_word' id='word_1_283' title='bbox 1731 2394 1787 2446; x_wconf 76' lang='grc' dir='ltr'><strong>δὲ</strong></span> <span class='ocrx_word' id='word_1_284' title='bbox 1842 2393 1986 2464; x_wconf 79' lang='grc' dir='ltr'>πρωῒ</span> 
     </span>
    </p>
   </div>
   <div class='ocr_carea' id='block_1_41' title="bbox 390 2477 1984 2557">
    <p class='ocr_par' dir='ltr' id='par_1_41' title="bbox 390 2477 1984 2557">
     <span class='ocr_line' id='line_1_41' title="bbox 390 2477 1984 2557; baseline 0.008 -30"><span class='ocrx_word' id='word_1_285' title='bbox 390 2477 844 2538; x_wconf 70' lang='grc' dir='ltr'>εἱςτὺπαλάτιον</span> <span class='ocrx_word' id='word_1_286' title='bbox 862 2478 1124 2533; x_wconf 75' lang='grc' dir='ltr'>εἰσελθὼν</span> <span class='ocrx_word' id='word_1_287' title='bbox 1181 2481 1447 2554; x_wconf 67' lang='grc' dir='ltr'>Ἰωάννην</span> <span class='ocrx_word' id='word_1_288' title='bbox 1497 2484 1595 2554; x_wconf 81' lang='grc' dir='ltr'><strong>μὲν</strong></span> <span class='ocrx_word' id='word_1_289' title='bbox 1648 2485 1740 2538; x_wconf 84' lang='grc' dir='ltr'><strong>τὸν</strong></span> <span class='ocrx_word' id='word_1_290' title='bbox 1789 2485 1984 2557; x_wconf 77' lang='grc' dir='ltr'>βίγλης</span> 
     </span>
    </p>
   </div>
   <div class='ocr_carea' id='block_1_42' title="bbox 396 2570 1988 2645">
    <p class='ocr_par' dir='ltr' id='par_1_42' title="bbox 396 2570 1988 2645">
     <span class='ocr_line' id='line_1_42' title="bbox 396 2570 1988 2645; baseline 0.006 -24"><span class='ocrx_word' id='word_1_291' title='bbox 396 2570 762 2641; x_wconf 79' lang='grc' dir='ltr'>δρουγγὰριον</span> <span class='ocrx_word' id='word_1_292' title='bbox 822 2570 1130 2637; x_wconf 81' lang='grc' dir='ltr'>διεδέξατο,</span> <span class='ocrx_word' id='word_1_293' title='bbox 1172 2575 1384 2645; x_wconf 86' lang='grc' dir='ltr'>Πάρδον</span> <span class='ocrx_word' id='word_1_294' title='bbox 1442 2575 1499 2628; x_wconf 80' lang='grc' dir='ltr'>δὲ</span> <span class='ocrx_word' id='word_1_295' title='bbox 1551 2578 1664 2631; x_wconf 82' lang='grc' dir='ltr'>υἱὸν</span> <span class='ocrx_word' id='word_1_296' title='bbox 1713 2578 1988 2632; x_wconf 82' lang='grc' dir='ltr'>Νικολάου</span> 
     </span>
    </p>
   </div>
   <div class='ocr_carea' id='block_1_43' title="bbox 395 2662 1988 2740">
    <p class='ocr_par' dir='ltr' id='par_1_43' title="bbox 395 2662 1988 2740">
     <span class='ocr_line' id='line_1_43' title="bbox 395 2662 1988 2740; baseline 0.006 -26"><span class='ocrx_word' id='word_1_297' title='bbox 395 2662 778 2733; x_wconf 74' lang='grc' dir='ltr'>ἑταιρειάρχου</span> <span class='ocrx_word' id='word_1_298' title='bbox 796 2665 914 2717; x_wconf 73' lang='grc' dir='ltr'>ἀντ’</span> <span class='ocrx_word' id='word_1_299' title='bbox 938 2664 1104 2718; x_wconf 86' lang='grc' dir='ltr'>αὑτοῦ</span> <span class='ocrx_word' id='word_1_300' title='bbox 1137 2668 1468 2735; x_wconf 74' lang='grc' dir='ltr'>προεϐάλετο</span> <span class='ocrx_word' id='word_1_301' title='bbox 1490 2686 1503 2700; x_wconf 81' lang='grc'><strong><em>⁸</em></strong></span> <span class='ocrx_word' id='word_1_302' title='bbox 1529 2671 1556 2721; x_wconf 85' lang='grc' dir='ltr'><strong>ό</strong></span> <span class='ocrx_word' id='word_1_303' title='bbox 1581 2672 1689 2740; x_wconf 69' lang='grc' dir='ltr'><strong>γὰρ</strong></span> <span class='ocrx_word' id='word_1_304' title='bbox 1720 2671 1988 2733; x_wconf 77' lang='grc' dir='ltr'>Νικόλαος</span> 
     </span>
    </p>
   </div>
   <div class='ocr_carea' id='block_1_44' title="bbox 388 2750 1987 2835">
    <p class='ocr_par' dir='ltr' id='par_1_44' title="bbox 388 2750 1987 2835">
     <span class='ocr_line' id='line_1_44' title="bbox 388 2750 1987 2835; baseline 0.008 -29"><span class='ocrx_word' id='word_1_305' title='bbox 388 2750 555 2816; x_wconf 73' lang='grc' dir='ltr'>οὗτος</span> <span class='ocrx_word' id='word_1_306' title='bbox 582 2755 735 2823; x_wconf 73' lang='grc' dir='ltr'>φίλος</span> <span class='ocrx_word' id='word_1_307' title='bbox 764 2752 834 2827; x_wconf 80' lang='grc' dir='ltr'>ἦν</span> <span class='ocrx_word' id='word_1_308' title='bbox 862 2757 944 2828; x_wconf 77' lang='grc' dir='ltr'>τῷ</span> <span class='ocrx_word' id='word_1_309' title='bbox 980 2757 1192 2826; x_wconf 80' lang='grc' dir='ltr'>βασιλεῖ</span> <span class='ocrx_word' id='word_1_310' title='bbox 1211 2760 1304 2812; x_wconf 75' lang='grc' dir='ltr'>καὶ</span> <span class='ocrx_word' id='word_1_311' title='bbox 1332 2762 1543 2827; x_wconf 80' lang='grc' dir='ltr'>πιστὸς,</span> <span class='ocrx_word' id='word_1_312' title='bbox 1583 2765 1675 2817; x_wconf 70' lang='grc' dir='ltr'>καὶ</span> <span class='ocrx_word' id='word_1_313' title='bbox 1701 2763 1876 2835; x_wconf 70' lang='grc' dir='ltr'>[περὶ]</span> <span class='ocrx_word' id='word_1_314' title='bbox 1917 2765 1987 2819; x_wconf 72' lang='grc' dir='ltr'><strong>τά</strong></span> 
     </span>
    </p>
   </div>
   <div class='ocr_carea' id='block_1_45' title="bbox 378 2846 1980 2926">
    <p class='ocr_par' dir='ltr' id='par_1_45' title="bbox 378 2846 1980 2926">
     <span class='ocr_line' id='line_1_45' title="bbox 378 2846 1980 2926; baseline 0.006 -27"><span class='ocrx_word' id='word_1_315' title='bbox 378 2846 685 2919; x_wconf 73' lang='grc' dir='ltr'>ἀπόρρητα</span> <span class='ocrx_word' id='word_1_316' title='bbox 714 2849 902 2901; x_wconf 78' lang='grc' dir='ltr'>πάντα</span> <span class='ocrx_word' id='word_1_317' title='bbox 933 2849 1026 2902; x_wconf 89' lang='grc' dir='ltr'><strong>τοῦ</strong></span> <span class='ocrx_word' id='word_1_318' title='bbox 1062 2848 1311 2916; x_wconf 79' lang='grc' dir='ltr'>Ζαούτζα</span> <span class='ocrx_word' id='word_1_319' title='bbox 1365 2853 1501 2921; x_wconf 82' lang='grc' dir='ltr'>δῆλα</span> <span class='ocrx_word' id='word_1_320' title='bbox 1537 2854 1714 2925; x_wconf 81' lang='grc' dir='ltr'>τούτῳ</span> <span class='ocrx_word' id='word_1_321' title='bbox 1752 2856 1980 2926; x_wconf 78' lang='grc' dir='ltr'>καθίστη</span> 
     </span>
    </p>
   </div>
   <div class='ocr_carea' id='block_1_46' title="bbox 378 2938 1980 3015">
    <p class='ocr_par' dir='ltr' id='par_1_46' title="bbox 378 2938 1980 3015">
     <span class='ocr_line' id='line_1_46' title="bbox 378 2938 1980 3015; baseline 0.008 -26"><span class='ocrx_word' id='word_1_322' title='bbox 378 2938 487 2991; x_wconf 72' lang='grc' dir='ltr'><strong>καὶ</strong></span> <span class='ocrx_word' id='word_1_323' title='bbox 526 2940 796 2995; x_wconf 71' lang='grc' dir='ltr'>ἔκπυστα.</span> <span class='ocrx_word' id='word_1_324' title='bbox 831 2942 1059 2996; x_wconf 85' lang='grc' dir='ltr'>Ἕκτοτε</span> <span class='ocrx_word' id='word_1_325' title='bbox 1090 2941 1184 2996; x_wconf 82' lang='grc' dir='ltr'>οὖν</span> <span class='ocrx_word' id='word_1_326' title='bbox 1219 2946 1249 2997; x_wconf 86' lang='grc' dir='ltr'><strong>ό</strong></span> <span class='ocrx_word' id='word_1_327' title='bbox 1276 2945 1531 3015; x_wconf 81' lang='grc' dir='ltr'>βασιλεὺς</span> <span class='ocrx_word' id='word_1_328' title='bbox 1566 2950 1647 3010; x_wconf 83' lang='grc' dir='ltr'>εἰς</span> <span class='ocrx_word' id='word_1_329' title='bbox 1666 2949 1726 3000; x_wconf 79' lang='grc' dir='ltr'><strong>τὸ</strong></span> <span class='ocrx_word' id='word_1_330' title='bbox 1755 2948 1850 3001; x_wconf 82' lang='grc' dir='ltr'><strong>τοῦ</strong></span> <span class='ocrx_word' id='word_1_331' title='bbox 1872 2951 1980 3002; x_wconf 86' lang='grc' dir='ltr'><strong>Ζα-</strong></span> 
     </span>
    </p>
   </div>
   <div class='ocr_carea' id='block_1_47' title="bbox 378 3030 1981 3113">
    <p class='ocr_par' dir='ltr' id='par_1_47' title="bbox 378 3030 1981 3113">
     <span class='ocr_line' id='line_1_47' title="bbox 378 3030 1981 3113; baseline 0.007 -30"><span class='ocrx_word' id='word_1_332' title='bbox 378 3030 556 3094; x_wconf 76' lang='grc' dir='ltr'>ούτζα</span> <span class='ocrx_word' id='word_1_333' title='bbox 576 3032 791 3086; x_wconf 81' lang='grc' dir='ltr'>κελλίον</span> <span class='ocrx_word' id='word_1_334' title='bbox 812 3034 917 3088; x_wconf 81' lang='grc' dir='ltr'><strong>οὐκ</strong></span> <span class='ocrx_word' id='word_1_335' title='bbox 947 3036 1323 3107; x_wconf 78' lang='grc' dir='ltr'>εὶσήρχετο,ει</span> <span class='ocrx_word' id='word_1_336' title='bbox 1345 3039 1420 3109; x_wconf 81' lang='grc' dir='ltr'>μὴ</span> <span class='ocrx_word' id='word_1_337' title='bbox 1448 3040 1601 3093; x_wconf 81' lang='grc' dir='ltr'>Λέων</span> <span class='ocrx_word' id='word_1_338' title='bbox 1626 3043 1653 3094; x_wconf 89' lang='grc' dir='ltr'>ὁ</span> <span class='ocrx_word' id='word_1_339' title='bbox 1675 3042 1981 3113; x_wconf 86' lang='grc' dir='ltr'>μάγιστρος</span> 
     </span>
    </p>
   </div>
   <div class='ocr_carea' id='block_1_48' title="bbox 380 3117 1979 3203">
    <p class='ocr_par' dir='ltr' id='par_1_48' title="bbox 380 3117 1979 3203">
     <span class='ocr_line' id='line_1_48' title="bbox 380 3117 1979 3203; baseline 0.006 -24"><span class='ocrx_word' id='word_1_340' title='bbox 380 3117 426 3193; x_wconf 74' lang='grc' dir='ltr'>ᾧ</span> <span class='ocrx_word' id='word_1_341' title='bbox 447 3124 797 3197; x_wconf 74' lang='grc' dir='ltr'>θεοδοτάκης</span> <span class='ocrx_word' id='word_1_342' title='bbox 816 3127 1366 3200; x_wconf 82' lang='grc' dir='ltr'>ὲπώνυμον,τούτους</span> <span class='ocrx_word' id='word_1_343' title='bbox 1384 3132 1637 3203; x_wconf 70' lang='grc' dir='ltr'>αλλήλοις</span> <span class='ocrx_word' id='word_1_344' title='bbox 1674 3133 1979 3203; x_wconf 76' lang='grc' dir='ltr'>διήλλαξεν.</span> 
     </span>
    </p>
   </div>
   <div class='ocr_carea' id='block_1_49' title="bbox 459 3218 2053 3296">
    <p class='ocr_par' dir='ltr' id='par_1_49' title="bbox 459 3218 2053 3296">
     <span class='ocr_line' id='line_1_49' title="bbox 459 3218 2053 3296; baseline 0.005 -24"><span class='ocrx_word' id='word_1_345' title='bbox 459 3218 548 3290; x_wconf 77' lang='grc' dir='ltr'>ιβ’.</span> <span class='ocrx_word' id='word_1_346' title='bbox 566 3220 815 3292; x_wconf 81' lang='grc' dir='ltr'>Τελευτᾷ</span> <span class='ocrx_word' id='word_1_347' title='bbox 828 3220 884 3273; x_wconf 81' lang='grc' dir='ltr'>δὲ</span> <span class='ocrx_word' id='word_1_348' title='bbox 899 3221 1189 3288; x_wconf 84' lang='grc' dir='ltr'>Αὑγοῦστα</span> <span class='ocrx_word' id='word_1_349' title='bbox 1214 3222 1473 3293; x_wconf 82' lang='grc' dir='ltr'>Θεοφανὼ</span> <span class='ocrx_word' id='word_1_350' title='bbox 1491 3225 1584 3296; x_wconf 72' lang='grc' dir='ltr'>ἔτη</span> <span class='ocrx_word' id='word_1_351' title='bbox 1610 3224 1981 3295; x_wconf 83' lang='grc' dir='ltr'>βασιλεύσασα</span> <span class='ocrx_word' id='word_1_352' title='bbox 2009 3230 2053 3288; x_wconf 87' lang='lat' dir='ltr'>C</span> 
     </span>
    </p>
   </div>
   <div class='ocr_carea' id='block_1_50' title="bbox 382 3312 1983 3391">
    <p class='ocr_par' dir='ltr' id='par_1_50' title="bbox 382 3312 1983 3391">
     <span class='ocr_line' id='line_1_50' title="bbox 382 3312 1983 3391; baseline 0.002 -23"><span class='ocrx_word' id='word_1_353' title='bbox 382 3312 617 3378; x_wconf 75' lang='grc' dir='ltr'>δώδεκα,</span> <span class='ocrx_word' id='word_1_354' title='bbox 648 3315 773 3385; x_wconf 76' lang='grc' dir='ltr'>ἣτις</span> <span class='ocrx_word' id='word_1_355' title='bbox 804 3314 899 3367; x_wconf 72' lang='grc' dir='ltr'><strong>καὶ</strong></span> <span class='ocrx_word' id='word_1_356' title='bbox 946 3313 1362 3386; x_wconf 85' lang='grc' dir='ltr'>θαυματουργδς</span> <span class='ocrx_word' id='word_1_357' title='bbox 1393 3318 1700 3388; x_wconf 79' lang='grc' dir='ltr'>ἀνεδείχθη,</span> <span class='ocrx_word' id='word_1_358' title='bbox 1733 3320 1983 3391; x_wconf 84' lang='grc' dir='ltr'>ἀνωτὲρα</span> 
     </span>
    </p>
   </div>
   <div class='ocr_carea' id='block_1_51' title="bbox 382 3404 1983 3482">
    <p class='ocr_par' dir='ltr' id='par_1_51' title="bbox 382 3404 1983 3482">
     <span class='ocr_line' id='line_1_51' title="bbox 382 3404 1983 3482; baseline 0.005 -26"><span class='ocrx_word' id='word_1_359' title='bbox 382 3404 483 3458; x_wconf 86' lang='grc' dir='ltr'><strong>τοῦ</strong></span> <span class='ocrx_word' id='word_1_360' title='bbox 516 3405 622 3474; x_wconf 75' lang='grc' dir='ltr'>τῆς</span> <span class='ocrx_word' id='word_1_361' title='bbox 650 3404 993 3475; x_wconf 79' lang='grc' dir='ltr'>ζηλοτυπίας</span> <span class='ocrx_word' id='word_1_362' title='bbox 1023 3406 1231 3470; x_wconf 82' lang='grc' dir='ltr'>πάθους</span> <span class='ocrx_word' id='word_1_363' title='bbox 1263 3411 1494 3477; x_wconf 79' lang='grc' dir='ltr'>φανεῖσα</span> <span class='ocrx_word' id='word_1_364' title='bbox 1527 3412 1618 3462; x_wconf 70' lang='grc' dir='ltr'><strong>καὶ</strong></span> <span class='ocrx_word' id='word_1_365' title='bbox 1661 3412 1854 3481; x_wconf 85' lang='grc' dir='ltr'>πράως</span> <span class='ocrx_word' id='word_1_366' title='bbox 1884 3412 1983 3482; x_wconf 84' lang='grc' dir='ltr'>τὴν</span> 
     </span>
    </p>
   </div>
   <div class='ocr_carea' id='block_1_52' title="bbox 389 3497 1985 3573">
    <p class='ocr_par' dir='ltr' id='par_1_52' title="bbox 389 3497 1985 3573">
     <span class='ocr_line' id='line_1_52' title="bbox 389 3497 1985 3573; baseline 0.005 -26"><span class='ocrx_word' id='word_1_367' title='bbox 389 3498 877 3567; x_wconf 72' lang='grc' dir='ltr'>παρευδοκίμησιν</span> <span class='ocrx_word' id='word_1_368' title='bbox 923 3497 1307 3566; x_wconf 84' lang='grc' dir='ltr'>ύπενεγκοῦσα</span> <span class='ocrx_word' id='word_1_369' title='bbox 1334 3500 1508 3570; x_wconf 82' lang='grc' dir='ltr'>Ζωῆς,</span> <span class='ocrx_word' id='word_1_370' title='bbox 1549 3503 1643 3553; x_wconf 74' lang='grc' dir='ltr'><strong>καὶ</strong></span> <span class='ocrx_word' id='word_1_371' title='bbox 1674 3504 1731 3554; x_wconf 81' lang='grc' dir='ltr'><strong>ἐν</strong></span> <span class='ocrx_word' id='word_1_372' title='bbox 1758 3502 1985 3573; x_wconf 79' lang='grc' dir='ltr'>ἐλεημο-</span> 
     </span>
    </p>
   </div>
   <div class='ocr_carea' id='block_1_53' title="bbox 396 3590 1979 3663">
    <p class='ocr_par' dir='ltr' id='par_1_53' title="bbox 396 3590 1979 3663">
     <span class='ocr_line' id='line_1_53' title="bbox 396 3590 1979 3663; baseline 0.005 -22"><span class='ocrx_word' id='word_1_373' title='bbox 396 3590 578 3654; x_wconf 77' lang='grc' dir='ltr'>σύναις</span> <span class='ocrx_word' id='word_1_374' title='bbox 611 3592 708 3643; x_wconf 81' lang='grc' dir='ltr'><strong>καὶ</strong></span> <span class='ocrx_word' id='word_1_375' title='bbox 740 3594 1078 3661; x_wconf 80' lang='grc' dir='ltr'>προσευχαῖς</span> <span class='ocrx_word' id='word_1_376' title='bbox 1109 3593 1202 3646; x_wconf 84' lang='grc' dir='ltr'><strong>τὸν</strong></span> <span class='ocrx_word' id='word_1_377' title='bbox 1242 3594 1461 3647; x_wconf 77' lang='grc' dir='ltr'>ἅπαντα</span> <span class='ocrx_word' id='word_1_378' title='bbox 1511 3593 1626 3663; x_wconf 84' lang='grc' dir='ltr'>βίον</span> <span class='ocrx_word' id='word_1_379' title='bbox 1658 3595 1979 3649; x_wconf 82' lang='grc' dir='ltr'>διανύσασα.</span> 
     </span>
    </p>
   </div>
   <div class='ocr_carea' id='block_1_54' title="bbox 460 3681 1982 3759">
    <p class='ocr_par' dir='ltr' id='par_1_54' title="bbox 460 3681 1982 3759">
     <span class='ocr_line' id='line_1_54' title="bbox 460 3681 1982 3759; baseline 0.003 -21"><span class='ocrx_word' id='word_1_380' title='bbox 460 3681 555 3752; x_wconf 84' lang='grc' dir='ltr'>ιγ’.</span> <span class='ocrx_word' id='word_1_381' title='bbox 623 3684 820 3753; x_wconf 75' lang='grc' dir='ltr'>Στέφει</span> <span class='ocrx_word' id='word_1_382' title='bbox 860 3686 1016 3738; x_wconf 82' lang='grc' dir='ltr'>Λέων</span> <span class='ocrx_word' id='word_1_383' title='bbox 1047 3686 1076 3738; x_wconf 87' lang='grc' dir='ltr'><strong>ό</strong></span> <span class='ocrx_word' id='word_1_384' title='bbox 1125 3684 1380 3755; x_wconf 79' lang='grc' dir='ltr'>βασιλεὺς</span> <span class='ocrx_word' id='word_1_385' title='bbox 1434 3687 1533 3756; x_wconf 82' lang='grc' dir='ltr'><strong>τὴν</strong></span> <span class='ocrx_word' id='word_1_386' title='bbox 1564 3688 1845 3759; x_wconf 74' lang='grc' dir='ltr'>θυγατέρα</span> <span class='ocrx_word' id='word_1_387' title='bbox 1887 3689 1982 3743; x_wconf 91' lang='grc' dir='ltr'><strong>τοῦ</strong></span> 
     </span>
    </p>
   </div>
   <div class='ocr_carea' id='block_1_55' title="bbox 393 3774 1982 3851">
    <p class='ocr_par' dir='ltr' id='par_1_55' title="bbox 393 3774 1982 3851">
     <span class='ocr_line' id='line_1_55' title="bbox 393 3774 1982 3851; baseline 0.002 -21"><span class='ocrx_word' id='word_1_388' title='bbox 393 3774 648 3840; x_wconf 72' lang='grc' dir='ltr'>Ζαούτζα</span> <span class='ocrx_word' id='word_1_389' title='bbox 666 3778 841 3848; x_wconf 81' lang='grc' dir='ltr'>Ζωὴν,</span> <span class='ocrx_word' id='word_1_390' title='bbox 867 3778 965 3832; x_wconf 75' lang='grc' dir='ltr'><strong>καὶ</strong></span> <span class='ocrx_word' id='word_1_391' title='bbox 981 3778 1286 3846; x_wconf 82' lang='grc' dir='ltr'>εὐλογεῖται</span> <span class='ocrx_word' id='word_1_392' title='bbox 1309 3779 1458 3850; x_wconf 81' lang='grc' dir='ltr'>παρὰ</span> <span class='ocrx_word' id='word_1_393' title='bbox 1481 3780 1576 3833; x_wconf 87' lang='grc' dir='ltr'><strong>τοῦ</strong></span> <span class='ocrx_word' id='word_1_394' title='bbox 1604 3780 1869 3851; x_wconf 87' lang='grc' dir='ltr'>κληρικοῦ</span> <span class='ocrx_word' id='word_1_395' title='bbox 1887 3781 1982 3833; x_wconf 83' lang='grc' dir='ltr'><strong>τοῦ</strong></span> 
     </span>
    </p>
   </div>
   <div class='ocr_carea' id='block_1_56' title="bbox 405 3863 1985 3942">
    <p class='ocr_par' dir='ltr' id='par_1_56' title="bbox 405 3863 1985 3942">
     <span class='ocr_line' id='line_1_56' title="bbox 405 3863 1985 3942; baseline 0.004 -24"><span class='ocrx_word' id='word_1_396' title='bbox 405 3869 696 3930; x_wconf 53' lang='lat' dir='ltr'><strong>aula-ttae,</strong></span> <span class='ocrx_word' id='word_1_397' title='bbox 715 3863 757 3936; x_wconf 73' lang='grc' dir='ltr'><strong>ᾧ</strong></span> <span class='ocrx_word' id='word_1_398' title='bbox 780 3870 1011 3941; x_wconf 71' lang='grc' dir='ltr'>ἐπίκλην</span> <span class='ocrx_word' id='word_1_399' title='bbox 1034 3871 1296 3942; x_wconf 79' lang='grc' dir='ltr'>Σινάπης.</span> <span class='ocrx_word' id='word_1_400' title='bbox 1343 3872 1401 3925; x_wconf 91' lang='grc' dir='ltr'>Ὁ</span> <span class='ocrx_word' id='word_1_401' title='bbox 1429 3872 1528 3942; x_wconf 84' lang='grc' dir='ltr'><strong>μὲν</strong></span> <span class='ocrx_word' id='word_1_402' title='bbox 1555 3872 1649 3927; x_wconf 83' lang='grc' dir='ltr'><strong>οὖν</strong></span> <span class='ocrx_word' id='word_1_403' title='bbox 1681 3873 1985 3942; x_wconf 77' lang='grc' dir='ltr'>εὐλογήσας</span> 
     </span>
    </p>
   </div>
   <div class='ocr_carea' id='block_1_57' title="bbox 415 3958 1983 4033">
    <p class='ocr_par' dir='ltr' id='par_1_57' title="bbox 415 3958 1983 4033">
     <span class='ocr_line' id='line_1_57' title="bbox 415 3958 1983 4033; baseline 0.004 -24"><span class='ocrx_word' id='word_1_404' title='bbox 415 3958 721 4028; x_wconf 73' lang='grc' dir='ltr'>καθῃρέθη,</span> <span class='ocrx_word' id='word_1_405' title='bbox 748 3962 781 4030; x_wconf 77' lang='grc' dir='ltr'><strong>ἡ</strong></span> <span class='ocrx_word' id='word_1_406' title='bbox 802 3961 854 4014; x_wconf 65' lang='grc' dir='ltr'>δὲ</span> <span class='ocrx_word' id='word_1_407' title='bbox 879 3962 997 4025; x_wconf 71' lang='grc' dir='ltr'>ἔτος</span> <span class='ocrx_word' id='word_1_408' title='bbox 1020 3963 1081 4016; x_wconf 80' lang='grc' dir='ltr'>ἓν</span> <span class='ocrx_word' id='word_1_409' title='bbox 1112 3964 1205 4016; x_wconf 78' lang='grc' dir='ltr'>καὶ</span> <span class='ocrx_word' id='word_1_410' title='bbox 1236 3964 1412 4033; x_wconf 85' lang='grc' dir='ltr'>μῆνας</span> <span class='ocrx_word' id='word_1_411' title='bbox 1438 3962 1583 4016; x_wconf 80' lang='grc' dir='ltr'>ὀκτὼ</span> <span class='ocrx_word' id='word_1_412' title='bbox 1618 3963 1983 4033; x_wconf 78' lang='grc' dir='ltr'>βασιλεύσασα</span> 
     </span>
    </p>
   </div>
   <div class='ocr_carea' id='block_1_58' title="bbox 407 4047 1983 4125">
    <p class='ocr_par' dir='ltr' id='par_1_58' title="bbox 407 4047 1983 4125">
     <span class='ocr_line' id='line_1_58' title="bbox 407 4047 1983 4125; baseline 0.006 -26"><span class='ocrx_word' id='word_1_413' title='bbox 407 4048 783 4117; x_wconf 80' lang='grc' dir='ltr'>ἐτελεύτησεν.</span> <span class='ocrx_word' id='word_1_414' title='bbox 813 4052 1065 4124; x_wconf 78' lang='grc' dir='ltr'>Λάρνακα</span> <span class='ocrx_word' id='word_1_415' title='bbox 1090 4054 1155 4125; x_wconf 83' lang='grc' dir='ltr'><strong>δὴ</strong></span> <span class='ocrx_word' id='word_1_416' title='bbox 1189 4055 1421 4125; x_wconf 76' lang='grc' dir='ltr'>ἐφεῦρον</span> <span class='ocrx_word' id='word_1_417' title='bbox 1442 4054 1528 4124; x_wconf 78' lang='grc' dir='ltr'><strong>ἐφ’</strong></span> <span class='ocrx_word' id='word_1_418' title='bbox 1562 4047 1607 4121; x_wconf 84' lang='grc' dir='ltr'>ᾧ</span> <span class='ocrx_word' id='word_1_419' title='bbox 1645 4054 1983 4124; x_wconf 82' lang='grc' dir='ltr'>ἀποτεθῆναι</span> 
     </span>
    </p>
   </div>
   <div class='ocr_carea' id='block_1_59' title="bbox 401 4143 1984 4220">
    <p class='ocr_par' dir='ltr' id='par_1_59' title="bbox 401 4143 1984 4220">
     <span class='ocr_line' id='line_1_59' title="bbox 401 4143 1984 4220; baseline 0.005 -25"><span class='ocrx_word' id='word_1_420' title='bbox 401 4144 463 4195; x_wconf 76' lang='grc' dir='ltr'>τὸ</span> <span class='ocrx_word' id='word_1_421' title='bbox 490 4143 657 4213; x_wconf 80' lang='grc' dir='ltr'>σῶμα</span> <span class='ocrx_word' id='word_1_422' title='bbox 678 4144 840 4214; x_wconf 73' lang='grc' dir='ltr'>αὐτῆς</span> <span class='ocrx_word' id='word_1_423' title='bbox 861 4150 916 4199; x_wconf 78' lang='grc' dir='ltr'><strong>ἐν</strong></span> <span class='ocrx_word' id='word_1_424' title='bbox 954 4148 1091 4219; x_wconf 81' lang='grc' dir='ltr'>αὐτῇ</span> <span class='ocrx_word' id='word_1_425' title='bbox 1114 4189 1129 4212; x_wconf 90' lang='grc'><strong>,</strong></span> <span class='ocrx_word' id='word_1_426' title='bbox 1169 4146 1254 4220; x_wconf 83' lang='grc' dir='ltr'><strong>[Ρ.</strong></span> <span class='ocrx_word' id='word_1_427' title='bbox 1288 4148 1418 4219; x_wconf 65' lang='lat' dir='ltr'><strong>Q25]</strong></span> <span class='ocrx_word' id='word_1_428' title='bbox 1454 4149 1575 4220; x_wconf 76' lang='grc' dir='ltr'>ἥτις</span> <span class='ocrx_word' id='word_1_429' title='bbox 1597 4147 1809 4202; x_wconf 85' lang='grc' dir='ltr'>τοιάνδε</span> <span class='ocrx_word' id='word_1_430' title='bbox 1837 4145 1984 4218; x_wconf 77' lang='grc' dir='ltr'>εἶχεν</span> 
     </span>
    </p>
   </div>
   <div class='ocr_carea' id='block_1_60' title="bbox 392 4237 1980 4313">
    <p class='ocr_par' dir='ltr' id='par_1_60' title="bbox 392 4237 1980 4313">
     <span class='ocr_line' id='line_1_60' title="bbox 392 4237 1980 4313; baseline 0.005 -26"><span class='ocrx_word' id='word_1_431' title='bbox 392 4237 877 4310; x_wconf 76' lang='grc' dir='ltr'>ἐγκεκολαμμένην</span> <span class='ocrx_word' id='word_1_432' title='bbox 919 4241 1140 4313; x_wconf 80' lang='grc' dir='ltr'>γραφήν</span> <span class='ocrx_word' id='word_1_433' title='bbox 1166 4256 1183 4274; x_wconf 78' lang='grc' dir='ltr'><strong><em>ο</em></strong></span> <span class='ocrx_word' id='word_1_434' title='bbox 1216 4241 1492 4310; x_wconf 78' lang='grc' dir='ltr'>Θυγάτηρ</span> <span class='ocrx_word' id='word_1_435' title='bbox 1535 4239 1898 4308; x_wconf 81' lang='grc' dir='ltr'>Βαϐυλῶνος</span> <span class='ocrx_word' id='word_1_436' title='bbox 1941 4241 1980 4307; x_wconf 77' lang='grc' dir='ltr'><strong>ἡ</strong></span> 
     </span>
    </p>
   </div>
   <div class='ocr_carea' id='block_1_61' title="bbox 392 4333 1119 4400">
    <p class='ocr_par' dir='ltr' id='par_1_61' title="bbox 392 4333 1119 4400">
     <span class='ocr_line' id='line_1_61' title="bbox 392 4333 1119 4400; baseline 0.006 -17"><span class='ocrx_word' id='word_1_437' title='bbox 392 4333 787 4400; x_wconf 63' lang='grc' dir='ltr'>ταλαίπωρος.</span> <span class='ocrx_word' id='word_1_438' title='bbox 1114 4346 1119 4353; x_wconf 85' lang='lat'><strong><em>&#39;</em></strong></span> 
     </span>
    </p>
   </div>
   <div class='ocr_carea' id='block_1_62' title="bbox 462 4423 1983 4497">
    <p class='ocr_par' dir='ltr' id='par_1_62' title="bbox 462 4423 1983 4497">
     <span class='ocr_line' id='line_1_62' title="bbox 462 4423 1983 4497; baseline 0.004 -21"><span class='ocrx_word' id='word_1_439' title='bbox 462 4423 547 4477; x_wconf 83' lang='grc' dir='ltr'>ιδ’.</span> <span class='ocrx_word' id='word_1_440' title='bbox 600 4425 977 4497; x_wconf 62' lang='grc' dir='ltr'>,διεϐλήθησαν</span> <span class='ocrx_word' id='word_1_441' title='bbox 1030 4426 1087 4479; x_wconf 77' lang='grc' dir='ltr'>δὲ</span> <span class='ocrx_word' id='word_1_442' title='bbox 1146 4425 1227 4497; x_wconf 80' lang='grc' dir='ltr'>τῷ</span> <span class='ocrx_word' id='word_1_443' title='bbox 1290 4425 1501 4496; x_wconf 84' lang='grc' dir='ltr'>βασιλεῖ</span> <span class='ocrx_word' id='word_1_444' title='bbox 1550 4427 1827 4491; x_wconf 85' lang='grc' dir='ltr'>Μουσικὸς</span> <span class='ocrx_word' id='word_1_445' title='bbox 1888 4428 1983 4482; x_wconf 81' lang='grc' dir='ltr'><strong>καὶ</strong></span> 
     </span>
    </p>
   </div>
   <div class='ocr_carea' id='block_1_63' title="bbox 395 4516 1984 4589">
    <p class='ocr_par' dir='ltr' id='par_1_63' title="bbox 395 4516 1984 4589">
     <span class='ocr_line' id='line_1_63' title="bbox 395 4516 1984 4589; baseline 0.002 -21"><span class='ocrx_word' id='word_1_446' title='bbox 395 4516 752 4583; x_wconf 45' lang='grc' dir='ltr'>Σταυράκπ,</span> <span class='ocrx_word' id='word_1_447' title='bbox 780 4517 857 4580; x_wconf 85' lang='grc' dir='ltr'>ὡς</span> <span class='ocrx_word' id='word_1_448' title='bbox 888 4516 1043 4588; x_wconf 81' lang='grc' dir='ltr'>παρὰ</span> <span class='ocrx_word' id='word_1_449' title='bbox 1074 4517 1185 4571; x_wconf 83' lang='grc' dir='ltr'><strong>τῶν</strong></span> <span class='ocrx_word' id='word_1_450' title='bbox 1218 4517 1545 4589; x_wconf 83' lang='grc' dir='ltr'>στρατηγῶν</span> <span class='ocrx_word' id='word_1_451' title='bbox 1573 4518 1726 4587; x_wconf 84' lang='grc' dir='ltr'>δῶρα</span> <span class='ocrx_word' id='word_1_452' title='bbox 1771 4518 1984 4589; x_wconf 76' lang='grc' dir='ltr'>λαμϐά-</span> 
     </span>
    </p>
   </div>
   <div class='ocr_carea' id='block_1_64' title="bbox 392 4608 1980 4681">
    <p class='ocr_par' dir='ltr' id='par_1_64' title="bbox 392 4608 1980 4681">
     <span class='ocr_line' id='line_1_64' title="bbox 392 4608 1980 4681; baseline 0.004 -22"><span class='ocrx_word' id='word_1_453' title='bbox 392 4622 591 4673; x_wconf 77' lang='grc' dir='ltr'>νοντες,</span> <span class='ocrx_word' id='word_1_454' title='bbox 626 4608 768 4662; x_wconf 73' lang='grc' dir='ltr'>ἀλλὰ</span> <span class='ocrx_word' id='word_1_455' title='bbox 812 4610 908 4662; x_wconf 78' lang='grc' dir='ltr'><strong>καὶ</strong></span> <span class='ocrx_word' id='word_1_456' title='bbox 943 4610 1094 4681; x_wconf 76' lang='grc' dir='ltr'>παρὰ</span> <span class='ocrx_word' id='word_1_457' title='bbox 1122 4610 1233 4664; x_wconf 83' lang='grc' dir='ltr'><strong>τῶν</strong></span> <span class='ocrx_word' id='word_1_458' title='bbox 1280 4611 1583 4681; x_wconf 88' lang='grc' dir='ltr'>ἀρχόντων,</span> <span class='ocrx_word' id='word_1_459' title='bbox 1633 4610 1980 4680; x_wconf 86' lang='grc' dir='ltr'>μεσιτεύουσι</span> 
     </span>
    </p>
   </div>
   <div class='ocr_carea' id='block_1_65' title="bbox 383 4700 1978 4774">
    <p class='ocr_par' dir='ltr' id='par_1_65' title="bbox 383 4700 1978 4774">
     <span class='ocr_line' id='line_1_65' title="bbox 383 4700 1978 4774; baseline 0.002 -21"><span class='ocrx_word' id='word_1_460' title='bbox 383 4700 595 4764; x_wconf 78' lang='grc' dir='ltr'>τούτοις</span> <span class='ocrx_word' id='word_1_461' title='bbox 630 4701 710 4772; x_wconf 82' lang='grc' dir='ltr'>τῷ</span> <span class='ocrx_word' id='word_1_462' title='bbox 744 4700 1186 4773; x_wconf 81' lang='grc' dir='ltr'>βασιλεοπάτορι.</span> <span class='ocrx_word' id='word_1_463' title='bbox 1210 4702 1318 4757; x_wconf 76' lang='grc' dir='ltr'><strong>Καὶ</strong></span> <span class='ocrx_word' id='word_1_464' title='bbox 1349 4720 1481 4756; x_wconf 84' lang='grc' dir='ltr'>ποτε</span> <span class='ocrx_word' id='word_1_465' title='bbox 1512 4701 1606 4756; x_wconf 90' lang='grc' dir='ltr'><strong>τοῦ</strong></span> <span class='ocrx_word' id='word_1_466' title='bbox 1632 4704 1978 4774; x_wconf 81' lang='grc' dir='ltr'>Σταυρακίου</span> 
     </span>
    </p>
   </div>
   <div class='ocr_carea' id='block_1_66' title="bbox 379 4794 1979 4866">
    <p class='ocr_par' dir='ltr' id='par_1_66' title="bbox 379 4794 1979 4866">
     <span class='ocr_line' id='line_1_66' title="bbox 379 4794 1979 4866; baseline 0.003 -21"><span class='ocrx_word' id='word_1_467' title='bbox 379 4794 523 4863; x_wconf 73' lang='grc' dir='ltr'>μετὰ</span> <span class='ocrx_word' id='word_1_468' title='bbox 549 4794 906 4863; x_wconf 80' lang='grc' dir='ltr'>γραμμάτων</span> <span class='ocrx_word' id='word_1_469' title='bbox 940 4795 1093 4853; x_wconf 80' lang='grc' dir='ltr'>τινὸς</span> <span class='ocrx_word' id='word_1_470' title='bbox 1114 4796 1225 4848; x_wconf 86' lang='grc' dir='ltr'><strong>τῶν</strong></span> <span class='ocrx_word' id='word_1_471' title='bbox 1258 4795 1583 4866; x_wconf 83' lang='grc' dir='ltr'>στρατηγῶν</span> <span class='ocrx_word' id='word_1_472' title='bbox 1627 4797 1709 4859; x_wconf 70' lang='grc' dir='ltr'>εἰς</span> <span class='ocrx_word' id='word_1_473' title='bbox 1740 4796 1835 4849; x_wconf 84' lang='grc' dir='ltr'><strong>τὸν</strong></span> <span class='ocrx_word' id='word_1_474' title='bbox 1877 4795 1979 4865; x_wconf 84' lang='grc' dir='ltr'><strong>βα-</strong></span> 
     </span>
    </p>
   </div>
   <div class='ocr_carea' id='block_1_67' title="bbox 380 4884 1980 4959">
    <p class='ocr_par' dir='ltr' id='par_1_67' title="bbox 380 4884 1980 4959">
     <span class='ocr_line' id='line_1_67' title="bbox 380 4884 1980 4959; baseline 0.001 -20"><span class='ocrx_word' id='word_1_475' title='bbox 380 4887 754 4955; x_wconf 72' lang='grc' dir='ltr'>σιλεοπάτορα</span> <span class='ocrx_word' id='word_1_476' title='bbox 784 4887 1218 4957; x_wconf 80' lang='grc' dir='ltr'>εἰσεληλυθότος,</span> <span class='ocrx_word' id='word_1_477' title='bbox 1252 4888 1328 4952; x_wconf 86' lang='grc' dir='ltr'>ὡς</span> <span class='ocrx_word' id='word_1_478' title='bbox 1369 4884 1511 4941; x_wconf 79' lang='grc' dir='ltr'>εἶδεν</span> <span class='ocrx_word' id='word_1_479' title='bbox 1539 4890 1705 4943; x_wconf 84' lang='grc' dir='ltr'>αὑτὸν</span> <span class='ocrx_word' id='word_1_480' title='bbox 1741 4889 1770 4940; x_wconf 88' lang='grc' dir='ltr'><strong>ὁ</strong></span> <span class='ocrx_word' id='word_1_481' title='bbox 1822 4887 1980 4959; x_wconf 86' lang='grc' dir='ltr'>βασι-</span> 
     </span>
    </p>
   </div>
   <div class='ocr_carea' id='block_1_68' title="bbox 380 4978 1982 5052">
    <p class='ocr_par' dir='ltr' id='par_1_68' title="bbox 380 4978 1982 5052">
     <span class='ocr_line' id='line_1_68' title="bbox 380 4978 1982 5052; baseline 0 -17"><span class='ocrx_word' id='word_1_482' title='bbox 380 4982 507 5044; x_wconf 76' lang='grc' dir='ltr'>λεὺς</span> <span class='ocrx_word' id='word_1_483' title='bbox 531 4982 594 5032; x_wconf 84' lang='grc' dir='ltr'>ὲν</span> <span class='ocrx_word' id='word_1_484' title='bbox 615 4978 698 5049; x_wconf 83' lang='grc' dir='ltr'>τῷ</span> <span class='ocrx_word' id='word_1_485' title='bbox 732 4980 942 5051; x_wconf 50' lang='lat' dir='ltr'><strong>eum;</strong></span> <span class='ocrx_word' id='word_1_486' title='bbox 972 4981 1247 5050; x_wconf 76' lang='grc' dir='ltr'>ἑστηκὼς,</span> <span class='ocrx_word' id='word_1_487' title='bbox 1281 4981 1514 5036; x_wconf 87' lang='grc' dir='ltr'>κατόπιν</span> <span class='ocrx_word' id='word_1_488' title='bbox 1535 4981 1701 5036; x_wconf 77' lang='grc' dir='ltr'>αὐτοῦ</span> <span class='ocrx_word' id='word_1_489' title='bbox 1732 4981 1982 5052; x_wconf 72' lang='grc' dir='ltr'>εἰσῆλθεν</span> 
     </span>
    </p>
   </div>
   <div class='ocr_carea' id='block_1_69' title="bbox 382 5072 1977 5145">
    <p class='ocr_par' dir='ltr' id='par_1_69' title="bbox 382 5072 1977 5145">
     <span class='ocr_line' id='line_1_69' title="bbox 382 5072 1977 5145; baseline 0.001 -19"><span class='ocrx_word' id='word_1_490' title='bbox 382 5075 475 5126; x_wconf 74' lang='grc' dir='ltr'>καὶ</span> <span class='ocrx_word' id='word_1_491' title='bbox 500 5072 603 5125; x_wconf 85' lang='grc' dir='ltr'><strong>τοῦ</strong></span> <span class='ocrx_word' id='word_1_492' title='bbox 633 5073 883 5135; x_wconf 82' lang='grc' dir='ltr'>τένοντος</span> <span class='ocrx_word' id='word_1_493' title='bbox 916 5073 1084 5126; x_wconf 75' lang='grc' dir='ltr'>αὐτὸν</span> <span class='ocrx_word' id='word_1_494' title='bbox 1108 5073 1409 5144; x_wconf 78' lang='grc' dir='ltr'>λαϐόμενος</span> <span class='ocrx_word' id='word_1_495' title='bbox 1427 5074 1535 5140; x_wconf 75' lang='grc' dir='ltr'><strong>ἔξω</strong></span> <span class='ocrx_word' id='word_1_496' title='bbox 1578 5074 1852 5145; x_wconf 73' lang='grc' dir='ltr'>ἐξήγαγεν</span> <span class='ocrx_word' id='word_1_497' title='bbox 1898 5075 1977 5137; x_wconf 81' lang='grc' dir='ltr'>ὡς</span> 
     </span>
    </p>
   </div>
   <div class='ocr_carea' id='block_1_70' title="bbox 375 5166 1977 5245">
    <p class='ocr_par' dir='ltr' id='par_1_70' title="bbox 375 5166 1977 5245">
     <span class='ocr_line' id='line_1_70' title="bbox 375 5166 1977 5245; baseline 0.001 -26"><span class='ocrx_word' id='word_1_498' title='bbox 375 5167 548 5236; x_wconf 55' lang='lat' dir='ltr'><strong>ait!”</strong></span> <span class='ocrx_word' id='word_1_499' title='bbox 599 5166 735 5236; x_wconf 77' lang='grc' dir='ltr'>περὶ</span> <span class='ocrx_word' id='word_1_500' title='bbox 778 5166 889 5221; x_wconf 86' lang='grc' dir='ltr'>τῶν</span> <span class='ocrx_word' id='word_1_501' title='bbox 941 5166 1269 5238; x_wconf 83' lang='grc' dir='ltr'>στρατηγῶν</span> <span class='ocrx_word' id='word_1_502' title='bbox 1307 5169 1627 5245; x_wconf 73' lang='grc' dir='ltr'>ἐρωτήσων,</span> <span class='ocrx_word' id='word_1_503' title='bbox 1658 5168 1754 5222; x_wconf 71' lang='lat' dir='ltr'><strong>acui.</strong></span> <span class='ocrx_word' id='word_1_504' title='bbox 1806 5169 1888 5231; x_wconf 76' lang='grc' dir='ltr'><strong>εἰς</strong></span> <span class='ocrx_word' id='word_1_505' title='bbox 1915 5168 1977 5221; x_wconf 73' lang='grc' dir='ltr'>τὸ</span> 
     </span>
    </p>
   </div>
   <div class='ocr_carea' id='block_1_71' title="bbox 376 5256 1976 5330">
    <p class='ocr_par' dir='ltr' id='par_1_71' title="bbox 376 5256 1976 5330">
     <span class='ocr_line' id='line_1_71' title="bbox 376 5256 1976 5330; baseline -0.001 -18"><span class='ocrx_word' id='word_1_506' title='bbox 376 5258 703 5328; x_wconf 77' lang='grc' dir='ltr'>Μονόθυρον</span> <span class='ocrx_word' id='word_1_507' title='bbox 741 5256 969 5327; x_wconf 86' lang='grc' dir='ltr'>ἀγαγὼν</span> <span class='ocrx_word' id='word_1_508' title='bbox 1022 5258 1118 5312; x_wconf 70' lang='grc' dir='ltr'>καὶ</span> <span class='ocrx_word' id='word_1_509' title='bbox 1162 5257 1235 5311; x_wconf 81' lang='grc' dir='ltr'>τὰ</span> <span class='ocrx_word' id='word_1_510' title='bbox 1267 5258 1578 5329; x_wconf 86' lang='grc' dir='ltr'>γράμματα</span> <span class='ocrx_word' id='word_1_511' title='bbox 1617 5257 1822 5330; x_wconf 76' lang='grc' dir='ltr'>ἐξάρας</span> <span class='ocrx_word' id='word_1_512' title='bbox 1866 5260 1976 5312; x_wconf 86' lang='grc' dir='ltr'><strong>ἀπ-</strong></span> 
     </span>
    </p>
   </div>
   <div class='ocr_carea' id='block_1_72' title="bbox 376 5348 1973 5422">
    <p class='ocr_par' dir='ltr' id='par_1_72' title="bbox 376 5348 1973 5422">
     <span class='ocr_line' id='line_1_72' title="bbox 376 5348 1973 5422; baseline 0.001 -18"><span class='ocrx_word' id='word_1_513' title='bbox 376 5352 746 5422; x_wconf 72' lang='grc' dir='ltr'>εσφενδόνησε</span> <span class='ocrx_word' id='word_1_514' title='bbox 768 5351 959 5404; x_wconf 87' lang='grc' dir='ltr'>τοῦτον</span> <span class='ocrx_word' id='word_1_515' title='bbox 985 5352 1082 5404; x_wconf 73' lang='grc' dir='ltr'><strong>καὶ</strong></span> <span class='ocrx_word' id='word_1_516' title='bbox 1098 5352 1209 5411; x_wconf 82' lang='grc' dir='ltr'>τοῖς</span> <span class='ocrx_word' id='word_1_517' title='bbox 1238 5349 1636 5421; x_wconf 82' lang='grc' dir='ltr'>προστυχοῦσιν</span> <span class='ocrx_word' id='word_1_518' title='bbox 1652 5350 1855 5405; x_wconf 79' lang='grc' dir='ltr'>ἔδωκεν</span> <span class='ocrx_word' id='word_1_519' title='bbox 1881 5348 1973 5405; x_wconf 90' lang='grc' dir='ltr'><strong>τοῦ</strong></span> 
     </span>
    </p>
   </div>
   <div class='ocr_carea' id='block_1_73' title="bbox 376 5443 1975 5515">
    <p class='ocr_par' dir='ltr' id='par_1_73' title="bbox 376 5443 1975 5515">
     <span class='ocr_line' id='line_1_73' title="bbox 376 5443 1975 5515; baseline 0.001 -19"><span class='ocrx_word' id='word_1_520' title='bbox 376 5444 656 5497; x_wconf 80' lang='grc' dir='ltr'>παλατίου</span> <span class='ocrx_word' id='word_1_521' title='bbox 689 5443 986 5513; x_wconf 76' lang='grc' dir='ltr'>ἐξαγαγεῖν</span> <span class='ocrx_word' id='word_1_522' title='bbox 1010 5444 1104 5497; x_wconf 78' lang='grc' dir='ltr'><strong>καὶ</strong></span> <span class='ocrx_word' id='word_1_523' title='bbox 1133 5444 1365 5515; x_wconf 80' lang='grc' dir='ltr'>μοναχὸν</span> <span class='ocrx_word' id='word_1_524' title='bbox 1397 5444 1716 5514; x_wconf 86' lang='grc' dir='ltr'>ἀποκεῖραι.</span> <span class='ocrx_word' id='word_1_525' title='bbox 1767 5443 1975 5498; x_wconf 86' lang='grc' dir='ltr'>Μαθὼν</span> 
     </span>
    </p>
   </div>
   <div class='ocr_carea' id='block_1_74' title="bbox 375 5536 1978 5605">
    <p class='ocr_par' dir='ltr' id='par_1_74' title="bbox 375 5536 1978 5605">
     <span class='ocr_line' id='line_1_74' title="bbox 375 5536 1978 5605; baseline 0.001 -17"><span class='ocrx_word' id='word_1_526' title='bbox 375 5537 433 5589; x_wconf 76' lang='grc' dir='ltr'>δὲ</span> <span class='ocrx_word' id='word_1_527' title='bbox 472 5536 634 5590; x_wconf 82' lang='grc' dir='ltr'>τοῦτο</span> <span class='ocrx_word' id='word_1_528' title='bbox 665 5538 692 5592; x_wconf 82' lang='grc' dir='ltr'><strong>ό</strong></span> <span class='ocrx_word' id='word_1_529' title='bbox 727 5537 1004 5600; x_wconf 80' lang='grc' dir='ltr'>Μουσικδς</span> <span class='ocrx_word' id='word_1_530' title='bbox 1040 5538 1100 5590; x_wconf 80' lang='grc' dir='ltr'>ὲν</span> <span class='ocrx_word' id='word_1_531' title='bbox 1124 5536 1438 5603; x_wconf 76' lang='grc' dir='ltr'>ἀπογνώσει</span> <span class='ocrx_word' id='word_1_532' title='bbox 1493 5538 1739 5605; x_wconf 86' lang='grc' dir='ltr'>γέγονεν.</span> <span class='ocrx_word' id='word_1_533' title='bbox 1796 5538 1978 5591; x_wconf 75' lang='grc' dir='ltr'>Εἰσελ-</span> 
     </span>
    </p>
   </div>
   <div class='ocr_carea' id='block_1_75' title="bbox 380 5628 1977 5701">
    <p class='ocr_par' dir='ltr' id='par_1_75' title="bbox 380 5628 1977 5701">
     <span class='ocr_line' id='line_1_75' title="bbox 380 5628 1977 5701; baseline 0.001 -22"><span class='ocrx_word' id='word_1_534' title='bbox 380 5628 491 5681; x_wconf 79' lang='grc' dir='ltr'><strong>θὼν</strong></span> <span class='ocrx_word' id='word_1_535' title='bbox 515 5629 574 5682; x_wconf 80' lang='grc' dir='ltr'>δὲ</span> <span class='ocrx_word' id='word_1_536' title='bbox 616 5631 645 5682; x_wconf 86' lang='grc' dir='ltr'>ὁ</span> <span class='ocrx_word' id='word_1_537' title='bbox 676 5630 938 5701; x_wconf 74' lang='grc' dir='ltr'>βασιλεὺς</span> <span class='ocrx_word' id='word_1_538' title='bbox 975 5628 1107 5682; x_wconf 73' lang='grc' dir='ltr'>ἔνθα</span> <span class='ocrx_word' id='word_1_539' title='bbox 1137 5630 1165 5681; x_wconf 88' lang='grc' dir='ltr'>ὁ</span> <span class='ocrx_word' id='word_1_540' title='bbox 1214 5628 1492 5694; x_wconf 65' lang='lat' dir='ltr'><strong>Mouetng</strong></span> <span class='ocrx_word' id='word_1_541' title='bbox 1541 5629 1849 5698; x_wconf 78' lang='grc' dir='ltr'>παρίστατο</span> <span class='ocrx_word' id='word_1_542' title='bbox 1897 5628 1977 5698; x_wconf 80' lang='grc' dir='ltr'><strong>τῷ</strong></span> 
     </span>
    </p>
   </div>
   <div class='ocr_carea' id='block_1_76' title="bbox 382 5719 1981 5793">
    <p class='ocr_par' dir='ltr' id='par_1_76' title="bbox 382 5719 1981 5793">
     <span class='ocr_line' id='line_1_76' title="bbox 382 5719 1981 5793; baseline 0.009 -18"><span class='ocrx_word' id='word_1_543' title='bbox 382 5722 654 5793; x_wconf 75' lang='grc' dir='ltr'>Ζαούτζᾳ,</span> <span class='ocrx_word' id='word_1_544' title='bbox 690 5723 884 5777; x_wconf 87' lang='grc' dir='ltr'>τοῦτον</span> <span class='ocrx_word' id='word_1_545' title='bbox 905 5720 1062 5790; x_wconf 71' lang='grc' dir='ltr'>παρὰ</span> <span class='ocrx_word' id='word_1_546' title='bbox 1100 5720 1195 5774; x_wconf 78' lang='grc' dir='ltr'>τὸν</span> <span class='ocrx_word' id='word_1_547' title='bbox 1218 5720 1489 5791; x_wconf 80' lang='grc' dir='ltr'>τράχηλον</span> <span class='ocrx_word' id='word_1_548' title='bbox 1517 5719 1739 5791; x_wconf 79' lang='grc' dir='ltr'>ὡθήσας</span> <span class='ocrx_word' id='word_1_549' title='bbox 1780 5722 1981 5791; x_wconf 67' lang='grc' dir='ltr'>ἐξήγασ</span> 
     </span>
    </p>
   </div>
   <div class='ocr_carea' id='block_1_77' title="bbox 383 5811 1979 5887">
    <p class='ocr_par' dir='ltr' id='par_1_77' title="bbox 383 5811 1979 5887">
     <span class='ocr_line' id='line_1_77' title="bbox 383 5811 1979 5887; baseline -0.001 -22"><span class='ocrx_word' id='word_1_550' title='bbox 383 5826 479 5877; x_wconf 69' lang='grc' dir='ltr'><strong>γεν</strong></span> <span class='ocrx_word' id='word_1_551' title='bbox 502 5851 520 5880; x_wconf 83' lang='grc'><strong>,</strong></span> <span class='ocrx_word' id='word_1_552' title='bbox 544 5813 936 5887; x_wconf 80' lang='grc' dir='ltr'>διορισάμενος</span> <span class='ocrx_word' id='word_1_553' title='bbox 989 5812 1367 5884; x_wconf 72' lang='grc' dir='ltr'>Χριστοφόρον</span> <span class='ocrx_word' id='word_1_554' title='bbox 1417 5811 1739 5884; x_wconf 79' lang='grc' dir='ltr'>κοιτωνίτην</span> <span class='ocrx_word' id='word_1_555' title='bbox 1771 5813 1827 5866; x_wconf 77' lang='grc' dir='ltr'>ἐν</span> <span class='ocrx_word' id='word_1_556' title='bbox 1863 5814 1979 5876; x_wconf 78' lang='grc' dir='ltr'>τοῖς</span> 
     </span>
    </p>
   </div>
   <div class='ocr_carea' id='block_1_78' title="bbox 2087 2038 3681 2114">
    <p class='ocr_par' dir='ltr' id='par_1_78' title="bbox 2087 2038 3681 2114">
     <span class='ocr_line' id='line_1_78' title="bbox 2087 2038 3681 2114; baseline 0.006 -22"><span class='ocrx_word' id='word_1_557' title='bbox 2087 2038 2367 2094; x_wconf 89' lang='lat' dir='ltr'><strong>silentium</strong></span> <span class='ocrx_word' id='word_1_558' title='bbox 2410 2040 2706 2096; x_wconf 85' lang='lat' dir='ltr'><strong>indicebat.</strong></span> <span class='ocrx_word' id='word_1_559' title='bbox 2737 2042 3144 2114; x_wconf 84' lang='lat' dir='ltr'><strong>Perspectoque</strong></span> <span class='ocrx_word' id='word_1_560' title='bbox 3179 2046 3325 2100; x_wconf 84' lang='lat' dir='ltr'><strong>clare</strong></span> <span class='ocrx_word' id='word_1_561' title='bbox 3356 2048 3681 2102; x_wconf 89' lang='lat' dir='ltr'><strong>insidiarum</strong></span> 
     </span>
    </p>
   </div>
   <div class='ocr_carea' id='block_1_79' title="bbox 2088 2133 3681 2203">
    <p class='ocr_par' dir='ltr' id='par_1_79' title="bbox 2088 2133 3681 2203">
     <span class='ocr_line' id='line_1_79' title="bbox 2088 2133 3681 2203; baseline 0.006 -18"><span class='ocrx_word' id='word_1_562' title='bbox 2088 2133 2351 2202; x_wconf 88' lang='lat' dir='ltr'><strong>periculo,</strong></span> <span class='ocrx_word' id='word_1_563' title='bbox 2381 2134 2655 2189; x_wconf 88' lang='lat' dir='ltr'><strong>suscitans</strong></span> <span class='ocrx_word' id='word_1_564' title='bbox 2680 2136 3071 2203; x_wconf 81' lang='lat' dir='ltr'><strong>imperatorem</strong></span> <span class='ocrx_word' id='word_1_565' title='bbox 3107 2139 3336 2194; x_wconf 86' lang='lat' dir='ltr'><strong>insidias</strong></span> <span class='ocrx_word' id='word_1_566' title='bbox 3396 2141 3681 2195; x_wconf 84' lang='lat' dir='ltr'><strong>indicavit.</strong></span> 
     </span>
    </p>
   </div>
   <div class='ocr_carea' id='block_1_80' title="bbox 2089 2224 3686 2299">
    <p class='ocr_par' dir='ltr' id='par_1_80' title="bbox 2089 2224 3686 2299">
     <span class='ocr_line' id='line_1_80' title="bbox 2089 2224 3686 2299; baseline 0.005 -20"><span class='ocrx_word' id='word_1_567' title='bbox 2089 2224 2284 2279; x_wconf 87' lang='lat' dir='ltr'><strong>Statim</strong></span> <span class='ocrx_word' id='word_1_568' title='bbox 2326 2239 2458 2294; x_wconf 84' lang='lat' dir='ltr'><strong>ergo</strong></span> <span class='ocrx_word' id='word_1_569' title='bbox 2494 2225 2547 2278; x_wconf 91' lang='lat' dir='ltr'><strong>in</strong></span> <span class='ocrx_word' id='word_1_570' title='bbox 2584 2226 2860 2295; x_wconf 85' lang='lat' dir='ltr'><strong>navigium</strong></span> <span class='ocrx_word' id='word_1_571' title='bbox 2888 2228 3169 2298; x_wconf 79' lang='lat' dir='ltr'><strong>ingressus</strong></span> <span class='ocrx_word' id='word_1_572' title='bbox 3200 2228 3372 2299; x_wconf 81' lang='lat' dir='ltr'><strong>Pegas</strong></span> <span class='ocrx_word' id='word_1_573' title='bbox 3420 2232 3686 2287; x_wconf 82' lang='lat' dir='ltr'><strong>transfre-</strong></span> 
     </span>
    </p>
   </div>
   <div class='ocr_carea' id='block_1_81' title="bbox 2089 2318 3682 2389">
    <p class='ocr_par' dir='ltr' id='par_1_81' title="bbox 2089 2318 3682 2389">
     <span class='ocr_line' id='line_1_81' title="bbox 2089 2318 3682 2389; baseline 0.004 -16"><span class='ocrx_word' id='word_1_574' title='bbox 2089 2318 2246 2381; x_wconf 88' lang='lat' dir='ltr'><strong>tavit,</strong></span> <span class='ocrx_word' id='word_1_575' title='bbox 2280 2319 2495 2374; x_wconf 88' lang='lat' dir='ltr'><strong>eunetis</strong></span> <span class='ocrx_word' id='word_1_576' title='bbox 2528 2320 2623 2383; x_wconf 88' lang='lat' dir='ltr'><strong>ibi,</strong></span> <span class='ocrx_word' id='word_1_577' title='bbox 2651 2330 2715 2374; x_wconf 82' lang='lat' dir='ltr'><strong>ac</strong></span> <span class='ocrx_word' id='word_1_578' title='bbox 2745 2321 2864 2389; x_wconf 86' lang='lat' dir='ltr'><strong>ipso</strong></span> <span class='ocrx_word' id='word_1_579' title='bbox 2894 2321 3127 2384; x_wconf 88' lang='lat' dir='ltr'><strong>Zautza,</strong></span> <span class='ocrx_word' id='word_1_580' title='bbox 3163 2322 3391 2378; x_wconf 85' lang='lat' dir='ltr'><strong>relictis.</strong></span> <span class='ocrx_word' id='word_1_581' title='bbox 3454 2323 3682 2379; x_wconf 89' lang='lat' dir='ltr'><strong>Statim-</strong></span> 
     </span>
    </p>
   </div>
   <div class='ocr_carea' id='block_1_82' title="bbox 2088 2412 3682 2482">
    <p class='ocr_par' dir='ltr' id='par_1_82' title="bbox 2088 2412 3682 2482">
     <span class='ocr_line' id='line_1_82' title="bbox 2088 2412 3682 2482; baseline 0.004 -18"><span class='ocrx_word' id='word_1_582' title='bbox 2088 2426 2193 2480; x_wconf 87' lang='lat' dir='ltr'><strong>que</strong></span> <span class='ocrx_word' id='word_1_583' title='bbox 2225 2426 2384 2466; x_wconf 90' lang='lat' dir='ltr'><strong>maue</strong></span> <span class='ocrx_word' id='word_1_584' title='bbox 2419 2412 2471 2465; x_wconf 90' lang='lat' dir='ltr'><strong>in</strong></span> <span class='ocrx_word' id='word_1_585' title='bbox 2498 2413 2758 2482; x_wconf 81' lang='lat' dir='ltr'><strong>palatium</strong></span> <span class='ocrx_word' id='word_1_586' title='bbox 2791 2415 3039 2477; x_wconf 87' lang='lat' dir='ltr'><strong>veniens,</strong></span> <span class='ocrx_word' id='word_1_587' title='bbox 3072 2413 3283 2472; x_wconf 84' lang='lat' dir='ltr'><strong>Joanne</strong></span> <span class='ocrx_word' id='word_1_588' title='bbox 3325 2418 3682 2473; x_wconf 73' lang='lat' dir='ltr'><strong>cxeubiarum</strong></span> 
     </span>
    </p>
   </div>
   <div class='ocr_carea' id='block_1_83' title="bbox 2089 2504 3679 2574">
    <p class='ocr_par' dir='ltr' id='par_1_83' title="bbox 2089 2504 3679 2574">
     <span class='ocr_line' id='line_1_83' title="bbox 2089 2504 3679 2574; baseline 0.004 -16"><span class='ocrx_word' id='word_1_589' title='bbox 2089 2504 2387 2574; x_wconf 81' lang='lat' dir='ltr'><strong>drungario</strong></span> <span class='ocrx_word' id='word_1_590' title='bbox 2421 2505 2490 2559; x_wconf 90' lang='lat' dir='ltr'><strong>ab</strong></span> <span class='ocrx_word' id='word_1_591' title='bbox 2533 2506 2712 2561; x_wconf 79' lang='lat' dir='ltr'><strong>oliicio</strong></span> <span class='ocrx_word' id='word_1_592' title='bbox 2740 2518 2952 2562; x_wconf 90' lang='lat' dir='ltr'><strong>remoto</strong></span> <span class='ocrx_word' id='word_1_593' title='bbox 2992 2507 3227 2562; x_wconf 88' lang='lat' dir='ltr'><strong>Pardum</strong></span> <span class='ocrx_word' id='word_1_594' title='bbox 3263 2508 3473 2564; x_wconf 86' lang='lat' dir='ltr'><strong>Nicolai</strong></span> <span class='ocrx_word' id='word_1_595' title='bbox 3521 2510 3679 2565; x_wconf 87' lang='lat' dir='ltr'><strong>hete-</strong></span> 
     </span>
    </p>
   </div>
   <div class='ocr_carea' id='block_1_84' title="bbox 2086 2595 3681 2671">
    <p class='ocr_par' dir='ltr' id='par_1_84' title="bbox 2086 2595 3681 2671">
     <span class='ocr_line' id='line_1_84' title="bbox 2086 2595 3681 2671; baseline 0.006 -22"><span class='ocrx_word' id='word_1_596' title='bbox 2086 2595 2320 2650; x_wconf 70' lang='lat' dir='ltr'><strong>riarchae</strong></span> <span class='ocrx_word' id='word_1_597' title='bbox 2344 2597 2513 2651; x_wconf 86' lang='lat' dir='ltr'><strong>lilium</strong></span> <span class='ocrx_word' id='word_1_598' title='bbox 2539 2599 2585 2651; x_wconf 91' lang='lat' dir='ltr'><strong>ei</strong></span> <span class='ocrx_word' id='word_1_599' title='bbox 2610 2600 2827 2653; x_wconf 90' lang='lat' dir='ltr'><strong>muneri</strong></span> <span class='ocrx_word' id='word_1_600' title='bbox 2859 2599 3138 2669; x_wconf 64' lang='lat' dir='ltr'><strong>prtel&#39;ecit:</strong></span> <span class='ocrx_word' id='word_1_601' title='bbox 3176 2602 3224 2655; x_wconf 91' lang='lat' dir='ltr'><strong>is</strong></span> <span class='ocrx_word' id='word_1_602' title='bbox 3261 2616 3495 2671; x_wconf 88' lang='lat' dir='ltr'><strong>namque</strong></span> <span class='ocrx_word' id='word_1_603' title='bbox 3517 2600 3681 2657; x_wconf 84' lang='lat' dir='ltr'><strong>Nico-</strong></span> 
     </span>
    </p>
   </div>
   <div class='ocr_carea' id='block_1_85' title="bbox 2087 2685 3685 2763">
    <p class='ocr_par' dir='ltr' id='par_1_85' title="bbox 2087 2685 3685 2763">
     <span class='ocr_line' id='line_1_85' title="bbox 2087 2685 3685 2763; baseline 0.008 -25"><span class='ocrx_word' id='word_1_604' title='bbox 2087 2685 2205 2741; x_wconf 80' lang='lat' dir='ltr'><strong>laus</strong></span> <span class='ocrx_word' id='word_1_605' title='bbox 2266 2686 2583 2755; x_wconf 86' lang='lat' dir='ltr'><strong>imperatori</strong></span> <span class='ocrx_word' id='word_1_606' title='bbox 2645 2692 2858 2747; x_wconf 84' lang='lat' dir='ltr'><strong>amicus</strong></span> <span class='ocrx_word' id='word_1_607' title='bbox 2898 2708 3283 2763; x_wconf 85' lang='lat' dir='ltr'><strong>propensaque</strong></span> <span class='ocrx_word' id='word_1_608' title='bbox 3333 2694 3389 2747; x_wconf 88' lang='lat' dir='ltr'><strong>in</strong></span> <span class='ocrx_word' id='word_1_609' title='bbox 3415 2710 3539 2750; x_wconf 92' lang='lat' dir='ltr'><strong>eum</strong></span> <span class='ocrx_word' id='word_1_610' title='bbox 3577 2696 3685 2750; x_wconf 87' lang='lat' dir='ltr'><strong>ﬁde</strong></span> 
     </span>
    </p>
   </div>
   <div class='ocr_carea' id='block_1_86' title="bbox 2087 2766 3684 2856">
    <p class='ocr_par' dir='ltr' id='par_1_86' title="bbox 2087 2766 3684 2856">
     <span class='ocr_line' id='line_1_86' title="bbox 2087 2766 3684 2856; baseline 0.008 -29"><span class='ocrx_word' id='word_1_611' title='bbox 2087 2766 2304 2830; x_wconf 68' lang='lat' dir='ltr'><strong>Zalttzre</strong></span> <span class='ocrx_word' id='word_1_612' title='bbox 2338 2793 2540 2831; x_wconf 89' lang='lat' dir='ltr'><strong>arcana</strong></span> <span class='ocrx_word' id='word_1_613' title='bbox 2571 2781 2757 2834; x_wconf 90' lang='lat' dir='ltr'><strong>omnia</strong></span> <span class='ocrx_word' id='word_1_614' title='bbox 2795 2797 2859 2836; x_wconf 87' lang='lat' dir='ltr'><strong>ac</strong></span> <span class='ocrx_word' id='word_1_615' title='bbox 2890 2784 3123 2837; x_wconf 71' lang='lat' dir='ltr'><strong>consilia</strong></span> <span class='ocrx_word' id='word_1_616' title='bbox 3154 2784 3203 2838; x_wconf 83' lang='lat' dir='ltr'><strong>ei</strong></span> <span class='ocrx_word' id='word_1_617' title='bbox 3244 2784 3551 2856; x_wconf 80' lang='lat' dir='ltr'><strong>detegebat.</strong></span> <span class='ocrx_word' id='word_1_618' title='bbox 3601 2783 3684 2839; x_wconf 74' lang='lat' dir='ltr'><strong>Ex</strong></span> 
     </span>
    </p>
   </div>
   <div class='ocr_carea' id='block_1_87' title="bbox 2092 2867 3681 2937">
    <p class='ocr_par' dir='ltr' id='par_1_87' title="bbox 2092 2867 3681 2937">
     <span class='ocr_line' id='line_1_87' title="bbox 2092 2867 3681 2937; baseline 0.006 -19"><span class='ocrx_word' id='word_1_619' title='bbox 2092 2875 2221 2920; x_wconf 90' lang='lat' dir='ltr'><strong>tunc</strong></span> <span class='ocrx_word' id='word_1_620' title='bbox 2254 2867 2419 2937; x_wconf 80' lang='lat' dir='ltr'><strong>igitur</strong></span> <span class='ocrx_word' id='word_1_621' title='bbox 2454 2868 2754 2937; x_wconf 85' lang='lat' dir='ltr'><strong>imperator</strong></span> <span class='ocrx_word' id='word_1_622' title='bbox 2780 2871 2835 2924; x_wconf 92' lang='lat' dir='ltr'><strong>in</strong></span> <span class='ocrx_word' id='word_1_623' title='bbox 2873 2868 3090 2927; x_wconf 76' lang='lat' dir='ltr'><strong>Zautza:</strong></span> <span class='ocrx_word' id='word_1_624' title='bbox 3119 2873 3434 2929; x_wconf 86' lang='lat' dir='ltr'><strong>cubiculum</strong></span> <span class='ocrx_word' id='word_1_625' title='bbox 3465 2888 3575 2929; x_wconf 89' lang='lat' dir='ltr'><strong>non</strong></span> <span class='ocrx_word' id='word_1_626' title='bbox 3603 2874 3681 2928; x_wconf 88' lang='lat' dir='ltr'><strong>in-</strong></span> 
     </span>
    </p>
   </div>
   <div class='ocr_carea' id='block_1_88' title="bbox 2086 2954 3687 3033">
    <p class='ocr_par' dir='ltr' id='par_1_88' title="bbox 2086 2954 3687 3033">
     <span class='ocr_line' id='line_1_88' title="bbox 2086 2954 3687 3033; baseline 0.007 -25"><span class='ocrx_word' id='word_1_627' title='bbox 2086 2954 2307 3017; x_wconf 88' lang='lat' dir='ltr'><strong>troibat,</strong></span> <span class='ocrx_word' id='word_1_628' title='bbox 2336 2956 2512 3012; x_wconf 91' lang='lat' dir='ltr'><strong>donec</strong></span> <span class='ocrx_word' id='word_1_629' title='bbox 2557 2957 2667 3013; x_wconf 87' lang='lat' dir='ltr'><strong>Leo</strong></span> <span class='ocrx_word' id='word_1_630' title='bbox 2694 2960 2979 3030; x_wconf 81' lang='lat' dir='ltr'><strong>magister,</strong></span> <span class='ocrx_word' id='word_1_631' title='bbox 3027 2972 3395 3033; x_wconf 80' lang='lat' dir='ltr'><strong>cognomento</strong></span> <span class='ocrx_word' id='word_1_632' title='bbox 3427 2963 3616 3018; x_wconf 88' lang='lat' dir='ltr'><strong>Theod</strong></span> <span class='ocrx_word' id='word_1_633' title='bbox 3632 2977 3687 3019; x_wconf 75' lang='lat' dir='ltr'><strong>J-</strong></span> 
     </span>
    </p>
   </div>
   <div class='ocr_carea' id='block_1_89' title="bbox 2088 3051 2948 3116">
    <p class='ocr_par' dir='ltr' id='par_1_89' title="bbox 2088 3051 2948 3116">
     <span class='ocr_line' id='line_1_89' title="bbox 2088 3051 2948 3116; baseline 0.003 -14"><span class='ocrx_word' id='word_1_634' title='bbox 2088 3056 2260 3116; x_wconf 84' lang='lat' dir='ltr'><strong>taces,</strong></span> <span class='ocrx_word' id='word_1_635' title='bbox 2286 3051 2480 3105; x_wconf 82' lang='lat' dir='ltr'><strong>ambos</strong></span> <span class='ocrx_word' id='word_1_636' title='bbox 2512 3051 2948 3108; x_wconf 85' lang='lat' dir='ltr'><strong>reconciliasset.</strong></span> 
     </span>
    </p>
   </div>
   <div class='ocr_carea' id='block_1_90' title="bbox 2160 3227 3680 3303">
    <p class='ocr_par' dir='ltr' id='par_1_90' title="bbox 2160 3227 3680 3303">
     <span class='ocr_line' id='line_1_90' title="bbox 2160 3227 3680 3303; baseline 0.005 -23"><span class='ocrx_word' id='word_1_637' title='bbox 2160 3228 2248 3284; x_wconf 77' lang='lat' dir='ltr'><strong>ll.</strong></span> <span class='ocrx_word' id='word_1_638' title='bbox 2275 3227 2858 3301; x_wconf 76' lang='lat' dir='ltr'><strong>MoriturTheopltano</strong></span> <span class='ocrx_word' id='word_1_639' title='bbox 2877 3232 3143 3303; x_wconf 82' lang='lat' dir='ltr'><strong>Augusta,</strong></span> <span class='ocrx_word' id='word_1_640' title='bbox 3179 3248 3355 3289; x_wconf 89' lang='lat' dir='ltr'><strong>annos</strong></span> <span class='ocrx_word' id='word_1_641' title='bbox 3388 3233 3680 3289; x_wconf 83' lang='lat' dir='ltr'><strong>duodecim</strong></span> 
     </span>
    </p>
   </div>
   <div class='ocr_carea' id='block_1_91' title="bbox 2086 3318 3683 3393">
    <p class='ocr_par' dir='ltr' id='par_1_91' title="bbox 2086 3318 3683 3393">
     <span class='ocr_line' id='line_1_91' title="bbox 2086 3318 3683 3393; baseline 0.004 -21"><span class='ocrx_word' id='word_1_642' title='bbox 2086 3318 2316 3388; x_wconf 90' lang='lat' dir='ltr'><strong>imperio</strong></span> <span class='ocrx_word' id='word_1_643' title='bbox 2339 3321 2534 3388; x_wconf 90' lang='lat' dir='ltr'><strong>potita,</strong></span> <span class='ocrx_word' id='word_1_644' title='bbox 2560 3330 2721 3387; x_wconf 89' lang='lat' dir='ltr'><strong>atque</strong></span> <span class='ocrx_word' id='word_1_645' title='bbox 2742 3331 2867 3391; x_wconf 89' lang='lat' dir='ltr'><strong>post</strong></span> <span class='ocrx_word' id='word_1_646' title='bbox 2892 3332 3119 3377; x_wconf 90' lang='lat' dir='ltr'><strong>mortem</strong></span> <span class='ocrx_word' id='word_1_647' title='bbox 3148 3323 3544 3378; x_wconf 87' lang='lat' dir='ltr'><strong>miraculorum</strong></span> <span class='ocrx_word' id='word_1_648' title='bbox 3564 3326 3683 3393; x_wconf 70' lang='lat' dir='ltr'><strong>glo-</strong></span> 
     </span>
    </p>
   </div>
   <div class='ocr_carea' id='block_1_92' title="bbox 2088 3410 3685 3486">
    <p class='ocr_par' dir='ltr' id='par_1_92' title="bbox 2088 3410 3685 3486">
     <span class='ocr_line' id='line_1_92' title="bbox 2088 3410 3685 3486; baseline 0.006 -24"><span class='ocrx_word' id='word_1_649' title='bbox 2088 3410 2165 3462; x_wconf 88' lang='lat' dir='ltr'><strong>ria</strong></span> <span class='ocrx_word' id='word_1_650' title='bbox 2197 3410 2431 3477; x_wconf 84' lang='lat' dir='ltr'><strong>claruit;</strong></span> <span class='ocrx_word' id='word_1_651' title='bbox 2462 3428 2583 3481; x_wconf 71' lang='lat' dir='ltr'><strong>quae</strong></span> <span class='ocrx_word' id='word_1_652' title='bbox 2611 3414 2869 3467; x_wconf 89' lang='lat' dir='ltr'><strong>nimirum</strong></span> <span class='ocrx_word' id='word_1_653' title='bbox 2895 3415 3175 3485; x_wconf 79' lang='lat' dir='ltr'><strong>zelotypia:</strong></span> <span class='ocrx_word' id='word_1_654' title='bbox 3200 3414 3396 3470; x_wconf 77' lang='lat' dir='ltr'><strong>affectu</strong></span> <span class='ocrx_word' id='word_1_655' title='bbox 3433 3418 3685 3486; x_wconf 87' lang='lat' dir='ltr'><strong>superior</strong></span> 
     </span>
    </p>
   </div>
   <div class='ocr_carea' id='block_1_93' title="bbox 2086 3502 3682 3576">
    <p class='ocr_par' dir='ltr' id='par_1_93' title="bbox 2086 3502 3682 3576">
     <span class='ocr_line' id='line_1_93' title="bbox 2086 3502 3682 3576; baseline 0.003 -19"><span class='ocrx_word' id='word_1_656' title='bbox 2086 3502 2304 3570; x_wconf 82' lang='lat' dir='ltr'><strong>fuisset,</strong></span> <span class='ocrx_word' id='word_1_657' title='bbox 2325 3503 2574 3575; x_wconf 90' lang='lat' dir='ltr'><strong>Zoesqne</strong></span> <span class='ocrx_word' id='word_1_658' title='bbox 2589 3506 2923 3574; x_wconf 86' lang='lat' dir='ltr'><strong>spretionem</strong></span> <span class='ocrx_word' id='word_1_659' title='bbox 2944 3506 3155 3576; x_wconf 86' lang='lat' dir='ltr'><strong>placide</strong></span> <span class='ocrx_word' id='word_1_660' title='bbox 3173 3507 3409 3571; x_wconf 80' lang='lat' dir='ltr'><strong>tulisset,</strong></span> <span class='ocrx_word' id='word_1_661' title='bbox 3431 3524 3495 3564; x_wconf 84' lang='lat' dir='ltr'><strong>ac</strong></span> <span class='ocrx_word' id='word_1_662' title='bbox 3513 3508 3682 3564; x_wconf 81' lang='lat' dir='ltr'><strong>vitam</strong></span> 
     </span>
    </p>
   </div>
   <div class='ocr_carea' id='block_1_94' title="bbox 2086 3593 3679 3668">
    <p class='ocr_par' dir='ltr' id='par_1_94' title="bbox 2086 3593 3679 3668">
     <span class='ocr_line' id='line_1_94' title="bbox 2086 3593 3679 3668; baseline 0.006 -23"><span class='ocrx_word' id='word_1_663' title='bbox 2086 3604 2304 3645; x_wconf 89' lang='lat' dir='ltr'><strong>omnem</strong></span> <span class='ocrx_word' id='word_1_664' title='bbox 2330 3593 2694 3662; x_wconf 71' lang='lat' dir='ltr'><strong>eleeniosynis</strong></span> <span class='ocrx_word' id='word_1_665' title='bbox 2716 3604 2881 3663; x_wconf 89' lang='lat' dir='ltr'><strong>atque</strong></span> <span class='ocrx_word' id='word_1_666' title='bbox 2920 3597 3175 3665; x_wconf 88' lang='lat' dir='ltr'><strong>precibus</strong></span> <span class='ocrx_word' id='word_1_667' title='bbox 3196 3598 3421 3652; x_wconf 86' lang='lat' dir='ltr'><strong>assidua</strong></span> <span class='ocrx_word' id='word_1_668' title='bbox 3452 3599 3679 3668; x_wconf 80' lang='lat' dir='ltr'><strong>egisset.</strong></span> 
     </span>
    </p>
   </div>
   <div class='ocr_carea' id='block_1_95' title="bbox 2158 3683 3681 3758">
    <p class='ocr_par' dir='ltr' id='par_1_95' title="bbox 2158 3683 3681 3758">
     <span class='ocr_line' id='line_1_95' title="bbox 2158 3683 3681 3758; baseline 0.006 -22"><span class='ocrx_word' id='word_1_669' title='bbox 2158 3684 2243 3738; x_wconf 76' lang='lat' dir='ltr'><strong>l5.</strong></span> <span class='ocrx_word' id='word_1_670' title='bbox 2278 3683 2522 3739; x_wconf 89' lang='lat' dir='ltr'><strong>Coronat</strong></span> <span class='ocrx_word' id='word_1_671' title='bbox 2556 3685 2665 3741; x_wconf 88' lang='lat' dir='ltr'><strong>Leo</strong></span> <span class='ocrx_word' id='word_1_672' title='bbox 2695 3686 2994 3756; x_wconf 82' lang='lat' dir='ltr'><strong>imperator</strong></span> <span class='ocrx_word' id='word_1_673' title='bbox 3026 3688 3191 3744; x_wconf 86' lang='lat' dir='ltr'><strong>Zoem</strong></span> <span class='ocrx_word' id='word_1_674' title='bbox 3226 3688 3446 3745; x_wconf 81' lang='lat' dir='ltr'><strong>Zautzae</strong></span> <span class='ocrx_word' id='word_1_675' title='bbox 3487 3690 3681 3758; x_wconf 82' lang='lat' dir='ltr'><strong>tiliam,</strong></span> 
     </span>
    </p>
   </div>
   <div class='ocr_carea' id='block_1_96' title="bbox 2085 3777 3679 3853">
    <p class='ocr_par' dir='ltr' id='par_1_96' title="bbox 2085 3777 3679 3853">
     <span class='ocr_line' id='line_1_96' title="bbox 2085 3777 3679 3853; baseline 0.006 -24"><span class='ocrx_word' id='word_1_676' title='bbox 2085 3783 2139 3829; x_wconf 82' lang='lat' dir='ltr'><strong>et</strong></span> <span class='ocrx_word' id='word_1_677' title='bbox 2167 3789 2196 3828; x_wconf 88' lang='lat' dir='ltr'><strong>a</strong></span> <span class='ocrx_word' id='word_1_678' title='bbox 2222 3777 2461 3846; x_wconf 89' lang='lat' dir='ltr'><strong>quodam</strong></span> <span class='ocrx_word' id='word_1_679' title='bbox 2495 3778 2699 3832; x_wconf 90' lang='lat' dir='ltr'><strong>clerico</strong></span> <span class='ocrx_word' id='word_1_680' title='bbox 2725 3779 2995 3846; x_wconf 87' lang='lat' dir='ltr'><strong>palatino,</strong></span> <span class='ocrx_word' id='word_1_681' title='bbox 3029 3792 3401 3851; x_wconf 83' lang='lat' dir='ltr'><strong>cognomento</strong></span> <span class='ocrx_word' id='word_1_682' title='bbox 3418 3781 3679 3853; x_wconf 80' lang='lat' dir='ltr'><strong>Sinapes,</strong></span> 
     </span>
    </p>
   </div>
   <div class='ocr_carea' id='block_1_97' title="bbox 2097 3866 3686 3947">
    <p class='ocr_par' dir='ltr' id='par_1_97' title="bbox 2097 3866 3686 3947">
     <span class='ocr_line' id='line_1_97' title="bbox 2097 3866 3686 3947; baseline 0.009 -32"><span class='ocrx_word' id='word_1_683' title='bbox 2097 3878 2199 3932; x_wconf 90' lang='lat' dir='ltr'><strong>pro</strong></span> <span class='ocrx_word' id='word_1_684' title='bbox 2233 3866 2551 3933; x_wconf 89' lang='lat' dir='ltr'><strong>nuptiarum</strong></span> <span class='ocrx_word' id='word_1_685' title='bbox 2591 3868 2813 3947; x_wconf 73' lang='lat' dir='ltr'><strong>corollis</strong></span> <span class='ocrx_word' id='word_1_686' title='bbox 2849 3869 3237 3926; x_wconf 84' lang='lat' dir='ltr'><strong>benedictione</strong></span> <span class='ocrx_word' id='word_1_687' title='bbox 3279 3874 3540 3928; x_wconf 86' lang='lat' dir='ltr'><strong>donatur.</strong></span> <span class='ocrx_word' id='word_1_688' title='bbox 3584 3873 3686 3929; x_wconf 86' lang='lat' dir='ltr'><strong>Be-</strong></span> 
     </span>
    </p>
   </div>
   <div class='ocr_carea' id='block_1_98' title="bbox 2086 3957 3682 4032">
    <p class='ocr_par' dir='ltr' id='par_1_98' title="bbox 2086 3957 3682 4032">
     <span class='ocr_line' id='line_1_98' title="bbox 2086 3957 3682 4032; baseline 0.008 -24"><span class='ocrx_word' id='word_1_689' title='bbox 2086 3957 2421 4013; x_wconf 86' lang='lat' dir='ltr'><strong>nedictionis</strong></span> <span class='ocrx_word' id='word_1_690' title='bbox 2463 3960 2711 4013; x_wconf 86' lang='lat' dir='ltr'><strong>minister</strong></span> <span class='ocrx_word' id='word_1_691' title='bbox 2741 3960 2923 4015; x_wconf 86' lang='lat' dir='ltr'><strong>olIicio</strong></span> <span class='ocrx_word' id='word_1_692' title='bbox 2954 3962 3236 4032; x_wconf 88' lang='lat' dir='ltr'><strong>depositus</strong></span> <span class='ocrx_word' id='word_1_693' title='bbox 3267 3973 3373 4019; x_wconf 88' lang='lat' dir='ltr'><strong>est.</strong></span> <span class='ocrx_word' id='word_1_694' title='bbox 3419 3962 3530 4019; x_wconf 87' lang='lat' dir='ltr'><strong>Zoe</strong></span> <span class='ocrx_word' id='word_1_695' title='bbox 3556 3974 3682 4020; x_wconf 90' lang='lat' dir='ltr'><strong>cum</strong></span> 
     </span>
    </p>
   </div>
   <div class='ocr_carea' id='block_1_99' title="bbox 2085 4052 3684 4123">
    <p class='ocr_par' dir='ltr' id='par_1_99' title="bbox 2085 4052 3684 4123">
     <span class='ocr_line' id='line_1_99' title="bbox 2085 4052 3684 4123; baseline 0.006 -22"><span class='ocrx_word' id='word_1_696' title='bbox 2085 4062 2292 4101; x_wconf 88' lang='lat' dir='ltr'><strong>annum</strong></span> <span class='ocrx_word' id='word_1_697' title='bbox 2333 4063 2501 4101; x_wconf 89' lang='lat' dir='ltr'><strong>unum</strong></span> <span class='ocrx_word' id='word_1_698' title='bbox 2543 4064 2608 4103; x_wconf 85' lang='lat' dir='ltr'><strong>ac</strong></span> <span class='ocrx_word' id='word_1_699' title='bbox 2652 4064 2868 4105; x_wconf 89' lang='lat' dir='ltr'><strong>menses</strong></span> <span class='ocrx_word' id='word_1_700' title='bbox 2916 4062 3043 4107; x_wconf 90' lang='lat' dir='ltr'><strong>octo</strong></span> <span class='ocrx_word' id='word_1_701' title='bbox 3083 4052 3137 4107; x_wconf 88' lang='lat' dir='ltr'><strong>in</strong></span> <span class='ocrx_word' id='word_1_702' title='bbox 3179 4055 3409 4122; x_wconf 85' lang='lat' dir='ltr'><strong>imperio</strong></span> <span class='ocrx_word' id='word_1_703' title='bbox 3430 4055 3684 4123; x_wconf 80' lang='lat' dir='ltr'><strong>vixisset,</strong></span> 
     </span>
    </p>
   </div>
   <div class='ocr_carea' id='block_1_100' title="bbox 2086 4130 3687 4215">
    <p class='ocr_par' dir='ltr' id='par_1_100' title="bbox 2086 4130 3687 4215">
     <span class='ocr_line' id='line_1_100' title="bbox 2086 4130 3687 4215; baseline 0.006 -23"><span class='ocrx_word' id='word_1_704' title='bbox 2086 4138 2214 4193; x_wconf 82' lang='lat' dir='ltr'><strong>latis</strong></span> <span class='ocrx_word' id='word_1_705' title='bbox 2242 4130 2430 4193; x_wconf 75' lang='lat' dir='ltr'><strong>functa</strong></span> <span class='ocrx_word' id='word_1_706' title='bbox 2460 4147 2566 4194; x_wconf 91' lang='lat' dir='ltr'><strong>est.</strong></span> <span class='ocrx_word' id='word_1_707' title='bbox 2596 4141 2821 4195; x_wconf 78' lang='lat' dir='ltr'><strong>Inventa</strong></span> <span class='ocrx_word' id='word_1_708' title='bbox 2852 4158 2988 4195; x_wconf 91' lang='lat' dir='ltr'><strong>urna</strong></span> <span class='ocrx_word' id='word_1_709' title='bbox 3022 4144 3075 4197; x_wconf 93' lang='lat' dir='ltr'><strong>in</strong></span> <span class='ocrx_word' id='word_1_710' title='bbox 3108 4159 3274 4213; x_wconf 89' lang='lat' dir='ltr'><strong>quam</strong></span> <span class='ocrx_word' id='word_1_711' title='bbox 3300 4144 3421 4215; x_wconf 85' lang='lat' dir='ltr'><strong>ejus</strong></span> <span class='ocrx_word' id='word_1_712' title='bbox 3451 4146 3687 4202; x_wconf 84' lang='lat' dir='ltr'><strong>cadaver</strong></span> 
     </span>
    </p>
   </div>
   <div class='ocr_carea' id='block_1_101' title="bbox 2091 4231 3682 4305">
    <p class='ocr_par' dir='ltr' id='par_1_101' title="bbox 2091 4231 3682 4305">
     <span class='ocr_line' id='line_1_101' title="bbox 2091 4231 3682 4305; baseline 0.003 -17"><span class='ocrx_word' id='word_1_713' title='bbox 2091 4231 2411 4298; x_wconf 77' lang='lat' dir='ltr'><strong>inferretur,</strong></span> <span class='ocrx_word' id='word_1_714' title='bbox 2465 4234 2518 4287; x_wconf 90' lang='lat' dir='ltr'><strong>in</strong></span> <span class='ocrx_word' id='word_1_715' title='bbox 2587 4236 2703 4289; x_wconf 84' lang='lat' dir='ltr'><strong>haec</strong></span> <span class='ocrx_word' id='word_1_716' title='bbox 2738 4234 2903 4289; x_wconf 82' lang='lat' dir='ltr'><strong>verba</strong></span> <span class='ocrx_word' id='word_1_717' title='bbox 2954 4250 3020 4291; x_wconf 88' lang='lat' dir='ltr'><strong>ac</strong></span> <span class='ocrx_word' id='word_1_718' title='bbox 3077 4237 3412 4292; x_wconf 79' lang='lat' dir='ltr'><strong>sententiam</strong></span> <span class='ocrx_word' id='word_1_719' title='bbox 3467 4238 3682 4305; x_wconf 81' lang='lat' dir='ltr'><strong>caelata,</strong></span> 
     </span>
    </p>
   </div>
   <div class='ocr_carea' id='block_1_102' title="bbox 2091 4324 2809 4398">
    <p class='ocr_par' dir='ltr' id='par_1_102' title="bbox 2091 4324 2809 4398">
     <span class='ocr_line' id='line_1_102' title="bbox 2091 4324 2809 4398; baseline 0.001 -18"><span class='ocrx_word' id='word_1_720' title='bbox 2091 4324 2236 4380; x_wconf 73' lang='lat' dir='ltr'><strong>Filia</strong></span> <span class='ocrx_word' id='word_1_721' title='bbox 2272 4325 2562 4398; x_wconf 81' lang='lat' dir='ltr'><strong>Babylonis</strong></span> <span class='ocrx_word' id='word_1_722' title='bbox 2595 4328 2809 4381; x_wconf 82' lang='lat' dir='ltr'><strong>misera.</strong></span> 
     </span>
    </p>
   </div>
   <div class='ocr_carea' id='block_1_103' title="bbox 2156 4419 3683 4492">
    <p class='ocr_par' dir='ltr' id='par_1_103' title="bbox 2156 4419 3683 4492">
     <span class='ocr_line' id='line_1_103' title="bbox 2156 4419 3683 4492; baseline 0.001 -16"><span class='ocrx_word' id='word_1_723' title='bbox 2156 4420 2318 4491; x_wconf 78' lang='lat'><strong>362</strong></span> <span class='ocrx_word' id='word_1_724' title='bbox 2359 4421 2447 4475; x_wconf 75' lang='lat' dir='ltr'><strong>H.</strong></span> <span class='ocrx_word' id='word_1_725' title='bbox 2497 4419 2668 4475; x_wconf 87' lang='lat' dir='ltr'><strong>Porro</strong></span> <span class='ocrx_word' id='word_1_726' title='bbox 2702 4421 2867 4476; x_wconf 89' lang='lat' dir='ltr'><strong>delati</strong></span> <span class='ocrx_word' id='word_1_727' title='bbox 2900 4431 3030 4476; x_wconf 91' lang='lat' dir='ltr'><strong>sunt</strong></span> <span class='ocrx_word' id='word_1_728' title='bbox 3080 4422 3224 4491; x_wconf 87' lang='lat' dir='ltr'><strong>apud</strong></span> <span class='ocrx_word' id='word_1_729' title='bbox 3288 4423 3683 4492; x_wconf 84' lang='lat' dir='ltr'><strong>imperatorem</strong></span> 
     </span>
    </p>
   </div>
   <div class='ocr_carea' id='block_1_104' title="bbox 2087 4513 3684 4584">
    <p class='ocr_par' dir='ltr' id='par_1_104' title="bbox 2087 4513 3684 4584">
     <span class='ocr_line' id='line_1_104' title="bbox 2087 4513 3684 4584; baseline 0.001 -16"><span class='ocrx_word' id='word_1_730' title='bbox 2087 4513 2326 4568; x_wconf 82' lang='lat' dir='ltr'><strong>Musirus</strong></span> <span class='ocrx_word' id='word_1_731' title='bbox 2347 4522 2401 4569; x_wconf 89' lang='lat' dir='ltr'><strong>et</strong></span> <span class='ocrx_word' id='word_1_732' title='bbox 2432 4513 2782 4577; x_wconf 89' lang='lat' dir='ltr'><strong>Stauraeius,</strong></span> <span class='ocrx_word' id='word_1_733' title='bbox 2814 4523 3072 4584; x_wconf 83' lang='lat' dir='ltr'><strong>tanquam</strong></span> <span class='ocrx_word' id='word_1_734' title='bbox 3110 4516 3201 4584; x_wconf 87' lang='lat' dir='ltr'><strong>qui</strong></span> <span class='ocrx_word' id='word_1_735' title='bbox 3235 4530 3466 4570; x_wconf 89' lang='lat' dir='ltr'><strong>munera</strong></span> <span class='ocrx_word' id='word_1_736' title='bbox 3499 4531 3528 4569; x_wconf 91' lang='lat' dir='ltr'><strong>a</strong></span> <span class='ocrx_word' id='word_1_737' title='bbox 3578 4514 3684 4570; x_wconf 92' lang='lat' dir='ltr'><strong>du-</strong></span> 
     </span>
    </p>
   </div>
   <div class='ocr_carea' id='block_1_105' title="bbox 2086 4605 3679 4676">
    <p class='ocr_par' dir='ltr' id='par_1_105' title="bbox 2086 4605 3679 4676">
     <span class='ocr_line' id='line_1_105' title="bbox 2086 4605 3679 4676; baseline 0 -16"><span class='ocrx_word' id='word_1_738' title='bbox 2086 4606 2246 4661; x_wconf 87' lang='lat' dir='ltr'><strong>cibus</strong></span> <span class='ocrx_word' id='word_1_739' title='bbox 2277 4621 2343 4660; x_wconf 83' lang='lat' dir='ltr'><strong>ae</strong></span> <span class='ocrx_word' id='word_1_740' title='bbox 2368 4605 2782 4675; x_wconf 79' lang='lat' dir='ltr'><strong>magistratibus</strong></span> <span class='ocrx_word' id='word_1_741' title='bbox 2805 4606 3121 4675; x_wconf 86' lang='lat' dir='ltr'><strong>accipereut</strong></span> <span class='ocrx_word' id='word_1_742' title='bbox 3154 4614 3209 4660; x_wconf 89' lang='lat' dir='ltr'><strong>et</strong></span> <span class='ocrx_word' id='word_1_743' title='bbox 3255 4605 3403 4676; x_wconf 79' lang='lat' dir='ltr'><strong>apud</strong></span> <span class='ocrx_word' id='word_1_744' title='bbox 3436 4606 3679 4676; x_wconf 86' lang='lat' dir='ltr'><strong>impera-</strong></span> 
     </span>
    </p>
   </div>
   <div class='ocr_carea' id='block_1_106' title="bbox 2086 4694 3684 4767">
    <p class='ocr_par' dir='ltr' id='par_1_106' title="bbox 2086 4694 3684 4767">
     <span class='ocr_line' id='line_1_106' title="bbox 2086 4694 3684 4767; baseline -0.001 -14"><span class='ocrx_word' id='word_1_745' title='bbox 2086 4698 2223 4753; x_wconf 88' lang='lat' dir='ltr'><strong>toris</strong></span> <span class='ocrx_word' id='word_1_746' title='bbox 2256 4706 2465 4767; x_wconf 87' lang='lat' dir='ltr'><strong>patrem</strong></span> <span class='ocrx_word' id='word_1_747' title='bbox 2495 4712 2591 4766; x_wconf 90' lang='lat' dir='ltr'><strong>per</strong></span> <span class='ocrx_word' id='word_1_748' title='bbox 2619 4694 2813 4750; x_wconf 89' lang='lat' dir='ltr'><strong>sordes</strong></span> <span class='ocrx_word' id='word_1_749' title='bbox 2842 4695 3268 4755; x_wconf 88' lang='lat' dir='ltr'><strong>intercederent.</strong></span> <span class='ocrx_word' id='word_1_750' title='bbox 3322 4696 3403 4752; x_wconf 81' lang='lat' dir='ltr'><strong>Ac</strong></span> <span class='ocrx_word' id='word_1_751' title='bbox 3426 4712 3558 4753; x_wconf 85' lang='lat' dir='ltr'><strong>vero</strong></span> <span class='ocrx_word' id='word_1_752' title='bbox 3593 4697 3684 4752; x_wconf 89' lang='lat' dir='ltr'><strong>in-</strong></span> 
     </span>
    </p>
   </div>
   <div class='ocr_carea' id='block_1_107' title="bbox 2083 4787 3678 4861">
    <p class='ocr_par' dir='ltr' id='par_1_107' title="bbox 2083 4787 3678 4861">
     <span class='ocr_line' id='line_1_107' title="bbox 2083 4787 3678 4861; baseline 0 -17"><span class='ocrx_word' id='word_1_753' title='bbox 2083 4805 2275 4861; x_wconf 77' lang='lat' dir='ltr'><strong>gresso</strong></span> <span class='ocrx_word' id='word_1_754' title='bbox 2307 4789 2641 4861; x_wconf 86' lang='lat' dir='ltr'><strong>quandoque</strong></span> <span class='ocrx_word' id='word_1_755' title='bbox 2670 4787 2962 4843; x_wconf 83' lang='lat' dir='ltr'><strong>Stanracio</strong></span> <span class='ocrx_word' id='word_1_756' title='bbox 2987 4789 3053 4843; x_wconf 86' lang='lat' dir='ltr'><strong>ad</strong></span> <span class='ocrx_word' id='word_1_757' title='bbox 3081 4788 3438 4860; x_wconf 83' lang='lat' dir='ltr'><strong>imperatoris</strong></span> <span class='ocrx_word' id='word_1_758' title='bbox 3465 4801 3678 4860; x_wconf 88' lang='lat' dir='ltr'><strong>patrem</strong></span> 
     </span>
    </p>
   </div>
   <div class='ocr_carea' id='block_1_108' title="bbox 2083 4881 3683 4953">
    <p class='ocr_par' dir='ltr' id='par_1_108' title="bbox 2083 4881 3683 4953">
     <span class='ocr_line' id='line_1_108' title="bbox 2083 4881 3683 4953; baseline -0.001 -15"><span class='ocrx_word' id='word_1_759' title='bbox 2083 4900 2209 4938; x_wconf 90' lang='lat' dir='ltr'><strong>cum</strong></span> <span class='ocrx_word' id='word_1_760' title='bbox 2244 4884 2447 4938; x_wconf 85' lang='lat' dir='ltr'><strong>ducum</strong></span> <span class='ocrx_word' id='word_1_761' title='bbox 2497 4881 2729 4951; x_wconf 83' lang='lat' dir='ltr'><strong>alicujus</strong></span> <span class='ocrx_word' id='word_1_762' title='bbox 2763 4882 2968 4947; x_wconf 90' lang='lat' dir='ltr'><strong>libello,</strong></span> <span class='ocrx_word' id='word_1_763' title='bbox 3005 4882 3097 4936; x_wconf 89' lang='lat' dir='ltr'><strong>ubi</strong></span> <span class='ocrx_word' id='word_1_764' title='bbox 3130 4897 3256 4937; x_wconf 90' lang='lat' dir='ltr'><strong>eum</strong></span> <span class='ocrx_word' id='word_1_765' title='bbox 3300 4883 3599 4953; x_wconf 85' lang='lat' dir='ltr'><strong>imperator</strong></span> <span class='ocrx_word' id='word_1_766' title='bbox 3628 4883 3683 4938; x_wconf 87' lang='lat' dir='ltr'><strong>in</strong></span> 
     </span>
    </p>
   </div>
   <div class='ocr_carea' id='block_1_109' title="bbox 2084 4968 3682 5045">
    <p class='ocr_par' dir='ltr' id='par_1_109' title="bbox 2084 4968 3682 5045">
     <span class='ocr_line' id='line_1_109' title="bbox 2084 4968 3682 5045; baseline -0.001 -14"><span class='ocrx_word' id='word_1_767' title='bbox 2084 4976 2250 5031; x_wconf 86' lang='lat' dir='ltr'><strong>solari</strong></span> <span class='ocrx_word' id='word_1_768' title='bbox 2286 4975 2568 5045; x_wconf 78' lang='lat' dir='ltr'><strong>horologio</strong></span> <span class='ocrx_word' id='word_1_769' title='bbox 2594 4968 2753 5029; x_wconf 75' lang='lat' dir='ltr'><strong>stans</strong></span> <span class='ocrx_word' id='word_1_770' title='bbox 2784 4975 3017 5044; x_wconf 73' lang='lat' dir='ltr'><strong>aspexit,</strong></span> <span class='ocrx_word' id='word_1_771' title='bbox 3046 4975 3324 5029; x_wconf 87' lang='lat' dir='ltr'><strong>hominem</strong></span> <span class='ocrx_word' id='word_1_772' title='bbox 3357 4989 3501 5045; x_wconf 89' lang='lat' dir='ltr'><strong>pone</strong></span> <span class='ocrx_word' id='word_1_773' title='bbox 3520 4989 3682 5030; x_wconf 88' lang='lat' dir='ltr'><strong>secu-</strong></span> 
     </span>
    </p>
   </div>
   <div class='ocr_carea' id='block_1_110' title="bbox 2086 5066 3683 5138">
    <p class='ocr_par' dir='ltr' id='par_1_110' title="bbox 2086 5066 3683 5138">
     <span class='ocr_line' id='line_1_110' title="bbox 2086 5066 3683 5138; baseline -0.001 -15"><span class='ocrx_word' id='word_1_774' title='bbox 2086 5077 2176 5125; x_wconf 84' lang='lat' dir='ltr'><strong>tus</strong></span> <span class='ocrx_word' id='word_1_775' title='bbox 2208 5076 2290 5124; x_wconf 88' lang='lat' dir='ltr'><strong>est</strong></span> <span class='ocrx_word' id='word_1_776' title='bbox 2322 5067 2649 5137; x_wconf 85' lang='lat' dir='ltr'><strong>cerviceque</strong></span> <span class='ocrx_word' id='word_1_777' title='bbox 2677 5067 3090 5138; x_wconf 87' lang='lat' dir='ltr'><strong>apprehensum</strong></span> <span class='ocrx_word' id='word_1_778' title='bbox 3117 5066 3267 5123; x_wconf 78' lang='lat' dir='ltr'><strong>foras</strong></span> <span class='ocrx_word' id='word_1_779' title='bbox 3293 5066 3507 5134; x_wconf 76' lang='lat' dir='ltr'><strong>eduxit,</strong></span> <span class='ocrx_word' id='word_1_780' title='bbox 3558 5077 3683 5122; x_wconf 88' lang='lat' dir='ltr'><strong>tan-</strong></span> 
     </span>
    </p>
   </div>
   <div class='ocr_carea' id='block_1_111' title="bbox 2084 5157 3673 5231">
    <p class='ocr_par' dir='ltr' id='par_1_111' title="bbox 2084 5157 3673 5231">
     <span class='ocr_line' id='line_1_111' title="bbox 2084 5157 3673 5231; baseline 0 -17"><span class='ocrx_word' id='word_1_781' title='bbox 2084 5174 2249 5231; x_wconf 89' lang='lat' dir='ltr'><strong>quam</strong></span> <span class='ocrx_word' id='word_1_782' title='bbox 2280 5158 2543 5213; x_wconf 89' lang='lat' dir='ltr'><strong>nimirum</strong></span> <span class='ocrx_word' id='word_1_783' title='bbox 2596 5158 2663 5212; x_wconf 89' lang='lat' dir='ltr'><strong>de</strong></span> <span class='ocrx_word' id='word_1_784' title='bbox 2688 5158 2923 5214; x_wconf 90' lang='lat' dir='ltr'><strong>ducibus</strong></span> <span class='ocrx_word' id='word_1_785' title='bbox 2952 5158 3318 5228; x_wconf 65' lang='lat' dir='ltr'><strong>quaestionem</strong></span> <span class='ocrx_word' id='word_1_786' title='bbox 3348 5157 3673 5225; x_wconf 83' lang='lat' dir='ltr'><strong>habiturus;</strong></span> 
     </span>
    </p>
   </div>
   <div class='ocr_carea' id='block_1_112' title="bbox 2082 5251 3675 5323">
    <p class='ocr_par' dir='ltr' id='par_1_112' title="bbox 2082 5251 3675 5323">
     <span class='ocr_line' id='line_1_112' title="bbox 2082 5251 3675 5323; baseline -0.003 -13"><span class='ocrx_word' id='word_1_787' title='bbox 2082 5254 2415 5323; x_wconf 86' lang='lat' dir='ltr'><strong>trahensque</strong></span> <span class='ocrx_word' id='word_1_788' title='bbox 2465 5252 2534 5306; x_wconf 90' lang='lat' dir='ltr'><strong>ad</strong></span> <span class='ocrx_word' id='word_1_789' title='bbox 2584 5251 2971 5323; x_wconf 82' lang='lat' dir='ltr'><strong>Monotbyrum</strong></span> <span class='ocrx_word' id='word_1_790' title='bbox 3001 5291 3018 5317; x_wconf 94' lang='lat'><strong>,</strong></span> <span class='ocrx_word' id='word_1_791' title='bbox 3077 5252 3386 5322; x_wconf 87' lang='lat' dir='ltr'><strong>ablatisque</strong></span> <span class='ocrx_word' id='word_1_792' title='bbox 3445 5252 3675 5316; x_wconf 80' lang='lat' dir='ltr'><strong>tabulis,</strong></span> 
     </span>
    </p>
   </div>
   <div class='ocr_carea' id='block_1_113' title="bbox 2087 5344 3681 5416">
    <p class='ocr_par' dir='ltr' id='par_1_113' title="bbox 2087 5344 3681 5416">
     <span class='ocr_line' id='line_1_113' title="bbox 2087 5344 3681 5416; baseline -0.001 -13"><span class='ocrx_word' id='word_1_793' title='bbox 2087 5348 2366 5403; x_wconf 89' lang='lat' dir='ltr'><strong>hominem</strong></span> <span class='ocrx_word' id='word_1_794' title='bbox 2398 5346 2675 5411; x_wconf 77' lang='lat' dir='ltr'><strong>excussit;</strong></span> <span class='ocrx_word' id='word_1_795' title='bbox 2709 5361 2775 5400; x_wconf 87' lang='lat' dir='ltr'><strong>ac</strong></span> <span class='ocrx_word' id='word_1_796' title='bbox 2801 5346 2871 5400; x_wconf 88' lang='lat' dir='ltr'><strong>iis</strong></span> <span class='ocrx_word' id='word_1_797' title='bbox 2900 5345 2994 5414; x_wconf 92' lang='lat' dir='ltr'><strong>qui</strong></span> <span class='ocrx_word' id='word_1_798' title='bbox 3015 5344 3156 5400; x_wconf 83' lang='lat' dir='ltr'><strong>forte</strong></span> <span class='ocrx_word' id='word_1_799' title='bbox 3189 5346 3440 5408; x_wconf 83' lang='lat' dir='ltr'><strong>aderant,</strong></span> <span class='ocrx_word' id='word_1_800' title='bbox 3475 5347 3681 5416; x_wconf 87' lang='lat' dir='ltr'><strong>palatio</strong></span> 
     </span>
    </p>
   </div>
   <div class='ocr_carea' id='block_1_114' title="bbox 2083 5438 3675 5510">
    <p class='ocr_par' dir='ltr' id='par_1_114' title="bbox 2083 5438 3675 5510">
     <span class='ocr_line' id='line_1_114' title="bbox 2083 5438 3675 5510; baseline -0.002 -13"><span class='ocrx_word' id='word_1_801' title='bbox 2083 5441 2426 5497; x_wconf 85' lang='lat' dir='ltr'><strong>educendum</strong></span> <span class='ocrx_word' id='word_1_802' title='bbox 2464 5448 2629 5510; x_wconf 88' lang='lat' dir='ltr'><strong>atque</strong></span> <span class='ocrx_word' id='word_1_803' title='bbox 2661 5440 2716 5494; x_wconf 93' lang='lat' dir='ltr'><strong>in</strong></span> <span class='ocrx_word' id='word_1_804' title='bbox 2749 5439 3077 5493; x_wconf 88' lang='lat' dir='ltr'><strong>monachum</strong></span> <span class='ocrx_word' id='word_1_805' title='bbox 3113 5438 3542 5506; x_wconf 85' lang='lat' dir='ltr'><strong>detondeudum,</strong></span> <span class='ocrx_word' id='word_1_806' title='bbox 3579 5438 3675 5494; x_wconf 87' lang='lat' dir='ltr'><strong>de-</strong></span> 
     </span>
    </p>
   </div>
   <div class='ocr_carea' id='block_1_115' title="bbox 2080 5529 3674 5603">
    <p class='ocr_par' dir='ltr' id='par_1_115' title="bbox 2080 5529 3674 5603">
     <span class='ocr_line' id='line_1_115' title="bbox 2080 5529 3674 5603; baseline -0.002 -16"><span class='ocrx_word' id='word_1_807' title='bbox 2080 5534 2178 5587; x_wconf 91' lang='lat' dir='ltr'><strong>dit.</strong></span> <span class='ocrx_word' id='word_1_808' title='bbox 2222 5533 2279 5586; x_wconf 89' lang='lat' dir='ltr'><strong>ld</strong></span> <span class='ocrx_word' id='word_1_809' title='bbox 2315 5547 2445 5588; x_wconf 79' lang='lat' dir='ltr'><strong>vero</strong></span> <span class='ocrx_word' id='word_1_810' title='bbox 2475 5542 2535 5587; x_wconf 91' lang='lat' dir='ltr'><strong>ut</strong></span> <span class='ocrx_word' id='word_1_811' title='bbox 2558 5531 2815 5603; x_wconf 77' lang='lat' dir='ltr'><strong>cognovit</strong></span> <span class='ocrx_word' id='word_1_812' title='bbox 2862 5529 3123 5597; x_wconf 83' lang='lat' dir='ltr'><strong>Musicus,</strong></span> <span class='ocrx_word' id='word_1_813' title='bbox 3161 5530 3544 5600; x_wconf 86' lang='lat' dir='ltr'><strong>desperatione</strong></span> <span class='ocrx_word' id='word_1_814' title='bbox 3588 5531 3674 5600; x_wconf 74' lang='lat' dir='ltr'><strong>agi</strong></span> 
     </span>
    </p>
   </div>
   <div class='ocr_carea' id='block_1_116' title="bbox 2081 5622 3674 5695">
    <p class='ocr_par' dir='ltr' id='par_1_116' title="bbox 2081 5622 3674 5695">
     <span class='ocr_line' id='line_1_116' title="bbox 2081 5622 3674 5695; baseline -0.003 -15"><span class='ocrx_word' id='word_1_815' title='bbox 2081 5626 2309 5695; x_wconf 89' lang='lat' dir='ltr'><strong>suisque</strong></span> <span class='ocrx_word' id='word_1_816' title='bbox 2344 5624 2508 5679; x_wconf 90' lang='lat' dir='ltr'><strong>rebus</strong></span> <span class='ocrx_word' id='word_1_817' title='bbox 2538 5623 2785 5678; x_wconf 86' lang='lat' dir='ltr'><strong>dillidere</strong></span> <span class='ocrx_word' id='word_1_818' title='bbox 2817 5623 3005 5692; x_wconf 73' lang='lat' dir='ltr'><strong>cmpit.</strong></span> <span class='ocrx_word' id='word_1_819' title='bbox 3052 5622 3337 5694; x_wconf 82' lang='lat' dir='ltr'><strong>Ingressus</strong></span> <span class='ocrx_word' id='word_1_820' title='bbox 3366 5625 3549 5689; x_wconf 85' lang='lat' dir='ltr'><strong>itaque</strong></span> <span class='ocrx_word' id='word_1_821' title='bbox 3574 5624 3674 5677; x_wconf 83' lang='lat' dir='ltr'><strong>im-</strong></span> 
     </span>
    </p>
   </div>
   <div class='ocr_carea' id='block_1_117' title="bbox 2083 5713 3666 5788">
    <p class='ocr_par' dir='ltr' id='par_1_117' title="bbox 2083 5713 3666 5788">
     <span class='ocr_line' id='line_1_117' title="bbox 2083 5713 3666 5788; baseline -0.001 -19"><span class='ocrx_word' id='word_1_822' title='bbox 2083 5727 2319 5788; x_wconf 86' lang='lat' dir='ltr'><strong>perator,</strong></span> <span class='ocrx_word' id='word_1_823' title='bbox 2357 5716 2446 5769; x_wconf 92' lang='lat' dir='ltr'><strong>ubi</strong></span> <span class='ocrx_word' id='word_1_824' title='bbox 2480 5715 2568 5769; x_wconf 75' lang='lat' dir='ltr'><strong>ille</strong></span> <span class='ocrx_word' id='word_1_825' title='bbox 2592 5713 2809 5771; x_wconf 75' lang='lat' dir='ltr'><strong>Zautzte</strong></span> <span class='ocrx_word' id='word_1_826' title='bbox 2838 5715 3075 5780; x_wconf 81' lang='lat' dir='ltr'><strong>astabat,</strong></span> <span class='ocrx_word' id='word_1_827' title='bbox 3091 5715 3233 5769; x_wconf 89' lang='lat' dir='ltr'><strong>collo</strong></span> <span class='ocrx_word' id='word_1_828' title='bbox 3259 5714 3666 5784; x_wconf 89' lang='lat' dir='ltr'><strong>apprehensum</strong></span> 
     </span>
    </p>
   </div>
   <div class='ocr_carea' id='block_1_118' title="bbox 2087 5801 3668 5879">
    <p class='ocr_par' dir='ltr' id='par_1_118' title="bbox 2087 5801 3668 5879">
     <span class='ocr_line' id='line_1_118' title="bbox 2087 5801 3668 5879; baseline -0.004 -14"><span class='ocrx_word' id='word_1_829' title='bbox 2087 5809 2315 5865; x_wconf 78' lang='lat' dir='ltr'><strong>trudens</strong></span> <span class='ocrx_word' id='word_1_830' title='bbox 2364 5807 2591 5879; x_wconf 82' lang='lat' dir='ltr'><strong>expulit,</strong></span> <span class='ocrx_word' id='word_1_831' title='bbox 2644 5822 2708 5864; x_wconf 86' lang='lat' dir='ltr'><strong>ac</strong></span> <span class='ocrx_word' id='word_1_832' title='bbox 2760 5805 3165 5877; x_wconf 86' lang='lat' dir='ltr'><strong>Christophoro</strong></span> <span class='ocrx_word' id='word_1_833' title='bbox 3205 5803 3543 5863; x_wconf 86' lang='lat' dir='ltr'><strong>cubiculario</strong></span> <span class='ocrx_word' id='word_1_834' title='bbox 3611 5801 3668 5860; x_wconf 88' lang='lat' dir='ltr'><strong>in</strong></span> 
     </span>
    </p>
   </div>
  </div>
