4136 6414
508 321 617 385 379

1611 246 2119 377 THEO§HANES
2158 313 2724 377 CONTINUATUS.

3663 317 3770 380 380

506 431 790 487 Studianis
828 429 1110 486 detondcri
1175 426 1453 499 prmcepit.
1518 425 1673 481 Haud
1726 425 1907 481 multo
1959 435 2083 496 post

2194 428 2457 492 Στουδίοις
2486 431 2779 500 ἀποκεῖραι
2815 428 2998 482 αὐτόν.
3029 429 3162 482 Μετ’
3191 428 3371 494 ὀλίγον
3406 428 3463 482 δὲ
3491 428 3769 495 Ζαοῦτζας

505 526 739 579 Zautzas
769 526 820 578 in
862 523 1065 593 palatio
1111 522 1344 577 moritur
1368 561 1383 586 ,
1414 520 1728 590 elatumque
1755 521 1873 589 ejus
1914 520 2081 574 funus

504 632 601 687 per
661 616 1026 671 Bucoleonem
1079 615 1131 670 in
1184 614 1403 670 Caulea:
1462 614 1797 669 monasterio
1852 612 2081 683 deponi~

505 722 614 764 ιυτ.

578 801 667 856 15.
724 801 957 858 Basilius
1003 802 1304 870 imperialis
1354 809 1580 857 exactor
1629 814 1725 854 seu
1760 797 2081 869 compulsor

507 892 749 947 amicitia
807 893 1057 964 jungitur
1107 894 1357 949 Samon-"e
1409 893 1766 956 cubiculario,
1806 892 2083 962 Agareno-

506 999 630 1038 rum
688 985 947 1054 prosapia
979 994 1120 1050 sato,
1156 985 1366 1055 imperii
1402 983 2083 1053 scilicetcupidiueincen-

506 1092 621 1131 sus.
652 1076 926 1148 Concepta
952 1093 1083 1147 ergo
1117 1078 1315 1132 ﬁducia
1350 1087 1587 1132 mentem
1611 1079 1806 1146 aperit,
1848 1077 2035 1145 aitque
2064 1093 2078 1130 :

506 1166 773 1238 Defuncta
835 1185 973 1223 nunc
1021 1167 1146 1232 Zoe,
1204 1170 1374 1221 amita
1405 1177 1609 1233 nostra,
1637 1168 1727 1236 ﬁet
1776 1184 1997 1237 prorsus
2026 1176 2082 1220 ut

506 1262 799 1330 imperator
863 1261 1028 1314 aliam
1115 1276 1333 1314 uxorem
1408 1260 1566 1313 ducat
1642 1275 1839 1328 nosque
1906 1274 2083 1312 omnes

507 1371 533 1405 ε
591 1354 761 1407 medio
812 1353 987 1407 tollat.
1057 1352 1251 1406 Verum
1305 1354 1436 1407 milii
1514 1352 1672 1422 ﬁdem
1725 1352 2081 1422 obstringito,

2183 520 2412 592 τελευτᾷ
2440 523 2499 575 ὲν
2531 523 2609 593 τῷ
2645 522 2914 592 παλατίῳ,
2954 521 3047 574 καὶ
3101 521 3190 575 διὰ
3236 521 3327 574 τοῦ
3380 521 3769 587 Βουκολέοντος

2185 612 2610 681 κατενεγκόντες
2648 612 2813 665 αὑτὸν
2844 614 2902 665 ὲν
2933 614 2998 682 τῇ
3027 614 3165 682 μονῇ
3223 610 3315 664 τοῦ
3344 612 3591 665 Καυλέου
3632 630 3769 666 κατ-

2185 705 2415 774 έθαψαν.

2258 797 2339 852 ιε’.
2369 796 2765 868 Συμφιλιοῦται
2789 797 2845 851 δὲ
2868 798 2896 850 ό
2926 797 3187 865 ὲπείκτης
3222 796 3498 860 Βασίλειος
3529 795 3609 867 τῷ
3635 813 3768 849 κου-

2186 891 2517 961 6ικουλαρίῳ
2541 891 2777 961 Σαμωνᾷ
2806 889 2884 958 τῷ
2920 889 2981 955 ἐξ
3020 890 3358 960 Ἀγαρηνῶν,
3404 888 3500 941 τοῦ
3531 892 3627 958 τῆς
3666 889 3770 960 βα-

2185 986 2391 1050 σιλείας
2443 986 2771 1057 ὀρεγόμενος
2828 985 3161 1057 ἀξιώματος.
3217 986 3552 1058 Ἐθάρρησεν
3585 984 3643 1039 δὲ
3688 985 3771 1055 τῷ

2184 1081 2442 1151 Σαμωνᾷ,
2471 1081 2554 1134 ὅτι
2587 1080 2701 1147 Τῆς
2729 1079 2889 1145 θείας
2916 1078 3086 1146 ἡμῶν
3110 1079 3567 1147 τελευτησάσης
3598 1076 3768 1146 Ζωῆς

2183 1172 2355 1241 ἑτέρα
2379 1172 2615 1243 γυναικὶ
2635 1171 2876 1238 πάντως
2897 1176 2929 1224 ό
2946 1171 3252 1238 βασιλεὺς
3266 1170 3768 1239 συζευχθήσεται,

2184 1264 2284 1318 καί
2314 1263 2473 1333 ἡμᾶς
2487 1262 2762 1317 ἐκποδὼν
2785 1262 3175 1329 καταστήσει.
3197 1263 3309 1329 Δὸς
3330 1259 3443 1318 οὖν
3456 1280 3557 1331 μοι
3580 1265 3775 1332 λόγον

2186 1358 2267 1423 ὡς
2297 1356 2582 1426 φυλάξεις
2610 1356 2677 1409 τὸ
2702 1356 3063 1424 ἀπόρρητον,
3088 1355 3249 1423 κάγώ
3277 1371 3377 1410 σοι
3399 1354 3598 1409 πάντα
3626 1358 3769 1425 θαρ-

507 1461 763 1498 arcanum
814 1454 859 1497 te
925 1454 1291 1509 servaturum;
1348 1456 1460 1499 tum
1506 1461 1599 1516 ego
1638 1460 1788 1499 omne
1835 1444 1931 1497 tibi
1988 1460 2086 1497 no-

2194 1448 2355 1514 ῥήσω
2404 1450 2474 1502 τὰ
2526 1446 2628 1517 ὑφ’
2662 1446 2832 1516 ἡμῶν
2879 1448 3325 1516 βουλευόμενα.
3389 1448 3449 1501 '0
3496 1447 3555 1500 δὲ
3607 1448 3785 1501 τοῦτο

506 1548 676 1590 stram
727 1537 1007 1590 consilium
1064 1539 1295 1591 credam.
1361 1537 1520 1603 Quod
1591 1552 1715 1591 cum
1770 1536 1860 1591 ille
1922 1537 2085 1608 363

507 1630 751 1691 fecisset,
822 1646 1039 1685 omnem
1099 1632 1168 1686 ab
1229 1646 1295 1685 eo
1365 1631 1529 1686 discit
1594 1630 2083 1700 conspirationem.

508 1722 777 1778 Samonas
805 1740 935 1779 vero
967 1724 1034 1779 ad
1069 1726 1457 1795 imperatorem
1495 1725 1802 1793 ingressus,
1845 1723 1963 1790 Est,
2012 1726 2090 1778 in-

507 1818 648 1886 quit,
708 1816 969 1882 domine,
1044 1817 1183 1885 quod
1285 1818 1381 1871 tibi
1435 1828 1631 1871 secreto
1696 1818 1927 1887 loquar,
2002 1834 2083 1871 res

505 1908 705 1961 scilicet
748 1909 1029 1978 ejusmodi,
1086 1925 1203 1979 qua:
1262 1910 1309 1963 si
1359 1910 1595 1973 dicatur,
1678 1910 1808 1961 mihi
1874 1909 2085 1978 quidem

506 1998 806 2064 interitum,
849 2003 931 2054 sin
962 2011 1223 2067 taceatur,
1256 2012 1459 2055 certum
1501 2002 1599 2055 tibi
1626 2002 1850 2055 exitium
1877 2002 2083 2069 afferet,

508 2104 838 2159 omnemque
914 2092 1233 2161 imperatori
1284 2093 1745 2147 machinationem
1814 2094 2081 2149 narravit.

508 2179 757 2251 Cumque
810 2184 1113 2254 imperator
1160 2185 1305 2241 haud
1333 2186 1471 2241 satis
1507 2186 1771 2241 delationi
1801 2185 1961 2241 fidem
1990 2200 2086 2240 ac-

508 2275 904 2341 commodaret,
933 2290 1230 2347 secumque
1255 2278 1560 2349 ambigeret
1580 2294 1709 2333 num
1742 2278 1881 2334 forte
1901 2279 2086 2350 cujus-

509 2365 634 2418 dam
687 2382 859 2421 suasu
919 2368 1037 2423 haec
1076 2368 1169 2423 ille
1223 2368 1440 2425 locutus
1474 2370 1655 2425 esset?
1708 2372 1787 2425 ait
1842 2370 1909 2426 ad
1961 2385 2088 2425 eum

513 2457 787 2514 Samonas
826 2478 839 2515 :
877 2459 936 2515 Si
995 2478 1103 2515 rem
1156 2462 1365 2530 plenius
1419 2464 1557 2517 scire
1598 2462 1893 2530 desideras,
1941 2466 2091 2519 mitte

511 2550 725 2604 domum
755 2568 886 2622 quos
948 2553 1183 2618 libuerit,
1214 2566 1271 2608 ut
1304 2557 1360 2609 in
1386 2557 1615 2610 cubiculi
1641 2557 1836 2626 angulo
1867 2562 2089 2612 latentes

513 2644 691 2696 omnia
742 2647 1114 2714 cuuscribant,
1163 2664 1282 2718 qua:
1327 2649 1482 2702 ambo
1519 2652 1721 2719 pariter
1774 2652 2089 2720 loquemur;

512 2736 666 2805 inque
699 2753 818 2791 eum
849 2738 1064 2791 modum
1090 2740 1225 2793 nihil
1247 2756 1325 2794 me
1351 2740 1488 2809 falso
1516 2740 1754 2795 locutum
1773 2758 1886 2797 esse
1919 2744 2091 2797 omni-

514 2846 580 2883 no
610 2829 895 2901 intelliges.
954 2830 1118 2887 Mittit
1166 2832 1352 2903 itaque
1392 2834 1694 2902 imperator
1722 2833 2091 2903 Christopho-

512 2936 633 2976 rum
666 2924 1147 2992 protovestiarium
1203 2940 1311 2980 una
1368 2941 1492 2979 cum
1520 2926 1775 2997 Calocyri
1804 2926 2092 2981 cubicula-

512 3013 638 3079 rio;
668 3013 1011 3083 ingressique
1052 3014 1106 3067 in
1142 3013 1398 3070 Samonte
1433 3015 1692 3070 cubiculo
1738 3016 2089 3071 delitescunt.

2188 1540 2507 1611 πεποιηκὼς
2581 1542 2764 1593 πᾶσαν
2865 1541 2996 1611 παρ’
3070 1540 3238 1593 αὐτοῦ
3320 1539 3421 1609 τὴν
3495 1539 3773 1610 συσκευὴν

2188 1634 2522 1689 ἐδιδάσκετε.
2591 1633 2649 1687 'O
2692 1633 2750 1687 δὲ
2797 1634 3064 1702 Σαμωνᾶς
3110 1634 3191 1695 είς
3238 1632 3465 1699 βασιλέα
3508 1631 3771 1685 είσελθὼν

2192 1727 2327 1799 ἔφη·
2390 1727 2552 1781 Θέλω
2612 1726 2715 1779 σοί
2760 1742 2846 1790 τι,
2879 1726 3178 1790 δέσποτα,
3222 1725 3341 1791 tela
3368 1724 3582 1789 εἰπεῖν,
3623 1725 3773 1793 ὅπερ

2190 1823 2319 1892 ἐμοὶ
2358 1820 2478 1890 μὲν
2520 1821 2849 1888 λεγόμενον
2884 1818 3146 1873 θάνατον
3198 1818 3507 1886 προξενεῖ,
3551 1818 3651 1873 σοι
3702 1817 3775 1872 δὲ

2187 1913 2597 1983 σιωπώμενον.
2627 1913 2738 1966 Καὶ
2762 1910 3007 1981 διεξῆλθε
3038 1912 3175 1981 πρὸς
3209 1911 3301 1964 τὸν
3333 1910 3556 1980 βασιλέα
3587 1911 3772 1965 πᾶσαν

2188 2008 2473 2062 Βασιλείου
2516 2006 2832 2077 ἐπιϐουλήν.
2873 2005 2979 2057 Τοῦ
3010 2006 3067 2059 δὲ
3101 2005 3366 2076 βασιλέως
3395 2008 3510 2069 τοῖς
3557 2006 3774 2076 ῥηθεῖσι

2187 2101 2678 2170 διαπιστήσαντος,
2711 2099 2805 2151 καὶ
2832 2098 3077 2160 εἰπόντος
3112 2100 3325 2168 μήποτε
3353 2096 3429 2161 ὼς
3455 2097 3531 2167 ξιξ
3570 2097 3777 2151 ὑποϐο-

2189 2194 2290 2265 λῆς
2314 2210 2461 2257 τινος
2489 2193 2666 2247 ταῦτα
2701 2193 2937 2263 εἰρήκει,
2966 2195 2994 2246 ό
3026 2193 3083 2246 δὲ
3111 2194 3411 2261 Σαμωνᾶς,
3451 2194 3519 2246 El
3556 2193 3779 2258 ,Βούλει

2190 2285 2753 2356 πλῳοφορηθῆναι,
2784 2286 2972 2356 φησὶν,
3000 2285 3108 2351 οὓς
3140 2286 3358 2350 βούλει
3392 2288 3480 2352 εἰς
3517 2286 3585 2339 τὸ
3623 2285 3781 2355 ἐμὸν

2190 2378 2441 2432 saeuior
2465 2377 2867 2441 ἀπόστειλον,
2916 2377 3018 2431 καί
3060 2377 3392 2445 ἀποκρύψω
3424 2377 3677 2442 τούτους
3704 2374 3783 2430 ἐν

2191 2470 2550 2539 ἀποκρύφῳ,
2602 2468 2703 2523 καί
2746 2469 2866 2522 ὅσα
2922 2468 3082 2537 παρὰ
3128 2469 3455 2523 Βασαείου
3492 2468 3591 2522 καὶ
3631 2466 3781 2537 παρ’

2191 2562 2340 2631 ἐμοῦ
2362 2562 2651 2630 λέγωνται
2669 2601 2685 2624 ,
2712 2560 2990 2630 γράψωσι
3010 2598 3026 2620 ,
3055 2558 3156 2614 καὶ
3178 2561 3508 2627 τηνικαῦτα
3525 2561 3781 2625 ,ϐεϐαιω-

2192 2651 2355 2721 θήσῃ
2395 2653 2475 2718 ὡς
2507 2652 2689 2706 οὐδὲν
2716 2651 2945 2721 ψεῦδός
2988 2652 3121 2704 ἐστι
3157 2650 3278 2703 τῶν
3317 2650 3454 2717 παρ’
3499 2650 3646 2719 ἐμοῦ
3676 2664 3782 2703 σοι

2185 2743 2514 2813 ῥηθέντων.
2559 2741 2907 2796 Ἀποστέλλει
2941 2740 3034 2795 οὖν
3062 2743 3090 2795 ὁ
3118 2740 3373 2812 βασιλεὺς
3401 2739 3779 2811 Χριστοφόρον

2193 2834 2693 2906 πρωοὸεστιάριον
2720 2835 2839 2905 ἅμα
2868 2832 3146 2904 Καλοκῦρι
3182 2832 3503 2904 κοιτωνίτῃζ·
3535 2830 3586 2885 οἳ
3620 2834 3681 2885 ὲν
3699 2831 3771 2901 τῷ

2193 2929 2289 2982 τοῦ
2326 2930 2562 2999 Σαμωνᾶ
2605 2929 2806 3000 κελλίῳ
2851 2928 3172 2990 ἀνελθόντες
3208 2925 3548 2997 ὲκρύόησαν.
3605 2926 3667 2979 '0
3720 2925 3781 2979 δὲ

2195 3023 2464 3093 Σαμωνᾶς
2490 3022 2583 3075 τὸν
2615 3020 2701 3093 [Ρ.
2728 3020 2859 3092 224]
2891 3020 3171 3073 Βασίλειον
3203 3019 3468 3082 δελεάσας
3503 3016 3598 3071 καὶ
3617 3017 3782 3086 λόγον

514 3103 653 3159 Tum
713 3105 981 3161 Samonas
1015 3105 1214 3162 Basilio
1244 3106 1629 3171 obblandiens,
1657 3107 1954 3176 iurataque
1986 3108 2091 3161 fide

2195 3116 2418 3187 ἔνορκον
2459 3116 2583 3179 δοὺς
2616 3114 2804 3167 ἔπεισε
2838 3112 3003 3167 πάλιν
3033 3113 3217 3166 πᾶσαν
3250 3110 3401 3181 αὐτῷ
3429 3109 3531 3181 τὴν
3559 3108 3785 3163 imbuu-

515 3197 620 3253 sibi
652 3212 779 3253 eum
828 3198 1203 3269 obstringens,
1251 3212 1471 3254 omnem
1526 3214 1725 3254 rursus
1754 3199 1949 3253 suadet
1976 3214 2093 3254 ma-

515 3292 884 3349 chinationem
921 3292 1067 3347 clare
1096 3292 1348 3363 detegere
1394 3306 1461 3347 ac
1495 3292 1818 3364 coniuratos
1864 3291 2091 3347 referre.

515 3385 716 3439 Audita
748 3384 1029 3457 Calocyris
1061 3394 1116 3441 et
1164 3385 1597 3457 Christophorus
1628 3387 1833 3457 scripto
1866 3396 2099 3441 annota-

516 3486 679 3544 ruut;
714 3478 930 3549 illisque
962 3480 1359 3549 prandentibus
1394 3495 1452 3535 se
1489 3479 1747 3534 cubiculo
1782 3478 2097 3534 subducen-

517 3580 600 3625 ινδ
648 3571 978 3640 scripturam
1024 3570 1345 3640 imperatori
1390 3571 1801 3640 subscriptione
1835 3584 1935 3625 sua
1969 3584 2094 3624 mu-

517 3664 686 3719 nitam
746 3665 1014 3735 legerunt.
1067 3665 1329 3721 Basilium
1381 3664 1673 3719 confestim
1726 3662 1959 3718 accersit
1992 3663 2094 3717 im-

516 3766 763 3827 perator,
807 3757 1008 3825 datque
1052 3758 1242 3827 viginti
1269 3766 1507 3827 quatuor
1537 3756 1708 3810 millia
1742 3770 2096 3810 nummorum

517 3848 914 3904 miliareusium
938 3851 991 3904 in
1023 3851 1205 3905 amita:
1237 3849 1375 3905 Zocs
1397 3849 1596 3904 animae
1617 3849 1866 3902 levamen
1899 3847 2097 3917 legata,

519 3940 685 4011 inque
719 3941 1092 3999 Macedoniam
1129 3942 1370 4013 perferre
1412 3941 1600 4012 jussit.
1654 3940 1893 3996 Pardum
1930 3955 2102 3997 excu-

520 4034 739 4090 biarum
766 4034 1127 4106 drungarium
1166 4035 1566 4105 coniurationis
1596 4035 1830 4101 socium,
1858 4033 1927 4088 ad
1965 4032 2100 4088 Stu—

518 4130 718 4198 piotem
748 4128 938 4196 mittit,
984 4130 1135 4185 velut
1182 4143 1309 4183 eum
1361 4130 1761 4193 adducturum;
1810 4141 1973 4197 quem
2011 4126 2103 4182 ille

520 4220 866 4289 imperatoris
889 4220 1190 4289 diplomate
1224 4219 1577 4286 prmmouitus
1609 4219 1665 4272 in
1697 4218 1915 4273 vincula
1944 4232 2101 4273 com-

521 4313 691 4382 pegit.
725 4311 1006 4367 Nicolaum
1036 4311 1450 4364 hetaeriarcham
1490 4309 1721 4363 solerter
1750 4311 1884 4363 urbe
1914 4308 2100 4378 ejecit.

523 4404 785 4465 Basilium
834 4421 903 4459 ex
958 4401 1269 4459 Macedonia
1329 4410 1642 4454 revocatum
1692 4399 1857 4470 365
1887 4401 2104 4456 institu-

525 4505 695 4564 toque
747 4492 958 4565 judicio
1005 4492 1219 4549 acerbis
1253 4493 1539 4562 suppliciis
1587 4490 1834 4560 subjicit.
1890 4492 2103 4548 exustis

524 4588 761 4658 cipillis,
804 4601 1114 4657 pompaque
1164 4585 1469 4640 traductum
1512 4599 1607 4653 per
1639 4584 1875 4639 mediam
1910 4583 2108 4639 civita-

527 4691 635 4735 tem
665 4680 908 4737 Athenas
958 4679 1011 4734 in
1059 4679 1314 4735 exsilium
1354 4678 1526 4733 misit.
1556 4677 1886 4733 Convocatis
1915 4684 2103 4739 autem

527 4772 824 4839 imperator
868 4769 1085 4824 cunctis
1117 4768 1394 4839 magistris
1423 4784 1487 4823 ac
1532 4767 1876 4838 proceribus,
1916 4780 2042 4836 quae
2072 4781 2103 4821 a

530 4864 769 4920 Samona
804 4862 1042 4917 indicata
1072 4861 1309 4925 fuerant.
1334 4861 1437 4916 sub
1466 4860 1715 4915 omnium
1744 4867 2103 4929 conspectum

528 4956 675 5026 legit.
716 4954 782 5010 Hi
811 4956 1042 5011 summis
1072 4954 1328 5013 laudibus
1362 4952 1639 5009 hominem
1672 4952 2011 5016 extulerunt,
2046 4961 2107 5006 ut

528 5052 622 5122 qui
659 5050 1013 5120 imperatoris
1039 5050 1163 5103 vita:
1206 5046 1601 5110 consuluisset,
1634 5046 1988 5115 maximoque
2022 5044 2109 5098 di-

531 5158 697 5213 gnum
726 5142 937 5197 honore
966 5141 1401 5211 proclamarunt.
1430 5136 1733 5193 Confestim
1766 5137 1953 5205 itaque
1977 5151 2113 5205 pro-

532 5234 861 5303 tospatbarii
904 5233 1172 5305 dignitate
1210 5241 1434 5288 auctum
1476 5230 1619 5286 inter
1648 5228 1954 5286 familiares
1981 5244 2111 5284 eum

535 5326 645 5383 Leo
685 5327 979 5397 coaptavit.

610 5420 698 5472 16.
742 5417 1009 5474 Defuncto
1059 5418 1375 5489 patriarcha
1417 5416 1682 5483 Antonio,
1720 5413 1842 5483 ejus
1864 5412 1990 5468 loco
2013 5426 2095 5467 or-

537 5511 759 5569 dinatus
788 5523 873 5569 est
902 5514 1213 5583 patriarcha
1237 5512 1497 5569 Nicolaus
1518 5509 1805 5582 mysticus,
1836 5505 1923 5561 vir
1952 5505 2113 5575 longe

2195 3209 2295 3277 λὴν
2330 3206 2583 3277 φανερῶς
2614 3206 2851 3272 ἐξειπεῖν
2881 3207 2976 3259 καὶ
3002 3206 3130 3268 τοὺς
3162 3205 3282 3275 μετ’
3315 3202 3485 3258 αὑτοῦ
3529 3201 3787 3273 βουλευο-

2200 3301 2397 3370 μένους
2418 3317 2431 3330 ο
2464 3299 2609 3369 ἆπερ
2637 3298 2948 3368 Καλοκῦρις
2976 3297 3069 3351 καὶ
3090 3297 3464 3369 Χριστοφόρος
3486 3295 3785 3359 ἀκούοντες

2195 3393 2284 3448 διὰ
2340 3393 2560 3464 γραφῆς
2606 3392 2974 3462 ἐσημήναντο.
3022 3391 3239 3445 Τούτων
3281 3390 3340 3444 δὲ
3379 3390 3786 3461 ἀριστευόντων

2195 3481 2340 3541 οὗτοι
2369 3484 2721 3548 κατελθόντες
2753 3485 2852 3551 τὴν
2888 3484 3109 3555 γραφὴν
3142 3483 3220 3552 τῷ
3256 3482 3469 3553 βασιλεῖ
3495 3482 3788 3551 ὑπεσήμη-

2199 3593 2298 3631 ναν
2344 3576 2441 3630 καὶ
2483 3574 2823 3644 ἀνέγνωσαν.
2878 3576 2992 3627 Καὶ
3038 3573 3285 3642 παρευθὺ
3346 3572 3624 3625 Βασίλειον
3680 3571 3789 3642 μὲν

2203 3667 2721 3741 προσκαλεσάμενος
2762 3667 2964 3722 δέδωκε
3020 3667 3346 3737 μιλιαρήσια
3386 3664 3634 3735 χιλιάδας
3677 3666 3787 3729 κδ’,

2200 3765 2276 3828 ὼς
2319 3762 2480 3833 δῆθεν
2510 3760 2720 3832 ψυχικὰ
2760 3761 2860 3830 τῆς
2889 3759 3057 3812 αὐτοῦ
3089 3758 3239 3820 θείας
3269 3757 3429 3827 Ζωῆς
3457 3756 3752 3828 ὁρισθέντα
3771 3798 3787 3822 ,

2202 3857 2295 3911 καὶ
2328 3856 2386 3907 ὲν
2435 3852 2746 3923 Μακεδονίᾳ
2778 3849 3122 3906 ἀπέστειλεν.
3176 3848 3388 3919 Πὰρδον
3418 3847 3475 3901 δὲ
3512 3847 3795 3919 δρουγγά-

2204 3961 2322 4015 ριον
2352 3944 2452 4014 τῆς
2485 3944 2678 4013 βίγλης
2705 3941 2855 4012 αὐτῷ
2883 3939 3325 4010 κεκοινωνηκότα
3364 3939 3499 4008 πρὸς
3527 3937 3621 3991 τὸν
3648 3939 3793 3989 Στυ-

2202 4037 2418 4107 πιώτην
2472 4035 2796 4089 ἀποστέλλει
2835 4032 2933 4088 τοῦ
2982 4034 3145 4105 δῆθεν
3192 4033 3427 4101 ἀγαγεῖν
3474 4030 3672 4096 αὐτὸν,
3725 4030 3792 4095 ὃς

2203 4129 2580 4201 προμηνυθεὶς
2611 4126 2700 4181 διὰ
2734 4126 3022 4199 βασιλικῆς
3059 4126 3281 4196 γραφῆς
3310 4123 3498 4178 τοῦτον
3528 4124 3792 4193 ἐδέσμευ-

2204 4238 2297 4277 σεν
2323 4239 2336 4253 ·
2368 4220 2637 4275 Νικόλαον
2670 4219 2731 4274 δὲ
2771 4218 3161 4290 ἑταιρειάρχην
3191 4217 3295 4285 τῆς
3339 4214 3551 4279 πόλεως
3587 4215 3792 4283 ἐξήγα-

2204 4332 2321 4385 γεν.
2368 4313 2617 4381 ’Δγαγὼν
2653 4313 2709 4366 δὲ
2745 4314 2808 4366 ὲκ
2837 4309 3179 4372 Μακεδονίας
3204 4308 3486 4364 Βασίλειον
3520 4310 3618 4362 καὶ
3650 4310 3792 4361 ἅνα-

2134 4443 2179 4498 D
2208 4409 2402 4479 κρίνας
2444 4406 2609 4459 αὐτὸν
2638 4406 2736 4458 καὶ
2771 4403 2951 4486 τύψας
2983 4401 3231 4473 σφοδρῶς
3261 4388 3359 4498 καὶ
3396 4399 3790 4498 τρίχαςλαὺτοῦ

2207 4498 2553 4569 καταφλέξας
2590 4498 2686 4550 καὶ
2728 4497 2788 4550 έν
2842 4495 2983 4568 μέσῃ
3016 4493 3397 4565 θριαμϐεύσας
3425 4496 3493 4563 τῇ
3531 4492 3686 4547 πόλει
3728 4493 3794 4546 ὲν

2218 4586 2472 4655 Ἀθήναις
2502 4583 2787 4653 ἐξώρισεν.
2820 4581 3039 4645 Πάντας
3070 4580 3130 4634 δὲ
3154 4582 3283 4645 τοὺς
3317 4580 3654 4651 μαγίστρους
3690 4580 3795 4635 καὶ

2204 4681 2332 4743 τοὺς
2361 4681 2421 4733 ὲν
2449 4677 2592 4731 τέλει
2629 4678 2658 4731 ὁ
2704 4675 2960 4746 βασιλεὺς
2998 4673 3520 4744 προσκαλεσάμενος
3553 4671 3793 4726 ἐνώπιον

2206 4774 2389 4828 αὐτῶν
2435 4774 2506 4826 τὰ
2551 4771 2655 4824 ὑπὸ
2696 4769 2937 4836 Σαμωνᾶ
2980 4766 3287 4838 μηνυθέντα
3327 4764 3559 4834 ἀνέγνω.
3604 4764 3671 4819 υἱ
3732 4764 3792 4818 δὲ

2206 4868 2397 4922 τοῦτον
2421 4866 2836 4936 ὑπερεπῄνεσαν
2867 4861 2944 4924 ὼς
2963 4861 3063 4930 τῆς
3084 4859 3179 4913 τοῦ
3204 4856 3795 4930 βασιλέως’παραίτιον

2206 4959 2556 5016 καταστάντα
2590 4956 2773 5027 ξωῆς,
2805 4954 2901 5008 καὶ
2941 4952 3092 5017 ἄξιον
3126 4949 3393 5022 μεγίστης
3436 4944 3577 5032 εἷναι
3620 4947 3795 5019 τιμῆς

2208 5052 2660 5123 προσειρήκασιν.
2707 5047 2765 5100 '0
2805 5045 2865 5098 δὲ
2891 5042 3083 5098 τοῦτον
3114 5040 3365 5114 παρευθῦ
3394 5042 3463 5112 τῇ
3503 5038 3601 5094 τοῦ
3636 5054 3796 5109 upw-

2208 5142 2576 5213 τοσπαθαρίου
2606 5142 2742 5212 τιμῇ
2784 5137 3021 5219 ἠξίωσεν
3054 5134 3153 5191 καὶ
3184 5133 3388 5188 οἰκεῖον
3437 5130 3619 5202 ἑαυτῷ
3658 5146 3799 5185 κατι

2212 5235 2505 5305 εστήσατο.

2293 5417 2389 5478 ις’.
2450 5410 2833 5475 Ἑτειιευτησεν
2878 5404 2935 5458 δὲ
2967 5403 2997 5456 ὁ
3039 5401 3385 5475 πατριάρχης
3418 5399 3685 5469 Στέφανος
3724 5398 3795 5462 ⁸³,

2218 5505 2315 5560 καὶ
2342 5504 2459 5558 ἀντ’
2486 5499 2653 5555 αὑτοῦ
2689 5495 3033 5569 πατριάρχης
3059 5497 3087 5550 ὁ
3118 5493 3378 5566 μυστικὸς
3412 5489 3800 5562 ἐχειροτονήθη

1861 5691 2089 5751 νΑιιυΕ
2128 5684 2533 5744 LECTIONES.

618 5791 659 5819 ³³
691 5788 974 5853 Ἀντώνιος
997 5806 1186 5861 margo
1210 5790 1461 5848 Combef.
