4136 6418
338 360 451 423 381

1420 356 1568 419 LIB.
1602 356 1701 417 VI.
1743 380 1813 391 -
1841 355 1989 415 LEO
2020 355 2306 416 BASILII
2333 358 2611 419 FILIUS.

3532 357 3637 421 382

348 472 636 532 Νικόλαος,
670 469 701 521 ό
746 465 920 519 πολλὰ
959 465 1062 536 μὲν
1094 466 1236 520 κατὰ
1270 467 1368 536 τῆς
1408 465 1455 500 ⁸³
1504 466 1697 535 σοφίας
1731 484 1935 538 προτε-
1964 517 1969 528 ε

2073 468 2308 537 apientia
2344 480 2635 539 praestans,
2665 484 2788 524 cum
2822 470 2939 539 pari
2987 471 3258 527 modestia
3312 488 3642 544 morumque

365 569 431 639 ρή
441 580 579 633 ματα
605 562 697 613 σὺν
727 559 1035 629 εὐσχήμονι
1064 559 1417 611 καταστάσει.
1449 558 1782 629 Παρελήφθη
1819 558 1874 612 δὲ
1910 558 1946 628 ἡ

364 658 517 720 πόλις
569 650 930 725 Δημητριὰς,
976 652 1011 721 ὴ
1044 650 1102 703 ὲν
1147 650 1226 720 τῷ
1265 650 1466 721 θέματι
1513 650 1767 713 Ἑλλάδος
1792 690 1805 715 ,
1843 648 1951 702 ὑπὸ

360 749 468 801 τῶν
506 742 853 815 ’Δγαρηνῶν.

429 836 517 901 ις’.
553 834 799 908 Δέωνκδὲ
826 835 857 888 ό
895 832 1152 903 βασιλεὺς
1182 831 1369 901 στέφει
1403 832 1606 886 ’Ἅνναν
1637 832 1951 903 θυγατέραν

354 932 511 999 Ζωῆς
545 928 649 999 τὴν
679 926 791 980 ἀπὸ
831 925 928 979 τοῦ
960 924 1007 957 ⁸⁸
1048 922 1327 988 Ζαούτζα,
1362 924 1454 976 διὰ
1481 924 1543 976 τὸ
1583 924 1657 994 μὴ
1687 923 1952 980 δύνασθαι

352 1022 532 1075 ποιεῖν
590 1018 660 1072 τὰ
721 1016 866 1071 κατὰ
923 1016 1095 1070 τύπον
1142 1017 1443 1085 κλητόρια,
1498 1015 1819 1087 Αὐγούστης
1874 1017 1952 1088 μὴ

350 1113 546 1185 οῦσης.
604 1109 876 1179 Ἠγάγετο
907 1108 965 1162 δὲ
999 1111 1027 1162 ό
1072 1109 1326 1180 βασιλεὺς
1356 1110 1528 1179 κόρην
1568 1111 1633 1162 ὲκ
1665 1109 1760 1163 τοῦ
1802 1109 1955 1180 Ὀψι·

355 1205 485 1259 κίου
518 1205 781 1273 θέματος,
821 1202 1033 1274 ὡραίαν
1072 1219 1133 1255 τε
1177 1203 1274 1256 καὶ
1307 1201 1650 1273 περικαλλῆι·
1685 1202 1857 1273 ὄνομα
1898 1202 1955 1257 δὲ

356 1298 498 1365 αὐτῇ
532 1294 791 1347 Εύδοκία.
838 1294 1091 1363 Ἐγημέν
1137 1310 1199 1345 τε
1239 1292 1408 1363 αὐτὴν
1442 1294 1537 1347 καὶ
1578 1292 1806 1363 ἔστεψεν
1835 1312 1850 1327 ·
1895 1294 1956 1361 ἐξ

222 1388 235 1398 ⁸
352 1384 425 1460 ἧς
466 1388 633 1441 παῖδα
676 1386 938 1456 ἐποίησεν
967 1387 1194 1458 ἄρρενα,
1228 1388 1316 1456 ἐφ’
1361 1380 1407 1456 ᾧ
1458 1387 1558 1441 καὶ
1593 1387 1734 1458 αὑτὴ
1768 1387 1862 1441 καὶ
1894 1388 1957 1442 τὸ

356 1481 629 1552 γεννηθὲν
668 1478 1051 1547 ἐτελεύτησεν.

438 1660 531 1730 ιη’.
584 1660 845 1712 Ἐκτισεν
894 1657 953 1711 δὲ
995 1657 1227 1728 πλησίον
1256 1656 1351 1710 τοῦ
1383 1657 1492 1712 τῶν
1544 1658 1744 1727 Ἀγίων
1796 1659 1958 1713 Ἀπο-

373 1754 579 1810 στόλων
610 1751 741 1805 ναοῦ
789 1750 1089 1819 ἐκκλησίαν
1118 1750 1146 1802 ὁ
1182 1750 1439 1820 βασιλεὺς
1467 1751 1556 1804 ἐπ’
1597 1751 1823 1822 ὀνόματι
1857 1751 1960 1820 τῆς

2050 562 2467 630 cnmpositione.
2529 562 2696 631 Capta
2743 564 2812 617 ab
2839 565 3109 633 Agarenis
3146 566 3277 620 urbs
3308 565 3639 632 Demetrias.

2050 660 2307 721 spectans
2334 653 2401 706 ad
2431 654 2625 710 Atticae
2658 654 2865 709 thema.

2122 830 2212 885 i7.
2265 829 2508 886 Coronat
2552 831 2664 887 Leo
2712 832 2927 887 Annam
2997 833 3136 889 Zoes
3200 833 3368 889 tiliam
3422 834 3643 890 Zautza:

2054 934 2294 994 neptem,
2330 923 2476 995 quod
2508 926 2810 981 constituta
2840 941 2907 980 ex
2937 940 3091 981 more
3119 926 3368 981 convivia
3399 928 3641 996 publica,

2052 1017 2342 1072 deﬁciente
2396 1018 2671 1087 Augusta,
2726 1018 3007 1073 celebrare
3042 1033 3150 1073 non
3214 1025 3421 1086 posset.
3479 1017 3647 1072 Duxit

2054 1124 2186 1165 vero
2220 1110 2517 1179 imperator
2550 1110 2787 1180 puellam
2822 1126 2889 1166 ex
2915 1109 3125 1181 Opsicii
3152 1111 3395 1166 themate
3430 1109 3644 1166 formo-

2055 1217 2174 1258 sam
2224 1203 2495 1273 longeque
2547 1202 3014 1272 pulcherrimam,
3053 1202 3356 1257 Eudociam
3398 1201 3643 1268 nomine,

2056 1291 2457 1360 celebratisque
2495 1292 2812 1362 nuptiarum
2845 1292 3131 1348 solemniis
3158 1292 3451 1362 Augustali
3482 1307 3648 1348 coro-

2056 1397 2128 1439 na
2161 1382 2427 1449 donavit;
2465 1398 2533 1436 ex
2604 1397 2709 1453 qua
2746 1391 3003 1452 suscepta
3039 1381 3191 1449 prole
3224 1382 3501 1446 mascula,
3526 1389 3644 1436 tum

2056 1474 2175 1543 ipsa
2214 1474 2271 1528 in
2307 1482 2469 1544 partu
2517 1472 2768 1539 interiit,
2828 1482 2942 1528 tum
2991 1478 3158 1542 quam
3206 1472 3418 1542 prolem
3467 1480 3651 1528 sustu-

2057 1564 2217 1622 lerat.

2133 1658 2222 1714 18.
2271 1657 2431 1714 Haud
2482 1658 2678 1729 procul
2729 1659 2798 1714 ab
2829 1658 2944 1713 aede
2977 1656 3079 1713 SS.
3106 1657 3502 1728 Apostolorum
3534 1656 3648 1711 Leo

2059 1750 2321 1820 templum
2368 1765 2436 1804 ex
2471 1751 2691 1805 nomine
2734 1749 2937 1819 prioris
2980 1751 3171 1807 uxoris
3201 1765 3317 1805 suae
3350 1749 3645 1818 Theopha-

370 1847 645 1918 προτέρας
695 1843 862 1898 αὐτοῦ
907 1843 1165 1912 γυναικὸς
1214 1843 1546 1912 Θεοφανοῦς.
1597 1844 1857 1898 Ἔκτισεν
1900 1844 1958 1897 δὲ

2073 1844 2224 1896 nonis
2261 1843 2556 1899 exstruxit.
2594 1842 2699 1899 Sed
2732 1855 2785 1900 et
2824 1844 2883 1900 S.
2918 1844 3111 1898 Lazari
3152 1845 3443 1899 ecclesiam
3484 1841 3648 1913 365

340 2008 343 2009 ν
373 1942 475 1993 καὶ
494 1940 597 2006 τὴν
631 1937 724 1991 τοῦ
753 1936 938 2004 ’Δγίου
978 1934 1232 2006 Λαζάρου
1270 1935 1568 2005 ἐκκλησίαν
1596 1936 1705 1989 τῶν
1732 1936 1962 2006 λεγομέ-

383 2048 494 2085 νων
523 2031 743 2094 Τόπων,
780 2028 879 2081 καὶ
930 2026 1097 2097 μονὴν
1146 2025 1359 2098 ἀνδρῶν
1393 2025 1672 2097 εὐνούχων
1716 2027 1775 2080 εν
1821 2027 1959 2099 αὐτῇ

389 2118 817 2175 κατεσκεύασεν·
869 2116 1002 2171 ἔνθα
1061 2116 1159 2171 καὶ
1214 2118 1277 2170 τὸ
1326 2117 1423 2171 τοῦ
1488 2117 1648 2186 ἁγίου
1708 2119 1964 2189 Λαζάρου

388 2212 551 2281 σῶμα
600 2210 692 2263 καὶ
730 2211 823 2280 τῆς
859 2210 1097 2279 ἀδελφῆς
1135 2208 1302 2262 αὑτοῦ
1342 2210 1711 2281 Μαγδαληνῆς
1758 2212 1961 2264 ἀνακο-

378 2306 553 2375 μίσας
591 2303 842 2357 ἀπέθετο.
876 2301 962 2374 [Ρ.
993 2300 1123 2373 225]
1154 2301 1263 2355 Τοῦ
1286 2301 1343 2355 δὲ
1378 2302 1566 2355 στόλου
1605 2305 1664 2357 ἐν
1697 2304 1811 2365 τοῖς
1851 2302 1965 2355 τῶν

374 2394 692 2464 ἐκκλησιῶν
743 2393 1003 2448 τοιούτων
1052 2392 1236 2465 ἔργοις
1300 2393 1742 2464 ἀσχολουμένου,
1796 2393 1859 2446 τὸ
1905 2396 1965 2448 ὲν

376 2486 603 2559 Σικελίᾳ
650 2485 1030 2557 Ταυρομένιον
1072 2486 1177 2539 ὑπὸ
1220 2485 1331 2540 τῶν
1375 2486 1601 2555 Ἀφρων
1632 2485 1966 2557 παρελήφθη

384 2579 481 2631 καὶ
510 2577 675 2639 πολὺς
700 2577 813 2630 τῶν
850 2576 1139 2645 Ῥωμαίων
1172 2576 1332 2648 φόνος
1368 2576 1609 2645 ἐγένετο.
1640 2575 1966 2648 Κατεσχέοη

382 2672 441 2725 δὲ
487 2674 579 2725 καί
628 2670 853 2740 Δῆμνος
902 2669 1007 2722 ὑπὸ
1044 2668 1155 2723 τῶν
1198 2668 1542 2741 Ἀγαρηνῶν,
1584 2670 1681 2724 καὶ
1714 2668 1967 2735 πλεῖστος

378 2763 777 2835 ᾐχμαλωτίσθη
811 2761 962 2826 λαός.

453 2872 545 2929 ιθ’.
597 2872 929 2943 Προέλευσιν
974 2870 1030 2923 δὲ
1063 2869 1157 2924 τοῦ
1190 2868 1455 2941 βασιλέως
1486 2868 1853 2940 πεποιηκότος
1898 2869 1966 2940 τῇ

373 2965 571 3037 ἡμέρᾳ
597 2965 697 3033 τῆς
731 2961 1263 3033 Μεσοπεντηκοστῆς
1296 2962 1377 3024 εἰς
1400 2961 1493 3015 τὸν
1534 2961 1692 3029 ᾶγιον
1719 2958 1965 3027 Μώκιον,

375 3060 437 3111 ἰν
479 3058 562 3125 τῷ
590 3055 886 3110 εἰσοδεύειν
928 3054 1025 3109 καὶ
1065 3053 1297 3124 πλησίον
1326 3052 1437 3105 τῶν
1461 3052 1669 3121 ’Ἁγίων
1714 3050 1969 3121 γενέσθαι

2064 1936 2130 1991 ad
2160 1933 2342 2005 Topos
2366 1936 2526 2005 (quos
2569 1937 2791 2008 vocant)
2818 1937 3131 2003 aediﬁcavit,
3173 1938 3338 2006 inque
3375 1936 3468 1991 illa
3497 1936 3647 1991 viro-

2062 2043 2184 2082 rum
2248 2028 2628 2083 eunuchorum
2702 2029 3097 2085 monasterium
3158 2030 3484 2092 constituit;
3535 2043 3648 2098 quo

2063 2122 2229 2176 etiam
2256 2121 2315 2178 S.
2355 2121 2547 2176 Lazari
2583 2138 2783 2193 corpus
2819 2124 3049 2193 ejusque
3078 2123 3287 2179 sororis
3316 2121 3649 2192 Magdalena:

2063 2230 2268 2284 corpus
2315 2216 2645 2271 translatum
2703 2216 2978 2285 deposuit.
3030 2215 3170 2271 Dum
3211 2230 3344 2270 vero
3381 2212 3648 2269 classiarii

2063 2306 2374 2361 istiusmodi
2403 2307 2661 2376 operibus
2703 2316 2923 2377 tempus
2950 2305 3298 2371 distrahunt,
3347 2303 3652 2359 Taurome-

2066 2398 2219 2452 nium
2255 2398 2311 2452 in
2352 2397 2541 2453 Sicilia
2584 2398 2653 2452 ab
2683 2396 2835 2454 Afris
2863 2398 3083 2469 capitur
3115 2398 3418 2468 ingensque
3457 2394 3657 2451 Roma-

2066 2505 2266 2545 norum
2295 2491 2480 2547 clades
2534 2491 2741 2562 agitur.
2778 2491 2990 2547 Lemno
3033 2505 3256 2561 quoque
3293 2489 3454 2558 potiti
3511 2489 3657 2558 Aga-

2066 2582 2185 2636 reni
2251 2596 2505 2653 magnam
2586 2582 2933 2652 captivorum
2998 2580 3409 2639 multitudinem
3477 2579 3654 2636 abdu-

2068 2682 2219 2731 cunt.

2142 2870 2231 2926 t9.
2277 2868 2414 2924 Cum
2460 2870 2761 2941 imperator
2791 2870 2882 2927 die
2926 2871 3124 2926 mediae
3161 2870 3519 2926 Pentecostes
3564 2881 3660 2926 so-

2069 2963 2237 3019 lemni
2267 2977 2464 3033 pompa
2511 2962 2578 3017 ad
2615 2963 2676 3017 S.
2728 2960 2967 3019 Mecium
3016 2962 3405 3032 processisset,
3434 2961 3660 3031 jamque

2073 3056 2442 3126 introgressus
2474 3054 2540 3108 ad
2569 3062 2791 3109 sanctas
2827 3069 2998 3124 prope
3019 3054 3221 3123 januas
3244 3068 3310 3107 ac
3345 3052 3654 3108 sacrarium

378 3150 565 3221 θυρῶν
594 3145 1002 3217 ὲκπεπηδηκὼς
1026 3162 1111 3211 τις
1140 3146 1235 3200 τοῦ
1275 3146 1528 3216 άμθωνος
1558 3145 1742 3216 passu
1767 3144 1969 3216 παχείᾳ

2075 3149 2338 3211 venisset,
2370 3147 2628 3203 exsiliens
2651 3148 2778 3217 quis
2817 3162 2884 3202 ex
2918 3146 3155 3202 umbone
3184 3144 3472 3201 robustum
3503 3158 3660 3198 cras—

381 3248 475 3297 καὶ
503 3244 707 3313 ἰσχυρᾷ
743 3240 937 3295 τούτου
963 3240 1159 3296 ἔπαισε
1189 3239 1336 3295 κατὰ.
1364 3239 1631 3309 κεφαλῆς.
1666 3239 1775 3294 Καὶ
1803 3238 1869 3310 δὴ
1902 3239 1970 3294 ἂν

381 3337 733 3393 ἐθανάτωσεν
791 3333 1077 3403 παρευθὺ,
1133 3334 1182 3387 εἰ
1245 3333 1320 3403 μὴ
1366 3333 1596 3403 προνοίᾳ
1624 3332 1734 3386 τινίΙ
1768 3332 1831 3387 τὸ
1869 3334 1971 3402 τῆς

386 3429 586 3501 ῥάϐδου
626 3428 797 3497 ἄκρον
835 3425 915 3497 τῷ
945 3424 1336 3495 πολυκανδήλῳ
1381 3422 1846 3495 προσκεκρουκὼς
1872 3424 1971 3492 τῆς

390 3522 567 3593 βιαίας
622 3518 823 3591 μικρὸν
874 3515 1141 3587 ἁνεσχέθη
1207 3516 1403 3587 φορᾶς.
1465 3516 1574 3571 Τοῦ
1624 3516 1683 3569 δὲ
1737 3516 1973 3586 αἵματος

389 3609 636 3683 σςοδρῶς
657 3611 726 3662 ἑκ
754 3607 856 3676 τῆς
879 3605 977 3661 τοῦ
1007 3605 1275 3678 βασιλέως
1300 3607 1701 3678 καταρρέοντος
1724 3604 1972 3675 κεφαλῆς

383 3704 603 3774 ταραχή
640 3716 702 3755 τε
732 3699 832 3756 καὶ
862 3697 1010 3769 φυγὴ
1054 3696 1165 3752 τῶν
1196 3698 1474 3769 ἀρχόντων
1517 3699 1755 3767 ἐγένετο.
1817 3697 1875 3751 '0
1915 3698 1973 3758 δὲ

386 3794 621 3863 ἀδελφὸς
663 3790 833 3848 αὑτοῦ
885 3789 1233 3861 Ἀλέξανδρος
1283 3790 1439 3859 νόσον
1490 3789 1974 3861 προφασισάμενος

400 3884 466 3939 σὺ
489 3882 750 3950 κατῆλθεν
782 3885 842 3937 ὲν
865 3884 933 3953 τῇ
967 3881 1181 3953 εἰσόδῳ,
1211 3881 1287 3946 ὼς
1317 3884 1383 3936 ἐκ
1409 3882 1601 3935 τούτου
1629 3881 1977 3953 ὑποπτευθῆ-

411 3990 505 4026 ναι
530 3972 691 4027 αὐτὸν
718 3974 806 4044 τὴν
851 3973 1113 4044 τοιαύτην
1162 3974 1459 4044 ἐπιϐουλὴν
1497 3972 1974 4044 κατεργάσασθαι.

422 4063 484 4118 ὐ
520 4062 579 4116 δὲ
620 4063 706 4117 τὸν
735 4062 952 4133 βασιλέα
980 4064 1192 4135 πλήξας
1230 4064 1588 4135 κατασχεθεὶς
1626 4063 1723 4117 καὶΙ
1771 4062 1975 4127 πολλὰς

397 4156 673 4229 βασάνους
718 4155 1183 4230 ὑπομεμενηκὼς,
1235 4156 1359 4210 ἐπεὶ
1419 4156 1625 4227 μηδένα
1676 4156 1978 4209 συνειδέναι

391 4248 983 4319 καθωμολόγεικτέλος
1011 4253 1200 4321 χεῖρας
1226 4250 1321 4303 καὶ
1346 4250 1510 4314 πόδας
1537 4249 1795 4313 ἐκκοπεὶς
1823 4251 1881 4304 ὲν
1909 4252 1977 4321 τῇ

388 4341 485 4396 τοῦ
520 4341 755 4396 ἱππικοῦ
805 4342 1066 4413 σφενδόνῃ
1108 4341 1270 4411 ἐκάη.
1306 4341 1536 4395 "Extare
1566 4341 1625 4396 δὲ
1670 4343 1704 4412 ὴ
1752 4341 1978 4412 τοιαύτη

393 4433 634 4502 ἐξεκόπη
669 4432 1013 4502 προέλευσις.
1049 4432 1204 4486 Μετὰ
1238 4430 1295 4484 δέ
1322 4448 1447 4485 τινα
1472 4431 1664 4501 καιρὸν
1695 4431 1921 4501 Μάρκος
1950 4431 1980 4484 ὁ

2078 3258 2312 3313 sumque
2338 3240 2537 3297 fustem
2576 3241 2633 3295 in
2655 3241 2776 3311 ejus
2796 3248 2961 3310 caput
2982 3238 3229 3309 impegit.
3266 3238 3344 3292 Ac
3366 3251 3500 3293 sane
3529 3250 3660 3291 mox

2078 3339 2418 3405 sustulisset,
2487 3336 2594 3392 nisi
2648 3336 2888 3407 quadam
2955 3333 3049 3389 Dei
3098 3329 3442 3403 providentia
3500 3327 3661 3385 fustis

2078 3432 2371 3489 summitas
2412 3430 2686 3485 multiﬁdo
2733 3428 2986 3500 pendenti
3025 3425 3360 3483 candelabro
3389 3421 3666 3479 illisa‘imo

2078 3539 2267 3597 petum
2303 3524 2571 3592 tantisper
2601 3522 2927 3578 remisisset.
2956 3519 3170 3576 Cruore
3203 3533 3271 3573 ex
3312 3513 3667 3586 imperatoris

2080 3619 2255 3689 capite
2303 3615 2529 3687 largiter
2574 3613 2847 3670 deﬂuente
2886 3610 3089 3669 turbati
3120 3623 3383 3681 proceres
3415 3607 3509 3661 alii
3556 3604 3667 3659 alio

2078 3711 2365 3780 ditiugere.
2399 3708 2712 3765 Alexander
2735 3707 2857 3775 ejus
2891 3704 3063 3761 frater
3094 3702 3507 3775 aegrotationem
3534 3712 3668 3752 cau-

2081 3811 2236 3860 satus
2266 3815 2480 3871 pompm
2531 3815 2638 3853 non
2693 3799 2966 3863 interfuit,
3013 3812 3080 3852 ex
3108 3810 3221 3867 quo
3243 3790 3579 3865 ejuscemodi
3610 3790 3667 3844 in

2081 3897 2305 3953 fratrem
2352 3892 2675 3948 insidiarum
2722 3900 2918 3946 auctor
2960 3904 3135 3960 prope
3167 3886 3417 3942 inaudiit.
3452 3884 3668 3953 Appre-

2081 3988 2291 4043 hensus
2329 3983 2495 4054 igitur
2517 3996 2841 4051 percussor,
2878 3981 3182 4048 multisque
3218 3975 3509 4034 tormentis
3530 3974 3667 4030 sub-

2082 4086 2255 4135 actus.
2290 4089 2415 4129 cum
2468 4073 2680 4127 nullum
2720 4065 3127 4141 coniurationis
3168 4070 3384 4125 socium
3420 4079 3668 4123 nossese

2082 4168 2452 4242 proﬁteretur,
2502 4165 2571 4220 ad
2626 4172 2937 4219 extremum
3000 4161 3263 4217 manibus
3324 4160 3670 4232 pedibusque

2086 4258 2331 4332 praecisis
2366 4257 2433 4311 ad
2454 4254 2602 4311 Circi
2626 4263 2827 4309 metam
2857 4252 3184 4309 combustus
3209 4260 3313 4307 est.
3344 4250 3475 4306 Post
3504 4250 3672 4305 breve

2086 4364 2267 4410 autem
2316 4363 2532 4421 tempus
2587 4348 2809 4404 Marcus
2859 4345 3313 4417 sapientissimus
3340 4342 3667 4408 monachus,

2089 4447 2208 4516 ejus
2259 4443 2509 4500 ecclesiae
2549 4455 2897 4506 meonomus,
2944 4437 3041 4508 qui
3087 4435 3273 4506 magni
3316 4433 3531 4489 Cosme
3561 4429 3671 4485 Te-

400 4524 711 4592 σοφώτατος
744 4525 999 4595 μοναχὸς,
1031 4523 1315 4593 οἰκονόμος
1350 4522 1428 4576 ὢν
1451 4522 1553 4592 τῆς
1579 4522 1749 4593 αὐτῆς
1778 4521 1969 4592 ἐκκλη-

2082 4537 2355 4593 traodinm
2387 4535 2649 4607 hymnum
2714 4532 2901 4601 magni
2957 4527 3189 4586 Sabhati
3244 4526 3507 4593 absolvit,
3542 4538 3670 4580 cum

400 4616 538 4679 σίας,
582 4615 647 4679 ὃς
701 4617 799 4669 καὶ
835 4617 897 4669 ὲν
938 4618 1163 4690 μεγάλῳ
1195 4618 1460 4689 Σαϐϐάτῳ
1501 4620 1831 4690 τετραῴδιον
1882 4618 1978 4674 τοῦ

394 4707 640 4778 μεγάλου
686 4709 889 4778 Κοσμᾶ
921 4709 1352 4781 ἀνεπλήρωσεν,
1404 4714 1464 4765 ἰν
1513 4716 1581 4784 τῇ
1612 4712 1863 4786 τραπέζῃ
1899 4714 1981 4785 τῷ

390 4797 609 4867 βασιλεῖ
674 4798 1112 4871 συνεστιώμενος
1184 4803 1436 4872 ἐλιπάρει
1507 4804 1685 4875 τούτῳ
1749 4808 1827 4877 μὴ
1882 4807 1981 4876 τὴν

386 4890 660 4961 τοιαύτην
706 4892 1015 4963 εκκοπῆναι
1064 4895 1407 4965 προέλευσιν.
1463 4897 1571 4951 Τοῦ
1610 4898 1669 4951 δὲ
1716 4898 1983 4968 βασιλέως

384 4984 840 5054 ἀπαναινομένου
890 4987 920 5040 ό
948 4987 1177 5055 Μάρκος
1226 4987 1330 5059 ἔφη
1358 5006 1373 5023 ο
1410 4988 1509 5057 Μὴ
1545 4989 1778 5059 (im-((01;
1824 4993 1984 5060 μηδὲ

387 5074 754 5147 χαλέπαινε,
783 5077 833 5133 ὦ
855 5081 1149 5146 βασιλεῦ,
1177 5084 1307 5137 ἐπεὶ
1350 5084 1875 5154 προγεγραμμένον
1903 5082 1985 5157 ἦν

388 5168 561 5235 παρὰ
607 5168 718 5225 τοῦ
777 5173 1092 5242 προφήτου
1138 5174 1321 5247 ΔαϐἰιξΙ
1362 5176 1543 5230 τοῦτό
1593 5190 1669 5231 σε
1720 5179 1988 5231 καθυπο-

385 5258 663 5327 στῆναι·
722 5265 1043 5334 προείρηκε
1085 5265 1201 5335 γὰρ
1246 5267 1456 5331 τοῦτο,
1490 5267 1724 5338 λέγων’
1761 5287 1779 5321 ‹
1827 5269 1988 5324 Ὅσα

385 5352 853 5421 ἑπονηρεύσατο
902 5360 936 5411 ό
983 5358 1199 5429 ἐχθρὸς
1244 5360 1315 5414 ἐν
1362 5360 1444 5425 τῷ
1491 5362 1641 5431 ἁγίῳ
1692 5379 1842 5428 σου,
1888 5363 1989 5417 καί

470 5563 499 5601 Ρ
536 5552 684 5611 Psal.
717 5570 918 5620 sunt,
974 5556 1028 5611 3.

2087 4630 2417 4701 imperatore
2444 4627 2609 4698 366
2639 4638 2843 4679 mensa:
2871 4621 3125 4679 assidens
3159 4619 3388 4690 rogabat
3418 4633 3487 4673 ne
3523 4617 3674 4687 ejus-

2084 4724 2233 4780 modi
2267 4736 2562 4793 processus
2595 4733 2660 4773 ae
2685 4731 2886 4788 pompa
2913 4716 2984 4769 ab
3020 4730 3089 4771 eo
3120 4714 3506 4782 abrogaretur.
3542 4711 3668 4777 Quo

2086 4817 2399 4879 abnuente,
2431 4813 2509 4869 ait
2560 4811 2777 4866 Marcus
2813 4826 2828 4864 :
2866 4806 2949 4862 Ne
2987 4807 3247 4861 irascaris
3301 4813 3395 4859 aut
3437 4804 3671 4873 iniquius

2087 4908 2255 4978 feras,
2288 4911 2607 4977 imperator.
2642 4903 2854 4958 Etenim
2880 4901 2936 4955 id
2962 4900 3091 4954 olim
3120 4898 3216 4952 tibi
3239 4910 3549 4951 evenrurum
3579 4910 3668 4947 va-

2086 5002 2340 5056 ticinatus
2391 5007 2507 5053 erat
2546 4998 2719 5052 David
2745 4996 3025 5065 propheta.
3054 4991 3321 5047 Prtedixit
3356 4989 3497 5044 enim
3536 4986 3630 5041 ille
3651 5002 3673 5041 :

2092 5112 2113 5147 ι
2161 5092 2380 5160 Quanta
2414 5092 2743 5163 malignatus
2788 5100 2868 5145 est
2916 5089 3170 5144 inimicus
3221 5086 3277 5140 in
3314 5091 3500 5139 sancto
3523 5080 3673 5135 meo'

2086 5195 2136 5242 et
2153 5185 2372 5257 gloriati
2415 5192 2539 5240 sunt
2562 5185 2654 5254 qui
2695 5184 2924 5238 oderunt
2952 5181 3087 5237 tein
3120 5179 3294 5234 medio
3322 5173 3675 5231 soteuuitatis
3737 5172 3744 5179 ’

2089 5289 2195 5333 tua:
2212 5289 2260 5332 ρ.
2301 5275 2490 5347 Itaque
2543 5284 2749 5347 oportet
2806 5287 2854 5330 te
2900 5274 3035 5329 alios
3071 5270 3259 5329 exinde
3300 5282 3465 5325 annos
3493 5264 3676 5321 decem

2089 5369 2378 5437 imperare.
2426 5366 2586 5434 Quod
2628 5375 2681 5422 et
2713 5364 2961 5438 conligit.
3002 5362 3136 5420 Post
3166 5362 3353 5419 decem
3388 5357 3533 5415 enim
3570 5370 3671 5411 an-

1706 5715 1938 5773 VARlz'E
1972 5717 2390 5779 LECTIONES.

478 5824 525 5855 ⁸³
558 5825 585 5877 ὀ
615 5825 782 5891 πολὺς
809 5825 878 5880 τά
910 5828 1007 5896 τῆς
1032 5824 1281 5883 Combcf.

1386 5828 1432 5861 “
1463 5828 1563 5898 τῆς
1590 5827 1681 5882 τοῦ
1703 5827 1763 5883 Ζ.
1799 5828 2051 5887 Combet‘.
