4136 6422
505 337 616 402 383

1606 349 2118 411 TIIEOPHANES
2157 348 2712 411 CONTINUATUS.

3672 352 3775 415 38-1

501 470 625 520 nos,
664 459 777 526 ipsa
831 460 920 515 die
978 480 1086 534 qua
1137 466 1338 522 vulnus
1372 477 1687 538 acceperat,
1729 468 1869 523 vivis
1906 482 2082 521 exem-

2190 464 2619 535 ἐκαυχήσαηο
2658 469 2712 520 ol
2759 468 3087 537 μισοῦντές
3127 486 3201 525 σε
3244 470 3313 524 ἐν
3353 470 3522 540 μέσῳ
3564 469 3777 539 ἑορτῆς

501 558 626 615 plus
649 558 754 605 est.

2195 574 2330 613 σου.
2391 579 2409 611 ›
2466 560 2564 613 Δεῖ
2605 556 2719 615 οὖν
2747 576 2820 614 σε
2842 603 2856 626 ,
2893 561 3193 627 δέσποτα,
3228 564 3346 618 ἀπὸ
3375 562 3483 618 τοῦ
3515 563 3634 617 νῦν
3654 562 3778 629 ’ἐτη

498 640 647 696 δέκα
684 644 798 711 τὴν
822 648 1157 711 ,ϐασιλείαν
1196 651 1547 718 κατασχεῖν,
1601 653 1667 703 Ὃ
1699 652 1792 704 καὶ
1828 652 2085 720 γέγονεν·
2132 653 2273 721 μετὰ
2314 654 2423 726 γάρ
2461 654 2561 725 τὴν
2596 655 2945 726 ἐκπλήρωσιν
3021 656 3131 710 τῶν
3168 657 3300 711 δέκα
3372 658 3668 724 ἐνιαυτῶν,
3705 662 3775 731 τῇ

501 740 637 809 αύτῇ
666 743 851 814 ἡμέρᾳ
883 746 941 796 ὲν
1034 746 1129 799 καί
1156 746 1394 817 ἐπλήγη,
1422 746 1830 816 τετελεύτηκεν.

568 831 659 886 20.
694 831 867 891 Porro
896 836 1003 891 Zoe
1024 848 1219 906 quarta
1245 839 1443 895 Leonis
1478 856 1615 895 uxor
1640 842 1694 894 in
1730 841 1932 911 palatio
1957 857 2083 896 cum

498 939 565 978 eo
614 928 960 991 versabatur,
1005 931 1282 985 hauddum
1334 933 1680 1003 nuptialibus
1731 935 1957 988 corollis
1989 934 2088 988 do-

502 1026 649 1072 nata.
698 1018 833 1073 Cum
870 1036 999 1075 vero
1030 1021 1249 1091 Bulgari
1287 1025 1697 1081 incursionibus
1734 1042 1848 1080 rem
1880 1025 2086 1081 Roma-

501 1124 629 1162 nam
656 1120 975 1176 attererent,
1012 1115 1249 1185 Agareni
1283 1118 1631 1173 occasionem
1670 1120 1814 1173 nacti
1856 1120 2085 1173 classem

502 1202 841 1273 navalesque
880 1207 1070 1275 copias
1106 1209 1397 1274 miserunt,
1430 1209 1612 1265 Leone
1642 1209 1909 1281 Tripolita
1943 1213 2087 1266 cIas~

500 1293 673 1349 siario
707 1297 871 1361 duce,
905 1298 1119 1352 Attalca
1158 1302 1291 1354 urbe
1320 1302 1577 1367 oriundo,
1633 1304 1727 1358 sed
1780 1305 1873 1372 qui
1929 1304 2087 1358 Chri-

501 1386 737 1441 stianam
789 1387 1105 1457 ejuraverat
1150 1393 1433 1462 pietatem.
1471 1396 1753 1465 Appellata
1788 1405 1968 1449 autem
2006 1404 2089 1450 est

499 1477 796 1536 Phoenicia:
837 1481 1077 1551 Tripolis
1106 1526 1120 1548 ,
1173 1488 1320 1555 quod
1368 1489 1544 1544 tribus
1583 1490 1921 1556 nationibus,
1959 1490 2089 1544 Sar-

499 1566 606 1621 diis
640 1569 854 1624 scilicet
901 1570 1080 1643 Tyriis
1133 1590 1197 1629 ac
1233 1576 1478 1633 Sidoniis
1518 1580 1749 1645 colonis,
1784 1581 1957 1634 divisa
1995 1582 2087 1636 sit.

499 1654 738 1725 Egresso
766 1658 957 1729 itaque
991 1662 1325 1732 imperatore
1367 1669 1431 1720 ad
1459 1668 1605 1722 Butii
1644 1671 1949 1738 emporium
1991 1687 2087 1725 en-

498 1747 797 1802 czeniorum
830 1765 998 1806 causa
1036 1757 1359 1811 monasterii
1414 1772 1445 1810 a
1491 1757 1894 1828 Christophoro
1947 1775 2079 1828 pro-

500 1840 822 1896 tovestiario
847 1846 1138 1913 exstructi,
1171 1850 1400 1904 nuntius
1432 1851 1580 1905 venit
1612 1851 1933 1919 Tripolitani
1958 1868 2082 1906 eum

501 1932 687 1988 hostili
723 1933 1128 1992 Saracenorum
1168 1940 1345 1995 classe
1381 1941 1595 2011 Cpolim
1657 1952 1859 2011 petere.
1923 1944 2085 1998 Mittit

498 2041 627 2096 ergo
662 2026 965 2097 imperator
997 2030 1347 2088 Eustathium
1400 2035 1476 2088 rei
1512 2045 1639 2089 tunc
1674 2037 1883 2091 navalis
1910 2036 2080 2090 drun-

2263 847 2333 893 x'.
2364 834 2472 892 Ἠν
2507 839 2562 891 δὲ
2596 838 2716 908 Ζωὴ
2748 840 2780 909 ἡ
2836 839 3067 909 τετάρτη
3102 839 3239 909 γυνὴ
3284 838 3376 892 τοῦ
3410 838 3678 909 βασιλέως
3720 838 3779 894 ὲν

2188 931 2267 1003 τῷ
2318 930 2568 1000 παλατίῳ
2617 931 2756 999 μετὰ
2796 930 2890 983 τοῦ
2938 930 3203 1000 βασιλέως
3238 932 3501 1000 ἀστεφής.
3554 930 3679 983 Τῶν
3720 931 3778 983 δὲ

2190 1023 2577 1093 Βουλγαρικῶν
2607 1023 2815 1092 ἐφόδων
2858 1023 3163 1091 Ῥωμαίους
3197 1023 3611 1093 ἐπιτριϐόντων,
3641 1025 3690 1075 οί
3719 1023 3778 1089 ἐξ

2193 1116 2374 1185 ’Λγαρ
2434 1115 2697 1184 μαθόντες
2742 1114 2901 1167 τοῦτο
2943 1115 3129 1177 στόλος
3177 1115 3410 1186 ἐξῄεσαν
3459 1114 3772 1185 ναύμαχος,

2190 1205 2587 1274 ἐπιστήσαντες
2629 1204 2936 1273 στρατηγὸν
2982 1204 3314 1275 Τριπολίτην
3357 1203 3597 1268 Λέοντα,
3655 1204 3780 1256 Ἀτ-

2189 1299 2352 1351 τάλου
2381 1298 2479 1367 μὲν
2505 1296 2898 1368 ἐξωρμημένον
2918 1297 3019 1366 τῆς
3048 1297 3276 1358 πόλεως,
3306 1296 3405 1364 τῆς
3430 1296 3485 1349 δὲ
3515 1296 3780 1367 Χριστια-

2189 1387 2295 1441 νῶν
2333 1386 2618 1450 εὐσεϐείας
2667 1388 3053 1457 ἀποστήσαντα
3076 1387 3145 1441 ⁸⁵.
3196 1387 3306 1439 Καὶ
3365 1386 3625 1456 Τρίπολις
3678 1388 3779 1457 μὲν

2189 1482 2503 1550 ὠνόμασται
2547 1483 2579 1549 ἡ
2614 1479 2757 1531 κατὰ
2784 1478 3039 1548 Φοινίκην
3081 1477 3229 1548 τρισὶ
3273 1477 3610 1547 διαιρεθεῖσα
3656 1480 3780 1539 ταῖς

2190 1576 2405 1643 γενεαῖς
2464 1572 2523 1636 ἐξ
2589 1571 2855 1641 Ἀραδίων
2876 1572 2922 1604 ⁸⁸
2974 1571 3069 1624 καὶ
3119 1570 3334 1639 Τυρίων
3384 1571 3476 1623 καὶ
3524 1567 3780 1624 Σιδονίων

2189 1667 2456 1723 ἀποίκων.
2514 1666 2621 1719 Τοῦ
2661 1666 2719 1718 δὲ
2776 1665 3041 1734 βασιλέως
3096 1662 3408 1728 ἐξελθόντος
3444 1664 3502 1715 ὲν
3557 1662 3635 1733 τῷ
3679 1660 3779 1715 τοῦ

2190 1759 2414 1812 Βουτίου
2445 1756 2699 1827 ἐμπορίῳ
2728 1756 2814 1827 ll).
2842 1754 2971 1826 226]
3001 1755 3136 1826 πρὸς
3160 1754 3222 1806 τὸ
3250 1754 3348 1823 τὴν
3389 1754 3557 1825 μονὴν
3586 1755 3782 1822 ἐγκαι-

2189 1852 2336 1905 νίσαι
2382 1849 2475 1903 τοῦ
2526 1847 3032 1920 πρωτοόεστιαρίου
3084 1845 3249 1900 αὑτοῦ
3295 1846 3705 1917 Χριστοφόρου,
3741 1848 3779 1916 ὴ

2188 1943 2421 2013 ἀγγελία
2452 1941 2590 2005 αῦτη
2624 1940 2927 1994 κατέλαϐεν
2956 1940 3030 2003 ὡς
3057 1938 3387 2008 Τριπολίτης
3425 1938 3562 2008 μετὰ
3586 1937 3780 1991 στόλου

2189 2031 2297 2083 τῶν
2334 2028 2671 2101 Σαρακηνῶν
2703 2029 2845 2082 κατά
2875 2027 3505 2091 Κωνσταντινουπόλεως
3545 2027 3782 2099 ἀνέρχε-

497 2118 712 2187 garium
737 2135 862 2174 eum
886 2122 1066 2177 classe
1092 2124 1357 2180 adversus
1385 2125 1730 2195 Tripolitam.
1762 2129 1852 2197 qui
1887 2144 2082 2198 pugnae

2188 2140 2299 2177 ται.
2353 2123 2704 2176 Ἀποστέλλει
2731 2120 2824 2174 οὖν
2854 2123 2881 2175 ὁ
2923 2120 3177 2191 βασιλεὺς
3211 2120 3304 2174 τὸν
3343 2120 3640 2176 Εὑστάθιον
3684 2120 3783 2173 τὸν

493 2223 620 2264 cum
648 2210 739 2267 illo
768 2213 941 2282 impar
976 2230 1183 2271 vacuus
1216 2217 1395 2271 rediit.
1437 2214 1573 2271 Eum
1600 2220 1882 2274 insecutus
1915 2220 2082 2290 367

497 2299 763 2371 'I‘ripolita
793 2304 937 2360 intra
968 2307 1214 2378 Abydum
1242 2311 1547 2377 penetravit
1574 2326 1637 2367 ac
1664 2327 1837 2382 usque
1859 2312 2082 2368 Parium

496 2394 669 2450 venit.
732 2394 910 2465 Hujus
958 2398 1035 2452 rei
1074 2400 1305 2454 nuntius
1339 2384 1559 2470 gravem
1597 2403 1913 2472 imperatori
1947 2421 2084 2460 mue-

496 2498 681 2539 rorem
710 2499 774 2539 ac
800 2486 1018 2541 consilii
1070 2487 1312 2557 inopiam
1358 2491 1560 2545 attulit.
1596 2492 1786 2561 Itaque
1833 2493 2087 2549 llemerio

496 2592 527 2629 a
574 2576 805 2632 secretis
836 2578 1101 2647 primario
1137 2580 1373 2636 classem
1435 2583 1703 2638 adversus
1756 2584 2083 2653 Tripolitam

497 2669 805 2724 ducendam
888 2671 1207 2726 committit.
1271 2672 1321 2729 Is
1378 2672 1628 2745 Abydum
1691 2685 2085 2745 praetervectus

500 2763 645 2830 (quae
678 2769 762 2816 est
789 2761 843 2816 in
888 2760 1266 2833 Hellesponto,
1307 2780 1473 2834 quam
1516 2764 1708 2820 Milesii
1741 2766 1923 2821 coloni
1950 2767 2085 2821 civi-

500 2864 668 2910 tatem
717 2856 1107 2912 condiderunt.
1153 2857 1542 2929 Hellespontus
1592 2860 1661 2914 ab
1697 2860 1849 2915 IIella
1883 2862 2081 2916 Phrixi

501 2961 693 3003 sui-ore
725 2947 840 3003 illic
873 2948 1067 3019 pelago
1097 2964 1275 3005 mersa
1303 2951 1385 3006 sic
1420 2951 1749 3022 appellatus)
1787 2951 2086 3022 Ᾰῐεωοιμιο

501 3040 641 3095 inari
680 3054 907 3096 emenso
936 3042 1171 3113 (dictum
1226 3043 1329 3099 hoc
1385 3044 1456 3097 ab
1493 3060 1759 3113 aquarum
1793 3046 1949 3114 quasi
1990 3060 2086 3099 ca—

501 3148 728 3202 prarum
782 3149 939 3189 more
986 3134 1305 3190 salientium
1369 3136 1786 3206 inaequalitate),
1846 3152 1909 3191 ac
1959 3152 2083 3191 cum

495 3228 609 3296 jam
666 3226 735 3281 ad
777 3225 1094 3283 Strobelum
1133 3228 1459 3297 appulisset,
1502 3244 1623 3299 quae
1656 3237 1742 3283 est
1777 3231 1843 3283 ad
1892 3229 2086 3299 Cibyr-

499 3319 657 3371 rham
703 3319 789 3381 (ac
822 3316 1116 3375 Strobelus
1160 3320 1383 3389 quidem
1422 3320 1504 3375 sic
1533 3321 1678 3375 dicta
1725 3337 1756 3375 a
1789 3321 1895 3376 loci
1950 3322 2084 3384 situ,

498 3407 767 3478 (libyrrha
792 3424 923 3465 vero
948 3423 978 3463 a
1001 3408 1270 3481 Cibyrrho
1303 3410 1471 3465 fratre
1505 3411 1674 3467 Marsi
1716 3419 1770 3467 et
1794 3412 2083 3481 Cidraini),

499 3511 667 3571 atque
701 3501 1069 3573 Lampsacum
1120 3504 1417 3588 transisset
1455 3506 1561 3569 (sic
1610 3506 1701 3560 illa
1747 3506 2016 3576 appellata
2051 3523 2079 3560 a

497 3592 642 3659 luce,
667 3607 791 3662 quas
837 3600 1004 3648 noctu
1039 3591 1418 3650 Phocensibus
1444 3593 1797 3648 fundamenta
1826 3593 2083 3662 jacieuti-

499 3686 604 3741 bus
646 3693 884 3756 votaque
930 3687 1371 3757 concipientibus
1420 3687 1649 3742 coalitus
1694 3686 1935 3751 aﬂ‘ulsit;
1970 3700 2081 3756 quo

500 3779 748 3847 auspicio
802 3780 947 3850 jacta
1009 3780 1248 3836 civitatis
1282 3780 1640 3835 fundamenta
1696 3780 1850 3834 ﬁrma
1911 3787 2081 3833 stete-

501 3870 678 3939 runt),
709 3880 895 3940 postea
941 3871 1125 3929 Imbro
1150 3882 1406 3943 superata
1441 3873 1545 3941 (sic
1586 3873 1675 3927 illa
1703 3872 1969 3942 appellata
1998 3878 2083 3924 est

494 3944 572 4016 ab
623 3960 804 4019 Imbro
844 3963 1011 4019 Anthi
1046 3964 1187 4032 ﬁlio,
1223 3966 1383 4035 cujus
1428 3975 1581 4035 pater
1612 3965 1909 4036 Staphylus
1962 3962 2082 4017 Dio-

500 4053 643 4123 nysii
684 4068 853 4125 nepos
894 4056 1278 4127 charissimus)
1323 4058 1566 4128 itemque
1598 4057 1983 4120 Samothrace,
2017 4070 2082 4111 ac

498 4162 623 4201 cum
668 4145 851 4204 Thaso
888 4148 1001 4220 jam
1063 4151 1381 4207 immineret
1416 4149 1605 4220 (quam
1643 4150 1853 4219 antiqui
1888 4149 2082 4204 Aureae

497 4240 661 4295 titulo
718 4247 884 4310 atque
936 4244 1161 4299 nomine
1210 4242 1626 4313 insigniebanl:
1665 4241 2078 4296 Samothracen)

496 4345 629 4385 vero
656 4333 710 4385 in
733 4331 970 4388 Thracia
1005 4335 1135 4390 olim
1162 4334 1483 4404 θηριοῦσαν,
1507 4332 1667 4401 quasi
1695 4332 1881 4387 bestiis
1904 4334 2080 4393 abun:

496 4422 715 4477 dantem
757 4425 937 4496 iisque
959 4427 1199 4493 plenam,
1226 4426 1495 4497 Nymphis
1526 4440 1763 4488 sacram,
1794 4425 2080 4494 peninsula

496 4530 624 4570 cum
655 4530 824 4581 esset,
848 4519 1031 4575 ﬂuxus
1067 4528 1261 4590 postea
1297 4518 1551 4573 allisione
1593 4517 1646 4571 in
1678 4518 1916 4572 insulam
1950 4535 2081 4573 coa-

498 4593 669 4666 luisse
712 4611 1008 4678 dixerunt,
1065 4628 1129 4667 ac
1189 4612 1503 4667 Samiorum
1562 4611 1885 4667 colonorum
1935 4611 2080 4681 juris

499 4702 699 4759 factam
755 4704 1194 4760 Samothraciam
1255 4715 1629 4777 nuncupatam
1681 4706 1828 4777 esse)
1887 4707 2074 4763 hostes

2185 2216 2492 2288 τηνικαῦτα
2537 2214 2900 2286 δρουγγάριον
2936 2212 3074 2283 μετά
3108 2214 3297 2267 στόλου
3343 2213 3485 2268 κατά
3516 2213 3609 2267 τοῦ
3643 2214 3783 2284 Τρι-

2188 2309 2410 2362 πολίτου
2435 2326 2447 2339 ·
2500 2308 2559 2371 ὃς
2592 2308 2665 2378 μὴ
2697 2306 2947 2376 δυνηθεὶς
2985 2306 3376 2373 ἀντιτάξασθαι
3427 2306 3603 2377 τούτῳ
3651 2308 3784 2360 ἀντ-

2189 2400 2437 2469 εστράφη
2498 2400 2677 2462 κενός.
2736 2400 2984 2453 Κατόπιν
3039 2399 3096 2451 δὲ
3153 2398 3318 2452 αὐτοῦ
3358 2400 3387 2452 δ
3441 2398 3783 2470 Τριπολίτης

2188 2493 2361 2547 ἐλθὼν
2393 2492 2545 2557 ἐντὸς
2584 2492 2809 2545 ’Λϐύδου
2846 2491 3192 2561 εἰσελήλυθεν
3226 2492 3319 2545 καὶ
3351 2492 3511 2562 μέχρι
3540 2492 3781 2561 Παρείου

2189 2584 2512 2639 κατέλαϐεν.
2548 2583 2721 2637 Τοῦτο
2748 2584 2825 2653 τῷ
2874 2583 3089 2653 βασιλεῖ
3117 2583 3383 2653 ἀγγελθὲν
3415 2584 3495 2647 εἰς
3534 2582 3784 2653 μεγάλην

2189 2679 2352 2731 αὑτὸν
2384 2679 2625 2747 ἀθυμίαν
2677 2680 2792 2745 καλε
2818 2678 3134 2748 ἀμηχανίαν
3169 2677 3551 2747 περιέστησεν.
3610 2676 3783 2747 Ἦμε-

2193 2771 2291 2843 ρίῳ
2326 2767 2420 2825 οὖν
2469 2770 2932 2842 πρωτασηκρῆτις
2975 2771 3075 2842 τὴν
3111 2769 3376 2831 ναυτικὴν
3414 2767 3648 2838 δύναμιν
3686 2770 3773 2835 ἐγ-

2190 2863 2436 2935 χειρίσας
2494 2864 2638 2916 κατά
2718 2863 2815 2916 τοῦ
2906 2862 3233 2932 Τριπολίτου
3301 2859 3657 2913 ἀπέστειλεν·
3716 2857 3771 2923 ὃς

2193 2956 2425 3009 Ἀὅυδον
2468 2954 2692 3008 διελθὼν
2720 2956 2819 3025 τὴν
2869 2954 2993 3007 καθ’
3034 2953 3460 3021 Ἑλλήσποντον,
3492 2951 3560 3021 ἢν
3594 2950 3777 3019 Μιλη-

2190 3048 2321 3101 σίων
2345 3047 2660 3118 κατῴκισαν
2689 3048 2939 3113 ἄποικες,
2975 3044 3369 3114 Ἑλλήσποντον
3394 3042 3487 3095 τὸν
3513 3041 3621 3095 ἀπὸ
3648 3042 3781 3093 ’Έλ-

2188 3140 2286 3211 λης
2320 3139 2418 3209 τῆς
2445 3139 2644 3210 Φρίξου
2677 3138 2914 3207 ἀδελφῆς
2942 3136 3020 3207 τῷ
3046 3138 3225 3191 ὲκεϊσε
3262 3135 3491 3204 πελάγει
3523 3135 3780 3206 ῥιφείσης

2188 3230 2363 3294 οὕτως
2397 3230 2832 3300 ἀγορευόμενον,
2881 3229 2977 3286 καὶ
3008 3230 3235 3296 Λίγαῖον
3284 3226 3561 3296 πέλαγος,
3602 3226 3632 3279 δ
3674 3226 3780 3297 τὴν

2189 3326 2382 3396 κλῆσιν
2416 3324 2719 3393 ἀπείληφεν
2750 3322 2859 3376 ἀπὸ
2907 3322 3008 3390 τῆς
3038 3321 3148 3374 τῶν
3195 3320 3408 3376 ὑδάτων
3445 3320 3618 3391 φορᾶς
3650 3322 3780 3373 ἀῖσ-

2192 3417 2391 3484 σούσης
2429 3414 2574 3468 κατὰ
2615 3416 2819 3486 τρόπον
2870 3414 3060 3481 αίγὸς,
3095 3412 3221 3483 ἑξῆς
3259 3412 3318 3465 δὲ
3368 3409 3781 3482 προσωρμικὼς

2192 3508 2485 3579 Στροσήλῳ
2531 3510 2597 3578 τῇ
2646 3508 2790 3561 κατά
2832 3506 3117 3579 Κιϐύρῤαν
3157 3504 3292 3575 (καὶ
3326 3504 3629 3575 Στρόϐηλος
3673 3503 3783 3574 μὲν

2189 3602 2298 3655 ἀπὸ
2325 3602 2428 3670 τῆς
2457 3601 2689 3670 τοπικῆς
2719 3600 2921 3663 θέσεως
2940 3639 2956 3662 ,
2990 3598 3244 3669 Κισύρῤα
3272 3597 3328 3650 δὲ
3361 3596 3470 3649 ἀπὸ
3492 3594 3783 3667 Κιϐύρρου

2189 3694 2421 3764 ἀδελφοῦ
2452 3693 2680 3764 Μαρσοῦ
2715 3710 2775 3746 τε
2810 3693 2905 3745 καὶ
2946 3689 3271 3761 Κιδράμου)
3316 3688 3411 3742 καὶ
3449 3687 3778 3757 Λαμψάκῳ,

2190 3787 2298 3840 ἀπὸ
2330 3786 2509 3852 φωτὸς
2556 3784 2821 3853 λάμψεως
2863 3782 3232 3854 ὠνομασμένη
3252 3822 3266 3845 ,
3298 3782 3434 3853 ὅπερ
3465 3781 3627 3834 νυκτὶ
3655 3781 3783 3835 Φω-

2190 3881 2369 3933 καέων
2405 3880 2447 3910 ⁵⁷
2503 3877 2902 3949 θεμελιούντων
2956 3877 3162 3947 ταύτην
3219 3874 3535 3946 εὐξαμένων
3589 3874 3781 3929 θεόθεν

2190 3972 2527 4043 ἐπέλαμψεν,
2562 3972 2656 4026 καὶ
2682 3974 2713 4041 ἡ
2745 3971 2854 4025 τῶν
2879 3970 3149 4041 θεμελίων
3181 3970 3336 4040 βάσις
3364 3968 3545 4032 καλῶς
3569 3984 3777 4038 κεκρα-

2190 4065 2409 4127 ταίωτο,
2441 4063 2580 4134 μετά
2600 4062 2776 4117 ταῦτα
2803 4064 2868 4133 τῇ
2904 4064 3117 4133 Ἴμϐρῳ
3145 4060 3496 4131 διεληλυθὼς,
3522 4058 3645 4128 ἥτις
3665 4058 3779 4113 ἀπὸ

2194 4155 2421 4226 Ἴμϐρου
2454 4154 2718 4223 κέκληται
2750 4152 2867 4205 υίού
2894 4152 3114 4217 Ἀνθου,
3147 4145 3210 4205 οὗ
3244 4150 3469 4218 γενέτης
3499 4148 3779 4219 Στάφυλος

2190 4242 2449 4295 Διονύσου
2501 4242 2759 4310 φίλτατος
2790 4242 3013 4308 ἔγγονος
3033 4281 3048 4305 ,
3081 4240 3447 4309 Σαμοθρᾴκην
3484 4239 3542 4292 δὲ
3584 4238 3780 4305 διαδάς

2189 4334 2285 4387 καὶ
2312 4336 2376 4402 τῇ
2425 4333 2588 4403 Θάσῳ
2622 4332 3034 4402 προσπελάσας,
3064 4332 3132 4403 ἣν
3167 4332 3391 4401 Χρυσῆν
3431 4332 3482 4385 οί
3532 4333 3663 4404 πρὶν
3691 4332 3783 4386 διε

2189 4425 2542 4495 εφημίζοντο,
2580 4425 2949 4495 Σαμοθρᾴκην
2972 4425 3029 4477 δὲ
3060 4428 3117 4478 ὲν
3143 4425 3331 4497 Θρᾴκῃ
3361 4425 3653 4496 χερόνησον
3675 4423 3782 4496 τὴν

2189 4517 2457 4587 πρότερον
2489 4514 2799 4586 Θηριοῦσαν
2842 4516 2933 4569 διὰ
2982 4516 3042 4569 τὸ
3096 4515 3304 4587 θηρίων
3337 4515 3735 4587 πεπληρῶσθαι
3762 4557 3781 4581 ,

2192 4605 2345 4674 ίεράν
2374 4604 2625 4675 Νυμφῶν
2653 4603 2839 4669 οὖσαν,
2878 4606 3175 4676 μετέπειτα
3206 4606 3301 4660 τοῦ
3333 4605 3428 4676 ῥοῦ
3472 4606 3782 4678 συρραγέν-

2186 4711 2277 4756 τος
2303 4694 2382 4758 είς
2408 4697 2573 4765 νῆσον
2608 4695 2869 4766 συστῆναι
2896 4697 2991 4750 καὶ
3027 4698 3133 4751 ὑπὸ
3159 4697 3382 4768 Σαμίων
3414 4696 3683 4768 μετοίκων
3716 4700 3783 4752 ὲν

496 4798 834 4865 assequitur.
868 4798 938 4851 At
970 4814 1146 4867 neque
1176 4800 1343 4871 368
1380 4800 1611 4856 classem
1645 4800 1874 4870 pr0pius
1922 4800 2078 4854 adire

2188 4788 2518 4857 κατασχέσει
2579 4787 2837 4856 γενέσθαι
2893 4788 2991 4842 καὶ⁴
3046 4788 3413 4861 Σαμοθρᾴκην
3467 4788 3781 4859 κληθῆναι,

500 4903 673 4946 ausus
701 4899 808 4943 est.
838 4890 1101 4960 Tripolita
1130 4910 1260 4948 vero
1291 4894 1409 4963 ipse
1442 4909 1471 4948 a
1500 4909 1579 4955 sc,
1618 4892 1710 4948 Dei
1741 4893 1985 4963 impulsu
2017 4907 2080 4947 ac

496 4988 659 5045 nutu,
700 4981 925 5038 reﬂectit
957 4983 1090 5049 iter;
1138 4986 1474 5055 veniensque
1504 4984 1975 5050 Thessalonicam,
2027 4994 2081 5039 et

493 5074 891 5143 comprehenso
924 5077 1017 5146 qui
1066 5078 1139 5132 illi
1172 5079 1418 5149 praetoris
1446 5079 1570 5149 jure
1601 5088 1849 5150 praeerat,
1890 5080 2077 5134 Leone

492 5178 863 5238 cognomento
897 5170 1257 5239 Cataziliaco,
1302 5173 1574 5243 ingentem
1605 5184 1841 5245 stragem
1885 5188 1951 5227 ac
1978 5188 2075 5226 ne-

494 5276 588 5316 ces
638 5263 906 5333 plurimas
931 5268 1064 5336 egit.

565 5530 628 5585 21
697 5532 930 5598 Quidam
973 5551 1104 5592 vero
1145 5537 1635 5601 cubiculariorum,
1678 5534 2073 5606 Rhodophylus

500 5623 739 5690 nomine,
766 5628 836 5682 ob
867 5630 1179 5686 necessaria
1204 5631 1453 5701 quaedam
1493 5631 1714 5701 negotia
1745 5630 1797 5683 in
1826 5627 2070 5683 Siciliam

2186 4881 2313 4943 τοὺς
2337 4880 2633 4949 πολεμίους
2658 4880 2981 4936 κατέλαϐεν.
3008 4880 3155 4951 Πλὴν
3179 4880 3302 4934 οὐδὲ
3326 4880 3629 4950 πλησιάσαι
3652 4881 3781 4935 τού-

2185 4991 2294 5028 των
2324 4973 2402 5045 τῷ
2434 4973 2606 5045 στόλῳ
2632 4974 2995 5044 τετόλμηκεν.
3024 4972 3383 5043 Λύθόρμητος
3415 4973 3474 5026 δὲ
3511 4974 3540 5027 ὁ
3568 4974 3779 5043 Τριπο-

2184 5066 2337 5136 λίτης
2367 5065 2505 5118 Θεοῦ
2532 5064 2726 5118 τοῦτον
2756 5063 3157 5128 ἀπελαύνοντος
3183 5064 3556 5136 ἀπεστράφη,
3586 5064 3682 5118 καὶ
3711 5066 3775 5117 ὲν

2184 5156 2574 5228 Θεσσαλονίκῃ,
2627 5154 2951 5227 καταλαᾷὼν
3004 5155 3244 5227 ταύτην,
3280 5157 3375 5210 καὶ
3419 5158 3627 5213 Λέοντα
3677 5155 3773 5211 τὸν

2181 5252 2388 5321 ταύτης
2418 5251 2746 5323 στρατηγὸν,
2772 5244 2901 5319 ᾧῆν
2931 5250 3221 5321 ἐπώνυμον
3249 5250 3638 5317 Κατζιλάκιος,
3667 5268 3771 5305 κα-

2183 5344 2399 5416 τασχὼν
2419 5385 2434 5409 ,
2465 5346 2683 5414 σφαγὴν
2715 5342 2921 5415 πολλὴν
2952 5343 3044 5397 καὶ
3086 5344 3247 5415 χύσιν
3295 5345 3546 5415 αἱμάτων
3581 5345 3769 5416 εἰργά-

2182 5456 2335 5496 σατο.

2250 5529 2356 5585 κα’.
2399 5530 2727 5602 Ῥοδοφύλης
2767 5529 2825 5584 δέ
2877 5547 2962 5593 τις
2998 5530 3449 5601 κουϐικουλάριος
3478 5529 3671 5600 ἔτυχεν
3705 5530 3767 5583 ἑν

2178 5623 2401 5696 Σικελίᾳ
2424 5624 2514 5679 διά
2544 5640 2668 5679 τινα
2699 5621 2891 5697 χρείαν
2931 5622 3286 5688 ἀποσταλεὶς,
3318 5623 3542 5695 χρυσίου
3574 5622 3763 5695 λίτρας

1810 5716 2045 5772 VARle
2080 5715 2483 5771 LECTIONES.

581 5804 627 5835 "
650 5805 958 5862 ἀποστάντα
979 5810 999 5863 ?
1019 5828 1084 5865 an
1120 5813 1615 5883 ἁποπτατήτανταῖ

1693 5814 1739 5841 ⁵⁵
1875 5808 2154 5879 Σαραδίων
2179 5808 2241 5871 I’,
2268 5808 2615 5877 ἐξἌρχδίων
2654 5824 2864 5877 margo.

2972 5809 3015 5839 ⁸⁷
3044 5808 3276 5860 Φωκέων
3306 5805 3357 5859 Ρ.
