4136 6422
537 316 648 381 387

1633 309 2144 372 THEOPHANES
2180 310 2740 376 CONTINUATUS.

3703 322 3810 385 388

529 444 653 485 eum
718 428 799 482 ira
836 425 1061 497 rejecto,
1094 422 1394 480 Samonam
1428 424 1730 494 imperator
1764 423 1889 477 aula
1920 422 2111 476 exclu-

2222 424 2715 497 ἀποπεμψαμένου,
2750 428 2977 497 ἐποίησε
3005 428 3272 497 Σαμωνᾶς
3296 427 3405 481 ἀπὸ
3430 428 3608 499 ὅψεως
3634 431 3811 500 μῆνας

529 536 651 576 sum
683 532 900 572 menses
934 529 1175 585 quatuor
1205 516 1258 570 in
1294 514 1485 569 Bartla:
1506 512 1740 569 Cmsaris
1774 512 1939 567 domo
1971 511 2116 565 deti-

529 619 655 674 net;
684 609 888 679 quibus
916 607 1193 668 decursis.
1227 616 1288 660 ιιι
1322 604 1675 675 imperatoris
1706 613 1933 675 aspectu
1966 602 2119 659 true-

528 711 682 757 retur
710 715 775 755 ac
812 700 1062 770 alloquio
1095 709 1423 754 consecutus
1450 708 1551 753 est.

594 793 687 848 23.
725 791 960 848 Sustulit
997 808 1125 848 vero
1174 792 1282 847 Leo
1318 808 1383 847 ex
1418 791 1526 846 Zoe
1555 796 1752 860 quarta
1806 803 1978 842 uxore
2017 802 2120 845 sua

529 888 701 943 ﬁlium
742 887 1199 951 Constantinum;
1236 887 1288 939 in
1338 885 1501 954 cujus
1532 893 1655 939 ortu
1683 891 1924 937 cometes
1952 897 2119 952 appa-

526 980 660 1046 ruit,
712 981 898 1035 radios
953 994 1143 1034 versus
1194 977 1474 1033 Orientem
1534 976 1834 1045 ejaculans,
1892 976 2120 1045 diesque

530 1073 903 1144 quadraginta
956 1086 1021 1125 ac
1073 1081 1262 1125 noctes
1312 1070 1472 1124 luxit.
1517 1066 1783 1122 Infantem
1820 1068 2119 1138 baptizavit

527 1165 788 1221 Nicolaus
840 1165 1151 1237 patriarcha
1200 1164 1259 1219 in
1308 1165 1508 1235 Magna
1555 1162 1787 1217 ecclesia
1828 1162 1916 1218 die
1959 1178 2118 1218 sacro

527 1259 802 1314 luminum
861 1258 921 1328 (i.
961 1272 1013 1311 e.
1069 1253 1557 1326 Epiphaniorum),
1590 1256 2015 1325 susceptoribus
2048 1271 2116 1310 ex

529 1366 690 1407 sacro
749 1350 901 1406 fonte
943 1350 1258 1405 Alexandro
1326 1350 1683 1418 imperatoris
1735 1364 1999 1419 germano
2063 1357 2118 1406 et

525 1442 763 1498 Satnona
819 1442 1056 1512 patricio
1107 1441 1431 1511 cunctisque
1498 1441 1848 1511 proceribus.
1912 1442 2115 1497 Eodem

526 1544 773 1606 tempore
802 1545 1082 1592 exstructa
1132 1544 1217 1592 est
1270 1544 1324 1591 et
1370 1551 1563 1592 senum
1610 1535 1979 1591 invalidorum
2018 1535 2119 1590 do-

526 1642 673 1691 mus,
705 1643 872 1698 quam
946 1627 1193 1699 Cupham
1246 1627 1461 1692 dicunt,
1496 1628 1624 1683 inde
1661 1629 1908 1699 expulsis
1941 1644 2119 1683 mere-
2156 1614 2171 1617 At

2148 1772 2189 1833 Β

526 1721 779 1777 tricibus.
812 1720 1258 1777 Benedictioncm
1295 1736 1458 1777 sacro
1488 1722 1802 1791 nuptiarum
1852 1724 1959 1777 ritu
1987 1737 2111 1777 cum

525 1815 637 1869 Zoe
672 1828 845 1869 uxore
896 1823 1235 1868 consecutus
1292 1811 1405 1868 Leo
1436 1828 1468 1869 a
1504 1815 1718 1868 Thoma
1770 1815 2112 1886 presbytero,

526 1903 622 1977 qui
652 1918 715 1959 ea
737 1919 803 1959 ex
838 1918 1003 1959 causa
1030 1901 1210 1960 ofﬁcio
1241 1912 1425 1958 motus
1456 1914 1575 1968 est;
1605 1919 1771 1974 quam
1809 1907 1974 1960 etiam
2005 1904 2115 1962 Leo

530 1998 838 2068 Augustam
871 1996 1251 2067 proclamavit.
1299 1994 1377 2050 Eo
1409 1994 1652 2053 facinore
1688 1997 1994 2067 patriarcha
2025 2014 2118 2053 ec-

529 2089 715 2145 clesiae
759 2089 1015 2159 ingressu
1050 2087 1220 2143 Leoni
1268 2088 1584 2152 interdixit;
1618 2090 1975 2160 quamobrem
2008 2090 2055 2146 is
2087 2105 2118 2145 a

527 2179 720 2236 dextra
741 2189 893 2249 parte
908 2181 1184 2236 transiens
1205 2180 1271 2235 ad
1288 2179 1637 2236 Metatorium
1654 2197 1775 2237 sese
1800 2183 2117 2255 recipiebat.

599 2274 691 2327 Ἡ.
728 2272 1001 2329 Sauionas
1017 2274 1305 2329 accubitor
1327 2273 1648 2343 praeficitur,
1678 2276 1827 2344 quod
1858 2276 1925 2331 ad
1956 2291 2121 2331 omne

530 2365 749 2422 facinus
794 2382 860 2421 ac
894 2366 1160 2420 malitiam
1197 2365 1520 2436 imperatori
1546 2367 1763 2437 adiutor
1789 2378 1970 2434 esset;
2002 2383 2119 2423 cte-

529 2466 839 2529 peruutque
868 2458 1033 2514 ambo
1083 2458 1264 2513 moliri
1311 2459 1577 2516 adversus
1608 2461 1930 2516 Ecclesiam.
1957 2461 2116 2532 371

531 2550 741 2607 Vocato
769 2551 955 2620 itaque
990 2549 1217 2608 Nicolao
1252 2552 1571 2622 patriarcha
1602 2553 1779 2623 prima
1812 2553 2118 2622 Februarii,

533 2652 594 2698 ut
646 2644 1005 2713 reciperetur,
1055 2643 1277 2700 enixius
1308 2645 1599 2716 rogabant.
1630 2644 1736 2702 Ubi
1767 2656 1950 2702 autem
2000 2649 2122 2716 ejus

530 2748 849 2805 expugnare
903 2735 1151 2790 animum
1225 2737 1610 2807 nequiverant,
1670 2754 1700 2793 a
1755 2739 2014 2794 convivio
2060 2754 2124 2795 ae

532 2827 714 2899 epulis
748 2842 814 2883 ex
862 2827 1172 2885 Bucoleone
1219 2828 1372 2884 lintri
1402 2829 1747 2901 imponentes
1788 2833 1843 2886 in
1872 2831 2120 2887 lileriam

535 2917 933 2987 traduxerunt;
1002 2920 1145 2975 unde
1215 2936 1363 2991 aegre
1407 2922 1577 2991 pedes
1655 2924 1723 2977 ad
1783 2922 2121 2980 Galacrenos

533 3027 709 3082 usque
741 3027 853 3083 prie
876 3012 1086 3068 nivium
1117 3014 1286 3069 nimia
1316 3016 1471 3085 copia
1499 3016 1673 3071 venit.
1699 3014 1998 3072 Ordinatur
2024 3033 2121 3071 au-

2222 516 2498 588 τέσσαρας
2527 519 2586 571 ἐν
2619 520 2696 589 τῷ
2730 518 2826 573 τοῦ
2865 520 3145 589 Καίσαρος
3176 519 3508 589 καθήμενος,
3544 524 3639 575 καὶ
3673 525 3813 592 μετά

2222 608 2397 664 ταῦτα
2431 610 2529 680 τῆς
2557 610 2847 681 βασιλικῆς
2880 611 3057 682 ὅψεως
3090 612 3185 664 καὶ
3216 611 3432 681 ὁμιλίας
3468 614 3807 685 κατηξιώθη.

2295 787 2404 858 κγ’.
2457 789 2747 860 Ἐγέννησε
2788 790 2846 843 δὲ
2891 790 3043 844 Λέων
3089 791 3504 844 Κωνσταντῖνον
3536 792 3654 844 υἱὸν
3701 794 3809 845 ἀπὸ

2221 882 2377 951 Ζωῆς
2400 882 2499 952 τῆς
2526 884 2798 954 τετάρτης
2828 882 2995 936 αὑτοῦ
3026 884 3296 953 γαμετῆς,
3327 876 3390 938 οὗ
3424 884 3481 935 ἐν
3517 886 3583 953 τῇ
3617 886 3810 955 γεννή·

2222 992 2302 1028 σει
2320 976 2493 1045 ἐφάνη
2516 976 2762 1046 κομήτης
2788 977 2983 1048 ἀστὴρ,
3015 976 3116 1039 τὰς
3140 977 3364 1039 ἀκτῖνας
3393 978 3479 1030 ἐπ’
3515 974 3807 1041 ’Λνατολὰξ

2220 1069 2404 1137 ἀφιεὶς
2434 1070 2527 1121 καὶ
2559 1071 2618 1122 ἐν
2646 1069 2882 1139 ἡμέραις
2910 1070 3005 1123 καὶ
3033 1068 3153 1134 νυξὶ
3181 1069 3503 1139 φαινόμενος
3532 1072 3801 1141 τεσσαρά-

2220 1176 2406 1213 κοντα.
2449 1161 2547 1223 Ὃς
2599 1159 2905 1230 ἐϐαπτίσθη
2946 1160 3004 1216 ἐν
3070 1164 3138 1231 τῇ
3202 1160 3429 1232 Μεγάλῃ
3473 1160 3797 1231 Ἐκκλησία,

2220 1252 2326 1306 ὑπὸ
2363 1251 2632 1305 Νικολάου
2684 1253 3024 1322 πατριάρχου
3072 1253 3129 1304 tv
3178 1256 3247 1323 τῇ
3298 1254 3430 1323 ἁγία
3460 1252 3568 1306 τῶν
3606 1252 3803 1307 Φώτων

2217 1347 2440 1417 ἡμέρᾳ,
2486 1344 2903 1415 ἀναδεξαμένων
2936 1345 3098 1399 αὑτὸν
3132 1346 3240 1399 άπὸ
3276 1346 3370 1398 τοῦ
3401 1346 3557 1413 ἁγίου
3606 1346 3801 1416 βαπτί-

2220 1457 2424 1513 σματος
2480 1438 2836 1508 Ἀλεξάνδρου
2877 1438 2972 1492 τοῦ
3005 1439 3345 1507 αύταδέλφου
3392 1439 3487 1492 τοῦ
3536 1439 3803 1508 βασιλέως

2218 1538 2313 1591 καὶ
2361 1536 2598 1605 Σαμωνᾶ
2637 1533 2928 1602 πατρικίου
2962 1532 3056 1586 καὶ
3096 1533 3210 1586 τῶν
3238 1536 3295 1587 ἐν
3332 1533 3477 1587 τέλει
3521 1535 3797 1589 ἁπάντων.

2218 1631 2415 1698 Γέγονε
2460 1628 2583 1681 τότε
2618 1631 2715 1681 καὶ
2756 1630 2790 1697 ὴ
2839 1626 3006 1697 Κύφη
3038 1629 3441 1696 γηροκομεῖον,
3483 1627 3591 1680 τῶν
3620 1629 3802 1680 ἐκεῖσε

2219 1723 2504 1793 ἑταιρίδων
2531 1718 2962 1789 ἐκδιωχθέντων.
3006 1718 3293 1790 Εὑλογήθη
3324 1719 3383 1772 δὲ
3407 1718 3559 1773 Λέων
3588 1720 3618 1772 6
3646 1719 3805 1788 βασι-

2218 1819 2346 1883 λεὺς
2386 1820 2526 1890 μετὰ
2561 1822 2718 1889 Ζωῆς
2752 1820 2858 1872 ὑπὸ
2895 1821 3071 1889 Θωμᾶ
3101 1818 3499 1890 πρεσϐυτέρου,
3530 1818 3682 1881 ὅστις
3710 1819 3805 1871 καὶ

2220 1912 2502 1984 καθῃρέθη
2524 1927 2539 1943 ·
2578 1915 2674 1966 καὶ
2718 1913 3041 1983 βασίλισσαν
3076 1912 3248 1983 αὐτὴν
3275 1911 3665 1980 ἀνηγόρευσεν.
3708 1910 3808 1962 Διά

2186 2058 2189 2063 .
2217 2006 2424 2074 ταύτην
2462 2005 2556 2060 οὖν
2584 2006 2763 2059 αἰτίαν
2789 2007 2816 2058 6
2853 2004 3203 2075 πατριάρχης
3234 2003 3325 2055 τὸν
3354 2001 3577 2074 βασιλέα
3606 2004 3684 2065 εἰς
3712 1999 3809 2070 τὴν

2220 2100 2520 2169 ἐκκλησίαν
2575 2099 2928 2170 εἰσέρχεσθαι
2980 2085 3354 2161 διεκώλυσεν,
3404 2095 3530 2149 ὃθεν
3580 2094 3670 2149 διὰ
3714 2093 3812 2147 τοῦ

2219 2192 2398 2258 διξιοῦ
2434 2193 2634 2263 μέρους
2659 2193 2915 2261 διήρχετο
2940 2192 3020 2253 είς
3048 2189 3109 2242 τὸ
3142 2187 3491 2259 μητατόριον.

2292 2282 2390 2337 κδ’.
2429 2282 2751 2352 Προεϐλήθη
2790 2282 2846 2334 δὲ
2886 2281 3156 2350 Σαμωνᾶς
3193 2276 3688 2348 παρακοιμώμενος
3724 2273 3819 2327 διὰ

2222 2373 2282 2427 τὸ
2309 2372 2573 2443 συνεργὸς
2598 2367 3030 2438 καθεστάναιτῷ
3058 2367 3269 2438 βασιλεῖ
3296 2368 3433 2436 πρὸς
3464 2366 3820 2436 παρανομίαν

2222 2466 2320 2519 καὶ
2367 2464 2570 2518 κακίαν
2630 2464 2872 2517 ἃπασαν.
2938 2459 3051 2515 Καὶ
3114 2461 3259 2513 κατὰ
3319 2460 3421 2528 τῆς
3480 2456 3820 2525 Ἐκκλησίας

2221 2558 2458 2629 ἦρξαντο
2514 2557 2767 2627 μελετᾷν.
2818 2554 3347 2625 Προσκαλεσάμενος
3401 2552 3511 2622 γὰρ
3559 2550 3651 2603 τὸν
3706 2567 3825 2603 πα..

2220 2651 2492 2721 τριάρχην
2528 2648 2799 2703 Νικόλαον
2836 2646 3050 2718 (πρώτη
3078 2642 3146 2717 ἦν
3176 2644 3270 2699 τοῦ
3303 2643 3673 2717 Φεϐρουαρίου
3713 2660 3793 2713 μη

2221 2742 2348 2813 νὸς)
2386 2742 2479 2794 καὶ
2508 2741 2682 2794 πολλὰ
2709 2739 3120 2810 λιπαρήσαντες
3150 2736 3443 2806 δεχθῆναι,
3472 2735 3595 2787 ἐπεὶ
3628 2736 3815 2787 πεῖσαι

2222 2836 2324 2889 οὐκ
2356 2832 2731 2904 ἠδυνήθησαν,
2763 2832 2873 2883 ἀπὸ
2904 2828 3192 2900 κλητορίου
3227 2829 3338 2881 ἀπὸ
3361 2825 3455 2880 τοῦ
3486 2825 3807 2879 Βουκολέον-

2220 2944 2313 2990 τος
2336 2926 2509 2995 πλοίῳ
2552 2924 2735 2996 μικρῷ
2764 2922 3169 2992 ἐμϐιϐάσαντες
3197 2920 3254 2973 ἐν
3281 2922 3348 2990 τῇ
3408 2916 3605 2990 Ἱερείᾳ
3633 2918 3816 2970 διεπέ-

2227 3038 2419 3091 ρασαν,
2448 3020 2539 3088 ἀφ’
2570 3013 2638 3090 ἦς
2667 3019 2828 3089 μέχρι
2854 3013 3223 3085 Γαλακρηνῶν
3249 3013 3405 3083 μόλις
3438 3011 3604 3082 ἀπῄει
3638 3010 3820 3080 χιόνος

532 3110 640 3157 tem
680 3101 1009 3175 Euthymius
1055 3105 1335 3177 syncellus
1384 3106 1719 3176 patriarcha,
1758 3108 1844 3162 vir
1891 3124 2120 3165 venera-

2228 3112 2586 3184 ἐπικειμένης
2622 3111 2843 3181 πολλῆς.
2882 3109 3288 3178 Χειροτονεῖται
3316 3108 3344 3161 6
3379 3104 3673 3173 σύγκελολος
3708 3103 3826 3155 Εὑ-

533 3194 661 3252 bilis
688 3195 1087 3267 modestusque
1112 3212 1178 3253 ac
1207 3198 1525 3269 religiosus,
1553 3215 1714 3269 quem
1743 3200 1900 3255 aiunt
1930 3216 1994 3255 ex
2035 3201 2123 3254 di-

532 3286 658 3341 vina
702 3287 1038 3343 revelatione
1090 3289 1335 3359 episcopi
1398 3304 1605 3347 munus
1664 3293 1992 3363 suscepisse.
2030 3294 2122 3347 Et-

533 3379 680 3433 enim
709 3380 986 3446 cogitabat
1013 3380 1315 3449 imperator
1344 3382 1639 3450 pessimam
1673 3384 1844 3454 legem
1880 3387 2122 3455 promul-

533 3491 689 3547 gare,
724 3492 833 3547 qua
864 3477 1056 3533 liceret
1087 3478 1204 3533 viro
1240 3487 1356 3534 tres
1385 3490 1691 3547 quatuorve
1727 3483 1866 3538 alias
1900 3498 1966 3537 ex
1998 3484 2122 3539 aliis

535 3583 739 3624 uxores
768 3569 992 3635 habere,
1019 3582 1144 3624 cum
1175 3584 1285 3625 non
1316 3569 1575 3627 deessent
1604 3572 1705 3627 viri
1736 3575 2120 3641 eruditissimi,

533 3659 626 3729 qui
658 3662 712 3713 in
756 3661 861 3715 hoc
896 3660 946 3715 ei
985 3661 1220 3716 consilio
1254 3661 1535 3731 adjutores
1563 3672 1773 3719 essent.

602 3750 696 3806 25.
727 3750 911 3808 Mense
939 3750 1106 3807 Junio
1134 3753 1536 3810 Constantinus
1562 3754 1693 3810 Afer
1735 3756 2117 3825 imperatorem

535 3840 785 3898 invitavit
807 3843 875 3898 ad
907 3845 1304 3900 monasterium
1346 3861 1530 3911 suum,
1565 3848 1711 3917 quod
1745 3862 1915 3919 pr0pe
1948 3852 2118 3905 aedem

534 3934 927 4004 Apostolorum
959 3936 1301 4004 condiderat,
1329 3938 1397 3992 ad
1428 3938 1577 3994 illius
1605 3941 1910 4011 peragenda
1941 3957 2121 3998 encae—

534 4029 648 4094 nia,
702 4039 758 4084 et
814 4038 874 4085 ut
919 4030 1149 4100 prandio
1207 4032 1517 4086 interesset.
1553 4032 1630 4087 lbi
1670 4033 1855 4088 subito
1896 4045 2121 4090 exortus

536 4118 779 4185 Africus,
812 4123 1088 4192 tertioque
1117 4124 1364 4194 repetitis
1392 4124 1606 4179 vicibus
1628 4125 1981 4180 vehementer
2008 4129 2120 4196 epi-

534 4227 687 4279 rans,
702 4213 867 4269 multa
884 4216 1167 4271 concussit
1180 4217 1411 4271 ardificia
1424 4224 1476 4271 et
1488 4217 1772 4281 ecclesias,
1785 4217 1922 4273 adeo
1940 4226 1995 4272 ut
2007 4233 2124 4273 om-

534 4319 633 4361 nes
653 4306 863 4362 relictis
880 4306 1136 4362 domibus
1155 4307 1258 4361 sub
1281 4306 1430 4361 dium
1454 4308 1809 4377 procederent
1824 4310 2125 4379 mundique

535 4397 1073 4453 consummationem
1116 4396 1315 4453 adesse
1332 4397 1597 4463 dicerent,
1621 4398 1728 4453 nisi
1755 4398 1850 4456 Dei
1881 4400 2121 4455 clemen-

2227 3206 2422 3273 θύμιος
2465 3204 2848 3274 πατριάρχης,
2882 3200 3021 3271 ἀνὴρ
3068 3198 3402 3273 ἱεροπρεπὴς
3436 3197 3715 3268 ἐγκρατής
3756 3211 3827 3247 τε

2226 3299 2321 3353 καὶ
2362 3296 2655 3369 θεοσεϐὴς,
2696 3296 2754 3348 ὃν
2788 3311 2952 3363 φασιν
2989 3295 3053 3346 ἐκ
3084 3292 3237 3356 θείας
3271 3288 3671 3359 ἀποκαλύψεως
3712 3286 3831 3356 τὴν

2225 3388 2643 3463 ἀρχιερωσύνην
2696 3384 3136 3449 καταδέξασθαι·
3198 3384 3445 3453 καὶγὰρ
3490 3382 3747 3434 διενοεῖτο
3799 3380 3831 3431 ὁ

2227 3482 2481 3552 βασιλεὺς
2521 3480 2687 3549 νόμον
2729 3479 2971 3547 πονηρδν
3021 3475 3260 3529 ἐκθεῖναι
3314 3471 3407 3525 τοῦ
3450 3470 3594 3540 ἔχειν
3634 3472 3835 3537 γυναῖ-

2224 3592 2327 3637 κας
2368 3573 2538 3643 ἄνδρα
2571 3575 2724 3642 τρεῖς
2771 3570 2865 3623 καὶ
2910 3568 3221 3637 τέσσαρας,
3272 3563 3357 3637 [Ρ.
3415 3562 3547 3635 229]
3600 3562 3835 3615 πολλῶν

2223 3666 2570 3735 λογιωτάτων
2593 3663 2804 3731 ἀνδρῶν
2830 3665 2911 3724 εἰς
2939 3661 3098 3713 τοῦτο
3127 3660 3277 3729 αύτῷ
3309 3656 3740 3726 συνεργούντων.

2291 3765 2391 3811 κε’.
2447 3757 2648 3827 Ἰουνίῳ
2677 3756 2732 3808 δὲ
2766 3753 2894 3825 μηνὶ
2922 3750 3267 3822 προσεκλήθη
3299 3750 3448 3802 Λέων
3490 3748 3518 3798 6
3551 3746 3837 3817 βασιλεὺς

2225 3853 2379 3921 παρά
2420 3848 2836 3904 Κωνσταντίνου
2884 3844 2977 3898 τοῦ
3023 3842 3193 3907 Διϐδς
3236 3844 3295 3895 ἐν
3323 3844 3389 3911 τῇ
3445 3842 3577 3911 μονῇ
3642 3841 3836 3894 αὑτοῦ

2226 3944 2454 4015 πλησίον
2508 3944 2617 3997 τῶν
2654 3940 2859 4010 Ἀγίων
2917 3938 3259 3991 Ἀποστόλων
3308 3934 3403 3988 τοῦ
3444 3933 3514 3986 τά
3565 3931 3835 4000 ἐγκαίνια.

2223 4036 2539 4089 ἐπιτελέσαι
2576 4034 2671 4088 καὶ
2725 4030 3045 4102 ἀριστῆσαι.
3086 4028 3214 4097 [Kal
3268 4027 3491 4095 γέγονεν
3541 4025 3743 4095 ἄνεμος
3799 4028 3835 4078 6

2224 4130 2517 4199 λεγόμενος
2556 4126 2669 4195 λὶψ,
2708 4125 2956 4195 φυσήσας
2996 4122 3102 4185 ἓως
3142 4121 3328 4191 τρίτου
3371 4118 3638 4187 σφοδρῶς,
3679 4134 3830 4172 συσ-

2228 4220 2414 4281 σείσας
2455 4217 2552 4271 καὶ
2595 4216 2876 4285 οἰκήματα
2926 4213 3022 4264 καὶ
3072 4211 3395 4279 ἐκκλησίας,
3427 4209 3569 4262 ὥστε
3604 4208 3832 4272 πάντας

2226 4308 2450 4378 φεύγειν
2497 4310 2556 4360 ἐν
2599 4308 2789 4368 τόποις
2840 4302 3153 4373 ὑπαίθροις,
3198 4301 3456 4370 λέγοντας
3498 4300 3831 4354 συντέλειαν

2226 4398 2367 4453 εἶναι
2415 4397 2709 4466 κοσμικὴν,
2744 4397 2792 4448 εί
2830 4394 2905 4465 μὴ
2932 4395 2966 4463 ή
2994 4390 3088 4445 τοῦ
3139 4391 3276 4445 Θεοῦ
3318 4391 3700 4463 φιλανθρωπία
3745 4390 3829 4444 δι’

538 4486 616 4540 tia
646 4485 906 4540 imbrium
956 4486 1321 4542 inundatione
1350 4489 1504 4544 illum
1550 4492 1825 4546 turbinem
1858 4494 2120 4547 sedasset.

2225 4492 2447 4563 δμδρων
2484 4490 2712 4561 ἔστησεν
2731 4489 2831 4557 τὴν
2855 4487 3113 4558 τοιαύτην
3142 4486 3456 4556 καταιγίδα.

604 4575 698 4632 26.
754 4576 1129 4646 Agarenorum
1175 4579 1354 4635 classe
1398 4582 1661 4640 adversus
1704 4583 1985 4640 Romanos
2020 4586 2120 4640 atl-

534 4676 809 4732 ventante,
841 4665 954 4722 Leo
992 4666 1306 4726 Hemerium
1332 4672 1535 4742 publici
1561 4689 1759 4732 cursus
1784 4676 2116 4746 logothetam

535 4756 700 4811 classi
731 4758 999 4814 universa:
1026 4759 1219 4816 ducem
1259 4763 1508 4831 pmﬁcit.
1539 4763 1737 4820 Jussus
1764 4775 1818 4817 et
1846 4765 2118 4819 Androni-

536 4862 634 4903 cus
661 4846 780 4902 θυι
828 4862 952 4903 cum
988 4847 1244 4907 Hemerio
1284 4853 1473 4909 navim
1512 4853 1885 4909 conscendere
1924 4856 2120 4910 adver-

534 4956 771 5012 samque
803 4942 1091 5013 Agarenos
1112 4944 1332 5002 fortiter
1363 4945 1650 5002 dimicare.
1690 4947 1958 5003 Sarnonas
1987 4964 2120 5005 vero

534 5049 648 5109 quo
677 5035 1008 5106 implacabili
1050 5038 1104 5093 in
1153 5039 1533 5096 Andronicum
1580 5041 1745 5111 372
1793 5050 1912 5098 erat
1973 5044 2124 5112 odio,

535 5134 661 5181 astu
687 5128 805 5184 viro
835 5129 1048 5185 foveam
1082 5129 1219 5187 fodit
1239 5147 1306 5189 ac
1324 5130 1556 5201 pedibus
1585 5133 1815 5204 laqueos
1840 5139 2125 5206 supponit,

535 5219 654 5275 dire
694 5220 773 5275 illi
798 5221 1077 5281 .infensus
1119 5223 1190 5277 ob
1225 5239 1342 5278 sua:
1382 5222 1526 5294 fugas
1570 5228 1872 5297 negotium.
1920 5228 2129 5302 Nempe

535 5313 858 5371 subornavit
898 5317 994 5385 qui
1040 5320 1252 5371 occulte
1290 5317 1605 5374 Andronico
1645 5321 1914 5378 scriberet
1958 5338 2026 5379 ne
2069 5325 2125 5378 in

535 5422 702 5463 naves
738 5408 967 5466 intraret
999 5427 1013 5466 :
1054 5411 1259 5480 quippe
1295 5412 1350 5465 in
1382 5414 1657 5469 mandatis
1697 5415 1975 5485 accepisse
2020 5415 2130 5471 ile-

536 5502 767 5557 tuerium
804 5504 871 5559 ah
903 5505 1257 5574 imperatore,
1300 5504 1555 5563 Samonte
1607 5512 1861 5577 consilio,
1897 5520 1957 5565 ut
1996 5527 2131 5566 eum

535 5605 752 5664 caperet
785 5609 949 5668 atque
973 5600 1148 5655 oculis
1177 5601 1415 5661 orbaret.
1449 5603 1705 5661 Hemerio
1738 5605 1925 5677 itaque
1956 5607 2122 5659 etiam

2296 4582 2414 4646 κς’.
2463 4583 2659 4636 Στόλου
2701 4582 2760 4635 δέ
2812 4580 2923 4635 τῶν
2962 4580 3286 4652 Ἀγαρηνῶν
3340 4580 3482 4633 κατὰ
3524 4578 3831 4648 Ῥωμαίων

2225 4676 2555 4743 ἐξελθόντος,
2589 4678 2617 4729 6
2668 4676 2922 4746 βασιλεὺς
2976 4675 3239 4745 Ἡμέριον
3281 4676 3326 4708 ⁸⁹
3380 4673 3675 4743 λογοθέτην
3720 4674 3827 4727 τοῦ

2224 4772 2428 4842 δρόμου
2442 4770 2537 4825 τοῦ
2560 4770 2748 4825 στόλου
2774 4770 2975 4833 παντὸς
2991 4768 3236 4841 ἀρχηγὸν
3260 4767 3642 4839 προϐάλλεται.
3663 4765 3814 4821 Ἐδέ-

2228 4864 2358 4931 ξατο
2395 4865 2491 4918 καὶ
2507 4864 2846 4935 Ἀνδρόνικος
2875 4865 2903 4915 6
2927 4859 3054 4927 δοὺξ
3076 4859 3530 4929 συνεισελθεῖντῷ
3567 4860 3822 4930 Ἦμερίῳ

2226 4955 2320 5008 καὶ
2349 4956 2474 5017 τοὺς
2508 4955 2845 5025 ’Δγαρηνοὺς
2867 4951 3346 5019 καταπολεμῆσαι.
3381 4948 3438 5003 '0
3456 4950 3513 5003 δὲ
3544 4949 3827 5017 Σαμωνᾶς

2224 5047 2583 5107 ἀδιάλλακτος
2640 5046 2835 5117 ἐχθρὸς
2882 5043 2959 5097 ὢν
3022 5043 3348 5113 Ἀνδρονίκῳ
3416 5041 3611 5113 βόθρον
3661 5042 3828 5112 αὐτῷ

2225 5144 2546 5215 ὑπώρυττεν
2588 5144 2683 5197 καὶ
2718 5144 2830 5205 τοῖς
2860 5140 2987 5194 ποσὶ
3029 5139 3263 5205 παγίδας
3295 5137 3564 5204 ὑπετίθει,
3594 5137 3829 5205 δυσμε-

2225 5238 2332 5300 νῶς
2364 5237 2501 5307 ἔχων
2532 5234 2682 5305 αὑτῷ
2721 5235 2809 5287 διὰ
2848 5234 2948 5304 τὴν
2996 5232 3293 5303 ὑπέρθεσιν
3322 5231 3423 5298 τῆς
3454 5230 3632 5300 φυγῆς
3660 5244 3676 5259 ⁸
3706 5230 3825 5281 ὑπ-

2229 5329 2387 5383 έϐαλε
2422 5329 2478 5382 δέ
2523 5345 2645 5381 τινα
2694 5327 2904 5397 γράψαι
2953 5325 3235 5398 λαθραίοις
3273 5324 3600 5394 Ἀνδρονίκῳ
3632 5323 3707 5391 μὴ
3754 5321 3827 5372 ἐν

2228 5426 2339 5485 τοῖς
2395 5421 2604 5483 πλοίοις
2661 5419 2944 5483 εἰσελθεῖν,
2994 5420 3096 5479 ὅτι,
3145 5416 3332 5486 φησὶν,
3377 5412 3753 5485 παραγγελίας
3789 5414 3825 5464 6

2240 5512 2500 5583 Ἠμέριος
2545 5509 2768 5581 εἴληφεν
2829 5508 2981 5580 παρὰ
3046 5508 3309 5578 βασιλέως
3341 5548 3369 5569 ,,
3411 5504 3823 5575 ὑποϐληθέντσς

2230 5603 2384 5673 παρά
2416 5605 2672 5673 Σαμωνᾶ,
2720 5605 3017 5673 κατασχεῖν
3061 5604 3156 5657 καὶ
3186 5599 3467 5671 τυφλῶσαί
3523 5615 3601 5651 σε.
3636 5596 3823 5650 Πολλὰ

1862 5700 2099 5757 ΥΛΙΗᾸΞ
2138 5699 2549 5755 LECTIONES.

608 5788 653 5818 ”
699 5786 931 5857 ἰμέριον
963 5806 1019 5859 p.
1046 5790 1145 5845 467
1183 5792 1215 5845 b
1236 5801 1291 5847 et
1318 5794 1424 5849 560
1447 5812 1499 5849 ει.
