4136 6442
330 369 441 433 389

1364 360 1510 420 LIB.
1546 360 1645 419 Vl.
1687 386 1753 396 -
1782 358 1929 418 Ι.Εο
1961 360 2243 421 BASILU
2282 358 2562 420 FILIUS.

3496 364 3602 427 390

332 481 395 535 δὲ
423 472 511 529 τοῦ
544 469 813 541 Ἠμερίου
846 468 1303 541 προτρεπομένου
1338 468 1430 521 τὸν
1476 465 1816 537 Ἀνδρόνικον
1858 466 1915 517 ἐν

2033 473 2186 537 atque
2218 468 2381 521 ctiam
2407 476 2633 536 rogante
2670 474 2831 537 atque
2861 467 3113 523 hortante
3144 468 3514 524 Andronicum
3545 484 3604 525 ut

337 574 453 630 τοῖς
486 563 683 625 πλοίοις
728 561 1001 614 εἰσελθεῖν
1025 562 1133 614 τῶν
1172 558 1496 630 Ἀγαρηνῶν
1522 559 1915 627 ἐπικειμένων,

342 658 725 729 άπεσκίρτησε,
744 654 822 725 μὴ
842 653 1006 706 τοῦτο
1018 654 1240 724 ποιῆσαι
1261 652 1529 716 καταδεξά
1538 668 1719 721 μενος.
1758 651 1920 721 Ἡμέ-

339 772 451 827 pta;
473 752 530 805 δὲ
564 748 724 820 μόνος
760 750 830 818 τῇ
859 745 959 799 τοῦ
984 746 1141 810 άγίου
1182 745 1483 798 ἀποστόλου
1512 744 1686 814 Θωμᾶ
1728 744 1920 816 μνήμῃ

333 843 631 916 συμὸαλὼν
672 841 915 910 πόλεμον
976 838 1115 907 μετὰ
1157 836 1266 890 τῶν
1306 836 1628 905 Ἀγαρηνῶν
1677 835 1920 907 μεγάλην

325 940 486 1005 νξκην
548 932 873 1002 εἰργάσατο.
929 928 1103 982 Τοῦτο
1160 925 1348 997 μαθὼν
1414 926 1772 994 Ἀνδρόνικος,
1824 927 1921 980 καὶ

320 1025 628 1094 ἀπογνοὺς,
661 1024 780 1093 ἅμα
827 1020 1115 1089 συγγενέσι
1166 1020 1263 1073 καὶ
1312 1017 1521 1082 δούλοις
1550 1017 1717 1071 αὐτοῦ
1765 1017 1920 1073 πόλιν

318 1120 601 1188 κατέσχεν
636 1116 740 1184 τὴν
773 1112 1077 1183 λεγομένην
1127 1110 1411 1174 Καϐάλαν,
1463 1113 1543 1174 εἰς
1582 1110 1921 1164 ἀποστασίαν

318 1210 608 1279 ὁρμήσας.
649 1206 711 1258 '0
734 1204 792 1259 δέ
813 1205 1082 1273 Σαμωνᾶς
1097 1203 1266 1256 πάλαι
1298 1202 1430 1256 ποτὲ
1453 1203 1698 1255 τοιούτου
1730 1201 1923 1256 ἐπιλα-

323 1298 527 1352 ϐέσθαι
550 1294 753 1367 καιροῦ
794 1293 1082 1364 ἐπιθυμῶν
1120 1294 1257 1364 πρὸς
1288 1294 1515 1364 βασιλέα
1558 1294 1763 1363 ἐλεγενο
1799 1297 1922 1349 Οὐκ

316 1390 442 1452 ἀεὶ,
464 1387 765 1452 δέσποτα,
803 1387 1020 1454 ἔλεγον
1044 1384 1132 1439 ὅτι
1163 1385 1463 1454 ἀντάρτης
1510 1387 1609 1440 καὶ
1655 1387 1923 1442 ἀποστά-

319 1499 437 1549 της
465 1481 646 1535 ἐστὶν
682 1482 718 1533 ό
743 1479 894 1543 δοὺξ
921 1476 1110 1547 καὶτῇ
1126 1478 1417 1547 ,βασίλεια
1448 1494 1565 1533 σου
1596 1481 1921 1550 πολέμιος;

328 1574 663 1644 Παραυτξκα
709 1571 845 1639 γοῦν
901 1570 1225 1626 ἀπέστειλεν
1276 1572 1564 1642 Γρηγορᾶν
1614 1572 1923 1645 Ἰϐηρίτζην

328 1666 653 1737 λεγόμενον,
683 1664 1007 1732 ὼμέστικον
1027 1664 1157 1717 ὄντα
1184 1663 1294 1716 τῶν
1322 1663 1528 1734 σχολῶν
1560 1664 1652 1717 καὶ
1682 1667 1924 1735 συμπέν-

338 1756 497 1825 θερον
543 1754 914 1827 Ἀνδρονίκου,
962 1755 1421 1827 καταπολεμῆσαι
1474 1757 1662 1814 αὐτόν.
1714 1756 1921 1811 Μαθὼν

335 1815 579 1903 δὲ.τοῦτο
621 1815 984 1922 ’Ᾰνδρόνικος,
1016 1848 1112 1902 καὶ
1134 1815 1261 1912 πῶς·
1280 1815 1323 1901 ό.
1351 1851 1699 1921 πατριάρχης
1751 1851 1919 1905 Νικό-
1952 1815 1997 1873 Β

335 1941 469 2003 λαος
521 1941 619 2010 τῆς
684 1939 1015 2010 Ἑκκλησίας
1066 1939 1390 2011 ἐξεδιὼχθη,
1445 1943 1559 2005 τοῖς
1602 1943 1924 2013 Ἀγαρηνοῖς

348 2033 620 2101 ἐξέφυγεν
656 2032 894 2097 πανοικὶ,
940 2032 1248 2101 τηνικαῦτα
1302 2031 1447 2085 κατὰ
1492 2032 1778 2103 Ῥωμαίων
1836 2033 1927 2099 ἐξ·

356 2124 709 2194 εληλυθόσιν·
743 2124 797 2179 ὃν
848 2125 1279 2196 ’Δμερμουμνῆς
1327 2125 1567 2196 ἐντίμως
1618 2128 1714 2181 καὶ
1752 2144 1926 2198 μεγαο

300 2236 311 2243 ·
351 2216 649 2287 λοπρεπῶς
698 2214 1054 2289 προσεδέξατο
1093 2232 1107 2246 ο
1142 2216 1390 2269 ἐλυπεῖτο
1412 2215 1469 2269 δὲ
1501 2219 1529 2270 ὁ
1557 2217 1810 2286 βασιλεὺς
1839 2218 1929 2271 διὰ

343 2307 443 2361 τὸν
494 2307 841 2377 ’Δ-ὧρόνικον,
876 2305 960 2379 [Ρ.
998 2304 1129 2378 250]
1164 2307 1260 2359 καὶ
1297 2306 1550 2360 ἐϐούλετο
1592 2309 1749 2376 λόγον
1778 2309 1929 2381 αὐτῷ

332 2398 723 2467 ἐνυπόγραφον
770 2398 1088 2452 ἀποστεῖλαι
1130 2398 1223 2451 τοῦ
1273 2399 1412 2469 πρὸς
1454 2400 1760 2470 Ῥωμαίους
1790 2404 1928 2457 ὑπο-

334 2489 603 2559 στρέψαι.
644 2490 1086 2547 Συνεσούλευσαν
1106 2490 1162 2543 δέ
1183 2508 1329 2555 τινες
1347 2492 1425 2563 τῷ
1443 2491 1655 2562 βασιλεί
1672 2496 1930 2565 φιλοφρο-

338 2582 573 2652 νηθῆναί
609 2598 737 2635 τινα
763 2580 874 2634 τῶν
920 2580 1016 2633 τοῦ
1074 2582 1413 2653 πραιτωρίου
1466 2583 1802 2654 Σαρακηνῶν
1835 2585 1929 2639 καὶ

338 2673 723 2740 ἀποσταλῆναι
768 2674 827 2727 ἐν
862 2672 1035 2744 Συρίᾳ
1065 2673 1204 2744 μετὰ
1254 2672 1417 2741 λόγου
1442 2674 1827 2746 ἐνυπογράφου
1856 2692 1869 2707 ο
1901 2676 1930 2730 ὃ

334 2764 405 2833 δὴ
441 2764 538 2817 καὶ
589 2764 896 2835 πεποίηκεν
923 2804 938 2828 ,
984 2764 1073 2819 διὰ
1127 2766 1504 2837 κινναϐάρεως
1558 2767 1776 2838 γράψας
1834 2768 1930 2821 καὶ

336 2854 541 2927 βοόλλῃ
570 2858 883 2926 σφραγίσας
920 2859 1096 2928 χρυσῇ
1132 2857 1226 2911 καὶ
1261 2857 1409 2911 ἔνδον
1447 2858 1679 2930 βραχέος
1703 2860 1929 2929 φατλίου

333 2950 583 3019 τράκτου
612 2949 980 3012 κατακλείσας
1022 2950 1175 3004 αὐτό.
1211 2950 1317 3003 Τοῦ
1356 2950 1413 3003 δὲ
1462 2951 1779 3023 Σαρακηνοῦ
1821 2953 1930 3005 ἀπὸ

337 3034 619 3104 βασιλέως
646 3036 979 3102 ἐξελθόντος,
1012 3038 1526 3111 προσκαλεσάμενος
1554 3041 1744 3096 τοῦτον
1761 3042 1789 3095 ό
1819 3042 1928 3095 Σα-

2024 558 2290 629 Agarenis
2313 556 2695 629 ingruentibus
2719 574 2885 614 naves
2907 560 3157 628 intraret,
3183 562 3272 616 illc
3296 562 3505 617 resilire
3540 579 3604 616 ac

2026 652 2315 722 imperium
2348 651 2672 707 detrectare.
2706 649 2992 708 llemerius
3024 654 3142 723 ipse
3182 655 3351 721 solus,
3383 670 3490 725 qua
3517 658 3603 711 die

2024 746 2284 800 solemnis
2311 743 2371 800 S.
2408 744 2633 800 Thomas
2663 746 2928 801 memoria
2959 746 3162 816 agitur,
3196 758 3450 803 conserta
3479 766 3602 801 cum

2023 836 2287 905 Agarenis
2313 852 2476 892 manu
2505 838 2709 905 ingenti
2741 837 2965 893 victoria
2993 841 3216 909 potitur.
3249 837 3321 893 Ut
3349 842 3602 910 cognovit

2021 927 2392 993 Andronicus,
2425 930 2802 1000 desperatione
2843 938 3000 986 actus
3045 946 3170 985 cum
3206 932 3529 988 necessariis
3552 942 3607 986 et

2024 1019 2230 1076 familia
2275 1030 2498 1092 totoque
2542 1024 2801 1077 comitatu
2831 1064 2846 1089 ,
2881 1032 3147 1093 occupata
3180 1023 3314 1078 urbe
3355 1025 3435 1079 sic
3467 1025 3607 1077 dicta

2022 1115 2222 1171 Cabala
2252 1114 2553 1169 rebellavit.
2594 1114 2765 1169 Porro
2807 1115 3076 1170 Samonas
3120 1116 3248 1170 olim
3273 1115 3384 1185 jam
3418 1116 3610 1170 istius-

2024 1207 2172 1265 modi
2200 1206 2550 1261 occasionem
2592 1206 2835 1261 nancisci
2880 1207 3221 1271 desiderans,
3257 1208 3323 1262 ad
3375 1208 3610 1276 impera-

2024 1310 2197 1355 torem
2232 1316 2246 1354 :
2282 1298 2474 1354 Nonne
2523 1315 2745 1368 semper,
2779 1300 3009 1362 domine,
3054 1299 3282 1364 aiebam,
3317 1300 3504 1353 ducem
3529 1316 3612 1353 re-

2026 1392 2214 1446 bellem
2243 1408 2353 1448 esse
2398 1408 2461 1445 ac
2503 1391 2848 1460 defectionem
2882 1391 3063 1444 moliri
3102 1402 3309 1461 tumque
3341 1392 3611 1460 majestati

2026 1483 2139 1553 fore
2164 1481 2484 1552 perduellem
2511 1484 2536 1537 .9
2574 1480 2697 1534 Mox
2728 1480 2911 1550 itaque
2944 1480 3104 1534 mittit
3141 1481 3436 1550 imperator
3469 1479 3609 1535 Gre-

2026 1589 2213 1644 goram
2242 1582 2605 1644 cognomento
2628 1571 2880 1627 lberitem
2908 1572 3217 1626 scholarum
3246 1571 3608 1626 domeSticum

2023 1682 2090 1723 ac
2118 1666 2419 1722 Andronici
2474 1681 2539 1720 ex
2570 1680 2739 1720 uxore
2776 1662 3014 1727 aliinem,
3058 1664 3150 1733 qui
3183 1678 3307 1719 eum
3356 1661 3609 1717 debellet.

2028 1758 2375 1813 Andronicus
2398 1758 2488 1813 ubi
2513 1756 2734 1813 rescivit
2755 1770 2820 1811 ac
2847 1754 3126 1811 Nicolaum
3156 1754 3520 1826 patriarcham
3544 1770 3610 1809 ex

2024 1850 2256 1904 ecclesia
2292 1849 2527 1917 ejectum
2565 1845 2872 1910 intellexit,
2904 1845 2968 1900 ad
3003 1846 3286 1915 Agarenos
3311 1885 3326 1909 ,
3362 1843 3456 1914 qui
3495 1852 3611 1898 tum

2026 1942 2284 1997 adversus
2326 1940 2608 1994 Romanos
2642 1937 3041 2008 expeditionem
3074 1946 3448 2006 susceperant,
3484 1950 3610 1989 cum

2026 2034 2143 2089 suis
2164 2033 2421 2088 omnibus
2466 2030 2727 2102 profugit.
2764 2032 3188 2085 Amcrmumnes
3221 2029 3399 2082 virum
3438 2027 3614 2082 hono-

2027 2127 2180 2181 rilice
2208 2141 2273 2181 ac
2304 2125 2590 2197 magniﬁce
2612 2124 2843 2194 accepit.
2875 2122 3057 2179 Animi
3085 2122 3285 2178 anxius
3318 2122 3614 2192 imperator

2026 2217 2097 2271 ob
2125 2232 2243 2271 eam
2274 2215 2574 2271 Andronici
2603 2213 2788 2284 fugam
2818 2212 2941 2268 data
2988 2212 3303 2268 securitatis
3339 2211 3439 2264 ﬁde
3461 2208 3526 2263 ad
3556 2224 3617 2261 se

2029 2320 2154 2361 eum
2197 2320 2458 2361 revocare
2490 2305 2762 2361 studebat.
2796 2303 3164 2370 Quamobrem
3200 2308 3455 2354 auctores
3497 2299 3619 2366 qui-

2028 2398 2153 2453 dam
2192 2397 2270 2451 illi
2301 2397 2579 2463 exstitere,
2611 2404 2670 2450 ut
2699 2394 3101 2449 Saracenorum
3136 2391 3297 2462 373
3322 2389 3619 2459 quemdam

2028 2504 2094 2545 ex
2122 2489 2385 2559 praetorio
2438 2487 2542 2542 sibi
2562 2486 2910 2552 conciliaret,
2939 2498 3099 2554 quem
3140 2498 3266 2537 cum
3311 2480 3621 2548 subscripto

2028 2581 2205 2635 veniae
2233 2578 2421 2635 libello
2444 2579 2499 2633 in
2519 2578 2735 2650 Syriam
2769 2576 3027 2631 mitteret.
3058 2573 3216 2629 Hunc
3251 2586 3382 2642 ergo
3409 2571 3623 2642 paravit

2030 2672 2356 2740 imperator,
2415 2670 2781 2738 scribensque
2832 2667 3114 2723 cinnabari
3163 2679 3227 2720 ac
3279 2664 3426 2734 regia
3476 2662 3621 2717 bulla

2030 2763 2364 2833 consignans
2397 2761 2539 2814 intra
2570 2761 3022 2815 brevemcercum
3061 2757 3244 2811 fusum
3282 2755 3501 2809 litteras
3538 2754 3624 2806 iu-

2031 2855 2215 2910 elusit.
2254 2853 2589 2908 Saracenum
2620 2852 2690 2907 ab
2713 2851 3044 2918 imperatore
3057 2848 3425 2904 discedentem
3453 2845 3625 2899 advo-

2032 2961 2167 3003 cans
2206 2945 2501 3011 Samonas,
2568 2943 2710 3011 Scis,
2748 2943 2951 3012 inquit,
3001 2941 3129 3012 quid
3179 2939 3322 3011 feras
3347 2939 3372 2992 .9
3397 2939 3441 2992 is
3470 2952 3624 3007 quem

2035 3050 2199 3107 tenes,
2246 3055 2424 3094 cereus
2457 3036 2631 3108 Syriae
2668 3037 2925 3106 pernicies
2970 3044 3068 3088 est.
3107 3031 3399 3087 Numerata
3440 3028 3626 3098 itaque

343 3130 536 3197 μωνᾶς
566 3123 747 3182 εἶπεν
779 3125 957 3194 Οἶδας
1007 3128 1039 3183 ὂ
1074 3130 1388 3200 κατέχεις;
1431 3133 1593 3187 τοῦτο
1643 3133 1815 3188 είπὼν
1865 3135 1929 3203 δὴ

2035 3132 2266 3202 pecunia
2320 3129 2475 3185 Useri
2520 3129 2574 3183 in
2625 3142 2821 3182 manus
2852 3125 3070 3181 tradere
3104 3122 3293 3194 jussit.
3337 3120 3623 3176 Profectus

342 3223 370 3275 ὃ
424 3222 657 3293 ἐκράτει
717 3222 923 3291 κηρὸν,
984 3221 1060 3285 ὡς
1118 3222 1219 3294 τῆς
1273 3223 1477 3294 Συρίας
1536 3224 1624 3296 εἴη
1657 3225 1927 3284 ἀπώλεια.

344 3315 478 3377 Asis;
515 3314 672 3382 αὑτῷ
709 3315 971 3383 χρήματα
994 3315 1371 3384 παρήγγειλεν
1392 3316 1547 3370 τοῦτο
1574 3319 1653 3380 είς
1675 3319 1775 3382 τὰς
1817 3321 1934 3389 χεϊο

344 3424 446 3477 ρας
474 3405 574 3458 τοῦ
636 3404 824 3475 Οὑζὴρ
859 3404 904 3436 ⁸⁸
963 3405 1242 3476 ἐμϐαλεῖν.
1292 3406 1350 3460 Ὀ
1394 3406 1451 3460 δὲ
1496 3407 1749 3461 ἀπελθὼν
1776 3411 1935 3464 τοῦτο

345 3497 677 3567 πεποίηκεν.
726 3496 1039 3567 Ἐκρατήθη
1081 3498 1137 3551 δὲ
1175 3497 1518 3569 Ἀνδρόνικος
1538 3501 1932 3573 καὶέδεσμήθη

353 3590 491 3661 μετά
523 3591 748 3643 πάντων
781 3588 890 3641 τῶν
914 3575 1097 3644 αὑτοιτ
1116 3590 1397 3659 συγγενῶν
1426 3608 1440 3622 '
1476 3593 1571 3645 καὶ
1622 3592 1813 3661 μαθὼν
1846 3593 1935 3650 διά

348 3681 503 3734 δῶ.ου
553 3679 647 3732 τοῦ
706 3680 944 3749 Σαμωνᾶ
1005 3679 1179 3733 ταῦτα
1224 3681 1529 3751 γεγονέναι,
1561 3685 1936 3753 ἀναγκασθεὶς

344 3775 449 3844 τὴν
488 3774 628 3826 ἰδίαν
663 3772 849 3824 πίστιν
875 3772 1038 3835 αὑτός
1075 3790 1134 3826 τε
1170 3775 1265 3827 καὶ
1296 3776 1346 3828 οἱ
1394 3776 1491 3829 σὺν
1530 3776 1681 3845 αὐτῷ
1723 3776 1937 3849 ἐξωμό-

358 3880 547 3916 σαντο.
576 3864 979 3926 Κωνσταντῖνος
1006 3862 1062 3916 δὲ
1091 3865 1119 3916 ό
1152 3865 1268 3925 υἱὸς
1299 3864 1488 3931 αὐτοῦ,
1520 3866 1678 3929 εἰδὼς
1700 3867 1777 3932 ὠς
1806 3869 1937 3921 ἁδύ-

345 3952 537 4006 ’νατόν
596 3955 731 4007 ἐστιν
776 3954 988 4008 ἐκεῖθεν
1032 3954 1306 4022 ἐξελθεῖν,
1356 3956 1519 4028 βουλῇ
1561 3958 1726 4013 αὑτοῦ
1789 3964 1935 4033 φυγῇ

369 4045 720 4117 χρησάμενος
747 4046 840 4101 ἀπὸ
880 4046 1084 4118 Συρίας
1122 4047 1368 4117 ἐξῆλθεν,
1396 4050 1489 4103 καὶ
1534 4050 1670 4122 πρὸς
1709 4049 1939 4120 βασιλέα

360 4138 622 4194 ἐπάνεισι
647 4140 737 4191 σὺν
764 4143 873 4203 τοῖς
914 4140 1033 4210 μετ’
1063 4139 1250 4207 αὑτοῦ,
1281 4140 1340 4192 ὃν
1370 4138 1565 4211 δώροις
1597 4141 1870 4206 πλείστοις
1909 4143 1939 4196 ό

354 4231 622 4304 βασιλεὺς
670 4231 1130 4302 δαψιλευσάμενος
1180 4233 1306 4286 τάδε
1370 4235 1506 4305 φησὶ
1559 4235 1696 4307 πρὸς
1750 4235 1936 4303 αὑτὸν,

352 4328 495 4388 στάς
521 4325 583 4377 ἐν
613 4327 679 4395 τῇ
712 4325 848 4394 πρὸς
882 4324 1172 4388 Ἀνατολὰς
1197 4324 1291 4378 τοῦ
1322 4326 1528 4399 Κυρίου
1564 4328 1659 4382 καὶ
1688 4329 1941 4400 Σωτῆρος

352 4416 514 4488 ἡμῶν
546 4416 743 4470 εἰκόνι·
773 4416 870 4484 Μὴ
927 4415 1287 4485 πεπλάνησο
1325 4417 1456 4473 καθ’
1495 4417 1716 4474 ἑαυτὸν
1785 4418 1865 4486 τῷ
1894 4422 1939 4453 ⁶¹

2036 3225 2223 3294 itaque
2278 3220 2587 3276 Saracenus
2616 3260 2632 3287 ,
2668 3218 2813 3288 quod
2847 3217 3039 3287 jussus
3082 3221 3201 3270 erat
3232 3211 3382 3267 fecit.
3419 3209 3625 3280 Captus

2037 3330 2166 3369 vero
2198 3312 2565 3379 Andronicus,
2611 3326 2676 3364 ac
2704 3324 2828 3364 cum
2879 3306 3208 3363 necessariis
3260 3303 3528 3360 omnibus
3570 3303 3627 3358 in

2036 3406 2253 3462 vincula
2280 3404 2582 3475 conjectus.
2614 3402 2864 3473 Cumque
2899 3402 3015 3456 bzec
3044 3401 3298 3455 Samonte
3333 3398 3459 3454 dolo
3489 3399 3541 3452 in
3567 3412 3629 3453 se

2038 3508 2188 3570 gesta
2215 3499 2590 3568 comperisset,
2610 3496 2937 3551 necessitate
2961 3495 3191 3549 adactus
3214 3508 3339 3547 cum
3365 3494 3480 3561 ipse
3510 3503 3625 3546 tum

2038 3595 2131 3649 alii
2178 3594 2337 3648 ﬁdem
2381 3593 2688 3662 ejurarunt.
2722 3588 2860 3659 Ejus
2892 3597 3075 3642 autem
3118 3587 3262 3641 illius
3304 3584 3627 3640 Constanti-

2039 3701 2165 3750 nus,
2197 3700 2319 3741 cnm
2348 3686 2515 3741 sciret
2548 3683 2667 3738 ﬁeri
2697 3698 2806 3736 non
2834 3695 2999 3751 posse
3023 3688 3081 3734 ut
3106 3679 3230 3734 inde
3259 3679 3397 3733 liber
3429 3677 3627 3737 exiret.

2038 3780 2208 3849 patrie
2244 3777 2475 3832 consilio
2497 3776 2623 3845 fuga
2652 3789 2784 3829 usus
2823 3772 2980 3845 Syria
3013 3772 3200 3826 relicta
3233 3771 3296 3825 ad
3334 3770 3633 3840 imperato-

2042 3881 2215 3927 torem
2259 3884 2382 3923 cum
2429 3868 2594 3923 sociis
2642 3880 2895 3921 reversus
2942 3873 3075 3919 est:
3116 3864 3273 3919 llunc
3323 3864 3626 3933 imperatur

2040 3963 2199 4019 donis
2225 3960 2479 4031 plurimis
2506 3959 2763 4013 muniﬁce
2796 3966 3102 4024 acceptum,
3122 3960 3281 4011 'stans
3312 3955 3378 4010 ad
3411 3955 3627 4010 Domini

2040 4071 2108 4111 ac
2131 4052 2434 4109 Salvatoris
2455 4051 2629 4105 nostri
2656 4051 2949 4120 imaginem
2972 4050 3039 4104 ad
3067 4049 3343 4104 Orientem
3366 4050 3626 4123 positam,

2042 4150 2097 4204 in
2128 4150 2243 4201 haec
2274 4146 2441 4200 verba
2481 4143 2679 4198 allatus
2713 4152 2798 4197 est
2825 4159 2838 4195 :
2867 4140 2951 4194 Ne
2981 4151 3027 4195 te
3066 4141 3280 4195 seducat
3312 4140 3452 4211 quod
3477 4143 3629 4213 vulgo

2034 4243 2266 4313 jactant,
2290 4240 2404 4309 fore
2422 4238 2831 4296 Constantinum
2852 4236 3223 4303 imperatorem
3245 4232 3628 4290 Romanorum.

2042 4332 2181 4389 Jura
2215 4333 2354 4386 enim
2390 4348 2482 4402 per
2510 4330 2872 4399 inspectricem
2904 4328 3138 4382 omnium
3159 4325 3436 4396 justitiam
3462 4336 3510 4380 et
3538 4341 3631 4393 per

2045 4426 2262 4482 Domini
2302 4426 2471 4481 nostri
2509 4425 2594 4478 hic
2633 4424 2861 4492 positam
2900 4421 3150 4492 ﬁguram,
3187 4417 3324 4472 nihil
3352 4418 3628 4488 imperium

359 4510 517 4579 παρὰ
542 4507 803 4575 πολλοῖς
827 4504 982 4562 εἶναι
1008 4509 1309 4579 ᾀδόμενον
1341 4511 1804 4567 Κωνσταντῒνον
1818 4514 1933 4579 ,βα-ε

2049 4517 2118 4570 ad
2145 4524 2192 4568 te
2235 4514 2461 4569 attinere
2487 4529 2548 4567 eo
2580 4511 2719 4581 quod
2743 4508 3124 4566 Constantinus
3158 4506 3371 4573 audias,
3402 4507 3495 4561 sed
3518 4507 3631 4576 ﬁlio

361 4601 733 4655 σαεύσοντα
766 4601 1087 4671 Ῥωμαίων.
1117 4603 1370 4672 Ὄμνυμι
1390 4616 1491 4657 σοι
1509 4606 1596 4669 είς
1613 4604 1727 4671 τὴν
1748 4623 1940 4661 παντ-

356 4694 579 4765 ἐρορον
615 4693 799 4761 δίκην
812 4695 910 4749 καὶ
933 4697 1021 4761 εὶς
1039 4694 1155 4763 τὴν
1170 4694 1278 4749 τοῦ
1302 4696 1525 4763 Κυρίου
1550 4697 1720 4767 ⁴ἡμῶν
1736 4700 1942 4754 εἰκόνα

347 4788 439 4841 ὅτι
476 4789 592 4840 οὐκ
623 4784 757 4838 ἐστι
780 4784 900 4839 σὸν
931 4785 998 4838 τὸ
1025 4785 1349 4851 βασίλειον
1369 4786 1469 4841 διὰ
1510 4787 1576 4839 τὸ
1609 4805 1942 4859 κατονομα-

340 4878 585 4947 σθῆναι
611 4894 685 4931 σε
708 4876 1188 4943 Κωνσταντῖνον,
1226 4877 1390 4933 ἀλλὰ
1420 4877 1503 4944 τῷ
1529 4880 1792 4948 φιλτάτῳ
1818 4901 1940 4951 μου

343 4973 461 5037 υὶῷ
494 4973 708 5027 θεόθεν
723 4971 821 5027 διὰ
849 4973 1161 5042 προγόνων
1179 4970 1525 5041 δεδώρηται,
1550 4975 1745 5041 καθὼς
1780 4978 1942 5044 παρὰ

344 5066 614 5121 πολλῶν
651 5066 834 5134 ἁγίων
862 5062 1103 5133 ἀνδρῶν
1136 5066 1698 5136 πεπλιιροφόρημαι.
1725 5068 1799 5121 El
1828 5068 1939 5138 γὰρ

341 5160 703 5228 acquodac
772 5159 993 5213 τοῦτον
1051 5156 1568 5227 διαχειρίσασθαι,
1631 5159 1706 5229 τῇ
1771 5162 1940 5231 πύλῃ

333 5257 543 5323 ταύτῃ
556 5255 594 5322 ὴ
619 5252 853 5323 κεφαλή
877 5268 996 5308 σου
1015 5254 1290 5322 σώματος
1311 5253 1487 5318 ἐκτὸς
1503 5255 1938 5310 εἰσελεύσεται.

2050 4625 2164 4663 meo
2194 4605 2506 4661 dulcissimo
2548 4604 2800 4658 divinitus
2828 4620 2858 4655 a
2887 4601 3182 4669 majoribus
3211 4600 3468 4654 donatum
3494 4596 3627 4667 esse,

2048 4704 2187 4774 quod
2221 4717 2313 4773 ego
2343 4700 2470 4754 viris
2502 4697 2701 4752 sanctis
2741 4711 2842 4748 non
2886 4695 3068 4764 paucis
3106 4694 3516 4748 vaticinantibus
3552 4695 3630 4774 ita

2049 4768 2162 4861 fore
2190 4768 2522 4858 exploratum
2555 4785 2737 4840 habeo.
2760 4785 2820 4841 Si
2847 4785 2985 4839 enim
3008 4784 3129 4837 huic
3170 4788 3389 4838 mortem
3420 4768 3655 4859 'maclti-,

2046 4895 2205 4940 natus
2231 4884 2420 4954 fueris,
2449 4898 2543 4953 per
2562 4883 2699 4936 hanc
2728 4889 2937 4950 portam
2968 4895 3156 4949 corpus
3187 4886 3430 4933 truncum
3461 4878 3657 4953 capite.

2047 4978 2325 5048 inferetur.
2358 4975 2515 5043 Quod
2548 4973 2715 5047 375
2734 4981 2787 5029 et
2812 4974 2887 5029 ita
2915 4972 3141 5043 contigit
3171 4986 3186 5025 :
3218 4987 3339 5027 cum
3371 4954 3521 5026 εηίηἱ
3536 4970 3630 5027 ille

2048 5068 2338 5143 tyrannico
2377 5082 2530 5124 more
2555 5082 2751 5122 manus
2780 5067 3037 5131 levasset,
3084 5064 3206 5134 ejus
3242 5071 3405 5133 caput
3433 5054 3659 5145 01⁵1101⁸θῖ

2046 5174 2100 5219 et
2148 5164 2281 5219 tabo
2326 5172 2491 5235 atque
2522 5162 2749 5233 pulvere
2799 5159 3162 5215 deformatum
3203 5173 3298 5228 per
3343 5156 3442 5213 bas
3478 5156 3659 5231 ipsas.

2046 5264 2237 5326 portas
2277 5256 2487 5310 illatum
2528 5265 2635 5311 est.

342 5352 420 5402 '0
453 5348 554 5401 καὶ
582 5349 808 5417 γέγονεν
841 5363 853 5377 ·
889 5344 1029 5415 μετὰ
1062 5345 1171 5417 γὰρ
1200 5345 1264 5426 to
1294 5342 1428 5417 ἆραι
1467 5344 1631 5401 αὐτὸν
1677 5347 2020 5419 τυραννικῶς
2048 5352 2238 5420 χεῖρας
2277 5349 2310 5420 ἡ
2379 5348 2589 5420 κεφαλὴ
2632 5347 2800 5402 αὐτοῦ
2860 5344 3060 5420 ἀἵματι
3126 5344 3223 5398 καὶ
3269 5342 3451 5415 λύθρῳ
3534 5347 3630 5399 καὶ

336 5448 501 5501 κόνει
535 5445 933 5518 ἀμαυρωθεῖσα
962 5442 1052 5496 διὰ
1079 5442 1187 5496 τῶν
1213 5444 1396 5497 αὐτῶν
1431 5443 1617 5498 πυλῶν
1648 5446 2019 5515 εἰσελήλυθεν.

418 5541 524 5605 κζ’.
575 5540 633 5591 'U
672 5538 732 5592 δὲ
777 5535 1041 5608 βασιλεὺς
1068 5533 1344 5598 διεδέξατο
1371 5534 1465 5591 τὸν
1501 5536 1806 5593 Εὐστάθιον
1840 5543 1941 5592 ἐπ-

341 5632 760 5704 ονομαζόμενον
777 5630 834 5684 Ἀ
845 5627 1051 5701 ργυρὺν
1064 5626 1173 5681 ἀπὸ
1196 5626 1289 5681 τοῦ
1309 5626 1717 5700 δρουγγαράτου
1734 5631 1835 5701 τῆς
1860 5631 1943 5702 βί-

2117 5540 2209 5595 27.
2241 5540 2511 5597 Praeterea
2540 5538 2652 5596 Leo
2672 5535 3019 5593 Eustathium
3059 5541 3422 5603 cognomento
3453 5530 3629 5600 Argy-

2049 5648 2212 5699 rum,
2274 5631 2345 5687 ob
2404 5632 2771 5705 suspicionem
2806 5626 3098 5700 quamdam
3157 5627 3227 5682 ab
3272 5622 3627 5680 excubiatum

1641 5721 1880 5779 VARIIE
1923 5722 2221 5782 LECTION
2233 5725 2338 5782 ES.

417 5824 463 5856 ’θ
485 5819 741 5893 Οὖῖξὴρῖ
816 5819 856 5850 ⁸¹
892 5814 954 5867 τὸ
985 5813 1043 5868 Ρ.
