4136 6454
465 347 567 412 391

1561 336 2075 402 TIlEOPIIANES
2113 336 2676 400 CONTINUATUS.

3645 333 3755 396 392

467 455 750 529 drungarii
781 469 1008 510 munere
1039 459 1310 518 amotum,
1342 451 1564 507 domum
1601 466 1756 505 suam
1793 451 1860 504 ad
1885 449 2057 504 Char-

2190 448 2298 519 νλης
2328 449 2396 503 δι’
2428 450 2686 504 ύπὸυοιάν
2711 466 2853 508 τινα,
2893 448 2986 502 καὶ
3018 446 3209 501 τοῦτον
3241 448 3320 510 εἰς
3345 445 3436 500 τὸν
3473 439 3624 498 οἷκον
3655 447 3756 499 αύ-

469 554 686 608 siannm
731 547 964 603 remisit.
1009 545 1063 600 in
1094 546 1180 599 via
1215 553 1398 600 autem
1427 545 1494 598 ad
1527 542 1698 607 Aran,
1739 551 1963 610 accepto
1993 539 2062 594 ab

471 660 584 700 uno
617 641 1045 698 domesticorum
1075 652 1307 701 veneno,
1327 636 1634 692 exstinctus
1660 643 1744 690 est
1772 676 1788 702 ,
1809 641 1974 703 atque
2005 632 2060 686 in

470 736 743 808 Spunino,
800 731 946 804 quod
997 730 1172 801 ipsius
1215 730 1360 784 Aran
1405 736 1591 783 vertex
1638 735 1749 791 est,
1797 725 2064 796 sepultus.

470 828 603 899 Ejus
653 826 854 882 deinde
899 839 1103 890 corpus
1157 823 1332 892 ipsius
1385 821 1543 875 liberi
1585 819 1754 874 Potus
1808 834 1874 874 ac
1929 817 2065 885 Leo,

471 919 933 988 manglabitarum
985 916 1251 985 dignitate
1305 912 1609 984 fulgentes,
1667 911 1946 966 sublatum
2008 909 2065 964 in

473 1015 624 1067 avito
674 1009 1013 1065 monasterio
1063 1007 1120 1061 S.
1167 1006 1432 1070 Elisabet,
1477 1004 1625 1073 quod
1683 1003 1738 1057 in
1776 1002 2067 1058 Cbarsiani

473 1107 712 1162 themate
735 1112 818 1159 est
851 1111 905 1156 et
931 1117 960 1156 a
995 1099 1177 1155 Leone
1205 1099 1427 1152 tribuno
1459 1098 1677 1151 illorum
1714 1111 1819 1151 avo
1847 1105 2068 1151 exstru-

473 1209 624 1253 ctum
674 1203 812 1260 erat,
850 1193 1162 1248 condidere.
1215 1190 1315 1246 llic
1352 1191 1462 1246 Leo
1500 1193 1836 1262 Argyrorutn
1880 1191 2069 1260 (velut

473 1289 872 1356 Argenteorum
903 1283 1075 1353 dicas)
1112 1299 1312 1339 nomen
1345 1284 1396 1336 in
1434 1283 1701 1338 familiam
1734 1283 1947 1353 primus
1981 1284 2067 1336 in-

477 1380 621 1441 tulit,
658 1380 772 1431 sive
794 1376 863 1430 ob
894 1374 1142 1444 corporis
1176 1375 1471 1444 puritatem
1506 1390 1571 1429 ac
1597 1375 1933 1437 castitatem,
1955 1375 2070 1429 sive
2105 1390 2112 1395 '

474 1476 696 1539 prapter
717 1466 898 1521 vultus
920 1467 1172 1520 decorem
1199 1480 1262 1519 ac
1285 1476 1618 1536 conspectus
1649 1466 2065 1536 ingenuitatem,

475 1564 593 1615 sive
635 1569 860 1630 propter
899 1559 1067 1613 alimn
1117 1559 1410 1629 quemdam
1446 1560 1567 1630 ejus
1603 1560 1823 1630 generis
1869 1560 2071 1615 indolis

477 1668 540 1708 ac,
567 1651 909 1706 fortitudinis
941 1651 1187 1706 modum.
1216 1650 1496 1720 Ejusmodi
1527 1653 1675 1706 enim
1708 1653 1791 1705 vir
1825 1653 1915 1708 ille
1943 1651 2069 1720 fuit,

480 1755 540 1799 ut
572 1743 835 1798 Micltaele
885 1742 1218 1813 imperatore
1249 1759 1411 1799 nemo
1444 1744 1774 1801 bellatorum
1808 1749 1929 1817 ejus
1956 1748 2067 1801 vir-

479 1845 650 1890 tutem
678 1836 1000 1904 aequaverit,
1028 1835 1101 1888 ita
1125 1850 1258 1889 sane
1291 1845 1347 1889 ut
1375 1836 1576 1906 saepius
1611 1854 1734 1892 cum
1757 1839 2070 1893 vernaculis

481 1930 602 1983 suis
641 1937 896 1982 conserta
941 1942 1065 1980 eum
1098 1927 1365 1997 Agarenis
1396 1927 1870 1998 Tepbricensibus
1905 1945 2070 1984 manu

479 2036 577 2074 eos
615 2019 815 2074 fuderit
849 2035 913 2074 ac
946 2017 1276 2090 profligarit,
1313 2021 1602 2091 ipsamque
1645 2023 1768 2092 ejus
1827 2022 2072 2079 nominis

483 2111 818 2166 mentionem
844 2111 918 2165 illi
952 2120 1217 2181 paverent
1247 2126 1313 2168 ac
1341 2114 1784 2169 extimescerent.

551 2204 642 2256 28.
671 2204 932 2274 Captivos
957 2204 1331 2262 commutandi
1359 2219 1526 2260 causa
1550 2220 1581 2259 a
1605 2205 1779 2262 Tarso
1808 2191 2076 2262 venerunt

483 2312 610 2351 cum
642 2297 944 2352 Abelbaces
976 2297 1066 2351 ille
1104 2306 1218 2351 tum
1266 2297 1519 2353 Samonae
1548 2310 1723 2368 pater.
1760 2299 1873 2355 Hos
1904 2301 2076 2370 impe-

485 2397 633 2440 rator
681 2389 918 2456 excepit,
969 2388 1376 2457 praemagniﬁce
1431 2398 1700 2444 exornata
1747 2387 2071 2460 Magnaura.

487 2479 593 2533 Sed
625 2486 678 2532 et
708 2477 962 2549 Magnam
998 2480 1287 2535 ecclesiam
1323 2481 1616 2552 magniﬁco
1656 2497 1885 2552 prorsus
1923 2483 2088 2538 cultu'

485 2571 800 2636 decoravit,
829 2570 993 2642 375
1043 2581 1353 2642 cunctaque
1388 2575 1698 2629 veneranda
1736 2589 1870 2630 vasa
1897 2573 2074 2630 Sara;

484 2662 639 2718 cenis
672 2664 937 2730 ostendit,
975 2664 1120 2719 haud
1145 2680 1279 2719 sane
1314 2666 1452 2721 satis
1491 2681 1522 2721 e
1549 2665 1865 2722 Christiana
1907 2668 2078 2724 disci-

483 2755 658 2823 plina,
699 2764 759 2810 ut
793 2755 960 2810 divini
1007 2757 1302 2812 ministerii
1350 2772 1483 2813 vasa
1524 2757 1752 2814 nefariis
1785 2759 2080 2831 impiisque

489 2846 805 2902 hominibus
837 2863 902 2903 ac
932 2848 1257 2920 alienigenis
1287 2849 1511 2907 visenda
1535 2861 1857 2922 exponeret.
1894 2851 2082 2910 Voluit

490 2938 745 2995 Samonae
779 2951 932 3010 pater
956 2957 1080 2997 cum
1114 2942 1227 2996 tilio
1254 2958 1520 2999 manere:
1554 2945 1650 3000 sed
1685 2944 1777 3000 ille
1803 2961 1914 3000 non
1951 2961 2082 3016 pas-

488 3047 586 3087 sus
623 3043 728 3096 est,
771 3034 1056 3105 magisque
1087 3035 1409 3091 hortabatur
1433 3045 1492 3091 ut
1521 3036 1745 3092 domum
1788 3037 1994 3094 rediret
2016 3052 2083 3092 ac

2167 544 2259 597 τοῦ
2295 543 2616 597 ἀπέστειλεν
2647 545 2726 606 είς
2781 545 2841 596 τὸ
2888 543 3210 614 Χαρσιανόν.
3256 541 3393 595 Καθ’
3445 539 3568 594 ὁδοῦ
3616 541 3662 572 ⁶²
3699 541 3759 593 δὲ

2168 635 2248 698 εἰς
2279 635 2342 686 τὸ
2374 636 2444 688 Ἀ
2455 653 2554 706 ραν
2577 636 2870 705 φάρμακον
2889 634 3042 704 παρὰ
3066 635 3356 704 ἀνθρώπου
3385 631 3550 686 αὐτοῦ
3572 632 3760 686 λαϐὼν

2166 725 2448 797 τέθνηκεν,
2480 726 2573 778 καὶ
2604 724 2873 778 θάπτεται
2902 727 2981 788 εἰς
3020 725 3083 777 τὸ
3115 724 3320 778 Σπυνὶν
3351 723 3446 777 τοῦ
3482 725 3628 794 Ἀρα
3657 724 3762 794 τὴν

2168 821 2438 890 κορυφήν.
2484 818 2598 872 Εἶθ’
2625 818 2768 872 οὕτω
2802 819 2850 871 oi
2889 818 2994 871 υἱοὶ
3047 817 3216 872 αὐτοῦ
3263 816 3436 880 Πόθος
3461 817 3558 870 καὶ
3584 816 3759 882 Λέων,

2167 912 2218 964 οἱ
2251 913 2318 982 τῇ
2357 909 2452 964 τοῦ
2504 910 2881 980 μαγγλαὸίτου
2921 911 3051 980 ἀξία.
3097 911 3475 980 τετιμημένοι,
3525 908 3763 979 ἄραντες

2169 1004 2335 1058 αὑτὸν
2357 1003 2654 1058 θάπτουσιν
2684 1003 2848 1057 αὐτὸν
2883 1004 2964 1067 εἰς
2994 1003 3056 1056 τὸ
3085 1003 3304 1072 γονικὸν
3349 1001 3532 1054 αὐτῶν
3585 1019 3760 1070 μοναο
3816 1060 3818 1062 _

2173 1097 2396 1168 στήριον
2419 1095 2480 1148 τὸ
2507 1094 2566 1148 ὃν
2593 1097 2674 1158 είς
2709 1096 2770 1148 τὸ
2811 1095 2954 1166 θέμα
2983 1095 3076 1148 τοῦ
3109 1093 3421 1164 Χαρσιανοῦ
3455 1095 3556 1164 τῆς
3597 1093 3755 1160 ἁγίας

2183 1188 2486 1253 Ἐλιζάϐετ,
2522 1189 2584 1242 τὸ
2612 1187 2913 1258 ἀνιερωθὲν
2953 1186 3110 1256 παρὰ
3144 1182 3373 1248 Λέοντος
3405 1185 3755 1255 τουρμάρχου

2170 1280 2266 1334 τοῦ
2307 1282 2534 1334 πάππου
2587 1278 2768 1346 αὐτῶν
2791 1297 2806 1311 ·
2839 1278 2922 1350 [Ρ.
2953 1279 3085 1350 251]
3129 1278 3188 1342 ὃς
3230 1277 3410 1332 καὶτὸ
3436 1277 3611 1346 ὄνομα
3652 1278 3764 1328 τῶν

2185 1373 2470 1445 Ἀργυρῶν
2510 1372 2757 1443 εἴληφεν,
2795 1372 2908 1424 εἴτε
2953 1371 3044 1426 διὰ
3071 1374 3131 1424 τὸ
3172 1370 3414 1441 καθαρδν
3448 1369 3545 1423 καὶ
3599 1369 3766 1437 ἁγνὸν

2171 1466 2267 1519 τοῦ
2307 1465 2580 1536 σώματος,
2613 1466 2724 1518 εἴτε
2771 1465 2856 1518 διὰ
2889 1464 3200 1528 τὸ,κάλλος
3228 1462 3324 1517 καὶ
3374 1464 3621 1531 γενναῖον
3664 1462 3768 1531 τῆς

2173 1557 2369 1628 ὅψεως,
2403 1557 2516 1610 εἴτε
2553 1557 2642 1612 διά
2668 1575 2790 1611 τινα
2821 1558 3022 1628 τρόπον
3047 1559 3150 1628 τῆς
3192 1557 3388 1625 γενεᾶς
3418 1555 3512 1608 καὶ
3541 1554 3769 1623 ἀνδρίας

2177 1649 2344 1704 αὐτοῦ
2373 1665 2387 1679 ⁶
2425 1650 2521 1702 καὶ
2550 1649 2660 1720 γὰρ
2701 1648 2944 1714 τοιοῦτος
2972 1644 3040 1720 ἦν
3071 1650 3099 1701 ὀ
3120 1648 3262 1720 ἀνὴρ
3285 1644 3398 1710 οἷος
3430 1647 3620 1716 ἕτερος
3669 1646 3770 1699 ἐπὶ

2176 1741 2400 1814 Μιχαὴλ
2451 1742 2717 1812 βασιλέως
2752 1743 2851 1813 οὐχ
2879 1741 3079 1812 εὑρέθη
3121 1739 3483 1811 στρατιώτης,
3515 1741 3592 1801 ὡς
3636 1739 3768 1790 πολ-

2177 1835 2337 1900 λάκις
2365 1836 2478 1898 τοῖς
2521 1835 2844 1906 Ἀγαρηνοῖς
2869 1832 2970 1902 τῆς
3000 1833 3281 1902 Τετερικῆς
3321 1830 3459 1898 μετὰ
3502 1829 3630 1892 τοὺς
3673 1830 3772 1881 άν-

2183 1927 2438 1998 θρώπους
2469 1925 2636 1980 αύτοῦ
2666 1925 3000 1996 μιγνύμενον
3039 1925 3120 1989 είς
3145 1924 3357 1996 τροπὴν
3407 1924 3503 1976 καὶ
3535 1921 3771 1992 φροῦδον

2175 2021 2270 2075 καὶ
2303 2021 2582 2075 ἀπώλειαν
2609 2020 2897 2091 παρέχειν,
2938 2019 3035 2073 καὶ
3069 2018 3133 2072 τδ
3166 2017 3340 2087 ὄνομα
3383 2016 3552 2070 αὐτοῦ
3592 2033 3774 2085 φημι-

2175 2116 2402 2186 ζόμενον
2433 2114 2847 2185 καταπτήσσειν
2877 2113 2971 2166 καὶ
3001 2112 3250 2182 τρέμειν.

2247 2208 2359 2278 κη’.
2402 2207 2688 2276 ’Δλλαγίου
2711 2208 2768 2260 δὲ
2797 2207 2985 2260 ἕνεκεν
3016 2205 3124 2260 ἀπὸ
3151 2204 3369 2275 Ταρσοῦ
3403 2202 3627 2273 ἐξῆλθεν
3653 2203 3682 2256 ὃ
3710 2217 3777 2255 τε

2190 2301 2529 2370 Ἀϐελὸάκης
2571 2302 2780 2365 ἐκεῖνος
2837 2300 2933 2353 καὶ
2955 2301 2982 2351 6
3011 2299 3106 2352 τοῦ
3134 2298 3372 2369 Σαμωνᾶ
3421 2297 3565 2364 πατή
3576 2312 3606 2365 ρ
3632 2311 3648 2327 ·
3677 2295 3777 2348 καὶ

2177 2395 2402 2458 τούτους
2459 2393 2488 2445 6
2545 2393 2803 2462 βασιλεὺς
2851 2393 3072 2459 ἐδέξατο
3105 2434 3118 2456 ,
3177 2391 3371 2462 κόσμῳ
3446 2387 3627 2459 πολλῷ
3671 2390 3775 2456 τὴν

2178 2484 2521 2556 Μαγναῦραν
2555 2484 3008 2554 κατακοσμήσας.
3053 2480 3464 2535 Ἐκαλλὼπισεν
3485 2480 3540 2532 δὲ
3559 2479 3652 2532 καὶ
3673 2479 3778 2547 τὴν

2178 2579 2444 2650 Μεγάλην
2462 2577 2795 2647 Ἐκκλησίαν
2824 2575 3126 2639 παντελῶς,
3144 2574 3238 2627 καὶ
3266 2571 3543 2636 ὑπέδειξεν
3557 2573 3782 2626 ἅπαντα

2179 2670 2248 2723 τὰ
2277 2669 2434 2739 τίμια
2469 2669 2638 2739 σκεύη
2675 2671 2788 2732 τοῖς
2833 2668 3160 2740 Ἀγαρηνοίς
3199 2683 3213 2696 ⁸
3245 2667 3385 2737 ὅπερ
3428 2665 3649 2728 ἀνάξιον
3702 2661 3778 2735 ἦν

2187 2758 2589 2830 Χριστιανικῆς
2613 2758 3028 2822 καταστάσεως,
3060 2753 3344 2824 ἀθεμίτοις
3374 2752 3468 2805 καὶ
3489 2751 3772 2805 ἀλλοεθνέ-

2185 2867 2270 2903 σιν
2296 2851 2364 2903 τά
2392 2849 2492 2918 τῆς
2522 2848 2617 2902 τοῦ
2649 2847 2787 2902 Θεοῦ
2809 2847 3155 2918 λειτουργίας
3186 2844 3356 2913 σκεύη
3409 2841 3763 2896 καταθέσθαι.

2195 2940 2253 2993 '0
2284 2939 2342 2994 δὲ
2371 2938 2467 2993 τοῦ
2492 2939 2730 3010 Σαμωνᾶ
2769 2938 2954 3009 πατὴρ
2969 2937 3238 3008 ⁴ὴθέλησεν
3261 2936 3505 2988 συνεῖναι
3535 2933 3614 3003 τῷ
3637 2932 3737 3001 υἱῷ
3758 2949 3773 2962 ’

2185 3033 2214 3086 6
2242 3032 2302 3086 δὲ
2323 3032 2384 3084 ού
2404 3031 2734 3095 κατεδέξατο
2757 3030 2936 3095 τοῦτο,
2955 3028 3091 3083 ἀλλὰ
3112 3027 3317 3097 μᾶλλον
3343 3025 3577 3099 παρῄνει
3612 3027 3691 3088 εἰς
3709 3023 3784 3076 τὰ

488 3140 643 3179 suam
673 3125 834 3182 ﬁdem
866 3135 1114 3183 teneret:
1157 3143 1217 3183 se
1243 3143 1488 3198 quoque,
1516 3143 1645 3184 cum
1681 3130 1920 3200 primum
1953 3130 2083 3185 lice-

2190 3127 2362 3181 οἰκεῖα
2394 3125 2762 3196 ὑποστρέφειν
2812 3125 2909 3178 καὶ⁸
2958 3125 3058 3194 τῆς
3113 3124 3252 3186 ἰδίας
3301 3123 3624 3191 ἀντέχεσθαι
3684 3119 3782 3171 πί-

488 3225 594 3281 ret,
621 3216 690 3272 ad
724 3217 903 3288 ipsum
933 3233 1280 3275 reversurum
1305 3228 1674 3289 exspectaret.

561 3394 653 3450 29.
689 3394 859 3452 Sacro
887 3397 1244 3454 Pentecostes
1290 3400 1381 3454 die
1413 3398 1524 3455 Iveo
1560 3399 1863 3471 imperator
1909 3401 2083 3458 tilium

492 3485 916 3544 ConStantinum
940 3488 1216 3562 Eutbymii
1243 3494 1570 3562 patriarcha:
1592 3509 1758 3564 opera
1778 3497 2085 3566 Augustum

492 3589 739 3635 coronat.
788 3581 1058 3637 Samonas
1095 3599 1225 3638 vero
1259 3584 1681 3640 Constantinum
1721 3587 2085 3644 domesticum

492 3686 683 3734 suum,
713 3672 806 3742 qui
859 3673 1011 3742 prius
1057 3673 1260 3729 Basilio
1294 3676 1559 3745 magistro
1588 3693 1652 3732 ac
1682 3680 1914 3734 caniclei
1950 3696 2088 3750 prte-

497 3764 638 3820 fecto
680 3765 736 3820 in
775 3767 1080 3823 ministerio
1113 3769 1323 3834 fuerat,
1357 3771 1621 3840 Augustae
1651 3773 1820 3827 tradit
1842 3775 1894 3827 in
1929 3774 2090 3830 obse-

495 3858 711 3928 quium.
780 3857 874 3914 Sic
920 3874 1050 3914 vero
1105 3861 1195 3914 ille
1254 3876 1380 3915 cum
1435 3861 1674 3917 Leonem
1733 3873 1846 3918 tum
1911 3866 2086 3935 ipsam

497 3949 798 4017 Angustam
841 3948 1131 4013 demeruit,
1160 3961 1219 4004 ut
1248 3960 1304 4006 et
1337 3951 1611 4009 Samonas
1635 3953 1810 4010 livore
1830 3955 2090 4012 incensus

499 4039 818 4095 secretioris
851 4055 976 4096 cum
1017 4040 1260 4113 Augusta
1290 4043 1366 4098 rei
1399 4060 1521 4099 eum
1560 4045 1842 4102 detulerit.
1888 4048 2091 4118 Sicque

498 4147 557 4186 re
596 4132 714 4203 ipsa
765 4137 1078 4204 suspicatus
1131 4134 1241 4190 Leo
1289 4137 1342 4190 in
1389 4137 1446 4192 S.
1491 4139 1706 4195 Tarasii
1757 4142 2091 4196 monasterio

499 4227 722 4282 mittens
753 4228 994 4283 totondit
1022 4245 1037 4293 ;
1094 4229 1257 4299 idque
1291 4231 1428 4286 adeo
1463 4232 1760 4302 ipsummet
1791 4232 2088 4288 Samonam

500 4321 970 4390 przestarejussit.
1001 4320 1160 4376 Brevi
1197 4335 1378 4379 autem
1420 4337 1565 4395 post,
1593 4340 1718 4380 cum
1764 4340 1890 4380 eum
1933 4326 2096 4379 vellet

501 4411 768 4480 recipere,
805 4409 1058 4465 Samonae
1098 4411 1254 4481 jubet
1287 4421 1347 4467 ut
1385 4412 1438 4466 in
1485 4413 1770 4482 Spirarum
1815 4421 2094 4465 monaste-

2192 3237 2384 3283 στεως.
2419 3239 2438 3270 ι
2467 3219 2641 3288 Κάγὼ
2668 3219 2745 3285 δὲ,
2776 3219 2962 3288 φησὶν,
2994 3218 3152 3289 εἴπερ
3172 3215 3408 3287 δυνηθῶ,
3434 3214 3618 3285 τάχιον
3639 3213 3788 3285 πρὸς

2191 3313 2252 3367 σὲ
2280 3311 2735 3381 ὲπανελεύσομαι.
2770 3328 2788 3361 ι

2263 3403 2368 3457 κθ’.
2409 3403 2488 3475 Τῇ
2517 3403 2574 3455 δὲ
2598 3405 2698 3472 τῆς
2737 3402 3122 3473 Πεντηκοστῆς
3153 3404 3339 3475 ἡμέρα
3369 3404 3554 3474 στέφει
3578 3405 3605 3456 ὁ
3629 3401 3795 3455 Λέων

2192 3499 2220 3549 6
2249 3495 2505 3566 βασιλεὺς
2533 3495 2624 3549 τὸν
2656 3495 2773 3548 υἱὸν
2811 3495 2978 3549 αὐτοῦ
3036 3498 3449 3550 Κωνσταντῖνον
3495 3496 3581 3549 διὰ
3614 3497 3800 3548 Εὐθυ-

2199 3589 2322 3659 μίου
2383 3590 2745 3659 πατριάρχου.
2814 3590 2871 3642 Ὀ
2929 3589 2983 3641 δὲ
3031 3591 3314 3659 ,Σαμωνᾱίς
3369 3591 3800 3643 Κωνσταντῖνον

2195 3681 2480 3750 ἄνθρωπον
2521 3679 2710 3741 αὑτοῦ,
2737 3679 2827 3731 τὸν
2878 3683 3143 3749 πρότερον
3193 3681 3457 3751 Βασιλείῳ
3496 3683 3804 3754 μαγίστρῳ

2197 3773 2294 3826 καὶ
2339 3771 2630 3841 κανικλείῳ
2675 3772 3062 3837 δουλεύσαντα,
3097 3777 3164 3844 τῇ
3200 3774 3486 3845 Αύγούστῃ
3524 3776 3804 3828 ἐπιδέδω-

2197 3881 2293 3918 κεν
2323 3866 2467 3934 πρὸς,
2483 3865 2544 3917 τὸ
2566 3866 2738 3937 ταύτῃ
2775 3867 3170 3937 ὑπηρετεῖσθαι
3199 3884 3211 3897 ·
3247 3867 3304 3931 ὃς
3337 3867 3592 3922 τοσοῦτον
3638 3872 3811 3940 ἠγα-⁴

2199 3957 2346 4028 πήθη
2378 3958 2530 4028 παρά
2561 3974 2620 4009 τε
2657 3958 2750 4011 τοῦ
2779 3959 3009 4023 Λέοντος
3026 3961 3120 4012 καὶ
3144 3961 3243 4031 τῆς
3268 3960 3586 4032 βασιλίσσης
3613 3964 3799 4033 αὐτῆς

2199 4045 2341 4098 ὥστε
2382 4047 2475 4099 καὶ
2512 4047 2605 4098 τὸν
2636 4048 2906 4116 Σαμωνᾶν
2932 4048 3339 4117 διαφθονεῖσθαι
3373 4050 3536 4104 αὐτὸν
3567 4051 3658 4104 καὶ
3677 4052 3801 4105 λοι-

2198 4138 2476 4209 δορεῖσθαι
2504 4139 2694 4193 τοῦτον
2725 4141 2800 4203 ὡς
2844 4144 2910 4211 τῇ
2949 4141 3237 4212 Αὐγούστῃ
3281 4143 3508 4196 συνόντα
3541 4160 3554 4172 ·
3592 4144 3730 4216 ὅπερ
3764 4148 3798 4198 ὁ

2203 4231 2458 4299 βασιλεὺς
2505 4232 2704 4302 ἀληθὲς
2749 4229 2888 4284 εἶναι
2917 4233 3248 4305 ὑπονοήσας,
3296 4237 3629 4299 ἀποστείλας
3676 4240 3798 4290 ἀπ-

2201 4320 2415 4390 έκειρεν
2445 4322 2608 4374 αὐτὸν
2629 4324 2686 4375 ὲν
2703 4326 2768 4392 τῇ
2798 4322 2893 4375 τοῦ
2933 4324 3113 4392 Ἀγίου
3147 4327 3425 4396 Ταρασίου
3455 4333 3613 4400 μονῇ,
3639 4330 3798 4399 αύτῷ

2201 4410 2280 4482 τῷ
2306 4411 2542 4482 Σαμωνᾷ
2563 4414 2862 4480 ἐπιτρέψας
2884 4413 3044 4467 τοῦτο
3076 4417 3324 4486 ποιῆσαι.
3349 4419 3485 4472 Μετ’
3519 4419 3700 4488 ὀλίγον
3735 4420 3800 4473 δὲ

500 4503 647 4557 rium
683 4518 809 4559 enm
863 4505 1122 4560 adducat.
1168 4504 1445 4576 Egressus
1481 4508 1663 4578 itaque
1697 4506 1996 4576 imperator
2029 4508 2083 4560 ac

2206 4503 2529 4573 βουλόμενος
2571 4505 2760 4559 τοῦτον
2811 4507 3201 4572 ἀναλαϐέσθαι,
3248 4510 3535 4563 ἐκέλευσεν
3577 4511 3655 4582 τῷ
3687 4512 3798 4565 Σα-

503 4596 885 4669 Damatryum,
927 4606 980 4654 et
1027 4599 1082 4653 in
1140 4599 1393 4656 Samonaa
1439 4613 1680 4670 pransus
1734 4599 2097 4667 monasterio,

503 4691 701 4745 videns
716 4691 1138 4747 Constantinum
1170 4693 1316 4749 illico
1343 4693 1635 4748 saeculares
1663 4700 1845 4745 vestes
1874 4692 2100 4747 manda-

504 4783 588 4838 vit
621 4781 850 4840 induere
876 4799 941 4840 ac
966 4785 1316 4857 imperatoris
1345 4787 1487 4840 inter
1516 4783 1899 4854 prandendum
1931 4799 2102 4854 pocu-

505 4876 622 4932 lum
645 4875 698 4930 in
723 4879 1182 4950 manusaccipere
1209 4877 1581 4948 secumquein
1611 4877 1876 4947 palatium
1897 4877 2098 4933 redire.

508 4966 676 5039 376
738 4967 1008 5024 Samonas
1069 4968 1418 5040 imperatoris
1474 4985 1603 5040 erga
1673 4969 2096 5026 Constantinum

509 5075 843 5132 propensum
867 5077 1110 5117 amorem
1143 5063 1334 5117 videns
1372 5077 1686 5132 augescere,
1712 5079 1771 5118 re
1796 5080 1920 5120 cum
1945 5066 2105 5120 cubi-

511 5153 847 5210 culariorum
880 5155 1122 5209 maximo
1147 5164 1201 5209 et
1227 5154 1491 5211 Micliaele
1521 5156 1851 5213 Tziretbone
1876 5172 2104 5228 compo-

515 5247 643 5313 sita,
693 5247 938 5303 libellum
999 5249 1304 5303 innumeris
1361 5250 1412 5302 in
1457 5249 1696 5306 Leonem
1731 5251 1996 5308 conviciis
2041 5268 2106 5307 ac

516 5341 844 5397 criminibus
884 5341 1191 5397 confertum
1233 5358 1330 5412 per
1355 5341 1778 5398 Constantinum
1829 5342 2105 5399 Rhodium

518 5433 669 5489 illius
698 5435 934 5490 scribam
965 5437 1449 5508 contexuntinque
1465 5437 1755 5493 Metatorio
1784 5438 2102 5508 projieiunt.

432 5563 436 5568 ρ
520 5525 802 5596 Ingressus
836 5538 1017 5583 autem
1061 5529 1355 5600 imperator
1398 5530 1453 5584 in
1489 5529 1750 5601 Majorem
1796 5532 2103 5594 ecclesiam,

520 5634 643 5674 cum
677 5619 730 5674 in
767 5621 1108 5678 Mctatorinm
1149 5640 1207 5680 se
1249 5626 1566 5695 recepisset,
1620 5642 1730 5697 quo
1759 5626 1879 5680 loco
1918 5640 2107 5694 preces

2208 4598 2366 4668 μωνᾷ
2402 4599 2460 4649 ὲν
2494 4601 2561 4668 τῇ
2611 4597 2722 4651 τῶν
2755 4599 3006 4668 Σπειρῶν
3055 4603 3188 4672 μονῇ
3237 4601 3427 4657 τοῦτον
3459 4605 3795 4671 ἀπαγαγεῖν.

2218 4691 2308 4744 Ἑν
2330 4689 2407 4760 τῷ
2443 4692 2706 4761 Δαματρὺ
2735 4687 2830 4744 οὖν
2861 4697 2888 4746 6
2913 4693 3166 4764 βασιλεὺς
3219 4695 3475 4762 ἐξελθὼν,
3510 4699 3601 4750 καὶ
3634 4700 3692 4752 ὲν
3730 4702 3795 4771 τῇ

2206 4783 2302 4837 τοῦ
2329 4784 2570 4854 Σαμωνᾶ
2617 4785 3016 4855 ἀριστήσαντος
3051 4789 3206 4857 μονῇ,
3257 4784 3397 4841 εἶδεν
3450 4791 3791 4847 Κωνσταντῖ-

2207 4892 2321 4942 νον,
2361 4878 2455 4930 καὶ
2481 4878 2729 4950 παρευθὺ
2763 4879 3166 4948 διεκελεύσατο,
3205 4885 3298 4935 καὶ
3327 4883 3586 4939 ἐνέδυσαν
3631 4887 3800 4939 αὑτὸν

2210 4971 2406 5040 ἱμάτια
2452 4973 2714 5042 κοσμικὰ,
2763 4974 2857 5026 καὶ
2905 4975 3188 5028 ἐπέδωκαν
3231 4979 3313 5041 είς
3351 4980 3542 5048 χεῖρας
3586 4982 3649 5034 τὸ
3701 4981 3799 5034 τοῦ

2211 5062 2475 5133 βασιλέως
2513 5066 2774 5136 ποτήριον
2819 5067 2879 5118 ὲν
2924 5066 3001 5137 τῷ
3033 5069 3262 5139 ἀρίστῳ,
3308 5071 3403 5124 καὶ
3452 5073 3802 5144 ὑπέστρεψεν

2214 5155 2354 5224 μετὰ
2373 5154 2466 5208 τοῦ
2501 5155 2770 5226 βασιλέως
2797 5159 2855 5210 ὲν
2887 5159 2966 5226 τῷ
2999 5161 3265 5232 παλατίῳ,
3314 5163 3489 5235 Ὀρῶν
3516 5167 3570 5218 δὲ
3603 5169 3803 5237 Σαμω-

2210 5252 2310 5314 νᾶς
2342 5251 2440 5320 τὴν
2487 5251 2581 5305 τοῦ
2618 5251 2886 5322 βασιλέως
2922 5255 3142 5324 ἀγάπην
3197 5258 3335 5328 πρὸς
3387 5261 3801 5315 Κωνσταντῖνον

2214 5342 2630 5415 αὐξανομένην,
2690 5346 2980 5400 πιττάκιον
3029 5350 3312 5420 συντίθησι
3350 5352 3492 5422 μετὰ
3539 5354 3801 5424 μεγίστου

2215 5435 2534 5489 κοιτωνίτου
2583 5438 2678 5490 καὶ
2726 5439 2946 5511 Μιχαὴλ
2993 5440 3338 5512 Τζιρήθωνος
3365 5444 3632 5516 λοιδορίας
3659 5447 3803 5499 κατὰ

2218 5530 2484 5600 βασιλέως
2514 5530 2637 5601 ἔχον
2679 5530 2766 5603 ῘΡ.
2818 5531 2949 5605 252]
2999 5535 3280 5606 ἀπείρους,
3310 5536 3400 5590 διὰ
3455 5537 3548 5590 τοῦ
3595 5537 3800 5591 Ῥοδίου

2217 5624 2635 5677 Κωνσταιτίνου
2688 5624 2780 5678 τοῦ
2829 5625 2994 5680 αὐτοῦ
3025 5627 3391 5701 ὑπογραφέως
3421 5629 3577 5684 τοῦτο
3605 5632 3800 5687 συντά-

1819 5738 2051 5794 VAHUE
2095 5737 2503 5795 LECTlONES.

635 5805 680 5836 ⁶¹
707 5807 822 5860 ὀδὺν
847 5809 869 5860 ?
