4136 6420
315 393 435 456 393

1187 376 1331 437 LIB.
1359 377 1461 438 VI.
1487 401 1554 411 -
1591 373 2060 435 ALEXANDER
2103 376 2386 438 BASILlI
2423 378 2697 438 FILIUS.

3509 379 3614 444 304

326 508 522 574 ξιντες
551 520 564 535 ο
594 501 732 569 ὅπερ
773 497 832 551 ὲν
860 495 942 566 τῷ
978 494 1293 568 μητατορίῳ
1323 493 1574 566 ἔρριψαν.
1601 490 1708 543 Τοῦ
1739 490 1795 543 δὲ
1824 489 1919 560 βα-

2037 494 2220 551 )ﬂ‘erre
2269 495 2346 550 illi
2386 495 2558 551 moris
2605 503 2747 557 erat,
2797 493 3040 549 libellum
3085 492 3311 550 ollendit
3356 493 3616 566 legitque.

334 598 528 658 σιλέως
581 587 994 660 εἰσεληλυθότος
1043 588 1100 640 ὲν
1155 589 1220 657 τῇ
1251 584 1480 657 Μεγάλῃ
1520 582 1785 652 ἐκκλησίᾳ
1827 581 1925 634 καὶ

336 688 396 737 ὲν
429 680 568 750 αὐτῷ
614 678 692 748 τῷ
747 675 1065 748 μητατορίῳ
1094 674 1414 744 γενομένου,
1439 674 1535 726 καὶ
1562 675 1619 726 ἐν
1642 665 1685 740 ᾧ
1715 670 1918 742 ηὔχετο

333 776 475 844 thy
492 772 650 826 τοῦτο
675 769 932 842 εὑρηκὼς
971 769 1067 822 καὶ
1097 768 1364 834 ἀναγνοὺς
1387 765 1562 836 πολλῇ
1587 765 1765 834 θλίψει
1783 779 1918 818 κατα

325 865 650 936 ισκεδάσθη.
679 863 778 918 καὶ
806 864 991 932 ἐζήτει
1020 862 1109 916 τὸν
1139 859 1300 914 τοῦτο
1322 858 1682 944 πεποιηκότα.

391 955 461 1011 λ’.
491 955 698 1023 Γέγονε
727 953 784 1006 δὲ
834 952 1072 1021 ἔκλειψις
1097 950 1420 1020 σεληνιακή.
1465 950 1525 1003 '0
1574 949 1630 1002 δὲ
1665 948 1923 1018 βασιλεὺς

314 1048 408 1100 τὸν
440 1043 861 1116 μητροπολίτην
896 1040 1178 1094 Συννάδων
1223 1037 1603 1091 Πανταλέοντα
1641 1054 1924 1107 προσεκαο

312 1139 542 1200 Man-.0,
587 1135 786 1207 μαθεῖν
835 1131 1159 1205 παράὺτοῦ
1207 1131 1394 1200 τὸτῆς
1450 1130 1742 1200 ἐκλείψεως
1793 1130 1926 1183 ἀπο-

314 1233 561 1300 τέλεσμα
598 1245 612 1259 ·
663 1229 726 1282 ὃν
787 1226 1230 1298 προσερχόμενον
1293 1223 1432 1296 πρὸς
1483 1224 1576 1278 τὸν
1623 1222 1848 1293 βασιλέα
1897 1223 1926 1275 ὁ

314 1325 594 1394 Σάμωνᾶς
651 1319 943 1390 ἠρώτησεν
971 1335 984 1348 ·
1027 1321 1129 1383 Εἰς
1180 1319 1317 1371 τίνα
1361 1319 1400 1386 ἡ
1427 1317 1734 1382 κάκωσις;
1767 1317 1826 1369 '0
1867 1317 1926 1370 δὲ

314 1417 425 1486 ἔφη
455 1435 468 1445 ·
501 1419 604 1480 Εἰς
634 1411 712 1465 σέ
742 1429 757 1442 ·
798 1413 896 1465 καὶ
941 1411 1052 1465 ἐὰν
1072 1410 1188 1478 τὴν
1225 1410 1482 1464 Ἰουνίου
1508 1407 1927 1477 τρισκαιδεκά-

329 1517 442 1574 tur
480 1506 760 1571 διέλθῃς,
785 1502 972 1556 οὐδὲν
1003 1501 1209 1555 ἔκτοτε
1237 1502 1421 1571 πείσῃ
1453 1502 1666 1555 κακόν.
1697 1503 1841 1573 Πρὸς
1869 1501 1926 1556 δὲ

328 1603 418 1654 τὸν
467 1599 702 1670 βασιλέα
738 1593 894 1649 εἶπεν
945 1595 1020 1659 ὡς
1059 1597 1140 1658 είς
1195 1594 1256 1648 τὸ
1295 1595 1549 1666 δεύτερον
1572 1596 1926 1666 πρόσωπονὴ

333 1691 576 1761 ἔκλειψις
629 1687 967 1757 ἁποσκήψει.
1048 1687 1106 1740 '0
1162 1687 1219 1740 δὲ
1266 1687 1520 1757 βασιλεὺς
1566 1686 1927 1741 ὑπώπτευσεν

327 1784 492 1838 τοῦτο
509 1787 590 1846 είς
635 1780 988 1852 Ἀλέξανδρον
1007 1778 1098 1832 τὸν
1130 1780 1325 1834 ἑαυτοῦ
1349 1779 1581 1850 ἀδελφὸν
1640 1781 1920 1850 ἀποϐήσε-

2031 587 2213 656 Quare
2242 589 2296 643 in
2333 603 2584 662 magnam
2613 575 2782 642 animi
2817 586 3148 644 anxietatem
3183 586 3468 657 conjectus
3495 587 3618 660 ejus

2033 681 2249 752 injuriae
2274 691 2555 736 auctorem
2586 679 2958 752 perquirebat.

2100 951 2190 1006 50.
2221 949 2463 1019 Contigit
2488 956 2669 1005 autem
2692 949 2878 1004 lunam
2908 949 3151 1023 deliquio
3175 947 3445 1005 laborare.
3478 947 3618 1005 Tum

2030 1045 2328 1114 imperator
2361 1041 2748 1096 Pantaleonem
2808 1042 3216 1112 metrOpolitam
3261 1041 3622 1098 Sinadensem

2031 1139 2343 1201 accersivit,
2390 1147 2450 1190 ut
2479 1135 2688 1190 lunaris
2717 1134 2837 1205 ejus
2860 1133 3107 1190 defectus
3141 1134 3397 1190 eﬂ‘ectum
3429 1133 3624 1190 edoce-

2031 1241 2202 1287 retur.
2249 1231 2497 1299 Dumque
2525 1229 2592 1284 ad
2625 1229 3011 1298 imperatorem
3049 1227 3278 1290 accedit,
3311 1227 3626 1283 sciscitatur

2030 1339 2094 1378 ex
2125 1325 2218 1378 illo
2241 1322 2532 1384 Samonas,
2559 1323 2774 1375 cuinam
2790 1321 3013 1389 defectio
3041 1321 3138 1374 illa
3165 1320 3408 1389 maleﬁca
3434 1319 3625 1389 futura

2030 1417 2101 1471 sit
2135 1417 2268 1472 ζ)ρυί
2304 1415 2392 1468 ille
2431 1433 2443 1469 :
2501 1413 2641 1467 Tibi.
2696 1411 2754 1467 Si
2815 1422 2988 1466 tamen
3043 1411 3198 1466 Junii
3241 1413 3437 1466 mensis
3483 1410 3624 1465 diem

2033 1510 2249 1563 tertium
2284 1507 2540 1562 decimum
2579 1506 2886 1570 excesseris,
2921 1506 3056 1560 nihil
3087 1505 3330 1571 deinceps
3370 1505 3500 1559 mali
3526 1520 3627 1574 ra—

2031 1601 2198 1655 tieris.
2235 1600 2317 1654 Ad
2347 1599 2732 1669 imperatorem
2777 1611 2905 1653 vero
2936 1597 3072 1652 dixit
3100 1597 3165 1650 ad
3215 1612 3338 1650 eum
3377 1606 3627 1666 spectare

2030 1691 2250 1761 eclipsis
2288 1690 2421 1754 vim,
2473 1690 2567 1760 qui
2620 1690 2893 1745 secundas
2923 1689 2992 1744 ab
3025 1689 3119 1743 illo
3153 1695 3365 1744 teneret
3397 1706 3413 1756 ;
3459 1695 3628 1758 atque

2031 1783 2137 1838 hoc
2186 1783 2295 1838 Leo
2323 1783 2388 1838 de
2421 1781 2590 1836 fratre
2631 1796 2734 1837 suo
2774 1779 3090 1837 Alexandro
3140 1780 3372 1850 accepit.
3419 1779 3625 1835 Verum

329 1874 481 1928 σθαι.
531 1873 592 1926 ’0
620 1873 677 1925 δὲ
723 1870 1009 1942 Τζιρήθων
1059 1870 1162 1943 ἰδίᾳ
1214 1870 1292 1940 τῷ
1334 1870 1545 1940 βασιλεῖ
1575 1873 1713 1941 μετὰ
1749 1875 1923 1926 ταῦτα

2037 1875 2291 1931 Tziretho
2333 1885 2520 1946 postea
2558 1873 2874 1946 imperatori
2919 1888 3170 1929 seorsum
3218 1871 3508 1928 confessus
3541 1879 3629 1926 est

332 1965 794 2034 καθωμολόγησεν
827 1965 902 2027 ὼς
935 1964 964 2014 ὁ
999 1964 1267 2035 Σαμωνᾶς
1298 1964 1383 2032 εἴη
1411 1964 1473 2017 τὸ
1503 1965 1791 2018 πιττάκιον
1821 1982 1920 2018 πε-

343 2053 616 2123 ποιηκὼς.
664 2051 906 2124 Παρευθὺ
959 2050 1053 2105 οὖν
1114 2052 1473 2118 καταϐιϐάζει
1509 2055 1786 2124 ,Σαμωνᾶν
1843 2056 1924 2111 ei:

344 2151 443 2201 τὸν
471 2143 622 2199 οἷκον
656 2145 806 2198 αὑτοῦ
856 2145 954 2199 καὶ
991 2146 1284 2216 ἀποκείρει
1323 2147 1556 2218 μοναχὸν
1589 2148 1685 2200 καὶ
1719 2147 1923 2214 ἀπάγει

341 2242 517 2294 αὐτὸν
536 2241 618 2303 είς
644 2239 738 2309 τὴν
761 2237 855 2291 τοῦ
894 2238 1278 2309 Μαρτινακίου
1305 2239 1498 2311 μονήν.
1545 2239 1834 2311 Ἐποίησεν
1867 2239 1924 2293 δὲ

334 2332 748 2386 Κωνσταντίνον
800 2331 1322 2403 παρακοιμώμενον,
1363 2333 1458 2386 καὶ
1503 2331 1720 2386 ἔκτισεν
1776 2331 1927 2400 αὐτῷ

332 2425 510 2498 μονὴν
532 2425 589 2476 ἐν
615 2424 863 2488 Νοσιαῖς,
888 2426 985 2476 καὶ
1027 2425 1476 2494 παραγενόμενος
1520 2426 1636 2496 ἅμα
1670 2425 1928 2496 Εὑθυμίῳ

335 2517 654 2588 πατριάρχῃ
679 2516 1021 2568 ἐνεκαίνισεν
1048 2515 1244 2586 αὑτήν.
1525 2551 1528 2554 ~

411 2605 514 2661 λα’.
550 2607 867 2678 Ὀκτωῆρίῳ
902 2607 962 2660 δὲ
1010 2607 1144 2678 μηνὶ
1177 2607 1458 2678 ναυμαχία
1480 2608 1704 2676 γέγονεν
1755 2607 1928 2678 Ἦμε-

338 2700 462 2774 ρίου
484 2700 766 2767 λογοθέτου
781 2699 924 2771 μετὰ
952 2699 1226 2770 Δαμιανοῦ
1247 2701 1342 2753 καὶ
1371 2700 1600 2763 Λέοντος
1619 2698 1730 2752 τῶν
1769 2701 1933 2767 Ἀγαο

331 2791 540 2864 ρηνῶν,
567 2790 1008 2862 στρατηγοῦντος
1041 2793 1099 2844 ὲν
1137 2792 1304 2862 Σάμῳ
1344 2791 1631 2861 Ῥωμανοῦ
1665 2791 1760 2843 τοῦ
1795 2789 1933 2860 μετὰ

323 2884 512 2940 ταῦτα
555 2883 999 2955 βασιλεύσαντος.
1047 2882 1286 2954 Ἦττήθη
1324 2881 1591 2954 Ἦμέριός
1625 2883 1723 2936 καὶ
1779 2883 1935 2952 μόλις

325 2976 597 3046 διεσώθη.
626 2976 813 3046 σχεδὸν
875 2977 1132 3031 ἁπάντων
1167 2976 1275 3029 τῶν
1317 2975 1436 3043 μετ’
1471 2974 1638 3030 αὐτοῦ
1680 2975 1933 3028 κεκινδυ-

335 3071 634 3125 νευκότων.

2029 1963 2326 2021 Samonatn
2370 1967 2532 2020 libelli
2584 1975 2864 2020 auctorem
2914 1979 3056 2020 esse.
3103 1963 3302 2019 Statim
3344 1978 3477 2034 ergo
3515 1962 3626 2019 Leo

2027 2058 2322 2114 Samonam
2369 2059 2592 2114 domum
2632 2073 2786 2113 suam
2826 2057 2979 2111 abire
3020 2057 3187 2127 jussit
3221 2058 3388 2127 inque
3431 2071 3627 2118 mons,

2026 2154 2188 2209 cltum
2233 2153 2494 2219 tonderi;
2547 2151 2864 2222 relegatque
2910 2149 2964 2204 in
3001 2147 3310 2204 Martinacii
3348 2156 3626 2204 monaste-

2027 2246 2195 2302 rium.
2228 2244 2654 2300 Constantinum
2686 2257 2817 2298 vero
2852 2241 3228 2296 aecubitorem
3266 2240 3418 2308 fecit,
3457 2239 3628 2295 aditi-

2028 2337 2284 2406 cavitque
2307 2336 2355 2390 ei
2381 2333 2774 2389 monasterium
2801 2332 2858 2387 in
2890 2330 3097 2399 Nosiis,
3135 2346 3199 2386 ac
3234 2331 3457 2387 veniens
3477 2329 3627 2386 illius

2029 2429 2274 2485 encmnia
2299 2444 2421 2484 cum
2449 2426 2746 2499 Euthymio
2763 2421 3079 2496 patriarcha
3111 2424 3343 2495 peregit.

2101 2613 2193 2666 3!.
2232 2609 2417 2666 Mense
2447 2609 2669 2665 Octobri
2711 2607 3011 2664 commissa
3048 2606 3258 2662 navalis
3299 2619 3479 2676 pugna
3520 2603 3630 2660 lie-

2032 2705 2205 2760 merio
2231 2703 2521 2774 logotlieta:
2551 2701 2715 2774 377
2744 2718 2869 2757 cum
2905 2700 3171 2756 Damiano
3203 2709 3257 2756 et
3279 2698 3461 2755 Leone
3486 2696 3630 2768 Aga-

2034 2797 2203 2860 rcnis,
2253 2796 2404 2850 Sami
2457 2805 2691 2867 praetore
2738 2793 3011 2860 Romano,
3053 2793 3146 2864 qui
3206 2803 3391 2863 postea
3442 2807 3628 2847 rerum

2034 2890 2238 2960 potitus
2306 2897 2410 2943 est.
2472 2887 2664 2941 Victus
2719 2901 2783 2940 ea
2841 2885 3236 2955 congressione
3301 2882 3628 2948 "emeritis,

2035 2993 2291 3050 aegreque
2328 2977 2442 3047 ipse
2477 2977 2670 3036 evasit.
2710 2975 2922 3030 cunctis
2957 2974 3357 3044 pr0pcmodum
3397 2987 3521 3028 cum
3562 2987 3630 3027 eo

2039 3069 2408 3126 militantibus
2442 3068 2496 3122 in
2531 3067 2656 3122 vitae
2682 3066 2989 3138 periculum
3019 3065 3294 3120 adductis.

411 3162 516 3233 λβ’.
551 3161 835 3234 Κοιλιακῷ
870 3162 928 3216 δὲ
958 3163 1230 3232 νοσήματι
1284 3159 1730 3233 περιπεπτωκὼς
1780 3161 1931 3214 Λέων

2109 3161 2202 3217 52.
2255 3159 2429 3215 Porro
2469 3159 2780 3228 limperator
2827 3157 3056 3212 omliaco
3103 3157 3298 3212 morbo
3343 3164 3631 3225 correptus

339 3259 367 3310 ὁ
393 3256 657 3326 βασιλεὺς
689 3257 771 3318 εἰς
826 3255 1130 3324 ἀδυναμίαν
1160 3250 1325 3324 ἦλθεν
1355 3255 1614 3326 ἐσχάτην,
1651 3253 1793 3307 ὥστε
1838 3253 1940 3324 μό-

334 3348 418 3411 12;
444 3349 750 3420 δυνηθῆναι
781 3347 943 3401 αὑτὸν
973 3347 1114 3400 κατὰ
1141 3347 1232 3400 τὸν
1265 3347 1547 3418 βασιλικὸν
1581 3346 1754 3399 τύπον
1782 3349 1842 3397 ὲν
1863 3345 1939 3415 τῷ

334 3441 434 3510 τῆς
464 3439 806 3510 ἐγκρατείας
827 3439 1322 3511 δημηγορήσαντα·
1364 3437 1562 3508 Ὁρᾶτε
1593 3441 1937 3506 κατεσκλη-

344 3534 485 3587 κάτα
494 3549 575 3603 με
615 3532 718 3586 καὶ
741 3533 912 3598 νόσῳ
933 3535 1309 3601 τρυχόμενον
1346 3547 1360 3561 ·
1398 3530 1600 3586 οὐκέτι
1627 3531 1782 3599 τάχα
1804 3530 1938 3601 μεθ’

343 3629 512 3699 ὑμῶν
543 3628 978 3698 καταλήψομαι
1004 3626 1121 3697 τὴν
1149 3627 1262 3682 τοῦ
1291 3626 1552 3694 Χριστοῦ
1572 3624 1936 3680 ἀνάστασιν.

341 3721 543 3790 Γέγονε
567 3721 626 3776 δὲ
659 3722 755 3774 καὶ
779 3721 1111 3792 ἐμπρησμὸς
1159 3720 1239 3782 εἰς
1285 3718 1354 3772 τὰ
1391 3719 1493 3787 τῆς
1526 3717 1785 3788 Μεγάλης
1843 3719 1939 3769 ἐκ·

345 3813 583 3888 πλησίας
625 3812 991 3884 κηρουλάρια,
1024 3811 1272 3865 καέντων
1305 3809 1416 3864 τῶν
1471 3809 1808 3862 τοποθεσιῶν
1843 3809 1940 3861 καὶ

359 3903 720 3971 χαρτοῦεσιῶν
764 3904 863 3975 τῆς
914 3901 1321 3974 πατριαρχικῆς
1369 3901 1658 3970 σακέλλης.
1697 3899 1860 3968 Μαΐῳ
1884 3897 1940 3950 δὲ

370 3987 465 4055 ια’,
517 3990 696 4061 ἡμέρᾳ.
712 3990 778 4056 γ’,
809 3992 1150 4055 ίνδικτιῶνος
1198 3998 1280 4059 ιε’,
1317 3991 1552 4061 τελευτᾷ
1595 3988 1751 4042 Λέων
1777 3987 1940 4060 ὁῷα-

363 4081 572 4145 σιλεὺς,
630 4083 952 4156 Ἀλεξάνδρῳ
980 4084 1058 4156 τῷ
1080 4085 1246 4139 αὐτοῦ
1277 4083 1488 4153 ἀδελφῷ
1523 4082 1621 4153 τὴν
1660 4080 1939 4152 βασιλείαν

354 4174 634 4248 παραδούς
662 4195 676 4208 ο
697 4177 754 4232 ὄν
791 4177 935 4246 ἰδὼν,
974 4177 1051 4242 ὥς
1075 4195 1228 4248 φασι,
1255 4178 1390 4248 πρὸς
1431 4175 1592 4230 αὑτὸν
1643 4173 1940 4245 ἐρχόμενον

345 4269 450 4340 ἔφη
480 4287 496 4300 ·
537 4268 701 4325 Ἰὃέό
734 4270 924 4336 κακὸς
954 4271 1162 4339 καιρὸς
1186 4271 1336 4339 μετὰ
1373 4269 1681 4337 δεκατρεῖς
1713 4259 1937 4336 μῆνας.

349 4362 524 4416 Πολλὰ
552 4361 610 4416 δὲ
633 4362 813 4434 τούτῳ
839 4363 1143 4433 ἐνέσκηψεν
1177 4363 1554 4434 ἐκλιπαρῆσας
1587 4359 1679 4413 τὸν
1703 4359 1818 4412 υἱδν
1842 4359 1939 4412 αὐ-

353 4453 445 4507 τοῦ
469 4455 890 4510 Κωνσταντῖνον
924 4455 1238 4526 φυλάττειν.

2042 3268 2218 3324 eoque
2247 3253 2301 3306 in
2343 3264 2612 3305 summam
2663 3248 2919 3303 redactos
2954 3247 3405 3311 invaletudinem,
3449 3253 3510 3299 ut
3537 3244 3630 3300 vix

2042 3347 2280 3417 potuerit
2312 3343 2647 3415 jejuniorum
2694 3351 2939 3412 tempore
2968 3357 3032 3396 ex
3067 3341 3455 3410 imperatorum
3477 3353 3633 3393 more

2042 3439 2365 3496 Concionem
2396 3438 2450 3494 in
2485 3439 2601 3494 haec
2635 3439 2796 3494 verba
2839 3437 3074 3515 habere:
3107 3433 3307 3488 Videtis
3339 3448 3418 3486 me
3445 3439 3634 3485 conta-

2044 3531 2217 3587 bnisse
2241 3542 2290 3586 et
2313 3533 2492 3586 morbo
2510 3539 2879 3602 consumptum
2903 3546 3051 3593 esse;
3075 3544 3165 3582 nec
3183 3526 3318 3596 forte
3341 3524 3409 3578 ad
3437 3523 3635 3580 Christi

2044 3629 2483 3684 resurrectionem
2532 3628 2798 3681 vobiscum
2841 3626 3002 3680 vitam
3037 3622 3350 3694 producam.
3395 3617 3636 3689 Contigit

2044 3730 2227 3776 autem
2262 3719 2576 3776 incendium
2607 3722 2663 3774 in
2685 3718 2896 3788 Magnae
2926 3716 3170 3773 ecclesia:
3198 3711 3636 3782 cerulariis,quo

2044 3811 2648 3884 pzitriarclialissacclli
2686 3810 2891 3866 scrinia
2921 3810 3111 3866 omnia
3152 3809 3440 3864 combusta
3483 3817 3634 3862 sunt.

2046 3901 2174 3957 Maii
2205 3902 2513 3967 undecima,
2553 3901 2640 3956 die
2670 3901 2850 3963 tertia,
2896 3899 3200 3955 indictione
3235 3899 3301 3952 l5
3329 3898 3473 3953 diem
3502 3897 3640 3953 obiit

2045 3993 2154 4048 Leo
2187 3994 2482 4062 imperator
2503 4032 2517 4058 ,
2554 3992 2754 4046 tradito
2789 3991 2945 4046 fratri
2989 4007 3090 4047 suo
3120 3989 3432 4056 Alexandro
3465 3989 3640 4058 impe-

2047 4086 2128 4138 rio
2164 4101 2178 4148 ;
2220 4099 2382 4154 quem
2428 4083 2494 4137 ad
2536 4098 2594 4137 se
2629 4082 2939 4136 venientem
2976 4097 3102 4135 cum
3140 4080 3388 4143 vidisset,
3430 4078 3638 4134 dixisse

2046 4174 2228 4229 ferunt
2259 4190 2271 4226 :
2305 4173 2386 4228 En
2418 4170 2590 4225 malus
2645 4171 2892 4240 temporis
2936 4169 3195 4224 articulus
3237 4177 3356 4238 post
3389 4166 3638 4221 tredecim

2044 4282 2268 4320 menses.
2311 4264 2486 4319 Etiam
2543 4279 2671 4318 vero
2718 4273 2882 4334 atque
2920 4263 3086 4318 etiam
3123 4263 3274 4316 illum
3317 4258 3528 4329 rogavit
3573 4273 3639 4313 ac

2044 4361 2347 4416 obtestatus
2395 4365 2476 4414 est
2525 4367 2582 4413 ut
2623 4357 2792 4412 lilium
2843 4372 3002 4414 suum
3045 4353 3466 4412 Constantinum
3520 4366 3639 4408 sero

2047 4459 2219 4505 varet.

1327 4812 1831 4902 ΒΑΣΙΛΕΙΛ
1920 4806 2666 4903 ΑΛΕΞΑΝΔΡΟΥ

1711 4981 1876 5033 ΠΟΥ
1907 4980 2104 5036 ΒΑΣῙΔ
2113 4983 2297 5038 ΕΙΟΥ.

761 5307 1386 5406 IMPEBIUM
1487 5312 2183 5405 ALEXANDBI
2264 5314 2702 5404 BASlLll
2795 5315 3153 5406 FILII.

1951 5539 2023 5550 .-

407 5646 502 5722 [Ρ.
539 5643 681 5719 9.55]
701 5642 774 5700 α’.
802 5643 1158 5713 Ἀλέξανδρος
1188 5644 1532 5700 ἐϐασίλευσεν
1564 5645 1682 5710 ἔτος
1710 5647 1790 5711 ἓν,
1816 5649 1931 5720 ἠμέι

2137 5651 2187 5703 1.
2219 5647 2526 5703 Alexander
2563 5648 2853 5719 imperavit
2878 5665 3002 5704 cum
3046 5647 3408 5708 Constantino
3441 5651 3645 5716 Leonis

342 5757 440 5812 ρας
471 5739 565 5812 »ιβ’
605 5739 710 5794 σὺν
727 5735 1130 5808 Κωνσταντίνῳ
1145 5737 1224 5808 τῷ
1255 5739 1355 5809 υίῷ
1387 5739 1634 5803 Λέοντος.
1667 5741 1952 5796 Ἀποστεί-

340 5833 434 5899 λας
465 5835 529 5890 δὲ
565 5833 788 5906 ἢγαγεν
810 5829 1081 5884 Νικόλαον
1107 5830 1172 5884 ὲκ
1195 5831 1584 5904 Γαλακρηνῶν,
1618 5833 1950 5902 καταγαγὼν

681 5923 962 5984 Ρηιιοῐ..
990 5921 1109 5983 Gn.
1137 5921 1293 5983 CIX.

2063 5741 2176 5797 lilio
2215 5756 2418 5796 annum
2460 5756 2655 5805 unum,
2683 5740 2801 5797 dies
2835 5741 3025 5814 viginti
3057 5742 3218 5800 duos.
3251 5745 3474 5802 Mittens
3518 5763 3644 5806 vero

2061 5833 2345 5890 Nicolaum
2391 5848 2455 5890 ex
2515 5832 2830 5891 Galacrenis
2880 5836 3197 5903 revocavit,
3248 5837 3645 5912 delurbatoque

3254 5929 3328 5987 13
