4136 6418
540 334 652 399 395

1629 327 2131 390 THEOPHANES
2164 329 2714 392 CONTINUATUS.

3706 337 3811 401 396

545 444 833 517 Euthymio
872 456 996 498 eum
1027 442 1221 495 iterum
1254 439 1306 493 in
1334 439 1684 509 putriarcbali
1714 441 1854 493 solio
1883 440 2114 494 colloca-

2224 443 2316 498 τοῦ
2346 445 2740 517 πατριαρχεεου
2766 444 3060 513 Εύθύμιον,
3088 445 3179 499 καὶ
3202 444 3575 517 ἐνεθρονίασεν
3596 449 3685 503 τὸν
3707 454 3810 506 αύ-

542 540 637 593 vit.
668 536 862 591 Habito
893 542 1071 590 autem
1090 531 1257 603 378
1279 532 1333 585 in
1356 531 1650 603 Magnaura
1672 533 1923 595 consilio,
1947 547 2124 601 exque

541 630 753 701 Agatho
778 628 1013 683 deducto
1040 624 1348 696 Euthymio,
1381 641 1483 680 una
1520 640 1643 679 cum
1675 623 1902 678 Nicolao
1926 625 2123 680 sedens

539 723 865 781 sacerdotali
908 738 1031 778 eum
1090 720 1356 793 dignitate
1396 722 1565 776 exuit.
1619 720 1744 776 Mox
1789 736 1915 775 vero
1973 720 2124 776 velut

540 817 669 872 ferae
698 817 884 872 bestia:
916 815 971 869 in
1006 813 1376 869 venerandum
1418 829 1748 881 sacrumque
1780 812 1959 866 virum
1987 811 2123 867 insi-

538 912 758 977 lientes,
818 908 1184 965 venerabilem
1247 909 1469 963 barbam
1533 906 1892 972 vellicabant,
1956 905 2123 975 inque

538 1004 805 1059 cervicem
839 1002 1131 1071 pellebant,
1172 1002 1405 1071 aliisque
1432 999 1776 1072 gravissimis
1818 998 1997 1053 modis
2029 1014 2124 1053 ex-

538 1097 889 1161 cruciabant,
942 1096 1310 1150 inscensorem
1358 1102 1612 1147 vocantes
1657 1101 1710 1146 et
1765 1092 2072 1146 adulterum
2103 1132 2119 1157 ,

536 1189 743 1259 quique
771 1186 1003 1240 alienam
1043 1185 1334 1239 invasisset
1378 1199 1627 1237 uxorem.
1662 1182 1793 1248 Qua":
1822 1184 2002 1236 omnia
2037 1184 2121 1237 vir

537 1290 762 1335 sanctus
785 1287 839 1331 et
866 1276 1191 1331 venerabilis
1222 1275 1430 1344 placide
1450 1291 1511 1329 ac
1542 1274 1759 1329 silentio
1792 1274 2116 1331 sustinebat.

538 1368 746 1423 Exsilio
807 1369 988 1436 itaque
1047 1366 1113 1421 ad
1170 1365 1368 1435 Agathi
1401 1366 1545 1420 mdes
1585 1366 1859 1434 relegatus
1898 1365 2121 1436 vitaque

537 1460 761 1514 functus
811 1459 864 1513 in
917 1459 1251 1513 monasterio
1301 1472 1401 1512 suo
1444 1458 1497 1511 in
1547 1456 1680 1511 urbe
1720 1456 1967 1527 sepultus
2010 1463 2113 1511 est.

534 1551 780 1607 Clericus
809 1550 899 1605 ille
931 1550 1275 1620 patriarchae,
1304 1550 1398 1619 qui
1432 1549 1486 1603 in
1520 1549 1815 1619 Magnaura
1845 1563 1968 1603 cum
1995 1549 2122 1603 mit-

534 1653 743 1699 teretur
777 1646 829 1697 in
848 1642 1099 1697 exsilium
1127 1656 1296 1697 canos
1325 1642 1373 1695 ei
1398 1641 1658 1707 vulserat,
1681 1642 1904 1695 domum
1936 1656 2120 1695 rever-

534 1751 631 1791 sus
647 1751 708 1790 ea
727 1736 843 1806 ipsa
875 1735 1009 1788 hora
1028 1733 1280 1788 incendio
1305 1732 1652 1803 absumptam
1681 1731 2117 1797 invenit,liliam~

2225 540 2318 592 τὸν
2352 540 2614 593 Νικόλαον
2645 539 2706 593 τὸ
2737 538 3010 611 δεύτερον.
3041 539 3283 610 Ποιήσας
3333 539 3389 593 δὲ
3422 539 3694 594 σελέντιον
3747 544 3809 595 ὲν

2224 636 2289 705 τῇ
2316 633 2626 703 Μαγναύρᾳ
2653 632 3000 705 Ἀλέξανδρος
3017 634 3335 704 κατήγαγεν
3364 632 3471 687 ἀπὺ
3498 633 3606 686 τῶν
3646 634 3815 702 Ἀγα-

2225 727 2320 781 θοῦ
2350 727 2644 796 Εὑθύμιον,
2670 727 2763 780 καὶ
2801 726 2916 796 ἅμα
2940 724 3194 793 Νικολάῳ
3253 724 3539 788 καθεσθεὶς
3571 723 3672 794 τήν
3707 726 3811 779 αύο

2222 818 2316 871 τοῦ
2339 818 2660 889 καθαίρεσιν
2686 818 3037 887 ἐποιήσαντο.
3078 815 3259 883 Εὐθὺς
3294 816 3351 868 δὲ
3382 816 3575 887 ὥσπερ
3597 817 3812 887 ἀνήμε-

2226 928 2308 982 ροι
2362 910 2526 980 θῆρες
2584 909 3038 979 ἑμπεπηδηκότες
3083 907 3178 961 τοῦ
3206 907 3569 979 ίεροπρεποῦς
3616 908 3809 976 ἀνδρὸς

2222 1004 2320 1076 τὴν
2352 1004 2660 1075 σεϐασμὶαν
2688 1002 2945 1073 γενειάδα
2968 1000 3258 1056 ἀπέτιλλον
3290 1001 3385 1054 καὶ
3410 1000 3507 1053 ἐπὶ
3530 1000 3801 1071 τράχηλον

2223 1099 2397 1154 ὤθουν
2424 1100 2520 1153 καὶ⁵
2558 1098 2721 1161 ἄλλας
2755 1096 3116 1155 ἀνυποίστους
3164 1094 3354 1157 ποινὰς
3398 1094 3580 1165 τούτῳ
3603 1093 3799 1161 ὲπέφε·

2226 1210 2336 1263 ρον,
2367 1192 2633 1262 ἐπιϐάτην
2658 1186 3063 1250 ἀποκαλοῦντες
3091 1187 3186 1240 καὶ
3216 1186 3404 1257 μοιχὸν
3427 1186 3522 1240 καὶ
3549 1185 3805 1256 ἀλλοτρίᾳ

2222 1286 2635 1356 ἑπιπηδήσαντα
2661 1283 2903 1352 γυναικί.
2946 1282 3005 1334 '0
3036 1281 3092 1334 δὲ
3127 1280 3270 1351 ίερδς
3302 1282 3510 1342 ἐκεῖνος
3536 1278 3678 1349 ἀνὴρ
3713 1278 3810 1332 καὶ

2224 1378 2507 1448 αἰδέσιμος
2524 1377 2713 1447 πράως
2736 1376 2911 1429 πάντα
2936 1375 3030 1428 καὶ
3054 1373 3271 1444 ἡσύχως
3304 1372 3594 1442 ὐπέφερεν.
3613 1371 3815 1439 ’Υπερ-

2221 1470 2370 1541 όριος
2421 1464 2514 1522 οὖν
2541 1471 2598 1522 ὲν
2617 1470 2730 1532 τοῖς
2771 1466 3002 1536 Ἀγαθοῦ
3024 1464 3259 1529 σταλεὶς,
3278 1465 3375 1518 καὶ
3399 1462 3541 1516 τέλει
3560 1461 3654 1516 τοῦ
3688 1461 3809 1532 βίου

2222 1561 2587 1632 χρησάμενος,
2604 1562 2662 1615 ὲν
2684 1562 2751 1630 τῇ
2766 1560 2922 1613 πόλει
2936 1558 3197 1613 θάπτεται
3214 1559 3292 1621 είς
3319 1556 3417 1627 τὴν
3432 1554 3595 1608 αὐτοῦ
3612 1556 3804 1626 μονήν.

2232 1655 2289 1708 '0
2306 1654 2362 1707 δὲ
2388 1652 2483 1707 τοῦ
2506 1652 2847 1725 πατριάρχου
2873 1650 3171 1723 κληρικὸςὸ
3190 1650 3289 1713 τὰς
3319 1648 3509 1711 πολιάς
3531 1646 3698 1701 αὑτοῦ
3717 1647 3807 1699 τί-

2222 1746 2318 1810 λας
2338 1749 2417 1810 είς
2435 1746 2533 1817 τὴν
2546 1744 2779 1814 Μαγναῦ
2790 1761 2889 1814 ραν
2922 1744 2978 1796 ὲν
3003 1741 3079 1813 τῷ
3098 1740 3438 1813 ὲξορίζεσθαι
3464 1739 3646 1803 αὐτὸν,
3668 1739 3808 1792 ὐπο-

533 1841 642 1898 que
680 1825 935 1880 manibus
968 1838 1172 1894 oreque
1206 1824 1522 1894 impeditam
1552 1824 1812 1891 omnique
1847 1826 2114 1882 sermonis

2228 1835 2476 1908 στρέψας
2506 1836 2585 1899 είς
2606 1834 2704 1905 τὴν
2732 1834 2910 1888 οἰκίαν
2940 1831 3125 1897 αὐτοῦ,
3155 1830 3253 1902 τὴν
3277 1830 3445 1899 αὐτὴν
3472 1830 3572 1900 τὴν
3601 1829 3751 1899 ὥραν
3775 1830 3809 1880 ὁ

535 1919 585 1972 vi
620 1917 932 1973 destitutam
979 1934 993 1982 ;
1032 1931 1156 1988 quae
1199 1922 1250 1970 et
1294 1915 1438 1970 lecto
1485 1914 1823 1971 decumbens
1858 1915 1924 1970 ad
1956 1914 2119 1971 Nice-

534 2010 695 2080 phori
740 2023 913 2081 usque
956 2008 1303 2078 imperatoris
1342 2008 1636 2079 (magniﬁci
1682 2009 1827 2064 illius
1870 2009 2116 2081 victoris)

534 2111 779 2173 tempora
820 2100 1059 2166 duravit,
1092 2100 1146 2154 in
1174 2099 1433 2154 diurnum
1499 2100 1682 2155 cibum
1725 2103 1919 2171 stipem
1974 2117 2121 2157 men-

533 2197 745 2252 dicaris.

602 2379 657 2432 2.
686 2376 994 2433 Alexander
1024 2375 1213 2444 itaque
1240 2389 1364 2429 cum
1398 2383 1451 2429 et
1483 2374 1611 2429 olim
1656 2373 1737 2428 sic
1769 2383 2115 2443 comparatus

531 2479 675 2526 esset
715 2479 773 2523 ut
812 2467 1047 2523 molliori
1081 2467 1209 2521 vita:
1237 2465 1593 2536 cupediisque
1625 2480 1690 2521 ac
1733 2466 2117 2523 venationibus

534 2576 752 2634 tempus
783 2576 946 2616 omne
989 2559 1289 2624 addiceret,
1333 2557 1402 2611 ob
1436 2555 1635 2612 Leonis
1680 2558 1892 2614 scilicet
1931 2558 2118 2615 fratris

533 2657 896 2730 suspiciones,
917 2655 1165 2727 nihilque
1190 2654 1395 2726 regium
1427 2654 1683 2722 agitaret,
1702 2654 1793 2709 sed
1829 2652 2040 2709 deliciis
2064 2662 2120 2710 et

532 2747 888 2820 impudicitiis
916 2744 1273 2809 incumberet,
1305 2742 1467 2797 etiam
1501 2735 1650 2798 solus
1681 2757 1863 2798 rerum
1912 2743 2116 2813 potitus

533 2843 742 2899 nullum
766 2853 1046 2912 generosa:
1070 2834 1267 2890 indolis
1291 2834 1567 2905 specimen
1586 2834 1863 2890 ediditaut
1887 2834 2115 2906 dignum

533 2932 797 2990 memoria
826 2930 1124 3001 quidquam
1158 2928 1287 2998 egit.
1325 2926 1523 2981 Statim
1549 2926 1696 2981 enim
1727 2941 1791 2982 ac
1825 2926 2112 2997 imperium

532 3028 686 3083 solus
741 3021 1071 3094 capessivit,
1118 3018 1386 3075 Joannem
1434 3019 1696 3075 clericum
1748 3028 2114 3091 cognomento

2221 1925 2370 1990 οἶκος
2408 1926 2572 1979 αὐτοῦ
2608 1925 2855 1997 πυρκαῖᾷ
2873 1921 3142 1994 παρεδόθη
3174 1919 3413 1992 ἀοράτῳ.
3445 1913 3585 1990 Εὗρε
3629 1919 3686 1970 δὲ
3710 1920 3807 1972 καὶ

2220 2016 2319 2087 τὴν
2358 2014 2632 2084 θυγατέρα
2660 2013 2827 2069 αύτοῦ
2858 2012 3267 2082 ἐπειλημμένην
3293 2011 3389 2064 καὶ
3432 2008 3807 2082 κρατηθεῖσαν

2221 2109 2315 2163 καὶ
2344 2108 2443 2172 τὰς
2469 2110 2659 2181 χεῖρας
2686 2107 2776 2161 καὶ
2823 2105 2883 2159 τὸ
2930 2105 3105 2175 στόμα
3154 2102 3251 2157 καὶ
3287 2102 3384 2173 τὴν
3409 2100 3599 2156 λαλιάν
3631 2113 3648 2130 ο
3680 2101 3810 2169 ἥτις

2221 2200 2315 2256 καὶ
2346 2201 2609 2272 κλινήρης
2650 2199 2785 2253 οὖσα
2826 2198 3080 2269 διήρκεσε
3126 2196 3226 2267 τὴν
3278 2195 3556 2265 ἐφήμερον
3595 2193 3809 2263 τροφὴν

2221 2294 2459 2363 ζητοῦσα
2493 2293 2656 2364 μέχρι
2682 2292 3000 2363 Νικηφόρου
3027 2289 3293 2362 βασιλέως
3331 2288 3424 2342 τοῦ
3453 2288 3719 2359 Νικητοῦ.

2292 2385 2357 2456 β’.
2378 2387 2435 2439 '0
2451 2382 2543 2439 οὖν
2571 2385 2918 2456 Ἀλέξανδρος
2939 2384 3031 2437 καὶ
3055 2381 3224 2437 πάλαι
3251 2380 3411 2435 τοῦτο
3450 2380 3609 2451 ἔργον
3642 2380 3807 2449 ἔχων,

2219 2477 2281 2532 τὸ
2333 2477 2672 2548 ἀϐροδίαιτος
2702 2474 2838 2530 εἶναι
2866 2475 2962 2530 καὶ
3006 2478 3118 2539 τοῖς
3146 2472 3488 2545 κυνηγεσίοις
3514 2472 3811 2543 προσέχειν

2218 2568 2306 2623 διὰ
2334 2568 2434 2632 τάς
2470 2568 2775 2639 ὑπεροψίας
2817 2567 2913 2621 τοῦ
2959 2566 3190 2637 ἀδελφοῦ
3228 2564 3393 2621 αὐτοῦ
3429 2564 3676 2630 Λέοντος,
3708 2565 3813 2617 καὶ

2224 2662 2390 2732 μηδὲν
2422 2661 2687 2731 βασιλέως
2737 2661 2898 2733 ἔργον
2934 2658 3386 2731 διαπράττεσθαι,
3420 2657 3558 2712 ἀλλὰ
3583 2658 3646 2711 τὸ
3670 2674 3812 2728 τρυ-

2220 2757 2327 2824 φᾷν
2356 2753 2451 2806 καὶ
2484 2753 2797 2821 ἀσελγείαις
2825 2751 3108 2823 σχολάξειν
3129 2749 3801 2823 ἠγαπηκὼς,’μονὼτατος

2218 2846 2390 2915 ἄρξας
2439 2845 2590 2900 οὐδὲν
2626 2844 2935 2917 γενναῖονῆ
2985 2844 3146 2913 λόγου
3194 2843 3344 2909 ἀξιον
3393 2841 3793 2914 κατεπράξατο.

2220 2938 2288 2992 Ἀ
2298 2955 2373 3008 μα
2396 2938 2504 3009 γὰρ
2539 2936 2615 3007 τῷ
2645 2937 2900 3006 γενέσθαι
2924 2936 3282 3008 μονοκράτωρ
3315 2934 3571 3006 ’ῐωάννην
3602 2934 3795 2987 παπᾶν

2223 3029 2501 3101 (Λαζάνης
2541 3030 2716 3101 τούτῳ
2752 3029 3061 3100 ἐπώνυμον)
3115 3028 3398 3100 ραίκτωρα
3447 3028 3746 3097 πεποίηκεν
3786 3043 3805 3058 ο

533 3116 804 3170 Lazanem
850 3121 1116 3167 rectorem
1152 3110 1318 3181 379
1349 3109 1479 3165 iecit
1511 3127 1526 3176 ;
1577 3111 1670 3177 qui
1701 3119 1757 3166 et
1784 3113 1947 3181 paulo
1991 3122 2114 3183 post

2220 3120 2279 3183 δς
2309 3121 2403 3173 καὶ
2430 3120 2617 3184 κακῶς
2643 3120 2704 3173 τὸ
2735 3121 2835 3190 ζῇν
2861 3117 3174 3191 ἀπέρρηξεν
3203 3119 3341 3187 μετά
3370 3117 3599 3171 θάνατον
3653 3114 3810 3170 Ἀλε-

531 3207 787 3263 defuncto
819 3204 1146 3270 Alexandro,
1180 3204 1234 3257 in
1266 3202 1546 3259 llebdomo
1581 3203 1689 3273 pila
1723 3204 1939 3271 ludens,
1972 3207 2113 3260 male

531 3300 711 3370 periit.

603 3392 656 3444 ἵ.
682 3388 944 3443 Similiter
975 3403 1194 3459 quoque
1227 3387 1678 3459 Gabrielopulum
1716 3398 1771 3445 et
1800 3389 2111 3446 Basilitzem

534 3483 919 3537 Sctalinorum
961 3492 1143 3536 ortum
1188 3497 1385 3553 genere
1412 3482 1769 3538 vehementer
1794 3484 2009 3550 ditavit,
2048 3500 2114 3540 ac

534 3574 720 3646 palatii
745 3588 841 3628 eos
862 3572 1063 3641 Opibus
1093 3573 1416 3627 cumulavit.
1459 3572 1667 3628 Ferunt
1693 3575 1893 3645 saepius
1927 3576 2113 3632 animo

531 3666 773 3737 agitasse
806 3670 865 3717 ut
897 3665 1151 3718 eumdem
1180 3662 1495 3719 Basilitzem
1544 3667 1932 3735 imperatorem
1966 3683 2111 3737 pra:-

534 3759 720 3814 ﬁceret
756 3772 822 3812 ac
843 3754 1209 3812 Constantino
1239 3756 1440 3812 Leonis
1463 3756 1575 3811 ﬁlio
1601 3757 1776 3812 virilia
1800 3770 2111 3825 exsecaret;

532 3847 678 3919 quod
718 3849 864 3903 illius
905 3847 1197 3903 consilium
1233 3848 1572 3919 dissiparant
1614 3849 1717 3903 viri
1762 3849 1816 3903 in
1872 3850 2113 3905 Leonem

532 3940 894 4010 propensiore
918 3939 1127 4006 animo,
1158 3939 1285 3994 dum
1324 3940 1488 3994 modo
1512 3948 1714 3996 tenera:
1754 3942 1932 3996 aetatis
1973 3958 2114 4012 pue-

533 4048 679 4098 rum,
712 4032 876 4087 modo
912 4033 1143 4087 inﬁrmae
1180 4031 1517 4087 valetudinis
1549 4048 1672 4089 esse
1719 4046 2107 4091 causarentur.

536 4123 613 4179 Eo
644 4126 947 4194 imperante
978 4124 1133 4178 stella
1166 4132 1409 4179 cometes
1443 4125 1513 4179 ab
1541 4126 1827 4182 occidente
1857 4129 2115 4198 apparuit

532 4216 799 4288 (xiphiam
850 4217 1131 4286 appellant
1184 4217 1255 4272 ob
1285 4217 1450 4288 gladii
1504 4218 1943 4287 similitudinem)
1983 4236 2115 4276 san-

530 4310 825 4380 guinisque
879 4307 1204 4363 effusionem
1239 4309 1293 4363 in
1335 4309 1557 4365 civitate
1617 4314 1946 4382 portendere
1997 4315 2113 4369 aie-

532 4409 682 4456 bant.

2221 3209 2446 3284 ξάνδρου
2477 3214 2531 3266 ὲν
2559 3212 2636 3281 τῷ
2677 3211 2921 3283 Ἑϐδόμῳ
2952 3210 3275 3281 σφαιρίζων.

2292 3395 2356 3465 γ’.
2376 3394 2649 3459 Ὡσαύτως
2663 3394 2758 3450 οὖν
2774 3394 2867 3448 καὶ
2885 3393 3359 3467 Γαϐριηλόπουλον
3375 3393 3471 3446 καὶ
3482 3390 3819 3461 Βασιλίτζην

2218 3489 2307 3543 τὸν
2334 3489 2444 3544 ἀπὸ
2470 3488 2804 3543 Σκλαϐισίαν
2833 3486 3078 3558 σφοδρῶς
3100 3485 3535 3540 κατεπλούτισεν
3561 3484 3655 3538 καὶ
3690 3487 3818 3546 τοῖς

2218 3580 2310 3635 τοῦ
2344 3580 2608 3635 παλατίου
2642 3577 3009 3650 περιήντλησε
3040 3577 3309 3647 χρήμασι.
3335 3577 3472 3629 Φασὶ
3502 3575 3558 3628 δὲ
3586 3576 3680 3629 καὶ
3718 3573 3822 3643 βε-

2216 3670 2537 3724 ϐουλεῦσθαι
2567 3668 2729 3722 αὐτὸν
2763 3665 3021 3730 πολλάκις
3047 3665 3129 3737 [Ρ.
3164 3662 3293 3735 254]
3319 3664 3411 3717 τδν
3440 3664 3605 3716 αὐτὸν
3630 3664 3775 3716 Βασι
3792 3694 3820 3705 -

2217 3764 2405 3833 λίτζην
2447 3763 2525 3826 είς
2588 3760 2814 3831 βασιλέα
2864 3756 3355 3831 προχειρίσασθαι,
3386 3756 3479 3809 τὸν
3529 3755 3587 3809 δὲ
3643 3756 3823 3810 Κων-

2218 3856 2492 3909 σταντῖνον
2547 3852 2643 3907 τοῦ
2676 3853 2903 3914 Λέοντος
2923 3851 3037 3904 υίὸν
3083 3848 3393 3920 εὐνουχίσαι
3426 3864 3442 3880 ο
3473 3848 3596 3917 ἥτις
3639 3846 3818 3917 βουλὴ

2215 3947 2312 4001 καὶ⁵
2339 3944 2691 4015 διεσκεδάσθη
2745 3944 2894 4013 παρά
2928 3942 3034 3995 τῶν
3090 3940 3417 3994 εὐνοούντων
3470 3939 3549 4009 τῷ
3588 3937 3812 4003 Λέοντι,

2216 4038 2346 4091 ποτὲ
2376 4038 2474 4108 μὲν
2493 4037 2567 4100 ὡς
2594 4035 2783 4106 νήπιός
2818 4038 2956 4101 ἐστι,
2988 4033 3120 4087 ποτὲ
3146 4033 3202 4086 δὲ
3226 4033 3301 4095 ὼς
3333 4030 3568 4098 ἀσθενὴς
3609 4029 3813 4083 ὑποτι-

2218 4129 2491 4202 θεμένων.
2530 4128 2653 4182 Ἐπὶ
2678 4129 2870 4181 τούτου
2914 4126 3090 4197 ἀστὴρ
3120 4127 3291 4196 ὲφάνη
3320 4124 3569 4194 κομήτης
3602 4122 3664 4174 ἐκ
3711 4120 3817 4173 δύ-

2218 4240 2357 4286 σεως
2393 4240 2405 4251 ·
2438 4222 2622 4290 ξιφίαν
2646 4219 3071 4278 αὑτὸνὲκάλουν,
3110 4216 3138 4268 δ
3233 4216 3447 4286 ίμάτων
3483 4212 3642 4285 χύσιν
3670 4228 3815 4284 προ-

2218 4310 2506 4382 σημαίνειν
2552 4312 2611 4363 tv
2640 4312 2706 4381 τῇ
2752 4309 2904 4362 πόλει
2930 4307 3190 4377 γενέσθαι
3226 4308 3459 4377 ἔφασαν.

598 4492 655 4545 4.
695 4492 969 4548 Caeterum
1022 4492 1331 4549 Alexander
1378 4509 1438 4550 se
1467 4494 1582 4564 ipse
1613 4494 2011 4566 imposloribus
2045 4511 2111 4552 ac

2289 4486 2350 4541 δ’.
2375 4480 2545 4549 Οὗτος
2611 4484 2958 4553 Ἀλέξανδρος
2988 4484 3213 4547 πλάνοις
3240 4483 3438 4538 ἑαυτὸν
3488 4483 3583 4537 καὶ
3611 4483 3811 4552 γόησιν

531 4583 1021 4654 praestigiatorihus
1060 4584 1267 4641 dedens
1297 4586 1366 4642 ab
1397 4587 1478 4641 eis
1505 4587 1560 4641 in
1584 4602 1704 4641 eam
1734 4595 1973 4641 mentem
2005 4589 2111 4643 ad-

534 4680 737 4732 ductus
791 4684 896 4741 est,
933 4685 993 4731 ut
1042 4693 1232 4748 aprum
1290 4694 1499 4734 aeneum
1549 4678 1601 4731 in
1648 4677 1811 4733 Circo
1865 4688 2109 4733 erectum

529 4781 695 4821 suum
732 4765 825 4820 ille
856 4764 1076 4835 signum
1118 4780 1241 4821 esse
1271 4766 1643 4821 existimaret.
1672 4763 1911 4818 Aiebant
1963 4766 2109 4818 enim

529 4855 701 4912 Leoni
733 4855 893 4911 lratri
926 4857 1225 4923 adversari,
1244 4855 1364 4927 ejus
1386 4868 1683 4925 porcorum
1703 4853 1916 4910 aﬂinem
1943 4854 2108 4910 vitam

529 4964 819 5019 moresque
868 4948 1236 5003 insinuantes.
1298 4946 1413 5001 Hoc
1447 4961 1576 5016 ergo
1609 4946 1869 5017 deceptus
1917 4964 2107 5004 errore

526 5040 778 5114 pudenda
823 5039 1125 5111 dentesque
1155 5053 1345 5111 porco,
1381 5039 1474 5106 qui
1508 5039 1986 5106 desiderabantur,
2020 5041 2105 5096 in-

527 5133 765 5191 staurari
818 5136 1058 5189 curavit.
1119 5132 1322 5187 Eadem
1355 5131 1563 5187 erroris
1598 5131 1837 5198 fallacia,
1865 5135 2106 5205 equestri

526 5228 678 5283 edito
701 5226 1029 5294 certamine,
1065 5224 1238 5280 sacris
1268 5224 1629 5279 ecclesiarum
1674 5225 1864 5281 aulaeis
1893 5237 1947 5281 et
1973 5241 2107 5281 can-

525 5320 763 5375 detabris
838 5319 1060 5376 Circum
1141 5317 1398 5385 ornavit,
1461 5316 1557 5373 Dei
1622 5317 1889 5374 honorem
1943 5320 2112 5375 miser

526 5405 691 5463 idolis
718 5407 987 5463 tribuens.
1013 5404 1168 5462 Unde
1196 5415 1251 5461 et
1273 5407 1385 5462 cito
1404 5407 1585 5462 divina
1611 5409 1821 5464 ultione
1847 5410 2108 5466 honorem

525 5498 733 5555 amisit.

598 5593 652 5646 5.
694 5590 1009 5648 Hemerium
1066 5592 1403 5664 logothetam
1462 5594 1531 5648 ab
1587 5594 1888 5665 Agarenica
1954 5597 2109 5651 clade

528 5697 812 5740 mersum
844 5686 898 5739 in
941 5687 1127 5756 palatii
1156 5686 1324 5758 380
1361 5687 1759 5742 monasterium
1790 5689 1995 5757 (lmnpa
2020 5688 2108 5743 di-

528 5778 679 5827 ctum
723 5772 1004 5844 relegavit,
1058 5775 1107 5829 ei
1156 5776 1464 5839 minilaltts,
1520 5783 1576 5830 ut
1619 5776 1710 5846 qui
1751 5774 1931 5829 Leone
1986 5777 2106 5848 ejus

2212 4578 2526 4641 ἐκδεδωκὼς
2564 4577 2791 4648 ἐπείσθη
2854 4578 2945 4631 ὑπ’
2998 4576 3177 4631 αὐτῶν
3208 4577 3284 4639 ὡς
3334 4579 3361 4629 ό
3393 4577 3452 4629 ὲν
3479 4575 3557 4646 τῷ
3593 4575 3809 4644 ἱππικῷ

2213 4670 2451 4741 σύαγρος
2503 4668 2759 4739 χαλκοῦς⁴
2797 4667 3045 4739 ἑστηκὼς
3111 4671 3379 4738 στοιχεῖον
3443 4666 3612 4720 αὐτοῦ
3676 4666 3806 4735 είηο

2211 4762 2387 4815 λέοντι
2415 4764 2524 4833 γάρ
2554 4761 2634 4831 τῷ
2669 4761 2862 4826 αὑτοῦ,
2895 4764 3081 4830 φασὶν,
3140 4760 3357 4832 ἀδελφῷ
3409 4760 3797 4830 ἀντιμάχεται.

2211 4855 2482 4926 χοιρόϐιον
2515 4856 2608 4909 τὸν
2638 4854 2869 4926 ἀνόητον
2898 4854 3358 4924 ὑπεμφαίνοντες.
3399 4856 3458 4906 ’0
3487 4852 3544 4905 δὲ
3591 4852 3808 4915 τούτοις

2212 4947 2518 5017 ἀπατηθεὶς
2576 4946 2753 4999 αἰδοῖα
2804 4946 2901 5000 καὶ
2929 4946 3148 5009 ὀδόντας
3210 4945 3289 5015 τῷ
3340 4945 3510 5015 χοίρῳ
3564 4961 3807 5014 προσαν-

2214 5041 2445 5094 ενὲωσεν
2476 5040 2550 5103 ὡς
2576 5039 2927 5110 λειπομένους
2955 5037 3120 5108 αὐτῷ.
3146 5038 3226 5109 Τῇ
3255 5038 3479 5111 τοιαύτῃ
3501 5036 3594 5091 οὖν
3623 5036 3807 5107 πλάνῃ

2215 5131 2493 5195 πεποιθὼς
2521 5130 2747 5185 ἱππικὸν
2803 5130 3124 5201 πεποίηκεν,
3180 5130 3277 5183 καὶ
3310 5130 3437 5193 τοὺς
3474 5130 3657 5201 ἱεροὺς
3688 5128 3802 5179 τῶν

2215 5225 2522 5295 ἐκκλησιῶν
2554 5224 2795 5287 πέπλους
2824 5225 2918 5277 καὶ
2976 5225 3104 5286 τοὺς
3139 5222 3470 5293 λαμπτῆρας
3508 5220 3803 5276 ἀναλαϐὼν

2216 5318 2276 5371 τὸ
2306 5317 2534 5371 ἱππικὸν
2563 5316 3002 5387 κατεκόσμησεν,
3038 5316 3140 5385 τὴν
3177 5314 3273 5369 τοῦ
3304 5314 3441 5369 Θεοῦ
3476 5314 3643 5387 τιμὴν
3686 5317 3804 5377 τοῖς

2219 5409 2458 5472 εἰδώλοις
2502 5410 2529 5462 ό
2574 5408 2806 5472 δείλαιος
2858 5406 3178 5478 παρασχών.
3233 5406 3324 5461 Διὸ
3354 5406 3447 5460 καὶ
3484 5410 3583 5477 τὴν
3634 5404 3802 5475 τιμὴν

2218 5499 2371 5570 παρά
2399 5498 2534 5552 Θεοῦ
2565 5499 2817 5571 ἀφῃρέθη
2855 5499 2931 5563 ὡς
2979 5500 3232 5570 τάχιστα.

2288 5591 2350 5645 ε’.
2394 5592 2653 5664 Ἠμερίου
2684 5592 2739 5645 δὲ
2759 5591 3042 5661 λογοθέτου
3075 5595 3141 5649 ὲκ
3167 5594 3265 5665 τῆς
3292 5593 3463 5664 ἥττης
3488 5591 3597 5645 τῶν
3633 5589 3799 5658 Ἀγα-

2220 5684 2399 5756 ρηνῶν
2432 5686 2896 5756 ὑποστρέψαντος,
2922 5686 3252 5749 ἀποστείλας
3278 5684 3607 5756 περιώρισεν
3636 5683 3799 5735 aut?»

2219 5780 2276 5833 ὲν
2304 5782 2369 5850 τῇ
2405 5780 2539 5852 μονῇ
2580 5778 2675 5833 τοῦ
2704 5778 2967 5834 παλατίου
3087 5777 3376 5849 ἐπώνυμον
3442 5778 3675 5847 Καμπᾶ,
3714 5776 3795 5826 δι-
