4136 6426
336 308 445 374 391

1096 306 1240 368 LIB.
1277 308 1376 370 VI.
1404 334 1472 346 —
1504 309 2081 373 CONSTANTINUS
2118 312 2892 384 PORPHYROGENITUS.

3516 334 3620 395 398

341 412 784 486 απειλησάμενος
808 411 979 466 αὐτὸν
996 410 1073 477 ὥς
1088 413 1281 486 ἐχθρὸν
1310 417 1548 485 φανέντα
1572 420 1631 472 ἓν
1649 421 1770 482 ταῖς
1796 420 1928 490 ήμέ-

2036 419 2206 476 t‘ratre
2244 424 2577 493 imperatore
2609 426 2855 498 iniquior
2902 429 3005 499 ipsi
3061 432 3348 506 hostisque
3373 440 3623 499 exstitis-

356 527 479 583 ραις
512 510 602 575 τῆς
624 504 902 578 βασιλείας
961 505 1056 559 τοῦ
1082 505 1312 577 ἀδελφοῦ
1340 510 1504 564 αὐτοῦ
1528 512 1759 576 Λέοντος
1785 529 1799 544 ο
1831 512 1928 565 ὁδὶ

2042 521 2144 569 set.
2179 515 2297 580 Qua
2325 515 2416 569 ille
2445 532 2541 586 per
2576 533 2798 573 menses
2830 535 2921 575 sex
2950 504 3416 595 sequestratione,
3447 532 3623 588 nimio

356 601 780 674 περιωρισμένος
810 600 905 653 ἐπὶ
939 600 1118 671 μῆνας
1141 600 1200 666 ἐξ
1227 603 1581 675 ἐτελεύτησεν
1609 605 1799 669 δεινῶς
1834 606 1928 659 ύπέ

2041 622 2276 662 maerore
2319 624 2383 664 ex
2421 624 2585 666 casus
2628 611 2917 667 atrocitate
2948 616 3238 674 confectus
3261 660 3277 686 ,
3313 624 3623 682 exstinctus

357 696 579 765 θλίψεως
613 693 1040 764 κατεργασθείς.

418 789 491 853 ς’.
538 786 597 841 Ὀ
634 785 695 839 δὲ
758 785 946 856 ἄρχων
998 786 1336 859 Βουλγαρίας
1392 790 1620 861 Συμεὼν
1675 792 1937 865 πρέσϐεις

345 880 477 952 πρὸς
519 876 878 949 Ἀλέξανδρον
930 877 1317 944 ἐξαπέστειλεν
1365 883 1494 953 περὶ
1536 886 1643 954 τῆς·
1689 885 1933 956 εἰρήνης.

335 972 565 1045 μηνύων
587 971 666 1035 ὡς
687 969 893 1039 ταύτην
911 971 1233 1035 ἀσπάζοιτο,
1255 973 1350 1025 καὶ
1373 974 1467 1026 τοῦ
1493 978 1935 1047 φιλοφρονεῖσθαι

326 1068 498 1122 αὑτὸν
528 1066 629 1120 καὶ
660 1063 955 1135 τιμᾶσθαι,
991 1065 1181 1136 ῶσπερ
1213 1067 1277 1136 δὴ
1302 1068 1393 1120 καὶ
1418 1068 1512 1121 ἐπὶ
1544 1068 1637 1122 τοῦ
1671 1069 1937 1139 βασιλέως

328 1158 587 1219 Λέοντος.
630 1156 691 1209 Ὀ
725 1154 785 1208 δὲ
819 1154 976 1226 ἀνοίᾳ
1025 1156 1119 1209 καὶ⁵
1164 1156 1448 1230 ἀφροσύνῃ
1484 1159 1781 1230 κρατηθεὶς
1808 1162 1936 1225 τοὺς

329 1250 598 1322 πρέσϐεις
615 1247 833 1317 ἀτίμως
865 1246 1196 1318 ἐξέπεμψεν,
1217 1248 1471 1312 ἀπειλαῖς
1489 1249 1771 1321 χρώμενος
1792 1254 1935 1308 κατά

323 1342 561 1412 Συμεὼν
590 1340 689 1394 καὶ
719 1338 1126 1409 καταπλήττειν
1154 1330 1566 1411 οἰόμενος.’Τῆς
1596 1336 1688 1395 οὖν
1711 1343 1933 1414 εἰρήνης

329 1430 681 1500 διαλυθείσης
724 1426 869 1482 ὅπλα
905 1428 1049 1481 κατὰ
1075 1427 1420 1499 Χριστιανῶν
1450 1432 1673 1502 κινῆσαι
1704 1431 1934 1502 Συμεὼν

336 1521 678 1575 ιὸουλεύετο.

406 1611 473 1676 ζ’.
508 1610 868 1681 Ἀλέξανδρος
898 1611 954 1663 δὲ
988 1611 1295 1683 ἀριστήσας
1328 1612 1422 1666 καὶ
1443 1610 1691 1677 οἰνωθεὶς
1727 1614 1785 1664 ἐν
1815 1616 1930 1678 τοῖς

339 1700 443 1755 ὑπὸ
470 1701 610 1753 κύνα
643 1699 924 1770 καύμασιν
954 1700 1225 1770 κατῆλθεν
1269 1704 1335 1773 τῇ
1389 1702 1489 1771 τῆς
1520 1702 1761 1774 σφαίρας
1788 1704 1926 1774 χρή..

2037 706 2143 752 est.

2121 792 2175 846 6.
2222 792 2458 863 Symeon
2491 792 2762 863 Bulgaria
2791 796 3070 869 princeps,
3091 799 3273 858 missis
3298 803 3363 859 ad
3384 804 3623 861 Alexan-

2037 883 2197 938 drum
2229 886 2448 954 legatis,
2480 887 2546 941 de
2568 903 2703 957 pace
2737 890 3045 960 signiﬁcat,
3082 892 3158 947 illi
3197 908 3255 949 se
3287 897 3529 966 studere,
3568 910 3621 955 et

2039 985 2096 1030 ιιι
2127 992 2185 1031 se
2213 976 2304 1031 ille
2330 977 2681 1034 demereatur
2711 996 2777 1036 ac
2804 982 2973 1049 colat,
3007 985 3155 1039 velut
3185 985 3368 1042 Leone
3392 988 3622 1058 impera-

2037 1077 2178 1123 tore.
2230 1069 2544 1126 Alexander
2577 1072 2855 1129 dementia
2888 1089 2954 1130 ac
2988 1077 3302 1148 insipientia
3345 1090 3503 1137 actus
3539 1083 3621 1138 le-

2034 1167 2190 1228 gatos
2240 1162 2639 1220 contumeliose
2689 1164 2939 1233 dimittit,
2991 1168 3269 1241 minisque
3336 1171 3622 1240 adhibitis,

2034 1250 2239 1320 quibus
2269 1252 2627 1309 incussurum
2654 1270 2713 1312 se
2743 1255 3003 1328 Symeoni
3034 1267 3305 1317 terrorem
3332 1264 3624 1319 existima—

2034 1343 2193 1398 verit.
2247 1342 2435 1400 Soluta
2464 1362 2596 1418 ergo
2630 1363 2763 1418 pace
2804 1349 3043 1423 Symeon
3075 1368 3229 1408 arma
3263 1370 3486 1412 movere
3520 1357 3619 1413 ad-

2032 1449 2227 1492 versus
2249 1436 2598 1494 Christianos
2622 1441 2895 1512 cogitaba'

2105 1614 2156 1666 7.
2217 1610 2488 1669 Caeterum
2540 1613 2851 1672 Alexander
2897 1617 3045 1689 large
3094 1635 3328 1690 pransus
3382 1621 3622 1695 vinoque

2034 1702 2405 1775 ingurgitatus
2448 1706 2552 1761 sub
2578 1709 2843 1763 caniculre
2884 1710 3196 1777 ardoribus,
3234 1728 3359 1767 cum
3401 1715 3469 1769 ad
3508 1714 3620 1785 pila

338 1794 537 1848 σασθαι
589 1794 803 1865 παιδιᾷ.
849 1792 1129 1864 Ῥομφαίᾳ
1163 1792 1218 1847 δὲ
1256 1793 1506 1865 θεηλάτῳ
1539 1773 1795 1863 πληγεὶς
1828 1773 1923 1848 καὶ

2034 1773 2331 1851 ludendum
2392 1798 2804 1867 descendisset,
2871 1800 2982 1857 Deo
3056 1773 3233 1859 ultore
3293 1773 3616 1875 percussus.

334 1885 602 1951 ἀνελθὼν,
634 1886 857 1956 αἵματος
890 1884 1055 1938 αὑτοῦ
1085 1884 1282 1938 πολλοῦ
1309 1888 1373 1939 ἐκ
1399 1885 1507 1939 τῶν
1529 1886 1690 1955 ῥινῶν
1715 1888 1804 1940 καὶ
1832 1890 1920 1940 αἰ-

343 1976 508 2030 δοίων
542 1975 1004 2046 καταφερομένου,
1041 1974 1180 2046 μετὰ
1193 1975 1285 2029 δύο
1310 1976 1343 2046 ή
1354 1978 1418 2039 μέ
1427 1993 1527 2045 ρας
1550 1976 1921 2047 ἐτελεύτησεν,

353 2067 493 2138 μηνὶ
529 2067 729 2136 Ἰουνίῳ
754 2063 821 2132 ς’,
855 2067 1044 2137 ήμέρα
1073 2068 1353 2139 Κυριακῇ,
1409 2067 1740 2131 ίνδικτιῶνος
1774 2068 1927 2137 πρῶ-

347 2176 476 2229 της,
502 2158 811 2229 ἐπιτρόπους
826 2157 1149 2211 καταλιπὼν
1171 2157 1439 2213 Νικόλαον
1464 2159 1811 2230 πατριάρχην
1835 2160 1929 2213 καὶ

342 2252 622 2317 Στέφανον
672 2250 973 2320 μάγιστρον
1006 2250 1103 2303 καὶ
1169 2251 1427 2322 Ἰωάννην
1480 2251 1782 2321 μάγιστρον
1837 2252 1929 2304 τὸν

346 2341 578 2398 Ἐλαδᾶν
612 2344 705 2396 καὶ
758 2342 1013 2414 Ἰωάννην
1069 2343 1352 2415 ραίκτωρα
1390 2345 1485 2396 καὶ
1519 2342 1789 2415 Εὐθύμιον
1834 2344 1931 2398 καὶ

330 2434 429 2489 τὸν
457 2434 794 2506 Βασιλίτξην
822 2434 919 2489 καὶ
950 2435 1045 2488 τὸν
1090 2432 1590 2507 Γασριηλόπουλον,
1631 2436 1730 2507 τὴν
1775 2436 1929 2506 βασι-

334 2526 484 2581 λείαν
506 2526 581 2597 τῷ
618 2526 724 2598 υἱῷ
752 2528 984 2591 Λέοντος
1014 2528 1417 2600 Κωνσταντίνῳ
1450 2529 1746 2599 παραδούς.
1796 2531 1930 2583 Ἀπ-

334 2616 522 2672 έθεντο
542 2618 596 2671 δὲ
634 2618 992 2689 Ἀλέξανδρον
1022 2620 1082 2672 ὲν
1115 2621 1229 2683 τοῖς
1256 2618 1450 2688 τάφοις
1489 2620 1598 2673 τῶν
1640 2620 1924 2690 βασιλέων,

330 2708 429 2762 καὶ
452 2709 607 2781 ἐτέθη
633 2711 780 2783 μετά
808 2710 904 2764 τοῦ
934 2710 1140 2783 πατρὸς
1162 2711 1328 2766 αὑτοῦ
1363 2689 1701 2766 Βασιλείουδ

2032 1888 2320 1959 multoque
2354 1905 2450 1959 per
2474 1906 2633 1946 nares
2660 1902 2717 1946 et
2763 1902 3039 1948 veretrum
3074 1910 3277 1950 cruore
3311 1895 3456 1962 fuso,
3498 1906 3621 1967 post

2034 1982 2261 2037 biduum
2280 1982 2420 2037 vivis
2444 1984 2702 2049 excessit,
2730 1987 2935 2041 mensis
2958 1984 3106 2041 Junii
3127 1987 3181 2051 6,
3203 1989 3290 2043 die
3312 1988 3617 2056 Dominica,

2032 2074 2333 2132 indictione
2380 2075 2579 2146 prima,
2614 2077 2896 2134 tutoribus
2939 2080 3148 2135 relictis
3189 2080 3415 2137 Nicolao
3440 2084 3615 2151 patri-

2030 2168 2196 2223 archa
2254 2176 2309 2223 et
2368 2168 2649 2239 Stephano
2693 2171 2960 2240 magistro
2989 2169 3312 2243 Joanneque
3349 2174 3616 2244 magistro

2032 2259 2203 2315 Elada
2226 2270 2281 2316 et
2307 2258 2520 2317 Joanne
2550 2272 2765 2319 rectore
2787 2271 2841 2318 et
2867 2263 3161 2336 Euthymio
3190 2275 3241 2321 et
3274 2263 3532 2321 Basilitze
3562 2278 3619 2322 et

2030 2353 2467 2424 Gabrielopulo,
2500 2357 2773 2411 translato
2828 2355 2884 2411 in
2931 2357 3357 2412 Constantinum
3415 2356 3618 2413 Leonis

2028 2446 2200 2500 illium
2237 2445 2487 2516 imperio.
2532 2446 2725 2504 lllatus
2764 2447 3071 2504 Alexander
3100 2450 3495 2520 imperatorum
3528 2465 3618 2507 se-

2027 2537 2233 2608 pulcris
2265 2552 2331 2593 ac
2358 2553 2483 2593 cum
2512 2536 2717 2596 Basilio
2740 2550 2894 2611 patre
2919 2541 3179 2598 conditus
3201 2552 3306 2599 est.

1235 3107 1736 3194 ΒΑΣΙΛΕΙΑ
1832 3110 2710 3198 ΚΩΝΣΤΛΝΤΙΝΟΥ

1721 3298 1884 3352 ΥΙΟΥ
1916 3299 2255 3354 ΛΕΟΝΤΟΣ.

713 3657 1531 3752 CONSTANTINI
1645 3654 2081 3749 LEONIS
2137 3656 2442 3743 FlLlI
2559 3652 3224 3744 IMPERIUM.

1952 3881 2023 3895 ἡ

421 4004 514 4079 [Ρ.
548 4002 674 4076 235]
701 4002 763 4058 α’.
791 4005 1201 4067 Κωνσταντίνος
1250 4002 1307 4057 δὲ
1360 4003 1455 4057 τοῦ
1492 4002 1697 4075 πατρὸς
1741 4003 1907 4057 αὐτοῦ

2087 4002 2248 4076 381
2286 4005 2336 4058 l.
2364 4000 2765 4057 Constantinus
2787 4000 2965 4055 Leone
2989 4009 3146 4072 patre
3177 4011 3396 4057 mortuo
3433 4001 3615 4057 adhuc

340 4095 756 4167 τελευτήσαντος
796 4096 1027 4160 Λέοντος
1066 4098 1194 4158 παῖς
1229 4094 1308 4147 ἔτι
1351 4095 1639 4165 τυγχάνων
1664 4094 1915 4164 (ἕϐδομον

2031 4111 2154 4165 puer
2204 4093 2517 4163 (septimum
2569 4092 2769 4162 quippe
2817 4091 3012 4162 agebat
3056 4094 3234 4147 anatis
3273 4095 3503 4162 annum)
3546 4096 3615 4148 ab

332 4189 445 4260 γὰρ
472 4182 621 4259 εἶχεν
651 4186 751 4257 τῆς
800 4186 1018 4258 ἡλικίας
1047 4185 1188 4251 ἔτος)
1222 4183 1326 4237 ὑπὸ
1360 4183 1714 4255 Ἀλεξάνδρου
1769 4182 1916 4237 θείου

2031 4187 2333 4241 Alexandro
2386 4192 2584 4256 patruo
2629 4184 2683 4237 in
2717 4183 2949 4253 imperio
2981 4185 3086 4239 sub
3131 4186 3403 4239 tutoribus
3450 4186 3617 4238 relin-

330 4280 501 4335 αὑτοῦ
530 4284 590 4334 ἑν
623 4282 686 4350 τῇ
721 4278 969 4350 βασιλείᾳ
997 4276 1413 4341 καταλέλειπτο,
1450 4275 1554 4329 ὑπὸ
1585 4275 1919 4346 ἐπιτρόπους

2031 4280 2229 4351 quitur.
2264 4277 2380 4333 Sub
2413 4276 2520 4333 illis
2552 4277 2738 4348 itaque
2783 4290 2847 4331 ac
2876 4291 3002 4332 cum
3039 4286 3215 4331 matre
3240 4291 3341 4331 sua
3378 4277 3617 4345 impera-

331 4372 520 4426 τελῶν.
569 4372 957 4427 Ἐϐασίλευσεν
980 4366 1074 4425 οὖν
1123 4369 1229 4422 ὑπὸ
1260 4367 1367 4423 τῶν
1407 4368 1573 4424 αὐτοῦ
1606 4368 1920 4440 ἐπιτρόπων

338 4465 427 4520 καὶ
450 4466 546 4520 σὺν
577 4468 644 4537 τῇ
681 4466 850 4538 μητρὶ
878 4464 974 4537 ἔτη
998 4462 1161 4529 ἐπτά,
1186 4462 1302 4533 ἅμα
1327 4461 1385 4515 δὲ
1426 4461 1695 4533 Ῥωμανῷ
1728 4460 1923 4515 πενθε-

342 4557 417 4630 ρῷ
448 4558 638 4624 αὑτοῦ,
674 4558 750 4611 ῶν
778 4560 835 4611 ὲν
868 4556 1142 4628 ὑποταγῇ,
1172 4556 1338 4626 ἕτερα
1386 4554 1480 4626 ἔτη
1510 4552 1623 4620 κς’,
1654 4554 1923 4626 μονοκρά-

334 4667 446 4723 τωρ
478 4648 538 4703 δὲ
566 4649 666 4719 ἔτη
697 4647 1113 4713 πεντεκαίδεκα,
1139 4646 1214 4711 ὡς
1243 4640 1382 4701 εἷναι
1401 4647 1493 4699 τὸν
1520 4647 1701 4700 πάντα
1730 4646 1925 4719 χρόνον

324 4742 427 4812 τῆς
463 4742 750 4812 βασιλείας
781 4739 951 4793 αὑτοῦ
983 4740 1079 4811 ἔτη
1104 4745 1195 4794 νε’.
1228 4738 1544 4808 Λασόμενος
1571 4733 1666 4792 οὖν
1694 4738 1794 4808 τῆς
1826 4737 1922 4793 τοῦ

324 4832 601 4886 παλατίου
630 4832 879 4897 ἔξουσίας
910 4831 938 4884 ό
970 4829 1316 4901 πατριάρχης
1347 4828 1633 4891 Νικόλαος,
1664 4828 1806 4883 ὥστε
1830 4828 1927 4883 καὶ

324 4923 498 4988 αὐτὸς
525 4924 819 4994 ἐπίτροπος
847 4921 923 4977 ὢν
966 4924 1064 4977 σὺν
1100 4921 1180 4994 τῷ
1217 4922 1510 4993 μαγίστρῳ
1543 4921 1803 4993 Στεφάνῳ
1835 4922 1927 4975 καὶ

325 5014 408 5089 τῷ
454 5016 655 5087 ἐλαδᾷ
700 5016 929 5089 Ἰωάννῃ
970 5015 1260 5087 μαγίστρῳ
1314 5017 1411 5068 καὶ
1467 5014 1639 5084 αὐτῷ,
1675 5014 1777 5085 τὴν
1830 5013 1926 5069 τοῦ

325 5106 520 5161 κοινοῦ
552 5106 812 5178 πρόνοιαν
840 5108 1082 5161 ἐποιεῖτο
1111 5108 1207 5161 καὶ
1229 5108 1327 5179 τὴν
1356 5107 1617 5178 φροντίδα
1643 5104 1789 5178 εἶχεν
1820 5107 1929 5161 τῶν

322 5200 396 5268 τῇ
426 5195 679 5271 βασιλείᾳ
707 5198 1055 5269 πραγμάτων
1077 5197 1391 5271 ἀνηκόντων
1418 5198 1709 5271 ὁσημέραι.

406 5286 474 5358 β’.
524 5288 615 5343 Ἐν
642 5270 857 5353 τούτοις
882 5288 977 5344 οὖν
1011 5290 1110 5361 τῆς
1140 5270 1415 5361 βασιλείας
1449 5270 1636 5363 οὓσης,
1672 5289 1929 5364 δηλοῦται

2026 4373 2101 4426 vit
2146 4384 2319 4425 annos
2385 4377 2622 4440 septem,
2690 4383 2817 4424 cum
2875 4367 3130 4423 Romano
3178 4382 3372 4423 socero
3425 4366 3615 4435 illique

2025 4463 2307 4535 subjectus
2341 4476 2520 4519 annos
2550 4461 2688 4516 alios
2729 4476 2823 4518 sex
2860 4475 3027 4531 supra
3061 4459 3293 4530 viginti;
3329 4458 3481 4514 solus
3514 4458 3613 4513 de-

2026 4557 2194 4628 nique
2245 4556 2537 4627 imperium
2587 4555 2727 4609 rexit
2786 4569 2963 4610 annos
3019 4552 3357 4624 quindecim.
3432 4552 3615 4623 Atque

2028 4653 2165 4710 adeo
2196 4652 2316 4723 ejus
2349 4650 2561 4721 imperii
2615 4657 2833 4719 tempus
2860 4664 3025 4704 omne
3057 4663 3329 4703 annorum
3369 4646 3615 4719 quinque

2028 4760 2193 4817 supra
2264 4741 2669 4814 quinquaginta
2720 4741 2900 4811 spatio
2944 4741 3315 4797 concluditur.
3381 4742 3613 4811 Arrepta

2029 4837 2213 4907 itaque
2243 4834 2498 4891 Nicolaus
2547 4834 2862 4905 patriarcha
2902 4834 3041 4889 aulae
3070 4842 3344 4904 potestate
3397 4832 3481 4904 (ut
3511 4834 3609 4904 qui

2031 4929 2146 4996 ipse
2172 4936 2322 4983 tutor
2348 4941 2474 4982 cum
2501 4925 2770 4995 magistro
2790 4923 3072 4997 Stephano
3101 4934 3155 4979 et
3186 4915 3403 4979 Joanne
3418 4922 3612 4989 Elada,

2032 5018 2147 5089 ipso
2177 5016 2382 5086 pariter
2409 5015 2692 5087 magistro,
2712 5014 2855 5085 erat)
2880 5014 3197 5084 reipublicae
3218 5012 3612 5085 prospiciebat,

2031 5109 2388 5182 quotidieque
2407 5108 2573 5165 rebus
2604 5107 2670 5162 ad
2700 5108 2991 5178 imperium
3017 5107 3396 5179 spectantibus
3421 5105 3614 5162 sedulo

2032 5219 2255 5275 operam
2289 5202 2548 5257 navabat.

2102 5291 2157 5348 2.
2185 5290 2263 5347 Eo
2283 5277 2460 5363 igitur
2488 5289 2807 5360 reipublicae
2837 5296 3006 5353 statu,
3039 5303 3105 5343 ac
3132 5301 3256 5342 cum
3289 5287 3373 5342 sic
3405 5283 3616 5342 Roma-

326 5380 734 5453 Κωνσταντίνῳ
761 5382 842 5455 τῷ
885 5382 1062 5450 ὼυκὶ,
1115 5382 1421 5455 δομεστίκῳ
1469 5383 1789 5457 τυγχάνοντι
1818 5384 1928 5438 τῶν

2033 5403 2163 5445 num
2216 5384 2701 5441 administraretur
2743 5381 3061 5453 imperium,
3119 5377 3345 5451 quidam
3380 5379 3449 5433 ab
3481 5379 3615 5433 urbe

329 5473 563 5545 σχολῶν,
592 5474 753 5547 παρά
774 5491 943 5528 τινων
970 5475 1079 5529 τῶν
1096 5478 1154 5530 ἑν
1185 5478 1251 5547 τῇ
1279 5475 1432 5529 πόλει
1466 5476 1810 5547 μεγιστάνων
1844 5494 1931 5545 φι-

260 5585 288 5605 ι
321 5567 567 5624 λούντων
605 5569 774 5623 αὑτὸν
809 5567 888 5632 ὡς
936 5568 1183 5639 ἀνδρεῖον
1221 5571 1317 5623 καὶ
1359 5570 1589 5641 νουνεχῆ
1624 5568 1718 5623 καὶ
1747 5568 1931 5633 καλῶς

326 5660 630 5737 δυνάμενον
661 5662 766 5736 τὴν
811 5659 1095 5732 βασιλείαν
1124 5661 1413 5735 κυϐερνᾷν,
1455 5659 1540 5736 [Ρ.
1568 5659 1698 5734 256]
1753 5660 1929 5714 εἰσελ-

327 5755 442 5811 θεῖν
492 5757 590 5814 καὶ
619 5754 832 5828 ταύτης
864 5754 1142 5826 ὲγκρατὴς
1170 5754 1426 5824 γενέσθαι
1454 5752 1705 5825 ἀπονητί.
1747 5753 1836 5815 Ὠς
1870 5751 1928 5806 δέ

2029 5478 2396 5536 Constantino
2447 5474 2583 5530 Duci
2616 5474 2934 5530 scholarum
2981 5473 3321 5535 domestico,
3355 5486 3519 5541 quem
3552 5478 3614 5525 ut

2029 5572 2207 5627 virum
2241 5568 2437 5627 fortem
2493 5582 2556 5623 ac
2584 5575 2763 5623 catum
2797 5564 3075 5639 probeque
3106 5563 3346 5636 gerendo
3379 5562 3615 5637 imperio

2028 5678 2215 5735 parem
2268 5674 2620 5735 gnavumque
2655 5659 2973 5729 diligerent,
3035 5667 3094 5712 ιιι
3141 5657 3358 5713 adesset
3407 5653 3614 5723 signiﬂo

2030 5763 2202 5810 cant:
2235 5754 2349 5811 fore
2389 5750 2653 5808 nimirum
2690 5758 2749 5803 ut
2808 5748 2959 5805 nullo
3010 5748 3197 5804 labore
3234 5761 3416 5802 rerum
3459 5744 3514 5801 in
3556 5759 3614 5798 se
