  <div class='ocr_page' id='page_1' title='image "/cluster/home/n/w/nwhite01/storage/ocr_20150623/109/coo.31924054870138/207.png"; bbox 0 0 4136 6456; ppageno 0'>
   <div class='ocr_carea' id='block_1_1' title="bbox 572 347 675 409">
    <p class='ocr_par' dir='ltr' id='par_1_1' title="bbox 572 347 675 409">
     <span class='ocr_line' id='line_1_1' title="bbox 572 347 675 409; baseline 0 -1"><span class='ocrx_word' id='word_1_1' title='bbox 572 347 675 409; x_wconf 74' lang='lat'><strong>393</strong></span> 
     </span>
    </p>
   </div>
   <div class='ocr_carea' id='block_1_2' title="bbox 1660 336 2762 409">
    <p class='ocr_par' dir='ltr' id='par_1_2' title="bbox 1660 336 2762 409">
     <span class='ocr_line' id='line_1_2' title="bbox 1660 336 2762 409; baseline -0.002 -4"><span class='ocrx_word' id='word_1_2' title='bbox 1660 341 2169 405; x_wconf 70' lang='lat' dir='ltr'><strong>THEOPHANES</strong></span> <span class='ocrx_word' id='word_1_3' title='bbox 2208 336 2762 409; x_wconf 75' lang='lat' dir='ltr'><strong>CONTINUATUS.</strong></span> 
     </span>
    </p>
   </div>
   <div class='ocr_carea' id='block_1_3' title="bbox 3750 351 3847 416">
    <p class='ocr_par' dir='ltr' id='par_1_3' title="bbox 3750 351 3847 416">
     <span class='ocr_line' id='line_1_3' title="bbox 3750 351 3847 416; baseline 0.031 -3"><span class='ocrx_word' id='word_1_4' title='bbox 3750 351 3847 416; x_wconf 67' lang='lat' dir='ltr'><strong>li)?!</strong></span> 
     </span>
    </p>
   </div>
   <div class='ocr_carea' id='block_1_4' title="bbox 576 450 2158 532">
    <p class='ocr_par' dir='ltr' id='par_1_4' title="bbox 576 450 2158 523">
     <span class='ocr_line' id='line_1_4' title="bbox 576 450 2158 523; baseline -0.004 -13"><span class='ocrx_word' id='word_1_5' title='bbox 576 471 852 516; x_wconf 69' lang='lat' dir='ltr'><strong>summam</strong></span> <span class='ocrx_word' id='word_1_6' title='bbox 883 450 1230 508; x_wconf 79' lang='lat' dir='ltr'><strong>transferret.</strong></span> <span class='ocrx_word' id='word_1_7' title='bbox 1258 450 1380 505; x_wconf 81' lang='lat' dir='ltr'><strong>Non</strong></span> <span class='ocrx_word' id='word_1_8' title='bbox 1414 453 1615 507; x_wconf 80' lang='lat' dir='ltr'><strong>desunt</strong></span> <span class='ocrx_word' id='word_1_9' title='bbox 1644 463 1825 508; x_wconf 83' lang='lat' dir='ltr'><strong>autem</strong></span> <span class='ocrx_word' id='word_1_10' title='bbox 1858 454 1953 523; x_wconf 88' lang='lat' dir='ltr'><strong>qui</strong></span> <span class='ocrx_word' id='word_1_11' title='bbox 1975 454 2158 505; x_wconf 85' lang='lat' dir='ltr'><strong>dicant</strong></span> 
     </span>
    </p>
   </div>
   <div class='ocr_carea' id='block_1_5' title="bbox 2261 450 3846 532">
    <p class='ocr_par' dir='ltr' id='par_1_5' title="bbox 2263 459 3846 532">
     <span class='ocr_line' id='line_1_5' title="bbox 2263 459 3846 532; baseline 0.008 -25"><span class='ocrx_word' id='word_1_12' title='bbox 2263 471 2428 522; x_wconf 82' lang='grc' dir='ltr'>τινες,</span> <span class='ocrx_word' id='word_1_13' title='bbox 2462 460 2559 512; x_wconf 74' lang='grc' dir='ltr'><strong>καὶ</strong></span> <span class='ocrx_word' id='word_1_14' title='bbox 2581 459 2847 524; x_wconf 80' lang='grc' dir='ltr'>Νικόλαος</span> <span class='ocrx_word' id='word_1_15' title='bbox 2876 461 3225 531; x_wconf 74' lang='grc' dir='ltr'><strong>πατριάρχης</strong></span> <span class='ocrx_word' id='word_1_16' title='bbox 3274 461 3561 532; x_wconf 65' lang='grc' dir='ltr'>ἡγνοηκὼς</span> <span class='ocrx_word' id='word_1_17' title='bbox 3605 462 3679 527; x_wconf 82' lang='grc' dir='ltr'>ὡς</span> <span class='ocrx_word' id='word_1_18' title='bbox 3730 473 3846 520; x_wconf 76' lang='grc' dir='ltr'>κατ’</span> 
     </span>
    </p>
   </div>
   <div class='ocr_carea' id='block_1_6' title="bbox 572 544 2162 615">
    <p class='ocr_par' dir='ltr' id='par_1_6' title="bbox 572 544 2162 615">
     <span class='ocr_line' id='line_1_6' title="bbox 572 544 2162 615; baseline -0.006 -7"><span class='ocrx_word' id='word_1_19' title='bbox 572 555 736 608; x_wconf 82' lang='lat' dir='ltr'><strong>etiam</strong></span> <span class='ocrx_word' id='word_1_20' title='bbox 764 546 1058 602; x_wconf 80' lang='lat' dir='ltr'><strong>Nicolaum</strong></span> <span class='ocrx_word' id='word_1_21' title='bbox 1090 544 1487 615; x_wconf 80' lang='lat' dir='ltr'><strong>patriareltam,</strong></span> <span class='ocrx_word' id='word_1_22' title='bbox 1512 562 1637 601; x_wconf 89' lang='lat' dir='ltr'><strong>cum</strong></span> <span class='ocrx_word' id='word_1_23' title='bbox 1665 548 1903 601; x_wconf 86' lang='lat' dir='ltr'><strong>nesciret</strong></span> <span class='ocrx_word' id='word_1_24' title='bbox 1923 546 2162 599; x_wconf 81' lang='lat' dir='ltr'><strong>Alexan-</strong></span> 
     </span>
    </p>
   </div>
   <div class='ocr_carea' id='block_1_7' title="bbox 573 638 2159 706">
    <p class='ocr_par' dir='ltr' id='par_1_7' title="bbox 573 638 2159 706">
     <span class='ocr_line' id='line_1_7' title="bbox 573 638 2159 706; baseline -0.004 -10"><span class='ocrx_word' id='word_1_25' title='bbox 573 643 659 696; x_wconf 82' lang='lat' dir='ltr'><strong>dri</strong></span> <span class='ocrx_word' id='word_1_26' title='bbox 695 647 1026 695; x_wconf 82' lang='lat' dir='ltr'><strong>testamento</strong></span> <span class='ocrx_word' id='word_1_27' title='bbox 1060 653 1119 693; x_wconf 91' lang='lat' dir='ltr'><strong>se</strong></span> <span class='ocrx_word' id='word_1_28' title='bbox 1150 646 1387 692; x_wconf 89' lang='lat' dir='ltr'><strong>tutorem</strong></span> <span class='ocrx_word' id='word_1_29' title='bbox 1433 638 1712 704; x_wconf 89' lang='lat' dir='ltr'><strong>relictum,</strong></span> <span class='ocrx_word' id='word_1_30' title='bbox 1743 638 1948 706; x_wconf 82' lang='lat' dir='ltr'><strong>negotii</strong></span> <span class='ocrx_word' id='word_1_31' title='bbox 1984 638 2159 706; x_wconf 85' lang='lat' dir='ltr'><strong>parti-</strong></span> 
     </span>
    </p>
   </div>
   <div class='ocr_carea' id='block_1_8' title="bbox 573 732 2161 795">
    <p class='ocr_par' dir='ltr' id='par_1_8' title="bbox 573 732 2161 795">
     <span class='ocr_line' id='line_1_8' title="bbox 573 732 2161 795; baseline -0.006 -4"><span class='ocrx_word' id='word_1_32' title='bbox 573 738 677 791; x_wconf 87' lang='lat' dir='ltr'><strong>bus</strong></span> <span class='ocrx_word' id='word_1_33' title='bbox 709 733 1017 789; x_wconf 83' lang='lat' dir='ltr'><strong>Artahasdo</strong></span> <span class='ocrx_word' id='word_1_34' title='bbox 1048 732 1383 786; x_wconf 89' lang='lat' dir='ltr'><strong>concreditis</strong></span> <span class='ocrx_word' id='word_1_35' title='bbox 1408 772 1422 795; x_wconf 88' lang='lat'><strong>,</strong></span> <span class='ocrx_word' id='word_1_36' title='bbox 1457 732 1544 785; x_wconf 89' lang='lat' dir='ltr'><strong>cui</strong></span> <span class='ocrx_word' id='word_1_37' title='bbox 1578 732 1903 785; x_wconf 80' lang='lat' dir='ltr'><strong>sacerdotali</strong></span> <span class='ocrx_word' id='word_1_38' title='bbox 1935 744 2161 783; x_wconf 87' lang='lat' dir='ltr'><strong>munere</strong></span> 
     </span>
    </p>
   </div>
   <div class='ocr_carea' id='block_1_9' title="bbox 570 822 2161 899">
    <p class='ocr_par' dir='ltr' id='par_1_9' title="bbox 570 822 2161 899">
     <span class='ocr_line' id='line_1_9' title="bbox 570 822 2161 899; baseline -0.002 -18"><span class='ocrx_word' id='word_1_39' title='bbox 570 828 736 899; x_wconf 77' lang='lat'><strong>382</strong></span> <span class='ocrx_word' id='word_1_40' title='bbox 776 826 1130 881; x_wconf 89' lang='lat' dir='ltr'><strong>interdictum</strong></span> <span class='ocrx_word' id='word_1_41' title='bbox 1154 823 1376 885; x_wconf 82' lang='lat' dir='ltr'><strong>&#39;fuerat,</strong></span> <span class='ocrx_word' id='word_1_42' title='bbox 1434 823 1502 878; x_wconf 90' lang='lat' dir='ltr'><strong>ad</strong></span> <span class='ocrx_word' id='word_1_43' title='bbox 1532 824 1959 879; x_wconf 83' lang='lat' dir='ltr'><strong>Constantinum</strong></span> <span class='ocrx_word' id='word_1_44' title='bbox 2003 822 2161 878; x_wconf 90' lang='lat' dir='ltr'><strong>ducis</strong></span> 
     </span>
    </p>
   </div>
   <div class='ocr_carea' id='block_1_10' title="bbox 572 917 2158 989">
    <p class='ocr_par' dir='ltr' id='par_1_10' title="bbox 572 917 2158 989">
     <span class='ocr_line' id='line_1_10' title="bbox 572 917 2158 989; baseline -0.004 -15"><span class='ocrx_word' id='word_1_45' title='bbox 572 920 744 975; x_wconf 80' lang='lat' dir='ltr'><strong>tilium</strong></span> <span class='ocrx_word' id='word_1_46' title='bbox 801 919 1112 989; x_wconf 72' lang='lat' dir='ltr'><strong>scripsisse,</strong></span> <span class='ocrx_word' id='word_1_47' title='bbox 1162 917 1473 971; x_wconf 81' lang='lat' dir='ltr'><strong>hortantem</strong></span> <span class='ocrx_word' id='word_1_48' title='bbox 1534 926 1591 970; x_wconf 91' lang='lat' dir='ltr'><strong>ut</strong></span> <span class='ocrx_word' id='word_1_49' title='bbox 1644 917 1709 970; x_wconf 88' lang='lat' dir='ltr'><strong>ad</strong></span> <span class='ocrx_word' id='word_1_50' title='bbox 1759 917 2158 984; x_wconf 88' lang='lat' dir='ltr'><strong>capessendum</strong></span> 
     </span>
    </p>
   </div>
   <div class='ocr_carea' id='block_1_11' title="bbox 574 1008 2159 1084">
    <p class='ocr_par' dir='ltr' id='par_1_11' title="bbox 574 1008 2159 1084">
     <span class='ocr_line' id='line_1_11' title="bbox 574 1008 2159 1084; baseline -0.003 -17"><span class='ocrx_word' id='word_1_51' title='bbox 574 1013 869 1084; x_wconf 90' lang='lat' dir='ltr'><strong>imperium</strong></span> <span class='ocrx_word' id='word_1_52' title='bbox 924 1024 1045 1066; x_wconf 89' lang='lat' dir='ltr'><strong>sese</strong></span> <span class='ocrx_word' id='word_1_53' title='bbox 1096 1008 1416 1080; x_wconf 77' lang='lat' dir='ltr'><strong>Byzantium</strong></span> <span class='ocrx_word' id='word_1_54' title='bbox 1464 1008 1772 1074; x_wconf 80' lang='lat' dir='ltr'><strong>conferret;</strong></span> <span class='ocrx_word' id='word_1_55' title='bbox 1839 1008 1908 1061; x_wconf 87' lang='lat' dir='ltr'><strong>ob</strong></span> <span class='ocrx_word' id='word_1_56' title='bbox 1958 1022 2159 1077; x_wconf 79' lang='lat' dir='ltr'><strong>easque</strong></span> 
     </span>
    </p>
   </div>
   <div class='ocr_carea' id='block_1_12' title="bbox 573 1100 2158 1169">
    <p class='ocr_par' dir='ltr' id='par_1_12' title="bbox 573 1100 2158 1169">
     <span class='ocr_line' id='line_1_12' title="bbox 573 1100 2158 1169; baseline -0.005 -8"><span class='ocrx_word' id='word_1_57' title='bbox 573 1109 715 1161; x_wconf 87' lang='lat' dir='ltr'><strong>latas</strong></span> <span class='ocrx_word' id='word_1_58' title='bbox 767 1106 976 1159; x_wconf 86' lang='lat' dir='ltr'><strong>litteras</strong></span> <span class='ocrx_word' id='word_1_59' title='bbox 1026 1100 1076 1156; x_wconf 85' lang='lat' dir='ltr'><strong>id</strong></span> <span class='ocrx_word' id='word_1_60' title='bbox 1111 1101 1361 1155; x_wconf 83' lang='lat' dir='ltr'><strong>muneris</strong></span> <span class='ocrx_word' id='word_1_61' title='bbox 1391 1110 1721 1155; x_wconf 84' lang='lat' dir='ltr'><strong>consecutus</strong></span> <span class='ocrx_word' id='word_1_62' title='bbox 1754 1109 1840 1155; x_wconf 87' lang='lat' dir='ltr'><strong>est</strong></span> <span class='ocrx_word' id='word_1_63' title='bbox 1876 1110 1935 1155; x_wconf 93' lang='lat' dir='ltr'><strong>ut</strong></span> <span class='ocrx_word' id='word_1_64' title='bbox 1970 1116 2158 1169; x_wconf 89' lang='lat' dir='ltr'><strong>perce-</strong></span> 
     </span>
    </p>
   </div>
   <div class='ocr_carea' id='block_1_13' title="bbox 572 1194 2158 1268">
    <p class='ocr_par' dir='ltr' id='par_1_13' title="bbox 572 1194 2158 1268">
     <span class='ocr_line' id='line_1_13' title="bbox 572 1194 2158 1268; baseline -0.007 -10"><span class='ocrx_word' id='word_1_65' title='bbox 572 1200 740 1258; x_wconf 89' lang='lat' dir='ltr'><strong>lcbris</strong></span> <span class='ocrx_word' id='word_1_66' title='bbox 775 1198 992 1268; x_wconf 65' lang='lat' dir='ltr'><strong>Sophia:</strong></span> <span class='ocrx_word' id='word_1_67' title='bbox 1047 1195 1393 1250; x_wconf 82' lang='lat' dir='ltr'><strong>sacerdotum</strong></span> <span class='ocrx_word' id='word_1_68' title='bbox 1435 1195 1689 1263; x_wconf 78' lang='lat' dir='ltr'><strong>princeps</strong></span> <span class='ocrx_word' id='word_1_69' title='bbox 1727 1205 1893 1255; x_wconf 86' lang='lat' dir='ltr'><strong>esset,</strong></span> <span class='ocrx_word' id='word_1_70' title='bbox 1929 1194 2158 1247; x_wconf 62' lang='lat' dir='ltr'><strong>Andreae</strong></span> 
     </span>
    </p>
   </div>
   <div class='ocr_carea' id='block_1_14' title="bbox 573 1288 2159 1363">
    <p class='ocr_par' dir='ltr' id='par_1_14' title="bbox 573 1288 2159 1363">
     <span class='ocr_line' id='line_1_14' title="bbox 573 1288 2159 1363; baseline -0.005 -14"><span class='ocrx_word' id='word_1_71' title='bbox 573 1294 781 1350; x_wconf 83' lang='lat' dir='ltr'><strong>scilicet</strong></span> <span class='ocrx_word' id='word_1_72' title='bbox 816 1300 989 1363; x_wconf 88' lang='lat' dir='ltr'><strong>pater,</strong></span> <span class='ocrx_word' id='word_1_73' title='bbox 1023 1290 1117 1358; x_wconf 85' lang='lat' dir='ltr'><strong>qui</strong></span> <span class='ocrx_word' id='word_1_74' title='bbox 1153 1298 1335 1342; x_wconf 88' lang='lat' dir='ltr'><strong>nostra</strong></span> <span class='ocrx_word' id='word_1_75' title='bbox 1372 1297 1532 1341; x_wconf 84' lang='lat' dir='ltr'><strong>actate</strong></span> <span class='ocrx_word' id='word_1_76' title='bbox 1560 1288 1815 1356; x_wconf 77' lang='lat' dir='ltr'><strong>pingendi</strong></span> <span class='ocrx_word' id='word_1_77' title='bbox 1846 1295 2019 1341; x_wconf 86' lang='lat' dir='ltr'><strong>artem</strong></span> <span class='ocrx_word' id='word_1_78' title='bbox 2047 1302 2159 1356; x_wconf 75' lang='lat' dir='ltr'><strong>pra:</strong></span> 
     </span>
    </p>
   </div>
   <div class='ocr_carea' id='block_1_15' title="bbox 571 1378 2157 1457">
    <p class='ocr_par' dir='ltr' id='par_1_15' title="bbox 571 1378 2157 1457">
     <span class='ocr_line' id='line_1_15' title="bbox 571 1378 2157 1457; baseline -0.004 -15"><span class='ocrx_word' id='word_1_79' title='bbox 571 1387 761 1457; x_wconf 80' lang='lat' dir='ltr'><strong>Apelle</strong></span> <span class='ocrx_word' id='word_1_80' title='bbox 811 1392 866 1439; x_wconf 82' lang='lat' dir='ltr'><strong>et</strong></span> <span class='ocrx_word' id='word_1_81' title='bbox 909 1381 1263 1453; x_wconf 82' lang='lat' dir='ltr'><strong>Agatharcho</strong></span> <span class='ocrx_word' id='word_1_82' title='bbox 1342 1378 1741 1449; x_wconf 74' lang='lat' dir='ltr'><strong>lieraclideque</strong></span> <span class='ocrx_word' id='word_1_83' title='bbox 1791 1390 1844 1434; x_wconf 82' lang='lat' dir='ltr'><strong>et</strong></span> <span class='ocrx_word' id='word_1_84' title='bbox 1910 1380 2157 1436; x_wconf 79' lang='lat' dir='ltr'><strong>Philaeno</strong></span> 
     </span>
    </p>
   </div>
   <div class='ocr_carea' id='block_1_16' title="bbox 570 1472 2011 1551">
    <p class='ocr_par' dir='ltr' id='par_1_16' title="bbox 570 1472 2011 1551">
     <span class='ocr_line' id='line_1_16' title="bbox 570 1472 2011 1551; baseline -0.005 -20"><span class='ocrx_word' id='word_1_85' title='bbox 570 1478 851 1551; x_wconf 77' lang='lat' dir='ltr'><strong>Byzantiis</strong></span> <span class='ocrx_word' id='word_1_86' title='bbox 886 1476 1092 1544; x_wconf 82' lang='lat' dir='ltr'><strong>majore</strong></span> <span class='ocrx_word' id='word_1_87' title='bbox 1118 1474 1267 1527; x_wconf 88' lang='lat' dir='ltr'><strong>cultu</strong></span> <span class='ocrx_word' id='word_1_88' title='bbox 1298 1474 1548 1542; x_wconf 78' lang='lat' dir='ltr'><strong>provexit</strong></span> <span class='ocrx_word' id='word_1_89' title='bbox 1578 1488 1642 1526; x_wconf 92' lang='lat' dir='ltr'><strong>ac</strong></span> <span class='ocrx_word' id='word_1_90' title='bbox 1680 1472 2011 1527; x_wconf 84' lang='lat' dir='ltr'><strong>nobilitavit.</strong></span> 
     </span>
    </p>
   </div>
   <div class='ocr_carea' id='block_1_17' title="bbox 639 1566 2156 1635">
    <p class='ocr_par' dir='ltr' id='par_1_17' title="bbox 639 1566 2156 1635">
     <span class='ocr_line' id='line_1_17' title="bbox 639 1566 2156 1635; baseline -0.004 -10"><span class='ocrx_word' id='word_1_91' title='bbox 639 1574 692 1626; x_wconf 75' lang='grc'><strong>5.</strong></span> <span class='ocrx_word' id='word_1_92' title='bbox 717 1570 886 1625; x_wconf 86' lang='lat' dir='ltr'><strong>Porro</strong></span> <span class='ocrx_word' id='word_1_93' title='bbox 916 1568 1336 1630; x_wconf 87' lang='lat' dir='ltr'><strong>Constantinus,</strong></span> <span class='ocrx_word' id='word_1_94' title='bbox 1368 1567 1541 1634; x_wconf 91' lang='lat' dir='ltr'><strong>utqui</strong></span> <span class='ocrx_word' id='word_1_95' title='bbox 1572 1566 1683 1633; x_wconf 90' lang='lat' dir='ltr'><strong>jam</strong></span> <span class='ocrx_word' id='word_1_96' title='bbox 1719 1578 1843 1619; x_wconf 85' lang='lat' dir='ltr'><strong>ante</strong></span> <span class='ocrx_word' id='word_1_97' title='bbox 1867 1566 2156 1635; x_wconf 80' lang='lat' dir='ltr'><strong>imperium</strong></span> 
     </span>
    </p>
   </div>
   <div class='ocr_carea' id='block_1_18' title="bbox 570 1659 2155 1728">
    <p class='ocr_par' dir='ltr' id='par_1_18' title="bbox 570 1659 2155 1728">
     <span class='ocr_line' id='line_1_18' title="bbox 570 1659 2155 1728; baseline -0.004 -9"><span class='ocrx_word' id='word_1_98' title='bbox 570 1664 888 1724; x_wconf 84' lang='lat' dir='ltr'><strong>sotnniarct,</strong></span> <span class='ocrx_word' id='word_1_99' title='bbox 938 1659 1122 1715; x_wconf 83' lang='lat' dir='ltr'><strong>statim</strong></span> <span class='ocrx_word' id='word_1_100' title='bbox 1152 1660 1394 1728; x_wconf 85' lang='lat' dir='ltr'><strong>acceptis</strong></span> <span class='ocrx_word' id='word_1_101' title='bbox 1449 1659 1654 1713; x_wconf 85' lang='lat' dir='ltr'><strong>litteris</strong></span> <span class='ocrx_word' id='word_1_102' title='bbox 1684 1660 1736 1712; x_wconf 91' lang='lat' dir='ltr'><strong>in</strong></span> <span class='ocrx_word' id='word_1_103' title='bbox 1769 1660 1960 1713; x_wconf 88' lang='lat' dir='ltr'><strong>urbem</strong></span> <span class='ocrx_word' id='word_1_104' title='bbox 1996 1660 2155 1713; x_wconf 87' lang='lat' dir='ltr'><strong>invo-</strong></span> 
     </span>
    </p>
   </div>
   <div class='ocr_carea' id='block_1_19' title="bbox 568 1753 2157 1824">
    <p class='ocr_par' dir='ltr' id='par_1_19' title="bbox 568 1753 2157 1824">
     <span class='ocr_line' id='line_1_19' title="bbox 568 1753 2157 1824; baseline -0.004 -11"><span class='ocrx_word' id='word_1_105' title='bbox 568 1761 663 1823; x_wconf 87' lang='lat' dir='ltr'><strong>lat,</strong></span> <span class='ocrx_word' id='word_1_106' title='bbox 690 1757 855 1812; x_wconf 79' lang='lat' dir='ltr'><strong>‘lectis</strong></span> <span class='ocrx_word' id='word_1_107' title='bbox 883 1754 1150 1809; x_wconf 83' lang='lat' dir='ltr'><strong>militibus</strong></span> <span class='ocrx_word' id='word_1_108' title='bbox 1181 1755 1439 1824; x_wconf 85' lang='lat' dir='ltr'><strong>stipatus,</strong></span> <span class='ocrx_word' id='word_1_109' title='bbox 1487 1769 1589 1808; x_wconf 91' lang='lat' dir='ltr'><strong>nec</strong></span> <span class='ocrx_word' id='word_1_110' title='bbox 1627 1754 1743 1821; x_wconf 88' lang='lat' dir='ltr'><strong>ipsa</strong></span> <span class='ocrx_word' id='word_1_111' title='bbox 1809 1753 2157 1807; x_wconf 74' lang='lat' dir='ltr'><strong>multitudine</strong></span> 
     </span>
    </p>
   </div>
   <div class='ocr_carea' id='block_1_20' title="bbox 568 1822 2233 1920">
    <p class='ocr_par' dir='ltr' id='par_1_20' title="bbox 568 1822 2233 1920">
     <span class='ocr_line' id='line_1_20' title="bbox 568 1822 2233 1920; baseline -0.005 -16"><span class='ocrx_word' id='word_1_112' title='bbox 568 1847 929 1920; x_wconf 88' lang='lat' dir='ltr'><strong>spernendis;</strong></span> <span class='ocrx_word' id='word_1_113' title='bbox 976 1856 1255 1913; x_wconf 88' lang='lat' dir='ltr'><strong>noctuque</strong></span> <span class='ocrx_word' id='word_1_114' title='bbox 1287 1861 1382 1914; x_wconf 89' lang='lat' dir='ltr'><strong>per</strong></span> <span class='ocrx_word' id='word_1_115' title='bbox 1407 1842 1689 1898; x_wconf 82' lang='lat' dir='ltr'><strong>Michaelis</strong></span> <span class='ocrx_word' id='word_1_116' title='bbox 1749 1844 2155 1913; x_wconf 84' lang='lat' dir='ltr'><strong>protovestiarii</strong></span> <span class='ocrx_word' id='word_1_117' title='bbox 2192 1822 2233 1876; x_wconf 74' lang='grc' dir='ltr'><strong>Β</strong></span> 
     </span>
    </p>
   </div>
   <div class='ocr_carea' id='block_1_21' title="bbox 570 1938 2157 2011">
    <p class='ocr_par' dir='ltr' id='par_1_21' title="bbox 570 1938 2157 2011">
     <span class='ocr_line' id='line_1_21' title="bbox 570 1938 2157 2011; baseline -0.004 -14"><span class='ocrx_word' id='word_1_118' title='bbox 570 1943 716 1997; x_wconf 88' lang='lat' dir='ltr'><strong>haud</strong></span> <span class='ocrx_word' id='word_1_119' title='bbox 761 1940 951 2011; x_wconf 87' lang='lat' dir='ltr'><strong>procul</strong></span> <span class='ocrx_word' id='word_1_120' title='bbox 1004 1939 1073 1993; x_wconf 88' lang='lat' dir='ltr'><strong>ah</strong></span> <span class='ocrx_word' id='word_1_121' title='bbox 1106 1954 1230 1992; x_wconf 89' lang='lat' dir='ltr'><strong>arce</strong></span> <span class='ocrx_word' id='word_1_122' title='bbox 1260 1938 1520 1993; x_wconf 90' lang='lat' dir='ltr'><strong>ostiolum</strong></span> <span class='ocrx_word' id='word_1_123' title='bbox 1551 1939 1835 2008; x_wconf 84' lang='lat' dir='ltr'><strong>ingressus</strong></span> <span class='ocrx_word' id='word_1_124' title='bbox 1886 1939 1938 1992; x_wconf 88' lang='lat' dir='ltr'><strong>in</strong></span> <span class='ocrx_word' id='word_1_125' title='bbox 1980 1938 2157 1992; x_wconf 89' lang='lat' dir='ltr'><strong>soceri</strong></span> 
     </span>
    </p>
   </div>
   <div class='ocr_carea' id='block_1_22' title="bbox 568 2030 2159 2103">
    <p class='ocr_par' dir='ltr' id='par_1_22' title="bbox 568 2030 2159 2103">
     <span class='ocr_line' id='line_1_22' title="bbox 568 2030 2159 2103; baseline -0.006 -12"><span class='ocrx_word' id='word_1_126' title='bbox 568 2036 653 2091; x_wconf 92' lang='lat' dir='ltr'><strong>sui</strong></span> <span class='ocrx_word' id='word_1_127' title='bbox 683 2034 939 2103; x_wconf 83' lang='lat' dir='ltr'><strong>Cregorae</strong></span> <span class='ocrx_word' id='word_1_128' title='bbox 987 2032 1199 2086; x_wconf 76' lang='lat' dir='ltr'><strong>aedibus</strong></span> <span class='ocrx_word' id='word_1_129' title='bbox 1220 2046 1345 2085; x_wconf 88' lang='lat' dir='ltr'><strong>eum</strong></span> <span class='ocrx_word' id='word_1_130' title='bbox 1380 2030 1553 2085; x_wconf 90' lang='lat' dir='ltr'><strong>sociis</strong></span> <span class='ocrx_word' id='word_1_131' title='bbox 1598 2031 1871 2084; x_wconf 83' lang='lat' dir='ltr'><strong>insomnis</strong></span> <span class='ocrx_word' id='word_1_132' title='bbox 1900 2046 2159 2100; x_wconf 85' lang='lat' dir='ltr'><strong>perman-</strong></span> 
     </span>
    </p>
   </div>
   <div class='ocr_carea' id='block_1_23' title="bbox 569 2125 2157 2195">
    <p class='ocr_par' dir='ltr' id='par_1_23' title="bbox 569 2125 2157 2195">
     <span class='ocr_line' id='line_1_23' title="bbox 569 2125 2157 2195; baseline -0.002 -13"><span class='ocrx_word' id='word_1_133' title='bbox 569 2129 663 2184; x_wconf 86' lang='lat' dir='ltr'><strong>sit.</strong></span> <span class='ocrx_word' id='word_1_134' title='bbox 688 2126 908 2183; x_wconf 83' lang='lat' dir='ltr'><strong>Nicetas</strong></span> <span class='ocrx_word' id='word_1_135' title='bbox 929 2141 1060 2179; x_wconf 84' lang='lat' dir='ltr'><strong>vero</strong></span> <span class='ocrx_word' id='word_1_136' title='bbox 1081 2141 1111 2179; x_wconf 87' lang='lat' dir='ltr'><strong>a</strong></span> <span class='ocrx_word' id='word_1_137' title='bbox 1136 2125 1383 2190; x_wconf 85' lang='lat' dir='ltr'><strong>secretis,</strong></span> <span class='ocrx_word' id='word_1_138' title='bbox 1405 2125 1497 2195; x_wconf 92' lang='lat' dir='ltr'><strong>qui</strong></span> <span class='ocrx_word' id='word_1_139' title='bbox 1529 2133 1714 2193; x_wconf 84' lang='lat' dir='ltr'><strong>postea</strong></span> <span class='ocrx_word' id='word_1_140' title='bbox 1746 2126 2157 2194; x_wconf 76' lang='lat' dir='ltr'><strong>protonutarius</strong></span> 
     </span>
    </p>
   </div>
   <div class='ocr_carea' id='block_1_24' title="bbox 568 2216 2158 2286">
    <p class='ocr_par' dir='ltr' id='par_1_24' title="bbox 568 2216 2158 2286">
     <span class='ocr_line' id='line_1_24' title="bbox 568 2216 2158 2286; baseline -0.003 -12"><span class='ocrx_word' id='word_1_141' title='bbox 568 2222 692 2284; x_wconf 79' lang='lat' dir='ltr'><strong>fuit,</strong></span> <span class='ocrx_word' id='word_1_142' title='bbox 725 2218 1077 2274; x_wconf 82' lang='lat' dir='ltr'><strong>Constantini</strong></span> <span class='ocrx_word' id='word_1_143' title='bbox 1116 2217 1410 2270; x_wconf 84' lang='lat' dir='ltr'><strong>adventum</strong></span> <span class='ocrx_word' id='word_1_144' title='bbox 1445 2216 1812 2271; x_wconf 84' lang='lat' dir='ltr'><strong>Constantino</strong></span> <span class='ocrx_word' id='word_1_145' title='bbox 1838 2217 2075 2286; x_wconf 84' lang='lat' dir='ltr'><strong>patricio</strong></span> <span class='ocrx_word' id='word_1_146' title='bbox 2103 2225 2158 2270; x_wconf 89' lang='lat' dir='ltr'><strong>et</strong></span> 
     </span>
    </p>
   </div>
   <div class='ocr_carea' id='block_1_25' title="bbox 567 2309 2158 2379">
    <p class='ocr_par' dir='ltr' id='par_1_25' title="bbox 567 2309 2158 2379">
     <span class='ocr_line' id='line_1_25' title="bbox 567 2309 2158 2379; baseline -0.003 -10"><span class='ocrx_word' id='word_1_147' title='bbox 567 2315 843 2369; x_wconf 81' lang='lat' dir='ltr'><strong>monacho</strong></span> <span class='ocrx_word' id='word_1_148' title='bbox 872 2311 1099 2365; x_wconf 88' lang='lat' dir='ltr'><strong>Eladico</strong></span> <span class='ocrx_word' id='word_1_149' title='bbox 1131 2309 1432 2376; x_wconf 82' lang='lat' dir='ltr'><strong>nuntiavit;</strong></span> <span class='ocrx_word' id='word_1_150' title='bbox 1465 2313 1739 2379; x_wconf 86' lang='lat' dir='ltr'><strong>amboque</strong></span> <span class='ocrx_word' id='word_1_151' title='bbox 1774 2310 1964 2364; x_wconf 85' lang='lat' dir='ltr'><strong>eadem</strong></span> <span class='ocrx_word' id='word_1_152' title='bbox 1998 2318 2158 2365; x_wconf 82' lang='lat' dir='ltr'><strong>nocte</strong></span> 
     </span>
    </p>
   </div>
   <div class='ocr_carea' id='block_1_26' title="bbox 568 2404 2157 2471">
    <p class='ocr_par' dir='ltr' id='par_1_26' title="bbox 568 2404 2157 2471">
     <span class='ocr_line' id='line_1_26' title="bbox 568 2404 2157 2471; baseline -0.003 -9"><span class='ocrx_word' id='word_1_153' title='bbox 568 2408 635 2462; x_wconf 87' lang='lat' dir='ltr'><strong>ad</strong></span> <span class='ocrx_word' id='word_1_154' title='bbox 661 2405 1086 2462; x_wconf 79' lang='lat' dir='ltr'><strong>Constantinum</strong></span> <span class='ocrx_word' id='word_1_155' title='bbox 1135 2404 1329 2457; x_wconf 83' lang='lat' dir='ltr'><strong>ducem</strong></span> <span class='ocrx_word' id='word_1_156' title='bbox 1372 2414 1762 2467; x_wconf 85' lang='lat' dir='ltr'><strong>accesserunt;</strong></span> <span class='ocrx_word' id='word_1_157' title='bbox 1794 2412 2157 2471; x_wconf 84' lang='lat' dir='ltr'><strong>consertoque</strong></span> 
     </span>
    </p>
   </div>
   <div class='ocr_carea' id='block_1_27' title="bbox 569 2490 2156 2561">
    <p class='ocr_par' dir='ltr' id='par_1_27' title="bbox 569 2490 2156 2561">
     <span class='ocr_line' id='line_1_27' title="bbox 569 2490 2156 2561; baseline -0.003 -9"><span class='ocrx_word' id='word_1_158' title='bbox 569 2498 821 2561; x_wconf 87' lang='lat' dir='ltr'><strong>consilio,</strong></span> <span class='ocrx_word' id='word_1_159' title='bbox 860 2510 985 2550; x_wconf 90' lang='lat' dir='ltr'><strong>cum</strong></span> <span class='ocrx_word' id='word_1_160' title='bbox 1019 2494 1254 2548; x_wconf 88' lang='lat' dir='ltr'><strong>necdum</strong></span> <span class='ocrx_word' id='word_1_161' title='bbox 1287 2494 1579 2558; x_wconf 83' lang='lat' dir='ltr'><strong>illuxisset,</strong></span> <span class='ocrx_word' id='word_1_162' title='bbox 1606 2510 1730 2548; x_wconf 89' lang='lat' dir='ltr'><strong>cum</strong></span> <span class='ocrx_word' id='word_1_163' title='bbox 1764 2494 1975 2548; x_wconf 84' lang='lat' dir='ltr'><strong>facibus</strong></span> <span class='ocrx_word' id='word_1_164' title='bbox 2009 2490 2156 2548; x_wconf 86' lang='lat' dir='ltr'><strong>utili-</strong></span> 
     </span>
    </p>
   </div>
   <div class='ocr_carea' id='block_1_28' title="bbox 569 2586 2153 2658">
    <p class='ocr_par' dir='ltr' id='par_1_28' title="bbox 569 2586 2153 2658">
     <span class='ocr_line' id='line_1_28' title="bbox 569 2586 2153 2658; baseline 0 -17"><span class='ocrx_word' id='word_1_165' title='bbox 569 2597 799 2658; x_wconf 88' lang='lat' dir='ltr'><strong>tumque</strong></span> <span class='ocrx_word' id='word_1_166' title='bbox 840 2604 949 2643; x_wconf 89' lang='lat' dir='ltr'><strong>non</strong></span> <span class='ocrx_word' id='word_1_167' title='bbox 983 2587 1087 2641; x_wconf 86' lang='lat' dir='ltr'><strong>levi</strong></span> <span class='ocrx_word' id='word_1_168' title='bbox 1121 2595 1331 2640; x_wconf 87' lang='lat' dir='ltr'><strong>armata</strong></span> <span class='ocrx_word' id='word_1_169' title='bbox 1377 2602 1543 2640; x_wconf 89' lang='lat' dir='ltr'><strong>manu</strong></span> <span class='ocrx_word' id='word_1_170' title='bbox 1577 2596 1628 2640; x_wconf 91' lang='lat' dir='ltr'><strong>et</strong></span> <span class='ocrx_word' id='word_1_171' title='bbox 1662 2587 1817 2641; x_wconf 86' lang='lat' dir='ltr'><strong>turba</strong></span> <span class='ocrx_word' id='word_1_172' title='bbox 1852 2586 1994 2643; x_wconf 80' lang='lat' dir='ltr'><strong>Circi</strong></span> <span class='ocrx_word' id='word_1_173' title='bbox 2028 2603 2153 2657; x_wconf 69' lang='lat' dir='ltr'><strong>por~</strong></span> 
     </span>
    </p>
   </div>
   <div class='ocr_carea' id='block_1_29' title="bbox 569 2677 2156 2749">
    <p class='ocr_par' dir='ltr' id='par_1_29' title="bbox 569 2677 2156 2749">
     <span class='ocr_line' id='line_1_29' title="bbox 569 2677 2156 2749; baseline -0.002 -12"><span class='ocrx_word' id='word_1_174' title='bbox 569 2691 679 2737; x_wconf 86' lang='lat' dir='ltr'><strong>tam</strong></span> <span class='ocrx_word' id='word_1_175' title='bbox 709 2688 1004 2749; x_wconf 85' lang='lat' dir='ltr'><strong>occupant,</strong></span> <span class='ocrx_word' id='word_1_176' title='bbox 1058 2694 1118 2734; x_wconf 87' lang='lat' dir='ltr'><strong>ac</strong></span> <span class='ocrx_word' id='word_1_177' title='bbox 1149 2677 1575 2734; x_wconf 87' lang='lat' dir='ltr'><strong>Constantinum</strong></span> <span class='ocrx_word' id='word_1_178' title='bbox 1630 2678 1826 2733; x_wconf 75' lang='lat' dir='ltr'><strong>faustis</strong></span> <span class='ocrx_word' id='word_1_179' title='bbox 1878 2681 2156 2735; x_wconf 83' lang='lat' dir='ltr'><strong>acclama—</strong></span> 
     </span>
    </p>
   </div>
   <div class='ocr_carea' id='block_1_30' title="bbox 571 2771 2154 2842">
    <p class='ocr_par' dir='ltr' id='par_1_30' title="bbox 571 2771 2154 2842">
     <span class='ocr_line' id='line_1_30' title="bbox 571 2771 2154 2842; baseline -0.001 -14"><span class='ocrx_word' id='word_1_180' title='bbox 571 2774 816 2828; x_wconf 85' lang='lat' dir='ltr'><strong>tionibus</strong></span> <span class='ocrx_word' id='word_1_181' title='bbox 866 2774 1255 2842; x_wconf 89' lang='lat' dir='ltr'><strong>imperatorem</strong></span> <span class='ocrx_word' id='word_1_182' title='bbox 1306 2773 1568 2825; x_wconf 88' lang='lat' dir='ltr'><strong>salutant.</strong></span> <span class='ocrx_word' id='word_1_183' title='bbox 1630 2771 1707 2826; x_wconf 89' lang='lat' dir='ltr'><strong>lbi</strong></span> <span class='ocrx_word' id='word_1_184' title='bbox 1744 2772 1865 2842; x_wconf 89' lang='lat' dir='ltr'><strong>ejus</strong></span> <span class='ocrx_word' id='word_1_185' title='bbox 1896 2773 2090 2842; x_wconf 89' lang='lat' dir='ltr'><strong>equiso</strong></span> <span class='ocrx_word' id='word_1_186' title='bbox 2124 2789 2154 2827; x_wconf 86' lang='lat' dir='ltr'><strong>a</strong></span> 
     </span>
    </p>
   </div>
   <div class='ocr_carea' id='block_1_31' title="bbox 568 2863 2153 2936">
    <p class='ocr_par' dir='ltr' id='par_1_31' title="bbox 568 2863 2153 2936">
     <span class='ocr_line' id='line_1_31' title="bbox 568 2863 2153 2936; baseline -0.001 -15"><span class='ocrx_word' id='word_1_187' title='bbox 568 2865 923 2936; x_wconf 72' lang='lat' dir='ltr'><strong>praesidiariis</strong></span> <span class='ocrx_word' id='word_1_188' title='bbox 979 2864 1163 2935; x_wconf 86' lang='lat' dir='ltr'><strong>iisque</strong></span> <span class='ocrx_word' id='word_1_189' title='bbox 1197 2863 1289 2933; x_wconf 89' lang='lat' dir='ltr'><strong>qui</strong></span> <span class='ocrx_word' id='word_1_190' title='bbox 1324 2863 1466 2917; x_wconf 85' lang='lat' dir='ltr'><strong>intra</strong></span> <span class='ocrx_word' id='word_1_191' title='bbox 1516 2872 1704 2932; x_wconf 81' lang='lat' dir='ltr'><strong>portas</strong></span> <span class='ocrx_word' id='word_1_192' title='bbox 1756 2874 1933 2925; x_wconf 75' lang='lat' dir='ltr'><strong>erant,</strong></span> <span class='ocrx_word' id='word_1_193' title='bbox 1964 2865 2153 2919; x_wconf 86' lang='lat' dir='ltr'><strong>lancea</strong></span> 
     </span>
    </p>
   </div>
   <div class='ocr_carea' id='block_1_32' title="bbox 570 2953 2153 3026">
    <p class='ocr_par' dir='ltr' id='par_1_32' title="bbox 570 2953 2153 3026">
     <span class='ocr_line' id='line_1_32' title="bbox 570 2953 2153 3026; baseline -0.001 -15"><span class='ocrx_word' id='word_1_194' title='bbox 570 2956 823 3011; x_wconf 79' lang='lat' dir='ltr'><strong>conﬁxus</strong></span> <span class='ocrx_word' id='word_1_195' title='bbox 858 2955 1085 3009; x_wconf 87' lang='lat' dir='ltr'><strong>interiit.</strong></span> <span class='ocrx_word' id='word_1_196' title='bbox 1136 2953 1293 3009; x_wconf 85' lang='lat' dir='ltr'><strong>Haud</strong></span> <span class='ocrx_word' id='word_1_197' title='bbox 1336 2955 1521 3024; x_wconf 78' lang='lat' dir='ltr'><strong>itaque</strong></span> <span class='ocrx_word' id='word_1_198' title='bbox 1564 2955 1677 3010; x_wconf 91' lang='lat' dir='ltr'><strong>illic</strong></span> <span class='ocrx_word' id='word_1_199' title='bbox 1720 2969 1976 3026; x_wconf 74' lang='lat' dir='ltr'><strong>receptus</strong></span> <span class='ocrx_word' id='word_1_200' title='bbox 2006 2957 2153 3010; x_wconf 85' lang='lat' dir='ltr'><strong>Con-</strong></span> 
     </span>
    </p>
   </div>
   <div class='ocr_carea' id='block_1_33' title="bbox 570 3044 2152 3114">
    <p class='ocr_par' dir='ltr' id='par_1_33' title="bbox 570 3044 2152 3114">
     <span class='ocr_line' id='line_1_33' title="bbox 570 3044 2152 3114; baseline -0.003 -13"><span class='ocrx_word' id='word_1_201' title='bbox 570 3047 873 3109; x_wconf 88' lang='lat' dir='ltr'><strong>stantinus,</strong></span> <span class='ocrx_word' id='word_1_202' title='bbox 910 3047 1004 3101; x_wconf 86' lang='lat' dir='ltr'><strong>sed</strong></span> <span class='ocrx_word' id='word_1_203' title='bbox 1056 3045 1334 3114; x_wconf 86' lang='lat' dir='ltr'><strong>repulsus,</strong></span> <span class='ocrx_word' id='word_1_204' title='bbox 1367 3046 1516 3098; x_wconf 89' lang='lat' dir='ltr'><strong>velut</strong></span> <span class='ocrx_word' id='word_1_205' title='bbox 1559 3045 1826 3099; x_wconf 59' lang='lat' dir='ltr'><strong>daemonis</strong></span> <span class='ocrx_word' id='word_1_206' title='bbox 1862 3044 2152 3112; x_wconf 72' lang='lat' dir='ltr'><strong>cujusdam</strong></span> 
     </span>
    </p>
   </div>
   <div class='ocr_carea' id='block_1_34' title="bbox 569 3136 2153 3205">
    <p class='ocr_par' dir='ltr' id='par_1_34' title="bbox 569 3136 2153 3205">
     <span class='ocr_line' id='line_1_34' title="bbox 569 3136 2153 3205; baseline -0.002 -12"><span class='ocrx_word' id='word_1_207' title='bbox 569 3138 751 3193; x_wconf 82' lang='lat' dir='ltr'><strong>aliiatu</strong></span> <span class='ocrx_word' id='word_1_208' title='bbox 801 3138 958 3191; x_wconf 82' lang='lat' dir='ltr'><strong>furiis</strong></span> <span class='ocrx_word' id='word_1_209' title='bbox 1012 3148 1191 3199; x_wconf 88' lang='lat' dir='ltr'><strong>actus,</strong></span> <span class='ocrx_word' id='word_1_210' title='bbox 1252 3150 1353 3191; x_wconf 88' lang='lat' dir='ltr'><strong>nec</strong></span> <span class='ocrx_word' id='word_1_211' title='bbox 1418 3152 1527 3204; x_wconf 78' lang='lat' dir='ltr'><strong>prae</strong></span> <span class='ocrx_word' id='word_1_212' title='bbox 1586 3136 1804 3205; x_wconf 86' lang='lat' dir='ltr'><strong>imperii</strong></span> <span class='ocrx_word' id='word_1_213' title='bbox 1856 3136 2153 3204; x_wconf 83' lang='lat' dir='ltr'><strong>cupiditate</strong></span> 
     </span>
    </p>
   </div>
   <div class='ocr_carea' id='block_1_35' title="bbox 570 3225 2153 3300">
    <p class='ocr_par' dir='ltr' id='par_1_35' title="bbox 570 3225 2153 3300">
     <span class='ocr_line' id='line_1_35' title="bbox 570 3225 2153 3300; baseline -0.004 -15"><span class='ocrx_word' id='word_1_214' title='bbox 570 3233 770 3285; x_wconf 87' lang='lat' dir='ltr'><strong>mentis</strong></span> <span class='ocrx_word' id='word_1_215' title='bbox 802 3229 966 3300; x_wconf 80' lang='lat'><strong>383</strong></span> <span class='ocrx_word' id='word_1_216' title='bbox 999 3230 1136 3283; x_wconf 88' lang='lat' dir='ltr'><strong>satis</strong></span> <span class='ocrx_word' id='word_1_217' title='bbox 1172 3242 1437 3297; x_wconf 61' lang='lat' dir='ltr'><strong>compos,</strong></span> <span class='ocrx_word' id='word_1_218' title='bbox 1496 3230 1548 3279; x_wconf 91' lang='lat' dir='ltr'><strong>in</strong></span> <span class='ocrx_word' id='word_1_219' title='bbox 1602 3228 1820 3281; x_wconf 84' lang='lat' dir='ltr'><strong>Circum</strong></span> <span class='ocrx_word' id='word_1_220' title='bbox 1871 3240 1930 3280; x_wconf 90' lang='lat' dir='ltr'><strong>se</strong></span> <span class='ocrx_word' id='word_1_221' title='bbox 1982 3225 2153 3279; x_wconf 81' lang='lat' dir='ltr'><strong>tristis</strong></span> 
     </span>
    </p>
   </div>
   <div class='ocr_carea' id='block_1_36' title="bbox 567 3320 2151 3394">
    <p class='ocr_par' dir='ltr' id='par_1_36' title="bbox 567 3320 2151 3394">
     <span class='ocr_line' id='line_1_36' title="bbox 567 3320 2151 3394; baseline -0.006 -15"><span class='ocrx_word' id='word_1_222' title='bbox 567 3326 830 3394; x_wconf 79' lang='lat' dir='ltr'><strong>vultuque</strong></span> <span class='ocrx_word' id='word_1_223' title='bbox 862 3321 1103 3378; x_wconf 88' lang='lat' dir='ltr'><strong>demisso</strong></span> <span class='ocrx_word' id='word_1_224' title='bbox 1137 3321 1414 3384; x_wconf 87' lang='lat' dir='ltr'><strong>subducit,</strong></span> <span class='ocrx_word' id='word_1_225' title='bbox 1445 3320 1649 3372; x_wconf 86' lang='lat' dir='ltr'><strong>malum</strong></span> <span class='ocrx_word' id='word_1_226' title='bbox 1684 3334 1845 3372; x_wconf 69' lang='lat' dir='ltr'><strong>omen</strong></span> <span class='ocrx_word' id='word_1_227' title='bbox 1878 3326 2151 3385; x_wconf 88' lang='lat' dir='ltr'><strong>reputans,</strong></span> 
     </span>
    </p>
   </div>
   <div class='ocr_carea' id='block_1_37' title="bbox 568 3408 2153 3486">
    <p class='ocr_par' dir='ltr' id='par_1_37' title="bbox 568 3408 2153 3486">
     <span class='ocr_line' id='line_1_37' title="bbox 568 3408 2153 3486; baseline -0.005 -18"><span class='ocrx_word' id='word_1_228' title='bbox 568 3416 713 3486; x_wconf 75' lang='lat' dir='ltr'><strong>quod</strong></span> <span class='ocrx_word' id='word_1_229' title='bbox 756 3413 1076 3482; x_wconf 88' lang='lat' dir='ltr'><strong>equisoncm</strong></span> <span class='ocrx_word' id='word_1_230' title='bbox 1123 3421 1379 3465; x_wconf 84' lang='lat' dir='ltr'><strong>necatum</strong></span> <span class='ocrx_word' id='word_1_231' title='bbox 1425 3410 1695 3463; x_wconf 87' lang='lat' dir='ltr'><strong>atniserit.</strong></span> <span class='ocrx_word' id='word_1_232' title='bbox 1746 3408 1898 3462; x_wconf 88' lang='lat' dir='ltr'><strong>llliuc</strong></span> <span class='ocrx_word' id='word_1_233' title='bbox 1943 3409 2153 3476; x_wconf 87' lang='lat' dir='ltr'><strong>itaque,</strong></span> 
     </span>
    </p>
   </div>
   <div class='ocr_carea' id='block_1_38' title="bbox 570 3497 2155 3570">
    <p class='ocr_par' dir='ltr' id='par_1_38' title="bbox 570 3497 2155 3570">
     <span class='ocr_line' id='line_1_38' title="bbox 570 3497 2155 3570; baseline -0.008 -9"><span class='ocrx_word' id='word_1_234' title='bbox 570 3505 766 3561; x_wconf 79' lang='lat' dir='ltr'><strong>faustis</strong></span> <span class='ocrx_word' id='word_1_235' title='bbox 790 3502 1278 3559; x_wconf 83' lang='lat' dir='ltr'><strong>acclamationibus</strong></span> <span class='ocrx_word' id='word_1_236' title='bbox 1304 3499 1785 3570; x_wconf 87' lang='lat' dir='ltr'><strong>prosequentibus,</strong></span> <span class='ocrx_word' id='word_1_237' title='bbox 1807 3499 1871 3551; x_wconf 91' lang='lat' dir='ltr'><strong>ad</strong></span> <span class='ocrx_word' id='word_1_238' title='bbox 1897 3497 2155 3552; x_wconf 87' lang='lat' dir='ltr'><strong>Chalccm</strong></span> 
     </span>
    </p>
   </div>
   <div class='ocr_carea' id='block_1_39' title="bbox 570 3588 2153 3668">
    <p class='ocr_par' dir='ltr' id='par_1_39' title="bbox 570 3588 2153 3668">
     <span class='ocr_line' id='line_1_39' title="bbox 570 3588 2153 3668; baseline -0.008 -15"><span class='ocrx_word' id='word_1_239' title='bbox 570 3612 752 3668; x_wconf 88' lang='lat' dir='ltr'><strong>usque</strong></span> <span class='ocrx_word' id='word_1_240' title='bbox 777 3596 960 3660; x_wconf 76' lang='lat' dir='ltr'><strong>venit;</strong></span> <span class='ocrx_word' id='word_1_241' title='bbox 997 3608 1200 3663; x_wconf 87' lang='lat' dir='ltr'><strong>perque</strong></span> <span class='ocrx_word' id='word_1_242' title='bbox 1227 3592 1473 3661; x_wconf 89' lang='lat' dir='ltr'><strong>ejusdem</strong></span> <span class='ocrx_word' id='word_1_243' title='bbox 1522 3591 1753 3645; x_wconf 73' lang='lat' dir='ltr'><strong>tlltalces</strong></span> <span class='ocrx_word' id='word_1_244' title='bbox 1791 3598 2006 3660; x_wconf 83' lang='lat' dir='ltr'><strong>portam</strong></span> <span class='ocrx_word' id='word_1_245' title='bbox 2043 3588 2153 3642; x_wconf 83' lang='lat' dir='ltr'><strong>ler-</strong></span> 
     </span>
    </p>
   </div>
   <div class='ocr_carea' id='block_1_40' title="bbox 570 3680 2156 3753">
    <p class='ocr_par' dir='ltr' id='par_1_40' title="bbox 570 3680 2156 3753">
     <span class='ocr_line' id='line_1_40' title="bbox 570 3680 2156 3753; baseline -0.009 -7"><span class='ocrx_word' id='word_1_246' title='bbox 570 3705 721 3746; x_wconf 88' lang='lat' dir='ltr'><strong>ream</strong></span> <span class='ocrx_word' id='word_1_247' title='bbox 770 3688 835 3742; x_wconf 87' lang='lat' dir='ltr'><strong>ad</strong></span> <span class='ocrx_word' id='word_1_248' title='bbox 866 3686 1249 3742; x_wconf 85' lang='lat' dir='ltr'><strong>excubitorum</strong></span> <span class='ocrx_word' id='word_1_249' title='bbox 1300 3698 1473 3753; x_wconf 86' lang='lat' dir='ltr'><strong>usque</strong></span> <span class='ocrx_word' id='word_1_250' title='bbox 1504 3684 1798 3738; x_wconf 87' lang='lat' dir='ltr'><strong>stationem</strong></span> <span class='ocrx_word' id='word_1_251' title='bbox 1829 3682 2028 3737; x_wconf 86' lang='lat' dir='ltr'><strong>evasit.</strong></span> <span class='ocrx_word' id='word_1_252' title='bbox 2067 3680 2156 3734; x_wconf 81' lang='lat' dir='ltr'><strong>ln-</strong></span> 
     </span>
    </p>
   </div>
   <div class='ocr_carea' id='block_1_41' title="bbox 571 3775 2156 3850">
    <p class='ocr_par' dir='ltr' id='par_1_41' title="bbox 571 3775 2156 3850">
     <span class='ocr_line' id='line_1_41' title="bbox 571 3775 2156 3850; baseline -0.006 -13"><span class='ocrx_word' id='word_1_253' title='bbox 571 3783 733 3838; x_wconf 85' lang='lat' dir='ltr'><strong>terim</strong></span> <span class='ocrx_word' id='word_1_254' title='bbox 789 3782 1052 3850; x_wconf 73' lang='lat' dir='ltr'><strong>magister</strong></span> <span class='ocrx_word' id='word_1_255' title='bbox 1096 3776 1339 3831; x_wconf 86' lang='lat' dir='ltr'><strong>Joannes</strong></span> <span class='ocrx_word' id='word_1_256' title='bbox 1390 3776 1609 3841; x_wconf 86' lang='lat' dir='ltr'><strong>Eladas,</strong></span> <span class='ocrx_word' id='word_1_257' title='bbox 1666 3793 1730 3829; x_wconf 81' lang='lat' dir='ltr'><strong>ex</strong></span> <span class='ocrx_word' id='word_1_258' title='bbox 1769 3775 2156 3830; x_wconf 84' lang='lat' dir='ltr'><strong>sodalitatibus</strong></span> 
     </span>
    </p>
   </div>
   <div class='ocr_carea' id='block_1_42' title="bbox 566 3868 2157 3943">
    <p class='ocr_par' dir='ltr' id='par_1_42' title="bbox 566 3868 2157 3943">
     <span class='ocr_line' id='line_1_42' title="bbox 566 3868 2157 3943; baseline -0.006 -12"><span class='ocrx_word' id='word_1_259' title='bbox 566 3874 982 3943; x_wconf 79' lang='lat' dir='ltr'><strong>classiariisque</strong></span> <span class='ocrx_word' id='word_1_260' title='bbox 1020 3870 1237 3927; x_wconf 89' lang='lat' dir='ltr'><strong>delectu</strong></span> <span class='ocrx_word' id='word_1_261' title='bbox 1283 3870 1493 3936; x_wconf 86' lang='lat' dir='ltr'><strong>habito,</strong></span> <span class='ocrx_word' id='word_1_262' title='bbox 1526 3871 1696 3923; x_wconf 89' lang='lat' dir='ltr'><strong>armis</strong></span> <span class='ocrx_word' id='word_1_263' title='bbox 1729 3870 2027 3923; x_wconf 88' lang='lat' dir='ltr'><strong>instructos</strong></span> <span class='ocrx_word' id='word_1_264' title='bbox 2057 3868 2157 3922; x_wconf 85' lang='lat' dir='ltr'><strong>ad-</strong></span> 
     </span>
    </p>
   </div>
   <div class='ocr_carea' id='block_1_43' title="bbox 571 3963 2157 4033">
    <p class='ocr_par' dir='ltr' id='par_1_43' title="bbox 571 3963 2157 4033">
     <span class='ocr_line' id='line_1_43' title="bbox 571 3963 2157 4033; baseline -0.004 -9"><span class='ocrx_word' id='word_1_265' title='bbox 571 3984 763 4024; x_wconf 83' lang='lat' dir='ltr'><strong>versus</strong></span> <span class='ocrx_word' id='word_1_266' title='bbox 794 3968 996 4022; x_wconf 88' lang='lat' dir='ltr'><strong>Ducem</strong></span> <span class='ocrx_word' id='word_1_267' title='bbox 1047 3965 1217 4019; x_wconf 91' lang='lat' dir='ltr'><strong>misit.</strong></span> <span class='ocrx_word' id='word_1_268' title='bbox 1278 3964 1357 4017; x_wconf 89' lang='lat' dir='ltr'><strong>Ad</strong></span> <span class='ocrx_word' id='word_1_269' title='bbox 1398 3963 1660 4018; x_wconf 83' lang='lat' dir='ltr'><strong>Cltalcem</strong></span> <span class='ocrx_word' id='word_1_270' title='bbox 1692 3978 1866 4033; x_wconf 90' lang='lat' dir='ltr'><strong>usque</strong></span> <span class='ocrx_word' id='word_1_271' title='bbox 1898 3977 2024 4017; x_wconf 88' lang='lat' dir='ltr'><strong>eum</strong></span> <span class='ocrx_word' id='word_1_272' title='bbox 2063 3978 2157 4018; x_wconf 86' lang='lat' dir='ltr'><strong>ve-</strong></span> 
     </span>
    </p>
   </div>
   <div class='ocr_carea' id='block_1_44' title="bbox 568 4057 2158 4128">
    <p class='ocr_par' dir='ltr' id='par_1_44' title="bbox 568 4057 2158 4128">
     <span class='ocr_line' id='line_1_44' title="bbox 568 4057 2158 4128; baseline -0.005 -13"><span class='ocrx_word' id='word_1_273' title='bbox 568 4062 801 4123; x_wconf 89' lang='lat' dir='ltr'><strong>nissent,</strong></span> <span class='ocrx_word' id='word_1_274' title='bbox 833 4068 1199 4128; x_wconf 88' lang='lat' dir='ltr'><strong>consertoque</strong></span> <span class='ocrx_word' id='word_1_275' title='bbox 1227 4058 1439 4126; x_wconf 74' lang='lat' dir='ltr'><strong>proelio,</strong></span> <span class='ocrx_word' id='word_1_276' title='bbox 1473 4057 1633 4110; x_wconf 87' lang='lat' dir='ltr'><strong>multi</strong></span> <span class='ocrx_word' id='word_1_277' title='bbox 1662 4057 1935 4126; x_wconf 84' lang='lat' dir='ltr'><strong>utrimque</strong></span> <span class='ocrx_word' id='word_1_278' title='bbox 1964 4057 2158 4127; x_wconf 78' lang='lat' dir='ltr'><strong>gladiis</strong></span> 
     </span>
    </p>
   </div>
   <div class='ocr_carea' id='block_1_45' title="bbox 568 4150 2157 4227">
    <p class='ocr_par' dir='ltr' id='par_1_45' title="bbox 568 4150 2157 4227">
     <span class='ocr_line' id='line_1_45' title="bbox 568 4150 2157 4227; baseline -0.007 -14"><span class='ocrx_word' id='word_1_279' title='bbox 568 4155 836 4227; x_wconf 82' lang='lat' dir='ltr'><strong>perempti</strong></span> <span class='ocrx_word' id='word_1_280' title='bbox 878 4154 1228 4219; x_wconf 87' lang='lat' dir='ltr'><strong>ceciderunt;</strong></span> <span class='ocrx_word' id='word_1_281' title='bbox 1277 4153 1581 4221; x_wconf 82' lang='lat' dir='ltr'><strong>ingensque</strong></span> <span class='ocrx_word' id='word_1_282' title='bbox 1629 4152 1766 4205; x_wconf 88' lang='lat' dir='ltr'><strong>adeo</strong></span> <span class='ocrx_word' id='word_1_283' title='bbox 1796 4161 2006 4220; x_wconf 82' lang='lat' dir='ltr'><strong>strages</strong></span> <span class='ocrx_word' id='word_1_284' title='bbox 2032 4150 2157 4215; x_wconf 80' lang='lat' dir='ltr'><strong>fuit,</strong></span> 
     </span>
    </p>
   </div>
   <div class='ocr_carea' id='block_1_46' title="bbox 570 4244 2156 4317">
    <p class='ocr_par' dir='ltr' id='par_1_46' title="bbox 570 4244 2156 4317">
     <span class='ocr_line' id='line_1_46' title="bbox 570 4244 2156 4317; baseline -0.006 -12"><span class='ocrx_word' id='word_1_285' title='bbox 570 4260 632 4306; x_wconf 90' lang='lat' dir='ltr'><strong>ut</strong></span> <span class='ocrx_word' id='word_1_286' title='bbox 676 4260 730 4305; x_wconf 88' lang='lat' dir='ltr'><strong>et</strong></span> <span class='ocrx_word' id='word_1_287' title='bbox 777 4247 1066 4317; x_wconf 82' lang='lat' dir='ltr'><strong>sanguinis</strong></span> <span class='ocrx_word' id='word_1_288' title='bbox 1135 4246 1239 4300; x_wconf 84' lang='lat' dir='ltr'><strong>rivi</strong></span> <span class='ocrx_word' id='word_1_289' title='bbox 1299 4246 1474 4301; x_wconf 88' lang='lat' dir='ltr'><strong>instar</strong></span> <span class='ocrx_word' id='word_1_290' title='bbox 1526 4244 1769 4298; x_wconf 84' lang='lat' dir='ltr'><strong>ﬂuminis</strong></span> <span class='ocrx_word' id='word_1_291' title='bbox 1821 4252 2156 4311; x_wconf 67' lang='lat' dir='ltr'><strong>stagnarent.</strong></span> 
     </span>
    </p>
   </div>
   <div class='ocr_carea' id='block_1_47' title="bbox 568 4326 2160 4410">
    <p class='ocr_par' dir='ltr' id='par_1_47' title="bbox 568 4326 2160 4410">
     <span class='ocr_line' id='line_1_47' title="bbox 568 4326 2160 4410; baseline -0.005 -10"><span class='ocrx_word' id='word_1_292' title='bbox 568 4343 802 4400; x_wconf 82' lang='lat' dir='ltr'><strong>Occisus</strong></span> <span class='ocrx_word' id='word_1_293' title='bbox 822 4351 906 4396; x_wconf 90' lang='lat' dir='ltr'><strong>est</strong></span> <span class='ocrx_word' id='word_1_294' title='bbox 934 4350 987 4394; x_wconf 89' lang='lat' dir='ltr'><strong>et</strong></span> <span class='ocrx_word' id='word_1_295' title='bbox 1009 4341 1284 4410; x_wconf 83' lang='lat' dir='ltr'><strong>Gregoras</strong></span> <span class='ocrx_word' id='word_1_296' title='bbox 1312 4340 1472 4393; x_wconf 87' lang='lat' dir='ltr'><strong>ducis</strong></span> <span class='ocrx_word' id='word_1_297' title='bbox 1526 4338 1669 4391; x_wconf 84' lang='lat' dir='ltr'><strong>ﬁlius</strong></span> <span class='ocrx_word' id='word_1_298' title='bbox 1710 4326 2012 4391; x_wconf 80' lang='lat' dir='ltr'><strong>etMichael</strong></span> <span class='ocrx_word' id='word_1_299' title='bbox 2042 4336 2160 4406; x_wconf 81' lang='lat' dir='ltr'><strong>ejus</strong></span> 
     </span>
    </p>
   </div>
   <div class='ocr_carea' id='block_1_48' title="bbox 570 4429 2161 4499">
    <p class='ocr_par' dir='ltr' id='par_1_48' title="bbox 570 4429 2161 4499">
     <span class='ocr_line' id='line_1_48' title="bbox 570 4429 2161 4499; baseline -0.004 -9"><span class='ocrx_word' id='word_1_300' title='bbox 570 4434 961 4497; x_wconf 85' lang='lat' dir='ltr'><strong>consobrinus,</strong></span> <span class='ocrx_word' id='word_1_301' title='bbox 1026 4446 1127 4485; x_wconf 89' lang='lat' dir='ltr'><strong>nec</strong></span> <span class='ocrx_word' id='word_1_302' title='bbox 1184 4446 1295 4484; x_wconf 83' lang='lat' dir='ltr'><strong>non</strong></span> <span class='ocrx_word' id='word_1_303' title='bbox 1344 4430 1596 4499; x_wconf 82' lang='lat' dir='ltr'><strong>Curtices</strong></span> <span class='ocrx_word' id='word_1_304' title='bbox 1661 4429 1976 4484; x_wconf 83' lang='lat' dir='ltr'><strong>Armenius.</strong></span> <span class='ocrx_word' id='word_1_305' title='bbox 2035 4429 2161 4483; x_wconf 75' lang='lat' dir='ltr'><strong>Haec</strong></span> 
     </span>
    </p>
   </div>
   <div class='ocr_carea' id='block_1_49' title="bbox 2265 553 3843 628">
    <p class='ocr_par' dir='ltr' id='par_1_49' title="bbox 2265 553 3843 628">
     <span class='ocr_line' id='line_1_49' title="bbox 2265 553 3843 628; baseline 0.005 -25"><span class='ocrx_word' id='word_1_306' title='bbox 2265 554 2569 623; x_wconf 75' lang='grc' dir='ltr'>ἐπιτροπὴν</span> <span class='ocrx_word' id='word_1_307' title='bbox 2610 553 2961 624; x_wconf 66' lang='grc' dir='ltr'>*Αλεξάνδρου</span> <span class='ocrx_word' id='word_1_308' title='bbox 3026 554 3178 624; x_wconf 81' lang='grc' dir='ltr'>αὐτῷ</span> <span class='ocrx_word' id='word_1_309' title='bbox 3224 554 3603 624; x_wconf 76' lang='grc' dir='ltr'><strong>ἐγκεχείριστο</strong></span> <span class='ocrx_word' id='word_1_310' title='bbox 3652 558 3720 610; x_wconf 80' lang='grc' dir='ltr'><strong>τὰ</strong></span> <span class='ocrx_word' id='word_1_311' title='bbox 3750 561 3843 628; x_wconf 71' lang='grc' dir='ltr'>τῆς</span> 
     </span>
    </p>
   </div>
   <div class='ocr_carea' id='block_1_50' title="bbox 2264 643 3843 719">
    <p class='ocr_par' dir='ltr' id='par_1_50' title="bbox 2264 643 3843 719">
     <span class='ocr_line' id='line_1_50' title="bbox 2264 643 3843 719; baseline 0.006 -24"><span class='ocrx_word' id='word_1_312' title='bbox 2264 643 2513 709; x_wconf 82' lang='grc' dir='ltr'>ἐξουσίας</span> <span class='ocrx_word' id='word_1_313' title='bbox 2568 648 2906 718; x_wconf 78' lang='grc' dir='ltr'>ἐπιτροπεῖν,</span> <span class='ocrx_word' id='word_1_314' title='bbox 2948 649 3305 718; x_wconf 79' lang='grc' dir='ltr'>Ἀρταϐἁσδῳ</span> <span class='ocrx_word' id='word_1_315' title='bbox 3355 649 3689 719; x_wconf 81' lang='grc' dir='ltr'>ἐγχειρίσας,</span> <span class='ocrx_word' id='word_1_316' title='bbox 3722 644 3843 719; x_wconf 75' lang='grc' dir='ltr'>ᾦτδ</span> 
     </span>
    </p>
   </div>
   <div class='ocr_carea' id='block_1_51' title="bbox 2267 735 3845 811">
    <p class='ocr_par' dir='ltr' id='par_1_51' title="bbox 2267 735 3845 811">
     <span class='ocr_line' id='line_1_51' title="bbox 2267 735 3845 811; baseline 0.007 -25"><span class='ocrx_word' id='word_1_317' title='bbox 2267 735 2569 805; x_wconf 79' lang='grc' dir='ltr'><strong>ἱερατεύειν</strong></span> <span class='ocrx_word' id='word_1_318' title='bbox 2603 741 2909 811; x_wconf 79' lang='grc' dir='ltr'>ἐνείργητο,</span> <span class='ocrx_word' id='word_1_319' title='bbox 2943 740 3296 804; x_wconf 79' lang='grc' dir='ltr'>ἐξαπέστειλε</span> <span class='ocrx_word' id='word_1_320' title='bbox 3330 740 3469 810; x_wconf 77' lang='grc' dir='ltr'>πρὸς</span> <span class='ocrx_word' id='word_1_321' title='bbox 3496 741 3586 793; x_wconf 69' lang='grc' dir='ltr'>τὸν</span> <span class='ocrx_word' id='word_1_322' title='bbox 3612 740 3701 793; x_wconf 76' lang='grc' dir='ltr'>τοῦ</span> <span class='ocrx_word' id='word_1_323' title='bbox 3739 744 3845 796; x_wconf 81' lang='grc' dir='ltr'>δον-</span> 
     </span>
    </p>
   </div>
   <div class='ocr_carea' id='block_1_52' title="bbox 2264 829 3840 904">
    <p class='ocr_par' dir='ltr' id='par_1_52' title="bbox 2264 829 3840 904">
     <span class='ocr_line' id='line_1_52' title="bbox 2264 829 3840 904; baseline 0.005 -22"><span class='ocrx_word' id='word_1_324' title='bbox 2264 829 2358 891; x_wconf 79' lang='grc' dir='ltr'><strong>κδς</strong></span> <span class='ocrx_word' id='word_1_325' title='bbox 2390 832 2822 895; x_wconf 81' lang='grc' dir='ltr'>Κωνσταντῖνον,</span> <span class='ocrx_word' id='word_1_326' title='bbox 2887 835 3407 904; x_wconf 70' lang='grc' dir='ltr'><strong>παρακελευόμενος</strong></span> <span class='ocrx_word' id='word_1_327' title='bbox 3448 833 3840 903; x_wconf 76' lang='grc' dir='ltr'><strong>εἰσεληλυθέναι</strong></span> 
     </span>
    </p>
   </div>
   <div class='ocr_carea' id='block_1_53' title="bbox 2261 923 3840 997">
    <p class='ocr_par' dir='ltr' id='par_1_53' title="bbox 2261 923 3840 997">
     <span class='ocr_line' id='line_1_53' title="bbox 2261 923 3840 997; baseline 0.004 -21"><span class='ocrx_word' id='word_1_328' title='bbox 2261 925 2325 993; x_wconf 80' lang='grc' dir='ltr'>τῇ</span> <span class='ocrx_word' id='word_1_329' title='bbox 2360 923 2704 993; x_wconf 78' lang='grc' dir='ltr'>βασιλίδι,ι.ἱ›ς</span> <span class='ocrx_word' id='word_1_330' title='bbox 2728 927 2826 995; x_wconf 80' lang='grc' dir='ltr'><strong>τῆς</strong></span> <span class='ocrx_word' id='word_1_331' title='bbox 2858 926 3133 995; x_wconf 82' lang='grc' dir='ltr'>βασιλείας</span> <span class='ocrx_word' id='word_1_332' title='bbox 3162 925 3487 995; x_wconf 78' lang='grc' dir='ltr'>ἐπιλάϐηται</span> <span class='ocrx_word' id='word_1_333' title='bbox 3513 944 3523 956; x_wconf 89' lang='grc'><strong>·</strong></span> <span class='ocrx_word' id='word_1_334' title='bbox 3550 927 3616 989; x_wconf 55' lang='grc' dir='ltr'>λός</span> <span class='ocrx_word' id='word_1_335' title='bbox 3642 927 3731 980; x_wconf 76' lang='grc' dir='ltr'>’διὰ</span> <span class='ocrx_word' id='word_1_336' title='bbox 3754 930 3840 997; x_wconf 72' lang='grc' dir='ltr'><strong>τὴν</strong></span> 
     </span>
    </p>
   </div>
   <div class='ocr_carea' id='block_1_54' title="bbox 2262 1014 3839 1088">
    <p class='ocr_par' dir='ltr' id='par_1_54' title="bbox 2262 1014 3839 1088">
     <span class='ocr_line' id='line_1_54' title="bbox 2262 1014 3839 1088; baseline 0.004 -23"><span class='ocrx_word' id='word_1_337' title='bbox 2262 1014 2353 1066; x_wconf 76' lang='grc' dir='ltr'>τοῦ</span> <span class='ocrx_word' id='word_1_338' title='bbox 2386 1016 2715 1085; x_wconf 79' lang='grc' dir='ltr'><strong>γράμματος</strong></span> <span class='ocrx_word' id='word_1_339' title='bbox 2761 1018 3193 1088; x_wconf 76' lang='grc' dir='ltr'>διαπορθμευσιν</span> <span class='ocrx_word' id='word_1_340' title='bbox 3245 1018 3345 1087; x_wconf 82' lang='grc' dir='ltr'><strong>τῆς</strong></span> <span class='ocrx_word' id='word_1_341' title='bbox 3373 1015 3725 1087; x_wconf 77' lang='grc' dir='ltr'>περιωνύμου</span> <span class='ocrx_word' id='word_1_342' title='bbox 3757 1019 3839 1071; x_wconf 86' lang='grc' dir='ltr'><strong>Σο-</strong></span> 
     </span>
    </p>
   </div>
   <div class='ocr_carea' id='block_1_55' title="bbox 2263 1105 3829 1181">
    <p class='ocr_par' dir='ltr' id='par_1_55' title="bbox 2263 1105 3829 1181">
     <span class='ocr_line' id='line_1_55' title="bbox 2263 1105 3829 1181; baseline 0.003 -22"><span class='ocrx_word' id='word_1_343' title='bbox 2263 1106 2389 1175; x_wconf 82' lang='grc' dir='ltr'>φίας</span> <span class='ocrx_word' id='word_1_344' title='bbox 2426 1109 2643 1179; x_wconf 79' lang='grc' dir='ltr'>πρῶτος</span> <span class='ocrx_word' id='word_1_345' title='bbox 2670 1110 2778 1163; x_wconf 84' lang='grc' dir='ltr'><strong>τῶν</strong></span> <span class='ocrx_word' id='word_1_346' title='bbox 2804 1111 3118 1181; x_wconf 78' lang='grc' dir='ltr'>ἱερωμένων</span> <span class='ocrx_word' id='word_1_347' title='bbox 3143 1112 3512 1181; x_wconf 84' lang='grc' dir='ltr'>κεκλήρωται.</span> <span class='ocrx_word' id='word_1_348' title='bbox 3548 1105 3715 1173; x_wconf 74' lang='grc' dir='ltr'>Οὗτος</span> <span class='ocrx_word' id='word_1_349' title='bbox 3740 1113 3829 1181; x_wconf 79' lang='grc' dir='ltr'>γὰρ</span> 
     </span>
    </p>
   </div>
   <div class='ocr_carea' id='block_1_56' title="bbox 2261 1202 3835 1274">
    <p class='ocr_par' dir='ltr' id='par_1_56' title="bbox 2261 1202 3835 1274">
     <span class='ocr_line' id='line_1_56' title="bbox 2261 1202 3835 1274; baseline 0.009 -23"><span class='ocrx_word' id='word_1_350' title='bbox 2261 1203 2545 1271; x_wconf 85' lang='grc' dir='ltr'>γεννήτωρ</span> <span class='ocrx_word' id='word_1_351' title='bbox 2610 1203 2865 1274; x_wconf 73' lang='grc' dir='ltr'>Ἀνδρέου</span> <span class='ocrx_word' id='word_1_352' title='bbox 2904 1205 2997 1256; x_wconf 75' lang='grc' dir='ltr'><strong>τοῦ</strong></span> <span class='ocrx_word' id='word_1_353' title='bbox 3032 1206 3089 1256; x_wconf 80' lang='grc' dir='ltr'><strong>ἐν</strong></span> <span class='ocrx_word' id='word_1_354' title='bbox 3135 1205 3351 1273; x_wconf 81' lang='grc' dir='ltr'>χρόνοις</span> <span class='ocrx_word' id='word_1_355' title='bbox 3405 1207 3518 1265; x_wconf 87' lang='grc' dir='ltr'>τοῖς</span> <span class='ocrx_word' id='word_1_356' title='bbox 3558 1202 3679 1257; x_wconf 83' lang='grc' dir='ltr'>καθ’</span> <span class='ocrx_word' id='word_1_357' title='bbox 3711 1205 3835 1272; x_wconf 69' lang='grc' dir='ltr'>ἡμᾶς</span> 
     </span>
    </p>
   </div>
   <div class='ocr_carea' id='block_1_57' title="bbox 2261 1293 3840 1366">
    <p class='ocr_par' dir='ltr' id='par_1_57' title="bbox 2261 1293 3840 1366">
     <span class='ocr_line' id='line_1_57' title="bbox 2261 1293 3840 1366; baseline 0.001 -22"><span class='ocrx_word' id='word_1_358' title='bbox 2261 1294 2361 1360; x_wconf 80' lang='grc' dir='ltr'><strong>τὴν</strong></span> <span class='ocrx_word' id='word_1_359' title='bbox 2393 1293 2754 1364; x_wconf 69' lang='grc' dir='ltr'>ζωγραιρικὴν</span> <span class='ocrx_word' id='word_1_360' title='bbox 2786 1296 2985 1366; x_wconf 84' lang='grc' dir='ltr'>τέχνην</span> <span class='ocrx_word' id='word_1_361' title='bbox 3017 1299 3096 1359; x_wconf 85' lang='grc' dir='ltr'>εἰς</span> <span class='ocrx_word' id='word_1_362' title='bbox 3145 1299 3313 1365; x_wconf 82' lang='grc' dir='ltr'>ἄκρον</span> <span class='ocrx_word' id='word_1_363' title='bbox 3346 1295 3667 1357; x_wconf 73' lang='grc' dir='ltr'><strong>ἐλάσαντος,</strong></span> <span class='ocrx_word' id='word_1_364' title='bbox 3710 1295 3840 1363; x_wconf 76' lang='grc' dir='ltr'>ἤπερ</span> 
     </span>
    </p>
   </div>
   <div class='ocr_carea' id='block_1_58' title="bbox 2274 1380 3839 1456">
    <p class='ocr_par' dir='ltr' id='par_1_58' title="bbox 2274 1380 3839 1456">
     <span class='ocr_line' id='line_1_58' title="bbox 2274 1380 3839 1456; baseline 0.001 -23"><span class='ocrx_word' id='word_1_365' title='bbox 2274 1380 2537 1451; x_wconf 75' lang='grc' dir='ltr'><strong>’Ἀπελλῆς</strong></span> <span class='ocrx_word' id='word_1_366' title='bbox 2575 1384 2667 1436; x_wconf 70' lang='grc' dir='ltr'><strong>καὶ</strong></span> <span class='ocrx_word' id='word_1_367' title='bbox 2713 1384 3052 1453; x_wconf 78' lang='grc' dir='ltr'>Ἀγάθαρχος</span> <span class='ocrx_word' id='word_1_368' title='bbox 3095 1385 3454 1456; x_wconf 73' lang='grc' dir='ltr'>Ἡρακλείδης</span> <span class='ocrx_word' id='word_1_369' title='bbox 3511 1401 3568 1437; x_wconf 89' lang='grc' dir='ltr'><strong>τε</strong></span> <span class='ocrx_word' id='word_1_370' title='bbox 3597 1384 3690 1436; x_wconf 72' lang='grc' dir='ltr'><strong>καὶ</strong></span> <span class='ocrx_word' id='word_1_371' title='bbox 3726 1382 3839 1436; x_wconf 81' lang='grc' dir='ltr'>Φίλ-</span> 
     </span>
    </p>
   </div>
   <div class='ocr_carea' id='block_1_59' title="bbox 2259 1480 3191 1553">
    <p class='ocr_par' dir='ltr' id='par_1_59' title="bbox 2259 1480 3191 1553">
     <span class='ocr_line' id='line_1_59' title="bbox 2259 1480 3191 1553; baseline 0.005 -23"><span class='ocrx_word' id='word_1_372' title='bbox 2259 1495 2400 1542; x_wconf 86' lang='grc' dir='ltr'>οινος</span> <span class='ocrx_word' id='word_1_373' title='bbox 2429 1483 2473 1532; x_wconf 80' lang='grc' dir='ltr'>οξ</span> <span class='ocrx_word' id='word_1_374' title='bbox 2502 1480 2806 1545; x_wconf 75' lang='grc' dir='ltr'><strong>Βυζάντιοι,</strong></span> <span class='ocrx_word' id='word_1_375' title='bbox 2845 1484 3191 1553; x_wconf 76' lang='grc' dir='ltr'><strong>καθεστήκει.</strong></span> 
     </span>
    </p>
   </div>
   <div class='ocr_carea' id='block_1_60' title="bbox 2333 1569 3841 1646">
    <p class='ocr_par' dir='ltr' id='par_1_60' title="bbox 2333 1569 3841 1646">
     <span class='ocr_line' id='line_1_60' title="bbox 2333 1569 3841 1646; baseline -0.001 -22"><span class='ocrx_word' id='word_1_376' title='bbox 2333 1569 2400 1638; x_wconf 82' lang='grc' dir='ltr'>γ’.</span> <span class='ocrx_word' id='word_1_377' title='bbox 2451 1572 2506 1625; x_wconf 84' lang='lat'><strong>&#39;0</strong></span> <span class='ocrx_word' id='word_1_378' title='bbox 2538 1573 2612 1635; x_wconf 82' lang='grc' dir='ltr'><strong>δὲ,</strong></span> <span class='ocrx_word' id='word_1_379' title='bbox 2650 1573 2743 1626; x_wconf 74' lang='grc' dir='ltr'><strong>ἅτε</strong></span> <span class='ocrx_word' id='word_1_380' title='bbox 2774 1577 2867 1627; x_wconf 77' lang='grc' dir='ltr'><strong>καὶ</strong></span> <span class='ocrx_word' id='word_1_381' title='bbox 2894 1576 3159 1645; x_wconf 84' lang='grc' dir='ltr'>πρότερον</span> <span class='ocrx_word' id='word_1_382' title='bbox 3184 1574 3354 1646; x_wconf 74' lang='grc' dir='ltr'>αὐτὴν</span> <span class='ocrx_word' id='word_1_383' title='bbox 3376 1573 3734 1646; x_wconf 76' lang='grc' dir='ltr'>ὀνειροπολῶν</span> <span class='ocrx_word' id='word_1_384' title='bbox 3757 1572 3841 1627; x_wconf 70' lang='grc' dir='ltr'>καὶ</span> 
     </span>
    </p>
   </div>
   <div class='ocr_carea' id='block_1_61' title="bbox 2260 1663 3841 1739">
    <p class='ocr_par' dir='ltr' id='par_1_61' title="bbox 2260 1663 3841 1739">
     <span class='ocr_line' id='line_1_61' title="bbox 2260 1663 3841 1739; baseline 0.001 -24"><span class='ocrx_word' id='word_1_385' title='bbox 2260 1663 2355 1716; x_wconf 77' lang='grc' dir='ltr'>τοῦ</span> <span class='ocrx_word' id='word_1_386' title='bbox 2378 1665 2609 1734; x_wconf 76' lang='grc' dir='ltr'>στέφους</span> <span class='ocrx_word' id='word_1_387' title='bbox 2637 1667 2723 1719; x_wconf 72' lang='grc' dir='ltr'><strong>ἀεὶ</strong></span> <span class='ocrx_word' id='word_1_388' title='bbox 2750 1668 3060 1737; x_wconf 77' lang='grc' dir='ltr'>ἐφιέμενος,</span> <span class='ocrx_word' id='word_1_389' title='bbox 3104 1669 3178 1731; x_wconf 83' lang='grc' dir='ltr'>ὡς</span> <span class='ocrx_word' id='word_1_390' title='bbox 3214 1666 3327 1739; x_wconf 74' lang='grc' dir='ltr'>εἶχε</span> <span class='ocrx_word' id='word_1_391' title='bbox 3374 1669 3536 1737; x_wconf 80' lang='grc' dir='ltr'>τάχος</span> <span class='ocrx_word' id='word_1_392' title='bbox 3564 1667 3659 1738; x_wconf 86' lang='grc' dir='ltr'><strong>τὴν</strong></span> <span class='ocrx_word' id='word_1_393' title='bbox 3702 1667 3841 1736; x_wconf 81' lang='grc' dir='ltr'>βασι-</span> 
     </span>
    </p>
   </div>
   <div class='ocr_carea' id='block_1_62' title="bbox 2262 1756 3843 1831">
    <p class='ocr_par' dir='ltr' id='par_1_62' title="bbox 2262 1756 3843 1831">
     <span class='ocr_line' id='line_1_62' title="bbox 2262 1756 3843 1831; baseline 0.003 -24"><span class='ocrx_word' id='word_1_394' title='bbox 2262 1756 2527 1811; x_wconf 84' lang='grc' dir='ltr'>λεύουσαν</span> <span class='ocrx_word' id='word_1_395' title='bbox 2573 1761 2874 1813; x_wconf 85' lang='grc' dir='ltr'>κατέλαϐεν</span> <span class='ocrx_word' id='word_1_396' title='bbox 2905 1762 3019 1828; x_wconf 73' lang='grc' dir='ltr'><strong>ἅμα</strong></span> <span class='ocrx_word' id='word_1_397' title='bbox 3072 1766 3183 1825; x_wconf 83' lang='grc' dir='ltr'>τοῖς</span> <span class='ocrx_word' id='word_1_398' title='bbox 3217 1765 3315 1814; x_wconf 73' lang='grc' dir='ltr'><strong>σὺν</strong></span> <span class='ocrx_word' id='word_1_399' title='bbox 3365 1761 3516 1831; x_wconf 76' lang='grc' dir='ltr'>αὐτῷ</span> <span class='ocrx_word' id='word_1_400' title='bbox 3553 1761 3659 1813; x_wconf 76' lang='grc' dir='ltr'><strong>τῶν</strong></span> <span class='ocrx_word' id='word_1_401' title='bbox 3692 1779 3843 1830; x_wconf 74' lang='grc' dir='ltr'>στρα-</span> 
     </span>
    </p>
   </div>
   <div class='ocr_carea' id='block_1_63' title="bbox 2263 1848 3849 1920">
    <p class='ocr_par' dir='ltr' id='par_1_63' title="bbox 2263 1848 3849 1920">
     <span class='ocr_line' id='line_1_63' title="bbox 2263 1848 3849 1920; baseline 0.003 -21"><span class='ocrx_word' id='word_1_402' title='bbox 2263 1848 2847 1920; x_wconf 77' lang='grc' dir='ltr'>τευμάτωνὲγκρίτοις</span> <span class='ocrx_word' id='word_1_403' title='bbox 2874 1852 2941 1913; x_wconf 69' lang='grc'>³³,</span> <span class='ocrx_word' id='word_1_404' title='bbox 2978 1854 3182 1915; x_wconf 84' lang='grc' dir='ltr'>ἱκανοῖς</span> <span class='ocrx_word' id='word_1_405' title='bbox 3214 1852 3353 1907; x_wconf 73' lang='grc' dir='ltr'>οὖσι.</span> <span class='ocrx_word' id='word_1_406' title='bbox 3407 1853 3520 1905; x_wconf 71' lang='grc' dir='ltr'>Καὶ</span> <span class='ocrx_word' id='word_1_407' title='bbox 3551 1850 3738 1914; x_wconf 53' lang='lat' dir='ltr'><strong>venit;</strong></span> <span class='ocrx_word' id='word_1_408' title='bbox 3773 1850 3849 1903; x_wconf 62' lang='grc' dir='ltr'><strong>διὰ</strong></span> 
     </span>
    </p>
   </div>
   <div class='ocr_carea' id='block_1_64' title="bbox 2263 1942 3845 2016">
    <p class='ocr_par' dir='ltr' id='par_1_64' title="bbox 2263 1942 3845 2016">
     <span class='ocr_line' id='line_1_64' title="bbox 2263 1942 3845 2016; baseline 0.001 -23"><span class='ocrx_word' id='word_1_409' title='bbox 2263 1942 2637 2012; x_wconf 82' lang='grc' dir='ltr'>παραπυλίδος</span> <span class='ocrx_word' id='word_1_410' title='bbox 2658 1944 2918 1997; x_wconf 75' lang='grc' dir='ltr'>εἰσελθὼν</span> <span class='ocrx_word' id='word_1_411' title='bbox 2952 1946 3046 1997; x_wconf 75' lang='grc' dir='ltr'>τοῦ</span> <span class='ocrx_word' id='word_1_412' title='bbox 3071 1946 3359 2016; x_wconf 83' lang='grc' dir='ltr'>πρωτοϐεσ</span> <span class='ocrx_word' id='word_1_413' title='bbox 3385 1963 3469 1997; x_wconf 90' lang='grc' dir='ltr'><strong>τια</strong></span> <span class='ocrx_word' id='word_1_414' title='bbox 3482 1944 3594 2015; x_wconf 82' lang='grc' dir='ltr'>ρίου</span> <span class='ocrx_word' id='word_1_415' title='bbox 3623 1944 3845 2013; x_wconf 60' lang='grc' dir='ltr'>Μιχαὴλ,</span> 
     </span>
    </p>
   </div>
   <div class='ocr_carea' id='block_1_65' title="bbox 2261 2031 3846 2110">
    <p class='ocr_par' dir='ltr' id='par_1_65' title="bbox 2261 2031 3846 2110">
     <span class='ocr_line' id='line_1_65' title="bbox 2261 2031 3846 2110; baseline 0.001 -25"><span class='ocrx_word' id='word_1_416' title='bbox 2261 2031 2428 2103; x_wconf 74' lang='grc' dir='ltr'>οὔσης</span> <span class='ocrx_word' id='word_1_417' title='bbox 2460 2036 2685 2107; x_wconf 77' lang='grc' dir='ltr'>πλησίον</span> <span class='ocrx_word' id='word_1_418' title='bbox 2715 2039 3090 2110; x_wconf 84' lang='grc' dir='ltr'>ἀκροπόλεως,</span> <span class='ocrx_word' id='word_1_419' title='bbox 3124 2042 3181 2092; x_wconf 88' lang='grc' dir='ltr'><strong>ἐν</strong></span> <span class='ocrx_word' id='word_1_420' title='bbox 3205 2039 3281 2109; x_wconf 82' lang='grc' dir='ltr'>τῷ</span> <span class='ocrx_word' id='word_1_421' title='bbox 3310 2039 3464 2107; x_wconf 62' lang='grc' dir='ltr'>οἴκῳ</span> <span class='ocrx_word' id='word_1_422' title='bbox 3486 2039 3575 2091; x_wconf 73' lang='grc' dir='ltr'>τοῦ</span> <span class='ocrx_word' id='word_1_423' title='bbox 3605 2037 3846 2109; x_wconf 74' lang='grc' dir='ltr'>πενθεροῦ</span> 
     </span>
    </p>
   </div>
   <div class='ocr_carea' id='block_1_66' title="bbox 2262 2128 3847 2201">
    <p class='ocr_par' dir='ltr' id='par_1_66' title="bbox 2262 2128 3847 2201">
     <span class='ocr_line' id='line_1_66' title="bbox 2262 2128 3847 2201; baseline 0.001 -22"><span class='ocrx_word' id='word_1_424' title='bbox 2262 2128 2427 2180; x_wconf 77' lang='grc' dir='ltr'>αὐτοῦ</span> <span class='ocrx_word' id='word_1_425' title='bbox 2453 2129 2708 2199; x_wconf 82' lang='grc' dir='ltr'>Γρηγορᾶ</span> <span class='ocrx_word' id='word_1_426' title='bbox 2734 2132 2934 2195; x_wconf 58' lang='lat' dir='ltr'><strong>eam;</strong></span> <span class='ocrx_word' id='word_1_427' title='bbox 2977 2132 3115 2201; x_wconf 78' lang='grc' dir='ltr'>μετὰ</span> <span class='ocrx_word' id='word_1_428' title='bbox 3142 2131 3249 2185; x_wconf 77' lang='grc' dir='ltr'><strong>τῶν</strong></span> <span class='ocrx_word' id='word_1_429' title='bbox 3285 2133 3570 2185; x_wconf 66' lang='grc' dir='ltr'>συνόντων</span> <span class='ocrx_word' id='word_1_430' title='bbox 3599 2130 3739 2199; x_wconf 76' lang='grc' dir='ltr'>αὐτῷ</span> <span class='ocrx_word' id='word_1_431' title='bbox 3779 2130 3847 2182; x_wconf 78' lang='grc' dir='ltr'>δι·-</span> 
     </span>
    </p>
   </div>
   <div class='ocr_carea' id='block_1_67' title="bbox 2269 2220 3848 2294">
    <p class='ocr_par' dir='ltr' id='par_1_67' title="bbox 2269 2220 3848 2294">
     <span class='ocr_line' id='line_1_67' title="bbox 2269 2220 3848 2294; baseline 0.003 -24"><span class='ocrx_word' id='word_1_432' title='bbox 2269 2220 2539 2275; x_wconf 86' lang='grc' dir='ltr'>ετέλεσεν.</span> <span class='ocrx_word' id='word_1_433' title='bbox 2572 2223 2819 2291; x_wconf 72' lang='grc' dir='ltr'>Νικήτας</span> <span class='ocrx_word' id='word_1_434' title='bbox 2843 2223 2897 2276; x_wconf 79' lang='grc' dir='ltr'><strong>δὲ</strong></span> <span class='ocrx_word' id='word_1_435' title='bbox 2929 2224 3255 2294; x_wconf 77' lang='grc' dir='ltr'>ἀσηκρῆτις.</span> <span class='ocrx_word' id='word_1_436' title='bbox 3282 2226 3307 2275; x_wconf 80' lang='grc' dir='ltr'>ὁ</span> <span class='ocrx_word' id='word_1_437' title='bbox 3330 2225 3483 2293; x_wconf 85' lang='grc' dir='ltr'><strong>μετὰ</strong></span> <span class='ocrx_word' id='word_1_438' title='bbox 3510 2223 3677 2277; x_wconf 74' lang='grc' dir='ltr'>ταῦτα</span> <span class='ocrx_word' id='word_1_439' title='bbox 3715 2240 3848 2293; x_wconf 84' lang='grc' dir='ltr'>πρω-</span> 
     </span>
    </p>
   </div>
   <div class='ocr_carea' id='block_1_68' title="bbox 2259 2312 3845 2387">
    <p class='ocr_par' dir='ltr' id='par_1_68' title="bbox 2259 2312 3845 2387">
     <span class='ocr_line' id='line_1_68' title="bbox 2259 2312 3845 2387; baseline -0.001 -22"><span class='ocrx_word' id='word_1_440' title='bbox 2259 2314 2570 2383; x_wconf 81' lang='grc' dir='ltr'>τονοτάριος</span> <span class='ocrx_word' id='word_1_441' title='bbox 2628 2315 2892 2383; x_wconf 82' lang='grc' dir='ltr'>γεγονὼς,</span> <span class='ocrx_word' id='word_1_442' title='bbox 2942 2316 3040 2387; x_wconf 81' lang='grc' dir='ltr'><strong>τὴν</strong></span> <span class='ocrx_word' id='word_1_443' title='bbox 3084 2318 3513 2369; x_wconf 77' lang='grc' dir='ltr'>Κωνστανττὶνου</span> <span class='ocrx_word' id='word_1_444' title='bbox 3574 2316 3746 2383; x_wconf 65' lang='grc' dir='ltr'>ἄφιξιν</span> <span class='ocrx_word' id='word_1_445' title='bbox 3778 2312 3845 2384; x_wconf 80' lang='grc' dir='ltr'><strong>τῷ</strong></span> 
     </span>
    </p>
   </div>
   <div class='ocr_carea' id='block_1_69' title="bbox 2262 2403 3844 2478">
    <p class='ocr_par' dir='ltr' id='par_1_69' title="bbox 2262 2403 3844 2478">
     <span class='ocr_line' id='line_1_69' title="bbox 2262 2403 3844 2478; baseline 0 -21"><span class='ocrx_word' id='word_1_446' title='bbox 2262 2406 2539 2476; x_wconf 82' lang='grc' dir='ltr'>πατρικίῳ</span> <span class='ocrx_word' id='word_1_447' title='bbox 2603 2408 3129 2477; x_wconf 75' lang='grc' dir='ltr'>Κωνσταντίνῳκαὶ</span> <span class='ocrx_word' id='word_1_448' title='bbox 3186 2409 3421 2478; x_wconf 83' lang='grc' dir='ltr'>μοναχῷ</span> <span class='ocrx_word' id='word_1_449' title='bbox 3462 2407 3542 2478; x_wconf 85' lang='grc' dir='ltr'>τῷ</span> <span class='ocrx_word' id='word_1_450' title='bbox 3604 2403 3844 2476; x_wconf 77' lang='grc' dir='ltr'>Ἑλαδικῷ</span> 
     </span>
    </p>
   </div>
   <div class='ocr_carea' id='block_1_70' title="bbox 2260 2497 3843 2571">
    <p class='ocr_par' dir='ltr' id='par_1_70' title="bbox 2260 2497 3843 2571">
     <span class='ocr_line' id='line_1_70' title="bbox 2260 2497 3843 2571; baseline 0 -22"><span class='ocrx_word' id='word_1_451' title='bbox 2260 2498 2677 2568; x_wconf 73' lang='grc' dir='ltr'>κατεμήνυσενο</span> <span class='ocrx_word' id='word_1_452' title='bbox 2729 2502 2822 2551; x_wconf 83' lang='grc' dir='ltr'><strong>καὶ</strong></span> <span class='ocrx_word' id='word_1_453' title='bbox 2874 2498 3042 2569; x_wconf 58' lang='grc' dir='ltr'>ἄμφω</span> <span class='ocrx_word' id='word_1_454' title='bbox 3077 2503 3142 2571; x_wconf 76' lang='grc' dir='ltr'>τῇ</span> <span class='ocrx_word' id='word_1_455' title='bbox 3206 2500 3344 2570; x_wconf 77' lang='grc' dir='ltr'>αὐτῇ</span> <span class='ocrx_word' id='word_1_456' title='bbox 3397 2500 3555 2553; x_wconf 76' lang='grc' dir='ltr'>νυκτὶ</span> <span class='ocrx_word' id='word_1_457' title='bbox 3603 2498 3730 2569; x_wconf 75' lang='grc' dir='ltr'>πρὸς</span> <span class='ocrx_word' id='word_1_458' title='bbox 3763 2497 3843 2549; x_wconf 72' lang='grc' dir='ltr'><strong>τὸν</strong></span> 
     </span>
    </p>
   </div>
   <div class='ocr_carea' id='block_1_71' title="bbox 2258 2588 3839 2662">
    <p class='ocr_par' dir='ltr' id='par_1_71' title="bbox 2258 2588 3839 2662">
     <span class='ocr_line' id='line_1_71' title="bbox 2258 2588 3839 2662; baseline -0.001 -20"><span class='ocrx_word' id='word_1_459' title='bbox 2258 2588 2425 2643; x_wconf 78' lang='grc' dir='ltr'>δοῦκα</span> <span class='ocrx_word' id='word_1_460' title='bbox 2467 2590 2878 2645; x_wconf 80' lang='grc' dir='ltr'>Κωνσταντίνον</span> <span class='ocrx_word' id='word_1_461' title='bbox 2914 2592 3300 2662; x_wconf 77' lang='grc' dir='ltr'>παρεγένοντο,</span> <span class='ocrx_word' id='word_1_462' title='bbox 3328 2594 3435 2644; x_wconf 71' lang='grc' dir='ltr'><strong>καὶ</strong></span> <span class='ocrx_word' id='word_1_463' title='bbox 3472 2591 3665 2661; x_wconf 80' lang='grc' dir='ltr'>βουλὴν</span> <span class='ocrx_word' id='word_1_464' title='bbox 3696 2606 3839 2657; x_wconf 85' lang='grc' dir='ltr'>ποιη-</span> 
     </span>
    </p>
   </div>
   <div class='ocr_carea' id='block_1_72' title="bbox 2261 2682 3838 2757">
    <p class='ocr_par' dir='ltr' id='par_1_72' title="bbox 2261 2682 3838 2757">
     <span class='ocr_line' id='line_1_72' title="bbox 2261 2682 3838 2757; baseline 0 -22"><span class='ocrx_word' id='word_1_465' title='bbox 2261 2684 2483 2753; x_wconf 79' lang='grc' dir='ltr'>σάμενοι</span> <span class='ocrx_word' id='word_1_466' title='bbox 2507 2682 2694 2736; x_wconf 68' lang='grc' dir='ltr'>ὀὔπω</span> <span class='ocrx_word' id='word_1_467' title='bbox 2723 2684 2821 2753; x_wconf 77' lang='grc' dir='ltr'>τῆς</span> <span class='ocrx_word' id='word_1_468' title='bbox 2854 2687 3071 2757; x_wconf 84' lang='grc' dir='ltr'>ἡμέρας</span> <span class='ocrx_word' id='word_1_469' title='bbox 3099 2685 3529 2753; x_wconf 83' lang='grc' dir='ltr'>καταλαϐούσης</span> <span class='ocrx_word' id='word_1_470' title='bbox 3552 2684 3689 2755; x_wconf 72' lang='grc' dir='ltr'>μετὰ</span> <span class='ocrx_word' id='word_1_471' title='bbox 3721 2683 3838 2751; x_wconf 82' lang='grc' dir='ltr'>λαμ-</span> 
     </span>
    </p>
   </div>
   <div class='ocr_carea' id='block_1_73' title="bbox 2259 2776 3827 2851">
    <p class='ocr_par' dir='ltr' id='par_1_73' title="bbox 2259 2776 3827 2851">
     <span class='ocr_line' id='line_1_73' title="bbox 2259 2776 3827 2851; baseline -0.001 -22"><span class='ocrx_word' id='word_1_472' title='bbox 2259 2777 2443 2830; x_wconf 74' lang='grc' dir='ltr'>πάδων</span> <span class='ocrx_word' id='word_1_473' title='bbox 2484 2780 2576 2830; x_wconf 72' lang='grc' dir='ltr'><strong>καὶ</strong></span> <span class='ocrx_word' id='word_1_474' title='bbox 2616 2777 2746 2831; x_wconf 75' lang='grc' dir='ltr'>λαοῦ</span> <span class='ocrx_word' id='word_1_475' title='bbox 2777 2778 2972 2832; x_wconf 80' lang='grc' dir='ltr'>πολλοῦ</span> <span class='ocrx_word' id='word_1_476' title='bbox 3006 2779 3100 2832; x_wconf 76' lang='grc' dir='ltr'><strong>καὶ</strong></span> <span class='ocrx_word' id='word_1_477' title='bbox 3134 2779 3293 2848; x_wconf 76' lang='grc' dir='ltr'>ὄχλου</span> <span class='ocrx_word' id='word_1_478' title='bbox 3334 2779 3442 2851; x_wconf 79' lang='grc' dir='ltr'><strong>τὴν</strong></span> <span class='ocrx_word' id='word_1_479' title='bbox 3475 2778 3567 2831; x_wconf 74' lang='grc' dir='ltr'>τοῦ</span> <span class='ocrx_word' id='word_1_480' title='bbox 3599 2776 3827 2846; x_wconf 72' lang='grc' dir='ltr'>ἱπποδρό-</span> 
     </span>
    </p>
   </div>
   <div class='ocr_carea' id='block_1_74' title="bbox 2261 2866 3824 2941">
    <p class='ocr_par' dir='ltr' id='par_1_74' title="bbox 2261 2866 3824 2941">
     <span class='ocr_line' id='line_1_74' title="bbox 2261 2866 3824 2941; baseline -0.003 -20"><span class='ocrx_word' id='word_1_481' title='bbox 2261 2887 2363 2941; x_wconf 91' lang='grc' dir='ltr'><strong>μου</strong></span> <span class='ocrx_word' id='word_1_482' title='bbox 2404 2869 2579 2940; x_wconf 80' lang='grc' dir='ltr'>πύλην</span> <span class='ocrx_word' id='word_1_483' title='bbox 2628 2869 3177 2940; x_wconf 83' lang='grc' dir='ltr'>καταλαμϐάνουσιν,</span> <span class='ocrx_word' id='word_1_484' title='bbox 3212 2871 3635 2921; x_wconf 82' lang='grc' dir='ltr'>Κωνσταντίνον</span> <span class='ocrx_word' id='word_1_485' title='bbox 3686 2866 3824 2931; x_wconf 69' lang='grc' dir='ltr'>εὐφη-</span> 
     </span>
    </p>
   </div>
   <div class='ocr_carea' id='block_1_75' title="bbox 2262 2956 3830 3032">
    <p class='ocr_par' dir='ltr' id='par_1_75' title="bbox 2262 2956 3830 3032">
     <span class='ocr_line' id='line_1_75' title="bbox 2262 2956 3830 3032; baseline -0.004 -18"><span class='ocrx_word' id='word_1_486' title='bbox 2262 2961 2492 3032; x_wconf 72' lang='grc' dir='ltr'>μοῦντες</span> <span class='ocrx_word' id='word_1_487' title='bbox 2546 2962 2621 3024; x_wconf 83' lang='grc' dir='ltr'>ὡς</span> <span class='ocrx_word' id='word_1_488' title='bbox 2652 2962 2878 3032; x_wconf 64' lang='grc' dir='ltr'>βασιλέα</span> <span class='ocrx_word' id='word_1_489' title='bbox 2905 2980 2917 2993; x_wconf 85' lang='grc'><strong>·</strong></span> <span class='ocrx_word' id='word_1_490' title='bbox 2952 2962 3081 3015; x_wconf 79' lang='grc' dir='ltr'>ἔνθα</span> <span class='ocrx_word' id='word_1_491' title='bbox 3138 2961 3199 3030; x_wconf 84' lang='grc' dir='ltr'><strong>δὴ</strong></span> <span class='ocrx_word' id='word_1_492' title='bbox 3234 2964 3261 3013; x_wconf 80' lang='grc' dir='ltr'>ὁ</span> <span class='ocrx_word' id='word_1_493' title='bbox 3292 2960 3488 3013; x_wconf 82' lang='grc' dir='ltr'>τούτου</span> <span class='ocrx_word' id='word_1_494' title='bbox 3550 2956 3830 3025; x_wconf 78' lang='grc' dir='ltr'>ἱπποκόμος</span> 
     </span>
    </p>
   </div>
   <div class='ocr_carea' id='block_1_76' title="bbox 2257 3053 3832 3126">
    <p class='ocr_par' dir='ltr' id='par_1_76' title="bbox 2257 3053 3832 3126">
     <span class='ocr_line' id='line_1_76' title="bbox 2257 3053 3832 3126; baseline -0.005 -19"><span class='ocrx_word' id='word_1_495' title='bbox 2257 3056 2574 3126; x_wconf 66' lang='grc' dir='ltr'>λογχευθεὶς</span> <span class='ocrx_word' id='word_1_496' title='bbox 2624 3054 2777 3124; x_wconf 77' lang='grc' dir='ltr'>παρὰ</span> <span class='ocrx_word' id='word_1_497' title='bbox 2810 3056 2916 3108; x_wconf 81' lang='grc' dir='ltr'><strong>τῶν</strong></span> <span class='ocrx_word' id='word_1_498' title='bbox 2943 3056 3094 3117; x_wconf 82' lang='grc' dir='ltr'>ἐντὸς</span> <span class='ocrx_word' id='word_1_499' title='bbox 3116 3054 3223 3106; x_wconf 79' lang='grc' dir='ltr'><strong>τῶν</strong></span> <span class='ocrx_word' id='word_1_500' title='bbox 3251 3053 3343 3106; x_wconf 70' lang='grc' dir='ltr'>τοῦ</span> <span class='ocrx_word' id='word_1_501' title='bbox 3376 3054 3713 3124; x_wconf 71' lang='grc' dir='ltr'>ἱπποδρόμου</span> <span class='ocrx_word' id='word_1_502' title='bbox 3743 3066 3832 3100; x_wconf 81' lang='grc' dir='ltr'>πυο</span> 
     </span>
    </p>
   </div>
   <div class='ocr_carea' id='block_1_77' title="bbox 2183 3143 3829 3221">
    <p class='ocr_par' dir='ltr' id='par_1_77' title="bbox 2183 3143 3829 3221">
     <span class='ocr_line' id='line_1_77' title="bbox 2183 3143 3829 3221; baseline -0.005 -23"><span class='ocrx_word' id='word_1_503' title='bbox 2183 3169 2222 3221; x_wconf 74' lang='lat' dir='ltr'>C</span> <span class='ocrx_word' id='word_1_504' title='bbox 2257 3147 2365 3201; x_wconf 76' lang='grc' dir='ltr'><strong>λῶν</strong></span> <span class='ocrx_word' id='word_1_505' title='bbox 2396 3147 2657 3217; x_wconf 71' lang='grc' dir='ltr'>ἀνῃρέθη.</span> <span class='ocrx_word' id='word_1_506' title='bbox 2676 3146 2767 3215; x_wconf 82' lang='grc' dir='ltr'><strong>Μὴ</strong></span> <span class='ocrx_word' id='word_1_507' title='bbox 2786 3146 2997 3216; x_wconf 81' lang='grc' dir='ltr'>δεχθεὶς</span> <span class='ocrx_word' id='word_1_508' title='bbox 3027 3146 3120 3198; x_wconf 80' lang='grc' dir='ltr'><strong>οὖν</strong></span> <span class='ocrx_word' id='word_1_509' title='bbox 3151 3146 3329 3197; x_wconf 76' lang='grc' dir='ltr'>ἐκεῖσε</span> <span class='ocrx_word' id='word_1_510' title='bbox 3356 3145 3383 3196; x_wconf 86' lang='grc' dir='ltr'>ὁ</span> <span class='ocrx_word' id='word_1_511' title='bbox 3418 3143 3829 3202; x_wconf 84' lang='grc' dir='ltr'>Κωνσταντῑνος,</span> 
     </span>
    </p>
   </div>
   <div class='ocr_carea' id='block_1_78' title="bbox 2261 3234 3835 3305">
    <p class='ocr_par' dir='ltr' id='par_1_78' title="bbox 2261 3234 3835 3305">
     <span class='ocr_line' id='line_1_78' title="bbox 2261 3234 3835 3305; baseline 0.001 -16"><span class='ocrx_word' id='word_1_512' title='bbox 2261 3237 2377 3290; x_wconf 74' lang='grc' dir='ltr'>ἀλλ’</span> <span class='ocrx_word' id='word_1_513' title='bbox 2409 3237 2797 3304; x_wconf 78' lang='grc' dir='ltr'>ἁποσοϐηθεὶς,</span> <span class='ocrx_word' id='word_1_514' title='bbox 2829 3236 3020 3304; x_wconf 81' lang='grc' dir='ltr'>ὥσπερ</span> <span class='ocrx_word' id='word_1_515' title='bbox 3048 3237 3153 3289; x_wconf 78' lang='grc' dir='ltr'><strong>ὑπό</strong></span> <span class='ocrx_word' id='word_1_516' title='bbox 3179 3253 3326 3298; x_wconf 82' lang='grc' dir='ltr'>τινος</span> <span class='ocrx_word' id='word_1_517' title='bbox 3377 3234 3835 3305; x_wconf 77' lang='grc' dir='ltr'>ἐκϐακχευόμενος</span> 
     </span>
    </p>
   </div>
   <div class='ocr_carea' id='block_1_79' title="bbox 2260 3318 3839 3396">
    <p class='ocr_par' dir='ltr' id='par_1_79' title="bbox 2260 3318 3839 3396">
     <span class='ocr_line' id='line_1_79' title="bbox 2260 3318 3839 3396; baseline -0.005 -17"><span class='ocrx_word' id='word_1_518' title='bbox 2260 3326 2515 3392; x_wconf 83' lang='grc' dir='ltr'>δαίμονος</span> <span class='ocrx_word' id='word_1_519' title='bbox 2551 3325 2645 3377; x_wconf 73' lang='grc' dir='ltr'><strong>καὶ</strong></span> <span class='ocrx_word' id='word_1_520' title='bbox 2688 3325 2762 3394; x_wconf 84' lang='grc' dir='ltr'>μὴ</span> <span class='ocrx_word' id='word_1_521' title='bbox 2796 3328 3142 3396; x_wconf 64' lang='grc' dir='ltr'>ἐφεστηκότα</span> <span class='ocrx_word' id='word_1_522' title='bbox 3174 3327 3313 3395; x_wconf 75' lang='grc' dir='ltr'>ἔχων</span> <span class='ocrx_word' id='word_1_523' title='bbox 3339 3327 3429 3377; x_wconf 78' lang='grc' dir='ltr'><strong>τὸν</strong></span> <span class='ocrx_word' id='word_1_524' title='bbox 3464 3325 3723 3393; x_wconf 78' lang='grc' dir='ltr'>λογισμὸν</span> <span class='ocrx_word' id='word_1_525' title='bbox 3769 3318 3839 3387; x_wconf 83' lang='grc' dir='ltr'>τῷ</span> 
     </span>
    </p>
   </div>
   <div class='ocr_carea' id='block_1_80' title="bbox 2259 3414 3841 3487">
    <p class='ocr_par' dir='ltr' id='par_1_80' title="bbox 2259 3414 3841 3487">
     <span class='ocr_line' id='line_1_80' title="bbox 2259 3414 3841 3487; baseline -0.014 -4"><span class='ocrx_word' id='word_1_526' title='bbox 2259 3414 2357 3482; x_wconf 72' lang='grc' dir='ltr'><strong>τῆς</strong></span> <span class='ocrx_word' id='word_1_527' title='bbox 2393 3414 2673 3482; x_wconf 65' lang='grc' dir='ltr'>βασιλείας</span> <span class='ocrx_word' id='word_1_528' title='bbox 2704 3417 2884 3485; x_wconf 78' lang='grc' dir='ltr'>ἔρωτι,</span> <span class='ocrx_word' id='word_1_529' title='bbox 2916 3417 2973 3470; x_wconf 85' lang='grc' dir='ltr'><strong>ἐν</strong></span> <span class='ocrx_word' id='word_1_530' title='bbox 3008 3417 3085 3487; x_wconf 76' lang='grc' dir='ltr'>τῷ</span> <span class='ocrx_word' id='word_1_531' title='bbox 3125 3416 3472 3487; x_wconf 76' lang='grc' dir='ltr'>ἱπποδρομίῳ</span> <span class='ocrx_word' id='word_1_532' title='bbox 3496 3415 3841 3484; x_wconf 73' lang='grc' dir='ltr'>ὑπεχώρησεν</span> 
     </span>
    </p>
   </div>
   <div class='ocr_carea' id='block_1_81' title="bbox 2262 3500 3845 3577">
    <p class='ocr_par' dir='ltr' id='par_1_81' title="bbox 2262 3500 3845 3577">
     <span class='ocr_line' id='line_1_81' title="bbox 2262 3500 3845 3577; baseline -0.003 -22"><span class='ocrx_word' id='word_1_533' title='bbox 2262 3504 2490 3571; x_wconf 85' lang='grc' dir='ltr'>στυγνός</span> <span class='ocrx_word' id='word_1_534' title='bbox 2527 3521 2586 3555; x_wconf 84' lang='grc' dir='ltr'><strong>τε</strong></span> <span class='ocrx_word' id='word_1_535' title='bbox 2622 3505 2716 3557; x_wconf 70' lang='grc' dir='ltr'><strong>καὶ</strong></span> <span class='ocrx_word' id='word_1_536' title='bbox 2746 3506 3022 3577; x_wconf 71' lang='grc' dir='ltr'>κατηφὴῖ,</span> <span class='ocrx_word' id='word_1_537' title='bbox 3084 3507 3254 3560; x_wconf 70' lang='grc' dir='ltr'>κακὸν</span> <span class='ocrx_word' id='word_1_538' title='bbox 3281 3506 3473 3559; x_wconf 74' lang='grc' dir='ltr'>οἰωνὸν</span> <span class='ocrx_word' id='word_1_539' title='bbox 3517 3504 3615 3573; x_wconf 69' lang='grc' dir='ltr'><strong>τὴν</strong></span> <span class='ocrx_word' id='word_1_540' title='bbox 3641 3500 3845 3554; x_wconf 65' lang='lat'><strong>1:061:-</strong></span> 
     </span>
    </p>
   </div>
   <div class='ocr_carea' id='block_1_82' title="bbox 2260 3593 3847 3666">
    <p class='ocr_par' dir='ltr' id='par_1_82' title="bbox 2260 3593 3847 3666">
     <span class='ocr_line' id='line_1_82' title="bbox 2260 3593 3847 3666; baseline -0.003 -19"><span class='ocrx_word' id='word_1_541' title='bbox 2260 3597 2503 3666; x_wconf 87' lang='grc' dir='ltr'>ποκόμου</span> <span class='ocrx_word' id='word_1_542' title='bbox 2524 3597 2715 3666; x_wconf 81' lang='grc' dir='ltr'>κρίνας</span> <span class='ocrx_word' id='word_1_543' title='bbox 2743 3599 2983 3666; x_wconf 77' lang='grc' dir='ltr'>σφαγήν.</span> <span class='ocrx_word' id='word_1_544' title='bbox 3031 3598 3269 3650; x_wconf 82' lang='grc' dir='ltr'>Ἐκεῖθεν</span> <span class='ocrx_word' id='word_1_545' title='bbox 3304 3594 3397 3651; x_wconf 78' lang='grc' dir='ltr'><strong>οὖν</strong></span> <span class='ocrx_word' id='word_1_546' title='bbox 3435 3593 3847 3661; x_wconf 62' lang='grc' dir='ltr'>εὐφημούμενος</span> 
     </span>
    </p>
   </div>
   <div class='ocr_carea' id='block_1_83' title="bbox 2258 3679 3849 3755">
    <p class='ocr_par' dir='ltr' id='par_1_83' title="bbox 2258 3679 3849 3755">
     <span class='ocr_line' id='line_1_83' title="bbox 2258 3679 3849 3755; baseline 0.006 -20"><span class='ocrx_word' id='word_1_547' title='bbox 2258 3679 2425 3754; x_wconf 80' lang='grc' dir='ltr'>ἦλθεν</span> <span class='ocrx_word' id='word_1_548' title='bbox 2460 3685 2621 3755; x_wconf 81' lang='grc' dir='ltr'>μέχρι</span> <span class='ocrx_word' id='word_1_549' title='bbox 2645 3687 2741 3753; x_wconf 81' lang='grc' dir='ltr'>τῆς</span> <span class='ocrx_word' id='word_1_550' title='bbox 2772 3688 3014 3755; x_wconf 76' lang='grc' dir='ltr'>Χαλκῆς·,</span> <span class='ocrx_word' id='word_1_551' title='bbox 3049 3686 3143 3739; x_wconf 75' lang='grc' dir='ltr'>καὶ</span> <span class='ocrx_word' id='word_1_552' title='bbox 3172 3687 3259 3738; x_wconf 73' lang='grc' dir='ltr'>διὰ</span> <span class='ocrx_word' id='word_1_553' title='bbox 3297 3687 3394 3755; x_wconf 80' lang='grc' dir='ltr'>τῆς</span> <span class='ocrx_word' id='word_1_554' title='bbox 3452 3684 3686 3751; x_wconf 73' lang='grc' dir='ltr'>Σιδηρᾶς</span> <span class='ocrx_word' id='word_1_555' title='bbox 3716 3682 3849 3748; x_wconf 71' lang='grc' dir='ltr'>πάρ-</span> 
     </span>
    </p>
   </div>
   <div class='ocr_carea' id='block_1_84' title="bbox 2258 3773 3851 3849">
    <p class='ocr_par' dir='ltr' id='par_1_84' title="bbox 2258 3773 3851 3849">
     <span class='ocr_line' id='line_1_84' title="bbox 2258 3773 3851 3849; baseline -0.01 -10"><span class='ocrx_word' id='word_1_556' title='bbox 2258 3793 2358 3846; x_wconf 76' lang='grc' dir='ltr'><strong>της</strong></span> <span class='ocrx_word' id='word_1_557' title='bbox 2397 3777 2493 3846; x_wconf 74' lang='grc' dir='ltr'><strong>’τῆς</strong></span> <span class='ocrx_word' id='word_1_558' title='bbox 2519 3779 2688 3849; x_wconf 78' lang='grc' dir='ltr'>αὐτῆς</span> <span class='ocrx_word' id='word_1_559' title='bbox 2709 3778 2928 3847; x_wconf 79' lang='grc' dir='ltr'>Χαλκῆς</span> <span class='ocrx_word' id='word_1_560' title='bbox 2966 3776 3350 3847; x_wconf 76' lang='grc' dir='ltr'>είσεληλυθὼς,</span> <span class='ocrx_word' id='word_1_561' title='bbox 3391 3776 3556 3847; x_wconf 80' lang='grc' dir='ltr'>μέχρι</span> <span class='ocrx_word' id='word_1_562' title='bbox 3587 3773 3686 3826; x_wconf 78' lang='grc' dir='ltr'>τῶν</span> <span class='ocrx_word' id='word_1_563' title='bbox 3738 3773 3851 3838; x_wconf 76' lang='grc' dir='ltr'><strong>Ἐξ-</strong></span> 
     </span>
    </p>
   </div>
   <div class='ocr_carea' id='block_1_85' title="bbox 2262 3865 3848 3941">
    <p class='ocr_par' dir='ltr' id='par_1_85' title="bbox 2262 3865 3848 3941">
     <span class='ocr_line' id='line_1_85' title="bbox 2262 3865 3848 3941; baseline 0.005 -21"><span class='ocrx_word' id='word_1_564' title='bbox 2262 3871 2531 3923; x_wconf 82' lang='grc' dir='ltr'>κουϐίτων</span> <span class='ocrx_word' id='word_1_565' title='bbox 2580 3873 2935 3941; x_wconf 83' lang='grc' dir='ltr'>παρεγένετο.</span> <span class='ocrx_word' id='word_1_566' title='bbox 2982 3873 3041 3925; x_wconf 90' lang='lat'><strong>&#39;0</strong></span> <span class='ocrx_word' id='word_1_567' title='bbox 3068 3867 3158 3924; x_wconf 73' lang='grc' dir='ltr'>οὖν</span> <span class='ocrx_word' id='word_1_568' title='bbox 3205 3871 3508 3939; x_wconf 74' lang='grc' dir='ltr'>μάγιστρος</span> <span class='ocrx_word' id='word_1_569' title='bbox 3553 3865 3848 3934; x_wconf 79' lang='grc' dir='ltr'>Ἰωάννηςό</span> 
     </span>
    </p>
   </div>
   <div class='ocr_carea' id='block_1_86' title="bbox 2273 3959 3847 4035">
    <p class='ocr_par' dir='ltr' id='par_1_86' title="bbox 2273 3959 3847 4035">
     <span class='ocr_line' id='line_1_86' title="bbox 2273 3959 3847 4035; baseline -0.006 -18"><span class='ocrx_word' id='word_1_570' title='bbox 2273 3964 2499 4026; x_wconf 78' lang='grc' dir='ltr'>Ἑλαδᾶς</span> <span class='ocrx_word' id='word_1_571' title='bbox 2533 3964 2762 4035; x_wconf 78' lang='grc' dir='ltr'>ἐκλογὴν</span> <span class='ocrx_word' id='word_1_572' title='bbox 2793 3964 2904 4016; x_wconf 81' lang='grc' dir='ltr'>τῶν</span> <span class='ocrx_word' id='word_1_573' title='bbox 2946 3981 3004 4016; x_wconf 84' lang='grc' dir='ltr'><strong>τε</strong></span> <span class='ocrx_word' id='word_1_574' title='bbox 3034 3965 3133 4033; x_wconf 75' lang='grc' dir='ltr'>τῆς</span> <span class='ocrx_word' id='word_1_575' title='bbox 3163 3963 3442 4032; x_wconf 69' lang='grc' dir='ltr'>ἑταιρείας</span> <span class='ocrx_word' id='word_1_576' title='bbox 3473 3962 3564 4013; x_wconf 81' lang='grc' dir='ltr'><strong>καὶ</strong></span> <span class='ocrx_word' id='word_1_577' title='bbox 3594 3960 3703 4012; x_wconf 76' lang='grc' dir='ltr'><strong>τῶν</strong></span> <span class='ocrx_word' id='word_1_578' title='bbox 3731 3959 3847 4009; x_wconf 61' lang='lat' dir='ltr'><strong>iia—</strong></span> 
     </span>
    </p>
   </div>
   <div class='ocr_carea' id='block_1_87' title="bbox 2261 4050 3844 4126">
    <p class='ocr_par' dir='ltr' id='par_1_87' title="bbox 2261 4050 3844 4126">
     <span class='ocr_line' id='line_1_87' title="bbox 2261 4050 3844 4126; baseline -0.006 -19"><span class='ocrx_word' id='word_1_579' title='bbox 2261 4054 2369 4107; x_wconf 76' lang='grc' dir='ltr'>τῶν</span> <span class='ocrx_word' id='word_1_580' title='bbox 2431 4057 2799 4125; x_wconf 68' lang='grc' dir='ltr'>ποιησάμενος</span> <span class='ocrx_word' id='word_1_581' title='bbox 2847 4057 2964 4126; x_wconf 85' lang='grc' dir='ltr'>μεθ’</span> <span class='ocrx_word' id='word_1_582' title='bbox 3007 4056 3188 4109; x_wconf 85' lang='grc' dir='ltr'>ὅπλων</span> <span class='ocrx_word' id='word_1_583' title='bbox 3250 4056 3477 4116; x_wconf 84' lang='grc' dir='ltr'>τούτους</span> <span class='ocrx_word' id='word_1_584' title='bbox 3534 4050 3844 4105; x_wconf 77' lang='grc' dir='ltr'>ἀπέστειλεν</span> 
     </span>
    </p>
   </div>
   <div class='ocr_carea' id='block_1_88' title="bbox 2262 4142 3838 4216">
    <p class='ocr_par' dir='ltr' id='par_1_88' title="bbox 2262 4142 3838 4216">
     <span class='ocr_line' id='line_1_88' title="bbox 2262 4142 3838 4216; baseline 0.001 -17"><span class='ocrx_word' id='word_1_585' title='bbox 2262 4146 2404 4200; x_wconf 82' lang='grc' dir='ltr'>κατὰ</span> <span class='ocrx_word' id='word_1_586' title='bbox 2434 4148 2528 4201; x_wconf 74' lang='grc' dir='ltr'>τοῦ</span> <span class='ocrx_word' id='word_1_587' title='bbox 2570 4149 2781 4211; x_wconf 86' lang='grc' dir='ltr'>δουκός.</span> <span class='ocrx_word' id='word_1_588' title='bbox 2824 4149 3120 4201; x_wconf 79' lang='grc' dir='ltr'>Ἐλθόντων</span> <span class='ocrx_word' id='word_1_589' title='bbox 3153 4146 3245 4199; x_wconf 73' lang='grc' dir='ltr'><strong>οὖν</strong></span> <span class='ocrx_word' id='word_1_590' title='bbox 3279 4147 3441 4216; x_wconf 83' lang='grc' dir='ltr'>μέχρι</span> <span class='ocrx_word' id='word_1_591' title='bbox 3477 4146 3576 4213; x_wconf 73' lang='grc' dir='ltr'>τῆς</span> <span class='ocrx_word' id='word_1_592' title='bbox 3612 4142 3838 4209; x_wconf 73' lang='grc' dir='ltr'>Χαλκῆς.</span> 
     </span>
    </p>
   </div>
   <div class='ocr_carea' id='block_1_89' title="bbox 2264 4237 3913 4310">
    <p class='ocr_par' dir='ltr' id='par_1_89' title="bbox 2264 4237 3913 4310">
     <span class='ocr_line' id='line_1_89' title="bbox 2264 4237 3913 4310; baseline -0.005 -18"><span class='ocrx_word' id='word_1_593' title='bbox 2264 4242 2360 4293; x_wconf 76' lang='grc' dir='ltr'><strong>καὶ</strong></span> <span class='ocrx_word' id='word_1_594' title='bbox 2385 4240 2620 4310; x_wconf 82' lang='grc' dir='ltr'>πολέμου</span> <span class='ocrx_word' id='word_1_595' title='bbox 2655 4241 2968 4305; x_wconf 78' lang='grc' dir='ltr'>συστάντος,</span> <span class='ocrx_word' id='word_1_596' title='bbox 2998 4241 3185 4293; x_wconf 70' lang='grc' dir='ltr'>πολλοὶ</span> <span class='ocrx_word' id='word_1_597' title='bbox 3213 4238 3271 4306; x_wconf 79' lang='grc' dir='ltr'><strong>ἐξ</strong></span> <span class='ocrx_word' id='word_1_598' title='bbox 3302 4239 3512 4309; x_wconf 61' lang='grc' dir='ltr'>ἁμαξοτέ</span> <span class='ocrx_word' id='word_1_599' title='bbox 3524 4256 3631 4308; x_wconf 84' lang='grc' dir='ltr'><strong>ρων</strong></span> <span class='ocrx_word' id='word_1_600' title='bbox 3658 4237 3841 4288; x_wconf 77' lang='grc' dir='ltr'>ἔπεσον</span> <span class='ocrx_word' id='word_1_601' title='bbox 3908 4262 3913 4273; x_wconf 87' lang='lat'><strong>-</strong></span> 
     </span>
    </p>
   </div>
   <div class='ocr_carea' id='block_1_90' title="bbox 2262 4323 3837 4405">
    <p class='ocr_par' dir='ltr' id='par_1_90' title="bbox 2262 4323 3837 4405">
     <span class='ocr_line' id='line_1_90' title="bbox 2262 4323 3837 4405; baseline 0.005 -20"><span class='ocrx_word' id='word_1_602' title='bbox 2262 4333 2372 4385; x_wconf 76' lang='grc' dir='ltr'><strong>τῶν</strong></span> <span class='ocrx_word' id='word_1_603' title='bbox 2407 4334 2608 4402; x_wconf 78' lang='grc' dir='ltr'>μερῶν,</span> <span class='ocrx_word' id='word_1_604' title='bbox 2665 4335 2826 4405; x_wconf 75' lang='grc' dir='ltr'>ἔργον</span> <span class='ocrx_word' id='word_1_605' title='bbox 2862 4336 3041 4387; x_wconf 79' lang='grc' dir='ltr'>ἐκεῖσε</span> <span class='ocrx_word' id='word_1_606' title='bbox 3080 4332 3358 4403; x_wconf 76' lang='grc' dir='ltr'>μαχαίρας</span> <span class='ocrx_word' id='word_1_607' title='bbox 3390 4331 3696 4401; x_wconf 68' lang='grc' dir='ltr'>γενόμενοι.</span> <span class='ocrx_word' id='word_1_608' title='bbox 3752 4323 3837 4376; x_wconf 48' lang='grc' dir='ltr'><strong>καὶ</strong></span> 
     </span>
    </p>
   </div>
   <div class='ocr_carea' id='block_1_91' title="bbox 2264 4419 3839 4495">
    <p class='ocr_par' dir='ltr' id='par_1_91' title="bbox 2264 4419 3839 4495">
     <span class='ocr_line' id='line_1_91' title="bbox 2264 4419 3839 4495; baseline -0.004 -16"><span class='ocrx_word' id='word_1_609' title='bbox 2264 4428 2518 4481; x_wconf 73' lang='grc' dir='ltr'>τοσοῦτον</span> <span class='ocrx_word' id='word_1_610' title='bbox 2565 4428 2703 4481; x_wconf 72' lang='grc' dir='ltr'>ὥστε</span> <span class='ocrx_word' id='word_1_611' title='bbox 2756 4429 2845 4479; x_wconf 74' lang='grc' dir='ltr'><strong>τον</strong></span> <span class='ocrx_word' id='word_1_612' title='bbox 2873 4426 3038 4478; x_wconf 83' lang='grc' dir='ltr'>τόπον</span> <span class='ocrx_word' id='word_1_613' title='bbox 3070 4423 3498 4495; x_wconf 79' lang='grc' dir='ltr'>ἐνλιμνασθῆναι</span> <span class='ocrx_word' id='word_1_614' title='bbox 3529 4422 3607 4492; x_wconf 75' lang='grc' dir='ltr'>τῷ</span> <span class='ocrx_word' id='word_1_615' title='bbox 3659 4419 3839 4485; x_wconf 75' lang='grc' dir='ltr'>αἵματι</span> 
     </span>
    </p>
   </div>
   <div class='ocr_carea' id='block_1_92' title="bbox 574 4504 2158 4592">
    <p class='ocr_par' dir='ltr' id='par_1_92' title="bbox 574 4504 2150 4587">
     <span class='ocr_line' id='line_1_92' title="bbox 574 4504 2150 4587; baseline -0.003 -7"><span class='ocrx_word' id='word_1_616' title='bbox 574 4528 762 4581; x_wconf 86' lang='lat' dir='ltr'><strong>videns</strong></span> <span class='ocrx_word' id='word_1_617' title='bbox 808 4524 1207 4580; x_wconf 83' lang='lat' dir='ltr'><strong>Constantinus</strong></span> <span class='ocrx_word' id='word_1_618' title='bbox 1263 4523 1396 4587; x_wconf 83' lang='lat' dir='ltr'><strong>dux,</strong></span> <span class='ocrx_word' id='word_1_619' title='bbox 1429 4538 1553 4576; x_wconf 85' lang='lat' dir='ltr'><strong>eum</strong></span> <span class='ocrx_word' id='word_1_620' title='bbox 1588 4523 1825 4577; x_wconf 75' lang='lat' dir='ltr'><strong>maxima</strong></span> <span class='ocrx_word' id='word_1_621' title='bbox 1870 4535 2015 4578; x_wconf 86' lang='lat' dir='ltr'><strong>esset</strong></span> <span class='ocrx_word' id='word_1_622' title='bbox 2044 4504 2150 4576; x_wconf 64' lang='lat' dir='ltr'><strong>tur-</strong></span> 
     </span>
    </p>
   </div>
   <div class='ocr_carea' id='block_1_93' title="bbox 2261 4504 3840 4592">
    <p class='ocr_par' dir='ltr' id='par_1_93' title="bbox 2269 4505 3840 4592">
     <span class='ocr_line' id='line_1_93' title="bbox 2269 4505 3840 4592; baseline -0.001 -19"><span class='ocrx_word' id='word_1_623' title='bbox 2269 4522 2582 4591; x_wconf 71' lang='grc' dir='ltr'>ποταμήδον</span> <span class='ocrx_word' id='word_1_624' title='bbox 2614 4522 2992 4592; x_wconf 78' lang='grc' dir='ltr'>καταρρέοντι.</span> <span class='ocrx_word' id='word_1_625' title='bbox 3014 4518 3276 4590; x_wconf 76' lang='grc' dir='ltr'>Ἀνῃρέθη</span> <span class='ocrx_word' id='word_1_626' title='bbox 3300 4517 3354 4571; x_wconf 87' lang='grc' dir='ltr'><strong>δέ</strong></span> <span class='ocrx_word' id='word_1_627' title='bbox 3386 4519 3478 4571; x_wconf 68' lang='grc' dir='ltr'><strong>καὶ</strong></span> <span class='ocrx_word' id='word_1_628' title='bbox 3510 4512 3787 4586; x_wconf 76' lang='grc' dir='ltr'>Γρηγορᾶς</span> <span class='ocrx_word' id='word_1_629' title='bbox 3817 4505 3840 4556; x_wconf 70' lang='grc' dir='ltr'><strong>ὁ</strong></span> 
     </span>
    </p>
   </div>
   <div class='ocr_carea' id='block_1_94' title="bbox 573 4614 2155 4689">
    <p class='ocr_par' dir='ltr' id='par_1_94' title="bbox 573 4614 2155 4689">
     <span class='ocr_line' id='line_1_94' title="bbox 573 4614 2155 4689; baseline -0.004 -16"><span class='ocrx_word' id='word_1_630' title='bbox 573 4620 739 4684; x_wconf 83' lang='lat' dir='ltr'><strong>batio,</strong></span> <span class='ocrx_word' id='word_1_631' title='bbox 766 4634 969 4689; x_wconf 81' lang='lat' dir='ltr'><strong>equum</strong></span> <span class='ocrx_word' id='word_1_632' title='bbox 1019 4618 1253 4687; x_wconf 87' lang='lat' dir='ltr'><strong>impulit.</strong></span> <span class='ocrx_word' id='word_1_633' title='bbox 1286 4614 1380 4671; x_wconf 86' lang='lat' dir='ltr'><strong>Ille</strong></span> <span class='ocrx_word' id='word_1_634' title='bbox 1429 4617 1479 4670; x_wconf 85' lang='lat' dir='ltr'><strong>in</strong></span> <span class='ocrx_word' id='word_1_635' title='bbox 1514 4617 1745 4688; x_wconf 82' lang='lat' dir='ltr'><strong>lapideis</strong></span> <span class='ocrx_word' id='word_1_636' title='bbox 1783 4617 2004 4671; x_wconf 86' lang='lat' dir='ltr'><strong>tabulis.</strong></span> <span class='ocrx_word' id='word_1_637' title='bbox 2041 4615 2155 4687; x_wconf 89' lang='lat' dir='ltr'><strong>qui-</strong></span> 
     </span>
    </p>
   </div>
   <div class='ocr_carea' id='block_1_95' title="bbox 570 4710 2156 4780">
    <p class='ocr_par' dir='ltr' id='par_1_95' title="bbox 570 4710 2156 4780">
     <span class='ocr_line' id='line_1_95' title="bbox 570 4710 2156 4780; baseline -0.001 -17"><span class='ocrx_word' id='word_1_638' title='bbox 570 4713 673 4766; x_wconf 90' lang='lat' dir='ltr'><strong>hus</strong></span> <span class='ocrx_word' id='word_1_639' title='bbox 731 4712 885 4766; x_wconf 87' lang='lat' dir='ltr'><strong>locus</strong></span> <span class='ocrx_word' id='word_1_640' title='bbox 918 4719 1230 4765; x_wconf 87' lang='lat' dir='ltr'><strong>constratus</strong></span> <span class='ocrx_word' id='word_1_641' title='bbox 1262 4719 1416 4777; x_wconf 84' lang='lat' dir='ltr'><strong>erat,</strong></span> <span class='ocrx_word' id='word_1_642' title='bbox 1454 4710 1727 4780; x_wconf 87' lang='lat' dir='ltr'><strong>collapsus</strong></span> <span class='ocrx_word' id='word_1_643' title='bbox 1760 4725 2033 4765; x_wconf 82' lang='lat' dir='ltr'><strong>sessorem</strong></span> <span class='ocrx_word' id='word_1_644' title='bbox 2067 4724 2156 4763; x_wconf 82' lang='lat' dir='ltr'><strong>ex-</strong></span> 
     </span>
    </p>
   </div>
   <div class='ocr_carea' id='block_1_96' title="bbox 571 4794 2157 4870">
    <p class='ocr_par' dir='ltr' id='par_1_96' title="bbox 571 4794 2157 4870">
     <span class='ocr_line' id='line_1_96' title="bbox 571 4794 2157 4870; baseline -0.004 -11"><span class='ocrx_word' id='word_1_645' title='bbox 571 4803 766 4859; x_wconf 85' lang='lat' dir='ltr'><strong>cussit.</strong></span> <span class='ocrx_word' id='word_1_646' title='bbox 794 4794 969 4867; x_wconf 85' lang='lat' dir='ltr'><strong>Quem</strong></span> <span class='ocrx_word' id='word_1_647' title='bbox 999 4803 1052 4855; x_wconf 90' lang='lat' dir='ltr'><strong>in</strong></span> <span class='ocrx_word' id='word_1_648' title='bbox 1080 4810 1283 4855; x_wconf 85' lang='lat' dir='ltr'><strong>terram</strong></span> <span class='ocrx_word' id='word_1_649' title='bbox 1314 4803 1615 4870; x_wconf 86' lang='lat' dir='ltr'><strong>projectum</strong></span> <span class='ocrx_word' id='word_1_650' title='bbox 1665 4801 1955 4868; x_wconf 86' lang='lat' dir='ltr'><strong>solumque</strong></span> <span class='ocrx_word' id='word_1_651' title='bbox 2001 4800 2157 4853; x_wconf 85' lang='lat' dir='ltr'><strong>dere-</strong></span> 
     </span>
    </p>
   </div>
   <div class='ocr_carea' id='block_1_97' title="bbox 572 4892 2155 4965">
    <p class='ocr_par' dir='ltr' id='par_1_97' title="bbox 572 4892 2155 4965">
     <span class='ocr_line' id='line_1_97' title="bbox 572 4892 2155 4965; baseline -0.003 -15"><span class='ocrx_word' id='word_1_652' title='bbox 572 4898 759 4951; x_wconf 91' lang='lat' dir='ltr'><strong>lictum</strong></span> <span class='ocrx_word' id='word_1_653' title='bbox 810 4894 1085 4965; x_wconf 87' lang='lat' dir='ltr'><strong>quispiam</strong></span> <span class='ocrx_word' id='word_1_654' title='bbox 1125 4893 1406 4950; x_wconf 75' lang='lat' dir='ltr'><strong>offendens</strong></span> <span class='ocrx_word' id='word_1_655' title='bbox 1462 4894 1575 4965; x_wconf 91' lang='lat' dir='ltr'><strong>(alii</strong></span> <span class='ocrx_word' id='word_1_656' title='bbox 1625 4894 1769 4949; x_wconf 90' lang='lat' dir='ltr'><strong>enim</strong></span> <span class='ocrx_word' id='word_1_657' title='bbox 1826 4892 2060 4963; x_wconf 82' lang='lat' dir='ltr'><strong>dispersi</strong></span> <span class='ocrx_word' id='word_1_658' title='bbox 2092 4908 2155 4947; x_wconf 88' lang='lat' dir='ltr'><strong>ac</strong></span> 
     </span>
    </p>
   </div>
   <div class='ocr_carea' id='block_1_98' title="bbox 572 4985 2157 5060">
    <p class='ocr_par' dir='ltr' id='par_1_98' title="bbox 572 4985 2157 5060">
     <span class='ocr_line' id='line_1_98' title="bbox 572 4985 2157 5060; baseline -0.001 -20"><span class='ocrx_word' id='word_1_659' title='bbox 572 4987 821 5060; x_wconf 84' lang='lat' dir='ltr'><strong>palantes</strong></span> <span class='ocrx_word' id='word_1_660' title='bbox 866 4985 1044 5054; x_wconf 86' lang='lat' dir='ltr'><strong>erant)</strong></span> <span class='ocrx_word' id='word_1_661' title='bbox 1076 4985 1197 5056; x_wconf 87' lang='lat' dir='ltr'><strong>ejus</strong></span> <span class='ocrx_word' id='word_1_662' title='bbox 1254 4995 1421 5054; x_wconf 87' lang='lat' dir='ltr'><strong>caput</strong></span> <span class='ocrx_word' id='word_1_663' title='bbox 1456 4986 1639 5055; x_wconf 85' lang='lat' dir='ltr'><strong>gladio</strong></span> <span class='ocrx_word' id='word_1_664' title='bbox 1694 4986 1951 5050; x_wconf 87' lang='lat' dir='ltr'><strong>abscidit,</strong></span> <span class='ocrx_word' id='word_1_665' title='bbox 1993 4987 2157 5055; x_wconf 84' lang='lat' dir='ltr'><strong>inque</strong></span> 
     </span>
    </p>
   </div>
   <div class='ocr_carea' id='block_1_99' title="bbox 572 5077 2157 5148">
    <p class='ocr_par' dir='ltr' id='par_1_99' title="bbox 572 5077 2157 5148">
     <span class='ocr_line' id='line_1_99' title="bbox 572 5077 2157 5148; baseline -0.005 -12"><span class='ocrx_word' id='word_1_666' title='bbox 572 5081 823 5137; x_wconf 88' lang='lat' dir='ltr'><strong>omnium</strong></span> <span class='ocrx_word' id='word_1_667' title='bbox 878 5078 1077 5146; x_wconf 88' lang='lat' dir='ltr'><strong>oculis,</strong></span> <span class='ocrx_word' id='word_1_668' title='bbox 1134 5079 1199 5132; x_wconf 89' lang='lat' dir='ltr'><strong>ad</strong></span> <span class='ocrx_word' id='word_1_669' title='bbox 1255 5078 1400 5148; x_wconf 86' lang='lat' dir='ltr'><strong>vulgi</strong></span> <span class='ocrx_word' id='word_1_670' title='bbox 1451 5092 1695 5132; x_wconf 88' lang='lat' dir='ltr'><strong>errorem</strong></span> <span class='ocrx_word' id='word_1_671' title='bbox 1752 5077 2157 5146; x_wconf 77' lang='lat' dir='ltr'><strong>depellendum,</strong></span> 
     </span>
    </p>
   </div>
   <div class='ocr_carea' id='block_1_100' title="bbox 578 5170 2163 5253">
    <p class='ocr_par' dir='ltr' id='par_1_100' title="bbox 578 5170 2163 5253">
     <span class='ocr_line' id='line_1_100' title="bbox 578 5170 2163 5253; baseline -0.004 -24"><span class='ocrx_word' id='word_1_672' title='bbox 578 5173 899 5253; x_wconf 86' lang='lat' dir='ltr'><strong>imperatori</strong></span> <span class='ocrx_word' id='word_1_673' title='bbox 937 5172 1152 5227; x_wconf 84' lang='lat' dir='ltr'><strong>detulit.</strong></span> <span class='ocrx_word' id='word_1_674' title='bbox 1192 5171 1538 5241; x_wconf 68' lang='lat' dir='ltr'><strong>Ejuscetnodi</strong></span> <span class='ocrx_word' id='word_1_675' title='bbox 1572 5171 1728 5226; x_wconf 89' lang='lat' dir='ltr'><strong>ducis</strong></span> <span class='ocrx_word' id='word_1_676' title='bbox 1765 5170 2042 5241; x_wconf 80' lang='lat' dir='ltr'><strong>aggressio</strong></span> <span class='ocrx_word' id='word_1_677' title='bbox 2067 5185 2163 5239; x_wconf 89' lang='lat' dir='ltr'><strong>per</strong></span> 
     </span>
    </p>
   </div>
   <div class='ocr_carea' id='block_1_101' title="bbox 575 5263 2162 5336">
    <p class='ocr_par' dir='ltr' id='par_1_101' title="bbox 575 5263 2162 5336">
     <span class='ocr_line' id='line_1_101' title="bbox 575 5263 2162 5336; baseline -0.001 -15"><span class='ocrx_word' id='word_1_678' title='bbox 575 5269 741 5323; x_wconf 84' lang='lat' dir='ltr'><strong>alium</strong></span> <span class='ocrx_word' id='word_1_679' title='bbox 774 5282 1005 5336; x_wconf 78' lang='lat' dir='ltr'><strong>quoque</strong></span> <span class='ocrx_word' id='word_1_680' title='bbox 1039 5267 1260 5320; x_wconf 86' lang='lat' dir='ltr'><strong>modum</strong></span> <span class='ocrx_word' id='word_1_681' title='bbox 1296 5269 1632 5321; x_wconf 88' lang='lat' dir='ltr'><strong>innotuerat.</strong></span> <span class='ocrx_word' id='word_1_682' title='bbox 1662 5265 1870 5335; x_wconf 86' lang='lat' dir='ltr'><strong>Nempe</strong></span> <span class='ocrx_word' id='word_1_683' title='bbox 1903 5263 2162 5319; x_wconf 69' lang='lat' dir='ltr'><strong>Nicolaus</strong></span> 
     </span>
    </p>
   </div>
   <div class='ocr_carea' id='block_1_102' title="bbox 574 5358 2159 5431">
    <p class='ocr_par' dir='ltr' id='par_1_102' title="bbox 574 5358 2159 5431">
     <span class='ocr_line' id='line_1_102' title="bbox 574 5358 2159 5431; baseline -0.004 -16"><span class='ocrx_word' id='word_1_684' title='bbox 574 5361 797 5431; x_wconf 83' lang='lat' dir='ltr'><strong>quidam</strong></span> <span class='ocrx_word' id='word_1_685' title='bbox 827 5360 1154 5430; x_wconf 88' lang='lat' dir='ltr'><strong>publicanus</strong></span> <span class='ocrx_word' id='word_1_686' title='bbox 1188 5359 1240 5413; x_wconf 92' lang='lat' dir='ltr'><strong>in</strong></span> <span class='ocrx_word' id='word_1_687' title='bbox 1262 5358 1513 5425; x_wconf 86' lang='lat' dir='ltr'><strong>Chaldia,</strong></span> <span class='ocrx_word' id='word_1_688' title='bbox 1544 5359 1888 5429; x_wconf 85' lang='lat' dir='ltr'><strong>publicisque</strong></span> <span class='ocrx_word' id='word_1_689' title='bbox 1918 5358 2159 5427; x_wconf 83' lang='lat' dir='ltr'><strong>vectiga-</strong></span> 
     </span>
    </p>
   </div>
   <div class='ocr_carea' id='block_1_103' title="bbox 575 5450 2157 5521">
    <p class='ocr_par' dir='ltr' id='par_1_103' title="bbox 575 5450 2157 5521">
     <span class='ocr_line' id='line_1_103' title="bbox 575 5450 2157 5521; baseline -0.004 -12"><span class='ocrx_word' id='word_1_690' title='bbox 575 5454 720 5509; x_wconf 82' lang='lat' dir='ltr'><strong>libus</strong></span> <span class='ocrx_word' id='word_1_691' title='bbox 774 5453 1081 5520; x_wconf 65' lang='lat' dir='ltr'><strong>prwfcctus,</strong></span> <span class='ocrx_word' id='word_1_692' title='bbox 1145 5454 1456 5509; x_wconf 84' lang='lat' dir='ltr'><strong>Christiana</strong></span> <span class='ocrx_word' id='word_1_693' title='bbox 1515 5454 1724 5521; x_wconf 83' lang='lat' dir='ltr'><strong>ejurata</strong></span> <span class='ocrx_word' id='word_1_694' title='bbox 1778 5452 2042 5520; x_wconf 80' lang='lat' dir='ltr'><strong>religione</strong></span> <span class='ocrx_word' id='word_1_695' title='bbox 2104 5450 2157 5503; x_wconf 89' lang='lat' dir='ltr'><strong>in</strong></span> 
     </span>
    </p>
   </div>
   <div class='ocr_carea' id='block_1_104' title="bbox 572 5546 2155 5618">
    <p class='ocr_par' dir='ltr' id='par_1_104' title="bbox 572 5546 2155 5618">
     <span class='ocr_line' id='line_1_104' title="bbox 572 5546 2155 5618; baseline -0.003 -17"><span class='ocrx_word' id='word_1_696' title='bbox 572 5547 788 5617; x_wconf 83' lang='lat' dir='ltr'><strong>Syriam</strong></span> <span class='ocrx_word' id='word_1_697' title='bbox 825 5562 884 5600; x_wconf 86' lang='lat' dir='ltr'><strong>se</strong></span> <span class='ocrx_word' id='word_1_698' title='bbox 923 5559 1224 5617; x_wconf 87' lang='lat' dir='ltr'><strong>receperat.</strong></span> <span class='ocrx_word' id='word_1_699' title='bbox 1282 5546 1395 5602; x_wconf 83' lang='lat' dir='ltr'><strong>Illic</strong></span> <span class='ocrx_word' id='word_1_700' title='bbox 1444 5564 1613 5618; x_wconf 87' lang='lat' dir='ltr'><strong>agens</strong></span> <span class='ocrx_word' id='word_1_701' title='bbox 1672 5546 2024 5600; x_wconf 64' lang='lat' dir='ltr'><strong>astronomiae</strong></span> <span class='ocrx_word' id='word_1_702' title='bbox 2060 5560 2155 5597; x_wconf 91' lang='lat' dir='ltr'><strong>seu</strong></span> 
     </span>
    </p>
   </div>
   <div class='ocr_carea' id='block_1_105' title="bbox 574 5627 2157 5711">
    <p class='ocr_par' dir='ltr' id='par_1_105' title="bbox 574 5627 2157 5711">
     <span class='ocr_line' id='line_1_105' title="bbox 574 5627 2157 5711; baseline -0.001 -21"><span class='ocrx_word' id='word_1_703' title='bbox 574 5640 745 5707; x_wconf 84' lang='lat' dir='ltr'><strong>magis</strong></span> <span class='ocrx_word' id='word_1_704' title='bbox 784 5638 1095 5709; x_wconf 65' lang='lat' dir='ltr'><strong>astrologiae</strong></span> <span class='ocrx_word' id='word_1_705' title='bbox 1124 5639 1340 5696; x_wconf 85' lang='lat' dir='ltr'><strong>cuidam</strong></span> <span class='ocrx_word' id='word_1_706' title='bbox 1383 5627 1620 5711; x_wconf 10' lang='lat' dir='ltr'><strong>ioperam</strong></span> <span class='ocrx_word' id='word_1_707' title='bbox 1670 5639 1856 5695; x_wconf 85' lang='lat' dir='ltr'><strong>dabat.</strong></span> <span class='ocrx_word' id='word_1_708' title='bbox 1908 5637 2157 5706; x_wconf 77' lang='lat' dir='ltr'><strong>Innigro</strong></span> 
     </span>
    </p>
   </div>
   <div class='ocr_carea' id='block_1_106' title="bbox 2262 4598 3840 4689">
    <p class='ocr_par' dir='ltr' id='par_1_106' title="bbox 2262 4598 3840 4689">
     <span class='ocr_line' id='line_1_106' title="bbox 2262 4598 3840 4689; baseline -0.006 -23"><span class='ocrx_word' id='word_1_709' title='bbox 2262 4616 2377 4679; x_wconf 76' lang='grc' dir='ltr'>υἱὸς</span> <span class='ocrx_word' id='word_1_710' title='bbox 2410 4615 2502 4669; x_wconf 76' lang='grc' dir='ltr'>τοῦ</span> <span class='ocrx_word' id='word_1_711' title='bbox 2541 4615 2730 4680; x_wconf 83' lang='grc' dir='ltr'>δουκὸς</span> <span class='ocrx_word' id='word_1_712' title='bbox 2757 4613 2839 4689; x_wconf 84' lang='grc' dir='ltr'><strong>ΙΡ.</strong></span> <span class='ocrx_word' id='word_1_713' title='bbox 2872 4613 3003 4687; x_wconf 70' lang='grc'>257]</span> <span class='ocrx_word' id='word_1_714' title='bbox 3031 4616 3125 4668; x_wconf 69' lang='grc' dir='ltr'><strong>καὶ</strong></span> <span class='ocrx_word' id='word_1_715' title='bbox 3156 4611 3416 4683; x_wconf 81' lang='grc' dir='ltr'>Μιχαὴλὸ</span> <span class='ocrx_word' id='word_1_716' title='bbox 3439 4608 3722 4677; x_wconf 68' lang='grc' dir='ltr'>ἐξάδελφος</span> <span class='ocrx_word' id='word_1_717' title='bbox 3756 4598 3840 4651; x_wconf 74' lang='grc' dir='ltr'>αὐο</span> 
     </span>
    </p>
   </div>
   <div class='ocr_carea' id='block_1_107' title="bbox 2259 4689 3839 4781">
    <p class='ocr_par' dir='ltr' id='par_1_107' title="bbox 2259 4689 3839 4781">
     <span class='ocr_line' id='line_1_107' title="bbox 2259 4689 3839 4781; baseline -0.006 -19"><span class='ocrx_word' id='word_1_718' title='bbox 2259 4710 2355 4762; x_wconf 79' lang='grc' dir='ltr'>τοῦ</span> <span class='ocrx_word' id='word_1_719' title='bbox 2391 4709 2483 4762; x_wconf 72' lang='grc' dir='ltr'><strong>καὶ</strong></span> <span class='ocrx_word' id='word_1_720' title='bbox 2522 4710 2549 4761; x_wconf 88' lang='grc' dir='ltr'>ὁ</span> <span class='ocrx_word' id='word_1_721' title='bbox 2594 4709 2907 4781; x_wconf 84' lang='grc' dir='ltr'>Κουρτίκης</span> <span class='ocrx_word' id='word_1_722' title='bbox 2938 4711 2964 4762; x_wconf 85' lang='grc' dir='ltr'>ὁ</span> <span class='ocrx_word' id='word_1_723' title='bbox 2992 4709 3049 4775; x_wconf 81' lang='grc' dir='ltr'><strong>ἐξ</strong></span> <span class='ocrx_word' id='word_1_724' title='bbox 3090 4706 3415 4778; x_wconf 81' lang='grc' dir='ltr'>Ἀρμενίων.</span> <span class='ocrx_word' id='word_1_725' title='bbox 3449 4702 3634 4756; x_wconf 82' lang='grc' dir='ltr'>Ταῦτα</span> <span class='ocrx_word' id='word_1_726' title='bbox 3670 4699 3696 4749; x_wconf 82' lang='grc' dir='ltr'>ὁ</span> <span class='ocrx_word' id='word_1_727' title='bbox 3732 4689 3839 4752; x_wconf 66' lang='grc' dir='ltr'>δοῦξ</span> 
     </span>
    </p>
   </div>
   <div class='ocr_carea' id='block_1_108' title="bbox 2263 4783 3832 4875">
    <p class='ocr_par' dir='ltr' id='par_1_108' title="bbox 2263 4783 3832 4875">
     <span class='ocr_line' id='line_1_108' title="bbox 2263 4783 3832 4875; baseline -0.009 -18"><span class='ocrx_word' id='word_1_728' title='bbox 2263 4805 2674 4868; x_wconf 77' lang='grc' dir='ltr'>Κωνσταντῖνος</span> <span class='ocrx_word' id='word_1_729' title='bbox 2698 4803 2906 4875; x_wconf 82' lang='grc' dir='ltr'>μαθὼν.</span> <span class='ocrx_word' id='word_1_730' title='bbox 2938 4804 3186 4874; x_wconf 72' lang='grc' dir='ltr'>ταραχῆς</span> <span class='ocrx_word' id='word_1_731' title='bbox 3215 4802 3296 4854; x_wconf 78' lang='grc' dir='ltr'>ὅτι</span> <span class='ocrx_word' id='word_1_732' title='bbox 3334 4799 3595 4865; x_wconf 79' lang='grc' dir='ltr'>πλείστης</span> <span class='ocrx_word' id='word_1_733' title='bbox 3630 4783 3832 4861; x_wconf 69' lang='grc' dir='ltr'>γενομ’έ’</span> 
     </span>
    </p>
   </div>
   <div class='ocr_carea' id='block_1_109' title="bbox 2260 4883 3837 4967">
    <p class='ocr_par' dir='ltr' id='par_1_109' title="bbox 2260 4883 3837 4967">
     <span class='ocr_line' id='line_1_109' title="bbox 2260 4883 3837 4967; baseline -0.022 -13"><span class='ocrx_word' id='word_1_734' title='bbox 2260 4914 2380 4966; x_wconf 79' lang='grc' dir='ltr'>νης,</span> <span class='ocrx_word' id='word_1_735' title='bbox 2405 4898 2495 4950; x_wconf 77' lang='grc' dir='ltr'>τοῦ</span> <span class='ocrx_word' id='word_1_736' title='bbox 2537 4896 2767 4951; x_wconf 82' lang='grc' dir='ltr'>ἱππικοῦ</span> <span class='ocrx_word' id='word_1_737' title='bbox 2801 4896 3114 4967; x_wconf 76' lang='grc' dir='ltr'>ἐξήλαυνεν.</span> <span class='ocrx_word' id='word_1_738' title='bbox 3163 4895 3223 4948; x_wconf 85' lang='grc' dir='ltr'><strong>Ὀ</strong></span> <span class='ocrx_word' id='word_1_739' title='bbox 3272 4893 3327 4945; x_wconf 82' lang='grc' dir='ltr'><strong>δὲ</strong></span> <span class='ocrx_word' id='word_1_740' title='bbox 3375 4895 3499 4955; x_wconf 85' lang='grc' dir='ltr'>ταῖς</span> <span class='ocrx_word' id='word_1_741' title='bbox 3542 4891 3717 4943; x_wconf 74' lang='grc' dir='ltr'>ἐκεῖσε</span> <span class='ocrx_word' id='word_1_742' title='bbox 3749 4883 3837 4933; x_wconf 80' lang='grc' dir='ltr'>ὑπ-</span> 
     </span>
    </p>
   </div>
   <div class='ocr_carea' id='block_1_110' title="bbox 2262 4977 3835 5063">
    <p class='ocr_par' dir='ltr' id='par_1_110' title="bbox 2262 4977 3835 5063">
     <span class='ocr_line' id='line_1_110' title="bbox 2262 4977 3835 5063; baseline -0.006 -21"><span class='ocrx_word' id='word_1_743' title='bbox 2262 4992 2634 5060; x_wconf 82' lang='grc' dir='ltr'>εστρωμὲναις</span> <span class='ocrx_word' id='word_1_744' title='bbox 2672 4989 3070 5058; x_wconf 78' lang='grc' dir='ltr'>κατολισθήσας</span> <span class='ocrx_word' id='word_1_745' title='bbox 3119 4986 3314 5051; x_wconf 72' lang='grc' dir='ltr'>πλαξὶν</span> <span class='ocrx_word' id='word_1_746' title='bbox 3365 4986 3445 5049; x_wconf 81' lang='grc' dir='ltr'>εἰς</span> <span class='ocrx_word' id='word_1_747' title='bbox 3474 4984 3580 5054; x_wconf 78' lang='grc' dir='ltr'>γῆν</span> <span class='ocrx_word' id='word_1_748' title='bbox 3610 4982 3699 5033; x_wconf 80' lang='grc' dir='ltr'><strong>τὸν</strong></span> <span class='ocrx_word' id='word_1_749' title='bbox 3728 4977 3835 5063; x_wconf 60' lang='grc' dir='ltr'>ὲτξι·</span> 
     </span>
    </p>
   </div>
   <div class='ocr_carea' id='block_1_111' title="bbox 2263 5065 3835 5154">
    <p class='ocr_par' dir='ltr' id='par_1_111' title="bbox 2263 5065 3835 5154">
     <span class='ocr_line' id='line_1_111' title="bbox 2263 5065 3835 5154; baseline -0.003 -20"><span class='ocrx_word' id='word_1_750' title='bbox 2263 5082 2433 5154; x_wconf 71' lang='grc' dir='ltr'>ϐάτην</span> <span class='ocrx_word' id='word_1_751' title='bbox 2460 5081 2782 5135; x_wconf 80' lang='grc' dir='ltr'>κατέϐαλεν.</span> <span class='ocrx_word' id='word_1_752' title='bbox 2826 5080 2982 5133; x_wconf 74' lang='grc' dir='ltr'>Ἐπεὶ</span> <span class='ocrx_word' id='word_1_753' title='bbox 3011 5080 3067 5133; x_wconf 82' lang='grc' dir='ltr'><strong>δέ</strong></span> <span class='ocrx_word' id='word_1_754' title='bbox 3122 5097 3206 5143; x_wconf 88' lang='grc' dir='ltr'><strong>τις</strong></span> <span class='ocrx_word' id='word_1_755' title='bbox 3238 5077 3401 5131; x_wconf 65' lang='grc' dir='ltr'>αὐτὸν</span> <span class='ocrx_word' id='word_1_756' title='bbox 3429 5077 3573 5131; x_wconf 84' lang='grc' dir='ltr'><strong>κατὰ</strong></span> <span class='ocrx_word' id='word_1_757' title='bbox 3604 5073 3705 5141; x_wconf 78' lang='grc' dir='ltr'>γῆς</span> <span class='ocrx_word' id='word_1_758' title='bbox 3754 5065 3835 5136; x_wconf 48' lang='lat' dir='ltr'><strong>Ei&quot;</strong></span> 
     </span>
    </p>
   </div>
   <div class='ocr_carea' id='block_1_112' title="bbox 2264 5154 3835 5244">
    <p class='ocr_par' dir='ltr' id='par_1_112' title="bbox 2264 5154 3835 5244">
     <span class='ocr_line' id='line_1_112' title="bbox 2264 5154 3835 5244; baseline -0.011 -17"><span class='ocrx_word' id='word_1_759' title='bbox 2264 5173 2531 5244; x_wconf 71' lang='grc' dir='ltr'>ριμμένον</span> <span class='ocrx_word' id='word_1_760' title='bbox 2568 5172 2665 5227; x_wconf 68' lang='grc' dir='ltr'><strong>καὶ</strong></span> <span class='ocrx_word' id='word_1_761' title='bbox 2704 5172 3089 5243; x_wconf 82' lang='grc' dir='ltr'>μεμονωμένον</span> <span class='ocrx_word' id='word_1_762' title='bbox 3121 5169 3421 5223; x_wconf 82' lang='grc' dir='ltr'>κατέλαϐεν</span> <span class='ocrx_word' id='word_1_763' title='bbox 3455 5170 3526 5242; x_wconf 81' lang='grc' dir='ltr'><strong>(οἱ</strong></span> <span class='ocrx_word' id='word_1_764' title='bbox 3556 5165 3663 5232; x_wconf 73' lang='grc' dir='ltr'>γὰρ</span> <span class='ocrx_word' id='word_1_765' title='bbox 3702 5154 3835 5213; x_wconf 80' lang='grc' dir='ltr'>ἄλλοι</span> 
     </span>
    </p>
   </div>
   <div class='ocr_carea' id='block_1_113' title="bbox 2262 5255 3835 5335">
    <p class='ocr_par' dir='ltr' id='par_1_113' title="bbox 2262 5255 3835 5335">
     <span class='ocr_line' id='line_1_113' title="bbox 2262 5255 3835 5335; baseline -0.004 -15"><span class='ocrx_word' id='word_1_766' title='bbox 2262 5266 2724 5335; x_wconf 77' lang='grc' dir='ltr'>διεσκεδάσθησαν</span> <span class='ocrx_word' id='word_1_767' title='bbox 2757 5266 3039 5333; x_wconf 72' lang='grc' dir='ltr'>ἅπαντες),</span> <span class='ocrx_word' id='word_1_768' title='bbox 3072 5264 3215 5333; x_wconf 75' lang='grc' dir='ltr'>ξίφει</span> <span class='ocrx_word' id='word_1_769' title='bbox 3255 5265 3353 5335; x_wconf 76' lang='grc' dir='ltr'><strong>τὴν</strong></span> <span class='ocrx_word' id='word_1_770' title='bbox 3384 5265 3575 5317; x_wconf 84' lang='grc' dir='ltr'>τούτου</span> <span class='ocrx_word' id='word_1_771' title='bbox 3607 5255 3835 5335; x_wconf 70' lang='grc' dir='ltr'>ἀπέτεμε</span> 
     </span>
    </p>
   </div>
   <div class='ocr_carea' id='block_1_114' title="bbox 2268 5336 3834 5427">
    <p class='ocr_par' dir='ltr' id='par_1_114' title="bbox 2268 5336 3834 5427">
     <span class='ocr_line' id='line_1_114' title="bbox 2268 5336 3834 5427; baseline -0.007 -18"><span class='ocrx_word' id='word_1_772' title='bbox 2268 5355 2532 5427; x_wconf 67' lang='grc' dir='ltr'>κεφαλὴν,</span> <span class='ocrx_word' id='word_1_773' title='bbox 2560 5355 2684 5425; x_wconf 69' lang='grc' dir='ltr'>ἥτις</span> <span class='ocrx_word' id='word_1_774' title='bbox 2711 5355 2787 5425; x_wconf 80' lang='grc' dir='ltr'><strong>τῷ</strong></span> <span class='ocrx_word' id='word_1_775' title='bbox 2828 5355 3041 5426; x_wconf 79' lang='grc' dir='ltr'>βασιλεί</span> <span class='ocrx_word' id='word_1_776' title='bbox 3074 5356 3482 5425; x_wconf 79' lang='grc' dir='ltr'>προσενήνεκτο</span> <span class='ocrx_word' id='word_1_777' title='bbox 3538 5336 3834 5412; x_wconf 70' lang='grc' dir='ltr'>καταφανὴέ</span> 
     </span>
    </p>
   </div>
   <div class='ocr_carea' id='block_1_115' title="bbox 2268 5431 3834 5522">
    <p class='ocr_par' dir='ltr' id='par_1_115' title="bbox 2268 5431 3834 5522">
     <span class='ocr_line' id='line_1_115' title="bbox 2268 5431 3834 5522; baseline -0.011 -19"><span class='ocrx_word' id='word_1_778' title='bbox 2268 5450 2439 5503; x_wconf 77' lang='grc' dir='ltr'>ἅπασι</span> <span class='ocrx_word' id='word_1_779' title='bbox 2469 5449 2567 5517; x_wconf 75' lang='grc' dir='ltr'>τῆς</span> <span class='ocrx_word' id='word_1_780' title='bbox 2599 5449 2813 5519; x_wconf 80' lang='grc' dir='ltr'>ἀπάτης</span> <span class='ocrx_word' id='word_1_781' title='bbox 2860 5452 2939 5512; x_wconf 83' lang='grc' dir='ltr'>εἰς</span> <span class='ocrx_word' id='word_1_782' title='bbox 2978 5450 3369 5522; x_wconf 80' lang='grc' dir='ltr'>ἀποτρόπαιον.</span> <span class='ocrx_word' id='word_1_783' title='bbox 3415 5448 3487 5499; x_wconf 83' lang='grc' dir='ltr'>Τὸ</span> <span class='ocrx_word' id='word_1_784' title='bbox 3521 5446 3574 5497; x_wconf 78' lang='grc' dir='ltr'><strong>δὲ</strong></span> <span class='ocrx_word' id='word_1_785' title='bbox 3614 5431 3834 5493; x_wconf 72' lang='grc' dir='ltr'>τοιοῦῖην</span> 
     </span>
    </p>
   </div>
   <div class='ocr_carea' id='block_1_116' title="bbox 2268 5523 3823 5613">
    <p class='ocr_par' dir='ltr' id='par_1_116' title="bbox 2268 5523 3823 5613">
     <span class='ocr_line' id='line_1_116' title="bbox 2268 5523 3823 5613; baseline -0.017 -17"><span class='ocrx_word' id='word_1_786' title='bbox 2268 5543 2431 5596; x_wconf 68' lang='grc' dir='ltr'>αὑτοῦ</span> <span class='ocrx_word' id='word_1_787' title='bbox 2475 5543 2785 5613; x_wconf 78' lang='grc' dir='ltr'>ἐγχείρημα</span> <span class='ocrx_word' id='word_1_788' title='bbox 2821 5541 2963 5596; x_wconf 85' lang='grc' dir='ltr'>κατὰ</span> <span class='ocrx_word' id='word_1_789' title='bbox 3013 5558 3132 5596; x_wconf 79' lang='grc' dir='ltr'>τινα</span> <span class='ocrx_word' id='word_1_790' title='bbox 3186 5544 3277 5596; x_wconf 75' lang='grc' dir='ltr'><strong>καὶ</strong></span> <span class='ocrx_word' id='word_1_791' title='bbox 3310 5540 3469 5595; x_wconf 79' lang='grc' dir='ltr'>ἄλλον</span> <span class='ocrx_word' id='word_1_792' title='bbox 3500 5536 3697 5608; x_wconf 79' lang='grc' dir='ltr'>τρόπον</span> <span class='ocrx_word' id='word_1_793' title='bbox 3731 5523 3823 5573; x_wconf 80' lang='grc' dir='ltr'>ἐδε-</span> 
     </span>
    </p>
   </div>
   <div class='ocr_carea' id='block_1_117' title="bbox 2268 5619 3829 5707">
    <p class='ocr_par' dir='ltr' id='par_1_117' title="bbox 2268 5619 3829 5707">
     <span class='ocr_line' id='line_1_117' title="bbox 2268 5619 3829 5707; baseline -0.003 -19"><span class='ocrx_word' id='word_1_794' title='bbox 2268 5635 2491 5705; x_wconf 78' lang='grc' dir='ltr'>δήλωτο.</span> <span class='ocrx_word' id='word_1_795' title='bbox 2530 5634 2798 5699; x_wconf 75' lang='grc' dir='ltr'>Νικόλαος</span> <span class='ocrx_word' id='word_1_796' title='bbox 2844 5637 2951 5707; x_wconf 76' lang='grc' dir='ltr'>γάρ</span> <span class='ocrx_word' id='word_1_797' title='bbox 2981 5652 3062 5698; x_wconf 82' lang='grc' dir='ltr'><strong>τις</strong></span> <span class='ocrx_word' id='word_1_798' title='bbox 3088 5638 3185 5701; x_wconf 69' lang='grc' dir='ltr'>τὰς</span> <span class='ocrx_word' id='word_1_799' title='bbox 3220 5637 3275 5688; x_wconf 79' lang='grc' dir='ltr'><strong>ἐν</strong></span> <span class='ocrx_word' id='word_1_800' title='bbox 3320 5633 3524 5704; x_wconf 76' lang='grc' dir='ltr'>Χαλδίᾳ</span> <span class='ocrx_word' id='word_1_801' title='bbox 3555 5626 3658 5680; x_wconf 81' lang='grc' dir='ltr'>τῶν</span> <span class='ocrx_word' id='word_1_802' title='bbox 3682 5619 3829 5686; x_wconf 66' lang='grc' dir='ltr'>δημτκ</span> 
     </span>
    </p>
   </div>
   <div class='ocr_carea' id='block_1_118' title="bbox 1858 5725 2556 5784">
    <p class='ocr_par' dir='ltr' id='par_1_118' title="bbox 1858 5725 2556 5784">
     <span class='ocr_line' id='line_1_118' title="bbox 1858 5725 2556 5784; baseline -0.003 -1"><span class='ocrx_word' id='word_1_803' title='bbox 1858 5728 2093 5783; x_wconf 71' lang='lat' dir='ltr'><strong>VARle</strong></span> <span class='ocrx_word' id='word_1_804' title='bbox 2141 5725 2556 5784; x_wconf 77' lang='lat' dir='ltr'><strong>LECTIONES.</strong></span> 
     </span>
    </p>
   </div>
   <div class='ocr_carea' id='block_1_119' title="bbox 646 5820 1031 5887">
    <p class='ocr_par' dir='ltr' id='par_1_119' title="bbox 646 5820 1031 5887">
     <span class='ocr_line' id='line_1_119' title="bbox 646 5820 1031 5887; baseline 0.003 -17"><span class='ocrx_word' id='word_1_805' title='bbox 646 5820 689 5847; x_wconf 74' lang='lat'><strong>“</strong></span> <span class='ocrx_word' id='word_1_806' title='bbox 721 5820 1031 5887; x_wconf 70' lang='grc' dir='ltr'>ὲκκρίτοιςῗ</span> 
     </span>
    </p>
   </div>
  </div>
