4136 6418
366 418 481 483 1θῦ

1056 415 1199 475 LIB.
1241 413 1339 476 VI.
1375 439 1445 450 —
1481 411 2061 474 CONSTANTINUS
2101 410 2881 473 PURPHYROGENITUS.

3560 410 3665 474 406

387 542 547 594 νόσου
584 533 908 605 ἀπήλλακτο
929 551 942 565 ’
987 533 1120 588 ινθα
1168 532 1375 603 ταύτην
1395 532 1759 603 οἰκοδομήσας
1780 530 1873 584 ἐπὶ
1896 530 1973 601 τῷ

2087 543 2242 583 suum
2276 527 2352 581 illi
2392 542 2595 582 nomen
2636 526 2855 582 indidit.
2918 526 3193 584 Adrianus
3241 536 3424 583 autem
3485 527 3667 584 Casar

386 632 498 703 ἰδίῳ
524 629 743 699 ὀνόματι
777 626 1056 697 κέκληκεν
1080 641 1093 657 °
1144 625 1420 698 Ἀδριανὸς
1441 626 1499 678 δὲ
1530 626 1749 695 Καῖσαρ
1783 623 1969 677 εύκτί-

383 740 521 786 στοις
548 721 854 791 οἰκήμασιν
885 716 1059 789 αὐτὴν
1119 718 1429 789 μεγαλύνας
1477 716 1632 770 πόλιν
1683 714 1969 787 Ἀδριανοῦ

378 813 811 885 μετακέκληκεν.
867 811 1019 882 Αὓτη
1064 810 1257 881 τρίτης
1305 809 1520 881 ἡμέρας
1571 810 1724 881 παρά
1777 808 1971 881 ἀνδρὸς

370 905 641 969 εύπετοῦς
692 906 753 957 ὲν
816 904 979 974 διόδῳ
1045 902 1529 965 Φιλιππουπὸλεως
1598 900 1966 966 σταδιάζεται,

366 996 756 1070 ήγκαλισμένη
788 994 869 1066 τῷ
902 995 1018 1064 δρει
1049 994 1128 1065 τῷ
1157 994 1318 1065 Αϊμῳ
1364 993 1495 1064 παρ’
1521 989 1567 1062 ᾧ
1597 995 1645 1047 οί
1681 996 1830 1065 τρεῖς
1874 1011 1973 1047 πο-

361 1093 539 1161 ταμοὶ
562 1087 971 1159 συμϐάλλονται
996 1086 1059 1140 τὸ
1091 1087 1350 1157 ὀμϐρινὸν
1372 1085 1535 1157 ὕδωρ.
1568 1086 1703 1140 Μετ’
1730 1085 1790 1138 οὐ
1834 1084 1970 1139 πολὺ

363 1183 657 1252 ἀπεστάλη
730 1181 1014 1243 Βασίλειος
1063 1176 1377 1251 πατρίκιος
1406 1180 1500 1232 καὶ
1547 1178 1812 1247 κανίκλης
1876 1176 1973 1231 καὶ

365 1260 624 1347 Νικήτας
659 1272 1162 1346 πρωτοσπαθάριος
1200 1274 1227 1327 6
1273 1272 1554 1334 Ἐλαδικὸς
1607 1270 1760 1343 παρά
1816 1270 1972 1339 Ζωῆς

365 1369 513 1440 μετά
552 1368 750 1438 δώρων
779 1366 1013 1431 πολλῶν,
1062 1365 1154 1419 καὶ
1188 1363 1625 1437 ἁντιπαρέλαϐεν
1670 1364 1835 1418 πάλιν
1873 1365 1973 1419 αύ-

365 1462 493 1531 τήν.
1110 1472 1113 1475 ν

443 1552 531 1627 [Ρ.
561 1553 698 1626 240]
724 1552 789 1607 θ’.
821 1548 1025 1606 Ἦλθεν
1043 1552 1141 1606 δὲὸ
1164 1552 1437 1623 Δαμιανὺς
1459 1551 1682 1622 ἀμηρᾶς
1710 1553 1791 1615 είς
1814 1553 1974 1623 Στρὸ-

371 1646 540 1720 ϐηλον
561 1647 732 1717 νῆσον
767 1645 911 1717 μετὰ
939 1645 1142 1699 πλοίων
1170 1644 1484 1715 πολεμικῶν
1506 1645 1602 1700 καὶ
1635 1644 1841 1715 πολλῆς
1870 1648 1969 1714 τῆς

373 1738 692 1809 δυνάμεως·
723 1738 820 1791 καὶ
844 1736 1056 1808 ταύτην
1081 1736 1394 1807 παρέλαϐεν
1429 1737 1516 1799 ἂν,
1548 1739 1596 1790 εί
1631 1736 1708 1807 μὴ
1736 1739 1972 1808 νοσήσας

372 1826 762 1900 ἀτελεύτησεν,
788 1827 1252 1899 ὑποστρεψάντων
1274 1826 1363 1881 διὰ
1396 1827 1561 1897 κενῆς
1583 1828 1691 1882 τῶν
1713 1830 1970 1901 Σαρακη-

2073 619 2381 691 magniﬁcis
2432 634 2637 675 ornans
2667 619 2940 681 :edillciis,
2974 620 3202 674 Adriani
3231 622 3423 677 urbem
3449 636 3514 676 ex
3543 636 3667 677 sese

2074 721 2285 768 mutato
2311 712 2535 767 nomine
2556 712 2869 783 appellavit.
2901 711 3072 767 Distat
3108 711 3475 783 Philippopoli
3498 712 3665 768 trium

2072 807 2288 861 dierum
2322 805 2543 875 spatio;
2575 821 2738 876 quam
2770 820 2931 860 mons
2965 804 3189 860 Haemus
3213 808 3364 860 velut
3395 806 3520 861 sinu
3545 821 3666 859 am-

2073 899 2351 969 plectitur,
2388 913 2495 967 qua
2524 907 2681 967 parte
2720 897 2931 953 nivales
2954 897 3123 968 388
3148 911 3214 951 ac
3243 897 3511 966 pluviales
3531 912 3667 951 con,

2075 998 2274 1061 gerunt
2299 1005 2473 1059 aquas
2520 1006 2644 1059 quae
2678 990 2841 1045 modo
2890 990 2993 1044 tria
3041 988 3271 1043 [lumina
3325 988 3666 1043 dicebamus.

2074 1084 2431 1140 Postmodum
2466 1100 2594 1140 vero
2626 1085 2797 1140 misso
2830 1084 2941 1141 Zoe
2972 1084 3178 1140 Basilio
3204 1085 3442 1155 patricio
3472 1098 3537 1138 ac
3584 1098 3671 1138 ca-

2075 1176 2238 1231 niclei
2271 1175 2535 1245 praefecto
2588 1182 2644 1231 et
2690 1173 2881 1230 Niceta
2944 1173 3171 1231 Eladico
3222 1174 3670 1246 protospathario

2074 1283 2199 1325 cum
2242 1269 2431 1325 multis
2461 1268 2807 1334 muneribus,
2836 1268 3056 1325 tandem
3090 1269 3239 1324 illam
3272 1268 3503 1339 recepit.

2102 1564 2111 1572 -
2146 1539 2199 1593 9.
2237 1537 2402 1595 Venit
2443 1555 2573 1596 vero
2627 1540 2931 1599 Damiauus
2959 1556 3182 1599 ameras
3241 1543 3296 1597 in
3351 1542 3668 1599 Strobelum

2074 1632 2336 1700 insulam,
2364 1650 2562 1705 magno
2581 1636 2861 1692 hostilium
2892 1637 3112 1693 navium
3146 1646 3410 1709 apparatu
3449 1653 3514 1693 ac
3540 1652 3671 1695 cum

2075 1725 2383 1796 ingentibus
2412 1727 2627 1799 copiis;
2688 1730 3037 1801 cepissetque
3064 1731 3274 1801 utique,
3307 1730 3409 1787 nisi
3474 1729 3671 1785 morbo

2073 1829 2363 1889 correptus
2401 1820 2528 1876 fatis
2552 1823 2955 1879 concessisset.
2996 1822 3169 1893 Cujus
3197 1824 3425 1877 interitu
3463 1820 3669 1877 factum

372 1918 514 1975 νῶν.
540 1921 607 1973 Οἱ
638 1919 696 1974 δὲ
724 1920 822 1992 τῆς
857 1919 1108 1986 Ἑλλάδος
1144 1919 1369 1975 καὶτῶν
1418 1919 1660 1991 Ἀθηνῶν
1682 1921 1967 1993 οἰκήτορες

2087 1917 2132 1963 tt
2170 1908 2430 1966 Saraceni
2466 1911 2626 1967 irrito
2671 1923 2869 1968 conatu
2906 1914 3169 1969 redirent.
3232 1914 3457 1969 Achaiae
3489 1923 3671 1968 autem

388 2012 640 2084 συνεχῶς
672 2013 1099 2086 ὶπηρεαζόμενοι
1128 2013 1280 2086 παρὰ
1307 2015 1457 2069 Χασὲ
1485 2014 1601 2069 υἱοῦ
1634 2015 1729 2069 τοῦ
1775 2015 1974 2088 Ἰούϐη,

395 2103 503 2175 τήν
530 2104 695 2157 αὐτοῦ
726 2105 953 2159 ἀσωτίαν
986 2106 1083 2161 καὶ
1111 2105 1421 2177 ἀπληστίαν
1455 2106 1529 2178 μὴ
1558 2107 1876 2177 ἐνεγκόντες
1899 2107 1979 2161 λί-

394 2194 519 2258 θοις
552 2194 734 2250 τοῦτον
774 2196 1064 2267 βάλλοντες
1098 2198 1312 2252 ἀνεῖλον
1371 2199 1560 2263 κακῶς
1611 2199 1825 2255 ἔνδοθεν
1880 2201 1977 2254 τοῦ

388 2286 782 2357 θυσιαστηρίου
817 2289 912 2342 τοῦ
945 2292 1003 2344 ὲν
1044 2291 1293 2362 Ἀθήναις
1322 2291 1476 2345 ναοῦ.

456 2466 509 2523 ι’.
540 2469 824 2525 Βλέπουσα
855 2472 913 2525 δὲ
945 2473 1067 2544 Ζωὴ
1099 2472 1387 2544 βασίλισσα
1440 2476 1539 2549 τὴν
1592 2478 1829 2549 ἔπαρσιν
1874 2484 1979 2537 Συ·-

390 2558 541 2629 μιὼν
569 2562 661 2615 καὶ
688 2562 789 2633 τὴν
826 2564 970 2618 κατὰ
995 2565 1107 2617 τῶν
1131 2566 1477 2637 Χριστιανῶν
1516 2571 1683 2626 αὐτοῦ
1710 2574 1977 2643 ἐπίθεσιν,

380 2650 588 2721 βουλὴν
619 2653 759 2720 μετά
791 2654 904 2707 τῶν
941 2657 999 2709 ὲν
1027 2657 1169 2712 τέλει
1223 2658 1563 2729 βουλεύεται,
1595 2664 1854 2735 ἀλλάγιον
1885 2670 1980 2723 καὶ

374 2744 613 2814 εἰρήνην
640 2744 785 2813 μετά
808 2746 918 2800 τῶν
960 2748 1279 2821 Ἀγαρηνῶν
1316 2751 1743 2825 διαπράξασθαι,
1783 2758 1978 2813 διαπε-

376 2835 551 2905 ρᾶσαι
580 2836 640 2888 δὲ
667 2836 853 2891 πάντα
880 2838 974 2893 τὸν
1000 2838 1101 2909 τῆς
1143 2841 1437 2913 Ἀνατολῆς
1486 2847 1717 2918 στρατὸν
1750 2850 1885 2919 πρὸς
1918 2852 1980 2906 τὸ

376 2926 844 2999 καταπολεμῆσαι
873 2930 971 2984 καὶ
1000 2931 1263 2999 ἀφανίσαι
1294 2934 1382 2988 τὸν
1396 2937 1640 3008 Συμεών.
1669 2940 1978 3013 ’Δπεστάλη

374 3014 479 3070 οὖν
513 3019 574 3072 ἐν
605 3019 778 3091 Συρίᾳ
807 3021 903 3075 ἐπὶ
927 3022 987 3075 τὸ
1029 3023 1256 3094 ποιῆσαι
1285 3025 1545 3096 ἀλλάγιον
1587 3029 1843 3103 Ἰωάννης
1875 3051 1979 3087 πα-

376 3111 646 3177 τρίκιοςδ
680 3113 916 3180 Ῥοδινὸς
940 3118 1037 3172 καὶ
1072 3118 1293 3191 Μιχαὴλ
1327 3122 1357 3175 6
1394 3122 1640 3196 Τοξαρᾶς
1665 3143 1679 3158 ·
1734 3119 1797 3180 οὗ
1822 3145 1982 3197 γεγο-

381 3202 537 3311 νότος
696 3206 901 3278 συνήθη
921 3205 1034 3309 τῆς
1056 3208 1225 3311 ρργας
1250 3210 1512 3283 διανομὴν
1539 3217 1898 3288 ποιησάμενοι
1923 3221 1982 3273 ὲν
2009 3253 2052 3311 c

382 3296 495 3360 τοῖς
528 3297 806 3365 τάγμασι,
847 3298 1022 3353 ταῦτα
1056 3299 1115 3353 δὲ
1153 3301 1549 3374 ἀναλαϐόμενοι
1591 3308 1689 3361 σὺν
1729 3312 1843 3375 τοῖς
1894 3311 1984 3366 θέ-

381 3406 519 3459 μασι
549 3391 692 3459 πρὸς
719 3390 820 3461 τήν
857 3390 1127 3465 Θρᾳκῲαν
1186 3395 1285 3467 γῆν
1340 3397 1694 3471 διεπέρασαν,
1751 3404 1984 3470 Λέοντος

384 3481 696 3554 μαγίστρου
728 3482 824 3536 τοῦ
856 3484 1020 3540 Φωκᾶ
1060 3487 1385 3557 δομεστίκυυ
1414 3490 1525 3544 τῶν
1551 3493 1758 3563 σχολῶν
1783 3497 1985 3567 τυγχά-

384 3592 593 3641 νοντος,
649 3570 697 3645 ᾧ
737 3577 930 3649 ἀνδρία
984 3580 1188 3650 μᾶλλον
1238 3581 1271 3654 ἢ
1329 3584 1659 3658 ὲπιστατιχὴ
1721 3590 1986 3661 φρόνησις

386 3666 808 3737 προσανέκειτο.
864 3668 1278 3753 Ἐξαγαγόντων
1326 3670 1421 3728 οὖν
1470 3677 1539 3729 τά
1568 3678 1845 3749 σεϐάσμιοι
1892 3682 1987 3734 καὶ

381 3758 637 3822 ζωοποιά
692 3758 831 3825 ξύλα
860 3762 1275 3818 Κωνσταντίνου
1308 3771 1657 3837 πρωτοπαπᾶ
1685 3771 1777 3825 τοῦ
1811 3773 1987 3826 παλα-

394 3850 542 3912 τίου,
569 3851 663 3903 τοῦ
684 3852 916 3922 Κεφαλᾶ
959 3854 1282 3928 λεγομένου,
1321 3859 1416 3912 καὶ
1455 3861 1866 3917 Κωνσταντίνου
1890 3867 1984 3918 τοῦ

409 3939 676 4003 Βαλελίας
696 3944 749 3997 ἒν
769 3948 832 4018 τῇ
863 3945 1078 4021 Θρᾴκῃ,
1106 3947 1349 4013 ἅπαντες
1380 3953 1862 4024 προσκυνήσαντες
1892 3956 1989 4009 καὶ

406 4034 803 4107 ἐπομοσάμενοι
858 4040 1326 4113 συναποθνήσκειν
1357 4043 1630 4114 ἀλλήλοις,
1681 4048 1988 4118 πανστρατὶ

399 4128 551 4182 κατὰ
575 4128 890 4201 Βουλγάρων
937 4133 1287 4206 ἐξώρμησαν.
1314 4132 1524 4207 Ἧρχον
1553 4137 1610 4190 δὲ
1640 4137 1734 4190 τοῦ
1772 4140 1988 4211 τάγμα-

388 4236 491 4283 τος
526 4218 885 4285 Ἐξκουϐίτων
900 4225 1150 4298 Ἰωάννης
1175 4228 1204 4280 6
1230 4227 1482 4300 Γράψων,
1505 4228 1597 4282 τοῦ
1638 4229 1693 4283 δὲ
1730 4230 1821 4282 litat
1833 4232 1988 4285 Jdttou

386 4314 418 4365 6
440 4308 543 4363 τοῦ
571 4311 837 4384 Μαρούλη
871 4316 1006 4379 υἱός·
1035 4316 1315 4388 Ῥωμανδς
1348 4317 1405 4372 δὲ
1424 4319 1735 4391 ὀἈργυρὺς
1760 4320 1992 4393 ἐστρατ-

390 4406 519 4475 ήγει
577 4406 673 4458 καὶ
720 4405 875 4462 Λέων
904 4409 932 4461 6
975 4407 1204 4478 ἀδελφὸς
1246 4409 1414 4463 αὑτοῦ
1442 4410 1536 4463 καὶ
1564 4411 1826 4480 Βάρδαςό
1870 4413 1989 4467 Φω-

397 4501 519 4562 κᾶς,
550 4494 637 4562 οἷς
685 4500 852 4571 συνῆν
895 4501 995 4571 μὲν
1025 4502 1069 4535 ⁶⁸
1093 4503 1190 4557 καὶ
1234 4505 1263 4556 6
1291 4504 1501 4569 Μελίας
1531 4505 1670 4575 μετὰ
1706 4506 1817 4559 τῶν
1866 4506 1991 4578 Ἀρι

2080 2015 2145 2054 ac
2166 1998 2507 2057 Athenarum
2542 2006 2726 2075 populi
2752 2007 3013 2075 civesque
3043 2006 3323 2061 continuis
3361 2005 3542 2061 Cbase
3574 2005 3672 2060 lilii

2079 2087 2233 2145 Jubae
2280 2092 2501 2161 injuriis
2533 2096 2734 2158 vexati,
2770 2096 2891 2165 ejus
2940 2096 3216 2151 luxuriam
3260 2096 3675 2167 inexplebilem.

2080 2198 2189 2253 que
2248 2186 2603 2254 cupiditatem
2683 2188 2826 2243 ferte
2888 2203 2997 2243 non
3058 2189 3337 2253 valentes,
3404 2188 3675 2258 lapidibus

2083 2273 2342 2329 obrutum
2376 2277 2522 2331 intra
2556 2279 2735 2348 ipsum
2787 2280 3130 2336 Athenarum
3166 2280 3351 2351 templi
3395 2281 3675 2349 penetrale

2082 2365 2224 2420 male
2255 2366 2670 2425 interemerunt.

2158 2460 2240 2515 IO.
2277 2460 2387 2517 Zoc
2416 2478 2581 2532 porro
2617 2464 2861 2536 Angusta
2895 2466 3073 2522 elatos
3116 2465 3407 2538 Sytueouis
3458 2467 3675 2521 animos

2082 2550 2277 2608 videns
2314 2554 2546 2625 ejusque
2597 2559 2865 2615 adversus
2898 2559 3245 2615 Christianos
3276 2561 3701 2631 grassationem-

2083 2660 2191 2699 non
2230 2647 2431 2715 ferens,
2464 2665 2521 2705 re
2550 2666 2676 2705 cum
2703 2652 3070 2717 eptitnatibus
3100 2653 3427 2716 deliberata,
3481 2652 3665 2708 foedus

2084 2737 2229 2793 icere
2256 2754 2561 2810 pacemque
2616 2758 2951 2812 componere
2976 2760 3101 2799 cum
3137 2745 3403 2815 Agarenis
3462 2744 3677 2809 statuit,

2083 2850 2387 2907 omnesque
2436 2838 2579 2894 Asia:
2622 2840 2811 2909 copias
2862 2840 2930 2895 ad
2966 2842 3352 2897 debellandum
3383 2840 3681 2913 proﬂigan-

2082 2929 2325 3000 dumqtte
2354 2930 2682 3003 Symeouetu
2717 2933 2997 3002 trajicere.
3038 2933 3188 2991 Missi
3214 2935 3447 3005 proinde
3484 2934 3535 2987 in
3570 2932 3678 3005 Sy-

2085 3021 2221 3076 riam
2254 3022 2494 3079 Joannes
2526 3023 2816 3081 Rbodinus
2853 3027 3121 3095 patricius
3149 3037 3200 3082 et
3236 3026 3469 3082 Michael
3499 3025 3680 3081 Toxa—

2086 3131 2214 3179 ras,
2288 3116 2384 3186 qui
2454 3116 2887 3186 paciscerentur.
2942 3117 3064 3186 Quo
3115 3127 3362 3188 peracto,
3419 3128 3681 3174 consueta

2083 3208 2406 3277 erOgatione
2437 3209 2643 3264 donato
2674 3210 2871 3275 milite,
2901 3210 3204 3282 assumptis
3258 3210 3585 3266 cohortibus
3615 3226 3682 3264 ac

2088 3299 2395 3369 legionibus
2458 3300 2511 3354 in
2586 3300 2883 3357 Thraciam
2954 3303 3353 3365 transmisere.
3412 3301 3683 3371 magistro

2090 3390 2270 3447 Leone
2309 3391 2495 3448 Pltoca
2549 3393 2869 3450 scholarum
2923 3394 3251 3461 domestico,
3301 3394 3421 3449 viro
3470 3393 3684 3450 scilicet

2089 3486 2392 3555 majoribus
2419 3486 2624 3543 animis
2654 3504 2820 3559 quam
2872 3488 3230 3559 imperatoria
3268 3488 3494 3544 solertia
3540 3501 3681 3557 pra:-

2087 3580 2222 3635 tlitn.
2257 3579 2482 3638 Eductis
2509 3584 2698 3654 itaque
2723 3582 3135 3638 venerabilibus
3167 3598 3233 3638 ac
3258 3580 3491 3635 vivificis
3517 3579 3687 3651 389

2090 3674 2274 3744 lignis,
2305 3674 2653 3731 Constantini
2678 3677 2907 3747 palatini
2938 3676 3073 3733 cieri
3111 3675 3463 3732 sacerdotum
3496 3674 3681 3743 primi,

2089 3781 2456 3837 cognomento
2483 3768 2758 3838 Cephalae,
2780 3768 3241 3839 Constantinique
3258 3766 3474 3822 Balella:
3495 3780 3682 3835 opera.

2090 3858 2145 3912 in
2171 3856 2432 3922 Thracia,
2466 3874 2592 3914 cum
2620 3874 2816 3914 omnes
2846 3861 2959 3916 haec
2991 3858 3239 3916 venerati
3272 3869 3465 3916 essent
3508 3874 3680 3929 sequo

2092 3966 2199 4005 una
2268 3951 2701 4006 commorituros
2769 3950 3135 4021 jurejurando
3212 3950 3558 4015 ﬁrmassent,
3630 3950 3684 4004 in

2094 4040 2407 4112 Bulgariam
2453 4040 2686 4112 profecti
2736 4052 2863 4097 sunt
2910 4058 3033 4096 cum
3090 4043 3350 4098 universo
3415 4044 3683 4098 exercitu.

2092 4135 2375 4189 Praeerant
2405 4132 2649 4189 excubiti
2688 4143 2882 4188 turma:
2910 4132 3155 4190 Joannes
3189 4133 3425 4203 Grapso,
3476 4133 3684 4190 lcanati

2095 4244 2227 4284 vero
2254 4227 2487 4284 Marulis
2518 4227 2685 4283 ﬁlius.
2725 4226 3009 4282 Romanus
3059 4228 3306 4297 Argyrus
3348 4227 3505 4281 ducis
3534 4237 3687 4296 pote-

2093 4330 2235 4378 state
2262 4330 2516 4393 praecrat,
2548 4321 2781 4392 ejusque
2831 4318 3002 4375 frater
3051 4318 3161 4374 Leo
3203 4328 3257 4374 et
3300 4318 3506 4375 Bardas
3549 4317 3687 4373 Pho-

2097 4432 2231 4484 cas;
2286 4416 2620 4487 quibuscum
2672 4426 2789 4472 erat
2841 4426 2895 4471 et
2956 4412 3145 4469 Melias
3207 4428 3334 4469 cum
3382 4412 3681 4478 Armeniis,

2097 4508 2301 4579 aliique
2332 4522 2527 4566 omnes
2559 4508 2860 4564 thematum
2894 4507 3084 4563 duces.
3118 4505 3326 4562 Practer
3373 4506 3512 4561 alios
3557 4521 3686 4559 vero

403 4590 601 4657 μενίων
632 4591 732 4644 καὶ
766 4594 813 4645 οἱ
842 4592 989 4648 ἄλλοι
1020 4594 1222 4659 πάντες
1251 4599 1549 4668 στρατηγοὶ
1580 4597 1690 4652 τῶν
1714 4599 1983 4671 θεμάτων,

2098 4598 2264 4652 etiam
2297 4613 2423 4653 cum
2457 4598 2635 4653 Leone
2665 4597 2974 4653 domestico
3005 4606 3125 4652 erat
3154 4595 3557 4652 Constantinus
3590 4611 3685 4666 pa-

398 4683 567 4751 συνῆν
602 4682 663 4737 δὲ
699 4684 795 4737 καὶ
830 4685 967 4756 πρὸς
1018 4688 1133 4750 τοῖς
1164 4686 1345 4752 ἄλλοις
1374 4690 1403 4742 6
1432 4689 1845 4755 Κωνσταντῖνος
1878 4708 1988 4745 παι

2095 4690 2287 4747 tricius
2317 4689 2471 4758 Al'er,
2504 4689 2599 4761 qui
2630 4690 2750 4760 ejus
2782 4690 3036 4745 consiliis
3064 4690 3117 4744 in
3161 4690 3426 4745 omnibus
3457 4706 3582 4760 quae
3613 4692 3680 4744 ad

390 4775 612 4845 τρίκιος
634 4778 662 4829 6
688 4775 798 4847 Λὶψ
829 4778 1018 4832 Λέοντι
1043 4779 1374 4852 δομεστίκῳ,
1413 4780 1718 4848 σύμϐουλος
1738 4783 1903 4836 αὐτοῦ
1935 4784 1983 4837 ἐν

2094 4784 2276 4855 ipsum
2302 4784 2614 4839 attinebant
2663 4792 2932 4839 uteretur.
2970 4782 3175 4839 Mensis
3208 4786 3393 4854 itaque
3449 4784 3685 4854 Augusti

389 4870 535 4923 πᾶσι
566 4871 681 4932 τοῖς
704 4871 1003 4942 ἀνήκουσιν
1024 4870 1120 4926 ὥν.
1169 4874 1318 4944 Μηνὶ
1339 4873 1397 4927 δὲ
1440 4872 1740 4945 Αὐγούστῳ
1789 4874 1992 4940 εἰκάδι,

2096 4879 2186 4934 die
2239 4877 2527 4948 vigesima,
2594 4876 2898 4933 indictione
2955 4880 3168 4947 quinta,
3208 4876 3491 4931 Romanos
3546 4876 3689 4931 inter

392 4961 738 5028 ἔνδικτιῶνος
771 4970 832 5030 ε’,
879 4966 908 5019 6
935 4964 1174 5034 πόλεμος
1198 4966 1404 5035 μεταξὺ
1457 4966 1751 5035 Ῥωμαίων
1782 4984 1839 5020 τε
1900 4968 1983 5021 καῖ

2096 4980 2261 5042 atque
2283 4970 2551 5041 Bulgaros
2582 4971 2648 5025 ad
2684 4970 2984 5026 Acheloum
3009 4969 3214 5025 (lumen
3248 4969 3544 5026 commissa
3577 4984 3680 5038 pu-

390 5050 732 5123 Βουλγάρων
760 5054 898 5125 πρὸς
927 5052 1007 5125 τῷ
1043 5054 1293 5127 Ἀχελῴῳ
1342 5057 1784 5128 συγκεκρότηται
1819 5073 1992 5110 ποτα-

393 5145 488 5217 μῷ
511 5160 526 5174 ·
558 5147 657 5199 καὶ
684 5141 790 5216 (οἷα
816 5148 883 5200 τὶ
907 5148 1004 5201 τοῦ
1029 5147 1167 5201 Θεοῦ
1191 5148 1437 5218 κρίματα
1458 5190 1471 5213 ,
1500 5148 1574 5212 ὡς
1591 5150 1992 5221 ἀνεξερεύνητα

392 5240 497 5293 καὶ
522 5237 982 5312 ἀνεξιχνίαστα,)
1028 5241 1320 5312 τρέπονται
1364 5241 1626 5313 Ῥωμαῖοι
1682 5246 1993 5315 πανστρατὶ

391 5332 495 5385 καὶ
530 5331 722 5400 γέγονε
780 5331 926 5403 φυγὴ
988 5332 1256 5404 παντελὴς
1306 5334 1400 5388 καὶ
1429 5334 1710 5406 φρικώδης
1737 5336 1991 5409 ὀλολυγὴ,

396 5425 512 5478 τῶν
556 5424 658 5495 μὲν
689 5425 784 5478 ὑπ’
809 5424 1062 5497 ἀλλήλων
1095 5428 1593 5497 συμπατουμένων,
1650 5427 1759 5481 τῶν
1792 5429 1848 5482 δὲ
1888 5428 1994 5482 ὑπὸ

392 5517 512 5571 τῶν
548 5517 829 5588 πολεμίων
864 5518 1300 5590 ἀναιρουμένων,
1353 5518 1586 5589 αἵματός
1618 5536 1673 5572 τε
1715 5521 1873 5590 χύσις
1903 5520 1992 5574 οἵα

393 5610 455 5676 εἷς
505 5609 709 5674 αἰῶνος
740 5610 803 5665 ού
839 5611 1087 5681 γέγονεν.
1128 5611 1186 5665 ’0
1240 5611 1297 5665 δὲ
1353 5613 1501 5666 Λέων
1563 5614 1619 5666 ἐν
1657 5614 1993 5687 Μεσημϐρίᾳ

390 5703 637 5774 διεσώθη
672 5703 887 5774 φυγών.
934 5704 1182 5776 Ἐσφάγη
1209 5704 1264 5758 δὲ
1298 5705 1434 5774 πρδς
1486 5706 1597 5769 τοῖς
1632 5706 1807 5769 ἄλλοις
1839 5708 1896 5759 ὲν
1926 5710 1991 5779 τῇ

2101 5077 2206 5133 gna
2239 5062 2382 5131 (quae
2408 5060 2502 5115 Dei
2526 5061 2756 5131 judicia,
2791 5079 2954 5132 quam
2980 5062 3357 5117 inscrutabilia
3395 5070 3449 5116 et
3479 5063 3690 5131 imper-

2102 5151 2442 5222 vcstigahilia
2470 5151 2520 5222 !)
2554 5150 2786 5207 Romani
2812 5169 3003 5209 omnes
3033 5153 3139 5208 fusi
3187 5153 3493 5225 fugatique,
3553 5152 3684 5207 bor-

2102 5247 2272 5303 rettdo
2299 5263 2399 5318 per
2423 5247 2727 5303 exercitum
2758 5263 2977 5302 omnem
3030 5247 3267 5309 ululatu,
3314 5262 3439 5300 cum
3490 5261 3549 5300 se
3590 5246 3682 5301 alii

2101 5337 2241 5394 alios
2265 5339 2679 5403 conculcarent,
2717 5338 2857 5393 alios
2892 5338 3079 5393 hostes
3114 5338 3470 5406 perimerent,
3531 5345 3681 5391 tanta

2104 5429 2391 5485 hominum
2426 5440 2609 5503 strage
2653 5439 2857 5502 quanta
2895 5445 3045 5485 neca
3074 5430 3274 5484 saeculo
3339 5430 3523 5482 audita
3580 5440 3683 5482 est.

2104 5520 2214 5577 Leo
2247 5536 2387 5592 :rgre
2426 5523 2479 5577 in
2506 5522 2891 5578 Mesembriam
2922 5536 3115 5592 sospes
3143 5522 3343 5577 evasit.
3375 5519 3683 5574 Desiderati

2103 5632 2213 5685 prae
2239 5616 2360 5670 aliis
2398 5617 2450 5670 in
2488 5618 2602 5687 ipsa
2641 5632 2835 5689 pugnae
2864 5615 3259 5687 congressione
3288 5613 3687 5669 Constantinus

2102 5707 2232 5761 Afer
2282 5717 2337 5762 et
2396 5707 2636 5763 Joanttrs
2693 5709 2903 5778 G‘rapso
2957 5722 3359 5778 procerumque
3428 5705 3515 5758 :tlii
3578 5721 3685 5759 non

1761 5797 1993 5856 VARIEE
2037 5798 2445 5856 LE'J‘IONES.

467 5895 517 5927 ”
553 5893 682 5969 μὶν]
711 5895 767 5949 δὲ
796 5892 836 5948 Ρ
