4136 6424
501 420 604 486 407
641 466 650 473 ~

1610 406 2119 472 THEOPHANES
2140 407 2416 467 CONTIN
2428 408 2696 469 UATUS.

3669 407 3779 471 403

504 529 685 598 pauci.
719 528 919 583 Missus
951 538 1069 583 erat
1094 537 1148 582 et
1177 524 1462 578 Romanus
1485 526 1561 576 rei
1597 518 1804 574 navalis
1835 518 2067 582 drunga-

2190 514 2284 567 τοῦ
2336 515 2575 585 πολέμου
2620 516 2861 587 συμϐολῇ
2897 518 2981 589 [Β.
3011 516 3140 589 241]
3172 518 3269 570 καὶ
3301 518 3710 579 Κωνσταντῖνος
3745 522 3775 572 6

506 623 625 676 rius
657 636 780 675 cum
806 619 957 675 omni
977 620 1174 684 classe,
1211 627 1272 672 ut
1308 614 1542 670 Danubii
1572 613 1753 667 littora
1787 610 1992 679 legeret
2020 622 2085 661 ac

506 712 678 768 Leoni
709 712 908 767 Phocze
940 727 1101 781 opem
1162 710 1370 776 ferret;
1421 705 1663 768 Joannes
1708 705 1835 758 item
1884 701 2081 768 Bogas,

507 805 597 859 uti
643 805 852 860 dictum
908 815 1012 868 est,
1068 804 1161 873 qui
1214 803 1533 873 Patzinacas
1580 797 1891 856 adduceret.
1920 791 2091 863 390

501 897 750 967 Cumque
783 896 1067 953 Romanus
1105 896 1442 965 drungarius
1467 893 1520 947 in
1544 886 2083 955 mandatisaccepis-

502 1000 585 1045 set
614 998 677 1044 ut
701 1004 843 1060 quos
871 990 1122 1045 dicebam
1156 987 1499 1046 Patzinacas,
1527 985 1789 1039 adversus
1822 979 2083 1048 Bulgaros

502 1078 673 1134 Leoni
724 1082 920 1136 Phocte
978 1080 1183 1136 auxilio
1229 1080 1463 1143 futuros,
1522 1075 1821 1143 trajiceret,
1884 1070 2084 1125 Roma-

502 1189 721 1243 nusque
753 1184 809 1230 et
859 1172 1101 1229 Joannes
1148 1175 1201 1227 iu
1242 1170 1624 1226 contentiones
1680 1166 2083 1231 verborumque

500 1268 731 1324 dissidia
769 1266 910 1321 versi
933 1276 1141 1331 essent,
1177 1266 1426 1319 videntes
1458 1261 1770 1317 Patzinacae
1812 1259 1894 1313 sic
1942 1257 2082 1309 inter

501 1374 563 1413 se
581 1359 862 1414 discordes
883 1368 1046 1426 atque
1072 1366 1399 1425 pugnantes,
1426 1354 1647 1409 domum
1675 1350 1907 1404 rediere.
1936 1347 2082 1401 Bello

500 1459 684 1503 autem
743 1449 901 1503 ﬁnito
969 1448 1318 1516 reversisque
1366 1447 1419 1500 in
1468 1446 1660 1499 urbem
1717 1444 1966 1497 Romano
2020 1455 2082 1493 ac

499 1539 666 1608 Baga,
699 1548 843 1594 mota
869 1539 1109 1608 quaestio,
1134 1549 1217 1593 est
1249 1538 1318 1592 de
1341 1552 1533 1592 eorum
1568 1534 1821 1590 dissidio.
1871 1529 1974 1585 Ubi
2027 1531 2079 1584 in

501 1638 709 1689 tantum
740 1630 1048 1700 periculum
1072 1630 1322 1687 adductae
1350 1629 1583 1685 Romani
1618 1624 1907 1695 drungarii
1967 1640 2077 1689 res,

500 1721 896 1779 utamissiouis
923 1721 1194 1776 luminum
1223 1722 1276 1775 in
1312 1736 1371 1775 se
1410 1720 1699 1774 adversam
1750 1716 2077 1772 sententiam

499 1812 705 1880 tulerit,
737 1814 885 1868 velut
915 1813 1008 1882 qui
1039 1814 1369 1882 negligentia
1402 1828 1498 1867 seu
1531 1811 1711 1879 potius
1743 1810 1909 1863 animi
1941 1824 2068 1877 pra-

496 1903 663 1957 vitate
693 1918 758 1957 ac
782 1904 1019 1972 nequitia
1054 1911 1255 1973 praesto
1282 1917 1390 1956 non
1438 1901 1655 1966 fuisset,
1704 1909 1764 1955 ut
1815 1897 2072 1954 Patzina-

494 2011 587 2050 cas
619 1996 916 2065 trajiceret,
941 1997 1035 2051 sed
1066 2012 1125 2052 se
1149 1996 1317 2051 citius
1350 1995 1708 2050 subduxissst
1740 2011 1754 2060 ;
1793 1991 1885 2062 qui
1917 1990 2076 2045 deni-

496 2102 605 2154 que
670 2103 738 2142 ne
814 2087 1096 2145 Romanos
1181 2087 1405 2156 quidem
1479 2085 1754 2154 fugientes
1837 2082 2077 2138 navibus

492 2181 819 2249 excepisset.
851 2182 929 2235 Ac
954 2188 1103 2235 certe
1130 2180 1305 2235 oculis
1342 2179 1555 2244 luisset,
1579 2178 1688 2233 nisi
1711 2176 2076 2232 Constantino

490 2271 735 2343 Conger
766 2282 820 2327 et
863 2273 1127 2343 magistro
1178 2272 1479 2341 Stephano,
1517 2287 1626 2341 qua
1679 2271 1855 2341 apud°
1890 2270 2076 2337 Augu-

492 2374 630 2419 stam
662 2366 991 2419 auctoritate
1035 2365 1198 2434 longe
1228 2367 1467 2417 maxima
1526 2364 1827 2432 pollebant,
1882 2362 2076 2416 conni-

491 2456 734 2510 tentibus
770 2456 823 2509 in
859 2457 1199 2510 contrarium
1260 2456 1529 2510 sententia
1582 2455 1660 2509 illi
1695 2469 1852 2508 versa
1906 2462 2071 2507 esset.

490 2547 739 2616 Bulgaris
765 2559 943 2602 autem
978 2549 1202 2603 victoria
1245 2549 1405 2604 elatis
1439 2548 1507 2601 ad
1561 2550 1846 2617 ipsamque
1880 2546 2070 2600 urbem

488 2641 932 2705 excurrentibus,
989 2657 1112 2696 cum
1182 2641 1292 2696 Leo
1368 2642 1681 2698 scholarum
1739 2640 2073 2696 domesticus

486 2729 1206 2801 Joannesquehetaeriarcha
1236 2742 1289 2787 et
1336 2734 1594 2789 Nicolaus
1630 2734 1785 2789 ducis
1820 2734 1984 2798 ﬁlius,
2018 2736 2070 2787 in

488 2816 739 2874 Thraciae
769 2820 946 2875 locum
996 2838 1157 2892 quem
1194 2824 1510 2895 Catasyrtas
1540 2834 1755 2890 vocant,
1816 2824 2071 2879 conferto

488 2911 706 2980 agmine
743 2913 1006 2969 adversus
1040 2916 1305 2985 Bulgaros
1331 2928 1520 2971 essent
1549 2919 1776 2987 egressi,
1804 2926 1970 2972 noctu
2002 2933 2067 2971 ex

489 3003 789 3071 improviso
822 3006 1159 3061 irruentibus
1202 3008 1254 3061 in
1284 3024 1378 3063 eos
1410 3009 1659 3079 Bulgaris
1682 3025 1744 3065 ac
1768 3008 2071 3064 domestico

487 3094 540 3148 in
567 3094 749 3165 fugam
783 3113 941 3155 verso
974 3097 1235 3159 Nicolaus
1257 3102 1415 3156 ducis
1454 3100 1599 3157 ﬁlius
1625 3118 1749 3157 cum
1778 3103 1897 3159 aliis
1921 3105 2065 3158 mul-

487 3186 554 3243 tis
579 3188 797 3247 occisus
819 3199 923 3255 est.

555 3458 642 3511 11.
693 3456 1018 3514 Theodorus
1080 3459 1260 3530 itaque
1309 3461 1655 3518 Constantini
1708 3466 2064 3535 imperatoris

481 3552 831 3621 paedagogus,
882 3551 1306 3607 Constantinum
1353 3554 1725 3609 accubitorem
1770 3556 2061 3623 imperium

483 3628 780 3699 transferre
832 3644 1146 3700 molientem
1206 3646 1258 3715 in
1310 3645 1549 3702 Leonem
1610 3648 1963 3725 suum
1997 3666 2063 3703 ex

479 3753 669 3793 sorore
700 3738 914 3793 aﬁinem
950 3722 1420 3803 animadvertens,
1474 3738 1841 3795 Constantino
1892 3722 2063 3810 impe-

478 3830 649 3885 ratori
683 3841 875 3884 auctor
922 3839 1007 3885 est
1048 3838 1105 3883 ut
1148 3830 1458 3886 Romanum
1502 3830 1866 3900 drungarium
1908 3847 2063 3886 assu-

479 3931 611 3987 mat,
646 3923 792 3976 velut
822 3924 952 3977 olim
1004 3922 1176 3992 patris
1210 3938 1430 3978 servum
1464 3923 1761 3991 ingenuum
1810 3922 2064 3993 illiusque

478 4029 747 4084 propensa
782 4016 1060 4070 voluntate
1087 4016 1249 4070 rebus
1285 4015 1618 4080 studentem,
1656 4026 1714 4069 ut
1763 4031 1888 4070 cum
1942 4017 2062 4085 ipso

478 4114 712 4172 maneat,
748 4118 1043 4178 custosque
1071 4116 1126 4162 et
1159 4108 1356 4162 vindex
1392 4118 1554 4177 atque
1616 4108 1893 4175 defensor,
1939 4125 2062 4165 cum

474 4214 698 4254 necesse
727 4199 911 4266 fuerit,
949 4200 1023 4253 illi
1055 4200 1311 4254 exsistat.
1347 4199 1633 4256 Romanus
1659 4202 1724 4255 de
1751 4203 1833 4261 his
1858 4204 2062 4271 sa‘pius

473 4291 858 4361 interpellatus
893 4292 1095 4346 renuit.
1140 4290 1487 4359 Quapropter
1517 4291 1920 4346 Constantinus
1947 4294 2063 4361 ipse

474 4383 772 4454 imperator
825 4385 1034 4437 litteras
1077 4384 1300 4453 prOpria
1335 4399 1498 4435 manu
1532 4394 1785 4443 exaratos
1818 4387 2060 4440 subscri-

472 4476 766 4543 ptioneque
796 4474 1040 4529 ﬁrmatas
1067 4474 1132 4526 ad
1158 4489 1283 4528 eum
1326 4475 1530 4540 tuittit;
1581 4475 1781 4544 quibus
1829 4477 1917 4531 iile
1967 4495 2056 4533 ac-

2186 608 2296 677 Λὶψ
2320 609 2414 661 καὶ
2457 609 2712 680 Ἰωάννης
2740 610 2768 661 ὁ
2808 610 3035 680 Γράψων
3064 612 3157 663 καὶ
3182 611 3332 665 ἄλλοι
3357 610 3467 663 τῶν
3492 611 3775 680 ἀρχόντων

2190 705 2383 760 ἱκανοί.
2403 706 2709 777 Ἀπεστάλη
2736 707 2792 760 δὲ
2818 708 2912 763 καὶ
2947 706 3225 777 Ῥωμανὸς
3256 708 3545 777 πατρίκιος
3572 708 3776 777 δρουγ-

2187 796 2378 867 γάριος
2416 795 2489 849 ὢν
2527 797 2635 850 τῶν
2669 798 2932 868 πλωῖμων
2962 802 3099 869 μετὰ
3128 799 3331 862 παντὸς
3359 798 3452 852 τοῦ
3488 800 3679 853 στόλου
3712 802 3779 854 ἐν

2186 890 2262 958 τῷ
2296 891 2574 961 Δανουϐίῳ
2625 891 2856 961 ποταμῷ
2907 891 3172 961 βοηθῆσαι
3209 891 3399 944 Λέοντι
3452 890 3530 960 τῷ
3563 892 3771 961 Φωκᾷ’

2185 984 2322 1036 ἀλλὰ
2348 984 2440 1036 καὶ
2481 985 2735 1055 Ἰωάννης
2764 987 2792 1037 6
2820 986 2997 1051 Βογδις
3028 986 3365 1051 καταγαγεῖν
3400 983 3771 1051 Πατξινάκας,

2183 1074 2259 1138 ὡς
2292 1077 2529 1145 εἴρηται.
2562 1076 2964 1139 Κελευσθέντος
3014 1075 3070 1129 δὲ
3108 1075 3205 1129 τοῦ
3234 1075 3602 1144 δρουγγαρίου
3638 1077 3767 1131 Ῥω-

2188 1165 2362 1236 μανοῦ
2409 1166 2634 1229 τούτους
2666 1168 3009 1235 διαπερᾶσαι
3054 1166 3197 1218 κατὰ
3247 1164 3576 1234 Βουλγάρων
3629 1165 3770 1219 ὥστε

2187 1259 2548 1327 συμμαχῆσαι
2570 1259 2759 1311 Λέοντι
2782 1258 2859 1327 τῷ
2885 1260 3067 1329 Φωκᾷ,
3086 1257 3367 1326 Ῥωμανοῦ
3398 1258 3452 1312 δὲ
3476 1258 3569 1310 καὶ
3587 1259 3774 1313 Ἰωάν-

2183 1367 2275 1403 νου
2310 1353 2389 1414 εἰς
2431 1352 2615 1421 ἐριδας
2646 1353 2741 1404 καὶ
2795 1352 3132 1420 λογομαχίας
3188 1351 3474 1412 ἐλθόντων,
3534 1350 3771 1422 ὁρῶντε,

2183 1443 2381 1506 αὐτοὺς
2406 1445 2453 1495 oi
2494 1444 2835 1507 Πατζινάκαι
2868 1445 3003 1514 πρὸς
3033 1444 3295 1515 ἀλλήλους
3330 1444 3779 1514 διαμαχομένους

2183 1535 2274 1588 καὶ
2297 1535 2754 1600 συστασιάζοντας
2783 1534 3145 1607 ὑπεχώρησαν
3175 1538 3252 1599 είς
3283 1536 3349 1588 τὰ
3386 1536 3512 1589 ἴδια.
3541 1536 3647 1588 Τοῦ
3675 1553 3777 1587 πο-

2183 1628 2349 1695 λέμου
2376 1627 2430 1679 δὲ
2480 1628 2631 1692 τέλος
2663 1628 2936 1693 λαϐόντος,
2974 1630 3067 1682 καὶ
3100 1629 3558 1700 ὑποστρεψάντων
3592 1629 3651 1680 ἐν
3702 1629 3772 1697 τῇ

2182 1719 2335 1771 πόλει
2363 1718 2457 1770 τοῦ
2503 1736 2560 1770 τε
2610 1719 2893 1787 Ῥωμανοῦ
2924 1719 3135 1772 καὶτοῦ
3168 1722 3337 1787 Βογδὶ,
3376 1720 3444 1772 τὰ
3468 1718 3591 1771 καθ’
3637 1720 3770 1771 ἐαυ-

2182 1811 2288 1863 τῶν
2319 1810 2653 1882 ἐκινήθησαν
2671 1828 2682 1841 ·
2714 1814 2805 1864 καὶ
2824 1814 2903 1874 εἰς
2921 1812 3173 1865 τοσοῦτον
3198 1814 3445 1865 κίνδυνον
3469 1811 3559 1863 τὸν
3576 1809 3772 1877 δρουγ-

2183 1904 2376 1971 γάριον
2421 1901 2702 1970 Ῥωμανὸν
2751 1903 3139 1971 περιέστησαν,
3176 1902 3315 1956 ὥστε
3351 1900 3445 1963 καὶ
3472 1899 3770 1953 καταδικά-

2180 1994 2379 2059 ζουσαν
2407 1994 2590 2063 ψῆφον
2637 1993 2938 2065 ἐξήνεγκαν
2973 1993 3080 2045 τῶν
3111 1993 3407 2062 ὀφθαλμῶν
3432 1990 3777 2060 στερηθῆναι

2178 2090 2252 2152 ὡς
2279 2087 2530 2159 ἀμελείᾳ,
2569 2088 2771 2157 μᾶλλον
2817 2088 2874 2141 δέ
2910 2089 3221 2158 κακουργία
3250 2090 3324 2157 μὴ
3355 2086 3779 2156 διαπεράσαντα⁸

2178 2181 2305 2244 τοὺς
2330 2180 2696 2245 Πατζινάκας,
2729 2180 2843 2233 ἁλλ’
2871 2181 3306 2250 ὑποχωρήσαντα
3323 2180 3508 2245 τάχιον
3533 2178 3626 2230 καὶ
3660 2194 3773 2245 μη-

2177 2275 2233 2326 δὲ
2259 2273 2383 2335 τοὺς
2423 2271 2723 2339 φεύγοντας
2764 2270 3053 2340 Ῥωμαίων
3080 2272 3135 2322 ἐν
3172 2272 3283 2332 τοῖς
3309 2270 3519 2332 πλοίοις
3570 2268 3769 2320 ὑποδε-

2179 2363 2430 2432 ξάμενον.
2469 2363 2579 2414 Καὶ
2615 2362 2772 2415 τοῦτο
2808 2361 2873 2414 ἂν
2906 2361 3217 2423 ἐπεπόνθει,
3244 2362 3291 2412 εἰ
3324 2361 3397 2430 μὴ
3430 2359 3582 2430 παρὰ
3610 2360 3770 2412 Κων-

2180 2456 2458 2509 σταντίνου
2498 2455 2790 2525 πατρικίου
2824 2453 2920 2507 τοῦ
2948 2453 3195 2523 Γογγύλη
3224 2453 3318 2507 καὶ
3349 2454 3623 2521 Στεφάνου
3661 2471 3769 2522 μα-

2177 2548 2422 2617 γίστρου,
2454 2545 2528 2608 ὡς
2550 2544 2864 2613 δυναμένων
2883 2544 3031 2613 παρὰ
3059 2546 3125 2612 τῇ
3161 2542 3451 2615 Αὑγούστῃ
3474 2541 3667 2606 πολλὰ,
3695 2543 3768 2596 τὰ

2176 2642 2274 2709 τῆς
2302 2638 2594 2710 καταδίκης
2625 2637 2927 2708 ἀνετράπη.
2958 2636 3079 2688 Τῶν
3109 2636 3165 2688 δὲ
3197 2636 3520 2706 Βουλγάρων
3546 2639 3610 2706 τῇ
3636 2636 3766 2706 νίκῃ

2176 2731 2633 2802 κατεπαρθέντων
2657 2731 2751 2783 καὶ
2794 2728 3313 2795 ἐκστρατευσάντων
3348 2729 3511 2797 μέχρι
3538 2731 3636 2797 τῆς
3663 2728 3761 2781 πό-

2172 2827 2331 2889 λεως,
2375 2822 2568 2893 ἐξῆλθε
2616 2823 2768 2875 Λέων
2820 2824 2848 2874 6
2896 2820 3364 2890 δομέστικοςτῶν
3410 2820 3616 2889 σχολῶν
3668 2819 3750 2872 καὶ

2188 2918 2438 2987 Ἰωάννης
2495 2918 2522 2969 6
2575 2914 2961 2984 ἐταιρειάρχης
2996 2914 3088 2966 καὶ
3140 2912 3409 2971 Νικόλαος
3439 2914 3466 2964 6
3498 2912 3613 2975 υἱὸς
3666 2910 3757 2964 τοῦ

2173 3008 2361 3071 δουκὸς
2403 3008 2483 3069 εἰς
2505 3006 2680 3075 χῶρον
2696 3005 2958 3075 Θρακῴον
2977 3003 3120 3056 οὕτω
3152 3003 3444 3070 λεγόμενον
3468 3003 3764 3072 Κατασύρ-

2172 3120 2271 3165 τας
2303 3102 2421 3170 ἆμα
2456 3098 2693 3167 πλείστῳ
2712 3097 2829 3166 λαῷ
2863 3096 3007 3150 κατὰ
3044 3095 3390 3165 Βουλγάρων.
3418 3097 3493 3166 Τῇ
3523 3096 3576 3148 δὲ
3605 3094 3763 3148 νυκτὶ

2097 3210 2140 3268 c
2174 3197 2454 3266 ἀδοκήτως
2487 3193 2860 3248 ἐπιπεσόντων
2902 3191 3087 3252 αὐτοῖς
3113 3190 3221 3243 τῶν
3257 3189 3600 3260 Βουλγάρων,
3661 3189 3761 3242 καὶ

2170 3288 2263 3341 τοῦ
2294 3287 2617 3357 δομεστίκου
2651 3284 2934 3353 φυγόντος,
2961 3284 3175 3351 ἐσφάγη
3198 3280 3464 3345 Νικόλαος
3491 3284 3518 3335 6
3536 3280 3646 3343 υίὸς
3663 3279 3761 3333 τοῦ

2169 3380 2360 3440 δουκδς
2386 3378 2479 3431 καὶ
2507 3376 2694 3429 πολλοὶ
2727 3375 2910 3445 ἐτεροι
2947 3376 3064 3443 μετ’
3100 3374 3289 3428 αὐτοῦ.

2245 3479 2331 3525 ια’.
2368 3470 2645 3540 Θεόδωρος
2695 3464 2788 3521 οὖν
2825 3471 2861 3521 6
2888 3466 2981 3520 τοῦ
3041 3467 3305 3537 βασιλέως
3344 3466 3761 3521 Κωνσταντίνου

2168 3562 2539 3630 παιδαγωγὸς,
2580 3562 2720 3630 ὀρῶν
2779 3562 3191 3613 Κωνσταντῖνον
3256 3560 3762 3628 παρακοιμώμενον

2166 3657 2247 3717 εἰς
2277 3654 2485 3707 Λέοντα
2519 3653 2607 3704 τὸν
2664 3652 2794 3704 ἴδιον
2832 3650 3083 3720 γαμϐρὸν
3112 3650 3211 3718 τὴν
3243 3649 3523 3719 βασιλείαν
3559 3668 3765 3717 σφετε-

2168 3747 2475 3819 ριζόμενον,
2508 3743 2780 3813 ὑπέθηκεν
2809 3742 3209 3811 Κωνσταντίνῳ
3238 3740 3315 3811 τῷ
3368 3741 3579 3811 βασιλεῖ
3616 3742 3763 3793 Ῥω-

2169 3839 2338 3908 μανὸν
2369 3837 2461 3889 τὸν
2499 3836 2862 3907 δρονγγὰριον
2906 3832 3309 3902 προσλαϐέσθαι
3359 3833 3435 3894 ὡς
3485 3833 3763 3900 πατρικὸν

2164 3929 2330 3983 αὐτοῦ
2359 3928 2544 3981 δοῦλον
2597 3928 2691 3980 καὶ
2723 3924 2911 3978 εὔνουν
2943 3924 3012 3977 τὰ
3071 3924 3209 3994 πρὸς
3259 3925 3442 3989 αὑτὸν,
3490 3924 3563 3984 ὡς
3595 3922 3661 3975 ἂν

2167 4024 2265 4077 σὺν
2292 4020 2461 4089 αὐτῷ,
2490 4020 2585 4073 καὶ
2612 4018 2996 4087 διαφυλάττειν
3024 4017 3207 4080 αὐτὸν,
3250 4017 3344 4069 καὶ
3377 4017 3435 4069 ἐν
3462 4011 3543 4077 οἷς
3571 4016 3637 4068 ἂν
3661 4016 3759 4087 δὲῃ

2166 4109 2458 4179 σύμμαχον
2502 4107 2645 4176 ἔχειν
2690 4107 2785 4159 καὶ
2823 4105 3038 4176 βοηθόν.
3094 4106 3230 4175 Περὶ
3273 4105 3464 4158 τούτου
3497 4104 3589 4159 οὖν
3623 4105 3758 4157 πολ-

2164 4202 2323 4263 λάκις
2347 4199 2598 4270 λαληθεὶς
2643 4198 2921 4268 Ῥωμανὺς
2944 4197 3238 4250 ἀπείπατο.
3271 4197 3629 4267 Γραμμάτιον
3660 4194 3759 4251 οὖν

2163 4297 2197 4355 6
2223 4293 2473 4362 βασιλεὺς
2511 4292 2923 4351 Κωνσταντίνος
2948 4290 3252 4359 αὐτοχείρῳ
3285 4290 3589 4360 διαπράξας
3616 4307 3759 4362 γρα-

2165 4388 2239 4454 ιρῇ
2278 4383 2374 4437 καὶ
2433 4383 2725 4451 ὑπογραψῇ
2765 4382 3263 4451 διασφαλισάμενος
3298 4383 3620 4437 ἀπέστειλεν
3652 4385 3755 4443 αυ-

2161 4477 2239 4543 τῷ
2260 4495 2272 4507 ·
2298 4477 2434 4544 ὅπερ
2460 4474 2620 4535 αὐτὸς
2645 4473 2736 4525 ἐπὶ
2761 4476 2948 4543 χεῖρας
2967 4473 3148 4525 λαϐὼν
3184 4474 3453 4543 ὑπέσχετο
3478 4474 3578 4543 τὴν
3608 4474 3756 4527 κατὰ

470 4567 643 4636 ceptis
671 4565 1091 4620 Constantinum
1130 4566 1501 4633 accubilorem
1530 4566 1760 4635 ejusque
1789 4568 1975 4622 aliiues
1999 4585 2057 4623 se

2169 4565 2257 4619 τοῦ
2294 4563 2795 4633 παρακοιμωμένου
2828 4565 3242 4617 Κωνσταντίνου
3288 4567 3381 4618 καὶ
3411 4564 3521 4617 τῶν
3551 4581 3755 4631 συγγε-

471 4673 887 4728 aggressurum,
919 4675 1025 4724 qua
1062 4675 1156 4729 par
1190 4660 1351 4714 fuerit
1376 4662 1608 4723 ratione,
1645 4661 1919 4730 pollicitus
1952 4673 2053 4717 est.

470 4750 604 4819 Ejus
661 4750 844 4820 itaque
886 4753 961 4805 rei
1025 4753 1130 4806 late
1167 4764 1507 4822 pervagante
1570 4752 1736 4820 fama,
1811 4769 1936 4808 cum
1966 4769 2058 4809 ac-

469 4839 686 4892 eubitor
733 4838 1043 4895 Romanum
1104 4853 1319 4909 urgeret
1350 4852 1560 4898 uteum
1596 4846 1772 4900 classe
1828 4846 2052 4901 militari

464 4935 576 5003 jam
612 4933 884 5002 stipendio
916 4935 1118 4988 donata
1167 4938 1633 5005 proﬁcisceretur,
1681 4954 1803 4993 cum
1852 4937 2053 4993 Roma.

468 5041 572 5077 nus
603 5026 655 5078 in
677 5026 858 5078 navali
877 5027 1034 5094 quasi
1062 5028 1431 5081 instructurus
1460 5026 1689 5083 riassem
1711 5039 2049 5095 versaretur,

466 5118 617 5171 venit
648 5118 713 5171 ad
750 5134 873 5172 eum
911 5118 1308 5174 Constantinus
1342 5120 1623 5175 accubitor
1655 5121 1799 5175 velut
1835 5122 2053 5177 solven-

466 5210 549 5263 die
571 5210 765 5265 classis
790 5211 1065 5280 negotium
1086 5220 1483 5266 maturaturus.
1513 5211 1613 5267 Cui
1636 5212 1917 5267 Romanus
1937 5229 2056 5268 ser—

464 5303 555 5356 vili
579 5304 765 5358 habitu
800 5314 1065 5374 gestuque
1097 5305 1315 5359 obviam
1350 5305 1547 5369 factus,
1573 5306 1719 5375 quod
1756 5306 2052 5377 jubebatur

466 5397 774 5465 promptius
810 5412 868 5451 se
916 5396 1186 5453 facturum
1232 5399 1510 5467 pollicitus
1550 5410 1651 5455 est.
1686 5400 1936 5471 Cumque
1980 5418 2044 5456 ex

462 5502 528 5541 eo
551 5487 941 5543 Constantinus
969 5489 1360 5553 sciscitaretur,
1396 5506 1523 5545 num
1571 5491 1848 5561 elegantes
1896 5494 2045 5549 viros

464 5588 515 5630 ct
552 5576 742 5645 fortes,
776 5579 839 5633 ad
882 5579 1295 5650 imperatoriam
1339 5583 1722 5652 impellendam
1765 5585 2042 5641 triremem

467 5666 690 5725 iloneos
742 5671 959 5737 habeat,
1008 5674 1162 5744 jubet
1196 5676 1378 5731 statim
1413 5675 1694 5732 Romanus
1731 5693 1898 5731 manu
1939 5693 2034 5733 ex-

2158 4659 2263 4710 νῶν
2290 4655 2454 4709 αὐτοῦ
2487 4656 2751 4721 ἐπίθεσιν,
2782 4656 2865 4728 [Ρ.
2899 4656 3027 4728 242]
3055 4658 3129 4719 ὡς
3167 4658 3275 4710 δέει
3304 4657 3369 4720 ⁸⁸,
3391 4657 3751 4727 ποιήσασθαι.

2158 4752 2269 4821 Ti};
2302 4750 2489 4820 φήμης
2516 4746 2610 4802 οὖν
2635 4750 2838 4818 ταύτης
2884 4749 3205 4821 διαθεούσης
3238 4751 3328 4803 καὶ
3350 4750 3443 4803 τοῦ
3472 4766 3751 4820 παρακοιο

2159 4840 2413 4911 μωμένου
2476 4842 2987 4910 καταναγκάζοντος
3056 4843 3339 4910 Ῥωμανὶν
3410 4844 3751 4914 ἀποκινῆσαι

2158 4936 2293 5006 μετὰ
2325 4935 2415 4987 τοῦ
2459 4936 2645 4988 στόλου
2700 4936 2798 5005 τὴν
2829 4938 3225 5007 νενομισμένην
3262 4938 3429 5007 ῥόγαν
3459 4938 3744 5003 λαϐόντος,

2158 5031 2215 5081 ἐν
2246 5030 2311 5098 τῇ
2351 5027 2634 5098 ἐξαρτύσει
2665 5027 2720 5079 δέ
2746 5027 2899 5089 ὄντος
2926 5026 3020 5079 τοῦ
3058 5028 3343 5095 Ῥωμανοῦ
3374 5028 3466 5081 καὶ
3494 5030 3560 5081 τὰ
3587 5028 3744 5081 πλοῖα

2155 5112 2593 5191 εὖτρεπίζοντος,
2614 5118 2835 5187 ἐξῆλθεν
2859 5121 3268 5182 Κωνσταντῖνος
3308 5121 3746 5190 παρακοιμώμε-

2156 5232 2244 5277 νος
2277 5214 2350 5276 ὡς
2398 5212 2809 5275 ἐπισπουδάζων
2848 5212 3010 5265 αὐτὸν
3062 5212 3157 5265 τοῦ
3210 5213 3528 5268 ἐκπλεῦσαι.
3572 5217 3627 5268 Ὀ
3685 5214 3741 5266 δὲ

2153 5306 2328 5375 τούτῳ
2360 5303 2590 5373 δουλικῴ
2612 5304 2689 5372 τῷ
2740 5294 2978 5373 σχήματι
3007 5306 3448 5375 προῦπήντησεν,
3487 5308 3579 5358 καὶ
3603 5322 3739 5371 προ-

2126 5414 2129 5415 '
2159 5396 2345 5465 θύμως
2366 5396 2616 5463 ποιήσειν
2648 5394 2707 5446 τὸ
2742 5395 3099 5465 κελευόμενον
3130 5396 3532 5465 ἐπηγγέλλετο·
3568 5395 3660 5449 καὶ
3690 5398 3737 5448 εἰ

2156 5491 2266 5560 ἔχει
2302 5488 2502 5558 ἄνδρας
2526 5487 2752 5549 εὐειδεῖς
2783 5490 2876 5540 καὶ
2938 5490 3221 5556 γενναίους
3249 5490 3590 5561 ἐπιτηδείους
3640 5491 3738 5559 τὴν

2158 5582 2443 5654 βασιλικὴν
2476 5582 2719 5653 ἐρέἳτειν
2746 5584 2945 5653 τριήρη
2973 5584 3218 5645 είπόντος
3258 5584 3393 5655 πρὸς
3432 5584 3735 5654 Ῥωμανὸν,

2143 5674 2296 5740 οὗτος
2349 5675 2510 5739 εὐθὺς
2542 5673 2757 5727 ἔνευσεν
2809 5674 3018 5739 τούτοις
3048 5680 3113 5747 τῇ
3149 5678 3291 5747 χειρὶ
3342 5676 3577 5745 ἑτοίμοις
3614 5672 3737 5730 οὖσι

1767 5767 1999 5833 VARl/E
2034 5772 2443 5832 LECTIONES.
