4136 6448
477 433 574 500 lli

1569 427 2077 491 THEOPHANES
2105 400 2670 488 CONTINUATUS.

3650 414 3759 478 £12

482 560 607 600 nem
656 542 855 597 veniat.
904 540 980 597 Re
1010 539 1198 612 itaque
1247 554 1371 596 cum
1414 540 1530 595 suis
1582 540 1881 596 deliberata
1917 540 2066 611 (nam

2193 537 2375 601 ταντὸς
2409 536 2571 607 μέχρι
2599 534 2691 588 τοῦ
2755 531 3161 595 Βουκολέοντος.
3190 532 3286 595 Ὃς
3323 528 3461 601 μετὰ
3494 529 3601 583 τῶν
3655 533 3760 586 σὺν

482 635 709 706 urgebat
740 633 959 703 fatum),
1003 633 1123 703 ipso
1174 632 1676 687 intembratissimae
1708 633 1949 703 Virginis
2000 646 2065 687 ac

483 728 580 783 Dei
627 724 921 782 Genitricis
970 724 1419 778 Annuntiationis
1476 723 1709 778 solemni
1760 723 1867 790 die,
1931 721 2064 779 feria

482 820 695 891 quinta,
758 834 924 873 manu
975 825 1188 872 armata
1228 831 1353 871 eum
1383 815 1549 887 395
1594 817 1849 870 universa
1891 816 2067 870 classe

484 912 553 967 ad
580 910 947 966 Bueoleonem
984 909 1170 975 venit;
1212 908 1510 977 statimque
1542 907 1801 976 magister
1832 906 2068 977 Stepha-

485 1019 590 1059 nus
616 1006 741 1058 aula
774 1002 1024 1063 discedit.
1080 998 1298 1055 Nicetas
1328 1008 1515 1075 autem
1541 998 1804 1069 patricius
1837 997 2069 1053 Romani

486 1110 752 1150 consocer
784 1094 835 1147 in
862 1092 1124 1162 palatium
1143 1091 1367 1145 veniens
1390 1088 1675 1143 Nicolaum
1696 1090 2066 1159 patriarcham

490 1187 617 1242 inde
667 1186 924 1243 extrusit.
971 1184 1294 1239 Aulicorum
1377 1196 1508 1252 ergo
1568 1181 1771 1237 animis
1832 1180 2069 1236 Romani

484 1277 846 1349 jurejurando
890 1275 1148 1339 ﬁrmatis,
1201 1273 1500 1344 pretiosam
1553 1289 1618 1329 ac
1671 1272 1941 1328 vivificam
1999 1272 2069 1338 ad

489 1383 615 1422 eum
652 1368 922 1422 miserunt
955 1380 1214 1432 crucem,
1266 1380 1432 1433 quam
1478 1365 1567 1419 ille
1599 1374 1930 1432 veneratus,
1969 1365 2072 1420 ite-

488 1473 725 1527 rumque
756 1468 1103 1513 sacramento
1134 1456 1463 1525 interposito
1494 1454 1656 1510 ﬁdem
1697 1455 2072 1527 obStringens,

2167 631 2317 701 αὑτῷ
2344 629 2776 702 βουλευσάμενος
2812 626 2910 698 (τὸ
2936 625 3048 697 γάρ
3082 625 3213 694 άγον
3240 618 3376 696 ἦγεν
3401 623 3566 676 αὐτὸν
3594 624 3641 692 ),
3686 628 3758 696 τῇ

2168 717 2353 794 ἡμέρα
2390 721 2485 776 τοῦ
2522 718 2941 790 Εὐαγγελισμοῢ
2975 716 3074 786 τῆς
3128 714 3509 786 ὑπεραμώμου
3542 714 3763 786 Παρθὲ-

2168 798 2256 869 νὸυ
2290 813 2386 867 καὶ
2440 812 2703 866 Θεοτόκου
2743 811 3004 883 (πέμπτη
3055 809 3116 863 δὲ
3154 804 3264 879 ἦν)
3316 804 3482 880 ἦλθεν
3538 807 3769 871 ἔνοπλος

2168 904 2286 976 ἅμα
2311 904 2389 975 τῷ
2429 904 2600 974 στόλῳ
2634 904 2801 956 παντὶ
2832 904 2890 956 ὲν
2919 902 3001 973 τῷ
3042 900 3412 955 Βουκολέοντι.
3455 901 3568 953 Καὶ
3621 917 3771 971 παρ-

2170 998 2300 1052 ευθὺ
2359 999 2631 1066 Στέφανος
2686 997 2783 1067 μὲν
2832 997 3136 1068 μάγιστρος
3195 994 3387 1063 ἐξῆλθε
3442 992 3537 1047 τοῦ
3591 994 3767 1046 παλα-

2170 1091 2309 1157 τίου,
2339 1090 2583 1160 Νικήτας
2641 1088 2698 1142 δὲ
2753 1088 3043 1158 πατρίκιος
3073 1089 3101 1140 ό
3129 1085 3505 1157 συμπενθερὸς
3549 1085 3757 1156 Ῥωμα-

2173 1182 2271 1239 νοῢ
2299 1181 2541 1237 ἀνελθὼν
2587 1182 2646 1236 ἐν
2696 1180 2775 1251 τῷ
2805 1179 3055 1249 παλατίῳ
3110 1180 3381 1248 ἐξήγαγεν
3416 1178 3629 1231 ἐκεῖθεν
3672 1179 3759 1231 τὸν

2173 1273 2522 1346 πατριάρχην
2570 1272 2857 1327 Νικόλαον.
2888 1270 3122 1342 ’Ὀρκοις
3172 1264 3267 1323 οὖν
3297 1269 3685 1340 βεϐαιωθέντες
3719 1272 3768 1323 οί

2179 1369 2275 1423 τοῦ
2303 1367 2569 1422 παλατίου
2592 1366 2744 1437 παρά
2784 1364 3068 1432 Ῥωμανοῦ
3111 1364 3445 1419 ἀπέστειλαν
3480 1364 3616 1435 πρὸς
3670 1366 3773 1417 αὒ-

2172 1462 2265 1515 τδν
2283 1461 2376 1515 τὸν
2405 1460 2678 1526 ζωοποιὸν
2699 1458 2794 1515 καὶ
2811 1458 2994 1529 τίμιον
3022 1457 3252 1529 σταυρὸν
3269 1458 3364 1512 καὶ
3382 1457 3774 1529 προσκυνήσας

489 1564 618 1604 eum
648 1549 731 1604 eis
756 1548 1056 1618 paucisque
1080 1549 1342 1603 comitum
1374 1547 1763 1618 imperatorem
1802 1548 2078 1603 salutatu-

2193 1550 2342 1607 ιύτδν
2373 1551 2468 1605 καὶ
2513 1550 2703 1621 ὅρκοις
2761 1548 3072 1620 βεϐαιώσας
3137 1548 3336 1611 αὐτοὺς
3388 1546 3596 1617 ἀνῆλθε
3651 1548 3772 1617 μετ’

488 1656 588 1696 [υς
618 1641 672 1695 in
697 1639 960 1695 palatium
983 1640 1291 1695 adscendit.
1336 1637 1731 1709 Ingressusque
1752 1655 1878 1695 cum
1911 1655 1978 1696 eo
2017 1641 2072 1696 in

2193 1643 2358 1699 ιύτῶν
2399 1644 2457 1698 έν
2488 1642 2567 1714 τῷ
2606 1642 2855 1712 παλατίφ
2882 1641 2978 1694 καὶ
3005 1639 3204 1709 όλίγων
3229 1639 3417 1703 τινῶν,
3452 1641 3775 1710 προσκυνή-
3856 1647 3869 1659 ’

491 1732 753 1803 templum
778 1734 925 1803 quod
957 1742 1041 1788 est
1071 1732 1125 1787 in
1157 1731 1354 1798 Pharo,
1387 1730 1627 1801 dataque
1660 1731 1731 1787 ibi
1764 1740 1820 1787 et
1852 1742 2076 1804 accepta

2193 1752 2289 1789 των
2318 1734 2411 1789 τὸν
2445 1733 2692 1802 βασιλέα.
2716 1733 2828 1788 Καὶ
2861 1731 3120 1787 εἰσελθὼν
3147 1731 3265 1802 μετ’
3280 1730 3446 1786 αὐτοῦ
3469 1732 3527 1784 ὲν
3551 1730 3630 1801 τῷ
3660 1729 3777 1802 ναῷ

492 1825 810 1880 securitatis
843 1824 970 1889 lide,
1010 1823 1302 1879 confestim
1337 1825 1598 1896 magister
1631 1833 1685 1879 et
1716 1840 1948 1895 magnus
1974 1825 2078 1882 be-

2193 1825 2257 1896 ιῷ
2272 1825 2330 1879 ἐν
2347 1825 2425 1896 τῷ
2443 1826 2628 1897 Φάρῳ,
2641 1827 2737 1879 καὶ
2754 1825 2965 1888 πίστεις
2983 1824 3133 1895 αὐτῷ
3151 1826 3274 1888 δοὺς
3291 1825 3385 1880 καὶ
3410 1821 3610 1891 λαϐὼν,
3630 1842 3746 1894 παρ
3772 1840 3775 1841 ⁷

493 1918 778 1973 taeriarcha
809 1917 1129 1988 praeﬁcitur.
1190 1915 1389 1972 Statim
1426 1887 1557 1989 ergo
1588 1933 1748 1973 sacra
1783 1887 1962 1989 iussio
2009 1921 2077 1977 ad

2193 1887 2312 1972 εύθὺ
2354 1887 2767 1990 προχειρίξεται
2808 1887 3125 1990 παράὒτού
3164 1918 3462 1988 μάγιστρος
3484 1887 3778 1987 καὶ-μέγας

495 2012 735 2068 Leonem
766 2011 1006 2067 Phocam
1040 2010 1232 2076 missa,
1268 2024 1377 2079 qua
1405 2010 1454 2065 is
1493 2010 1562 2065 ab
1593 2011 1744 2065 omni
1779 2010 2081 2069 conﬂandte

2193 2010 2601 2083 ἑταιρειάρχης.
2671 2010 2884 2064 Αὐτίκα
2943 2011 3074 2079 γοῦν
3137 2010 3260 2066 θεία
3322 2009 3572 2072 κέλευσις
3638 2009 3777 2079 πρὸς

494 2102 787 2159 seditionis
843 2101 1125 2172 proposito
1179 2100 1606 2155 absterreretur.
1680 2102 2082 2160 Constantinus

492 2206 717 2262 quoque
758 2189 1044 2246 accubitor
1088 2188 1141 2243 in
1186 2188 1437 2242 eamdem
1483 2191 1811 2244 sententiam
1837 2190 2081 2248 scribere

490 2283 703 2351 jussus,
743 2289 799 2338 et
828 2289 888 2336 ut
929 2280 1065 2334 nihil
1101 2278 1156 2333 in
1189 2278 1481 2335 adversum
1524 2281 1803 2347 moliatur,
1836 2283 1931 2339 sed
1958 2298 2084 2353 per-

497 2381 708 2429 severet
753 2371 1077 2443 imperatori
1110 2370 1478 2426 Constantino
1523 2373 1772 2428 subesse.
1818 2378 2084 2445 Acceptas

498 2479 689 2520 sacras
730 2463 979 2518 Andreas
1023 2460 1159 2532 regii
1209 2462 1451 2517 vestiarii
1487 2463 1835 2533 primicerius
1865 2464 1933 2518 ad
1956 2480 2083 2520 eum

499 2563 630 2608 tunc
666 2554 721 2608 in
761 2551 1107 2623 Cappadocia
1159 2561 1467 2607 versantem
1513 2552 1720 2619 defert;
1754 2555 1957 2625 quibus
1992 2555 2086 2612 ille

498 2648 736 2718 acceptis
786 2647 1058 2718 lectisque
1104 2663 1165 2704 se
1227 2650 1453 2704 domum
1513 2648 1790 2721 recipiens
1836 2648 2086 2720 privatus

497 2741 628 2812 egit.

572 2920 660 2976 l5.
719 2919 924 2988 Quinta
968 2930 1290 2977 sanctorum
1332 2920 1673 2992 jejuniorum
1719 2921 2083 2991 hebdomada,

499 3028 686 3070 mense
710 3013 906 3083 Aprili,
948 3014 1073 3069 data
1102 3029 1133 3069 a
1168 3012 1534 3070 Constantino
1565 3014 1897 3085 imperatore
1928 3015 2089 3071 Hele-

503 3121 583 3161 na
622 3104 853 3161 Romani
910 3106 1037 3162 tilia:
1089 3107 1276 3178 (quam
1309 3117 1507 3177 praeter
1550 3107 1806 3177 corporis
1850 3108 2088 3179 speciem

2181 2101 2393 2158 Λέοντα
2425 2100 2516 2153 τὸν
2548 2099 2763 2165 Φωκᾶν,
2800 2099 3251 2171 παρεγγυωμένη
3284 2099 3555 2169 μηδαμῶς
3584 2100 3779 2153 στάσιν

2182 2193 2306 2247 τινὰ
2330 2193 2604 2264 ἐννοῆσαι.
2640 2190 2918 2256 Ὡσαύτως
2974 2192 3069 2245 καὶ
3107 2191 3416 2263 γράμματα
3470 2190 3775 2262 ἐκελεύσθη

2183 2284 2597 2346 Κωνσταντῖνος
2659 2281 3165 2353 παρακοιμὼμενος
3225 2281 3553 2352 γράψαι,τά
3600 2284 3773 2350 ὃμοια

2183 2376 2365 2431 αὐτῶν
2398 2376 2851 2448 παραγγέλλοντα
2883 2375 2976 2429 καὶ
3035 2376 3202 2447 μηδὲν
3257 2376 3501 2431 ἐναντίον
3546 2376 3774 2447 βουλεύ-

2185 2468 2404 2535 σασθαι,
2438 2467 2554 2522 ἀλλ’
2584 2468 2643 2521 ὲν
2675 2468 2922 2539 ὑποταγῇ
2954 2463 3090 2520 εῖναι
3124 2467 3389 2537 βασιλέως
3407 2468 3769 2521 Κωνσταντί-

2188 2578 2303 2615 νου.
2350 2558 2781 2630 ’Δναλαϐόμενος
2832 2558 2927 2613 οὖν
2956 2557 3131 2611 ταῦτα
3188 2558 3446 2627 Ἀνδρέας
3501 2561 3785 2629 πριμική-

2189 2667 2303 2723 ριος
2330 2649 2426 2705 τοῦ
2463 2648 2744 2721 βασιλικοῦ
2778 2649 3093 2720 βεστιαρίου
3110 2649 3450 2720 ἀπεκόμισεν
3475 2648 3623 2719 αὐτῷ
3651 2649 3788 2703 ταῦ-

2190 2759 2262 2797 τα
2294 2743 2353 2796 ὲν
2378 2740 2753 2813 Καππαδοκίᾳ
2790 2741 2904 2795 ὕντι
2935 2757 2949 2771 ·
2984 2740 3077 2795 καὶ
3125 2740 3422 2811 δεξάμενος
3474 2740 3649 2794 ταῦτα
3683 2744 3778 2793 ἐπὶ

2194 2835 2487 2903 ἀναγνοὺς,
2522 2831 2775 2889 ἀπελθὼν
2807 2834 2867 2887 ὲν
2891 2832 2969 2903 τῷ
3001 2833 3116 2905 ἰδίῳ
3144 2832 3279 2905 οἴκῳ
3314 2832 3609 2904 ἡσύχαζεν.

2260 2922 2347 2996 [Ρ.
2372 2922 2501 2996 244]
2537 2925 2729 2996 ιγ’.Τῇ
2784 2922 2842 2976 δὲ
2871 2923 3097 2995 πέμπτῃ
3143 2924 3398 2991 ὲϐδομάδι
3452 2924 3562 2977 τῶν
3614 2924 3781 2992 ἁγίων

2187 3016 2497 3088 Νηστειῶν,
2541 3015 2837 3087 Ἀπριλλίῳ
2874 3016 3027 3086 μηνὶ,
3071 3015 3274 3069 δίδοται
3318 3015 3580 3088 ἀρραϐὼν
3618 3034 3791 3088 γαμι-

2190 3106 2289 3161 κοῦ
2341 3104 2791 3177 συναλλάγματος
2827 3105 2977 3177 παρά
3035 3106 3452 3160 Κωνσταντίνου
3515 3106 3790 3177 βασιλέως

501 3198 669 3252 animi
692 3213 913 3268 quoque
938 3199 1230 3268 prudentia
1253 3198 1611 3269 spectabilem
1641 3199 1926 3273 reddebat)
1954 3218 2087 3257 con-

2207 3199 2398 3272 Ἐλένῃ
2427 3202 2496 3272 τῇ
2533 3198 2768 3270 θυγατρὶ
2806 3197 3114 3269 Ῥωμανοῦ,
3210 3198 3348 3270 πρὸς
3377 3199 3574 3262 κάλλος
3600 3216 3792 3270 σωμα-

500 3298 711 3345 tractus
756 3291 1020 3359 nuptialis
1064 3291 1269 3355 arrha,
1326 3291 1597 3361 tertiaque
1641 3289 1868 3348 Pascha
1911 3294 2088 3363 (quam

2202 3293 2354 3346 τικὸν
2400 3292 2795 3364 προσήκμαζεν
2840 3290 2936 3345 καὶ
2964 3290 3218 3355 σύνεσις·
3249 3293 3347 3347 καὶ
3386 3296 3455 3364 τῇ
3482 3294 3644 3367 τρίτῃ
3689 3291 3790 3346 τοῦ

505 3380 744 3436 Galilaeae
786 3382 1019 3451 vocant)
1069 3382 1422 3438 benedicilur
1480 3399 1700 3454 unaque
1751 3400 1877 3440 cum
1929 3388 2019 3441 illa
2068 3403 2088 3441 a

2204 3385 2419 3455 Πάσχα,
2458 3384 2731 3455 λεγομένῃ
2790 3384 2889 3455 τῆς
2941 3382 3278 3447 Γαλιλαίας,
3326 3383 3633 3453 εὐλογεῖται
3689 3383 3791 3436 καὶ

503 3475 726 3531 Nicolao
766 3476 1081 3545 patriarcha
1116 3476 1342 3533 corollis
1385 3478 1724 3547 nuptialibus
1772 3478 2096 3535 redimitur:

504 3569 668 3641 395
708 3569 928 3640 quando
975 3578 1031 3623 et
1079 3567 1390 3641 Romanum
1441 3571 1693 3640 provehit
1748 3572 2099 3641 imperatoris

508 3671 743 3732 patrem,
798 3660 919 3728 ejus
965 3659 1075 3716 lilio
1136 3659 1538 3731 Christophoro
1587 3663 1641 3717 in
1700 3663 1873 3733 patris
1917 3664 2094 3718 locum

509 3754 868 3809 hetaeriareha
921 3763 1191 3823 promoto.
1245 3752 1355 3809 Nec
1381 3755 1613 3811 multum
1660 3758 1921 3825 temporis
1962 3757 2092 3811 abs-

508 3854 775 3912 cesserat,
820 3863 945 3903 cum
1002 3845 1111 3902 Leo
1153 3845 1386 3912 Phocas,
1420 3849 1779 3918 quorumdam
1804 3864 2094 3919 procerum

508 3956 575 3995 ac
608 3938 953 3994 tribunorum
987 3954 1157 3996 suasu
1200 3940 1690 4010 subiectarumque
1728 3942 1777 3994 ei
1815 3941 2101 4012 legionum

503 4032 752 4096 hortatu,
783 4046 870 4086 res
898 4045 1069 4085 novas
1101 4031 1360 4098 molitur;
1408 4034 1697 4103 accitoque
1728 4032 2096 4090 Constantino

507 4125 825 4180 accubitore
857 4126 1329 4195 Constantinoque
1372 4134 1428 4181 et
1467 4126 1766 4182 Anastasio
1804 4125 2095 4198 Gonguliis

506 4218 784 4286 germanis
818 4217 1105 4283 fratribus,
1138 4233 1239 4274 nec
1268 4234 1379 4273 non
1412 4217 1781 4274 Constantino
1806 4218 2096 4275 Maleliano

508 4325 539 4364 a
571 4310 797 4367 secretis
834 4312 1032 4381 primo,
1058 4311 1275 4367 cunctis
1303 4312 1636 4381 persuadere
1666 4312 1861 4367 nititur
1888 4314 1943 4366 in
1972 4330 2097 4383 gra-

510 4403 641 4456 tiam
690 4404 1039 4459 Constantini
1089 4403 1442 4474 imperatoris
1488 4418 1611 4458 eam
1674 4419 1733 4459 se
1794 4406 2090 4460 motionem

510 4492 713 4549 facere.
749 4491 1032 4549 Romanus
1067 4510 1194 4548 vero
1222 4494 1571 4563 imperatoris
1612 4502 1763 4563 pater
1796 4494 1960 4550 bullis
1989 4512 2090 4552 au-

2204 3475 2563 3546 στεφανοῦται
2605 3475 2724 3546 ἅμα
2752 3475 2894 3544 αὓτη
2921 3478 3071 3547 παρά
3109 3477 3382 3531 Νικολαου
3419 3476 3793 3549 πατριάρχου,

2212 3565 2491 3636 Ῥωμανδν
2578 3564 3019 3635 βασιλεοπάτορα
3112 3562 3524 3635 προϐαλόμενος
3581 3581 3595 3595 ο
3676 3564 3796 3617 ἀντ’

2200 3654 2367 3710 αὐτοῦ
2419 3656 2477 3709 δὲ
2542 3658 2914 3729 Χριστοφόρον
2986 3656 3101 3709 υίὸν
3168 3654 3335 3709 αὐτοῦ
3398 3655 3799 3728 ὲταιρειάρχην

2198 3749 2525 3818 κατέστησε.
2589 3749 2724 3802 Μετ’
2761 3749 2824 3800 ού
2860 3747 2993 3800 πολὺ
3041 3746 3098 3799 δὲ
3129 3746 3284 3801 Λέων
3317 3749 3346 3800 ὁ
3396 3747 3593 3809 Φωκᾶς
3640 3748 3799 3802 ἁπα-

2202 3840 2389 3912 τηθεὶς
2458 3840 2608 3911 παρά
2665 3840 2725 3893 τέ
2785 3856 2947 3893 τινων
3005 3839 3283 3909 ἀρχόντων
3333 3839 3431 3892 καὶ⁸
3478 3838 3590 3892 τῶν
3624 3839 3799 3895 αὐτοῦ

2198 3934 2492 4005 ταγμάτων
2523 3934 2659 4005 πρὸς
2704 3932 3002 4004 ἀνταρσίαν
3034 3934 3288 3985 κινεῖται.
3323 3930 3437 3984 Καὶ
3498 3930 3800 3986 ἀνελάϐετο

2201 4029 2300 4081 σὺν
2356 4026 2508 4099 αὐτῷ
2549 4028 2643 4081 τόν
2684 4045 2744 4081 τε
2795 4024 3300 4098 παρακοιμώμενον
3357 4025 3795 4090 Κωνσταντῖνον,

2199 4121 2297 4174 καὶ
2332 4120 2749 4173 Κωνσταντῖνον
2774 4120 2868 4172 καὶ
2914 4117 3275 4171 Ἀναστάσιον
3308 4116 3433 4179 τοὺς
3456 4116 3797 4185 Γογγυλίθυς

2198 4211 2292 4263 καὶ
2321 4210 2712 4281 αὑταδέλφους,
2758 4209 2854 4263 καὶ
2881 4210 3299 4263 Κωνσταντῖνον
3330 4208 3801 4279 πρωτασηκρῆτιν

2201 4302 2297 4355 τὸν
2325 4300 2627 4365 Μαλελίας,
2655 4299 3024 4371 πληροφορῶν
3055 4299 3303 4363 ἅπαντας
3326 4299 3423 4353 καὶ
3453 4298 3688 4370 βεϐαιῶν
3718 4298 3801 4365 ὡς

2197 4393 2339 4463 ὑπὲρ
2361 4391 2455 4445 τοῦ
2513 4391 2777 4462 βασιλέως
2811 4392 3225 4444 Κωνσταντίνου
3284 4390 3387 4462 τὴν
3417 4391 3588 4462 αὐτὴν
3623 4394 3800 4444 ποιεῖ-

2195 4502 2284 4537 ται
2308 4485 2540 4553 κίνησιν.
2583 4482 2934 4550 Ῥωμανδςδὲ
2960 4484 2987 4536 ό
3022 4482 3439 4555 βασιλεοπάτωρ
3494 4482 3799 4553 χρυσοϐού-

509 4586 621 4640 reis
648 4601 708 4641 ac
740 4587 1056 4657 diplomatis
1086 4586 1496 4657 subscriptione
1542 4585 1794 4651 munitis,
1826 4589 1985 4656 quasi
2027 4605 2088 4643 ex

2200 4576 2293 4629 λια
2330 4577 2564 4647 ποιήσας
2600 4576 2957 4647 ὲνυπόγραφα
2989 4578 3066 4641 ὠς
3113 4579 3177 4629 ὲκ
3217 4576 3511 4647 προσώπου
3552 4575 3645 4629 τοῦ
3701 4574 3805 4646 βα-

508 4678 854 4733 Constantini
878 4681 1227 4749 imperatoris
1260 4694 1520 4749 persona,
1554 4680 1756 4749 quibus
1793 4696 1857 4735 ea
1885 4681 2095 4737 molitio

510 4771 881 4836 evertebatur,
935 4785 1143 4841 eosque
1178 4772 1274 4849 qui
1308 4770 1491 4827 Phoca
1523 4772 1716 4828 relicto
1758 4771 1825 4827 ad
1854 4772 2097 4843 impera-

509 4876 685 4921 torem
712 4864 1091 4935 confugerent
1124 4863 1192 4917 ab
1242 4864 1591 4933 imperatoris
1646 4874 1795 4920 stare
1842 4867 2098 4936 partibus

510 4957 945 5029 signiﬁcabatur,
975 4957 1161 5022 editis,
1195 4957 1523 5027 mulierique
1550 4956 1769 5012 eﬂ‘ronti
1811 4974 1878 5013 ac
1916 4968 2094 5016 teme-

513 5050 676 5104 raria:
710 5049 883 5103 Annae
920 5048 1140 5102 nomine
1174 5049 1362 5119 (quam
1415 5058 1469 5104 et
1518 5049 1813 5105 Basilicam
1851 5053 2099 5121 appella-

513 5147 666 5204 runt,
695 5153 761 5193 ac
794 5140 839 5194 si
872 5138 1284 5209 imperatoriam
1319 5139 1496 5205 dicas)
1543 5156 1606 5195 ac
1637 5141 1841 5197 clerico
1876 5143 2098 5198 cuidam

516 5232 769 5288 Michaeli
810 5233 1159 5300 contraditis,
1209 5234 1263 5288 in
1303 5232 1503 5290 Leonis
1549 5245 1730 5290 castra
1773 5237 1979 5293 emisit.
2034 5238 2100 5292 Hi

514 5337 738 5398 accepta
791 5326 1091 5398 diplomata
1148 5337 1261 5382 toto
1313 5329 1423 5384 late
1471 5331 1719 5384 exercitu
1783 5330 2096 5387 clanculum

518 5430 863 5488 sparserunt.
888 5420 982 5499 [Ac
1007 5419 1241 5476 Michael
1264 5422 1484 5491 quidem
1520 5437 1550 5476 a
1582 5421 1767 5477 Phoca
1800 5424 2103 5494 deprehen-

517 5526 650 5577 sus,
710 5513 1032 5568 verberibus
1068 5512 1188 5568 dire
1230 5523 1534 5580 contusus,
1576 5530 1711 5571 naso
1764 5516 2105 5584 auribusque

517 5604 782 5660 multatus
835 5613 938 5660 est.
999 5603 1199 5660 Verum
1250 5607 1296 5662 is
1335 5615 1523 5675 postea
1558 5621 1587 5658 a
1621 5606 1871 5660 Romano
1899 5623 2103 5661 conve-

521 5697 761 5752 nientem
793 5700 967 5754 vicem
999 5711 1334 5756 consecutus
1360 5708 1466 5765 est,
1505 5700 1819 5771 pariterque
1850 5717 1973 5757 cum
2015 5703 2105 5757 illo

521 5788 800 5844 submissa
841 5791 1062 5845 mulier.
1114 5791 1335 5847 Primus
1376 5794 1573 5862 itaque
1604 5793 2104 5848 Constantinusle-

524 5878 706 5947 gionis
746 5878 1091 5937 lcanatorum
1152 5884 1298 5948 dux,
1359 5885 1789 5942 Barvmichaelis
1846 5887 2024 5943 tilius.
2076 5906 2103 5941 ιι

2207 4667 2400 4733 σιλέως
2440 4669 2881 4731 Κωνσταυτίνου,
2904 4669 3006 4738 τῆς
3048 4668 3309 4738 τοιαύτης
3336 4668 3634 4740 ἐπιϐουλῆς
3658 4669 3797 4721 ἀνα-

2203 4761 2415 4832 τροπὴν
2447 4760 2795 4831 περιέχοντα,
2850 4760 2946 4815 καὶ
2975 4760 3050 4824 ὡς
3082 4762 3131 4814 οἱ
3152 4760 3245 4814 τὸν
3286 4761 3481 4814 Φωκᾶν
3528 4760 3793 4830 καταλιμο

2207 4853 2492 4917 πάνοντες,
2526 4849 2605 4921 τῷ
2655 4849 2869 4920 βασιλεῖ
2915 4850 2973 4902 δὲ
3023 4848 3470 4921 προσφεύγοντες
3508 4850 3653 4923 ὑπὲρ
3704 4848 3801 4902 τοῦ

2210 4943 2476 5014 βασιλέως
2534 4943 2705 5009 εἰσὶν,
2749 4943 2875 5005 δοὺς
2915 4942 3057 4996 αὐτὰ
3102 4944 3273 5015 ’Λννῃ
3310 4942 3533 5011 γυναικὶ
3593 4942 3808 4997 ἀναιδεῖ

2211 5037 2302 5089 καὶ
2331 5035 2583 5106 θρασείᾳ,
2613 5035 2680 5106 ἠν
2703 5034 2799 5088 καὶ
2839 5033 3135 5102 Βασιλικὴν
3169 5033 3649 5105 προσηγόρευσαν,
3706 5034 3805 5085 καὶ

2210 5126 2458 5199 κληρικῷ
2496 5144 2604 5180 τινι
2637 5126 2881 5197 Μιχαὴλ,
2915 5127 2973 5180 έν
2997 5125 3074 5195 τῷ
3112 5124 3278 5178 αὑτοῦ
3312 5124 3664 5199 στρατοπέδῳ
3717 5124 3806 5192 ἒξ-

2210 5221 2479 5291 έπεμψεν.
2501 5220 2565 5273 Ol
2590 5219 2649 5273 δὲ
2678 5218 2850 5272 ταῦτα
2870 5218 3270 5288 ἀναλαϐόμενοι
3295 5218 3471 5292 λάθρα
3486 5218 3804 5289 διέσπειραν

2211 5314 2381 5365 παντὶ
2452 5310 2531 5381 τῷ
2585 5312 2825 5383 στρατῷ.
2875 5312 2988 5364 Καὶ
3038 5311 3066 5362 ό
3105 5312 3204 5382 μὲν
3269 5312 3487 5382 Μιχαὴλ
3526 5309 3802 5382 φωραθεὶς

2212 5404 2368 5475 παρὰ
2430 5402 2526 5456 τοῦ
2584 5405 2771 5468 Φωκᾶ,
2821 5402 3064 5474 ἀνηλεῶς
3119 5404 3366 5472 τυφθεὶς,
3425 5405 3527 5473 τήν
3579 5419 3639 5455 τε
3676 5404 3801 5473 ῥῖνα

2212 5498 2307 5550 καὶ
2336 5495 2404 5549 τὰ
2432 5490 2549 5550 ὦτα
2580 5496 2873 5567 ἀπετμήθη
2894 5514 2907 5526 ·
2938 5495 2997 5559 ὃς
3027 5496 3165 5567 μετά
3195 5496 3369 5549 ταῦτα
3402 5497 3554 5568 παρά
3583 5497 3805 5565 Ῥωμα-

2212 5588 2303 5642 νοῦ
2354 5588 2454 5658 τῆς
2520 5586 2910 5659 προσηκούσης
2954 5587 3144 5658 ἔτυχεν
3208 5588 3478 5658 ἀμοιϐῆςο
3535 5587 3801 5651 ὡσαύτως

2215 5683 2306 5735 καὶ
2350 5683 2385 5752 ἡ
2436 5681 2535 5736 σὺν
2556 5680 2704 5751 αὐτῷ
2749 5680 3007 5735 σταλεῖσα
3045 5681 3207 5750 γυνή.
3268 5682 3487 5751 Πρῶτος
3526 5677 3619 5734 οὖν
3645 5680 3799 5734 ὁτοῦ

2215 5776 2571 5848 Βαρυμιχαὴλ
2618 5774 2732 5838 υίὸς
2770 5776 3201 5837 Κωνσταντῖνος,
3234 5775 3326 5827 τοῦ
3376 5774 3652 5845 τάγματος
3699 5773 3800 5845 ἀρ-

2216 5888 2326 5941 χων
2352 5870 2459 5925 τῶν
2480 5866 2770 5935 ίκανάτων,
2806 5864 3124 5921 καταλιπὼν
3154 5866 3450 5919 τονψωκᾶν
3472 5866 3549 5936 τῷ
3586 5866 3801 5933 Ἱίυμαο
