4136 6418
420 453 522 522 £13

1161 448 1304 508 LIB.
1345 447 1448 509 Vl.
1480 468 1546 482 -··
1585 445 2058 508 CONSTANTIN
2066 447 2160 508 US
2185 446 2953 508 POBPHYROGENITUS.

3591 442 3699 507 iii

429 559 910 638 νῷπροοέδραμεν,
930 557 1076 630 ἁρχὴ
1096 557 1335 627 γεγονὼς
1354 557 1702 620 καταλύσεως
1728 556 1830 626 τῆς
1846 555 2022 610 τοιαύ-

2149 572 2302 612 .eone
2335 559 2402 613 ad
2433 558 2743 614 Romanum
2777 557 3052 624 transivit,
3079 557 3308 627 ejusque
3329 556 3703 614 convellendas

431 675 526 728 της
572 651 936 713 ἁποστασίας.
969 650 1076 703 Σὺν
1108 648 1254 720 αὐτῷ
1277 648 1335 703 δὲ
1389 649 1484 703 καὶ
1509 651 1536 702 ὁ
1567 648 1863 711 Βαλάντιος
1883 648 2022 701 καὶὸ

425 749 717 820 λεγόμενος
749 741 1081 815 ’Δτζμωρος
1097 782 1112 806 ,
1129 741 1472 814 τουρμάρχαι
1489 741 1642 805 ὄντες
1661 741 1758 794 καὶ
1779 741 2022 812 ἀμφότε-

422 840 690 914 ροι.Λέων
701 835 794 892 οὖν
811 835 1044 897 arma;
1065 831 1200 903 μετὰ
1219 831 1348 887 λαοῦ
1373 832 1623 885 πλείστου
1643 831 1876 902 ἰσχυρῶς
1891 830 2023 885 καθ-

415 934 774 1004 ωπλισμένον
809 931 866 983 ὲν
896 926 1242 1001 Χρυσοπόλει
1285 923 1610 979 καταλαϐὼν
1646 923 1897 992 διέστησε
1921 939 2024 976 πα-

418 1023 687 1102 ρατάξεις
703 1023 812 1076 ἀπὸ
831 1007 932 1089 τῆς
943 1019 1153 1090 λιθίνης
1170 1017 1458 1088 δαμάλεως
1479 1016 1641 1087 μέχρι
1657 1014 2021 1084 Χαλκηδόνος,

417 1119 554 1183 τοὺς
588 1121 647 1172 ὲν
691 1114 847 1168 πόλει
875 1111 1080 1182 φοϐῶν.
1134 1107 1552 1162 Ἀποστέλλεται
1579 1104 1672 1161 οὖν
1735 1107 1875 1176 μετὰ
1906 1106 2026 1178 δρό-

424 1226 612 1282 μωνος
637 1207 794 1278 παρὰ
820 1201 1105 1274 Ῥωμανοῦ
1125 1197 1353 1272 Συμεὼν
1379 1200 1406 1252 ὁ
1438 1199 1532 1252 ἐπὶ
1572 1198 1664 1252 τοῦ
1690 1196 2022 1263 κανικλείου,

421 1303 592 1371 λόγον
661 1297 1047 1366 ὲνυπὸγραφον
1100 1293 1197 1347 τοῦ
1267 1291 1536 1363 βασιλέως
1612 1289 2024 1345 Κωνσταντίνου

420 1392 853 1464 ἐπιφερόμενος,
881 1387 1007 1442 τάδε
1052 1384 1460 1456 διαγορεύοντα,
1493 1383 1571 1448 ὡς
1607 1380 1759 1453 Ἐγὼ
1785 1383 2028 1452 φύλακα

424 1485 538 1556 τῆς
563 1483 720 1554 ἐμῆς
746 1479 1107 1546 δεσποτείας
1133 1477 1231 1532 καὶ
1252 1476 1581 1542 ,βασιλείας
1627 1474 2028 1545 ἐγρηγορώτα-

427 1597 538 1634 τον
601 1575 706 1631 καὶ
744 1573 1163 1629 εὐνούστατον
1211 1567 1445 1641 [Ρ.245]
1499 1567 1600 1622 καὶ
1661 1569 2031 1623 πιστότατον

433 1670 661 1728 οὐδένα
685 1666 808 1722 τῶν
827 1664 949 1720 ὑπὸ
979 1663 1147 1734 χεῖρα
1178 1662 1216 1732 ἢ
1268 1660 1570 1732 Ῥωμανὸν
1597 1659 1866 1728 εὑρηκὼς
1892 1660 2032 1713 τού-

432 1780 516 1829 τῳ
543 1761 663 1830 τὴν
729 1758 887 1829 ἐμὴν
940 1753 1232 1826 φυλακὴν
1293 1754 1445 1824 μετὰ
1487 1751 1638 1806 Θεὸν
1691 1751 2031 1805 ἐπίστευσα

436 1855 538 1910 καί
569 1853 707 1910 ἀντὶ
732 1855 958 1918 πατρὸς
985 1846 1176 1902 αὐτὸν
1205 1845 1435 1914 ἔκρινα,
1464 1844 1794 1913 σπλάγχνα
1822 1859 2030 1913 πατρι-

2123 651 2451 709 defectionis
2481 653 2694 722 primus
2719 661 2914 707 auctor
2944 651 3072 706 fuit.
3135 650 3323 707 Secuti
3357 666 3488 706 vero
3532 651 3700 706 etiam

2123 745 2428 812 Balantius,
2475 755 2528 800 et
2577 760 2738 814 quem
2770 753 2968 800 vocant
2992 745 3308 809 Atzmorus,
3336 743 3438 812 ipsi
3479 754 3702 812 quoque

2125 840 2288 895 ambo
2314 837 2540 893 tribuni.
2588 837 2697 892 Leo
2730 837 2897 909 igitur
2931 837 3163 900 Phocas,
3208 851 3319 906 quo
3361 835 3533 890 fretus
3563 843 3704 898 erat,

2125 934 2328 1004 ingenti
2362 932 2512 987 omni
2535 931 2700 1002 396
2718 945 2998 986 armorum
3028 945 3229 1000 genere
3260 929 3528 983 instructo
3548 942 3708 981 exere

2125 1028 2238 1084 citu
2271 1025 2654 1098 Chrysopolim
2688 1025 2936 1089 veniens,
2977 1040 3006 1078 a
3040 1022 3284 1078 Juvcnca
3319 1019 3529 1090 lapidea
3550 1017 3711 1072 Clial-
3750 1083 3752 1088 _

2125 1117 2388 1174 cedonem
2425 1132 2619 1187 usque,
2653 1116 2720 1171 ad
2755 1124 3020 1171 terrorem
3055 1114 3266 1169 civibus
3307 1108 3707 1174 incutiendum,

2125 1213 2234 1268 late
2271 1211 2446 1268 aciem
2479 1210 2744 1266 extendit.
2812 1208 3032 1264 Interim
3089 1223 3219 1263 vero
3269 1205 3473 1260 missus
3513 1219 3544 1258 a
3592 1200 3708 1257 Ro-

2127 1320 2291 1360 mano
2323 1319 2448 1359 cum
2485 1301 2668 1358 celoce
2701 1301 2938 1374 Symeon
2981 1299 3211 1356 canielei
3245 1297 3536 1368 praefectus
3582 1309 3710 1350 cum
3753 1270 3769 1308 :

2127 1399 2345 1465 litteris,
2374 1396 2721 1453 Constantini
2772 1394 3126 1464 imperatoris
3152 1389 3560 1460 subscriptione
3588 1403 3712 1440 mu-

2129 1494 2284 1549 nitis.
2347 1491 2675 1550 Litterarum
2717 1489 2808 1544 hic
2851 1498 2968 1544 erat
3013 1497 3190 1551 tenor,
3233 1485 3350 1539 haec
3399 1479 3711 1538 sententia:

2129 1587 2264 1644 Cum
2306 1585 2471 1639 alium
2527 1583 2784 1636 neminem
2831 1579 3215 1634 dominationis
3267 1591 3397 1630 mea:
3439 1589 3502 1627 ac
3544 1569 3714 1640 maje-

2131 1680 2288 1737 statis
2329 1676 2721 1748 vigilantiorem
2755 1675 3029 1744 magisque
3066 1668 3371 1725 benevolum
3401 1682 3464 1720 ac
3505 1661 3716 1734 ﬁdelio-

2131 1789 2240 1827 rem
2262 1769 2553 1832 custodem,
2590 1769 2728 1822 inter
2755 1781 2932 1820 omnes
2965 1763 3056 1834 qui
3086 1777 3215 1816 mea:
3241 1759 3461 1814 ditionis
3503 1764 3623 1809 sunt
3650 1768 3714 1806 ac

2132 1862 2353 1933 imperio
2385 1861 2627 1926 subsunt,
2667 1858 2905 1913 Romano
2939 1853 3245 1916 invenerim,
3279 1850 3400 1903 ltuit:
3427 1844 3716 1902 secundum

453 1949 534 2003 τιὰ
572 1945 670 2000 καὶ
711 1943 986 1999 διάθεσιν
1011 1939 1266 2011 τονικὴν
1285 1937 1434 2007 πρὸς
1452 1937 1557 2010 ἐμὲ
1585 1934 2028 2006 ἐνδειξάμενον.

2149 1955 2303 2010 Deum
2332 1953 2434 2006 mei
2467 1950 2766 2006 custodiam
2797 1947 3058 2011 commisi,
3091 1945 3365 2013 ipsumque
3406 1940 3519 1993 loco
3547 1937 3715 2008 patris

457 2038 686 2093 Λέοντα
707 2035 769 2089 δὲ
798 2034 910 2088 τὸν
934 2030 1148 2087 Φωκᾶν
1168 2031 1260 2086 ἀεὶ
1299 2027 1375 2098 τῇ
1400 2027 1516 2099 ἐμῇ
1539 2028 1832 2095 βασιλείᾳ
1887 2030 2034 2082 ὐπο-

460 2130 701 2183 πτεύων
726 2125 1130 2181 ἐπιϐουλεύειν
1167 2121 1284 2176 νῦν
1302 2119 1420 2190 μὲν
1457 2120 1650 2189 ἔργοις
1677 2117 1874 2184 αὐτοῖς
1903 2117 2031 2170 ἐπίο

457 2223 685 2277 (ἴουλον
724 2219 947 2287 εὕρηκα
969 2215 1068 2269 καὶ
1093 2213 1205 2280 τῆς
1247 2211 1399 2283 ἐμῆς
1442 2209 1636 2280 ἀρχῆς
1668 2205 2036 2276 τυραννικῶς

444 2305 1160 2379 κατεξανιστάμενον.Διὸ
1184 2304 1322 2359 οὔτε
1347 2301 1707 2372 δομέστικον
1717 2296 2034 2354 αὑτόνάπό

441 2406 558 2461 τοῦ
587 2404 710 2458 νῦν
750 2397 906 2456 εἶναι
948 2399 1254 2466 ,ϐούλομαι
1284 2412 1298 2426 ·
1329 2395 1473 2448 οὔτε
1517 2393 1628 2462 γὰρ
1670 2391 1898 2456 ταύτην
1923 2389 2039 2457 τὴν

443 2495 785 2564 ἀνταρσίαν
804 2492 953 2564 μετὰ
971 2487 1215 2558 βουλῆς
1268 2486 1421 2556 ἐμῆς
1449 2485 1823 2554 πεπραχέναι
1863 2481 2035 2551 φημὶ,

455 2591 591 2646 ἀλλ’
619 2585 954 2656 αὐθαιρέτῳ
981 2583 1182 2654 γνώμῃ
1227 2582 1456 2647 ταύτην
1504 2576 1872 2644 ποιήσασθαι
1924 2572 2043 2642 τὴν

452 2682 744 2739 ἐπίθεσιν,
777 2675 970 2742 ἐαυτῷ
1009 2674 1123 2743 τὴν
1146 2671 1480 2738 ,βασιλειαν
1522 2664 2038 2738 σφετεριζόμενον.

451 2771 670 2827 Τούτων
703 2764 799 2823 οὖν
825 2768 903 2839 τῷ
921 2765 1037 2836 λαῷ
1072 2763 1534 2847 αναγνωσοέντων
1563 2755 1801 2830 ἤρξαντο
1835 2757 2040 2821 πάντες

446 2865 765 2935 ἀναχωρεῖν
795 2862 890 2915 καὶ
921 2858 1001 2927 τῷ
1025 2856 1447 2930 βασιλεοπάτορι
1484 2851 1857 2924 προσρύεσθαι
1898 2850 2035 2902 Ῥωο

453 2956 632 3030 μανῷ.
668 2955 777 3009 Τοῦ
811 2954 976 3007 Φωκᾶ
1001 2953 1057 3005 δὲ
1087 2953 1167 3014 είς
1199 2947 1514 3018 ἀμηχανίαν
1559 2945 1916 3016 περιστάντος
1943 2941 2040 2996 καὶ⁹

449 3051 789 3120 ἀπογνόντος
819 3046 894 3107 ὡς
921 3044 1102 3112 πάσης
1133 3041 1350 3104 ἐλπίδος
1380 3037 1766 3108 ἠστοχηκὸτος,
1792 3035 1887 3089 καὶ
1913 3051 2048 3104 χρη·

456 3141 709 3214 σαμένου
746 3139 894 3208 φυγῇ
927 3136 1022 3190 καὶ
1053 3133 1191 3215 προς
1220 3131 1282 3185 τὸ
1313 3131 1550 3200 κάστρον
1596 3126 1814 3190 Ἀτεοῦς
1865 3142 2046 3196 παρα-

2134 2043 2322 2110 habeo,
2346 2042 2436 2112 qui
2464 2052 2690 2109 paterna
2723 2053 2852 2106 erga
2877 2051 2957 2089 me
2986 2035 3187 2088 viscera
3220 2046 3283 2083 ac
3318 2027 3571 2100 genitoris
3593 2041 3717 2094 pro-

2133 2153 2352 2207 pensum
2403 2136 2644 2188 animum
2679 2130 2986 2184 ostenderit.
3045 2124 3272 2178 Leonem
3312 2138 3430 2176 vero
3484 2119 3720 2174 Phocum

2137 2248 2258 2286 cum
2306 2245 2508 2298 semper
2552 2225 2877 2281 insidiarum
2924 2228 3221 2288 suspectum
3249 2214 3545 2277 habuerim,
3580 2224 3718 2264 nunc

2140 2341 2196 2378 re
2219 2325 2334 2392 ipsa
2361 2321 2705 2376 insidiantem
2729 2315 2949 2392 oﬂ‘endi,
2985 2329 3046 2366 ac
3076 2312 3166 2382 qui
3208 2308 3422 2380 tyranni
3464 2311 3722 2372 potestate

2140 2415 2412 2486 majestati
2435 2429 2563 2467 utea:
2598 2409 2833 2464 rebellet.
2875 2390 3230 2472 Quamobrem
3253 2418 3345 2456 nec
3377 2397 3722 2452 domesticum

2140 2509 2384 2572 deinceps
2419 2521 2539 2559 eum
2566 2518 2673 2556 esse
2699 2501 2838 2555 volo.
2897 2497 3075 2566 Neque
3103 2494 3241 2548 enim
3273 2493 3410 2545 lianc
3440 2504 3552 2542 meo
3576 2486 3725 2552 iussis

2142 2600 2377 2655 orditum
2427 2597 2586 2651 telam
2617 2607 2866 2663 agnosco,
2907 2587 2995 2642 sed
3030 2588 3204 2656 ipsum
3232 2601 3264 2637 ο
3291 2599 3344 2636 se
3369 2581 3610 2649 ultroque
3638 2575 3725 2631 la-

2142 2709 2344 2747 cessere
2387 2706 2449 2742 οε
2481 2685 2741 2759 grassari,
2784 2693 2842 2736 ut
2884 2685 2939 2735 in
2983 2697 3038 2736 se
3084 2677 3364 2746 imperium
3409 2672 3722 2740 transferat.

2143 2783 2453 2854 pronuntio.
2502 2779 2684 2834 Lectis
2707 2778 2892 2844 itaque
2927 2773 3184 2828 audiente
3226 2767 3472 2824 exercitu
3509 2763 3727 2827 litteris,

2145 2881 2434 2946 coeperunt
2461 2886 2655 2926 omnes
2677 2885 2707 2923 a
2726 2868 2906 2923 Leone
2932 2865 2999 2920 ad
3031 2865 3342 2918 Romanum
3374 2853 3729 2927 imperatoris

2146 2975 2358 3039 patrem
2414 2963 2748 3019 desciscere.
2813 2957 2922 3012 Leo
2959 2953 3176 3009 consilii
3233 2952 3394 3019 inops
3444 2947 3732 3014 rebusque

2148 3060 2477 3131 desperatis,
2509 3055 2599 3109 cui
2632 3051 2768 3107 nihil
2797 3057 2998 3122 pra!le
3027 3045 3098 3101 ad
3128 3059 3218 3100 res
3251 3039 3570 3098 sarciendas
3601 3049 3734 3104 sup-

2151 3158 2380 3226 peteret,
2423 3150 2658 3206 salutem
2718 3143 2844 3214 fuga
2883 3153 3136 3212 quaerens
3177 3136 3244 3191 ad
3286 3135 3455 3190 Ateus
3485 3136 3731 3185 castrum

447 3235 754 3307 γενομένου
775 3232 870 3283 καὶ
904 3229 977 3300 μὴ
1003 3226 1308 3298 δεχθέντος,
1338 3226 1397 3278 ὲν
1431 3221 1618 3294 χωρίῳ
1656 3217 2045 3289 ὀνομαζομένῳ

2152 3243 2435 3317 pervenit;
2471 3255 2646 3309 eoque
2682 3236 2957 3307 repulsus,
2995 3232 3050 3286 in
3094 3229 3217 3284 vico
3265 3227 3464 3281 Coeleo
3505 3219 3735 3277 nomine

450 3329 748 3403 Γοηλέοντι
793 3324 1238 3393 καταστήσαντος
1306 3318 1403 3371 καὶ
1459 3312 1876 3383 συλληφθέντος,
1929 3313 2040 3366 ἁπ-

453 3425 582 3480 έστε
593 3421 706 3476 ιλεν
736 3415 1018 3488 Ῥωμανὸς
1042 3413 1298 3481 Ἰωάννην
1313 3410 1406 3463 τὸν
1439 3406 1727 3477 Τουδάκην
1759 3405 1854 3458 καὶ
1879 3403 2045 3458 Δέον·

453 3534 525 3572 τα
567 3515 663 3568 τὸν
694 3507 860 3565 αὐτοῦ
891 3505 1126 3576 συγγενῆ
1156 3503 1296 3557 ὥστε
1327 3501 1640 3569 εἰσαγαγεῖν
1691 3498 1854 3552 αὐτὸν
1881 3497 1938 3550 ὲν
1979 3497 2044 3568 τῇ

459 3607 641 3664 πόλει.
698 3603 764 3656 01
814 3600 872 3655 δὲ
927 3599 1116 3653 τοῦτον
1171 3595 1547 3666 κρατήσαντες
1619 3588 2046 3658 ἀπετύιρλωσαν,

462 3702 643 3757 καίτοι
698 3694 970 3768 μηδεμίαν
993 3689 1124 3762 περὶ
1160 3687 1354 3741 τούτου
1381 3684 1668 3754 δεξάμενοι
1708 3680 1928 3750 ἐντολὴν
1956 3681 2052 3734 καὶ

469 3787 781 3859 αὐθαιρέτῳ
829 3783 1030 3855 γνώμῃ
1077 3779 1238 3834 τοῦτο
1290 3776 1674 3858 πεποιηκότες,
1723 3773 1800 3836 ὡς
1847 3772 2054 3840 ἀγανα-

483 3882 677 3949 κτῆσαι
722 3880 812 3933 ἐπὶ
877 3876 1056 3946 τούτῳ
1095 3874 1192 3928 καὶ
1213 3870 1303 3924 τὸν
1347 3861 1784 3940 βασιλεοπάτορα
1837 3863 2056 3933 Ῥωμα-

495 3975 607 4028 νόν.

567 4061 734 4119 ιδ’-ιε’.
759 4061 1053 4133 Αὐγούστῳ
1082 4057 1140 4112 δὲ
1174 4057 1305 4128 μηνὶ
1336 4050 1692 4124 κατεμηνύθη
1719 4049 1791 4101 τά
1806 4048 1906 4117 τῆς
1929 4047 2054 4098 ἐπι-

481 4156 677 4227 ϐουλῆς
703 4154 1108 4211 Κωνσταντίνου
1133 4145 1489 4219 Κτηματινοῦ
1521 4145 1614 4198 καὶ⁹
1641 4139 1806 4195 Δαὸὶδ
1825 4141 1913 4192 Κα
1924 4153 2060 4206 μου·

474 4250 661 4306 λιανοῦ
709 4250 806 4326 καὶ
868 4243 1094 4316 Μιχαὴλ
1157 4241 1508 4312 κουράτωρος
1563 4235 1672 4290 τῶν
1726 4232 2024 4303 μαγγάνων
2045 4244 2063 4262 ο

2144 3301 2482 3395 constitutus
2501 3301 2762 3401 capitur:
2802 3326 2954 3382 Missi
2986 3323 3185 3379 deinde
3219 3333 3252 3374 a
3283 3318 3535 3373 Romano
3563 3301 3739 3367 Joan'

2145 3446 2244 3488 nes
2293 3427 2545 3482 Tubaces
2584 3399 2650 3478 et
2692 3420 2802 3474 Leo
2847 3417 2968 3488 ejus
3011 3421 3302 3484 cognatus,
3359 3407 3455 3478 qui
3500 3418 3626 3459 eum
3676 3399 3729 3454 in

2149 3522 2337 3577 urbem
2370 3515 2532 3589 397
2570 3515 2912 3570 inducerent.
2969 3507 3047 3562 llli
3091 3518 3224 3560 vero
3280 3514 3407 3558 cum
3442 3495 3738 3566 cepissent,

2149 3616 2327 3674 oculis
2350 3613 2645 3673 orbarunt,
2677 3617 2994 3679 quanquam
3025 3599 3179 3656 nullo
3218 3595 3338 3667 ejus
3374 3591 3452 3648 rei
3481 3586 3742 3645 mandato

2153 3717 2402 3775 accepto,
2465 3703 2559 3759 sed
2613 3716 2713 3756 sua
2768 3697 2872 3768 ipsi
2929 3693 3176 3750 instincti
3228 3689 3528 3747 voluntate,
3578 3687 3640 3734 ut
3688 3684 3744 3731 et

2157 3797 2508 3872 imperatoris
2543 3803 2699 3865 pater
2726 3805 2792 3847 co
2822 3786 3044 3845 nomine
3085 3783 3403 3853 indignatus
3430 3775 3526 3833 sit.

2235 4057 2426 4113 14-15.
2470 4053 2656 4108 Mense
2691 4051 2938 4118 Augusto
2973 4045 3200 4098 detectae
3241 4031 3590 4093 Constantini
3623 4029 3750 4085 Cte-

2163 4147 2378 4209 matini,
2410 4142 2632 4199 Davidis
2675 4134 2983 4196 Camuliani
3035 4143 3090 4189 et
3134 4128 3416 4187 Michaelis
3448 4134 3753 4190 mangano-

2165 4259 2288 4299 rum
2318 4236 2591 4297 curatoris
2627 4231 2863 4289 insidiae.
2913 4226 3262 4294 Quapropter
3297 4219 3352 4274 hi
3384 4229 3603 4288 quoque
3643 4225 3754 4268 cas-

471 4303 986 4411 xalruqimbévrs;
1018 4303 1166 4396 0:510:
1219 4303 1317 4393 διὰ
1349 4303 1519 4403 μέσης
1587 4327 1804 4398 διῆλθον
1840 4326 1940 4395 τῆς
1971 4324 2049 4376 πό-

2170 4339 2310 4394 catis
2349 4330 2672 4396 luminibus,
2728 4339 2826 4396 per
2873 4319 3107 4376 mediam
3158 4314 3347 4370 urbem
3387 4305 3648 4369 traducti,
3697 4303 3753 4356 in

470 4441 611 4504 λεως
645 4397 742 4493 καὶ
775 4397 968 4508 ἒξορίᾳῖ
1015 4397 1496 4503 παρεπέμφθῖησαν
1530 4444 1546 4459 ’
1579 4425 1788 4496 ἤγαγον
1843 4420 1901 4475 δὲ
1971 4417 2049 4473 κα⁴

2170 4428 2426 4485 exsilium
2456 4421 2612 4480 missi
2646 4426 2796 4476 sunt.
2846 4413 3132 4470 Adductus
3171 4413 3226 4461 et
3268 4403 3377 4458 Leo
3411 4397 3672 4468 magister
3700 4401 3758 4447 es

473 4482 687 4586 Λέοντα
726 4482 1559 4599 μάγιξτρονηῖαὶήδοιμέστικον
1743 4512 1949 4583 σχολῶν
2005 4511 2049 4563 ex

2175 4523 2489 4578 scholarum
2536 4511 2892 4572 domesticus,
2944 4503 3202 4571 muloque
3244 4494 3491 4552 insidens
3520 4482 3758 4560 ignomi-

473 4627 541 4695 τῇ
574 4591 759 4686 πόλει,
817 4591 1179 4689 οιαὶνδιῆλθεν
1217 4615 1277 4667 δν
1326 4612 1467 4683 μέσῃ
1512 4611 1578 4680 τῇ
1629 4607 1808 4678 ἀγορᾷ
1862 4604 2049 4675 ἡμιὸνι;

2180 4615 2284 4670 nia:
2306 4626 2471 4668 causa
2505 4623 2602 4678 per
2634 4603 2874 4659 medium
2910 4597 3089 4653 forum
3129 4591 3438 4646 traductus.

472 4715 580 4770 καθ
589 4711 682 4777 εζό
689 4729 872 4784 μενος.

553 4814 654 4873 ις’.
720 4803 1014 4876 Ἐφωράῢη
1061 4800 1118 4854 δὲ
1183 4798 1279 4853 καὶ
1324 4796 1447 4866 Ζωὴ
1511 4785 1800 4861 Αὖγοῦστα
1860 4786 2079 4841 ἐπιϐου-

473 4903 719 4959 λεύουσα
785 4894 1051 4968 Ῥωμανῷ
1096 4893 1184 4948 διὰ
1227 4886 1715 4961 πεφαρμαγμὲνων
1753 4881 2078 4953 βρωμάτων,

477 4995 592 5052 ὑπὸ
645 4991 949 5061 Θεοκλήτου
1028 4985 1275 5056 νοταρίου
1337 4981 1438 5051 τῆς
1502 4976 1804 5048 ὑπουργίας
1881 4989 2082 5026 σκευαο

483 5087 732 5142 σοέντων
755 5101 769 5116 ο
796 5082 890 5137 καὶ
906 5079 1112 5151 ταύτην
1142 5076 1236 5131 τοῦ
1264 5073 1523 5130 παλατίου
1540 5066 1965 5130 καταὸιόἁζουσι
1990 5063 2084 5118 καὶ

485 5184 570 5245 είς
613 5179 676 5231 τὸ
699 5175 927 5247 Πετρίον
954 5171 1260 5239 ἀπάγουσιν
1289 5171 1347 5221 ὲν
1377 5167 1443 5236 τῇ
1464 5163 1563 5234 τῆς
1604 5161 1764 5230 ἁγίας
1795 5157 2084 5228 Εὑφημίας

490 5273 632 5345 μονῇ
672 5267 1086 5337 ἀποκείραντες.
1111 5257 1472 5333 Προσεκλήθη
1507 5255 1566 5310 δὲ
1601 5252 1753 5322 παρὰ
1809 5248 2084 5319 Θεοφυλά-

491 5341 628 5418 οιτον
671 5358 962 5430 πατρικίου
987 5356 1085 5410 καὶ
1112 5355 1351 5426 κόμητος
1397 5347 1492 5403 τοῦ
1546 5345 1778 5401 στὰϐλου
1831 5342 1913 5406 εἰς
1960 5341 2085 5410 ἀρι-

493 5472 627 5511 στον
655 5454 684 5506 ὁ
724 5449 1078 5518 παιδαγωγὸς
1121 5443 1537 5500 Κωνσταντίνου
1570 5437 1837 5510 βασιλέως
1879 5432 2088 5488 Θεόδω-

495 5567 594 5623 ρος
627 5549 720 5602 καὶ
762 5543 988 5614 Συμεὼν
1027 5544 1056 5595 ὁ
1087 5539 1252 5594 αὐτοῦ
1275 5537 1502 5607 ἁδελφός
1526 5550 1541 5565 ο
1573 5533 1862 5588 ἐσθιόντων
1901 5528 1959 5582 δὲ
1993 5527 2090 5581 αὐ-

491 5644 608 5700 τῶν
653 5641 908 5712 εἰσῆλθεν
982 5638 1238 5709 Ἰωάννης
1287 5631 1646 5706 δρουγγάριος
1693 5628 1792 5696 τῆς
1841 5624 2029 5697 βίγλης
2061 5623 2090 5676 ὁ

494 5733 824 5807 Κουρκούας
865 5729 1157 5803 λεγόμενος
1201 5728 1338 5799 μετὰ
1369 5724 1622 5780 πλείστου
1647 5718 1776 5774 λαοῦ
1796 5759 1812 5783 ,
1843 5718 1937 5771 καὶ¹
1964 5714 2090 5770 τού-

495 5845 623 5890 τους
696 5824 1022 5896 ἀναρπάσας
1077 5824 1156 5886 εἰς
1191 5821 1252 5874 τὸ
1297 5817 1541 5889 Ὀψίκιον
1581 5811 1838 5884 ἐξώρισεν
1889 5813 1946 5864 ἐν
1981 5810 2091 5872 τοῖς

499 5921 712 5979 irrcth
740 5917 1084 5991 προαστείοις
1113 5915 1186 5980 ὡς
1218 5914 1358 5970 κατὰ
1402 5907 1681 5980 Ῥωμανοῦ
1723 5903 2086 5977 μελετῶντας.

2253 4793 2339 4848 16.
2380 4789 2491 4844 Zoe
2536 4798 2755 4857 quoque
2783 4776 3121 4850 deprehensa
3172 4765 3478 4827 machinari
3528 4768 3760 4818 mortem

2185 4886 2434 4941 Romano
2483 4853 2580 4950 per
2634 4853 2787 4932 cibos
2836 4870 3160 4931 medicatos,
3221 4865 3529 4919 instruente
3590 4853 3762 4922 dapes

2183 4977 2482 5034 Theocleto
2517 4971 2676 5026 olIicii
2726 4966 2964 5022 notario.
3013 4961 3198 5029 Quare
3243 4957 3384 5011 hanc
3429 4951 3595 5006 etiam
3638 4943 3762 5000 aula

2185 5032 2417 5140 eiectam
2451 5066 2618 5134 inque
2645 5058 2888 5114 Petrium
2925 5052 3217 5109 abductam
3262 5045 3316 5099 in
3349 5041 3407 5098 S.
3447 5032 3767 5140 Eupbemiaa

2187 5130 2542 5218 monasterio
2575 5151 2956 5210 totonderunt.
3007 5141 3256 5199 invitatis
3309 5150 3441 5192 vero
3485 5130 3553 5185 ad
3603 5139 3768 5199 pran-

2187 5256 2334 5312 dium
2383 5267 2414 5307 a
2459 5247 2873 5318 Theopbylacto
2929 5238 3162 5312 patricio
3221 5249 3284 5288 ac
3325 5227 3528 5286 stabuli
3567 5220 3769 5279 comite

2189 5345 2481 5402 Theodoro
2515 5312 2871 5397 Constantini
2915 5326 3264 5401 imperatoris
3297 5320 3590 5393 paedagogo
3619 5312 3772 5384 ejus-

2189 5455 2297 5512 que
2341 5437 2511 5492 lratre
2557 5433 2852 5504 Symeonc,
2889 5427 3033 5480 inter
3071 5419 3262 5492 epulas
3291 5417 3571 5485 ingressus
3601 5404 3771 5461 Joan-

2191 5549 2289 5588 nes
2327 5527 2683 5586 excubiarum
2739 5517 3071 5587 drungarius
3127 5511 3307 5568 dictus
3352 5505 3603 5561 Curcuas
3643 5509 3768 5552 cum

2193 5625 2366 5681 multo
2421 5619 2677 5677 satellitio
2705 5659 2720 5681 ,
2772 5622 3022 5684 arreptos
3050 5609 3226 5682 illos,
3275 5613 3535 5671 tanquam
3578 5593 3774 5648 adver-

2194 5737 2292 5778 sus
2339 5717 2650 5773 Romanum
2715 5683 3083 5770 machinatos,
3128 5701 3195 5757 ad
3233 5697 3513 5770 Opsiciutn
3561 5689 3616 5745 in
3659 5683 3776 5743 suis

2197 5813 2440 5884 ipsorum
2475 5803 2804 5864 suburbanis
2837 5815 2934 5858 cos
2980 5795 3234 5854 exsulare
3258 5789 3456 5862 coegit.
