4136 6428
478 327 586 391 ΗΞ)

1610 320 2121 383 THEOPHANES
2156 321 2713 385 CONTINUATUS.

3656 322 3762 387 4Ξο

480 436 753 492 Photinus
800 433 1117 506 Platypodis
1157 432 1302 489 lilius
1331 431 1455 502 ejus
1501 433 1693 488 tuendi
1740 448 1911 489 causa
1951 449 2075 488 con-

2190 454 2358 507 κτωρ,
2387 438 2682 505 σφάττεται
2710 436 2767 491 δὲ
2807 436 2947 505 ὑπὲρ
2978 434 3170 489 τούτου
3195 433 3597 505 ἀγωνιζόμενος
3640 436 3761 488 Φω-

484 528 747 584 certando
782 536 1032 592 necatur,
1072 526 1277 596 aliique
1308 525 1487 580 multi.
1525 525 1726 579 Rector
1751 525 1916 594 igitur
1937 539 2081 593 aegre

481 629 731 677 servatus
766 619 817 673 in
850 618 1088 673 celocem
1122 618 1326 672 evadit.
1369 615 1529 671 Venit
1567 631 1695 670 vero
1724 625 1778 670 et
1809 616 1926 686 ipse
1955 614 2080 686 fuga

462 704 730 782 'dilapsus
764 711 935 767 armis
969 710 1151 780 gravis
1210 709 1436 763 Alexius
1479 708 1818 778 drungarius
1849 707 2077 762 Muselev

482 821 584 860 nec
640 820 764 857 cum
800 803 881 857 eis
924 802 1125 857 celocis
1159 803 1363 856 scalam
1398 802 1686 854 commode
1735 800 1872 855 satis
1915 815 2080 855 scan-

481 899 610 950 dere
634 896 842 959 valens,
874 910 981 947 una
1007 909 1130 947 cum
1165 907 1266 947 suo
1300 891 1809 960 protomandatore,
1839 905 2081 959 praeor-ps

482 988 539 1042 in
576 1003 725 1041 mare
752 995 933 1048 actus,
964 985 1123 1054 aquis
1160 983 1460 1037 suffocatus
1488 992 1593 1038 est.
1646 982 1824 1036 Ambo
1862 981 2077 1052 Argyri,

480 1096 606 1135 cum
639 1080 852 1133 scilicet
882 1075 1092 1130 Pothus
1126 1084 1235 1128 tum
1272 1072 1381 1129 Leo
1406 1073 1570 1145 402
1622 1073 1907 1140 patricius,
1952 1072 2078 1141 fuga

481 1152 537 1227 ἰιι
573 1172 856 1227 castellum
892 1177 1203 1225 evaserunt.
1245 1164 1477 1221 Navales
1525 1183 1588 1220 ac
1620 1168 1843 1237 reliquae
1886 1181 2080 1221 omnes

482 1267 652 1335 copiae
721 1264 916 1333 partim
979 1261 1218 1315 hostium
1262 1274 1461 1313 manus
1524 1259 1763 1327 eﬂ‘ugere
1796 1259 2077 1313 studentes

483 1359 539 1412 in
590 1358 728 1409 mari
779 1354 1065 1409 exstincta:
1111 1362 1261 1418 sunt,
1303 1353 1503 1423 partim
1566 1352 1708 1406 ferro
1758 1352 2075 1421 perierunt,

480 1450 678 1521 partim
745 1448 889 1517 capti
943 1462 972 1500 a
1029 1444 1279 1515 Bulgaris
1353 1454 1504 1500 sunt.
1570 1445 1797 1500 Demum
1856 1443 2075 1515 Bulgari

480 1543 699 1599 nemine
721 1542 826 1595 illis
849 1540 1148 1595 obsistente
1166 1541 1345 1610 regias
1360 1536 1624 1610 Pegarum
1652 1539 1794 1592 aedes
1822 1536 2081 1592 incende-

480 1644 611 1691 runt
656 1643 940 1702 totumque
968 1630 1193 1686 Stenum
1229 1630 1339 1701 igni
1372 1638 1745 1685 vastaverunt.
1786 1626 1877 1683 Sic
1916 1628 2079 1682 nimi-

480 1745 603 1785 rum
622 1728 827 1801 grande
854 1728 1053 1782 malum
1074 1726 1287 1782 consilii
1322 1725 1503 1796 inopia
1532 1740 1824 1794 rerumque
1853 1724 2077 1795 imperi-

480 1821 580 1884 tia,
604 1821 690 1877 cui
714 1819 942 1875 audacia
968 1834 1029 1872 ac
1054 1820 1334 1872 temeritas
1372 1824 1572 1887 praesto
1606 1827 1690 1871 est
1731 1830 1795 1870 ac
1827 1815 1989 1869 favet.
2034 1824 2050 1830 ‘

552 1914 606 1970 9.
669 1912 872 1968 Mensis
932 1910 1224 1967 Februarii
1289 1909 1378 1964 die
1439 1909 1723 1975 vicesimo,
1783 1908 2081 1962 indictiOne

481 2006 723 2071 decima,
775 2003 1067 2059 Tlieodora
1119 2002 1358 2058 Romani
1409 2001 1608 2069 conjux
1660 2001 1914 2054 moritur.
1948 1998 2081 2068 Ejus

479 2098 716 2154 cadaver
749 2097 802 2150 in
836 2094 1070 2151 Romani
1121 2094 1301 2165 ipsius
1344 2096 1528 2159 domo,
1571 2110 1736 2164 quam
1785 2094 1841 2148 in
1890 2108 2080 2148 mona-

483 2190 710 2246 sterium
773 2196 1036 2250 mutarat,
1092 2186 1407 2257 depositum
1458 2194 1563 2240 est.
1629 2184 1835 2239 Eodem
1893 2199 2081 2239 mense

481 2291 784 2338 coronatur
838 2280 1044 2350 Sophia
1078 2278 1461 2348 Christophori
1513 2277 1866 2347 imperatoris
1914 2292 2077 2331 uxor.

482 2373 690 2429 Eodem
750 2381 995 2440 tempore
1043 2369 1164 2423 lber
1203 2370 1521 2437 curopalata
1580 2369 1633 2421 in
1684 2367 1874 2421 urbem
1908 2368 2076 2428 venit.

482 2480 689 2538 perque
721 2463 962 2517 medium
993 2459 1172 2515 forum
1196 2460 1464 2514 deductus
1496 2459 1787 2532 magniﬁco
1814 2471 2079 2529 apparatu

484 2566 739 2613 ornatum
772 2570 898 2611 cum
930 2568 1127 2623 magna
1162 2554 1408 2608 claritate
1449 2561 1503 2608 et
1545 2553 1752 2607 honore
1792 2562 2078 2620 susceptus

483 2659 589 2704 est.
612 2646 1131 2707 lmluxeruntetiam
1167 2644 1320 2698 illum
1356 2645 1409 2699 in
1446 2643 1501 2698 S.
1532 2643 1774 2714 Sophiae,
1808 2654 1867 2700 ut
1901 2661 2075 2701 sacrae

484 2741 609 2811 ejus
641 2739 774 2795 aedis
804 2737 1269 2808 pulchritudinem
1319 2750 1370 2793 et
1416 2739 1811 2793 immanitatem
1848 2752 1910 2792 ac
1956 2754 2079 2809 pre-

488 2830 856 2886 tiosissimum
891 2828 1096 2885 cultum
1121 2829 1299 2884 oculis
1325 2829 1441 2899 ipse
1474 2830 1753 2884 lustraret.
1784 2829 2077 2898 Splendide

486 2938 723 2993 namque
762 2931 1044 2986 ornantes,
1100 2936 1343 2992 auroque
1378 2922 1543 2977 textis
1597 2921 1784 2976 aulaeis
1839 2922 2077 2991 parietes

485 3014 991 3070 circumvestientes
1024 3013 1314 3083 omnisque
1359 3014 1573 3083 generis
1616 3013 1766 3068 cultu
1807 3013 2075 3068 decoranv

484 3116 585 3173 tes,
621 3106 702 3161 sic
733 3121 857 3160 eum
906 3105 1268 3161 admiserunt.
1302 3105 1392 3159 Ille
1428 3104 1737 3159 mirandam
1785 3105 2073 3161 immanis-

2182 528 2358 592 τεινὸς
2382 533 2409 583 6
2438 531 2532 583 τοῦ
2565 529 2885 600 Πλατυπόδη
2912 530 3027 592 υίὸς
3052 531 3145 582 καὶ
3174 528 3359 583 πολλοὶ
3395 528 3596 598 ἑτερνιι.
3644 528 3763 582 Μό-

2181 620 2265 683 λις
2292 617 2385 675 οὖν
2420 624 2449 675 6
2480 623 2726 693 ραίκτωρ
2754 621 3048 684 διασωθεὶς
3085 621 3335 691 είσῆλθεν
3381 624 3460 684 είς
3500 623 3592 675 τὸν
3639 623 3766 691 δρό-

2186 729 2360 781 μωνα.
2390 707 2594 766 Ἦλθεν
2628 714 2684 766 δὲ
2710 712 2926 781 φεύγων
2952 711 3173 775 ἔνοπλος
3196 713 3291 766 καὶ
3312 710 3547 778 Ἀλέξιος
3571 713 3768 783 δρουγ-

2181 806 2373 875 γάριος
2399 806 2426 856 6
2474 805 2740 868 Μουσελὲ,
2792 806 2887 857 καὶ
2922 803 2997 875 μὴ
3028 803 3255 873 ἰσχύσας
3284 803 3471 857 τέλεον
3519 803 3766 857 ἀνελθεῖν

2182 902 2240 952 tv
2268 902 2333 969 τῇ
2364 897 2454 953 τοῦ
2487 898 2764 969 δρόμωνος
2788 896 3098 967 ἀποϐάθρᾳ,
3124 896 3309 949 πεσὼν
3344 898 3400 949 tv
3423 899 3489 967 τῇ
3519 896 3767 968 Θαλάσσῃ

2184 991 2280 1044 σὺν
2314 990 2391 1061 τῷ
2423 989 2590 1043 αὐτοῦ
2627 990 3115 1061 πρωτομανδάτορι
3169 989 3468 1057 ἀπεπνίγη.
3506 989 3767 1060 Ἀργυροὶ

2180 1083 2256 1149 δὲ,
2291 1085 2318 1136 δ
2342 1101 2400 1136 τε
2433 1082 2603 1143 Πόθος
2630 1083 2724 1135 καὶ
2746 1082 2897 1135 Λέων
2933 1082 3257 1153 πατρίκιος,
3294 1082 3351 1134 tv
3409 1080 3487 1151 τῷ
3541 1080 3762 1133 καστελ-

2180 1175 2282 1245 λίῳ
2314 1171 2969 1245 φυγόντες’διεσὼθησαν.
3000 1174 3246 1243 meum:
3278 1173 3333 1226 δὲ
3359 1173 3451 1225 καὶ
3499 1172 3559 1224 τὸ
3617 1171 3765 1226 ἅπαν

2182 1267 2408 1337 πλῆθος,
2445 1267 2494 1318 οἱ
2531 1266 2629 1336 μὲν
2649 1266 2749 1329 τὰς
2779 1266 2889 1319 τῶν
2921 1265 3198 1336 πολεμίων
3232 1268 3422 1337 χεῖρας
3454 1263 3768 1333 φεύγοντες

2181 1358 2238 1411 tv
2266 1361 2331 1429 τῇ
2371 1358 2616 1428 Θαλάσσῃ
2643 1359 3053 1428 ἀπεπνίγησαν,
3095 1356 3246 1430 ιειρ]
3268 1358 3317 1410 oi
3344 1358 3399 1411 δὲ
3426 1356 3644 1427 σιδήρου
3669 1372 3767 1425 γε·

2180 1450 2371 1519 γόνασι
2397 1450 2798 1519 παρανάλωμα,
2830 1451 2879 1502 οἱ
2899 1450 2956 1502 δὲ
2988 1452 3144 1520 χερσὶ
3190 1450 3585 1520 Βουλγαρικαῖς
3641 1466 3770 1502 συν-

2179 1538 2511 1609 ελήφθησαν.
2546 1539 2609 1592 Οί
2642 1539 2697 1591 δὲ
2745 1539 3047 1610 Βούλγαροι
3086 1539 3292 1611 μηδένα
3322 1541 3413 1594 τὸν
3442 1540 3771 1594 διακωλύον-

2178 1645 2248 1681 τα
2276 1628 2492 1697 ἔχοντες
2521 1628 2591 1679 τά
2619 1645 2678 1680 τε
2702 1628 2809 1680 τῶν
2852 1628 3053 1697 Πηγῶν
3095 1628 3337 1683 παλάτια
3378 1628 3770 1700 ἐπυρπόλησαν

2181 1718 2274 1773 καὶ
2304 1718 2363 1771 τὸ
2393 1718 2585 1772 Στενδν
2611 1718 2757 1773 ἀπαν
2794 1722 3166 1776 κατέκαυσαν.
3234 1720 3421 1785 Οὕτως
3459 1722 3567 1792 ἀρα
3592 1722 3770 1775 δεινὸν

2109 1803 2149 1856 Β
2179 1811 2407 1865 ἀϐουλία
2434 1813 2529 1866 καὶ
2558 1813 2781 1883 ἀπειρία
2812 1813 3128 1884 θρασύτητα
3155 1813 3443 1884 σύμμαχον
3473 1815 3689 1885 ἔχουσα.

2254 1901 2320 1956 θ’.
2342 1902 2529 1957 Είκάδι
2561 1903 2618 1956 δὲ
2637 1904 2991 1973 Φεϐρουαρίῳ
3027 1906 3177 1975 μηνὶ,
3217 1904 3553 1967 ίνδικτιῶνος
3607 1905 3771 1960 δεκά-

2180 2011 2301 2063 της,
2324 1994 2577 2065 Θεοδώρα
2605 1994 2838 2064 σύμϐιος
2888 1995 3173 2066 Ῥωμανοῦ
3206 1996 3454 2068 τελευτᾷ.
3489 1997 3585 2049 καὶ
3636 2014 3773 2050 κατ-

2180 2085 2340 2156 ετέθη
2368 2086 2429 2138 τὸ
2450 2085 2609 2156 σῶμα
2634 2087 2807 2156 αὐτῆς
2839 2088 2895 2139 tv
2924 2086 3002 2156 τῷ
3026 2086 3162 2156 οἴκῳ
3186 2087 3353 2141 αὐτοῦ
3378 2086 3470 2141 τοῦ
3501 2087 3771 2157 βασιλέως

2191 2178 2470 2248 Ῥωμανοῦ
2499 2178 2577 2249 τῷ
2613 2179 2701 2232 ὑπ’
2725 2178 2891 2232 αὑτοῦ
2926 2179 3291 2250 μοναστήριον
3313 2180 3655 2249 ἀμειφθέντι.
3675 2179 3773 2249 Τῷ

2178 2270 2234 2323 δὲ
2259 2269 2408 2341 αὑτῷ
2437 2270 2569 2341 μηνὶ
2602 2270 2861 2338 στέφεται
2890 2270 3061 2338 Σοφία
3087 2270 3120 2341 ἡ
3149 2270 3243 2323 τοῦ
3296 2270 3563 2340 βασιλέως
3629 2274 3775 2343 Χρι-

2181 2360 2444 2431 στοφόρου
2468 2360 2628 2430 γυνή.
2702 2359 3020 2430 Τηνικαῦτα
3045 2358 3103 2412 δὲ
3138 2360 3232 2412 καὶ
3272 2361 3300 2413 6
3352 2362 3774 2433 κουροπαλάτης

2183 2449 2340 2520 ’ἰὸηρ
2383 2453 2439 2504 tv
2483 2454 2548 2522 τῇ
2605 2452 2760 2505 πόλει
2798 2451 3157 2523 παρεγένετο,
3212 2453 3307 2505 καὶ
3331 2452 3421 2506 διὰ
3462 2453 3638 2524 μέσης
3666 2455 3776 2525 τῆς

2178 2545 2382 2614 ἀγορᾶς
2410 2543 2655 2607 διελθὼν,
2680 2544 3110 2616 κεκοσμημένης
3129 2544 3425 2616 λαμπρῶς,
3446 2548 3585 2616 μετὰ
3606 2547 3775 2619 δόξης

2179 2637 2381 2707 πολλῆς
2442 2638 2536 2691 καὶ
2584 2638 2749 2709 τιμῆς
2800 2639 3075 2710 ὑπεδέχθη
3102 2656 3116 2671 ο
3153 2639 3212 2691 ὃν
3240 2640 3335 2694 καὶ
3378 2641 3436 2693 ὲν
3496 2641 3563 2710 τῇ
3606 2638 3775 2713 Ἀγίᾳ.

2177 2732 2269 2785 τοῦ
2303 2730 2438 2783 Θεοῦ
2474 2731 2643 2801 Σοφίᾳ
2663 2731 2980 2801 ἀπήγαγον,
3013 2731 3076 2786 τὸ
3104 2732 3300 2797 κάλλος
3346 2733 3516 2804 αὐτῆς
3567 2734 3662 2786 καὶ⁵
3706 2734 3771 2787 τὸ

2181 2821 2409 2892 μέγεθος
2442 2820 2775 2892 θεασόμενον
2802 2823 3009 2876 καὶτὸν
3043 2823 3310 2894 πολυτελῆ
3338 2824 3567 2894 κόσμον.
3620 2824 3758 2878 Καλ-

2177 2913 2513 2978 λωπίσαντες
2542 2916 2650 2986 γάρ
2678 2915 2883 2988 ταύτην
2912 2917 3007 2971 καὶ
3049 2918 3498 2989 περιστείλαντες
3529 2919 3761 2979 πέπλοις

2176 3009 2509 3077 χρυσοῦφέσι
2570 3009 2667 3062 καὶ
2697 3008 2891 3080 κόσμῳ
2916 3011 3179 3079 παντοίῳ,
3226 3010 3398 3073 οὕτως
3439 3011 3602 3065 αὑτὸν
3652 3011 3771 3063 εἰσ-

2177 3101 2386 3170 ήγαγον
2413 3102 2470 3153 ὲν
2492 3101 2651 3173 αὐτῇ.
2691 3102 2750 3155 '0
2773 3102 2831 3155 δὲ
2853 3104 2913 3155 τὸ
2934 3102 3249 3172 θαυμαστὸν
3272 3104 3367 3157 καὶ
3394 3102 3775 3175 ὑπερμέγεθες

483 3212 591 3266 que
662 3196 826 3250 molis
900 3196 1087 3266 templi
1152 3194 1418 3250 fabricam
1487 3205 1736 3264 stupens,
1800 3210 2075 3266 supraque

2177 3194 2270 3246 τοῦ
2300 3193 2427 3246 ναοῦ
2451 3193 2613 3263 ἔργον
2637 3193 3011 3263 καταπλαγεὶς
3035 3194 3242 3249 καὶτὸν
3274 3173 3549 3268 πολυτελῆ
3565 3197 3775 3268 κόσμον

484 3288 707 3343 modum
757 3287 1067 3343 admiratus
1112 3287 1260 3342 illius
1309 3288 1778 3357 pretiosissimum
1835 3289 2070 3354 cultum,

484 3395 549 3434 ac
598 3396 722 3435 cum
755 3381 982 3435 dixisset
1014 3397 1232 3436 sacrum
1281 3382 1427 3436 hunc
1466 3381 1648 3435 locum
1689 3396 1818 3436 vere
1842 3380 1936 3436 Dei
1969 3380 2071 3435 ha-

484 3471 785 3527 bitaculum
820 3488 961 3538 esse,
994 3471 1218 3528 domum
1276 3488 1533 3529 reversus
1587 3482 1691 3528 est.

559 3561 647 3617 10.
682 3560 895 3617 Rursus
920 3578 1052 3617 vero
1080 3577 1110 3616 a
1144 3562 1395 3632 Bulgaris
1433 3572 1686 3632 suscepta
1723 3561 2070 3632 expeditione

484 3662 539 3708 et
570 3668 695 3708 cum
737 3652 811 3706 illi
842 3651 1088 3722 adusque
1119 3650 1178 3706 S.
1206 3650 1507 3707 Theodorae
1556 3652 1734 3722 regias
1783 3652 1928 3705 aedes
1976 3667 2072 3705 ve-

488 3746 699 3800 nissent
742 3760 945 3816 easque
973 3745 1082 3817 igni
1135 3746 1528 3811 incendissent,
1567 3745 1728 3817 5,03
1778 3745 2076 3815 imperator

486 3835 770 3893 Romanus
797 3836 1026 3906 prandio
1050 3837 1196 3891 laute
1216 3837 1485 3892 instructo
1515 3837 1791 3906 agminum
1819 3837 2076 3893 ductores

489 3928 758 3995 invitavit,
803 3941 928 3983 cum
973 3937 1049 3993 et,
1080 3944 1244 4000 quem
1289 3937 1507 3993 vocant,
1550 3928 1795 3985 Sactices
1837 3928 1944 3984 illis
1982 3945 2077 3984 co-

486 4036 605 4075 mes
637 4031 802 4076 esset.
826 4019 1087 4075 Hortatur
1125 4036 1257 4093 ergo
1284 4018 1553 4089 jubetque
1591 4019 1855 4091 adversus
1886 4020 2076 4077 hostes

483 4113 636 4167 exire
687 4128 751 4167 ac
792 4128 891 4184 pro
929 4114 1120 4183 patria:
1143 4112 1525 4170 incolumitate
1572 4129 1838 4185 pugnare.
1870 4113 2075 4169 Assen-

484 4210 676 4259 serunt
710 4203 811 4269 illi,
843 4212 1009 4273 atque
1046 4204 1259 4259 alacres
1288 4204 1464 4274 ipsius
1512 4205 1819 4275 majestatis
1852 4205 2070 4260 tuendae

483 4312 648 4351 causa
674 4311 737 4352 ac
758 4296 1109 4354 Christianos
1133 4296 1435 4352 ulciscendi
1467 4299 1810 4368 appetituros
1834 4313 1893 4354 se
1925 4314 2076 4353 mor-

482 4400 591 4448 tem
624 4392 676 4446 in
708 4406 768 4447 se
801 4400 1144 4461 receperunt.
1183 4390 1452 4447 Postridie
1498 4394 1683 4464 igitur,
1733 4408 1895 4464 quem
1930 4394 2076 4449 dixi-

486 4500 633 4550 mus,
687 4483 952 4545 Sactices,
1008 4483 1076 4536 ab
1132 4483 1462 4552 imperatore
1519 4486 1687 4540 armis
1746 4485 2067 4549 instructus,

486 4591 671 4630 veram
721 4576 788 4630 ab
842 4575 962 4644 ipso
990 4574 1171 4629 datam
1206 4576 1365 4631 ﬁdem
1404 4592 1467 4632 ac
1497 4594 1661 4647 quam
1686 4577 1919 4646 iactarat
1960 4578 2072 4630 for-

486 4668 776 4723 titudinem
829 4666 1100 4722 ostendit:
1147 4667 1412 4737 Bulgaros
1458 4669 1660 4739 quippe
1712 4683 1741 4721 a
1781 4676 1931 4737 tergo
1975 4684 2073 4739 ag-

485 4773 729 4831 gressus,
783 4759 948 4829 inque
1002 4774 1191 4815 eorum
1245 4770 1427 4816 castra
1476 4762 1750 4825 insiliens,
1813 4776 1952 4831 quos
2000 4763 2072 4817 ibi

487 4851 727 4922 reperit,
762 4866 954 4907 omnes
1007 4853 1323 4908 trucidavit.
1356 4851 1574 4923 Bulgari
1611 4854 1779 4926 igitur
1807 4856 1898 4909 ubi
1931 4857 2075 4911 didi-

484 4958 609 5000 cere
681 4945 825 5014 quod
891 4945 967 5000 ita
1029 4956 1305 5010 evenerat,
1359 4946 1412 4999 in
1465 4954 1643 5001 castra
1725 4959 2075 5004 revertuntur

484 5045 852 5107 consertaque
880 5038 1008 5106 acie
1057 5036 1325 5093 Sactieem
1373 5041 1560 5107 paucis
1608 5040 1865 5110 stipatum
1924 5050 2073 5111 terga

486 5135 698 5182 vertere
731 5137 953 5199 cogunt.
1001 5126 1050 5183 is
1074 5128 1259 5198 itaque
1312 5137 1536 5183 strenue
1566 5130 1831 5185 desudata
1863 5133 2070 5202 praelio,

486 5217 742 5291 factaque
785 5220 1026 5276 hostium
1058 5219 1261 5290 ingenti
1301 5226 1503 5290 strage,
1534 5236 1660 5276 cum
1694 5230 1857 5278 tanta:
1880 5238 2074 5279 eorum

485 5312 822 5367 multitudini
883 5311 1218 5368 sustinenda:
1278 5327 1377 5381 par
1436 5313 1672 5383 amplius
1731 5330 1839 5369 non
1903 5327 2071 5382 esset,

486 5404 680 5459 laxatis
711 5405 941 5461 habenis
972 5418 1171 5475 equum
1195 5404 1261 5459 ad
1290 5404 1473 5474 fugam
1504 5406 1754 5476 impellit.
1788 5406 1846 5461 In
1880 5408 2072 5478 cujus—

483 5498 608 5552 dam
646 5512 827 5553 autem
869 5498 1049 5553 amnis
1076 5498 1331 5565 transitu,
1362 5514 1506 5569 equo
1538 5499 1593 5554 in
1624 5515 1785 5555 caeno
1810 5500 2070 5566 haerente,

487 5588 686 5643 vulnus
730 5588 785 5642 in
834 5603 1000 5644 anum
1059 5595 1112 5643 et
1167 5586 1347 5643 femur
1402 5590 1633 5660 accepit.
1667 5587 1870 5645 Verum
1925 5606 2071 5661 equo

492 5692 630 5747 agre
669 5681 889 5736 tandem
955 5695 1183 5735 suorum
1238 5697 1369 5737 cura
1417 5691 1471 5735 et
1512 5681 1781 5736 industria
1823 5698 1853 5738 e
1912 5698 2074 5739 coeno

490 5770 679 5826 evulso
712 5773 778 5826 ad
808 5772 1139 5829 Blachernas
1193 5792 1367 5846 usque
1406 5777 1615 5833 evasit:
1642 5787 1805 5847 atque
1836 5778 1888 5833 in
1917 5794 2071 5835 sacra

2178 3284 2633 3356 ὑπερθαυμάσας,
2686 3286 2783 3339 καὶ
2830 3286 3050 3357 ἀληθῶς
3107 3287 3243 3341 Θεοῦ
3296 3290 3581 3343 κατοικίαν
3626 3284 3777 3345 εἶναι

2173 3377 2266 3429 τὸν
2297 3377 2442 3448 ἱερὸν
2469 3376 2648 3448 χῶρον
2680 3378 2872 3434 τοῦτον
2911 3378 3103 3447 εἰπὼν,
3134 3376 3291 3445 αὖθις
3320 3382 3664 3452 ὑπέστρεψεν
3687 3385 3776 3447 είς

2174 3468 2245 3521 τά
2271 3469 2401 3523 ἴδια.

2248 3568 2302 3617 ι’.
2336 3562 2458 3614 Τῶν
2496 3563 2552 3617 δὲ
2581 3562 2910 3633 Βουλγάρων
2934 3564 3100 3619 πάλιν
3126 3565 3647 3636 ἐκστρατευσάντων
3673 3569 3785 3627 καὶ

2178 3657 2342 3727 μέχρι
2366 3657 2465 3724 τῆς
2501 3656 2699 3727 Ἀγίας
2741 3658 3024 3729 Θεοδὼρας
3069 3658 3336 3713 ἐλθόντων
3365 3659 3646 3713 παλατίων
3672 3665 3787 3717 καὶ

2174 3747 2346 3801 ταῦτα
2397 3749 2533 3818 πυρὶ
2582 3747 3010 3818 παραδιδόντων,
3073 3750 3155 3811 είς
3182 3749 3460 3819 ἄριστονό
3510 3748 3788 3818 βασιλεὺς

2188 3841 2467 3912 Ῥωμανὸς
2517 3841 2628 3894 τῶν
2673 3840 2973 3911 ταγμάτων
3042 3842 3312 3912 ἄρχοντας
3361 3842 3735 3897 συνεκάλεσεν
3766 3887 3783 3909 ,

2176 3934 2428 3998 συνόντος
2479 3934 2663 3997 αὐτοῖς
2713 3934 2809 3987 καὶ
2866 3933 2960 3987 τοῦ
3010 3933 3306 4002 λεγομένου
3348 3934 3612 4004 Σακτίκη.
3660 3937 3784 3991 Καὶ

2174 4026 2411 4098 παρῄνει
2431 4027 2643 4093 τούτοις
2667 4029 2763 4081 καὶ
2788 4027 3167 4099 προύτρέπετο
3189 4028 3334 4080 κατά
3358 4027 3467 4080 τῶν
3502 4028 3780 4083 ἐναντίων

2175 4119 2413 4186 ἐξελθεῖν
2447 4121 2544 4174 καὶ
2587 4121 2687 4190 τῆς
2722 4120 2983 4192 πατρίδος
3007 4118 3561 4190 ιὺπεραγωνίσασθαι.
3604 4120 3669 4172 Οἱ
3718 4120 3784 4176 δὲ

2177 4212 2464 4265 συνέθεντο
2520 4212 2760 4282 ἑτοίμως
2817 4212 2917 4281 τῆς
2970 4208 3137 4263 αὐτοῦ
3191 4209 3473 4278 βασιλείας
3522 4208 3778 4264 καὶτῶν

2175 4303 2519 4375 Χριστιανῶν
2582 4301 3118 4372 ὑπεραποθνήσκειν.
3188 4301 3265 4372 Τῇ
3338 4297 3431 4355 οὖν
3496 4301 3781 4374 ἐπαύριον

2176 4394 2564 4457 καθοπλισθεὶς
2585 4394 2737 4463 παρά
2767 4392 2863 4446 τοῦ
2898 4392 3165 4463 βασιλέως
3193 4395 3221 4446 6
3251 4393 3545 4464 εἰρημένος
3573 4394 3784 4449 Σακτί-

2176 4503 2277 4556 κης
2300 4484 2476 4555 ἀληθῆ
2505 4483 2673 4538 οὖσαν
2708 4483 2804 4555 τὴν
2829 4484 2996 4538 αὐτοῦ
3030 4486 3217 4538 πίστιν
3247 4487 3344 4539 καὶ
3378 4485 3604 4557 ἀνδρίαν
3665 4487 3785 4539 ἀπ-

2177 4576 2380 4641 έδειξεν
2414 4593 2427 4605 ·
2460 4575 2689 4629 ὄπισθεν
2721 4576 2831 4646 γὰρ
2854 4577 2963 4630 τῶν
2999 4575 3332 4648 Βουλγάρων
3358 4577 3654 4647 γενόμενος
3678 4580 3785 4632 καὶ

2177 4670 2257 4732 εἰς
2311 4669 2372 4721 τὸ
2430 4668 2801 4737 στρατόπεδον
2842 4669 3024 4724 αὐτῶν
3076 4669 3339 4724 εἰσελθὼν
3396 4669 3610 4734 πάντας
3643 4670 3784 4735 τοὺς

2176 4759 2295 4812 ἐκεῖ
2325 4758 2648 4829 εὑρεθέντας
2676 4759 3042 4828 κατέσφαξεν.
3080 4759 3364 4822 Μαθόντες
3393 4757 3488 4813 οὖν
3513 4759 3564 4813 οἱ
3598 4759 3775 4814 Βούλ·

2176 4868 2340 4923 γαροι
2374 4851 2436 4905 τὸ
2464 4851 2690 4920 γεγονὸς
2715 4852 3158 4921 ὑποστρέφουσιν
3197 4852 3255 4904 έν
3285 4851 3362 4920 τῷ
3391 4852 3775 4922 στρατοπέδῳ,

2178 4945 2273 4999 καὶ
2307 4944 2548 5014 πολέμου
2590 4945 3059 5016 συγκροτηθέντος
3085 4944 3349 5014 τρέπουσι
3370 4943 3462 4997 τὸν
3494 4944 3783 5015 Σακτίκην

2179 5044 2276 5096 σὺν
2307 5043 2507 5111 ὀλίγων
2540 5040 2882 5112 ὑπάρχοντα.
2932 5040 2990 5093 '0
3021 5039 3077 5093 6t
3106 5039 3297 5109 ἐπειδὴ
3327 5038 3591 5108 γενναίως
3622 5039 3779 5104 ἀγω-

2178 5136 2467 5206 νισάμενος
2501 5134 2595 5188 καὶ
2617 5134 2848 5197 πολλοὺς
2876 5131 3083 5186 ἀνελὼν
3114 5132 3298 5187 οὐκέτι
3334 5132 3582 5202 ἀντέχειν
3639 5131 3778 5201 ἡδύς

2178 5241 2310 5278 νατο
2338 5223 2477 5293 πρὸς
2511 5223 2572 5276 τὸ
2614 5222 2821 5294 πλῆθος
2874 5223 2982 5276 τῶν
3021 5220 3325 5293 πολεμίων,
3383 5223 3609 5292 μεθίησι
3670 5222 3771 5274 τοῦ

2179 5314 2348 5368 ἵππου
2383 5312 2475 5367 τὸν
2509 5312 2723 5384 χαλινὸν
2752 5313 2848 5367 καὶ
2890 5313 2969 5376 εἰς
3001 5312 3183 5384 φυγὴν
3234 5312 3317 5386 [Ρ.
3350 5312 3479 5387 250]
3540 5312 3771 5383 ῆλαυνε.

2176 5405 2433 5475 Ποταμὸν
2470 5406 2530 5459 δέ
2562 5423 2689 5460 τινα
2720 5406 3107 5479 παραρρέοντα
3134 5406 3431 5477 διαπερῶν,
3472 5404 3567 5460 τοῦ
3598 5405 3773 5458 ῐππου

2178 5496 2344 5553 αὐτοῦ
2373 5498 2431 5550 tv
2476 5501 2544 5569 τῇ
2574 5502 2767 5553 τούτου
2810 5499 2917 5552 not
2968 5498 3342 5569 ἐμπαγέντος,
3397 5496 3772 5569 τιτρώσκεται

2178 5588 2322 5641 κατά
2346 5587 2447 5659 τῆς
2497 5588 2662 5661 ἕδρας
2722 5587 2819 5641 καὶ
2855 5588 2949 5642 τοῦ
2977 5588 3175 5661 μηροῦ.
3203 5588 3373 5651 Μόλις
3403 5582 3496 5641 οὖν
3532 5585 3626 5640 τοῦ
3680 5586 3772 5639 ἰπ·

2178 5699 2281 5735 που
2337 5684 2401 5735 ὲκ
2457 5681 2556 5751 τῆς
2605 5681 2751 5746 ἰλύος
2800 5682 3246 5745 ἀνασπασθέντος
3309 5679 3602 5753 συνεργείᾳ
3654 5678 3770 5731 τῶν

2179 5776 2282 5827 ὑπο
2312 5777 2469 5845 χεῖρα
2498 5775 2828 5841 διασώζεται
2864 5777 3025 5847 μέχρι
3084 5774 3191 5829 τῶν
3226 5771 3545 5844 Βλαχερνῶν
3590 5788 3602 5802 ³
3667 5771 3768 5823 καὶ
