4136 6414
356 358 463 424 ιει

1345 348 1491 408 LIB.
1517 347 1615 409 VI.
1662 371 1730 384 -
1770 344 2142 406 ROMANUS
2182 346 2640 409 LACAPENUS.

3541 347 3645 435 ἀει

364 472 544 533 τεθεὶς
566 467 619 521 ἰν
642 465 714 538 τῇ
739 462 878 533 ἁγίᾳ
910 461 1079 533 σορῷ,
1116 460 1335 533 καιρίας
1368 460 1467 531 τῆς
1497 460 1717 531 πληγῆς
1757 458 1949 530 οῦσης,

2071 476 2188 516 toro
2249 462 2522 535 (loculum
2567 462 2751 533 dicas)
2804 464 3037 535 positus,
3076 480 3200 521 cum
3246 465 3442 524 vulnus
3488 468 3647 528 letale

373 568 446 638 τῇ
472 559 618 615 νυκτὶ
647 554 1035 626 ἐτελεύτησεν.

447 665 531 713 ια’.
572 649 891 723 Τηνικαῦτα
926 647 985 701 δὲ
1029 646 1125 700 καὶ
1182 645 1479 717 Πετρωνᾶς
1527 640 1962 714 αἰδεσιμὼτατος

373 746 663 821 προστάξει
714 739 1004 812 Ῥωμανοῦ
1040 737 1313 811 βασιλέως
1344 737 1555 807 ήγαγεν
1604 735 1960 806 λαρνακίδιον

360 839 574 905 ἔνδοξον
615 837 663 867 ⁷⁸
701 835 759 887 ἓν
788 831 886 887 καὶ
916 832 1083 901 ἕτερα
1113 828 1207 883 δύο
1231 828 1448 899 γλυφῆς
1502 826 1846 900 ἀμοιροῦντα
1894 829 1961 881 ἐκ

356 928 583 1001 ιῆςτοῦ
625 927 814 994 ’Δγίου
846 926 1149 995 Μάμαντος
1176 922 1433 993 ἀνδρείας
1457 922 1649 993 μονῆς,
1674 921 1776 990 τῆς
1817 920 1961 991 πλη-

353 1024 476 1078 σίον
499 1022 673 1090 οὔσης
700 1019 802 1088 τῆς
848 1015 1202 1088 Ξηροκέρκου
1256 1014 1564 1085 λεγομένης
1616 1012 1847 1084 πόρτης,
1901 1015 1961 1066 ὲν

350 1111 441 1179 οἷς
472 1130 611 1184 φασι
647 1108 1075 1164 συναποκεῐσθαι
1098 1106 1411 1176 Μαυρίκιον
1442 1105 1540 1160 σὺν
1582 1107 1699 1169 τοῖς
1722 1103 1913 1158 παισίν
1942 1120 1958 1137 °

350 1210 390 1266 ἃ
421 1210 520 1265 καὶ
554 1204 805 1274 ἀπετέθη
831 1206 889 1257 ὲν
920 1206 986 1273 τῇ
1022 1200 1117 1254 τοῦ
1160 1200 1430 1271 βασιλέως
1476 1196 1764 1270 Ῥωμανοῦ
1822 1199 1957 1269 μονῇ

353 1305 480 1373 ἦτοι
508 1302 593 1363 εἰς
619 1298 683 1351 τὸ
710 1297 1039 1368 Μυρὲλαιον.

431 1479 518 1552 ιβ’.
572 1476 859 1549 Ἀδριανὸς
881 1474 941 1529 δέ
977 1491 1062 1537 τις
1108 1472 1319 1537 Χάλδος
1342 1515 1356 1539 ,
1394 1474 1535 1545 πρὸς
1572 1474 1629 1528 δὲ
1668 1474 1961 1545 Τατζάκης

373 1571 667 1642 ’Δρμὲνιος
693 1566 952 1627 πλούσιος
977 1564 1146 1630 πάνυ,
1178 1565 1245 1635 τῇ
1275 1562 1528 1635 ὑποθήκῃ
1570 1563 1667 1616 καί⁵
1720 1561 1961 1632 συμϐου-

360 1664 430 1735 λῇ
459 1662 650 1731 Βάρδα
680 1659 775 1713 τοῦ
824 1657 1003 1727 Βοήλα
1037 1654 1484 1727 στρατηγοῦντος
1518 1657 1576 1709 ὲν
1608 1654 1819 1726 Χαλδίᾳ
1860 1673 1960 1708 τυ-

362 1754 599 1829 ραννίδα
631 1752 728 1807 καὶ⁸
777 1748 1086 1819 ἀνταρσίαν
1134 1747 1278 1801 κατὰ
1354 1746 1641 1817 Ῥωμανοῦ
1695 1746 1962 1817 βασιλέως

362 1844 724 1909 σκευάζουσι,
757 1842 820 1896 τὸ
851 1842 1131 1910 Παῖπερτε
1157 1839 1456 1909 λεγόμενον
1480 1836 1747 1909 ὀχύρωμα
1791 1855 1959 1892 καταο

365 1939 595 2010 σχόντες
625 1953 638 1965 ·
675 1933 768 1999 οὓς
797 1935 825 1987 ὁ
853 1932 965 1985 τῶν
997 1929 1203 2002 σχολῶν
1250 1931 1580 2000 δομέστικος
1642 1930 1896 2000 Ἰωάννης
1929 1929 1958 1980 δ

372 2028 699 2101 Κουρκούας
724 2024 1189 2095 καταπολεμήσας
1220 2023 1318 2077 καὶ
1340 2020 1637 2093 κατασχὼν
1674 2023 1804 2085 τοὺς
1855 2020 1959 2090 μὲν

378 2116 870 2189 περιφανεστίρους
904 2112 1228 2183 ἀποτυφλοῖ,
1270 2111 1370 2176 τὰς
1430 2112 1620 2174 οὐσίας
1649 2110 1831 2165 αὐτῶν
1860 2108 1958 2180 δη-

377 2209 620 2280 μεύσας,
653 2210 768 2270 τοὺς
800 2207 857 2261 δὲ
880 2207 1175 2277 πενιχροὺς
1205 2205 1298 2260 καί
1349 2205 1600 2277 ἀσήμους
1625 2206 1835 2269 ἀθῶους
1864 2221 1960 2258 κε-

365 2300 576 2365 λεύσας
600 2301 705 2371 ὅπη
739 2298 1017 2369 βούλοιντο
1044 2299 1287 2354 ἀπιέναι.
1338 2299 1633 2371 Τατζάκης
1660 2299 1719 2353 δὲ
1745 2301 1804 2355 ὲν
1838 2299 1959 2354 ἐτέ-

358 2410 448 2465 pq)
476 2390 815 2463 ὀχυρωτάτῳ
865 2390 1175 2463 καστελλίῳ
1202 2389 1418 2461 φυγὼν,
1447 2391 1544 2445 καὶ
1572 2391 1730 2460 λόγον
1751 2391 1848 2445 τοῦ
1882 2392 1957 2463 μή

361 2504 420 2539 τι
446 2484 624 2539 κακὸν
658 2484 854 2539 παθεῖν
886 2483 1200 2553 δεξάμενος,
1220 2486 1279 2537 ὲν
1310 2486 1377 2555 τῇ
1405 2484 1557 2538 πόλει
1592 2483 1956 2554 εἰσεληλύθει,

369 2577 471 2630 καὶ
499 2578 565 2648 τῇ
592 2575 690 2629 τοῦ
719 2575 1097 2646 μαγγλαόίτου
1129 2574 1256 2647 ἀξίᾳ
1281 2576 1539 2648 τιμηθεὶς
1588 2578 1646 2629 ὲν
1696 2575 1777 2647 τῷ
1825 2578 1961 2648 οἴκῳ

371 2666 486 2721 τῶν
515 2666 811 2738 μαγγάνων
847 2666 1068 2738 διῃτᾶτο
1093 2667 1451 2738 τηρούμενος.
1471 2666 1725 2739 Δρασμδν
1745 2667 1802 2722 δὲ
1833 2668 1961 2737 βου-

365 2758 708 2828 λευσάμενος
744 2756 1148 2812 ἀλίσκεταικαί
1200 2759 1309 2812 τῶν
1357 2759 1623 2831 όμμάτων
1667 2761 1959 2831 περεῖται.

363 2852 586 2923 Βάρδαν
612 2851 670 2904 δὲ
724 2852 816 2904 τὸν
847 2850 1057 2922 Βοήλαν
1093 2851 1398 2923 ἀπέκειραν
1432 2853 1689 2923 μοναχὸν,
1725 2852 1818 2906 τοῦ
1864 2851 1966 2911 βα-

364 2946 570 3009 σιλέως
604 2945 769 2997 αὑτὸν
798 2944 1268 3013 κατοικτεξροντος
1300 2944 1452 3011 φίλον
1477 2944 1838 3014 τυγχάνοντα.

441 3038 538 3109 ιγ’.
579 3040 689 3093 Τοῦ
716 3040 773 3092 δὲ
793 3038 1089 3109 πατρικίου
1132 3037 1226 3091 τοῦ
1261 3038 1437 3101 οὕτως
1481 3039 1961 3108 ἐπονομαζομένου

2058 567 2229 619 esset,
2273 571 2306 611 e
2343 556 2483 612 vivis
2522 557 2759 613 excedit.

2131 648 2217 703 ll.
2270 646 2385 704 Sub
2431 649 2576 705 idem
2616 658 2831 720 tempus
2870 648 3155 717 Petronas,
3197 651 3280 705 vir
3308 652 3649 709 clarissimus

2059 756 2385 811 summeque
2420 743 2779 807 venerabilis.
2824 742 3056 798 Romani
3095 744 3448 811 imperatoris
3486 744 3646 815 jussu

2061 833 2329 888 minorem
2363 850 2560 891 urnam
2602 850 2769 890 unam
2801 837 3018 906 egregie
3042 836 3375 891 elaboratam
3401 837 3651 907 duasque

2059 926 2194 980 alias
2242 926 2390 981 nulla
2432 930 2733 999 sculptura:
2757 940 2875 985 arte
2905 930 3149 995 caelatas,
3176 945 3241 985 ex
3275 928 3333 984 S.
3359 929 3649 986 Mamantis

2058 1018 2301 1073 virorum
2363 1018 2529 1092 404
2589 1023 2945 1085 monasterio.
3002 1022 3146 1094 quod
3200 1022 3367 1078 situm
3430 1032 3516 1079 est
3582 1023 3643 1079 δι’

2061 1110 2280 1167 Portam
2353 1128 2519 1182 quam
2592 1113 2954 1170 Xerocercem
3023 1122 3239 1180 vocant,
3290 1114 3541 1181 advexit;
3596 1115 3647 1169 ir.

2062 1206 2262 1274 quibus
2315 1204 2458 1260 fama
2499 1213 2586 1261 est
2617 1207 2897 1262 conditum
2947 1208 3119 1263 fuisse
3170 1206 3494 1263 Mauricium
3527 1224 3651 1263 cum

2061 1298 2209 1353 ﬁliis.
2254 1297 2385 1364 Quae
2437 1307 2492 1352 et
2538 1299 2591 1353 in
2632 1298 2864 1353 Romani
2916 1300 3254 1355 monasterio
3297 1301 3433 1372 (hoc
3466 1309 3553 1356 est
3598 1302 3650 1355 in

2059 1390 2347 1465 Myrelaeo)
2380 1392 2605 1449 fuerunt
2656 1394 2940 1465 depositae.

2135 1486 2223 1541 ιε.
2280 1487 2558 1544 Adrianus
2610 1501 2740 1543 vero
2790 1485 3014 1557 quidam
3066 1486 3331 1553 Chaldus,
3383 1502 3482 1542 nec
3544 1500 3653 1541 non

2061 1579 2325 1636 Tatzaces
2359 1581 2676 1648 Armenius,
2718 1581 2803 1636 vir
2852 1596 3070 1636 summe
3114 1580 3377 1649 locuples,
3409 1578 3657 1634 consiliis

2065 1677 2403 1746 hortatuque
2454 1674 2646 1730 Bardae
2697 1676 2897 1740 Boelaa,
2939 1674 3033 1745 qui
3078 1673 3132 1728 in
3188 1672 3420 1727 Cbaldia
3462 1671 3657 1727 ductor

1991 1807 2041 1868 Β
2068 1768 2307 1824 militum
2339 1776 2478 1833 erat,
2515 1768 2860 1838 tyrannidem
2905 1775 3130 1821 struunt
3158 1764 3534 1833 rebellantque
3564 1762 3659 1816 ad—

2067 1877 2261 1918 versus
2310 1860 2618 1917 Romanum
2655 1861 3063 1930 imperatorem,
3111 1856 3363 1929 Paipcrte
3410 1855 3525 1928 (sic
3557 1870 3658 1910 rio-

2066 1954 2309 2026 minato)
2358 1954 2560 2024 oppido
2607 1953 2819 2008 munito
2868 1960 3159 2022 occupato.
3210 1949 3417 2005 Horum
3453 1949 3659 2017 potitus

2063 2046 2309 2103 Joannes
2357 2045 2606 2102 Curcuas
2650 2045 2965 2101 scholarum
3015 2043 3355 2098 domesticus
3392 2042 3540 2113 ipsos
3578 2050 3659 2097 te-

2066 2143 2227 2209 nuit;
2280 2152 2515 2211 quorum
2589 2138 3007 2201 illustrior-ibus,
3070 2137 3347 2207 publicata
3410 2135 3658 2205 ipsorum

2067 2234 2404 2301 substantia,
2449 2233 2642 2289 oculos
2688 2232 2918 2297 adimit;
2952 2231 3114 2295 alios,
3142 2231 3234 2300 qui
3266 2243 3537 2299 pauperes
3576 2243 3664 2283 es-

2068 2335 2193 2385 sent
2220 2336 2387 2398 atque
2420 2327 2666 2391 obscuri,
2695 2342 2806 2396 quo
2838 2326 3039 2381 vellent
3070 2325 3221 2379 abire
3249 2324 3437 2394 jussit.
3465 2321 3664 2378 Tatza-

2068 2434 2183 2483 ces,
2224 2419 2334 2474 alia
2377 2417 2746 2473 munitissima
2785 2432 2912 2473 arce
2943 2426 3209 2489 occupata
3240 2416 3454 2484 ﬁdeque
3485 2414 3667 2483 impu-

2069 2507 2261 2563 nitatis
2284 2508 2354 2563 ab
2382 2507 2697 2563 scholarum
2732 2508 3038 2563 domestico
3066 2516 3309 2575 accepta,
3341 2504 3664 2576 Byzantium

2068 2602 2256 2668 venit;
2291 2599 2476 2670 ibique
2507 2600 2856 2672 manglabitae
2888 2600 3153 2669 dignitate
3189 2607 3384 2653 auctus
3422 2597 3474 2651 in
3506 2611 3668 2650 man-

2071 2705 2340 2759 ganorum
2402 2690 2570 2745 domo
2628 2690 2733 2745 sub
2781 2689 3033 2744 custodia
3086 2688 3304 2759 agebat.
3341 2686 3479 2743 Cum
3531 2700 3668 2740 vero

2068 2785 2255 2854 fugam
2282 2783 2459 2838 moliri
2480 2782 2865 2853 deprehensus
2893 2790 3063 2845 esset,
3101 2782 3245 2836 oculi
3271 2781 3318 2835 ei
3344 2780 3487 2835 eruti
3512 2787 3664 2835 sunt.

2082 2875 2315 2931 Bardam
2345 2875 2588 2939 Boelam,
2624 2874 2963 2945 imperatore
2994 2873 3133 2927 bene
3167 2872 3215 2926 ei
3252 2872 3467 2926 volente
3500 2879 3669 2940 atque

2073 2967 2222 3021 illius
2260 2966 2576 3030 miserente,
2610 2963 2943 3019 monachum
2991 2963 3380 3018 detonderunt.

2146 3057 2237 3112 l3.
2288 3056 2532 3111 Patricio
2563 3069 2692 3109 vero
2724 3054 2839 3126 (sic
2869 3051 3186 3124 appellato)
3220 3051 3530 3107 Moroleone
3568 3066 3663 3105 seu

363 3131 781 3205 Μωρολέοντος,
807 3131 839 3201 ἦ
875 3130 1077 3200 μᾶλλον
1106 3132 1282 3184 εἰπεῖν
1306 3131 1638 3201 οἰκειότερον
1661 3130 1964 3199 Θυμολέον-

2075 3150 2258 3221 potius
2308 3147 2684 3220 Thymoleone
2734 3145 2921 3218 (velut
2973 3144 3149 3206 dicas,
3217 3143 3395 3197 virum
3463 3141 3668 3197 leonini

368 3245 484 3290 τος,
532 3223 1036 3295 Ἀδριανουπόλεως
1075 3220 1534 3294 στρατηγοῦντος,
1578 3224 1874 3292 κρατίστου
1899 3223 1968 3277 τά

367 3317 654 3388 ¹πολεμικά
683 3314 781 3367 καὶ
809 3312 1117 3383 περιδεξίου
1169 3316 1555 3385 τυγχάνοντος,
1610 3315 1669 3379 ὃς
1709 3315 1971 3379 πλείστοις

366 3411 514 3465 κατὰ
550 3408 886 3478 Βουλγάρων
921 3407 1291 3477 ἀνδραγαθίας
1356 3407 1694 3472 ἐπεδείξατο,
1750 3410 1778 3460 ό
1816 3407 1976 3461 Βούλ-

366 3520 542 3573 γαρος
570 3500 806 3571 Συμεὼν
829 3500 926 3571 τὴν
956 3502 1259 3571 εἰρημένην
1314 3500 1471 3553 πόλιν
1524 3502 1620 3553 σὺν
1675 3502 1840 3553 παντὶ
1888 3498 1970 3570 τῷ

370 3590 754 3663 στρατεύματι
790 3589 1257 3658 περιεκύκλωσεν,
1283 3592 1379 3642 καὶ
1409 3590 1627 3659 χάρακα
1655 3589 1973 3661 περιϐαλὼν

374 3684 618 3756 ἰσχυρῶς
654 3681 866 3751 ταύτην
894 3682 1224 3752 ἐπολιόρκει.
1249 3681 1406 3735 Ἐπεὶ
1438 3684 1494 3735 δὲ
1518 3683 1546 3735 ὅ
1576 3700 1635 3735 τε
1679 3685 1823 3746 σῖτος
1848 3683 1977 3748 τοὺς

370 3781 434 3831 ba
463 3779 535 3847 τῇ
566 3775 726 3828 πόλει
751 3773 1097 3827 ἐπελελοίπει
1131 3775 1225 3827 καί
1276 3773 1432 3844 λιμὸς
1476 3773 1663 3837 ἐπίεζε
1711 3775 1977 3845 κραταιὸς

389 3867 712 3938 ςοῦδαμόθεν
739 3866 848 3936 γάρ
874 3862 1025 3937 εἰχον
1058 3864 1521 3936 ἐπισιτίσασθαι),
1557 3868 1623 3936 τῇ
1648 3865 1829 3937 ἐνδείᾳ
1856 3884 1978 3919 πιε-

401 3961 1038 4031 ζόμενοιπροδεδώκασιν
1112 3964 1342 4027 ἑαυτοὺς
1381 3963 1479 4017 καὶ
1519 3963 1612 4017 τὸν
1668 3964 1977 4034 στρατηγὸν

395 4055 520 4117 τοῖς
563 4053 876 4127 Βονλγάροις
912 4072 927 4088 ·
973 4056 1035 4110 δν
1100 4056 1510 4127 χειρωσάμενος
1581 4055 1827 4126 Συμεὼν,
1880 4057 1978 4111 καὶ

385 4148 573 4218 δεσμά
597 4149 718 4203 καθ’
735 4150 855 4205 ὅλου
886 4150 982 4204 τοῦ
1019 4148 1278 4220 σώματος
1345 4150 1658 4222 περιϐαλὼν
1715 4152 1812 4204 καὶ
1871 4168 1977 4222 μυ-

376 4242 537 4312 ρίαις
568 4242 773 4306 αἰκίαις
810 4243 1001 4297 τοῦτον
1054 4241 1139 4314 [Ρ.
1166 4241 1300 4314 251]
1342 4242 1830 4311 τιμωρησάμενος,
1888 4259 1979 4295 τε-

373 4335 633 4389 λευταῖον
652 4336 942 4389 ἀπέκτεινε
976 4336 1196 4404 θανάτῳ
1220 4334 1414 4406 ’πικρῷ
1438 4334 1577 4405 ἀξίῳ
1626 4334 1725 4404 τῆς
1780 4334 1977 4387 ἑαυτοῦ

376 4429 773 4499 ἁπηνεστάτης
807 4430 1211 4499 καὶὼμοτάτης
1240 4429 1446 4499 ψυχῆς.
1481 4429 1820 4499 Βουλγάροις
1878 4424 1976 4482 οῦν

2074 3243 2315 3314 pectoris
2367 3252 2533 3311 atque
2591 3238 2794 3306 animi)
2861 3235 3357 3306 Adrianopolitano
3419 3242 3656 3304 praetore

2073 3338 2267 3394 bellica
2304 3333 2625 3388 fortitudine
2653 3346 2717 3386 ac
2758 3329 2981 3386 solertia
3024 3327 3239 3399 egregie
3274 3327 3559 3390 instructo,
3611 3334 3671 3379 ut

2074 3429 2171 3500 qui
2211 3426 2357 3481 baud
2394 3441 2520 3479 raro
2551 3424 2817 3478 adversus
2848 3420 3118 3493 Bulgaros
3147 3435 3262 3475 rem
3296 3428 3520 3473 strenue
3549 3432 3671 3487 ges-

2077 3529 2246 3583 serat,
2284 3518 2520 3589 Symeou
2562 3514 2852 3583 Bulgarus,
2901 3528 3027 3568 cum
3074 3512 3333 3567 omnibus
3364 3510 3540 3579 copiis
3574 3523 3672 3563 ur-

2076 3613 2200 3669 bem
2229 3611 2489 3666 obsidens
2520 3626 2583 3665 ac
2614 3610 2758 3663 vallo
2788 3608 3035 3677 cingens.
3065 3605 3266 3661 validis
3293 3606 3468 3675 ipsam
3500 3603 3671 3657 armis

2078 3706 2297 3775 premit.
2327 3703 2491 3776 5.05
2532 3702 2803 3773 Oppidani
2844 3700 3131 3756 deficiente
3177 3714 3397 3754 annona
3432 3713 3495 3752 ac
3530 3695 3674 3750 fame

2079 3800 2317 3869 graviter
2345 3797 2552 3860 atllicti,
2577 3810 2703 3850 cum
2742 3802 3086 3849 commeatus
3113 3792 3336 3862 parandi
3368 3791 3515 3845 nulla
3549 3804 3673 3858 spes

2080 3887 2385 3955 aﬂ‘ulgeret.
2453 3884 2678 3952 penuria
2730 3884 2907 3951 pressi
2961 3897 3022 3937 se
3062 3897 3336 3952 suumque
3388 3889 3672 3951 praetorem

2080 3976 2332 4047 Bulgaris
2380 3976 2658 4030 dedidere.
2693 3971 2853 4027 Hunc
2886 3981 3080 4028 nactus
3121 3972 3359 4042 Symeon
3395 3979 3509 4025 toto
3547 3984 3673 4023 cor-

2081 4086 2214 4143 pore
2252 4070 2497 4123 vinctum
2547 4066 2966 4135 innumerisque
3019 4064 3339 4119 verberibus
3389 4061 3671 4125 aﬁectum,

2082 4163 2149 4218 ad
2198 4169 2501 4215 extremum
2548 4157 2748 4211 acerba
2797 4164 2995 4217 morte,
3042 4162 3096 4209 et
3141 4168 3264 4223 qua:
3309 4152 3673 4207 suavissimam

2082 4263 2139 4311 et
2185 4250 2625 4308 crudelissimam
2671 4249 2847 4319 ipsius
2904 4246 3145 4302 indolem
3195 4247 3436 4309 deceret,
3492 4244 3674 4299 virum
3789 4284 3797 4293 .

2084 4346 2329 4402 sustulit.
2358 4342 2608 4415 Bulgaris
2632 4342 2815 4412 itaque
2841 4341 2895 4395 in
2925 4339 3060 4395 urbe
3093 4336 3449 4409 pra-sidiariis
3475 4334 3678 4391 relictis

2084 4438 2339 4495 discedit.
2371 4437 2701 4492 Przesidiarii
2752 4450 2900 4498 vero,
2935 4433 3124 4488 audito
3174 4430 3549 4485 Romanorum
3583 4442 3679 4483 co-

382 4525 482 4593 τῂν
514 4525 619 4593 τῆς
655 4522 865 4587 πόλεως
918 4522 1171 4594 φυλακὴν
1229 4521 1509 4591 παραδοὺς
1563 4520 1922 4592 ὑπεχώρησεν
1958 4542 1968 4556 ·

2088 4534 2209 4604 pias
2242 4532 2295 4585 in
2324 4533 2472 4601 ipsos
2501 4531 2774 4600 ingruere,
2804 4528 2991 4581 relicta
3023 4525 3157 4579 urbe
3187 4523 3477 4589 abierunt;
3512 4522 3680 4592 inque

384 4613 433 4664 οἶ
456 4621 557 4683 τήν
599 4613 723 4667 κατ’
779 4614 961 4667 αὐτῶν
1009 4612 1104 4666 τοῦ
1166 4613 1460 4682 Ῥωμαίων
1508 4613 1745 4682 στρατοῦ
1793 4613 1968 4682 ἐφοδοι

2095 4626 2243 4681 hunc
2282 4624 2505 4679 modum
2547 4638 2577 4677 a
2614 4621 2877 4677 [tertianis
2911 4620 3042 4673 urbs
3076 4626 3295 4688 recepta
3325 4626 3428 4681 est.

378 4706 709 4774 ἀκηκοότες,
744 4706 954 4777 ταύτην
982 4705 1374 4768 καταλιπόντες
1403 4704 1667 4775 ἀπῆλθον,
1708 4706 1801 4759 καὶ
1819 4706 1983 4760 πάλιν

386 4798 503 4850 ὑπὸ
543 4799 867 4868 Ῥωμαῷυς
892 4799 1030 4869 αὑτὴ
1070 4798 1308 4868 ἐγένετο.

455 4892 543 4944 ιδ’.
599 4893 832 4956 Λέοντος
878 4893 936 4946 δὲ
989 4890 1086 4944 τοῦ
1130 4891 1459 4962 Τριπολίτου
1518 4891 1657 4961 μετά
1698 4890 1984 4961 δυνάμεως

375 4982 593 5053 πολλῆς
626 4985 721 5038 καὶ
760 4985 964 5038 πλοίων
1002 4983 1321 5054 πολεμικῶν
1360 4984 1506 5038 κατά
1545 4984 1832 5052 Ῥωμαίων
1892 4984 1984 5051 ἐξ·

377 5076 644 5139 ελθόντος
684 5078 781 5132 καὶ
832 5079 892 5131 ὲν
940 5079 1007 5149 τῇ
1074 5077 1224 5147 νήσῳ
1273 5076 1481 5148 Λήμνῳ
1555 5076 1982 5144 καταλαῦόντος,

2166 4898 2253 4952 ll.
2286 4894 2399 4950 Leo
2444 4893 2708 4964 Tripolita
2740 4905 2864 4946 cum
2907 4900 3103 4960 magna
3151 4888 3328 4943 classe
3364 4887 3682 4959 ingentique

2094 4988 2336 5046 exercitu
2376 4987 2644 5041 adversus
2668 4984 2948 5039 Romanos
2974 4996 3252 5054 egressus,
3290 4980 3379 5035 ubi
3414 4979 3680 5035 Lemnum

2095 5088 2439 5152 occupasset,
2473 5077 2717 5132 Joannes
2745 5073 2992 5130 Badiuus
3030 5072 3315 5143 patricius,
3347 5072 3423 5125 rei
3472 5071 3684 5127 navalis

387 5168 660 5239 Ἰωάννης
693 5168 983 5241 πατρίκιος
1036 5168 1134 5222 καὶ
1163 5168 1523 5239 δρουγγάριος
1556 5167 1668 5221 τῶν
1722 5167 1968 5239 πλωῖμωι

2093 5174 2449 5246 drungarius,
2483 5185 2607 5226 eum
2650 5176 2873 5239 repente
2922 5181 3214 5238 aggressus
3248 5173 3367 5229 est;
3397 5172 3684 5219 conserta-

373 5262 407 5315 δ
456 5259 706 5325 Ῥαδινδς
747 5258 1262 5330 κατονομαζόμενος
1298 5258 1582 5328 αἰφνιδίως
1628 5258 1855 5312 ἐπέθετο
1884 5260 1985 5313 αὐ-

375 5352 499 5424 τῷ’
544 5353 904 5425 καὶπολέμου
937 5351 1246 5421 γεγονότος,
1303 5350 1438 5404 Θεοῦ
1497 5350 1761 5423 συνεργίᾳ
1805 5352 1852 5404 οἰ
1891 5351 1983 5405 ὑπ’

2099 5284 2207 5340 que
2240 5282 2443 5339 pugna,
2473 5264 2567 5319 Dei
2604 5278 2725 5334 ope,
2764 5261 2868 5317 sub
2899 5274 2965 5315 eo
3002 5266 3274 5314 merentes
3303 5256 3538 5328 Agareni
3576 5254 3682 5311 lusi

2098 5370 2229 5418 sunt
2280 5370 2447 5429 atque
2501 5356 2698 5427 fugati,
2744 5354 3011 5423 solusque
3054 5352 3169 5422 ipse
3225 5349 3490 5421 Tripolita
3544 5364 3687 5420 a-gre

379 5442 549 5497 αὐτὸν
584 5445 879 5517 τρέπονται
946 5442 1279 5514 ’Δγαρηνοὶ,
1311 5444 1461 5514 μόλις
1494 5442 1549 5496 δὲ
1586 5442 1748 5514 μόνος
1776 5446 1804 5498 ὁ
1855 5444 1968 5517 Τρι¹

2101 5451 2229 5523 luga
2270 5453 2504 5507 salutem
2546 5449 2811 5520 expediit.

379 5533 614 5607 πολίτης
635 5540 781 5609 φυγῇ
809 5534 1159 5601 διασώζεται.
1414 5556 1432 5602 )

459 5630 545 5686 ιε’.
577 5628 952 5703 Σεπτεμϐρίῳ
999 5629 1058 5682 δὲ
1094 5628 1249 5701 μηνὶ,
1311 5626 1647 5691 ἰνὸικτιῶνος
1698 5629 1981 5702 δευτέρας,

2169 5634 2260 5692 15.
2288 5635 2473 5693 Mense.
2491 5632 2826 5707 Septembri,
2844 5632 3141 5691 indictione
3171 5629 3430 5697 secunda,
3450 5628 3686 5701 Symeoa

1668 5721 1911 5781 VARDE
1949 5728 2348 5789 [.ECTIONFQ.

450 5814 503 5851 “
545 5817 657 5875 imo
689 5815 957 5889 ενςῳδον,
984 5814 1132 5885 quod
1157 5814 1301 5869 intra
1338 5823 1423 5871 est
1452 5830 1507 5888 p.
1544 5814 1645 5871 577
1684 5814 1742 5871 d.
