4136 6416
528 374 634 438 423

1586 371 2094 433 TIIEOPHANES
2125 369 2684 432 CONTINUATUS.

3694 370 3804 435 (‘21

531 489 799 558 Bulgaria:
842 481 1097 554 princeps
1151 495 1275 536 cum
1329 478 1586 534 omnibus
1639 479 1809 548 copiis
1855 478 2111 532 adversus

2226 471 2452 544 Συμεὼν
2468 475 2650 543 ἄρχων
2667 450 3006 540 Βουλγαρῖας
3027 472 3331 542 πανστρατὶ
3352 473 3492 525 κατὰ
3512 475 3807 530 Κωνσταν-

535 579 850 650 Byzantium
905 576 1184 644 prolectus
1225 583 1328 639 est,
1367 589 1431 628 ac
1466 571 1758 627 Thraciam
1795 571 2015 640 quidem
2055 583 2119 624 ac

531 670 906 725 Macedoniam
951 669 1265 739 populatur,
1319 667 1600 722 succendit
1649 681 1780 718 vero
1829 663 2014 716 omnia
2066 671 2120 716 et

531 765 747 826 evertit,
777 773 941 834 atque
974 763 1200 817 arbores
1229 760 1479 816 succidit.
1536 760 1616 814 Ad
1672 757 2001 812 Blachernas
2027 771 2120 809 us-

530 872 639 926 que
685 871 809 910 cum
882 855 1234 919 admovisset,
1284 851 1572 907 Nicolaum
1639 850 2003 919 patriarcham
2055 862 2120 903 ac

532 963 823 1018 procerum
857 948 1146 1015 quosdam,
1184 945 1512 1013 quibuscum
1561 944 1627 997 de
1668 958 1799 1012 pace
1833 950 2116 1004 tractaret,

531 1041 600 1094 a'd
633 1055 692 1093 se
727 1039 867 1092 mitti
919 1040 1146 1109 rogavit.
1174 1037 1324 1092 Datis
1357 1037 1540 1101 itaque
1581 1036 1859 1104 utrimque
1899 1034 2110 1089 obsidi-

530 1132 636 1187 bus
686 1133 797 1186 exit
865 1131 1015 1200 prior
1071 1130 1326 1185 Nicolaus
1388 1130 1714 1198 patriarcha,
1770 1128 1935 1200 406
2001 1140 2116 1181 tum

533 1221 763 1278 Michael
807 1223 1070 1291 patricius
1101 1229 1466 1289 cognomento
1502 1218 1774 1288 Stypiutes
1805 1228 1853 1271 et
1879 1219 2120 1272 Joannes

533 1317 823 1385 mysticus,
869 1312 1543 1380 administrandarumque
1575 1325 1753 1364 rerum
1803 1310 2116 1378 imperatori

533 1407 753 1474 adjutor
794 1420 858 1459 ac
908 1405 1159 1458 minister
1222 1404 1466 1456 intimus.
1511 1403 1627 1457 Jam
1677 1403 1820 1456 enim
1881 1402 2118 1456 Joannes

529 1507 711 1550 rector
761 1495 1009 1548 criminis
1051 1495 1192 1562 apud
1234 1507 1618 1562 Imperatorem
1661 1494 1896 1557 delatus,
1942 1492 2058 1561 ipsc
2088 1510 2116 1545 a

525 1603 588 1642 se
633 1585 1010 1655 aegritudinem
1055 1593 1360 1652 praetexens
1418 1585 1541 1637 aula
1577 1585 1913 1638 discesserat
1950 1583 2118 1652 inque

530 1695 632 1733 suo
677 1677 1008 1731 monasterio
1039 1677 1184 1729 haud
1217 1677 1410 1745 procul
1443 1691 1470 1728 a
1496 1676 1811 1729 Galacrenis
1835 1677 1888 1728 in
1923 1689 2114 1729 mona-

527 1772 694 1825 chum
749 1781 942 1822 tonsus
999 1767 1196 1820 fixerat.
1249 1767 1430 1837 Legati
1471 1767 1634 1838 igitur
1685 1783 1808 1822 cum
1849 1767 2146 1854 S’ymeone‘l

517 1862 595 1915 -de
628 1876 759 1929 pace
812 1860 1291 1928 culloquehautur.
1349 1859 1551 1913 Verum
1601 1861 1836 1931 Symeon
1871 1860 1979 1914 illis
2019 1876 2110 1914 re-

527 1954 791 2022 pudiatis,
820 1954 995 2022 ipsum
1043 1953 1430 2020 imperatorem
1477 1953 1660 2007 videre
1702 1953 1930 2022 ejusque
1977 1951 2114 2007 cens-

529 2059 777 2114 gressum
831 2042 1156 2112 expetebat:
1216 2053 1366 2097 certo
1425 2043 1573 2096 enim
1635 2045 1808 2098 relatu
1871 2045 1938 2097 de
1985 2043 2115 2112 'ejuis

529 2134 818 2203 prudentia
874 2143 929 2188 ct
988 2132 1313 2188 fortitudine
1368 2135 1746 2204 sapientiaque
1811 2145 2112 2204 acceperat.

529 2225 789 2293 Pergra-ta
852 2240 914 2278 ea
975 2240 1065 2278 res
1126 2224 1233 2278 fuit
1284 2223 1556 2289 Romano,
1593 2228 1793 2296 quippe
1824 2227 1915 2296 qui
1963 2226 2116 2296 pacis

527 2317 799 2370 desiderio
855 2317 1164 2380 tenebatur,
1215 2331 1279 2370 ac
1325 2317 1666 2386 quotidianis
1707 2319 1965 2388 utrinque
2009 2334 2118 2374 cm-

527 2407 688 2461 dibus
740 2408 901 2460 linem
947 2407 1229 2474 imponere
1276 2407 1552 2460 studebat.
1592 2407 1753 2461 Mittit
1792 2413 1974 2477 itaque
2019 2410 2115 2476 qui

526 2499 595 2554 ad
657 2514 808 2552 mare
861 2499 914 2552 in
959 2497 1223 2552 Cosmidii
1259 2498 1440 2552 littore
1487 2499 1819 2554 tutissimam
1878 2505 2112 2554 exscen-

527 2593 735 2646 sionem
794 2600 1086 2655 struerent,
1133 2605 1243 2658 quo
1302 2590 1422 2645 loco
1479 2590 1598 2660 ejus
1657 2591 1911 2659 praetoria
1960 2593 2116 2648 navis

525 2683 844 2753 appellenda
875 2690 1044 2737 esset.
1087 2682 1231 2736 Loco
1265 2683 1452 2751 itaque
1479 2683 1718 2753 undique
1753 2687 2113 2750 communito,

529 2778 582 2830 in
615 2776 793 2830 medio
827 2775 996 2843 jussit
1041 2785 1254 2843 septqu
1285 2775 1425 2837 fieri,
1454 2775 1543 2829 ubi
1575 2784 1734 2829 erant
1766 2777 2113 2831 collocuturi.

529 2864 751 2918 Interim
792 2863 1050 2933 Symeon,
1098 2879 1324 2918 suorum
1361 2865 1532 2919 misso
1576 2867 1881 2936 manipulo,
1914 2878 2115 2922 sanctae

526 2957 618 3010 Dei
654 2955 946 3010 Gettitricis
984 2956 1246 3024 templum
1284 2957 1337 3011 in
1377 2957 1541 3027 Pega,
1575 2956 1939 3014 aJustiniano
1981 2975 2115 3014 con-

526 3051 721 3113 ditum,
780 3051 1041 3112 incendit,
1111 3065 1175 3104 ac
1232 3051 1441 3105 circum
1503 3052 1680 3107 vicina
1747 3055 1933 3108 omnia
2003 3054 2114 3124 igni

525 3140 783 3203 ferroque
811 3142 1061 3197 vastavit.
1096 3140 1194 3196 His
1232 3143 1398 3210 igitur
1426 3143 1663 3196 alienum
1703 3159 1732 3197 a
1771 3159 1903 3212 pace
1934 3145 2109 3212 palam
2141 3173 2180 3228 Ο

526 3237 790 3303 prodebat
843 3237 1111 3300 animum,
1153 3252 1404 3306 vanaque
1460 3253 1554 3305 spe
1605 3239 1988 3306 imperatorem
2016 3238 2113 3292 de-

529 3327 712 3379 ludi-re
770 3327 911 3380 haud
957 3331 1256 3381 obscurum
1307 3337 1442 3382 erat.
1487 3327 1725 3384 Veniens
1769 3338 1950 3383 autem
2008 3330 2112 3383 im-

528 3425 747 3483 perator
805 3431 930 3470 cum
983 3416 1208 3471 Nicolao
1235 3418 1544 3486 patriarcha
1573 3421 1626 3472 in
1659 3435 1874 3474 sacrum
1905 3421 2110 3489 ingres-

525 3522 623 3560 sus
671 3515 756 3560 est
813 3506 1076 3574 loculum,
1139 3523 1444 3577 manusque
1494 3510 1546 3564 in
1603 3525 1790 3580 preces
1844 3514 2106 3578 extendit,

525 3605 644 3651 tum
687 3613 895 3666 pronus
945 3601 999 3652 in
1056 3609 1258 3654 terram
1299 3603 1588 3670 procidens
1623 3618 1838 3657 sacrum
1873 3604 2106 3658 ubertim

525 3689 703 3743 solum
755 3689 1010 3759 lacrymis
1055 3691 1289 3761 rigabat,
1325 3694 1474 3747 omni
1522 3695 1899 3749 celebrandam
1951 3697 2109 3752 laude

523 3782 812 3848 omnisque
875 3782 1012 3836 lahis
1086 3799 1278 3852 puram
1344 3796 1586 3840 sanctam
1639 3785 1732 3841 Dei
1779 3788 2105 3843 Genitricem

521 3871 684 3942 407
722 3874 1040 3939 obsecrans,
1077 3885 1137 3930 ut
1169 3877 1427 3931 inﬂexum
1475 3879 1782 3948 durumque
1820 3880 2108 3951 Symeonis

524 3977 718 4030 peetus
745 3952 1019 4018 emolliret
1048 3975 1102 4018 et
1132 3967 1197 4020 ad
1228 3969 1377 4036 pacis
1423 3971 1769 4023 concordiam
1813 3971 2104 4024 iucundam

525 4054 829 4111 induceret.
895 4058 1060 4112 Sacra
1089 4060 1260 4129 igitur
1282 4074 1526 4118 reserata
1551 4065 1756 4132 arcula,
1795 4066 1848 4118 in
1877 4083 1980 4134 qua
2006 4083 2101 4122 ve-

524 4148 828 4202 nerandum
867 4163 1072 4205 sanctze
1113 4152 1204 4204 Dei
1238 4153 1532 4210 Genitricis
1563 4158 1840 4225 palliolum
1898 4160 2105 4229 reposi-

525 4245 639 4291 tum
671 4248 812 4302 erat,
857 4255 1033 4310 eoque
1078 4243 1379 4312 imperator
1405 4247 1640 4312 sublato,
1697 4251 1954 4318 velutque
1983 4253 2104 4304 tho-

523 4344 648 4384 race
684 4333 920 4399 quodam
963 4334 1128 4388 nullis
1153 4336 1274 4389 telis
1307 4338 1493 4404 pervio
1517 4350 1820 4408 assumpto,
1848 4356 1909 4394 ac
1936 4357 2100 4411 quam

524 4423 578 4476 in
621 4423 1101 4482 intemeratissima
1141 4427 1234 4481 Dei
1272 4427 1550 4484 Genitrice
1585 4432 1973 4498 collocaverat,
2014 4452 2102 4504 ga-

3225 566 3250 581 ιι

2219 565 2579 628 τινουπόλεως
2615 563 2993 635 ἐκστρατεύει,
3026 565 3119 616 καὶ
3159 563 3406 634 ληῖζεται
3443 565 3544 634 μὲν
3567 566 3806 639 Θρᾴκην

2219 656 2314 708 καὶ
2333 655 2694 715 Μακεδονίαν,
2717 655 3013 723 ἐμπυρίζει
3036 655 3089 706 δὲ
3111 657 3290 706 πάντα
3313 655 3406 708 καὶ
3423 660 3804 728 καταστρέφει

2220 745 2316 798 καὶ
2363 745 2727 816 δενδροτομεῖ.
2765 746 2941 816 Μέχρι
2981 745 3036 798 δὲ
3092 744 3416 815 Βλαχερνῶν
3471 749 3809 817 ἐπιγενόμε-

2217 839 2368 900 νος*ι
2391 839 2731 907 ἐπεζήτησεν
2763 839 3136 908 ἀποσταλῆναι
3157 839 3306 908 αὐτῷ
3333 839 3422 891 τὸν
3449 842 3808 912 πατριάρχην

2211 929 2486 983 ’Νικόλαον
2539 931 2632 983 καί
2685 948 2838 993 τινας
2897 931 3008 984 τῶν
3065 934 3411 1000 μεγιστάνων
3471 933 3615 986 ὥστε
3671 937 3808 1006 περὶ

2219 1024 2445 1096 εἰρήνης
2474 1026 2658 1087 αὐτοῖς
2688 1028 2988 1095 συντυχεῖν.
3027 1025 3260 1079 ’Ἔλαϐον
3281 1021 3375 1079 οὖν
3396 1028 3642 1097 ὁμήρους
3666 1030 3801 1099 παρ’

2219 1117 2461 1187 ἀλλήλων
2515 1118 2855 1188 ἀμφότεροι,
2907 1119 3002 1171 καὶ
3043 1117 3232 1187 ἐξῆλθε
3295 1119 3565 1190 πρότερον
3621 1121 3726 1191 μὲν
3771 1123 3798 1176 ὁ

2218 1211 2567 1279 πατριάρχης
2602 1209 2867 1272 Νικόλαος
2890 1251 2904 1273 ,
2961 1209 3153 1263 ἔπειτα
3183 1213 3209 1263 6
3243 1211 3461 1282 Μιχαὴλ
3509 1215 3805 1283 πατρίκιος

2219 1303 2765 1370 προσαγορευόμενος
2805 1303 2833 1354 6
2881 1303 3239 1370 Στυπιώτης,
3304 1306 3398 1357 καὶ
3471 1306 3730 1377 Ἰωάννης
3773 1311 3807 1361 6

2221 1395 2484 1463 μυστικὸς
2535 1396 2628 1447 καὶ
2663 1396 3198 1465 παραδυναστεύωψ
3246 1400 3344 1468 ἥδη
3395 1400 3503 1470 γὰρ
3548 1399 3808 1470 Ἰωάννης

2208 1485 2244 1534 '6
2275 1483 2517 1553 ραίκτωρ
2547 1483 2862 1553 διαϐληθεὶς
2896 1487 3035 1556 πρὶς
3084 1486 3176 1538 τὸν
3214 1486 3464 1556 βασιλέα,
3515 1489 3806 1542 ἀσθένειαν

2224 1577 2711 1646 προφασισάμενος
2743 1576 2836 1629 τοῦ
2892 1579 3160 1631 παλατίου
3220 1581 3578 1652 κατεληλύθει
3619 1585 3713 1635 καὶ
3742 1585 3803 1636 ἐν

2213 1669 2282 1737 τῇ
2319 1667 2484 1720 αὐτοῦ
2527 1671 2660 1738 μονῇ
2712 1669 2940 1737 πλησίον
2995 1671 3360 1742 Γαλακρηνῶν
3423 1675 3698 1746 ἁπεκάρη.
3735 1677 3805 1728 Οἱ

2221 1760 2318 1828 μὲν
2347 1756 2439 1828 οὗ)
2475 1761 2612 1829 μετὰ
2643 1755 2873 1829 ’Συμεὼν
2905 1764 3031 1834 περὶ
3080 1766 3302 1834 εἰρήνης
3329 1765 3649 1834 διελέγοντο,
3684 1771 3712 1821 6
3744 1769 3804 1820 δὲ

2218 1853 2416 1914 αὐτοὺς
2477 1853 2576 1920 μὲν
2633 1847 3039 1923 ἀπεπέμψατο,
3101 1857 3263 1908 αὑτὸν
3308 1858 3364 1909 δὲ
3422 1859 3514 1909 τὸν
3572 1857 3806 1926 βασιλέα

2228 1944 2507 2014 Ῥωμανὸν
2563 1946 2819 2016 ἐπεζήτει
2885 1947 3185 2002 θεάσασθαι
3216 1963 3229 1978 ’
3273 1951 3423 2019 παρὰ
3481 1950 3694 2004 πολλῶν
3743 1951 3806 2004 δὲ

2218 2037 2678 2110 πεπληροφᾶρητο
2732 2040 2857 2110 περί
2890 2057 2950 2092 τε
2986 2041 3084 2110 τῆς
3132 2043 3296 2095 αὑτοῦ
3351 2044 3668 2112 φρονήσεως
3701 2045 3806 2097 καὶ

2215 2129 2438 2200 ἀνδρίας
2466 2132 2561 2183 καὶ
2593 2131 2884 2195 συνέσεως.
2937 2119 2995 2184 ’Ὁ
3022 2131 3206 2186 τοίνυν
3255 2133 3514 2204 βασιλεὺς
3545 2135 3638 2187 ἐπὶ
3669 2135 3805 2188 τού-

2215 2228 2308 2273 του
2362 2222 2565 2293 σφόδρα
2609 2223 2986 2294 ἠγαλλιάσατο
3011 2243 3025 2256 ο
3070 2229 3256 2279 ἐπόθει
3291 2228 3400 2297 γὰρ
3435 2228 3533 2297 τὴν
3566 2230 3805 2300 εἰρήνην

2217 2313 2311 2366 καὶ
2343 2315 2402 2366 τὸ
2435 2314 2624 2384 στῆναι
2656 2317 2755 2378 τὰς
2784 2318 3078 2386 γινομένας
3107 2318 3216 2370 τῶν
3245 2319 3495 2388 αἱμάτων
3531 2319 3796 2388 ἐκχύσεις

2217 2403 2512 2473 ὁσημέραι.
2582 2405 2938 2469 Ἀποστείλας
2987 2403 3081 2460 οὖν
3127 2409 3185 2461 ἐν
3233 2407 3309 2477 τῷ
3354 2407 3445 2460 τοῦ
3495 2407 3806 2478 Κοσμιδίου

2217 2494 2450 2564 αἰγιαλῷ
2505 2497 2913 2551 κατεσκεύασεν
2944 2500 3001 2551 ἐν
3041 2502 3105 2570 τῇ
3148 2499 3395 2574 θαλάσσῃ
3434 2500 3802 2572 ὀχυρωτάτην

2218 2589 2512 2651 ἀπόϐασιν,
2538 2589 2677 2643 ὥστε
2708 2591 2805 2662 τὴν
2825 2591 3119 2663 βασιλικὴν
3147 2595 3381 2664 τριήρην
3405 2593 3808 2647 διεκπλέουσαν

2217 2680 2286 2750 ἐνί
2319 2682 2456 2752 αὐτῇ
2525 2683 3016 2753 προσορμίζεσθαι.
3078 2686 3431 2756 Περιφράξας
3485 2685 3580 2739 οὖν
3624 2687 3805 2757 αὐτὴν

2217 2771 2483 2826 πάντοθεν
2521 2773 2870 2846 διατείχισμα
2915 2777 3079 2845 μέσον
3127 2778 3382 2845 γενέσθαι
3437 2779 3784 2847 προσέταξεν,

2217 2865 2348 2919 ἔνθα
2417 2865 2667 2937 ἀλλήλοις
2726 2869 2950 2938 ἔμελλον
3003 2871 3231 2938 ὁμιλεῖν.
3308 2872 3660 2935 Ἀποστείλας
3703 2871 3791 2924 οἶιν

2217 2954 2443 3022 Συμεὼν
2471 2956 2567 3008 τον
2597 2957 2695 3024 τῆς
2718 2959 3023 3028 ὑπεραγίας
3053 2960 3318 3011 Θεοτόκου
3343 2960 3468 3011 ναον
3495 2961 3800 3031 ἐνέπρησεν

2215 3044 2306 3098 τὸν
2333 3046 2389 3097 ὲν
2421 3049 2485 3116 τῇ
2522 3048 2701 3117 Πηγῇ,
2737 3048 2796 3101 ὃν
2832 3050 3211 3112 Ἰουστινιανὺς
3239 3052 3267 3102 6
3303 3051 3560 3122 βασιλεὺς
3601 3055 3802 3125 ἐδομήο

2219 3154 2371 3201 σατο,
2409 3141 2505 3191 καὶ
2536 3142 2602 3193 τὰ
2634 3141 2792 3212 πέριξ
2825 3143 2988 3194 αὑτοῦ
3019 3144 3328 3212 σύμπαντα,
3364 3145 3446 3219 [Ρ.
3488 3145 3616 3217 952]
3640 3146 3805 3216 δῆλος

2213 3227 2290 3279 ὢν
2323 3229 2576 3282 ἐντεῦθεν
2616 3231 2690 3299 μὴ
2731 3232 2831 3299 τὴν
2883 3233 3110 3302 εἰρήνην
3166 3233 3387 3299 ἐθέλων,
3446 3237 3562 3289 ἀλλ’
3615 3237 3803 3291 ἐλπίσι

2218 3317 2514 3388 μετεώροις
2561 3321 2749 3374 τοῦτον
2807 3322 3113 3387 ἐξαπατῶν.
3158 3327 3614 3395 Παραγενόμενος
3647 3327 3802 3379 δὲέν

2208 3410 2547 3480 Βλαχέρναις
2575 3415 2600 3464 6
2629 3411 2883 3481 βασιλεὺς
2927 3415 3044 3484 ἅμα
3079 3417 3332 3486 Νικολάῳ
3385 3419 3696 3488 πατριάρχῃ
3737 3419 3802 3469 ἐν

2212 3505 2278 3572 τῇ
2312 3505 2446 3575 ἁγίᾳ
2481 3505 2702 3575 εἰσῆλθε
2738 3506 2884 3577 σορῷ
2924 3508 3020 3561 καὶ
3046 3511 3142 3572 τὰς
3179 3513 3370 3580 χεῖρας
3417 3511 3682 3574 ἐξέτεινεν
3715 3513 3803 3574 εἰς

2212 3598 2400 3667 εὐχὴν,
2457 3594 2574 3652 εἶτα
2625 3601 2840 3670 πρηνὴς
2896 3603 3083 3654 πεσὼν
3127 3603 3359 3673 δάκρυσι
3404 3606 3702 3675 κατέϐρεχε
3734 3606 3805 3658 τὸ

2209 3690 2368 3755 ἅγιον
2408 3689 2625 3760 ἔδαφος,
2673 3691 2775 3762 τὴν
2808 3692 3162 3760 πανύμνητον
3207 3697 3302 3746 καὶ
3341 3695 3612 3764 ἄχραντον
3660 3698 3807 3751 Θεο-

2217 3783 2382 3834 τόκον
2433 3782 2738 3836 ἀντιϐολῶν
2781 3783 2881 3853 τὴν
2916 3785 3150 3854 ἀκαμπῆ
3187 3786 3280 3836 καὶ
3333 3785 3647 3854 ἀμείλικτον
3699 3790 3805 3842 τοῦ

2209 3875 2560 3946 ὑπερηφάνου
2593 3877 2822 3945 Συμεὼν
2853 3879 3080 3949 καρδίαν
3116 3878 3353 3948 μαλάξαι
3385 3880 3480 3931 καὶ
3511 3882 3698 3932 πεῖσαι
3723 3882 3804 3936 τὰ

2209 3967 2345 4035 πρὸς
2377 3971 2604 4040 εἰρήνην
2636 3970 2952 4024 συνθέσθαι.
2989 3972 3061 4025 Τὸ
3109 3973 3264 4041 ἆγιον
3295 3969 3388 4025 οὖν
3418 3971 3674 4025 κιϐώτιον
3719 3973 3809 4026 δι-

2207 4060 2519 4125 ανοίξαντες
2549 4065 2606 4115 ὲν
2635 4055 2678 4129 ᾧ
2699 4063 2757 4116 τὸ
2788 4065 2985 4118 σεπτὸν
3011 4065 3109 4129 τῆς
3140 4065 3301 4132 ἁγίας
3333 4065 3597 4118 Θεοτὸκου
3629 4065 3806 4138 τεθη-

2209 4153 2469 4222 σαύριστο
2533 4154 2884 4224 ὠμοφόριον,
2941 4157 3036 4209 καὶ
3105 4157 3268 4210 τοῦτο
3318 4159 3345 4210 6
3395 4158 3647 4226 βασιλεὺς
3703 4160 3807 4211 ἀν-

2206 4245 2462 4312 ελόμενος
2518 4247 2611 4298 καὶ
2683 4247 2872 4317 ὥσπερ
2948 4248 3071 4300 τινὰ
3140 4248 3365 4318 θώρακα
3429 4249 3807 4322 ἀδιάῤῥηκτον

2206 4336 2660 4405 περιϐαλόμενος,
2693 4339 2788 4391 καὶ
2824 4340 2922 4406 τὴν
2970 4340 3156 4392 πίστιν
3204 4341 3305 4408 τὴν
3367 4342 3446 4403 εἰς
3487 4342 3582 4412 τὴν
3621 4344 3805 4412 ὑπερ-

3304 1306 3398 1357 καὶ

2204 4428 2434 4496 άμωμον
2450 4429 2708 4483 Θεοτόκον
2722 4425 2807 4482 οἷα
2827 4432 3258 4502 περικεφαλαίαν
3275 4436 3394 4487 τινὰ
3412 4436 3804 4506 περιθέμενος,

513 4513 622 4569 ica;
647 4515 838 4581 instar,
878 4518 982 4573 {ide
1007 4520 1110 4573 sibi
1147 4520 1416 4587 adhibita,
1452 4524 1583 4577 tutis
1615 4526 1821 4580 scilicet
1859 4503 2102 4584 munitus

2214 4520 2356 4590 ἐξῄει
2413 4521 2504 4572 τοῦ
2545 4521 2674 4574 ναοῦ
2724 4523 2912 4586 ὅπλοις
2960 4525 3230 4592 ἀσφαλέσι
3280 4530 3645 4599 φραξάμενος.
3682 4531 3796 4583 Τὸν

523 4605 693 4657 armis
725 4609 925 4674 templo
968 4609 1266 4677 egreditur.
1302 4611 1430 4666 Suis
1468 4613 1648 4684 itaque
1691 4615 1992 4671 classiariis
2041 4633 2104 4673 ac

523 4694 787 4776 comitatu
824 4695 1028 4765 clypcis
1061 4700 1340 4770 armisque
1371 4703 1496 4757 aliis
1527 4705 1696 4772 probe
1732 4706 2017 4761 instructis
2049 4708 2100 4761 in

525 4784 700 4836 locum
727 4788 1084 4842 constitutum
1118 4807 1241 4844 cum
1275 4792 1544 4863 Symeone
1581 4804 1916 4852 tractaturus
1935 4799 2099 4853 venit.

515 4873 678 4930 Ferin
749 4880 938 4947 quinta
987 4893 1127 4945 erat,
1175 4899 1298 4938 cum
1338 4886 1452 4942 haec
1503 4897 1653 4956 gesta
1691 4899 1857 4956 sunt,
1897 4892 2103 4947 mensis

517 4966 846 5026 Novembris
897 4973 987 5027 die
1016 4989 1184 5038 nona,
1237 4976 1370 5032 hora
1417 4979 1524 5034 diei
1579 4992 1797 5050 quarta.
1848 4982 2008 5038 Venit
2049 4993 2106 5040 et

519 5056 759 5129 Symeon
792 5077 920 5122 cum
955 5065 1199 5119 exercitu
1226 5065 1280 5119 in
1326 5067 1528 5122 multas
1553 5069 1850 5126 distributo
1888 5082 2100 5129 turmas

521 5160 686 5218 atque
725 5151 873 5207 acies
902 5153 1137 5208 militum
1184 5155 1276 5210 alii
1316 5157 1520 5227 clypeis
1551 5159 1834 5232 hastisque
1869 5167 2100 5232 auratis,

517 5241 613 5295 alii
663 5253 899 5312 argento
943 5245 1274 5315 splendidis,
1325 5251 1506 5306 omnis
1557 5253 1649 5307 alii
1698 5255 1900 5312 coloris
1933 5260 2105 5314 armis

517 5334 776 5390 instructi
826 5347 990 5407 atque
1023 5342 1227 5405 ornati,
1276 5344 1460 5398 cuncti
1520 5346 1666 5400 ferro
1729 5349 2104 5407 circumcinct-i

517 5435 694 5480 erant.
731 5425 792 5480 lli
829 5429 1066 5484 medium
1121 5443 1463 5502 assumptum
1515 5435 1838 5507 Symeonem
1898 5451 1959 5496 ut
2007 5443 2108 5495 im-

523 5527 830 5586 peratorem
853 5535 916 5574 ac
947 5537 1128 5592 regem
1162 5522 1407 5579 Romana
1440 5526 1623 5597 lingua
1653 5527 1849 5585 faustis
1875 5533 2101 5588 vocibus

527 5601 1020 5680 prosequebantur.
1090 5613 1326 5670 Senatus
1356 5617 1534 5673 omnis
1561 5622 1733 5675 muris
1767 5621 2095 5689 insidentes,

2209 4613 2306 4664 σὺν
2353 4612 2505 4681 αὐτῷ
2534 4612 2628 4666 οὖν
2661 4615 2846 4668 στόλον
2899 4617 3200 4671 ἀσπίσι·”τε
3235 4622 3327 4672 καὶ
3375 4621 3558 4684 ὅπλοις
3618 4640 3803 4675 κατα-

2207 4705 2498 4772 κοσμήσας
2520 4705 2610 4758 τὸν
2636 4707 2948 4778 ὡρισμένον
2977 4711 3144 4763 τόπον
3172 4712 3470 4764 κατέλαϐεν
3501 4714 3801 4784 συνομιλῆ-

2211 4812 2304 4848 σαι
2356 4797 2432 4866 τῷ
2479 4799 2726 4868 Συμεών.
2781 4801 3016 4871 Πέμπτη
3051 4802 3107 4856 δὲ
3146 4799 3214 4874 ἦν
3256 4805 3435 4874 ἡμέρα
3480 4806 3567 4858 ὅτε
3614 4807 3796 4860 ταῦτα

2207 4887 2447 4957 ἐγένετο,
2498 4890 2696 4960 ἐννάτη
2736 4891 2831 4944 τοῦ
2865 4891 3179 4961 Νοεμϐρίου
3231 4894 3423 4963 μηνὸς,
3473 4897 3712 4967 τετάρτη
3737 4899 3799 4952 δὲ

2208 4983 2311 5050 τῆς
2365 4985 2583 5054 ἡμέρας
2643 4983 2783 5054 ὥρα.
2827 4985 3171 5054 Παρεγένετο
3217 4985 3273 5037 δὲ
3323 4986 3417 5038 καὶ
3458 4990 3486 5039 6
3531 4989 3796 5057 Συμεὼν,

2212 5074 2418 5144 πλῆθος
2457 5075 2799 5144 ἐπαγόμενος
2834 5077 2914 5138 εἰς
2944 5076 3148 5137 πολλὰς
3194 5076 3528 5148 διῃρημένον
3558 5080 3654 5145 τὰς
3689 5099 3801 5136 πα-

2212 5168 2497 5236 ρατάξεις,
2533 5168 2643 5222 τῶν
2673 5169 2773 5238 μὲν
2800 5169 3187 5240 χρυσασπίδων
3225 5171 3321 5224 καὶ
3355 5174 3795 5245 χρυσοδοράτων,

2208 5257 2319 5311 τῶν
2355 5261 2413 5312 δὲ
2445 5260 2874 5330 ἀργυρασπίδων
2923 5261 3016 5314 καὶ
3066 5263 3545 5336 ἁργυροδοράτων,
3597 5267 3708 5320 τῶν
3735 5270 3795 5321 δὲ

2211 5351 2360 5421 πάσῃ
2415 5350 2596 5404 ὅπλων
2653 5353 2814 5421 χροιᾷ
2857 5356 3310 5423 κεκοσμημένων,
3359 5357 3577 5410 πάντων
3623 5359 3719 5412 καὶ
3747 5359 3797 5391 "

2209 5448 2794 5518 κατακεκοσμημένων
2820 5446 3024 5517 σιδήρῳ
3046 5464 3057 5477 ·
3089 5447 3138 5499 οἶ
3164 5448 3328 5518 μέσον
3361 5448 3541 5502 αὐτῶν
3567 5450 3796 5520 εἰληφό-

2211 5553 2299 5599 τες
2332 5535 2556 5606 Συμεὼν
2583 5538 2658 5601 ὡς
2687 5538 2914 5608 βασιλέα
2947 5541 3230 5611 εὐφήμουν
3259 5546 3324 5614 τῇ
3354 5543 3463 5595 τῶν
3502 5543 3795 5614 Ῥωμαίων

2213 5630 2382 5698 φωνῇ.
2417 5629 2625 5693 Πάντες
2647 5630 2703 5683 δὲ
2736 5631 2833 5700 τῆς
2857 5630 3160 5702 συγκλήτου
3191 5633 3386 5704 βουλῆς
3411 5637 3524 5698 τοῖς
3547 5632 3792 5710 τείχεσιν

1814 5713 2046 5770 ΥΑΒΙΑΞ
2089 5717 2488 5777 LECTIONES.

599 5788 641 5819 "
665 5797 1108 5866 παραγενόμενος
1147 5802 1374 5870 rectius,
1401 5820 1454 5876 p.
1483 5805 1610 5861 579.
1689 5807 1733 5839 ”
1763 5807 1883 5881 καὶ]
1906 5808 2002 5861 δὲῖ)
