4136 6416
344 423 452 486 125

1354 384 1498 492 LlB.
1524 429 1710 494 VL—
1749 427 2118 492 ROMANUS
2170 430 2631 492 Lscspsxus.

3512 430 3621 498 £26

355 534 654 607 ἱφεστῶτες
705 534 1058 592 κατεθεῶντο
1090 539 1154 593 τὰ
1193 539 1467 612 δρώμενα.
1505 539 1615 596 Ἦν
1660 539 1754 598 οὖν
1809 541 1923 596 ἰόεἶπ

2039 541 2309 612 quidquid
2367 541 2534 611 huius
2574 541 2776 597 fabula
2810 549 2964 608 erat,
2985 541 3329 613 Spectabunt.
3357 542 3468 600 Res
3494 559 3628 601 vero

358 631 480 686 τότε
506 626 679 699 ψυχὴν
713 627 1009 700 βασιλικὴν
1039 628 1117 702 τῷ
1141 632 1257 686 δντι
1283 635 1379 688 καὶ
1399 634 1807 706 μεγαλόφρονα,
1839 635 1936 689 καὶ

2045 640 2292 701 spectata
2324 630 2650 701 dignissima
2681 632 2866 703 regius
2896 647 3028 688 vere
3063 642 3228 703 atque.
3247 633 3624 690 escelsusim-

357 722 626 791 θαυμάσαι
656 720 722 773 τὸ
751 719 848 774 τοῦ
901 722 1252 792 φρονήματος
1299 724 1726 796 ἀκατάπληκτον
1750 725 1846 779 καὶ
1873 727 1923 781 τί

2043 725 2312 794 pet-storis
2331 727 2552 781 animus
2570 724 2693 790 fuit,
2713 725 2850 779 mira
2883 741 2970 780 res
3001 726 3260 781 interrita:
3286 726 3378 781 illa
3424 728 3626 784 mentis

346 814 444 884 τῆς
475 812 706 884 ἀνδρίας
756 813 1116 885 παράστημα,
1158 815 1311 879 ὅπως
1352 818 1622 885 τοσαύτην
1655 809 1934 891 πολεμίων

341 906 564 977 βλέπων
593 905 868 976 ἐπιφορὰν
898 908 959 960 οὗ
987 908 1310 979 κατεπλάγη
1357 910 1454 964 καὶ
1503 912 1804 984 συνεστάλη
1835 913 1933 968 καὶ

335 999 730 1069 ὑπεχώρησεν,
779 998 897 1053 ἀλλ’
933 997 1124 1073 ὥσπερ
1150 1003 1229 1066 εἰς
1276 1001 1448 1072 φίλων
1481 1002 1684 1075 πλῆθος
1712 1006 1928 1078 χωρῶν,

329 1090 515 1155 οὕτως
559 1092 812 1162 ἀτρέμας
843 1093 1031 1164 ἀπῄει,
1072 1095 1230 1162 μόνον
1281 1094 1404 1167 οὐχὶ
1449 1095 1551 1166 τὴν
1593 1096 1772 1169 ψυχὴν
1817 1100 1930 1163 τοῖς

331 1182 628 1252 πολεμίοις
644 1181 757 1235 τῶν
775 1183 1034 1250 ὑπηκόων
1049 1184 1225 1248 διδοὺς
1243 1186 1581 1257 ἀντίλυτρον.
1601 1188 1825 1258 Πρῶτος
1835 1185 1930 1243 οὖν

332 1277 392 1328 ὲν
417 1277 485 1346 τῇ
519 1273 818 1346 ἀποϐάθρᾳ
846 1276 912 1345 τῇ
943 1275 1168 1349 ῥηθείσῃ
1201 1277 1527 1332 καταλαϐὼν
1578 1279 1669 1333 τὸν
1700 1279 1928 1350 Συμεὼν

325 1367 640 1437 ἐξεδέχετο.
690 1367 846 1419 Ἐπεὶ
874 1366 930 1419 δὲ
946 1367 1145 1437 ὅμηροι
1168 1367 1226 1432 ἐξ
1256 1368 1583 1440 ἀμφοτέρων
1609 1370 1929 1442 ἐλήφθησαν

331 1457 442 1511 τῶν
476 1474 542 1527 με
555 1456 692 1527 ρῶν,
729 1457 823 1508 καὶ
847 1456 945 1527 τὴν
965 1456 1286 1527 ἀποϐάθραν
1306 1459 1354 1510 οἰ
1382 1457 1680 1531 Βούλγαροι
1701 1460 1925 1531 διηρεύ-

335 1549 572 1620 νήσαντο
591 1547 864 1620 ἀκριϐῶς,
893 1549 968 1618 μή
991 1548 1091 1601 πού
1110 1565 1189 1612 τις
1207 1549 1408 1622 δόλοςῆ
1430 1551 1617 1623 ἐνέδρα
1641 1554 1921 1623 τυγχάνει,

333 1640 574 1710 κατῆλθε
631 1638 860 1710 Συμεὼν
902 1639 1000 1693 τοῦ
1057 1641 1227 1694 ἵππου
1260 1643 1354 1695 καὶ
1388 1643 1528 1714 πρὸς
1568 1645 1660 1697 τὸν
1697 1645 1923 1715 βασιλέα

335 1733 615 1804 εἰσῆλθεν.
652 1733 1063 1803 Ἀσςτασάμενοι
1080 1729 1173 1788 οὖν
1195 1734 1460 1805 ἀλλήλους
1484 1737 1710 1808 εἰρήνης
1729 1738 1923 1806 λόγους

331 1821 627 1892 ἐκίνησαν.
660 1822 852 1875 Εξπεῖν
893 1822 952 1874 δὲ
987 1822 1209 1890 λέγεται
1251 1825 1344 1876 τὸν
1395 1825 1620 1895 βασιλέα
1658 1827 1796 1898 πρὸς
1823 1829 1924 1882 Συ-

2042 815 2348 869 constantia
2381 824 2436 871 et
2463 815 2755 886 praesentia
2779 830 2842 870 ac
2888 814 3177 881 fortitudo;
3199 817 3476 886 quomodo
3494 825 3625 873 tan-

2039 914 2148 959 tam
2181 906 2421 962 hostium
2461 907 2825 964 conﬂuentem
2869 906 3282 962 multitudinem
3329 909 3520 964 videns
3543 910 3628 965 sic

2038 997 2265 1065 placide
2300 997 2606 1068 processit,
2647 1007 2860 1054 tantum
2920 1014 3030 1054 non
3089 997 3329 1053 animam
3385 999 3624 1069 pretium

2037 1091 2427 1160 redemptionis
2470 1091 2716 1148 hostibus
2770 1107 2873 1164 pro
2938 1093 3176 1150 subditis
3217 1093 3459 1150 tradens.
3507 1091 3627 1147 Pri-

2037 1183 2358 1254 musitaque
2385 1182 2552 1256 408
2581 1183 2806 1252 adeam,
2824 1200 2988 1257 quam
3017 1185 3280 1252 diximus,
3307 1185 3625 1242 exscensio—

2036 1289 2160 1330 nem
2190 1275 2419 1332 veniens
2448 1277 2774 1349 Symeonem
2806 1278 3248 1350 praestolabatur.
3272 1276 3424 1334 Datis
3455 1290 3626 1349 porro

2009 1367 2179 1422 'ultro
2205 1367 2456 1438 citroque
2479 1368 2788 1432 obsidibus,
2821 1384 2887 1425 ac
2909 1383 3034 1424 cum
3056 1367 3278 1440 Bulgari
3309 1368 3627 1424 esseensio-

2033 1472 2156 1512 nem
2189 1458 2477 1530 diligenter
2519 1460 2871 1528 lustrassent,
2907 1476 2979 1517 ne
3020 1459 3148 1532 quis
3181 1459 3344 1516 dolus
3371 1459 3626 1515 subesset

2030 1558 2128 1603 aut
2157 1550 2367 1605 insidiae
2399 1551 2650 1618 laterent,
2683 1552 2918 1624 Symeon
2967 1565 3113 1624 equo
3138 1551 3399 1608 desiliens
3427 1550 3494 1606 ad
3519 1550 3626 1604 im-

2031 1651 2342 1711 peratorem
2375 1643 2620 1698 intravit.
2657 1642 2733 1698 lbi
2767 1659 2896 1700 cum
2934 1658 2996 1699 se
3046 1651 3239 1700 mutuo
3269 1642 3624 1699 consalutas-

2031 1743 2172 1801 sent,
2203 1736 2270 1791 de
2296 1752 2431 1807 pace
2463 1738 2701 1809 colloqui
2732 1746 3040 1809 eruperunt.
3081 1737 3289 1818 [ferunt
3310 1747 3487 1793 autem
3509 1734 3623 1790 Ro-

2029 1841 2257 1881 manum
2299 1828 2356 1882 in
2385 1829 2501 1885 haec
2534 1831 2696 1885 verba
2726 1829 3055 1901 Symeonem
3111 1842 3235 1884 esse
3281 1827 3617 1884 allocutum:

337 1911 488 1982 μεών
514 1928 531 1943 ο
597 1912 856 1978 Ἀκήκοά
907 1929 983 1967 σε
1013 1914 1268 1986 θεοσεϐῆ
1301 1917 1618 1987 ἄνθρωπον
1655 1920 1755 1973 καί
1792 1923 1923 1989 Χρι-

2033 1907 2227 1972 Audivi
2262 1928 2312 1973 te
2334 1921 2599 1976 hominem
2643 1922 2956 1993 religiosum
2983 1937 3100 1976 esse
3141 1919 3342 1990 Deique
3359 1917 3618 1973 cultorem

341 2005 604 2058 στιανὸν
654 2005 1001 2075 ὑπάρχοντα
1050 2008 1368 2077 ἀληθινὸν,
1414 2011 1500 2083 ιΡ.
1547 2011 1676 2087 255]
1707 2014 1924 2079 βλέπω

345 2096 422 2150 δὲ
451 2099 528 2151 τὰ
562 2099 701 2167 ἔργα
741 2097 862 2166 τοῖς
897 2100 1105 2169 λόγοις
1134 2101 1221 2170 μὴ
1261 2104 1697 2166 συμϐαίνοντα.
1745 2107 1927 2163 Ἵδιον

341 2186 473 2258 μὲν
502 2189 612 2258 γὰρ
635 2187 936 2255 ἀνθρώπου
975 2191 1299 2258 θεοσεϐοῦς
1337 2193 1436 2246 καὶ
1471 2194 1826 2261 Χριστιανοῦ
1854 2198 1924 2254 τὸ

338 2277 463 2344 τὴν
488 2276 733 2346 εἰρήνην
764 2280 863 2333 καὶ
901 2279 1018 2348 τὴν
1040 2281 1285 2352 ἀγάπην
1329 2282 1724 2351 ἀσπάζεσθαι,
1754 2287 1923 2358 εἴπερ

328 2374 365 2424 ὁ
395 2370 549 2435 Θεὸς
589 2371 792 2440 ἀγάπη
833 2372 968 2426 ἐστι
1000 2390 1064 2427 τε
1106 2373 1206 2428 καὶ
1233 2375 1502 2445 λέγεται·
1554 2379 1815 2448 ἀσεϐοῦς
1854 2381 1923 2434 δὲ

328 2462 432 2516 καὶ
484 2463 753 2517 ἀπίστου
799 2465 867 2518 τὸ
921 2466 1152 2535 χαίρειν
1205 2468 1464 2538 assumi;
1515 2471 1614 2524 καὶ
1671 2474 1924 2542 αἵμασιν

332 2554 552 2620 ἀδίκως
581 2556 976 2626 ἐκχεομένων.
1010 2561 1080 2612 Εἰ
1100 2558 1218 2628 μὲν
1242 2556 1356 2615 οὖν
1379 2562 1615 2631 ἀληθὴς
1643 2566 1921 2634 Χριστια-

335 2648 448 2714 νὸς
478 2647 791 2718 ὑπάρχεις,
825 2649 1023 2716 καθὼς
1049 2654 1651 2726 πεπληροφορήμεθα,
1681 2659 1923 2728 στῆσόν

329 2754 483 2798 ποτε
511 2737 614 2810 τὰς
655 2743 910 2810 ἀδίκους
958 2746 1198 2816 σφαγὰς
1243 2748 1343 2801 καὶ
1372 2748 1480 2814 τὰς
1505 2748 1622 2804 τῶν
1653 2751 1921 2805 ἀνοσίων

319 2837 592 2908 αἱμάτων
629 2838 942 2908 ἐκχύσεις,
992 2839 1093 2892 καὶ
1137 2841 1386 2895 σπεῖσαι
1417 2843 1546 2912 μεθ’
1597 2845 1770 2914 ἡμῶν
1800 2845 1922 2900 τῶν

320 2929 712 2998 Χριστιανῶν
765 2931 1018 3000 εἰρήνην
1069 2935 1426 3001 Χριστιανῦς
1475 2937 1571 2990 καὶ
1609 2937 1794 3004 αὐτὸς
1834 2937 1922 2992 ὢν

323 3019 433 3076 καὶ
489 3021 928 3092 ὀνομαζόμενος
953 3063 968 3088 ,
1039 3025 1138 3076 καὶ
1185 3023 1272 3093 μὴ
1339 3025 1479 3080 θέλε
1543 3029 1919 3095 μολύνεσθαι

322 3115 707 3184 Χριστιανῶν
736 3114 942 3182 δεξιὰς
973 3117 1224 3185 αἵμασιν
1262 3119 1611 3189 ὀμοπίστων
1638 3122 1918 3188 Χριστια-

325 3207 466 3262 νῶν.
495 3209 851 3276 Ἀνθρωπος
871 3204 1033 3262 εἶκαὶ
1051 3209 1255 3276 αὐτὸς,
1276 3211 1537 3265 θάνατον
1557 3213 1918 3280 προσδοκῶν

325 3303 422 3356 καί
456 3302 817 3356 ἀνάστασιν
844 3303 940 3356 καί
971 3304 1178 3370 κρίσιν
1204 3305 1301 3356 καί
1330 3306 1744 3362 ἀνταπόδοσιν
1766 3325 1779 3337 ⁸
1815 3309 1915 3364 καί
1946 3286 1988 3346 C

320 3394 599 3464 σήμερον
637 3392 954 3462 ὑπάρχεις,
1003 3394 1104 3446 καὶ
1143 3396 1358 3462 αὔριον
1383 3401 1473 3464 εἰς
1504 3401 1678 3452 κόνιν
1708 3401 1919 3455 διαλυ-

321 3487 510 3556 θήσῃ.
537 3482 644 3552 Εἷς
674 3487 934 3554 πυρετὸς
960 3488 1321 3542 κατασϐέσει
1348 3489 1416 3543 τὸ
1441 3491 1740 3560 φρύαγμα.
1774 3494 1921 3548 Tim

324 3575 440 3635 οὖν
490 3579 687 3648 λόγον
741 3578 956 3645 δώσεις
982 3579 1062 3645 τῷ
1101 3581 1223 3646 Θεῷ
1265 3582 1392 3636 ἐκεῖ
1433 3585 1715 3640 ἀπελθὼν
1763 3587 1919 3656 ὑπὲρ

326 3669 447 3724 τῶν
471 3670 703 3724 ἀδίκων
739 3667 1029 3740 σφαγῶη
1061 3674 1213 3736 ποίῳ
1246 3673 1547 3742 προσώπῳ
1577 3675 1657 3742 τῷ
1689 3677 1920 3747 φοϐερῷ

325 3763 424 3818 καὶ
458 3764 675 3829 δικαίῳ
712 3764 1090 3831 ἐνατενίσεις
1115 3766 1289 3836 κριτῇ
1306 3785 1325 3832 ;
1356 3771 1426 3823 Εἰ
1457 3771 1727 3825 πλούτου
1764 3769 1920 3841 ἐρῶν

334 3855 529 3908 ταῦτα
565 3855 765 3923 ποιεῖς,
819 3856 934 3927 ἐγώ
960 3871 1035 3912 σε
1067 3859 1406 3929 κατακόρως
1448 3861 1556 3916 τοῦ
1593 3861 1920 3932 ἐπιθυμου-

347 3945 543 4014 μένου
591 3948 867 4016 ἐμπλήσω
894 3967 909 3981 ο
961 3952 1156 4021 μόνον
1207 3953 1462 4023 ἐπίσχες
1518 3953 1631 4020 τὴν
1687 3954 1916 4020 δεξιάν.

351 4039 417 4093 Ἀ
427 4052 664 4093 σπασαι
691 4041 791 4110 τὴν
812 4043 1086 4112 εἰρήνην,
1117 4043 1442 4114 ἀγάπησον
1464 4047 1581 4115 τὴν
1604 4047 1912 4116 ὁμόνοιαν,

335 4134 442 4187 ἵνα
463 4133 565 4187 καὶ
589 4136 764 4204 αὐτὸς
785 4137 928 4203 βίον
957 4135 1145 4208 ζήσῃς
1168 4141 1476 4206 εἰρηνικὸν
1530 4139 1630 4194 καὶ
1669 4141 1919 4211 ἀναίμα-

325 4243 483 4281 κτον
496 4228 596 4281 καί
619 4228 990 4300 ἀπράγμονα,
1009 4231 1109 4284 καί
1131 4235 1184 4286 οἱ
1204 4232 1548 4301 Χριστιανοὶ
1566 4233 1921 4288 παύσωνται

322 4332 475 4373 ποτε
508 4316 630 4372 τῶν
658 4321 988 4390 συμφορῶν
1018 4322 1116 4377 καί
1138 4323 1489 4390 στήσωνται
1509 4323 1617 4379 τοῦ
1636 4325 1918 4394 Χριστια-

324 4410 475 4478 νοὺς
503 4411 779 4481 ἀναιρεῖν
799 4430 818 4444 ν
855 4415 927 4468 οὐ
955 4414 1122 4484 θέμις
1149 4413 1260 4484 γὰρ
1284 4414 1508 4482 αὐτοὺς
1533 4416 1729 4486 αἴρειν
1757 4415 1920 4472 ὅπλα

325 4503 455 4556 καθ’
509 4505 882 4572 όμοπίστων.
945 4505 1197 4560 Τοσαῦτα
1249 4503 1342 4562 οὖν
1390 4507 1561 4562 εἰπὼν
1598 4511 1628 4562 ὁ
1662 4509 1920 4580 βασιλεὺς

327 4595 606 4664 ἐσίγησεν.
661 4596 944 4662 Αξδεσθεὶς
980 4594 1075 4651 οὖν
1107 4599 1332 4670 Συμεὼν
1365 4600 1465 4670 τὴν
1497 4598 1690 4653 τούτου
1721 4601 1914 4655 ταπεί-
1942 4623 1996 4682 D

323 4703 490 4741 waw
517 4688 618 4740 καὶ
648 4689 775 4751 τοὺς
796 4689 988 4758 λόγους
1015 4690 1180 4744 αὑτοῦ
1205 4691 1537 4745 κατένευσεν
1565 4692 1666 4764 τὴν
1689 4694 1916 4766 εἰρήνην

321 4777 689 4849 ποιήσασθαι.
742 4779 1152 4850 ’Δσπασάμενοι
1216 4776 1310 4834 οὖν
1342 4780 1614 4852 ἀλλήλους
1657 4781 1914 4855 διεχωρί-

219 4893 241 4909 -
319 4870 564 4938 σθησαν,
584 4870 780 4938 δώροις
805 4872 1250 4944 μεγαλοπρεπέσι
1265 4872 1361 4927 τοῦ
1377 4873 1641 4944 βασιλέως
1657 4873 1915 4939 δεξιωσα-

322 4962 498 5029 μένου
531 4961 626 5014 τὸν
658 4963 726 5014 Συ
735 4963 904 5033 μεὼν.

395 5052 502 5120 ις’.
547 5054 615 5107 Ὅ
644 5054 701 5108 δὲ
734 5055 855 5109 τότε
881 5055 1228 5128 συμϐέϐηκεν
1261 5057 1595 5128 διηγήσομαι
1625 5056 1916 5127 τεράστιόν

320 5163 376 5201 τι
401 5148 502 5203 καὶ
535 5151 650 5212 τοῖς
685 5149 860 5204 ταῦτα
908 5149 1076 5204 εἰδόσι
1108 5149 1424 5221 συγκρίνειν
1456 5149 1782 5220 παράδοξον.
1810 5148 1916 5201 Δύο

319 5242 493 5310 φασὶν
565 5241 758 5306 ἀετοὺς
809 5242 920 5296 τῶν
981 5243 1251 5314 βασιλέων
1317 5242 1651 5312 ὁμιλούντων
1707 5243 1915 5297 ἄνωθεν

319 5333 512 5387 αὐτῶν
562 5333 936 5406 ὑπερπτῆναι,
992 5335 1225 5405 κλάγξαι
1257 5352 1316 5388 τε
1349 5335 1445 5389 καὶ
1475 5335 1615 5406 πρὸς
1645 5334 1914 5406 ἀλλήλους

320 5425 601 5496 συμμῖξαι
631 5428 727 5480 καὶ
756 5428 1076 5498 παραυτίκα
1099 5428 1481 5498 διαζευχθῆναι
1512 5426 1788 5499 ἀλλήλοις,
1817 5427 1912 5480 καί⁵

318 5520 414 5572 τὶν
451 5521 561 5588 μὲν
602 5519 698 5571 ἐπὶ
729 5519 829 5590 τὴν
876 5520 1033 5573 πόλιν
1070 5520 1268 5584 ἐλθεῖν,
1301 5521 1391 5574 τὸν
1417 5520 1474 5573 δὲ
1505 5520 1640 5590 πρὸς
1685 5519 1910 5591 Θρᾴκην

321 5611 646 5684 διαπτῆναι.
681 5612 852 5666 Τοῦτο
881 5614 930 5666 oi
962 5613 1207 5684 ἀκριϐῶς
1236 5613 1464 5667 τοιαῦτα
1494 5612 1827 5676 σκοποῦντες
1848 5613 1909 5665 ού

319 5706 484 5760 καλὸν
550 5703 777 5775 ἔκριναν
839 5706 1066 5760 οἰωνόν·
1124 5705 1476 5776 ὰσυμὸἀτους
1528 5705 1637 5775 γὰρ
1691 5705 1785 5758 ἐπὶ
1843 5707 1910 5776 τῇ

316 5801 511 5874 εἰρήνῃ
561 5797 913 5870 ἀμφοτέρους
957 5795 1380 5869 διαλυθήσεσθαι
1419 5797 1648 5870 ἔφησαν.
1683 5794 1911 5867 Συμεὼν

307 5891 364 5948 δε
396 5892 462 5948 τὸ
495 5890 704 5944 ἑαυτοῦ
753 5889 1122 5962 στρατόπεδον
1169 5888 1496 5944 καταλαϐὼν
1545 5891 1659 5952 τοῖς
1707 5886 1904 5940 ἑαυτοῦ

657 5985 933 6046 Damon.
976 5986 1094 6045 Gn.
1127 5984 1197 6046 Cl
1209 5987 1288 6049 Χ.

2033 2011 2107 2063 ac‘
2121 2023 2301 2066 verum
2328 2013 2733 2068 Christianum:
2767 2014 2915 2068 video
2957 2023 3132 2067 autem
3161 2027 3320 2082 opera
3359 2025 3465 2063 non
3486 2009 3618 2064 satis
3675 2000 3693 2018 ⁴

2029 2103 2201 2158 verbis
2226 2115 2582 2161 consentanea
2612 2122 2744 2161 esse.
2803 2106 3091 2171 Proprium
3115 2105 3261 2160 enim
3283 2113 3363 2159 est
3393 2101 3622 2157 hominis

2031 2196 2269 2268 religiosi
2293 2197 2490 2269 Deique
2518 2197 2739 2252 cultoris
2771 2215 2834 2252 ac
2865 2196 3188 2260 Christiani,
3234 2203 3294 2250 ut
3355 2210 3540 2264 pacem
3568 2205 3618 2248 et

2029 2287 2344 2342 cliaritatem
2377 2288 2536 2354 colat,
2557 2289 2986 2360 quandoquidem
3009 2287 3147 2342 Deus
3175 2287 3416 2341 charitas
3445 2297 3522 2340 est
3556 2302 3618 2339 ac

2029 2390 2409 2450 nuncupatur:
2447 2381 2600 2451 impii
2631 2389 2811 2435 autem
2844 2389 2895 2435 et
2944 2379 3235 2450 irreligiosi
3282 2389 3330 2433 et
3359 2377 3614 2448 inﬁdelis,

2029 2479 2085 2521 ut
2119 2469 2352 2524 ca'dibus
2382 2471 2688 2542 injusteque
2724 2473 2860 2542 fusis
2913 2471 3196 2526 cruoribus
3248 2472 3502 2542 gaudeat.
3557 2470 3618 2526 Si

2026 2559 2235 2629 quidem
2267 2577 2390 2630 ergo
2432 2577 2583 2615 verus
2625 2559 2968 2616 Christianus
3024 2563 3258 2627 exsistis,
3309 2562 3520 2618 dualem
3569 2572 3616 2614 te

2026 2659 2170 2706 certo
2209 2653 2600 2717 existimamus,
2629 2655 2846 2710 tandem
2888 2654 3180 2725 aliquando
3224 2655 3352 2710 siste
3383 2654 3618 2724 injustas

2027 2743 2195 2798 cedes
2223 2744 2486 2816 finemque
2512 2745 2686 2816 facito
2711 2747 2974 2817 fundendi
2997 2748 3203 2802 innoxii
3231 2748 3532 2820 sanguinis,
3554 2763 3618 2800 ac

2024 2851 2210 2906 pacem
2244 2837 2516 2892 nobiscum
2545 2836 2870 2893 Christianis
2900 2854 3174 2908 compone,
3202 2840 3296 2910 qui
3321 2841 3435 2910 ipse
3460 2840 3620 2894 Chri-

2025 2930 2234 2983 stianus
2263 2930 2337 2984 sis
2375 2940 2426 2984 et
2474 2931 2696 2996 dicaris,
2749 2946 2845 2985 nec
2899 2929 3324 2987 Christianorum
3367 2931 3618 2986 dexteras

2024 3021 2458 3078 Christianorum
2506 3025 2690 3078 itidem
2723 3041 2786 3078 ac
2817 3025 3058 3080 eamdem
3112 3021 3398 3079 colentium
3453 3025 3616 3094 ﬁdem

2022 3114 2304 3169 cruoribus
2332 3115 2502 3184 pollui
2533 3117 2704 3171 sinas.
2768 3114 2891 3186 Ipse
2916 3126 2973 3169 tu
2997 3131 3201 3186 quoque
3233 3116 3387 3169 homo
3416 3132 3493 3179 es,
3523 3119 3614 3186 qui

2028 3215 2254 3260 mortem
2285 3215 2336 3261 ct
2364 3209 2802 3262 resurrectionem
2833 3219 2880 3262 et
2907 3208 3177 3278 judicium
3207 3215 3259 3262 et
3304 3207 3614 3261 retributio-

2024 3316 2141 3354 nem
2165 3309 2455 3371 exspectes.
2487 3299 2662 3357 Hodie
2687 3303 2744 3355 in
2768 3301 2897 3357 civis
2921 3310 3066 3365 es,et
3098 3317 3220 3356 cras
3249 3301 3306 3354 in
3348 3300 3616 3371 puluerem

2023 3391 2347 3448 dissolveris.
2369 3391 2562 3447 Febris
2595 3409 2702 3448 una
2725 3394 3028 3462 superbiam
3054 3409 3260 3448 onmem
3290 3393 3612 3464 exstinguet.

2026 3483 2204 3550 Quam
2229 3502 2353 3555 ergo
2390 3487 2675 3551 rationem,
2703 3497 2826 3540 ante
2869 3485 3106 3540 tribunal
3137 3483 3237 3540 Dei
3266 3486 3612 3548 constitutus,

2021 3593 2118 3646 pro
2142 3577 2362 3648 injustis
2390 3577 2619 3634 aedibus
2652 3579 2758 3634 Deo
2789 3580 3096 3644 redditurus
3128 3579 3222 3632 es?
3255 3595 3357 3650 quo
3379 3577 3527 3632 vultu
3557 3579 3614 3631 in

2022 3670 2354 3724 tremendum
2373 3670 2692 3741 justumque
2724 3671 2959 3741 judicem
3009 3669 3191 3725 oculos
3233 3670 3518 3725 intendes?
3551 3667 3613 3724 Si

2023 3774 2075 3819 te
2095 3766 2410 3820 divitiarum
2453 3767 2644 3836 cupido
2693 3768 2764 3822 ad
2791 3766 3058 3838 ejusmodi
3082 3768 3329 3838 facinora
3355 3765 3609 3838 impellit,

2022 3874 2113 3928 ego
2139 3868 2186 3911 te
2208 3856 2376 3930 M9
2408 3859 2520 3913 illis
2559 3860 2630 3914 ad
2654 3860 2963 3915 satietatem
3000 3861 3260 3932 explebo,-
3297 3861 3455 3917 modo
3486 3877 3612 3916 con-

2023 3950 2132 4002 tine
2160 3955 2456 4012 dexteram,
2486 3937 2668 4018 pacem
2693 3950 3031 4018 amplectere,
3073 3951 3236 4021 dilige
3266 3951 3611 4005 concordiam

2021 4049 2079 4096 ut
2109 4049 2158 4094 et
2189 4041 2299 4110 ipse
2328 4041 2493 4094 vitam
2522 4039 2875 4112 tranquillam
2901 4059 3030 4113 agas
3065 4060 3129 4098 ac
3168 4045 3503 4098 incruentam
3527 4044 3613 4096 ni-

2022 4133 2199 4203 hilque
2237 4130 2559 4199 sollicitam,
2593 4148 2655 4186 ac
2695 4129 2909 4187 tandem
2967 4133 3396 4190 Christianorum
3458 4135 3603 4189 mala

2024 4224 2184 4295 ﬁnem
2214 4225 2504 4294 accipiant,
2537 4233 2693 4292 atque
2723 4225 2820 4278 alii
2875 4225 3012 4279 alios
3041 4223 3373 4282 Christianos
3414 4241 3606 4282 necare

2023 4316 2291 4372 desinant.
2354 4316 2525 4388 Nefas
2555 4319 2697 4372 enim
2723 4317 2908 4389 ﬁdeles
2956 4319 3012 4370 in
3034 4333 3089 4372 se
3123 4303 3306 4373 maluo
3335 4335 3489 4372 arma
3519 4336 3612 4372 su-

2025 4425 2184 4463 mere.
2247 4407 2374 4465 l‘laec
2445 4410 2629 4480 itaque
2678 4409 2896 4464 locutus
2956 4409 3257 4477 imperator
3313 4409 3606 4464 conticuit.

2024 4497 2297 4570 Bulgarus
2332 4499 2498 4573 igitur
2519 4500 2669 4555 illius
2695 4498 3059 4554 humilitatem
3081 4513 3144 4552 ac
3175 4511 3460 4554 sermones
3479 4512 3606 4553 cum

2026 4593 2380 4648 veneratione
2418 4591 2674 4656 miratus,
2729 4605 2917 4660 pacem
2960 4589 3076 4644 ﬁeri
3115 4587 3329 4643 annuit.
3379 4589 3516 4644 Cum
3550 4606 3612 4644 se

2024 4688 2207 4757 itaque
2234 4685 2464 4739 invicem
2487 4684 2716 4739 osculati
2736 4681 3610 4753 essent,discesserunt,;impt:ra-

2024 4787 2142 4830 tore
2178 4774 2482 4846 magniﬁcis
2512 4774 2673 4828 donis
2704 4773 3034 4842 Symconem
3069 4784 3384 4844 prosecuto.

2092 5051 2182 5107 l6.
2225 5049 2385 5117 Quod
2406 5063 2537 5105 vero
2572 5058 2706 5104 tunc
2726 5045 2948 5114 accidit,
3001 5044 3258 5112 referam,
3295 5057 3410 5100 rem
3471 5058 3606 5100 sane

2019 5153 2395 5218 portentosum
2418 5151 2584 5214 atque
2613 5143 2722 5198 illis
2750 5141 2842 5214 qui
2867 5141 3064 5195 horum
3103 5145 3376 5194 noverunt
3395 5135 3603 5195 indicia

2018 5254 2216 5294 novam
2240 5246 2294 5294 et
2323 5235 2622 5293 insolitam.
2650 5233 2820 5289 Aiunt
2843 5233 2990 5288 enim
3016 5229 3453 5303 colloquentibus
3483 5247 3605 5286 am-

2021 5329 2198 5386 bobus
2230 5329 2450 5400 regibus
2475 5327 2615 5382 duas
2659 5324 2874 5394 aquilas
2911 5338 3080 5394 super
3111 5339 3208 5380 eos
3255 5322 3520 5380 volitasse
3547 5333 3603 5380 et

2018 5438 2145 5478 cum
2176 5421 2433 5491 clangore
2457 5419 2712 5482 coivisse,
2743 5431 2980 5487 moxque
2997 5415 3241 5472 divulsus
3270 5415 3498 5471 alteram
3534 5418 3600 5471 ad

2017 5515 2232 5578 urbem,
2273 5515 2502 5569 alteram
2532 5514 2584 5568 in
2605 5511 2898 5566 Thraciam
2934 5509 3204 5565 avelasse.
3229 5506 3428 5563 Rerum
3456 5508 3604 5579 ejus-

2018 5605 2169 5660 modi
2202 5603 2411 5660 curiosi
2458 5601 2807 5673 indagatores
2857 5600 3260 5670 inauspicatum
3295 5613 3456 5654 omen
3511 5614 3599 5653 ar-

2015 5697 2202 5753 bitrati
2236 5704 2386 5760 sunt,
2417 5695 2532 5750 fore
2565 5694 2825 5748 nimirum
2881 5703 2941 5748 ut
2968 5692 3167 5748 inlecta
3195 5707 3330 5763 pace
3378 5691 3457 5748 illi
3489 5692 3604 5747 dis-

2013 5790 2396 5860 jungerentur.
2443 5788 2681 5861 Symeon
2710 5787 2776 5842 ad
2825 5801 2955 5842 suos
3000 5801 3254 5842 reversus
3298 5784 3600 5856 imperatu-

2014 5885 2092 5940 ris
2122 5883 2401 5940 solertiam
2425 5883 2861 5951 modestiamque
2887 5881 3004 5936 suis
3045 5879 3365 5948 proceribus
3391 5888 3600 5947 narrat,

3088 5973 3159 6030 1's
