4136 6420
485 415 597 482 ,ητ
1587 391 2098 459 THEOPHANES
2126 385 2684 470 CONTINUATUS.
3185 453 3188 456 _
3651 374 3763 440 49.8

497 535 708 603 Vtrique
753 527 990 599 speciem
1044 521 1298 582 ettobnr
1367 516 1772 585 inlraclumque
1829 514 2076 567 animum

2194 507 2478 578 μεγιστᾶσι
2508 504 2610 575 τὴν
2638 500 2730 555 τοῦ
2773 496 3040 570 βασιλέως
3069 494 3374 567 ἀπήγγειλε
3407 493 3624 546 σύνεσιν
3663 499 3763 550 καὶ

499 623 784 682 immensis
813 618 1071 676 laudibus
1108 613 1372 672 celebrat.

568 798 887 856 l-‘LMensis
904 792 1238 850 -Dccembris
1259 791 1344 844 die
1371 787 1632 856 vigesima
1662 783 1855 856 quinta
1878 781 2079 836 Roma-

496 911 602 952 nus
639 893 800 949 tilios-
821 904 954 946 suos
988 887 1326 956 Stephanum
1376 887 1429 935 et
1458 875 1882 934 Constantinum
1913 886 2078 926 coro-

499 994 594 1040 nat
637 985 691 1038 in
734 981 926 1052 Magna
949 954 1190 1031 Ecclesia
1222 988 1234 1024 :
1261 954 1353 1026 sed
1383 975 1438 1024 et
1467 963 1936 1034 Theophylactum
1960 959 2079 1028 ejus

499 1077 671 1132 ﬁlium
713 1064 1336 1137 Nieolauspatriarcha
1399 1056 1661 1116 detondet
1716 1053 1976 1109 clericum
2028 1059 2082 1105 et

501 1152 900 1225 subdi'aconum
928 1160 1095 1233 410
1148 1155 1406 1220 ordinat,
1458 1166 1524 1208 ac
1548 1148 1770 1203 tandem
1796 1154 2082 1214 promovet

500 1259 824 1332 syneellum,
852 1268 980 1308 cum
1009 1252 1056 1307 is
1093 1249 1245 1321 prius
1298 1246 1354 1300 in
1405 1241 1874 1299 subdiaconorum
1905 1234 2077 1306 gradu

502 1355 566 1407 in-
587 1359 777 1407 saneta
807 1344 1193 1416 processisset.

523 1477 527 1484 -
573 1447 662 1503 18.
713 1443 918 1498 Mensis
954 1439 1165 1510 Aprilis
1199 1435 1288 1492 die
1335 1433 1547 1490 decima
1592 1445 1740 1486 nona
1797 1428 2081 1483 Romanus

497 1541 762 1596 Joannem
795 1534 1093 1607 mysticum
1130 1541 1426 1598 rerumque
1453 1522 1816 1595 gerendarum
1851 1517 2083 1574 admini-

499 1638 678 1690 strum‘
742 1643 808 1683 ac
855 1623 1230 1694 subadjuvam
1295 1618 1530 1691 patricia
1589 1630 1654 1670 ac
1702 1610 2079 1684 proconsulari

497 1721 757 1792 dignitate
771 1714 1012 1782 ornavit,
1027 1713 1101 1776 ita
1122 1725 1262 1767 sane
1287 1718 1346 1763 ut
1361 1708 1489 1762 hinc
1517 1706 1594 1761 illi
1619 1703 1856 1760 conﬁata
1880 1699 2080 1757 invidia

498 1814 794 1868 (rte-illatum
826 1826 855 1865 a
888 1801 1450 1879 quibusdam-crimen
1475 1800 1567 1854 sit.

574 1906 661 1960 l9.
687 1903 808 1958 Maii
830 1899 1035 1956 mensis
1050 1898 1138 1954 die
1155 1896 1348 1966 quinta
1365 1892 1601 1955 decima,
1637 1888 1944 1944 indictione
1966 1893 2083 1940 ter-

500 1998 574 2050 tia
595 1995 828 2058 decima,
847 1987 1348 2057 moriturﬁicolaus
1363 1983 1696 2056 patriarcha,
1714 1996 1836 2036 cum
1849 1994 1878 2033 a
1898 1992 2089 2033 secun-

498 2081 568 2140 da
602 2079 956 2152 provectione
987 2091 1164 2132 annos
1183 2074 1441 2131 tredecim
1461 2073 1662 2128 throno
1677 2071 1888 2142 potitus
1918 2074 2082 2123 esset.

503 2176 633 2245 Ejus
667 2187 867 2244 corpus
905 2170 959 2224 in
993 2168 1345 2232 monasterio,
1384 2166 1529 2237 quod
1554 2164 1642 2218 ille
1678 2161 1992 2217 condiderat
2023 2175 2088 2215 ac

501 2270 832 2325 Galacrenas
849 2272 1067 2328 vocant,
1089 2260 1373 2318 conditum
1393 2268 1496 2314 est.
1519 2256 1703 2312 Mense
1719 2257 1966 2326 Augusto
1986 2268 2085 2322 pa-

504 2361 742 2416 triarcha
771 2355 1048 2413 sufﬁcitur
1085 2354 1399 2424 Stephanus
1437 2351 1683 2406 Amaseae
1715 2346 2084 2416 metmpolita,

504 2452 814 2507 eunuchus.
835 2445 1022 2501 Mense
1044 2443 1263 2499 Octobri
1283 2441 1521 2497 Joannes
1538 2441 1801 2511 mysticus
1819 2453 1884 2493 ac
1915 2439 2086 2506 impe-

507 2541 677 2598 ratori
698 2553 882 2595 rerum
935 2533 1300 2606 gerendarum
1344 2532 1562 2602 adjulor
1598 2529 1837 2585 aﬁ‘ectati
1873 2527 2084 2598 imperii

504 2633 770 2698 defertur,
791 2631 844 2686 in
871 2643 985 2684 rem
1005 2627 1303 2682 inducente
1317 2623 1518 2680 Cosma
1546 2622 1778 2694 patricio
1800 2636 1864 2676 ac
1892 2636 2090 2676 cursus

504 2723 1029 2796 publici-logotheta,
1081 2718 1176 2789 qui
1215 2717 1382 2772 ﬁliam
1422 2716 1472 2770 ei
1508 2729 1737 2770 uxorem
1789 2713 2086 2768 locaverat.

506 2819 639 2872 Eam
661 2815 729 2870 ob
746 2829 860 2868 rem
875 2812 1088 2882 ejectus
1104 2810 1196 2866 ille
1217 2809 1440 2881 quidem
1461 2808 1585 2863 aula
1609 2814 1694 2863 est
1717 2825 1732 2862 :
1757 2803 2086 2876 permissum

507 2920 690 2962 tamen
711 2905 1098 2975 imperatorem
1119 2901 1271 2957 adire
1309 2900 1470 2971 eique
1519 2899 1854 2964 ministrare,
1879 2911 2088 2952 aecum

503 3014 573 3054 eo
589 2995 1012 3054 communicatis
1026 2992 1294 3056 consiliis,
1315 2988 1458 3060 quod
1483 3003 1664 3060 opera:
1680 2988 1916 3058 pretium
1935 2987 2088 3042 vide-

465 3098 678 3153 'retur,
705 3093 962 3139 tractare.
1015 3081 1210 3152 Ingens
1229 3080 1428 3150 quippe
1475 3079 1531 3133 in
1578 3093 1702 3133 eum
1741 3077 2090 3148 imperatoris

2179 599 2532 659 ταπείνωσιν,
2579 592 2890 660 ἐξεθείαζεν
2922 591 2978 644 δὲ
3011 589 3178 644 αὑτοῦ
3206 589 3267 641 τό
3308 605 3366 642 τε
3402 583 3542 651 εἶδος
3570 589 3669 658 τήν
3696 607 3762 642 τε

2183 689 2374 763 ῥώμην
2409 689 2589 744 καὶτὸ
2617 685 3043 754 ἀκατάπληκτον
3080 681 3173 735 τοῦ
3205 681 3580 751 φρονήματος.

2253 783 2342 846 ιζ’.
2377 779 2701 850 Δεκεμϐρίῳ
2730 778 2788 832 δὲ
2823 777 2956 849 μηνὶ
2982 772 3060 828 κε’
3088 773 3283 843 έστεψε
3321 771 3604 843 Ῥωμανδς
3631 770 3766 836 τοὺς

2181 877 2331 938 υἱοὺς
2365 872 2530 928 αὐτοῦ
2581 875 2640 924 ἐν
2671 874 2738 941 τῇ
2770 869 3000 941 Μεγάλῃ
3053 866 3343 936 ἐκκλησίᾳ,
3383 865 3656 931 Στέφανόν
3702 881 3768 917 τε

2183 967 2279 1020 καὶ
2333 965 2745 1018 Κωνσταντίνον
2773 977 2787 991 ·
2867 959 3006 1012 ἀλλὰ
3060 959 3156 1011 καὶ
3194 954 3571 1026 Θεοφύλακτον
3649 955 3770 1007 υίδν

2183 1057 2348 1113 αὑτοῦ
2376 1059 2403 1110 6
2436 1055 2787 1126 πατριάρχης
2837 1053 2922 1125 |_P.
2973 1049 3103 1121 25d]
3149 1050 3419 1112 Νικόλαος
3467 1049 3763 1118 ἀπέκειρεν

2182 1149 2467 1220 κληρικὸν,
2516 1147 2907 1219 χειροτονήσας
2965 1142 3321 1197 ύποδιάκονον
3375 1139 3672 1208 σύγκελλόν
3707 1154 3764 1190 τε

2183 1241 2704 1312 προχειρισάμενος,
2727 1236 3007 1292 διελθόντα
3040 1235 3309 1306 πρότερον
3334 1234 3393 1286 ἐν
3415 1231 3492 1303 τῷ
3510 1231 3617 1284 τῶν
3637 1230 3771 1283 ὑπο-

2182 1337 2450 1392 διακόνων
2485 1335 2727 1404 τάγματι
2759 1334 2838 1394 εἰς
2870 1331 2939 1384 τὰ
2964 1331 3117 1396 ἅγια.

2259 1429 2346 1500 ιη’.
2397 1427 2697 1498 Ἀπριλλίῳ
2736 1427 2794 1480 δέ
2844 1425 2994 1495 μηνὶ,
3029 1421 3090 1476 ιθ¹
3122 1420 3216 1474 τοῦ
3263 1419 3453 1490 μηνὸς,
3503 1417 3770 1486 ἐτίμησεν

2197 1521 2479 1592 Ῥωμανδς
2513 1519 2765 1588 Ἰωάννην
2794 1515 3060 1588 μυστικὸν
3087 1515 3181 1567 καὶ
3215 1508 3771 1582 παραδυναστεύοντα

2185 1615 2474 1686 πατρίκιον
2506 1613 2599 1666 καὶ
2653 1611 2986 1671 ἀνθύπατον,
3037 1606 3179 1660 ὥστε
3213 1605 3308 1658 καὶ
3341 1603 3410 1655 δι’
3445 1601 3577 1655 αὐτὸ
3607 1599 3772 1653 τοῦτο

2187 1708 2381 1778 φθόνον
2437 1704 2731 1776 κινηθῆναι
2789 1700 2938 1772 αύτῷ
2995 1699 3089 1753 καὶ
3142 1695 3586 1768 κατηγορηθῆναι
3657 1692 3773 1744 ἀπό

2183 1815 2373 1854 τινων.

2263 1889 2350 1945 ιϐ’.
2385 1889 2542 1959 Μαΐῳ
2587 1886 2642 1938 δέ
2677 1887 2806 1956 μηνὶ
2851 1890 2934 1949 ιε’,
2977 1879 3310 1944 ἰνδικτιῶνος
3361 1885 3450 1948 ιγ’,
3485 1877 3716 1947 τελευτᾷ
3745 1877 3777 1928 6

2187 1983 2539 2054 πατριάρχης
2567 1978 2858 2042 Νικόλαος,
2886 1975 3169 2047 κρατήσας
3200 1975 3257 2026 ἐν
3282 1974 3349 2043 τῇ
3376 1970 3606 2042 δευτέρᾳ
3634 1970 3778 2022 ἁνα-

2189 2077 2346 2130 6ἀσει
2383 2073 2478 2127 τοῦ
2517 2069 2914 2143 πατριαρχείου
2962 2067 3074 2136 ἐτη
3099 2064 3459 2135 τριακαίδεκα
3488 2079 3502 2092 ο
3533 2062 3628 2114 καὶ
3660 2062 3778 2115 άπ-

2188 2165 2350 2236 ετέθη
2379 2160 2440 2218 ἐδ
2465 2163 2625 2231 σῶμα
2643 2159 2810 2216 αὐτοῦ
2831 2160 2889 2210 ἐν
2912 2159 2978 2228 τῇ
3005 2157 3095 2210 ὑπ’
3123 2152 3292 2210 αὐτοῦ
3320 2151 3602 2222 κτισθείσῃ
3634 2153 3776 2221 μονῇ

2187 2257 2295 2311 τῶν
2339 2252 2732 2323 Γαλακρηνῶν.
2788 2249 3089 2320 Αὐγούστῳ
3135 2248 3191 2302 δὲ
3243 2246 3374 2317 μηνὶ
3427 2245 3782 2314 πατριάρχης

2189 2349 2514 2403 καθίσταται
2571 2345 2841 2414 Στέφανος
2882 2344 2910 2395 ὁ
2966 2340 3266 2411 Ἀμασείας
3326 2335 3777 2408 μητροπολίτης,

2190 2443 2446 2514 εὐνοῦχος
2483 2440 2766 2510 ὑπάρχων.
2813 2435 3132 2506 Ὀκτωϐρίῳ
3165 2434 3298 2504 μηνὶ
3353 2427 3717 2500 κατηγορήθη
3750 2431 3782 2481 ὁ

2193 2535 2456 2607 μυστικὸς
2530 2534 2784 2601 Ἰωάννης
2843 2529 2940 2583 καὶ¹
2994 2523 3497 2596 παραδυναστεύων
3545 2521 3622 2585 ὼς
3673 2522 3779 2589 τῆς

2193 2627 2470 2701 βασιλείας
2506 2625 2796 2696 ἐφιέμενος
2835 2621 3088 2692 ὑποθήκῃ
3121 2617 3215 2673 τοῦ
3247 2616 3539 2689 πατρικίου
3573 2615 3783 2684 Κοσμᾶ

2191 2723 2287 2778 καί
2313 2720 2624 2790 λογοθέτου,
2681 2716 2916 2778 διδόντος
2964 2716 3044 2778 εἰς
3094 2713 3333 2781 γυναῖκα
3362 2710 3461 2780 τὴν
3497 2707 3776 2778 θυγατέρα

2191 2812 2600 2885 αὑτῷ..Τούτου
2651 2811 2839 2862 ἕνεκεν
2871 2805 3304 2867 καταϐιϐάζεται
3335 2800 3432 2872 μὲν
3470 2798 3564 2853 τοῦ
3595 2798 3765 2852 παλα-

2190 2908 2329 2972 τίου,
2367 2905 2738 2974 συγχωρεῖται
2771 2900 2830 2953 δέ
2860 2899 2920 2952 τὸ
2951 2894 3356 2968 προσέρχεσθαι
3385 2891 3483 2946 καὶ
3509 2889 3587 2960 τῷ
3621 2889 3776 2960 βασι-

2191 2998 2273 3053 λεῖ
2294 2998 2590 3069 ὑπηρετεῖν
2616 2996 2662 3027 ⁷³
2685 3035 2698 3059 ,
2726 2994 2821 3046 καὶ
2841 2993 2936 3045 σὺν
2963 2989 3110 3058 αὐτῷ
3136 2987 3205 3040 τά
3231 2986 3505 3056 ἀνήκοντα
3529 2984 3776 3036 διοικεῖνσ

2195 3089 2431 3161 στοργήν
2467 3088 2577 3158 γάρ
2620 3087 2702 3139 ὅτι
2735 3084 2998 3152 πλείστην
3049 3080 3318 3149 ἐκέκτητο
3369 3076 3508 3148 πρὸς
3552 3075 3718 3128 αὑτὸν
3754 3077 3784 3125 6

502 3181 588 3236 vis
621 3177 831 3233 amoris
876 3183 993 3230 erat
1025 3214 1042 3240 ,
1102 3171 1250 3243 quod
1307 3171 1572 3243 mysticus
1627 3170 1682 3224 in
1731 3168 1989 3224 omnibus
2038 3168 2087 3224 ei

2197 3180 2451 3250 βασιλεὺς
2502 3175 2782 3245 Ῥωμανὸς
2812 3173 2886 3234 ὡς
2916 3172 2973 3224 ἐν
3010 3171 3177 3223 πᾶσιν
3232 3167 3396 3222 αὐτὸν
3448 3164 3784 3238 θεραπεύειν

475 3269 705 3326 blande
757 3273 1152 3323 assentaretur.
1201 3275 1304 3318 nec
1357 3270 1416 3315 ut
1449 3277 1478 3314 a
1515 3275 1573 3316 se
1605 3260 1828 3330 penitus
1869 3251 2088 3330 ablega-

505 3370 592 3417 ret
637 3361 691 3413 in
750 3359 997 3412 aninmm
1061 3354 1321 3409 inducere
1369 3361 1608 3423 poterat.
1661 3351 2090 3406 Accusatorihus

506 3464 690 3510 tamen
737 3454 1116 3520 imperatorem
1162 3447 1506 3516 urgentibus,
1539 3459 1775 3512 veraque
1823 3459 1944 3498 esse
1976 3444 2080 3497 cri-

505 3547 656 3601 mina
690 3543 908 3612 objecta
940 3539 1378 3603 o‘stendentibus,
1413 3537 1505 3593 ille
1536 3551 1650 3592 rem
1688 3543 2086 3606 perscrutatus,

506 3653 632 3693 cum
699 3650 808 3690 non
861 3633 1022 3688 aliter
1076 3647 1135 3688 se
1181 3631 1386 3686 habere
1437 3629 1885 3700 deprehendisset
1921 3643 2086 3697 quam

504 3728 581 3784 illi
610 3725 962 3790 .retulerant,
1011 3722 1337 3794 capiendum
1372 3721 1663 3793 mysticum
1706 3720 1897 3774 statuit
1925 3717 2085 3790 411

506 3834 573 3873 ac
601 3814 1009 3887 quaestionibus
1056 3811 1479 3882 subjiciendum.
1522 3809 1640 3864 Hoc
1685 3809 1776 3864 ille
1813 3809 1907 3864 ubi
1954 3824 2091 3878 prte-

507 3909 704 3973 sensit,
750 3906 878 3977 fuga
925 3922 983 3961 se
1015 3905 1082 3960 ad
1136 3903 1650 3960 Monocastanorum
1693 3901 2089 3956 monasterium

508 3999 777 4067 recipiens
812 3995 886 4050 ibi
947 3991 1202 4048 monachi
1251 3991 1359 4045 ritu
1407 4005 1620 4044 comam
1662 3988 1867 4058 posuit.
1931 3985 2093 4055 Fugit

507 4107 639 4147 vero
677 4099 731 4144 ct
777 4087 1170 4145 Constantinus
1218 4083 1386 4139 Boila:
1427 4082 1594 4147 ﬁlius,
1634 4096 1841 4136 mensae
1891 4079 2093 4151 praefe-

509 4193 653 4247 ctus,
695 4181 906 4238 timens
949 4179 1180 4242 scilicet,
1219 4184 1278 4229 ut
1310 4175 1401 4246 qui
1440 4183 1494 4230 et
1523 4174 1637 4244 ipse
1683 4173 1898 4243 mystici
1941 4186 2094 4244 sym-

510 4282 684 4343 mysta
728 4282 875 4325 esset
912 4267 1146 4338 ejusque
1184 4273 1522 4322 secretorum
1583 4263 1876 4328 conscius;
1928 4261 2093 4330 inque

508 4363 799 4435 Olympum
831 4359 1116 4415 discedens
1164 4356 1496 4412 monachum
1541 4355 1740 4410 induit.
1793 4353 2092 4408 Patricium

509 4458 764 4510 Cosmam
827 4452 894 4506 ad
950 4450 1145 4520 palatii
1196 4446 1541 4518 horologium
1607 4446 1929 4501 verberibus
1964 4446 2093 4500 subo

2196 3272 2517 3340 δυνάμενον,
2555 3267 2651 3321 καὶ
2680 3265 2878 3327 τελέως
2905 3262 3095 3315 τοῦτον
3121 3259 3450 3314 ἀπώσασθαι
3481 3260 3581 3312 οὐκ
3608 3257 3782 3328 ἠϐού-

2197 3366 2338 3418 λετο.
2361 3362 2482 3415 Τῶν
2507 3359 2832 3429 κατηγόρων
2854 3351 2946 3409 οὖν
2971 3355 3410 3423 κατεπειγόντων
3431 3351 3521 3405 τὸν
3553 3347 3786 3421 βασιλέα

2198 3457 2293 3510 καὶ
2326 3455 2470 3522 σαφῆ
2520 3448 2957 3507 ἀποδεικνύντων
2986 3445 3056 3500 τὰ
3098 3445 3582 3517 κατηγορούμενα,
3619 3443 3782 3511 ἐρευο

2197 3551 2364 3616 νήσας
2396 3546 2423 3598 6
2455 3543 2709 3614 βασιλεὺς
2754 3541 2849 3593 καὶ
2883 3539 3056 3609 ἀληθῆ
3093 3538 3267 3591 ταῦτα
3297 3533 3439 3589 εἶναι
3471 3532 3781 3605 ἀναμαθὼν

2198 3637 2422 3708 ἔμελλεν
2469 3633 2653 3687 τοῦτον
2708 3630 2996 3700 κατασχὼν
3056 3627 3356 3692 ἐξετάζειν.
3411 3627 3470 3678 '0
3517 3625 3576 3679 δὲ
3618 3623 3787 3680 τοῦτο

2200 3727 2468 3799 προγνοὺς
2516 3725 2719 3797 χρῆται
2757 3726 2924 3794 φυγῇ,
2958 3721 3049 3775 καὶ
3087 3721 3187 3789 τὴν
3235 3717 3653 3773 Μονοκάστανον
3679 3733 3793 3768 κα-

2197 3821 2453 3878 ταλαὸὼν
2512 3818 2870 3893 ἀποκείρεται
2947 3815 3202 3884 μοναχός.
3268 3810 3518 3878 Πέφευγε
3573 3808 3631 3860 δέ
3684 3809 3793 3863 καὶ

2199 3915 2610 3990 Κωνσταντίνος
2637 3909 2730 3964 τοῦ
2758 3907 2921 3962 Βοῒλα
2943 3907 2972 3959 ὁ
2991 3905 3089 3976 τῆς
3115 3903 3418 3977 τραπέζης,
3450 3901 3653 3964 οἰκεῖος
3682 3900 3789 3954 καὶ

2200 4005 2353 4084 φίλος
2389 4005 2464 4058 ὢν
2501 4003 2673 4074 αύτῷ,
2730 4003 2823 4056 καὶ
2869 4001 2960 4055 τὸν
3017 3998 3307 4069 Ὄλυμπον
3359 3993 3684 4050 καταλαὸὼν
3724 3996 3791 4048 τὸ

2205 4098 2498 4169 μοναχικὺν
2527 4097 2717 4167 σχῆμα
2748 4094 3027 4148 ἐνδύεται·
3066 4092 3327 4146 ἐδεδοίκει
3352 4089 3463 4161 γάρ
3493 4089 3587 4142 καὶ
3617 4087 3786 4150 αὐτὸς

2201 4191 2297 4246 ἅτε
2373 4190 2700 4261 συμμύστης
2759 4187 3024 4255 ὑπάρχων
3071 4182 3168 4237 τοῦ
3225 4172 3492 4253 μυστικοῦ
3541 4179 3788 4232 καὶτῶν

2201 4283 2662 4355 ἀπορῥητοτέρων
2719 4277 2885 4331 αὐτοῦ
2933 4275 3209 4338 κοινωνός.
3262 4275 3365 4328 Τὸν
3397 4274 3452 4326 δὲ
3487 4272 3790 4343 πατρίκιον

2201 4375 2427 4445 Κοσμᾶν
2454 4375 2509 4426 ἐν
2532 4379 2610 4442 τῷ
2638 4369 2916 4440 ὡρολογίῳ
2941 4366 3035 4420 τοῦ
3071 4365 3335 4420 παλατίου
3372 4365 3546 4436 τύψας
3570 4366 3597 4418 ύ
3620 4362 3788 4433 βασιο

2203 4467 2329 4528 λεὶις
2364 4462 2655 4527 διεδέξατο.
2695 4459 3068 4534 Προὸάλλεται
3097 4459 3154 4512 δέ
3197 4457 3320 4512 ἀντὶ
3365 4455 3460 4510 τοῦ
3514 4455 3792 4527 μυστικοῦ

510 4555 690 4600 actum
721 4545 1016 4612 imperator
1046 4538 1224 4594 oﬂicio
1256 4538 1445 4592 movit.
1479 4536 1707 4592 Joannis
1732 4537 1942 4608 mystici
1975 4536 2088 4590 loco

2215 4557 2466 4612 Ἰωάννου
2537 4553 2820 4624 Θεοφάνην
2890 4550 3398 4623 πρωτοὸεστιάριον
3463 4547 3792 4620 παραδυνα-

511 4635 877 4708 Theophanes
940 4632 1394 4706 protovestiarius
1441 4631 1744 4698 subadjura
1803 4643 2096 4697 rerumque

511 4730 872 4803 gerendarum
915 4726 1236 4801 imperatori
1292 4725 1512 4796 adjutor
1575 4732 1950 4793 promovetur.
1982 4721 2096 4774 Sub

511 4824 653 4879 idem
712 4830 926 4891 tempus
963 4820 1270 4874 horrendus
1314 4819 1368 4872 in
1413 4815 1810 4870 Thracensium
1863 4813 2099 4868 themate

511 4914 724 4971 exstitit
755 4921 914 4968 terrae
938 4921 1117 4966 motus
1155 4911 1455 4981 ingensque
1485 4921 1547 4960 ac
1571 4907 1868 4972 stupendus
1893 4905 2098 4971 hiatus,

511 5007 586 5060 ita
645 5014 702 5060 ut
740 5006 895 5075 plura
932 5003 1130 5074 prtedia
1193 5011 1248 5056 ct
1304 4999 1574 5075 ecclesiae
1605 5012 1729 5050 cum
1775 4997 2099 5051 hominibus

509 5098 774 5170 voragine
807 5098 1062 5165 absorpta
1116 5096 1247 5150 sint.
1571 5073 1574 5078 ’

584 5187 676 5244 ‘20.
726 5186 849 5242 Maii
897 5185 1100 5240 mensis
1160 5180 1424 5252 vigesima
1479 5181 1735 5250 septima,
1801 5179 2100 5234 indictione

515 5281 709 5350 quinta
736 5279 970 5339 decima.
1022 5275 1259 5347 Symeon
1309 5273 1668 5345 Bulgarorum
1704 5274 1956 5343 princeps
2001 5271 2101 5326 ad-

514 5385 710 5426 versus
737 5367 1046 5425 Chrobatos
1071 5365 1419 5436 expeditione
1441 5377 1715 5435 suscepta,
1737 5373 2101 5432 consertaque

514 5481 637 5521 cum
685 5463 792 5519 illis
842 5477 1045 5533 pugna,
1092 5460 1270 5516 victus
1320 5461 1436 5531 ipse
1468 5474 1600 5529 suas
1643 5474 1836 5514 omnes
1880 5458 2097 5528 penitus

513 5561 701 5628 copias
755 5558 958 5616 amisit.

2205 4649 2492 4704 στεύοντα.
2534 4645 2784 4714 Ἐγένετο
2810 4647 2868 4701 δὲ
2893 4645 2990 4700 καὶ
3037 4642 3342 4717 τηνικαῦτα
3379 4640 3601 4709 σεισμὸς
3627 4639 3796 4708 φοϐέο

2205 4741 2295 4812 ρὸς
2331 4741 2388 4793 ἐν
2413 4739 2492 4810 τῷ
2522 4738 2722 4810 θέματι
2760 4738 2870 4793 τῶν
2902 4736 3251 4814 Θρᾳκησίων,
3297 4733 3392 4787 καὶ
3437 4733 3628 4804 χάσμα-
3681 4732 3791 4801 γῆς

2207 4833 2352 4903 μέγα
2399 4833 2496 4886 καὶ
2541 4829 3010 4902 καταπληκτικὸν,
3061 4827 3203 4881 ὥστε
3253 4824 3424 4878 πολλὰ
3469 4826 3649 4896 χωρία
3691 4822 3790 4877 καὶ

2207 4923 2507 4996 ἐκκλησίας
2533 4922 2867 4994 αὐτάνδρους
2890 4917 3284 4988 καταποθῆναι.

2279 5197 2350 5244 κ’.
2374 5189 2538 5262 Μαΐῳ
2558 5189 2614 5242 δὲ
2639 5189 2791 5261 μηνὶ,
2816 5187 2992 5241 εἰκάδι
3009 5183 3233 5262 ἐϐδόμῃ,
3255 5179 3338 5254 [Ρ.
3365 5178 3495 5250 255]
3519 5176 3796 5231 ἰνδικτιιῖιο

2206 5300 2294 5345 νος
2327 5281 2410 5347 ιε’,
2442 5258 2670 5352 Συμεὼν
2702 5258 2888 5352 άρχων
2923 5258 3265 5347 Βουλγαρίας
3298 5272 3440 5326 κατά
3471 5267 3797 5340 Χρωὸἀτων

2206 5371 2423 5440 ἐκίνησε
2456 5369 2795 5442 στράτευμα,
2820 5369 2914 5422 καὶ
2944 5363 3238 5438 συμϐαλὼν
3275 5359 3394 5432 μετ’
3425 5359 3603 5413 αὐτῶν
3630 5355 3777 5407 πόλε.

2212 5481 2331 5534 μον.
2391 5465 2647 5534 ἡττηθεὶς
2694 5463 2826 5528 τοὺς
2871 5463 2963 5517 ὑπ’
2995 5461 3157 5514 αὐτὸν
3206 5458 3452 5518 ἅπαντας
3484 5450 3652 5524 ἄρδην
3679 5450 3796 5502 ἀπ-

2208 5554 2428 5609 ώλεσεν.

1823 5726 2054 5781 ΥΑΙΗᾹΞ
2098 5727 2499 5786 LEC'I‘IONES.

589 5827 639 5863 ‘"
668 5824 932 5896 Scylitzes
955 5832 1006 5878 et
1033 5824 1313 5880 Cedrenus
1352 5824 1702 5894 προσκυνεῖν.
1740 5819 1989 5876 Combel.
