4136 6418
390 436 494 500 L29

1392 437 1537 505 LIB.
1570 446 1663 506 VI.
1702 470 1769 478 -η
1801 437 2171 506 ROMANUS
2202 451 2665 515 LACAPENUS.

3555 460 3665 525 430‘

465 555 560 604 ια’.
591 548 700 602 Τὸν
726 548 788 602 δὲ
819 548 1053 619 βασιλέα
1084 552 1130 585 ⁷³
1170 553 1452 624 Ῥωμανὸν
1489 557 1745 627 Ἰωάννης
1770 558 1952 628 ἀστρο·

2148 565 2240 621 21.
2287 566 2526 626 Joannes
2581 589 2743 643 porro
2793 588 3141 633 astronomus
3188 578 3495 638 Romanam
3550 586 3662 641 ime

400 643 551 713 νόμος
597 640 951 713 θεασάμενος
998 642 1175 707 οὕτως
1224 644 1520 717 λελάληκεν
1546 664 1561 679 ·
1607 647 1904 715 Δέσποτα,
1934 649 1974 715 ἡ

396 734 581 802 στήλη
611 734 653 801 ἠ
698 734 1002 805 ισταμένη
1040 741 1123 803 εἰς
1167 738 1284 807 τὴν
1329 741 1605 808 καμάραν
1636 739 1837 794 ἐπάνω
1865 740 1975 793 τοῦ

385 828 763 896 Ξηρολόφου,
794 828 894 881 ἐπὶ
927 828 1167 899 δυσμὰς
1209 830 1558 895 βλέπουσα,
1588 832 1697 887 τοῦ
1729 832 1975 903 Συμεών

379 924 512 977 ἐστι
538 939 552 952 ο
589 921 694 977 καί
718 925 770 976 εἰ
800 925 1030 993 ταύτης
1073 926 1190 993 τὴν
1237 927 1520 996 κεφαλὴν
1564 929 1859 999 ἐκκόψῃς,
1895 930 1974 1000 τῇ

372 1014 537 1084 αὑτῇ
569 1015 695 1084 ὥρᾳ
724 1018 759 1069 ό
783 1017 1032 1085 Συμεὼν
1057 1019 1332 1086 τελευτᾷ.
1376 1021 1437 1074 '0
1458 1021 1515 1075 δὲ
1546 1021 1803 1092 βασιλεὺς
1841 1024 1974 1077 Ῥω-

374 1110 554 1179 μανὸς
584 1110 923 1174 ἀποστείλας
945 1115 1013 1183 τῇ
1045 1113 1204 1167 νυκτὶ
1234 1114 1332 1184 τὴν
1360 1116 1607 1188 κεφαλὴν
1634 1117 1737 1187 τῆς
1768 1118 1971 1189 στήλης

372 1199 646 1270 ἐξέκοψεν
676 1216 692 1229 ·
729 1202 826 1255 καὶ
875 1204 1012 1274 αὐτῇ
1044 1207 1109 1274 τῇ
1144 1204 1264 1277 ὥρᾳ
1295 1205 1323 1255 6
1358 1206 1584 1275 Συμεὼν
1617 1210 1698 1272 εἰς
1729 1208 1973 1278 Βουλγα-

373 1290 504 1358 ρίαν
556 1290 941 1363 ἐτελεύτησεν,
990 1293 1147 1366 ἀνοίᾳ
1182 1295 1229 1327 ⁷⁵
1272 1295 1553 1367 συσχεθεὶς
1582 1299 1676 1352 καὶ
1704 1298 1845 1370 νόσῳ
1874 1316 1972 1354 κα-

367 1384 655 1454 τακαρδὶᾳ
706 1384 892 1450 ἁλοὺς,
945 1385 1261 1458 διέφθαρτο,
1319 1388 1605 1461 ἀνομήσας
1647 1390 1735 1445 διὰ
1780 1393 1967 1463 κενῆς,

375 1477 592 1547 Πέτρον
622 1478 744 1531 υἱὸν
772 1478 941 1533 αὐτοῦ
974 1480 1383 1551 προϐαλόμενος
1412 1484 1669 1554 ἄρχοντα,
1700 1484 1761 1537 ὃν
1780 1486 1845 1538 ἐκ
1868 1484 1967 1553 τῆς

375 1568 644 1639 δευτέρας
681 1571 849 1624 αὑτοῦ
887 1574 1143 1639 γυναικὸς
1176 1575 1354 1645 ἔσχεν,
1384 1576 1484 1645 τῆς
1513 1576 1750 1647 ἀδελφῆς
1782 1578 1967 1647 Γεωρ-

376 1666 499 1733 τίου
557 1666 994 1738 Σουρσουϐούλη,
1028 1668 1088 1721 ὃν
1119 1671 1212 1722 καὶ
1261 1672 1560 1742 ἐπίτροπον
1606 1674 1721 1736 τοῖς
1767 1673 1965 1727 ἑαυτοῦ

377 1758 571 1811 παισὶν
600 1761 630 1811 6
660 1758 889 1829 Συμεὼν
938 1761 1352 1817 καταλέλοιπεν.
1408 1765 1629 1834 Μιχαὴλ
1674 1765 1730 1817 δὲ
1776 1767 1870 1820 τὸν
1900 1769 1965 1819 ὲκ

371 1850 476 1918 τῆς
511 1852 788 1922 προτέρας
822 1852 991 1906 αὑτοῦ
1038 1856 1295 1920 γυναικὸς
1332 1855 1626 1925 γενόμενον
1667 1859 1963 1928 ἀπέκειρεν

382 1940 656 2010 μοναχὸν*
700 1942 952 2013 Ἰωάννης
979 1943 1035 1996 δὲ
1068 1945 1164 1997 καὶ
1218 1945 1475 2017 Βενιαμὶν
1506 1950 1553 2001 οἱ
1601 1948 1703 2002 τοῦ
1748 1951 1959 2021 Πέτρου

387 2028 615 2097 αδελιξοὶ
639 2032 715 2083 ἑτι
744 2031 903 2102 στολῇ
940 2034 1274 2104 ἐκοσμοῦντο
1308 2025 1677 2110 Βουλίαρικῇ.

470 2120 579 2190 κβκ
622 2123 700 2174 Τὰ
742 2123 918 2195 κύκλῳ
970 2125 1066 2180 οὖν
1120 2127 1245 2199 ἔθνη
1294 2128 1391 2182 τοῦ
1439 2130 1665 2201 Συμεὼν
1719 2134 1960 2203 μαθόντα

388 2214 669 2282 τελευτὴν,
692 2216 743 2267 οἵ
764 2233 819 2269 τε
844 2218 1140 2288 Χρωϐατοι
1185 2221 1236 2274 οἱ
1283 2220 1518 2292 Τοῦρκοι
1550 2225 1644 2278 καὶ
1680 2228 1727 2280 οἱ
1759 2226 1956 2294 λοιποὶ,

374 2304 766 2372 ἐκστρατεύειν
822 2309 967 2362 κατά
1002 2309 1330 2381 Βουλγάρων
1378 2314 1749 2371 ἐϐουλεύοντο.
1780 2318 1957 2390 Λιμοῦ

366 2397 426 2448 δὲ
451 2398 719 2466 μεγίστου
746 2400 842 2453 σὺν
863 2401 1049 2471 ἀκρίδι
1066 2402 1125 2455 τὸ
1142 2402 1514 2477 Βουλγαρικὸν
1535 2408 1688 2475 ἔθνος
1722 2413 1959 2484 ἰσχυρῶς

370 2490 744 2556 ἑκπιέζοντος,
799 2493 1072 2549 ἐδεδίεσαν
1129 2497 1229 2567 μὲν
1273 2503 1368 2553 καὶ
1409 2502 1517 2555 τῶν
1570 2504 1746 2559 ἄλλων
1785 2507 1957 2561 ἐθνῶν

376 2584 581 2650 ξςοδον,
622 2588 902 2644 ἐδεδίεσαν
935 2591 992 2645 δὲ
1039 2592 1204 2649 πλέον
1235 2597 1329 2649 καὶ
1378 2599 1481 2667 τὴν
1516 2599 1627 2653 τῶν
1664 2600 1955 2672 Ῥωμαίων

374 2678 677 2736 ὲπέλευσιν.
712 2681 922 2753 Βουλῆν
953 2682 1049 2738 οὖν
1080 2688 1443 2758 ποιησάμενοι
1486 2692 1631 2745 κατὰ
1664 2693 1956 2764 Ῥωμαίων

365 2771 799 2842 ὲκστρατεύουσι
838 2774 933 2827 καὶ
964 2777 1025 2829 ἐν
1063 2777 1375 2850 Μακεδονίᾳ
1414 2782 1950 2855 καταλαμϐάνουσιν,

360 2862 556 2931 φόϐον,
574 2863 651 2928 ὡς
664 2865 835 2930 εἰκὸς,
856 2868 968 2930 τοῖς
986 2867 1277 2940 Ῥωμαίοις
1294 2872 1951 2945 ὲμποιήσοντες.·Ἔπειτα

364 2952 638 3023 μαθόντες
662 2957 745 3007 ὅτι
772 2956 957 3025 μέλλει
987 2958 1111 3011 κατ’
1140 2960 1320 3014 αὐτῶν
1343 2963 1372 3015 6
1400 2961 1953 3037 βασιλεῦςῬωμανὸς

360 3045 782 3116 ἐκστρατεύειν,
811 3049 1201 3105 ἀποστέλλουσι
1233 3054 1439 3120 Πέτρος
1468 3073 1528 3109 τε
1559 3058 1655 3111 καὶ
1676 3059 1951 3131 Γεώργιος

357 3136 618 3207 κρυφίως
657 3138 783 3192 τινὰ
817 3139 1050 3211 μοναχὸν
1088 3142 1401 3215 Καλοκῦριν
1426 3146 1849 3219 ὀνομαζόμενον,
1871 3151 1950 3221 τῷ

2078 669 2380 723 peratorem
2445 676 2703 719 moestum
2760 681 2994 722 cernens
3036 671 3115 724 sic
3150 688 3274 726 cum
3311 673 3509 732 affatus
3541 689 3658 733 est:

2078 748 2211 810 Qua:
2245 751 2298 803 in
2338 752 2541 819 fornice
2574 772 2736 825 supra
2781 757 3136 829 Xeroloplmm
3159 802 3173 825 ,
3210 763 3439 831 domine,
3476 778 3660 821 statua

2076 842 2364 894 constituta
2409 855 2508 907 est,
2560 857 2803 915 spectans
2845 851 2914 902 ad
2947 852 3283 919 occidentem,
3314 856 3519 925 signum
3553 858 3661 928 Sg-

2076 934 2272 985 meonis
2302 945 2401 988 est.
2449 936 2626 1007 Ilujus
2666 950 2823 1010 caput
2847 943 2894 995 si
2916 942 3215 1010 abstuleris,
3248 947 3365 1015 ipsa
3396 946 3526 1000 liora
3552 947 3659 1018 Sy-

2074 1041 2226 1079 m-eon
2267 1031 2542 1084 morietur.
2586 1032 2733 1089 Misit
2778 1036 2960 1105 itaque
3011 1037 3329 1107 imperator,
3361 1054 3426 1094 ac
3466 1049 3660 1095 statute

2073 1129 2238 1186 caput
2290 1132 2454 1177 noctu
2505 1125 2757 1194 abstulit;
2798 1131 3097 1201 eademque
3136 1132 3271 1186 hora
3328 1133 3565 1203 Symeon
3601 1134 3656 1188 in

2073 1210 2327 1281 Bulgaria
2362 1213 2527 1286 412
2564 1215 2691 1273 fatis
2742 1223 3020 1288 concedit,
3089 1225 3405 1294 ingentique
3463 1236 3661 1295 captus

2071 1318 2274 1375 angore
2340 1321 2405 1362 ac
2470 1310 2655 1364 cordis
2708 1313 2901 1369 morbo
2953 1316 3252 1385 elanguens
3308 1317 3658 1389 percitusque

2073 1396 2303 1463 interiit,
2341 1400 2550 1457 frustra
2581 1404 2726 1475 leges
2759 1406 2998 1478 juraque
3029 1415 3428 1480 transgretrsus,
3462 1411 3659 1466 relicto

2068 1503 2135 1541 ex
2187 1494 2494 1546 testamenti
2530 1495 2730 1552 tabulis
2775 1499 3085 1571 principatu
3122 1500 3283 1556 Petro
3315 1498 3427 1559 filio
3455 1518 3520 1559 ex
3557 1518 3679 1566 ,εον

2069 1581 2247 1635 cunda
2299 1599 2489 1649 uxore,
2524 1587 2720 1656 Georgi
2774 1589 3093 1647 Sursubulii
3154 1610 3363 1656 sorore,
3397 1576 3679 1665 qucn‘f’er

2068 1671 2370 1731 liberorum
2418 1694 2643 1734 suorum
2699 1691 2932 1739 tutorem
2978 1688 3281 1741 constituit.
3334 1688 3677 1744 Michael‘ema

2066 1779 2129 1818 ex
2163 1769 2341 1831 priore
2369 1771 2602 1843 conjuge
2646 1784 2962 1845 susceptum
3007 1781 3333 1835 monachum
3368 1783 3677 1849 delondit‘;-

2068 1853 2310 1914 Joannes
2358 1876 2485 1916 vero
2512 1872 2566 1918 et
2616 1864 2900 1937 Benjamin
2955 1869 3098 1925 Petri
3135 1871 3330 1930 fratres
3366 1873 3648 1945 Bulgariea

2069 1946 2250 2005 adhuc
2296 1950 2434 2005 stola
2475 1954 2811 2009 ornabantur
2849 1966 3012 2026 atque
3049 1958 3257 2016 habitu.
3642 1964 3649 2007 ἰ

2132 2131 2223 2188 9-2.
2270 2134 2695 2193 Cirwntvicinae
2728 2139 2896 2210 igitur
2927 2150 3138 2211 gentes,
3178 2142 3440 2198 Cbmbali
3478 2143 3681 2200 Tusci»

2063 2237 2128 2278 ac
2174 2225 2392 2296 reliqui,
2428 2228 2619 2283 audita
2663 2230 2950 2303 Symeonis
2985 2244 3164 2290 morte
3203 2234 3468 2302 Bulgaros
3503 2237 3673 2292 bello

2064 2319 2341 2375 incessere
2371 2324 2703 2379 statuebant.
2742 2325 2909 2382 Fame
2939 2342 3070 2383 vero
3115 2329 3471 2400 Bulgarorum
3510 2347 3657 2403 gen-

2063 2417 2169 2464 tem
2222 2427 2345 2467 eum
2387 2414 2725 2471 locustarum
2770 2418 2978 2490 ingenti
3025 2422 3181 2489 copia
3232 2424 3471 2492 graviter
3516 2438 3679 2494 pre:-

2060 2511 2266 2568 mcnte,
2305 2520 2428 2559 cum
2486 2507 2723 2561 aliarum
2762 2509 3006 2578 gentium
3044 2511 3402 2583 irruptionem
3456 2514 3646 2570 formi-

2057 2591 2282 2658 dabant,
2315 2602 2427 2648 tum
2462 2599 2732 2667 praecipue
2772 2598 3145 2661 Romanorum
3194 2602 3247 2656 in
3275 2617 3337 2658 se
3380 2603 3645 2672 impetum

2058 2686 2396 2741 metuebant.
2428 2685 2507 2740 Re
2535 2687 2718 2759 itaque
2750 2691 2803 2744 in
2843 2693 3135 2748 consilium
3161 2697 3644 2753 vocatasadrersus

2056 2773 2335 2830 Romanos
2385 2778 2578 2847 copias
2629 2782 2873 2837 educunt
2919 2799 2985 2839 ac
3028 2783 3398 2841 Macedoniam
3432 2797 3642 2858 petunt,

2055 2866 2159 2921 hoc
2210 2883 2406 2937 nempe
2449 2881 2782 2941 satagentes,
2815 2882 2877 2929 ut
2907 2874 3173 2932 Romanis
3221 2888 3429 2934 metum
3484 2882 3643 2937 incu-

2055 2965 2257 3013 terent.
2307 2961 2508 3015 Audito
2562 2978 2694 3018 vero
2740 2963 3052 3022 Romanum
3104 2969 3487 3039 imperatorem
3544 2975 3645 3031 ad-

2054 3062 2247 3104 versus
2296 3064 2391 3105 eos
2443 3053 2744 3107 exercitum
2787 3046 3001 3124 parare,
3056 3075 3163 3114 una
3218 3060 3414 3117 Petrus
3470 3063 3643 3120 Geor-u-

2053 3138 2283 3209 giusque
2338 3143 2667 3199 monachum
2709 3149 3004 3216 quemdam
3035 3148 3341 3223 Calocyrim
3392 3157 3637 3223 nomine,

356 3230 512 3296 γένει
530 3231 919 3301 Ἀρμενιακὸν,
952 3236 1371 3305 χρυσοϐούλλιον
1415 3241 1583 3311 ὲπιφε
1594 3242 1840 3312 ρόμενον.
1852 3246 1947 3297 Δι-

2057 3243 2252 3298 genere
2275 3231 2619 3304 Armenium,
2654 3252 2877 3293 auream
2905 3240 3109 3297 bullam
3140 3241 3401 3300 ferentem
3426 3251 3641 3304 occqu

354 3322 598 3394 ηγόρευε
618 3323 679 3376 δὲ
700 3325 767 3378 τὰ
784 3326 841 3379 ἐν
861 3326 1009 3397 αὐτῷ
1034 3327 1109 3392 ὡς
1132 3328 1229 3399 τὴν
1251 3331 1391 3401 μετά
1408 3331 1695 3403 Ῥωμαίων
1720 3338 1948 3408 εἰρήνην

354 3416 708 3481 ἀσπάζονται
728 3419 823 3471 καί
847 3420 1117 3492 πρόθυμοι
1143 3422 1346 3493 ταύτην
1368 3425 1659 3482 συνθέσθαι
1683 3430 1844 3495 εἰσὶν,
1883 3431 1946 3483 οὐ

357 3512 522 3580 μόνον
536 3510 620 3576 δὲ,
639 3510 758 3565 ἀλλ’
777 3511 889 3581 εῐγε
907 3512 1209 3583 βούλονται,
1225 3518 1318 3570 καὶ
1342 3519 1580 3589 γαμικὸν
1593 3526 1815 3593 ποιῆσαι
1832 3541 1949 3577 συνεί

358 3603 643 3674 ἀλλαγμα.
674 3605 779 3657 Τὸν
801 3607 1045 3661 τοιοῦτον
1068 3609 1159 3664 οὖν
1188 3613 1423 3681 μοναχὸν
1443 3616 1471 3667 6
1497 3615 1753 3684 βασιλεὺς
1773 3619 1948 3686 ἀσμε-

353 3698 596 3751 νέστατα
611 3698 1043 3769 ἀποδεξάμενος,
1067 3704 1312 3773 παρευθὺ
1337 3706 1656 3761 ἀπέστειλεν
1679 3709 1816 3777 μετά
1832 3709 1948 3780 696-

363 3808 545 3861 μωνος
600 3791 694 3844 τὸν
748 3793 986 3864 μοναχὸν
1047 3795 1327 3851 Θεοδόσιον
1374 3797 1465 3852 τὸν
1534 3799 1801 3871 Ἀϐούκην
1852 3802 1947 3856 καὶ

367 3884 776 3938 Κωνσταντῖνον
827 3884 1110 3955 βασιλικὸν
1161 3886 1424 3959 κληρικὸν
1476 3892 1568 3945 τὸν
1621 3893 1824 3948 Ῥόδιον
1876 3895 1946 3949 τὰ

380 3976 463 4035 εἰς
494 3975 708 4043 εἰρήνην
733 3978 1071 4047 συλλαλῆσαι
1108 3982 1224 4045 τοῖς
1250 3981 1582 4053 Βουλγάροις
1623 3985 1681 4037 ἐν
1709 3986 1944 4056 Μεσημ-

374 4067 529 4140 ϐρίᾳ,
555 4068 613 4120 τὸ
646 4071 761 4139 πρὶν
792 4073 893 4143 μὲν
918 4073 1201 4145 Μενεϐρίᾳ
1228 4074 1565 4148 καλουμένῃ,
1610 4077 1718 4130 ἀπὸ
1764 4079 1942 4133 Μένου

362 4162 585 4234 Θρᾳκὸς
631 4162 723 4215 τοῦ
776 4165 986 4234 ταύτην
1025 4165 1333 4229 οἰκίσαντος
1371 4170 1464 4221 καὶ
1517 4169 1656 4240 Βρίᾳ
1696 4170 1760 4223 τὸ
1793 4171 1943 4243 παρά

352 4272 467 4309 τισι
498 4254 730 4326 Θρᾳκῶν
790 4258 1032 4326 πόλισμα
1086 4259 1418 4328 λεγόμενονλο
1478 4260 1560 4333 [Ρ.
1616 4262 1746 4335 256]
1806 4265 1943 4334 πρὸς

346 4350 407 4403 δὲ
438 4350 501 4402 τὸ
527 4350 969 4422 εὐφραδέστερον
1004 4353 1342 4424 Μεσημϐρία
1388 4355 1736 4425 ὀνομάζεται.
1772 4360 1834 4414 Oi
1885 4360 1942 4413 δὲ

352 4443 802 4513 παραγενόμενοι
824 4445 920 4497 καὶ
943 4445 1011 4497 τὰ
1042 4447 1227 4500 εἰκότα
1255 4446 1694 4519 συλλαλήσαντες
1717 4450 1943 4520 ἐξῆλθον

347 4534 466 4603 ἅμα
513 4533 780 4604 Στεφάνῳ
811 4534 1105 4605 Βουλγάρῳ
1149 4536 1239 4590 διά
1269 4539 1366 4606 τῆς
1413 4538 1584 4610 ξηρᾶς
1613 4557 1627 4572 ο
1667 4544 1759 4595 καὶ
1815 4543 1939 4595 ὄπι-

2054 3323 2301 3379 mittunt.
2341 3324 2512 3382 Bullae
2565 3339 2723 3384 tenor
2770 3332 2861 3389 hic
2902 3344 3043 3400 erat,
3078 3351 3265 3405 pacem
3327 3355 3389 3395 se
3440 3355 3641 3411 cupere

2050 3428 2175 3469 cum
2227 3415 2510 3484 Romanis,
2556 3426 2611 3474 et
2659 3429 2719 3475 ut
2776 3422 2928 3478 illam
2974 3440 3331 3498 componant,
3368 3436 3641 3506 promptis

2049 3508 2249 3562 animis
2306 3523 2467 3577 esse;
2516 3525 2695 3581 neque
2745 3514 2798 3568 id
2850 3516 3035 3583 modo,
3068 3521 3162 3575 sed
3209 3531 3265 3577 et
3323 3526 3638 3594 nuptiarum

2050 3596 2277 3664 foedera,
2306 3599 2436 3655 dum
2490 3601 2598 3657 illis
2639 3604 2918 3672 adlubeat,
2948 3623 3073 3664 cum
3119 3609 3380 3669 Romanis
3411 3630 3471 3670 se
3517 3632 3641 3673 esse

2050 3688 2305 3746 inituros.
2346 3690 2604 3763 Acceptis
2629 3694 2847 3762 litteris,
2875 3714 3184 3771 earumque
3226 3703 3403 3760 latore
3443 3706 3640 3762 buma‘

2049 3782 2277 3839 nissime
2332 3796 2613 3855 suscepto,
2657 3789 2947 3847 confestim
2978 3792 3281 3865 imperator
3304 3796 3469 3869 413
3512 3815 3637 3855 cum

2047 3877 2232 3932 celoce
2282 3877 2649 3936 Theodosium
2704 3884 2948 3941 Abucem
2999 3890 3330 3946 monachum
3389 3902 3445 3946 et
3495 3893 3641 3950 Con-

2049 3969 2356 4024 stantinum
2402 3972 2677 4028 Rhodium
2710 3976 3011 4044 palatinum
3050 3982 3312 4038 clericum
3350 3999 3477 4040 cum
3509 3986 3639 4044 Bul.

2045 4060 2194 4130 garis
2247 4061 2304 4116 in
2333 4062 2666 4121 Mesembria
2716 4069 2783 4122 de
2830 4085 2963 4138 pace
3016 4074 3387 4131 collocuturos
3429 4080 3635 4136 emisit.

2044 4152 2316 4221 Oppidum
2378 4155 2485 4211 hoc
2543 4156 2749 4212 dictum
2795 4160 2927 4215 olim
2984 4161 3341 4232 Menembria,
3389 4183 3420 4222 a
3475 4169 3636 4229 lieno

2044 4242 2162 4297 viro
2196 4245 2431 4301 Thracio
2456 4248 2574 4318 ejus
2604 4250 2910 4317 conditore,
2950 4262 3005 4308 et
3056 4255 3202 4321 Bria,
3241 4258 3357 4327 ejus
3388 4263 3635 4320 nominis

2046 4338 2191 4408 apud
2237 4340 2502 4409 quosdam
2545 4339 2787 4399 Thraces
2833 4346 2991 4411 vico;
3044 4349 3309 4404 mollioris
3344 4367 3473 4408 vero
3508 4369 3633 4423 pro-

2048 4435 2413 4494 nuntiationis
2436 4451 2605 4493 causa
2631 4438 2972 4497 Mesembria:
3018 4459 3217 4499 nomen
3249 4448 3480 4518 accepit.
3509 4448 3632 4515 Quo

2048 4528 2101 4581 in
2124 4528 2399 4599 colloquio
2424 4545 2549 4584 cum
2580 4545 2665 4586 res
2694 4534 2981 4588 commode
3014 4545 3249 4592 tractata
3273 4552 3436 4606 esset,
3468 4542 3634 4612 legati

351 4628 477 4681 σθεν
525 4628 714 4682 αὐτῶν
769 4629 1072 4683 κατέλαϐον
1127 4633 1223 4685 καὶ
1275 4630 1551 4701 Γεώργιος
1598 4635 1626 4686 6
1675 4635 1940 4706 Σουρσου-

2057 4636 2143 4691 per
2169 4624 2540 4678 continentem
2567 4624 2622 4679 in
2654 4628 2844 4682 urbem
2888 4629 3189 4693 redierunt,
3234 4648 3360 4687 cum
3400 4635 3480 4689 eis
3509 4634 3633 4691 Ste-

346 4721 551 4789 ϐοὑλης
580 4722 679 4775 καὶ
702 4714 928 4791 Συμεὼν
952 4726 981 4777 6
1020 4724 1469 4795 Καλουτερκάνος
1505 4726 1599 4778 καὶ
1641 4726 1938 4796 Οὒσαμψος

343 4818 445 4869 καὶ
482 4813 714 4883 Συμεὼν
748 4813 840 4868 τοῦ
874 4815 1118 4886 ἀρχηγοῦ
1164 4817 1504 4887 Βουλγαρίας
1540 4818 1768 4887 ἀδελφὸς
1800 4823 1936 4892 πρὸς

341 4911 615 4975 γυναῖκα.
642 4908 775 4978 πρὸς
798 4909 854 4962 δὲ
876 4910 1085 4970 τούτοις
1102 4911 1130 4961 6
1146 4911 1441 4981 ἀγχιστεὺς
1458 4913 1619 4965 αὐτοῦ
1641 4914 1933 4982 Στέφανος,

343 5002 445 5055 καὶ
488 5000 600 5071 μὴν
627 5003 723 5054 καὶ
753 5002 1056 5069 Μαγοτῖνος
1089 5003 1296 5065 Κρόνος
1354 5020 1415 5055 τε
1450 5003 1544 5056 καὶ
1575 5004 1816 5075 Μηνικὸς
1858 5005 1937 5058 δι-

343 5093 730 5167 εκρατύναντο
759 5093 896 5164 πρὸς
917 5094 1009 5147 τὸν
1034 5095 1244 5149 ἄνακτα
1273 5096 1572 5166 Ῥωμανὸν.
1602 5094 1941 5167 Θεασάμενοι

344 5190 402 5241 δὲ
428 5188 533 5256 τὴν
567 5187 844 5259 θυγατέρα
874 5187 1136 5259 βασιλέως
1165 5188 1544 5259 Χριστοφόρου
1570 5190 1810 5260 Μαρίαν,
1847 5192 1942 5245 καὶ

349 5281 613 5351 μεγάλως
641 5282 729 5333 ἐπ’
775 5282 912 5352 αὐτῇ
949 5279 1294 5346 ἀρεσθέντες,
1325 5281 1573 5351 ἔγραψαν
1623 5282 1701 5354 τῷ
1746 5284 1941 5354 Πέτρῳ

346 5373 443 5425 διὰ
499 5375 703 5442 τάχους
764 5373 1210 5445 παραγενέσθαι,
1272 5372 1543 5444 σύμφωνα
1614 5376 1942 5445 ποιήσαντες

346 5466 623 5535 πρότερον
682 5467 808 5535 περὶ
850 5467 951 5535 τῆς
980 5465 1271 5534 γεγονυίας
1324 5466 1569 5536 εἰρήνης.
1632 5468 1937 5537 ’Λπεστάλη

346 5558 402 5611 δὲ
436 5558 687 5627 Νικῄτας
718 5558 746 5610 6
800 5558 1103 5628 μάγιστρος
1151 5560 1181 5612 6
1225 5558 1600 5629 συμπένθερος
1657 5558 1937 5631 Ῥωμανοῦ

347 5649 627 5719 βασιλέως
675 5649 988 5719 ὑπαντῆσαι
1014 5650 1111 5704 καὶ
1140 5650 1367 5719 ἀγαγεῖν
1402 5648 1607 5720 Πέτρον
1649 5650 1813 5721 μέχρι
1837 5652 1938 5721 τῆς

346 5742 585 5803 πόλεως.
615 5740 722 5795 Τοῦ
748 5742 1063 5813 ὼυλγάρου
1112 5742 1206 5796 οὖν
1255 5741 1462 5812 Πέτρου
1513 5741 1935 5804 καταλαϐόντος,

2046 4716 2259 4784 phanus
2296 4716 2561 4787 Bulgarus
2612 4734 2796 4775 comes
2836 4730 3000 4776 esset.
3035 4721 3165 4779 Post
3206 4725 3308 4780 bos
3351 4726 3629 4783 subsecuti

2048 4810 2312 4880 Georgius
2360 4808 2698 4865 Sursubulus
2748 4821 2804 4865 et
2851 4811 3083 4883 Sytneon
3131 4815 3524 4875 Calutercanus
3576 4831 3631 4875 et

2050 4906 2374 4974 l’sampsus,
2428 4903 2667 4976 Symeon
2719 4907 2849 4962 item
2899 4910 3126 4965 alterius
3168 4911 3315 4965 illius
3362 4911 3629 4983 Bulgaria!

2046 4999 2311 5068 principis
2372 5015 2439 5054 ex
2480 5015 2653 5055 uxore
2712 5002 2897 5056 Frater.
2950 5004 3031 5057 Ad
3091 5004 3206 5059 hinc
3244 5005 3392 5060 illius
3454 5006 3631 5060 amnis

2054 5091 2385 5161 Stephanus,
2439 5091 2743 5163 Magotinus
2786 5110 3005 5164 quoque
3034 5104 3089 5149 et
3121 5096 3334 5151 Crnnus
3357 5106 3412 5152 et
3460 5097 3632 5152 Meni-

2047 5198 2169 5244 cus,
2224 5181 2370 5237 Petri
2414 5183 2482 5237 ad
2525 5183 2831 5239 Romanum
2880 5186 3261 5256 imperatorem
3303 5188 3627 5258 legationem

2049 5278 2341 5335 fulserunt.
2388 5277 2801 5347 Conspectaque
2852 5280 3228 5350 ChristOphori
3282 5283 3631 5352 imperatoris

2046 5371 2154 5425 lilia
2204 5369 2393 5431 Maria,
2426 5384 2489 5425 ac
2517 5370 2637 5438 ejus
2668 5371 2959 5439 plurimum
2986 5375 3163 5442 specie
3191 5376 3443 5436 recreati.
3477 5374 3631 5431 ictis.
3666 5402 3669 5405 ·

2048 5480 2158 5534 que
2200 5464 2355 5533 prius
2387 5465 2536 5530 pacis
2593 5463 2914 5529 foederibus,
2949 5467 3133 5520 missis
3172 5467 3369 5523 litteris
3402 5466 3627 5523 Petrum

2048 5558 2167 5611 sine
2218 5571 2370 5611 niora
2426 5557 2614 5610 venire
2647 5559 2954 5624 jusserunt.
3001 5558 3197 5614 Missus
3237 5575 3364 5615 vero
3410 5561 3625 5615 obviam

2046 5649 2267 5704 Nicetas
2301 5651 2562 5721 magister
2605 5650 2831 5706 Romani
2866 5652 3212 5722 imperatoris
3248 5655 3442 5721 amnis,
3471 5670 3629 5711 enm~

2045 5760 2150 5814 quc
2192 5744 2246 5796 in
2302 5745 2492 5797 urbem
2544 5743 2891 5800 inducturus.
2948 5746 3085 5801 Cum
3152 5749 3335 5820 itaque
3386 5752 3669 5805 venisset»

1662 5838 1897 5893 VARle
1929 5837 2336 5895 LECTiONES.

456 5932 507 5964 ⁷⁵
528 5931 685 5989 deest
719 5931 978 5997 ἀλύοντα,
1007 5941 1065 5987 ιιι
1098 5934 1266 6000 infra,
1299 5933 1383 5987 vel
1417 5937 1548 6005 quid
1574 5936 1775 5993 simile.
1804 5934 2054 5993 Combcf.
2132 5938 2177 5999 Z’
2205 5935 2332 6002 ἀνίᾳ
2357 5951 2415 5987 τε
2434 5951 2629 6006 margo
2664 5936 2908 5991 Combel‘.
