4136 6426
447 430 550 494 ι35

1504 432 2016 493 ΤΙΙΕΟΙἪᾹΝΕΒ
2058 435 2618 497 CONTINUATUS.

3634 437 3745 503 436

449 537 776 603 subicerent.
820 536 993 591 Porro
1042 536 1325 593 Romanus
1353 546 1559 594 tantam
1599 542 1746 594 illam
1777 543 1883 593 vim
1911 539 2039 593 mali

2165 544 2464 612 ,κκομίζειν
2490 545 2617 608 τοὺς
2647 543 2972 608 τεθνεῶτας.
3029 547 3088 598 ’0
3130 544 3190 598 δέ
3232 545 3486 616 βασιλεὺς
3521 544 3745 613 Ῥωμα-

449 629 824 692 considerans,
851 644 950 698 pro
982 629 1216 700 benigna
1249 646 1349 686 sua
1378 640 1675 703 teneraque
1718 633 1770 685 in
1807 634 2043 687 miseros

449 725 659 790 tndole,
707 723 1129 778 convenientem
1163 724 1242 779 eis
1284 741 1473 780 curam
1519 726 1773 780 adhibuit
1820 727 2043 781 sedulo-

449 833 558 885 que
616 816 920 885 prospexit,
974 816 1124 885 larga
1181 817 1658 887 clcemosynarum
1725 820 2045 888 przebitione

451 909 616 965 famis
657 909 1009 979 indigentiam
1031 909 1237 963 solans.
1275 910 1592 965 Porticuum
1618 926 1836 980 quoque
1869 912 2043 978 spatia

453 1002 714 1057 fenestris
747 1017 810 1056 ac
851 1002 1112 1056 tabulatis
1160 1003 1461 1067 obstruxit,
1503 1018 1568 1056 ne
1595 1019 1688 1072 per
1725 1019 1784 1055 ea
1820 1006 1911 1056 nix
1947 1003 2045 1057 fri-

454 1110 670 1165 gusque
707 1096 761 1149 in
800 1110 1071 1163 pauperes
1098 1093 1267 1165 5.13
1301 1105 1703 1164 grassarentur.
1736 1096 1872 1149 Tum
1905 1111 2045 1164 quo-

457 1202 566 1256 que
603 1203 698 1242 eas
741 1202 879 1255 quas
920 1186 1135 1241 arculas
1170 1198 1366 1239 vocant
1397 1186 1450 1240 in
1481 1191 1696 1242 cunctis
1746 1188 2047 1257 porticibus

458 1279 802 1343 construxit;
837 1293 1235 1347 nummumque
1262 1289 1580 1348 argenteum
1601 1278 1912 1347 jacentibus
1937 1280 2048 1334 illic

460 1372 648 1442 egenis
693 1380 829 1440 quot
876 1371 1164 1425 mensibus
1194 1372 1407 1438 erogari
1447 1372 1722 1440 pra-cepit.
1768 1380 2045 1425 menstrua

467 1477 690 1533 quoque
752 1462 988 1516 trimisia
1044 1478 1139 1531 per
1185 1461 1449 1516 ecclesias
1494 1462 1827 1531 pauperibus
1886 1462 2052 1531 jussit

461 1556 742 1621 distribui,
799 1555 938 1609 adeo
983 1564 1042 1609 ut
1094 1573 1216 1625 quae
1264 1572 1357 1621 per
1417 1557 1633 1610 arculas
1686 1570 1739 1611 et
1788 1557 2051 1611 ecclesias

463 1649 836 1719 erogabantur
866 1649 1077 1719 argenti
1125 1649 1243 1703 cusi
1272 1649 1628 1715 numismata,
1659 1648 1727 1704 ad
1762 1649 2049 1704 duodecim

461 1742 635 1796 millia
671 1752 1112 1796 numerarentur.
1139 1740 1329 1811 Neque
1364 1743 1480 1798 haec
1518 1743 1696 1797 solum
1737 1743 2053 1797 misericor-

464 1834 553 1889 dia
580 1848 788 1905 pronus
817 1835 936 1898 eius
959 1834 1176 1888 animus
1204 1850 1622 1904 pauperumque
1654 1834 1900 1890 liberalis
1924 1850 2048 1905 pro—

2142 636 2242 700 -νδς
2289 641 2389 707 τὴν
2444 638 2719 707 ἀφόρητον
2765 639 2982 707 ἐκείνην
3026 638 3146 707 βίαν
3189 641 3536 708 κατανοήσας
3581 638 3746 703 ἀξίαν

2140 730 2251 799 τῆς
2282 729 2477 783 ἑαυτοῦ
2517 730 2841 801 συμπαθοῦς
2866 732 2972 783 -καὶ
3001 732 3295 801 ἐλεήμονος
3343 732 3561 797 φύσεως
3609 732 3751 801 πρό-

2151 842 2301 877 νοιαν
2354 826 2671 894 ἐποιήσατο,
2734 824 2817 895 [Ρ.
2871 824 3001 894 259]
3068 825 3291 887 πολλαῖς
3349 824 3751 894 ἐλεημοσύναις

2151 919 2252 986 τὴν
2283 918 2345 969 ἐκ
2374 916 2470 969 τοῦ
2516 917 2676 987 λιμοῦ
2741 916 3283 988 παραμυθησάμενος
3326 915 3535 968 ἔνδειαν
3563 931 3576 943 ·
3645 915 3749 966 ἁν-

2154 1008 2393 1080 έφραξέν
2415 1027 2474 1061 τε
2506 1009 2689 1078 θυρίσι
2723 1011 2820 1063 καὶ
2852 1009 3190 1079 σανιδὼμασι
3217 1009 3315 1071 τὰς
3332 1009 3441 1060 τῶν
3497 1006 3753 1076 ἐμὸόλων

2158 1102 2336 1165 στοὰς,
2367 1101 2444 1165 ὡς
2475 1103 2548 1173 μὴ
2572 1105 2669 1171 τὴν
2695 1104 2851 1172 χιόνα
2878 1103 2972 1156 καὶ
2999 1103 3063 1154 τὸ
3102 1102 3272 1172 ψῦχος
3328 1102 3540 1155 ἐκεῖθεν
3566 1102 3747 1153 ἐπεισ-

2159 1195 2296 1247 ιέναι
2325 1198 2438 1256 τοῖς
2468 1195 2685 1262 πένησι.
2726 1195 2859 1247 Τότε
2887 1195 2981 1247 καὶ
3006 1194 3102 1255 τὰς
3127 1193 3427 1263 λεγομένας
3455 1192 3664 1263 ἄρκλας
3691 1192 3749 1244 ἐν

2148 1288 2293 1339 πᾶσι
2326 1286 2704 1339 κατεσκεύασε
2742 1288 2858 1347 τοῖς
2906 1287 3181 1356 ἐμϐόλοις,
3236 1285 3476 1357 ἀργύριά
3513 1302 3572 1337 τε
3603 1283 3752 1337 κατὰ

2150 1382 2307 1451 μῆνα
2340 1383 2458 1442 τοῖς
2495 1381 2553 1433 ἐν
2582 1381 2812 1444 ταύταις
2833 1382 3260 1450 κατακειμένοις
3285 1379 3480 1450 πένησι
3508 1377 3749 1432 δίδοσθαι

2156 1473 2438 1538 διετάξατο
2490 1474 2583 1526 καὶ
2623 1474 2692 1528 τὰ
2754 1476 2979 1542 μηνιαῖα
3016 1473 3268 1543 τριμίσια
3298 1472 3355 1524 ἐν
3392 1473 3514 1533 ταῖς
3548 1472 3753 1540 ἐκκλη-

2159 1564 2306 1627 σίαις
2346 1569 2460 1627 τοῖς
2502 1565 2700 1635 πένησι
2763 1566 3139 1636 διανέμεσθαι,
3190 1565 3265 1627 ὡς
3318 1559 3458 1616 εἶναι
3508 1564 3579 1615 τά
3611 1562 3756 1615 διδό-

2164 1674 2303 1727 μενα
2334 1660 2447 1719 τοῖς
2480 1674 2539 1709 τε
2596 1658 2653 1709 ἐν
2700 1660 2821 1720 ταῖς
2872 1658 3101 1729 ἄρκλαις
3131 1659 3368 1726 πτωχοῖς
3401 1656 3497 1707 καὶ
3546 1657 3661 1716 τοῖς
3695 1658 3755 1706 ἐν

2157 1751 2282 1811 ταῖς
2312 1747 2634 1816 ἐκκλησίαις
2688 1749 2932 1819 ἀργύρου
2964 1746 3453 1818 ἐγκεχαραγμένου
3505 1746 3756 1816 χιλιάδας

2160 1838 2391 1895 δώδεκα.
2457 1841 2533 1893 Οὐ
2595 1841 2756 1910 μόνον
2808 1841 2864 1893 δέ
2925 1841 3100 1894 ταῦτα
3154 1843 3187 1911 ἡ
3252 1839 3545 1911 συμπαθής
3581 1836 3755 1892 αὑτοῦ

466 1925 615 1980 visor
645 1925 749 1980 sibi
785 1926 904 1995 ipse
937 1927 1251 1985 constituit.
1282 1927 1374 1980 sed
1412 1927 1628 1980 abunde
1654 1937 1764 1981 tres
1805 1927 2050 1995 quotidie

2165 1932 2300 2002 ψυχὴ
2341 1931 2683 1986 διετύπωσεν
2710 1932 2820 1986 τῶν
2857 1934 3106 2003 πενήτων
3158 1933 3557 2005 προνοουμένη,
3610 1930 3755 1984 ἀλλὰ

468 2032 739 2087 pauperes
768 2033 956 2073 secum
992 2018 1280 2073 comedere
1322 2019 1516 2083 voluit,
1567 2020 1768 2088 quibus
1821 2020 2053 2089 singulis

466 2109 827 2181 eleemosynae
860 2110 1025 2165 titulo
1053 2126 1313 2165 nummus
1344 2110 1584 2166 cederet.
1625 2110 1829 2178 Quarta
1864 2121 2047 2167 autem

470 2194 605 2254 feria
659 2216 727 2256 ac
758 2216 1053 2270 parasceve
1092 2211 1203 2256 tres
1242 2218 1445 2271 egenos
1499 2203 1803 2257 monachos
1854 2217 2057 2257 mensae

471 2291 655 2347 socios
679 2293 997 2356 adhibebat,
1039 2294 1240 2362 quibus
1268 2294 1498 2362 singulis
1516 2295 1877 2349 constitutum
1896 2310 2058 2348 num-

474 2399 627 2439 mum
661 2387 942 2454 erogabat.
981 2386 1248 2455 Quodque
1289 2386 1342 2439 in
1377 2387 1732 2441 monasteriis
1776 2387 2056 2442 observari

478 2476 640 2541 solet,
689 2484 749 2530 ut
780 2477 924 2530 imer
971 2477 1370 2531 comedendum
1410 2476 1574 2531 lectio
1616 2477 1902 2542 habeatur,
1953 2476 2059 2530 hoc

477 2566 571 2622 ille
604 2566 923 2637 praestabat,
961 2567 1065 2622 sibi
1090 2567 1207 2637 ipse
1254 2583 1321 2621 ac
1369 2568 1617 2622 convivis
1659 2568 1930 2635 duplicem
1966 2583 2063 2638 ap-

475 2675 690 2731 ponens
724 2676 992 2725 mensam,
1028 2674 1087 2715 ut
1130 2672 1243 2715 tum
1274 2677 1476 2731 corpus
1511 2670 1776 2717 consueto
1808 2661 1931 2717 cibo
1953 2662 2062 2717 ale-

483 2759 658 2816 retur,
700 2760 813 2806 tum
840 2752 1023 2806 anima
1065 2752 1450 2808 doctrinarum
1480 2754 1768 2823 voluptate
1817 2754 2060 2809 oblecta-

482 2854 651 2900 retur.
691 2845 905 2911 Quibus
936 2846 1028 2901 ille
1088 2846 1384 2918 diligenter
1437 2848 1726 2902 attendens
1789 2847 2057 2913 animum,

478 2937 954 3007 compungebatur
992 2952 1058 2993 ac
1096 2937 1463 3004 lacrvmarum
1504 2937 1653 3008 large
1677 2935 1857 2993 fontes
1902 2938 2064 2995 emit-

482 3030 653 3084 lebat.
718 3029 852 3100 Ejus
920 3044 1054 3084 vero
1119 3029 1278 3085 ﬁdem
1333 3044 1463 3099 erga
1526 3027 1851 3095 monachos,
1922 3044 2063 3100 quos

479 3119 781 3191 praesertim
840 3120 1105 3175 sanctitas
1152 3129 1208 3174 et
1252 3119 1444 3189 religio
1497 3118 1678 3173 claros
1729 3117 2061 3184 reddiderat,

478 3220 688 3282 quanta
719 3210 908 3279 fuerit,
939 3212 1066 3283 quis
1100 3211 1276 3282 possit
1319 3211 1619 3266 enarrare?
1658 3211 1860 3265 Eorum
1901 3226 2062 3265 nemo

478 3306 533 3361 in
580 3315 939 3374 conspectum
997 3304 1270 3371 veniebat,
1324 3304 1553 3359 sedulus
1599 3303 1823 3358 virtutis
1861 3304 2059 3369 cultor,

479 3396 572 3451 cui
600 3405 759 3449 actus
791 3410 925 3451 suos
947 3411 1073 3451 cum
1108 3394 1296 3450 multis
1325 3394 1585 3464 lacrymis
1606 3410 1716 3449 non
1744 3407 2061 3465 exponeret.

480 3488 623 3545 Cum
663 3495 847 3543 autem
916 3488 1023 3542 [ide
1063 3487 1455 3543 devotissimus
1501 3501 1568 3542 ac
1623 3503 1837 3543 summe
1875 3487 2064 3543 ortho-

480 3580 662 3634 dosus
687 3588 854 3646 esset,
888 3579 1042 3634 urbis
1074 3592 1269 3634 omnes
1289 3578 1549 3635 ecclesias
1597 3578 1937 3650 samptuosis
1963 3594 2066 3632 au-

480 3669 600 3726 laeis
655 3682 1055 3739 cereoruntque
1106 3677 1160 3723 et
1211 3668 1525 3739 lampadum
1590 3669 1745 3739 cepia
1806 3669 2067 3739 prmelare

484 3763 794 3819 exornavit.
858 3762 963 3818 Sed
1014 3770 1073 3818 et
1125 3763 1416 3818 monachis
1477 3765 1530 3816 in
1583 3763 1889 3827 montibus,
1951 3772 2064 3815 tum

484 3870 680 3926 nempe
712 3854 945 3926 Olympo
969 3863 1084 3910 tum
1118 3854 1349 3926 Cymina
1373 3865 1426 3910 et
1452 3872 1613 3926 quem
1652 3864 1852 3910 vocant
1895 3854 2067 3927 419

486 3947 696 4003 Petram
720 3948 957 4002 Auream
987 3958 1039 4003 et
1070 3948 1383 4015 Barachaeo,
1418 3965 1699 4019 nunquam
1727 3949 1935 4004 destitit
1968 3964 2067 4002 an-

485 4056 592 4096 nua
624 4040 895 4111 stipendia
935 4041 1157 4095 mittere
1189 4056 1494 4111 eorumque
1521 4057 1611 4096 res
1657 4055 1856 4096 curare
1890 4056 1955 4095 ac
1984 4041 2065 4096 eis

482 4133 793 4203 providere,
824 4133 1028 4202 quique
1059 4133 1200 4188 inter
1241 4132 1367 4188 illos
1396 4132 1632 4188 actionis
1662 4133 1810 4187 cultu
1843 4146 1908 4187 ac
1934 4146 2069 4186 con-

488 4223 859 4294 templationis
920 4224 1251 4293 spectabiles
1304 4234 1517 4287 essent,
1573 4224 1638 4278 ad
1686 4239 1744 4279 se
1785 4238 2068 4279 accersere

482 4332 786 4388 eorumque
808 4332 1031 4386 precum
1065 4316 1324 4383 suﬂ‘ragia
1352 4316 1650 4386 percipere.
1675 4314 1787 4371 Nec
1804 4317 1855 4370 id
1880 4317 2069 4378 modo,

484 4408 577 4465 sed
610 4418 665 4467 et
692 4409 946 4478 religiosa
974 4406 1375 4465 exercitatione
1400 4407 1645 4473 inclusis,
1672 4417 1725 4463 et
1758 4409 1854 4478 qui
1885 4422 1945 4463 se
1975 4422 2071 4462 an-

483 4499 823 4573 gustissimis
878 4499 1174 4569 tuguriolis
1230 4499 1377 4555 velut
1423 4515 1645 4555 carcere
1703 4501 2067 4563 abdidissent,

2155 2024 2249 2078 ml.
2291 2023 2415 2077 καθ’
2466 2024 2681 2095 ἡμέραν
2730 2026 2881 2097 αὐτῷ
2934 2028 3085 2097 τρεῖς
3143 2025 3448 2080 συνεσθίειν
3509 2024 3758 2094 πένητας

2155 2116 2459 2182 διετάξατο,
2488 2117 2538 2170 οἳ
2569 2117 2673 2171 ἀνά
2702 2118 2760 2171 ἓν
2792 2118 3100 2189 ἐλάμϐανον
3125 2117 3393 2189 νδμισμαὶ
3428 2117 3660 2187 Τετράδι
3695 2117 3757 2169 δὲ

2158 2210 2255 2262 καὶ
2286 2212 2614 2280 παρασκευῇ
2645 2212 2796 2279 τρεῖς
2836 2211 3071 2280 πένητες
3127 2209 3355 2281 μοναχοὶ
3398 2208 3575 2280 τούτῳ
3621 2226 3757 2262 συν-

2159 2299 2372 2371 ήσθιον,
2411 2301 2475 2353 τὸ
2512 2302 2899 2372 τετυπωμένον
2955 2303 3176 2356 ἔκαστοι
3234 2300 3607 2371 λαμϐάνοντες
3661 2303 3759 2355 νδ-

2163 2408 2363 2462 μισμα.
2403 2392 2587 2463 Ὅπερ
2616 2392 2672 2444 δέ
2709 2394 2766 2444 ἐν
2812 2396 2925 2456 τοῖς
2977 2391 3364 2464 μοναστηρίοις
3416 2392 3606 2447 εἴωθεν
3664 2394 3757 2461 γί-

2160 2483 2350 2538 νεσθαι
2409 2484 2467 2537 ἐν
2519 2485 2595 2554 τῷ
2663 2485 2842 2555 καιρῷ
2904 2487 3009 2539 ἀνὰ
3057 2488 3156 2556 τῆς
3222 2485 3539 2548 ἑστιάσεως,
3592 2485 3761 2538 τοῦτο

2162 2577 2327 2641 αὐτὸς
2361 2578 2559 2643 ἐποίει,
2592 2578 2788 2647 διπλῆν
2823 2578 3000 2648 ἐαυτῷ
3035 2579 3129 2631 καὶ
3170 2581 3283 2641 τοῖς
3319 2578 3608 2648 δαιτυμόσι
3653 2579 3759 2651 τὴν

2161 2668 2443 2739 τράπεζαν
2474 2669 2821 2740 παρατιθεὶς,
2858 2669 2998 2723 ὥστε
3036 2670 3095 2722 τὸ
3131 2670 3229 2741 μὲν
3261 2670 3420 2740 σῶμα
3452 2670 3755 2740 τρέφεσθαι

2160 2765 2227 2833 τῇ
2265 2762 2484 2832 συνήθει
2506 2765 2705 2835 τροφῇ,
2733 2766 2798 2832 τῇ
2822 2764 2879 2815 δὲ
2906 2763 3053 2834 ψυχῇ
3086 2763 3413 2833 καταλλήλῳ
3435 2762 3545 2815 τῶν
3575 2760 3751 2829 λόγων

2164 2856 2513 2927 ἐπεντρυφᾷν
2548 2856 2735 2927 ἡδονῇ,
2765 2850 2847 2919 οἷς
2876 2858 3082 2920 ἐκεῖνος
3138 2854 3414 2926 ἐπιμελῶς
3468 2855 3746 2925 προσέχων

2163 2948 2255 3001 τὸν
2298 2945 2423 3001 νοῦν
2469 2948 2771 3001 κατένυσσε
2805 2948 2903 3018 τὴν
2939 2949 3118 3019 ψυχὴν
3146 2948 3239 3000 καὶ
3262 2945 3464 3009 πολλὰς
3500 2944 3756 3016 δακρύων

2164 3039 2313 3109 ἠφίει
2372 3040 2577 3109 πηγάς.
2633 3040 2744 3109 Τὴν
2774 3040 2830 3092 δὲ
2883 3041 3065 3092 πίστιν
3111 3041 3243 3110 ὅσην
3300 3039 3565 3109 ἐκέκτητο
3614 3037 3758 3106 πρὸς

2166 3134 2377 3196 πάντας
2439 3132 2540 3203 μὲν
2599 3133 2890 3204 μοιθαχοῦς,
2951 3132 3187 3203 μάλιστα
3216 3131 3272 3184 δέ
3305 3131 3434 3193 τοὺς
3468 3131 3554 3182 ἐπ’
3588 3130 3763 3198 ἁγιω-

2168 3226 2305 3298 σύνῃ
2341 3226 2663 3297 διαϐοήτους
2713 3225 2811 3279 καὶ
2842 3225 3118 3296 εὐλαϐείᾳ,
3150 3225 3231 3287 τίς
3262 3226 3328 3278 ἂν
3391 3224 3759 3292 διηγήσαιτο;

2169 3320 2282 3372 Οὐκ
2311 3318 2574 3371 ἐθεάσατο
2588 3318 2699 3389 γάρ
2724 3335 2853 3371 ποτε
2883 3320 3118 3387 μοναχὸν
3145 3318 3348 3389 ἀρετῆς
3370 3315 3759 3385 ἀντεχόμενον,

2167 3405 2318 3481 ᾧτινι
2345 3412 2444 3476 τὰς
2475 3411 2670 3465 ἑαυτοῦ
2703 3412 2931 3482 πράξεις
2971 3412 3069 3463 σὺν
3112 3412 3325 3474 πολλοῖς
3363 3409 3626 3477 δάκρυσιν
3655 3408 3764 3459 οὐκ

2167 3501 2485 3573 ἐξηγόρευε.
2552 3503 2884 3563 Πιστότατος
2940 3502 2996 3556 δὲ
3051 3501 3126 3555 ὢν
3182 3502 3276 3554 καὶ
3341 3498 3764 3571 δρθοδοξότατος

2167 3598 2345 3658 πάσας
2374 3595 2473 3658 τὰς
2497 3595 2598 3664 τῆς
2644 3596 2851 3658 πόλεως
2896 3596 3190 3666 ἐκκλησίας
3220 3591 3444 3654 πέπλοις
3470 3591 3763 3658 διαφανέσι

2168 3688 2262 3741 καὶ
2324 3689 2712 3756 φωταγωγίαις
2782 3689 3056 3756 λαμπρῶς
3103 3685 3432 3753 κατεκόσμει
3478 3683 3573 3735 καὶ
3623 3697 3768 3734 κατ-

2170 3780 2512 3850 εφαίδρυνεν.
2561 3780 2723 3833 ’Λλλὰ
2758 3781 2854 3834 καὶ
2888 3781 3003 3841 τοῖς
3058 3779 3115 3830 ἐν
3167 3778 3319 3845 δρεσι
3358 3776 3633 3845 μοναχοῖς,
3675 3774 3769 3842 τῷ

2169 3889 2227 3925 τε
2276 3872 2536 3943 Ὀλύμπῳ
2576 3872 2789 3942 καὶτῷ
2817 3872 3033 3942 Κομινᾷ
3066 3870 3160 3923 καὶ
3194 3871 3259 3940 τῇ
3291 3868 3483 3938 Χρυσῇ
3526 3880 3758 3918 κατονο-

2173 3964 2453 4037 μαζομένῃ
2490 3967 2673 4037 Πέτρα
2731 3965 2827 4018 καὶ
2871 3963 2965 4017 τοῦ
3015 3962 3326 4034 Βαραχαίου
3380 3959 3517 4030 ὄρει,
3556 3958 3617 4010 οὗ
3678 3956 3769 4009 δι-

2169 4055 2356 4110 έλιπεν
2384 4058 2619 4126 ἐτησίως
2664 4056 2829 4127 ρόγας
2880 4054 3287 4119 ἐξαποστέλλων
3331 4052 3424 4105 καὶ
3455 4047 3766 4121 φροντίζων

2168 4149 2377 4202 τούτων
2401 4151 2496 4202 καὶ
2523 4150 2945 4220 προνοούμενος,
2983 4147 3076 4201 καὶ
3117 4148 3245 4208 τοὺς
3284 4143 3617 4214 ὀνομαστοὺς
3660 4141 3762 4195 ἐπὶ

2171 4242 2369 4312 πράξει
2424 4241 2519 4293 καὶ
2562 4240 2767 4310 θεωρία
2819 4237 3299 4310 μετακαλούμενος
3339 4236 3414 4299 ὠς
3444 4234 3629 4300 αὑτὸν,
3662 4235 3765 4285 καὶ

2169 4336 2279 4388 τῶν
2311 4334 2486 4404 εὐχῶν
2521 4332 2699 4386 αὐτῶν
2730 4332 2828 4393 τὰς
2863 4329 3117 4398 εὐλογίας
3159 4328 3397 4398 τρυγῶν.
3461 4326 3536 4380 Ού
3595 4324 3766 4396 μόνον

2170 4428 2248 4494 δέ,
2281 4427 2414 4481 ἀλλὰ
2449 4424 2685 4486 καὶτοῖς
2729 4424 2819 4477 διὰ
2845 4422 2978 4476 Θεὸν
3034 4422 3374 4488 ἐγκλείστοις
3420 4422 3513 4475 καὶ
3559 4435 3769 4473 στενω-

2172 4523 2354 4580 τάτοις
2377 4518 2645 4581 οἰκίσκοις
2677 4515 2995 4587 καθείρξασι
3026 4517 3121 4570 καὶ
3150 4517 3285 4570 πᾶσι
3329 4517 3443 4579 τοῖς
3488 4528 3766 4585 μοναστηο

485 4593 729 4662 cunctis;
748 4591 986 4661 denique
1012 4591 1366 4647 monasteriis
1391 4600 1902 4669 statutasannonas
1939 4592 2060 4644 sub-

2180 4614 2314 4685 ρίοις
2347 4611 2447 4674 τὰς
2486 4611 2735 4680 ἐτησίους
2784 4610 2971 4681 ρόγας,
3012 4607 3079 4671 ἃς
3138 4607 3493 4668 διετύπωσεν,
3549 4604 3609 4657 οὐ
3675 4603 3767 4655 δι-

487 4684 809 4741 ministrare
872 4698 1012 4737 non.
1047 4684 1315 4739 cessabat.
1377 4686 1505 4740 Haec
1555 4684 1707 4739 velut
1759 4696 1823 4737 ex
1881 4681 2071 4735 multis

487 4791 695 4849 paucas
762 4776 865 4830 viri
939 4776 1171 4832 virtutes
1237 4778 1728 4849 eleemosynasque
1792 4774 2071 4844 percurri~

486 4882 634 4923 mus.
779 4867 884 4916 r'"““

557 4959 649 5015 28.
683 4958 848 5015 Petro
897 4959 1259 5031 Bulgarorum
1319 4960 1559 5031 principi
1613 4960 1854 5018 Joannes
1900 4961 2073 5017 frater

490 5066 617 5105 cum
648 5050 801 5106 .aliis
860 5049 1148 5121 Symennis
1204 5053 1526 5122 proceribus
1575 5054 1775 5108 struxit
1822 5054 2070 5110 insidias.

489 5144 860 5215 Deprehensis
897 5145 1025 5207 illis,
1057 5144 1303 5200 Joannes
1330 5146 1551 5214 quidem
1582 5146 1769 5218 ﬂagris
1810 5151 2073 5204 emenda-

490 5244 582 5292 tus
603 5237 659 5291 in
689 5252 915 5292 carcere
947 5237 1267 5301 includitur,
1297 5237 1491 5307 reliqui
1533 5240 1749 5295 acerbis
1784 5242 2071 5311 suppliciis

489 5329 706 5385 subacti
740 5338 891 5385 sunt.
931 5328 1139 5383 llorum
1184 5329 1475 5387 Romanus
1519 5331 1825 5402 imperatori
1849 5350 1879 5388 a
1914 5328 2074 5391 Petro

490 5420 691 5476 certior
715 5421 914 5489 factus,
935 5418 1202 5477 Joannem
1231 5424 1565 5479 monachum
1599 5424 1745 5495 (eum
1776 5427 1868 5497 qui
1895 5438 2076 5483 rector

489 5512 819 5583 exstiterat)
878 5513 1071 5577 mittit,
1127 5498 1399 5583 praetextu
1474 5517 1694 5587 quidem
1772 5519 2074 5575 redimendi

491 5607 758 5677 captives,
795 5622 854 5661 re
882 5607 1000 5676 ipsa
1046 5623 1175 5661 vero
1215 5618 1274 5662 ut
1314 5606 1578 5664 Joannem
1605 5620 1823 5680 caperet
1868 5623 1922 5667 et
1970 5611 2075 5683 By-

491 5700 735 5757 zantium
761 5699 1017 5767 duceret;
1061 5701 1208 5771 quod
1235 5711 1288 5756 et
1320 5703 1394 5757 ita
1425 5705 1677 5775 contigit.
1720 5703 1837 5761 Una
1872 5708 2078 5777 quippe

492 5801 620 5843 eum
653 5789 867 5845 Joanne
896 5796 1080 5847 navim
1115 5795 1424 5864 ingressus,
1465 5813 1497 5851 a
1529 5796 1855 5854 Mesembria
1892 5801 1943 5853 in
1981 5816 2072 5853 ur-

498 5886 625 5938 bem
652 5878 870 5937 delatus
892 5891 999 5937 cst.
1036 5882 1146 5940 Nec
1177 5888 1349 5942 multo
1378 5896 1502 5957 post
1537 5888 1784 5963 projecto
1815 5891 2075 5949 monachi

2170 4704 2357 4756 έλιπεν
2387 4700 2753 4771 ἐπιχορηγῶν.
2786 4697 2971 4751 Ταῦτα
3011 4698 3086 4761 ὡς
3130 4698 3196 4750 ἐκ
3224 4694 3437 4748 πολλῶν
3466 4692 3621 4759 ὀλίγα
3652 4690 3775 4743 τῶν

2174 4794 2341 4850 αὐτοῦ
2374 4794 2822 4865 κατορθωμάτων
2855 4793 2948 4845 καὶ
2972 4786 3357 4860 ἐλεημοσυνῶν
3384 4782 3757 4855 διεξήλθομεν.

2186 4998 2193 5004 ’
2246 4973 2332 5047 [Ρ.
2375 4972 2507 5046 260]
2559 4971 2669 5044 κη’.
2704 4971 2896 5041 Πέτρῳ
2951 4971 3008 5022 δέ
3057 4967 3135 5038 τῷ
3175 4963 3472 5034 Βουλγάρῳ
3529 4960 3773 5013 ἐπέθετο

2188 5066 2439 5137 Ἰωάννης
2473 5069 2501 5119 6
2533 5064 2763 5133 ἁδελφὸς
2795 5062 2960 5116 αὑτοῦ
3013 5059 3154 5129 μετὰ
3214 5057 3310 5111 καὶ
3357 5055 3559 5125 ἐτέρων
3602 5068 3771 5123 μεγι-

2176 5160 2388 5214 στάνων
2416 5157 2512 5211 τοῦ
2543 5155 2769 5228 Συμεών
2798 5172 2811 5187 ⁸
2852 5156 2949 5208 καὶ
2997 5151 3360 5223 φωραθέντων
3392 5147 3574 5203 αὐτῶν
3600 5149 3629 5199 6
3661 5147 3770 5215 μὲν

2188 5251 2442 5322 Ἰωάννης
2478 5249 2742 5303 τύπτεται
2796 5248 2891 5301 καὶ
2952 5245 3262 5316 ἐγκλείεται
3314 5241 3553 5312 φυλακῇ,
3609 5239 3662 5291 οἱ
3704 5237 3771 5289 δὲ

2176 5345 2353 5398 λοιποὶ
2382 5343 2679 5413 τιμωρίαις
2714 5341 2773 5394 οὐ
2820 5343 2940 5402 ταῖς
2997 5338 3287 5407 τυχούσαις
3342 5332 3764 5387 ὑποϐάλλονται.

2179 5435 2365 5489 Ταῦτα
2399 5433 2456 5487 δὲ
2488 5431 2622 5504 δῆλα
2650 5433 2858 5502 Πέτρου
2906 5430 3235 5500 ποιήσαντος
3266 5424 3343 5495 τῷ
3377 5423 3587 5495 βασιλεῖ
3628 5422 3768 5472 Ῥω-

2181 5525 2358 5598 μανῴ,
2390 5523 2710 5578 ἀπέστειλεν
2740 5524 2767 5575 6
2795 5521 3051 5593 βασιλεὺς
3083 5521 3176 5573 τὸν
3210 5517 3441 5587 μοναχὸν
3482 5514 3765 5580 Ἰωάννην,

2176 5620 2235 5683 ὃς
2258 5617 2502 5687 ἐγεγόνει
2541 5616 2806 5689 ραίκτωρ,
2851 5615 3124 5686 προφάσει
3176 5613 3275 5682 μὲν
3308 5610 3402 5663 τοῦ
3437 5608 3679 5676 ποιῆσαι,
3702 5605 3767 5655 τδ

2180 5711 2437 5777 ἀλλάγιον
2464 5710 2575 5763 τῶν
2606 5708 2997 5779 κρατουμένων
3021 5703 3407 5774 αἰχμαλώτων,
3438 5702 3503 5770 τῇ
3532 5697 3767 5767 ἀληθείᾳ

2178 5805 2235 5856 δέ
2272 5803 2524 5873 Ἰωάννην
2574 5801 2869 5870 κατασχεῖν
2920 5798 3013 5851 καὶ
3078 5799 3135 5848 ἐν
3192 5789 3764 5849 Κωνσταντινουπάλει

2180 5896 2433 5965 ἀγαγεῖν.
2478 5893 2542 5946 Ὃ
2572 5891 2637 5963 δὴ
2690 5892 2787 5945 καὶ
2848 5890 3114 5961 γέγονεν·
3171 5876 3428 5939 εἰσελθὼν
3483 5884 3591 5952 γὰρ
3650 5881 3768 5950 ἅμα
