4136 6414
487 318 599 380 ω

1507 332 2016 399 THEOPHANES
2042 340 2600 411 CONTINUATUS.

487 449 684 492 versus
735 437 1048 497 Romanum
1091 443 1450 503 rebellionem
1500 453 1734 522 conﬁat;
1781 467 2049 530 castroqu

2183 465 2356 536 γάλην
2415 467 2555 520 κατά
2600 466 2881 537 Ῥωμανοῦ
2925 471 3231 542 άνταρσίαν
3261 477 3420 528 κινεῖ.
3451 477 3560 529 Καὶ
3593 483 3767 549 φρού-

488 539 760 601 occupato
795 535 884 589 cui
911 550 1111 591 nomen
1143 536 1276 595 Lata
1313 538 1494 607 Petra,
1528 548 1818 618 omnisque
1853 553 2071 619 generis

487 621 542 675 in
581 635 648 676 eo
696 637 918 680 annona
955 628 1236 698 reposita,
1274 646 1341 686 ex
1379 632 1465 688 liis
1516 634 1743 692 latebris
1773 656 2070 710 erumpens

487 715 949 776 circumvicinam
983 723 1263 794 regionem
1325 730 1692 798 populabatur
1745 751 1808 789 ac
1859 737 2070 805 praedas

485 808 704 879 agebat.
737 811 918 869 Missis
969 814 1157 886 itaque
1203 817 1506 889 imperator
1539 824 1714 894 copiis
1756 837 1869 880 tum
1913 829 2069 884 illum

485 901 650 972 cepit,
686 914 800 977 tum
832 906 926 976 qui
980 908 1085 963 sub
1125 909 1220 966 illo
1264 915 1569 969 merebant.
1603 916 1890 974 inductum
1940 938 2070 978 vero

483 994 541 1049 in
601 993 794 1052 urbem
840 998 1055 1068 judicio
1111 1003 1337 1071 sistunt,
1387 1007 1551 1076 eique
1605 1011 1672 1064 ad
1733 1015 2069 1082 quaestiones

480 1086 750 1154 adhibito,
775 1100 830 1146 et
865 1099 924 1147 ut
957 1093 1137 1151 socios
1166 1097 1383 1166 prodat,
1413 1100 1604 1172 plagas
1645 1105 1849 1161 multas
1885 1109 2066 1179 impo-

484 1188 637 1234 nunt.
674 1180 768 1237 Ille
810 1185 1014 1240 multos
1067 1203 1383 1256 procerum,
1416 1195 1573 1262 quasi
1617 1197 1720 1251 sibi
1753 1197 1917 1270 422
1969 1201 2068 1256 ad-

481 1270 796 1338 haesissent,
838 1289 933 1342 per
987 1278 1322 1334 calumniam
1358 1282 1554 1338 defert.
1591 1285 1894 1346 Convictus
1937 1308 2066 1348 vero

479 1362 617 1417 nihil
641 1364 753 1419 veri
782 1367 1034 1424 criminis
1061 1370 1168 1426 illis
1189 1373 1454 1446 ol-jiccre,
1477 1378 1543 1433 ad
1562 1377 1896 1438 Amastriani
1919 1385 2065 1442 azdes

480 1451 589 1520 igni
623 1453 949 1526 absumptus
969 1472 1073 1516 est.
1462 1471 1465 1474 ’

545 1543 635 1601 54.
671 1546 844 1615 Quem
869 1565 1000 1608 vero
1028 1553 1304 1628 dicebam,
1332 1561 1682 1646 imperatoris
1711 1567 1857 1648 ﬁlius
1883 1569 2064 1648 Theo-

477 1635 770 1705 phylactus
813 1644 1130 1714 patriarcha
1169 1652 1482 1726 ordinatur,
1513 1641 1800 1718 Februarii
1857 1641 2062 1721 mensis

474 1729 563 1784 die
596 1734 860 1805 secunda,
915 1729 1220 1823 indictiOne
1274 1756 1449 1816 sexta,
1485 1751 1657 1822 patris
1700 1753 1754 1807 in
1806 1757 2062 1831 omnibus

2183 571 2300 626 ριον
2375 556 2668 628 κατασχὼν
2705 558 2732 612 ὃ
2782 560 3018 613 Πλατεὶά
3076 562 3262 632 Πέτρα
3305 568 3768 636 κατονομάζεται,

2179 645 2292 699 πᾶν
2323 640 2465 709 εἶδος
2494 647 2770 718 ἐδωδίμων
2794 653 2851 704 ὲν
2883 651 3060 722 τούτῳ
3091 652 3344 707 ἀπέθετο·
3386 655 3480 724 ἀφ’
3521 652 3582 712 οὗ
3612 659 3766 732 ὲξορ·

2182 737 2302 808 μῶν
2337 737 2617 808 ἐλεηλάτει
2640 740 2735 792 καὶ
2758 742 2886 806 τοὺς
2903 743 2949 774 ⁷⁸
2982 746 3502 818 παρατυγχάνοντας
3538 752 3771 819 προενό-

2179 848 2361 901 μευεν.
2404 833 2759 898 ’Δποστείλας
2801 831 2894 890 οὖν
2917 837 2941 888 ὁ
2965 836 3222 907 βασιλεὺς
3244 837 3369 892 κατ’
3390 840 3557 900 αὐτοῦ
3593 841 3762 895 αὐτόν

2173 939 2233 975 τε
2270 922 2561 979 συνέλαῦεν
2593 927 2686 978 καὶ
2719 927 2847 991 τοὺς
2894 929 2992 982 σὺν
3021 927 3198 1004 αὐτῷ’
3223 922 3283 984 ὃν
3318 934 3414 984 καὶ
3459 933 3770 1000 ἀγαγόντες

2172 1015 2232 1069 ἐν
2252 1017 2318 1087 τῇ
2361 1015 2515 1070 πόλει
2557 1017 2842 1088 ἀνέκρινόν
2864 1037 2925 1073 τε
2966 1022 3062 1087 καὶ
3090 1022 3293 1087 πολλὰς
3317 1023 3532 1096 πληγάς
3579 1027 3768 1080 ἐπετί-

2173 1105 2361 1172 θεσαν,
2394 1105 2488 1160 τοῦ
2520 1109 2648 1172 τοὺς
2682 1110 3057 1174 συστασιώτας
3072 1111 3138 1178 ⁸⁸,
3169 1113 3378 1174 εἴτινες
3397 1109 3526 1196 εἷεν,
3561 1114 3761 1170 εἰπεῖν.

2182 1197 2241 1252 '0
2267 1199 2322 1253 δὲ
2351 1201 2581 1265 πολλοὺς
2615 1202 2724 1256 τῶν
2748 1203 2806 1256 ἐν
2830 1203 2976 1256 τέλει
3030 1205 3392 1274 ἐσυκοφάντει
3433 1204 3648 1274 ψευδῶς
3686 1204 3765 1270 ὡς

2174 1295 2437 1359 συνόντας
2466 1295 2636 1366 αὐτῷ.
2671 1296 2858 1366 Μηδὲν
2893 1297 2948 1349 δὲ
2975 1296 3175 1366 ἀληθὲς
3197 1298 3322 1351 κατ’
3349 1298 3531 1360 αὐτῶν
3574 1296 3764 1367 λέγειν

2169 1388 2510 1462 ἐξελεγχθεὶς
2541 1391 2724 1455 ἐντοῖς
2751 1391 2848 1463 ‘Ap
2860 1391 3152 1464 αστριανοῦ
3180 1391 3350 1464 πυρὸς
3374 1391 3762 1470 παρανάλωμα

2168 1482 2402 1548 γίνεται.

2240 1567 2332 1620 Αδ’.
2373 1568 2777 1639 Χειροτονεῖται
2821 1569 2878 1622 δὲ
2942 1569 3294 1641 πατριάρχης
3336 1572 3364 1624 ό
3420 1571 3611 1652 ῥηθεὶς
3657 1570 3764 1624 τοῦ

2170 1656 2438 1728 βασιλέως
2491 1659 2606 1722 υίὸς
2665 1659 3066 1728 Θεοφύλακτος,
3098 1661 3453 1733 Φεϐρουαρίῳ
3482 1663 3759 1732 μηνὶδευ-

2165 1753 2304 1824 τέρᾳ
2359 1752 2694 1815 ίνδικτιῶνος
2723 1753 2914 1824 ἕκτης,
2942 1752 3035 1806 τοῦ
3083 1752 3339 1824 πατρῴου
3403 1754 3762 1825 φρονήματος

473 1822 692 1881 animos
725 1842 1061 1902 sensumque
1089 1822 1456 1906 praeveniens,
1483 1842 1577 1897 sed
1608 1853 1664 1899 et
1691 1846 1758 1900 ad
1782 1863 1844 1904 ea
1875 1824 1995 1921 quae
2027 1865 2049 1905 a

2167 1822 2521 1914 etei—armavi
2574 1822 2972 1916 ἐξερχόμενος,
3019 1844 3158 1898 ἀλλά
3198 1822 3310 1899 καὶ
3374 1848 3488 1908 τοῖς
3562 1822 3764 1916 πρόσω

473 1909 657 1970 fronte
681 1916 912 1976 virtutes
949 1933 1206 1996 recteque
1229 1926 1396 1994 facta,
1422 1947 1548 1989 cum
1570 1949 1634 1990 ea
1661 1951 1771 2007 qua
1791 1909 2058 2009 praeditus

473 2012 596 2059 erat
649 2009 958 2068 eruditione
1019 2029 1184 2086 atque
1237 2019 1520 2089 doctrina,
1570 2041 1691 2083 sese
1729 2032 2052 2088 extendens.

469 2094 716 2156 Aderant
772 2103 963 2162 vicarii
1024 2108 1258 2168 Romani
1312 2118 1617 2184 antistitis,
1693 2125 1787 2193 qui
1844 2133 2053 2182 tomum

469 2190 790 2260 synodalem
831 2196 899 2251 de
944 2199 1090 2256 illius
1140 2193 1464 2262 tractantem
1503 2190 1852 2270 ordinatione
1891 2216 2055 2272 aﬂ'cr-

468 2290 626 2349 rent;
657 2283 754 2354 qui
788 2287 957 2343 etiam
1001 2289 1058 2344 in
1090 2295 1446 2361 patriarchali
1477 2299 1606 2356 sede
1650 2317 1776 2358 eum
1819 2306 2057 2362 colloca-

468 2379 626 2428 runt.
1859 2379 1861 2381 ’

536 2464 631 2520 35.
661 2466 808 2534 Quin
822 2470 966 2527 dicta
987 2487 1207 2545 quoque
1223 2475 1458 2535 Romani
1483 2481 1830 2554 imperatoris
1850 2493 2051 2562 neptis,

469 2554 642 2614 Ilaria
669 2559 816 2617 Petri
855 2563 1076 2635 Bulgari
1104 2567 1265 2636 tixor,
1305 2571 1448 2627 haud
1488 2591 1616 2632 raro
1649 2579 1702 2633 in
1735 2581 1925 2637 urbem
1955 2601 2052 2644 ve-

466 2651 657 2709 niebat
710 2670 778 2711 ex
837 2655 1096 2730 Bulgaria
1153 2664 1331 2734 patris
1389 2667 1587 2738 avique
1635 2671 2050 2733 invisendorum

465 2758 659 2802 causa.
697 2745 982 2806 Postremo
1012 2762 1195 2808 autem
1248 2757 1397 2812 venit
1444 2768 1558 2817 tres
1600 2777 1787 2820 secum
1843 2767 2052 2825 liberos

465 2837 768 2906 adducens,
799 2857 924 2898 eum
956 2845 1068 2914 jam
1103 2847 1539 2923 Christophorus
1576 2855 1698 2926 ejus
1727 2847 1882 2930 pater
1911 2862 2050 2919 vivis

463 2939 753 3001 exemptus
779 2935 1162 2994 esset.'lilultis
1193 2940 1379 3013 itaque
1413 2944 1502 3000 avi
1535 2950 1912 3007 muniﬁcentia
1950 2954 2051 3010 do-

463 3031 595 3076 nata
619 3021 828 3083 divitiis
857 3027 1161 3106 honoriﬁce
1192 3032 1421 3092 domum.
1447 3054 1666 3104 reversa
1697 3051 1802 3100 est.

531 3203 625 3286 36.
649 3203 936 3267 Romanus
969 3227 1102 3282 vero
1127 3215 1740 3293 imperatorStephano
1767 3227 1878 3284 lilio
1907 3245 2048 3285 uxo-

462 3309 578 3351 rem
612 3295 758 3355 locat
791 3300 1013 3360 Gabalte
1042 3305 1233 3374 tiliam,
1276 3308 1546 3384 Catacylae
1573 3319 1804 3386 neptim,
1832 3323 2047 3380 Annam

460 3386 728 3457 nomine;
759 3406 825 3447 ac
872 3408 1001 3450 cum
1046 3399 1278 3468 nuptiali
1327 3415 1476 3458 serto
1518 3406 1838 3478 Augustalis
1879 3415 2045 3484 etiam

461 3475 542 3533 illi
573 3491 780 3536 corona
816 3481 1076 3554 imposita
1105 3497 1214 3543 est.
1610 3475 1634 3478 _
1717 3491 1721 3496 ’

528 3658 623 3716 37.
664 3659 977 3721 Turcorum
1018 3667 1198 3738 prima
1238 3675 1516 3744 expeditio
1548 3679 1816 3740 adversus
1847 3684 2044 3743 Roma-

466 3767 570 3808 nos
587 3752 819 3826 contigit
842 3770 1030 3815 mense
1055 3760 1250 3830 Aprili,
1271 3765 1568 3825 indictione
1590 3771 1642 3826 7.
1675 3773 1736 3828 lli
1757 3775 1822 3829 ad
1853 3779 2043 3834 urbem

468 3858 646 3915 usque
699 3859 1062 3907 excurrentes
1090 3865 1322 3912 cunctos
1357 3875 1454 3930 per
1498 3861 1795 3921 Thraciam
1847 3871 2042 3930 obvios

461 3937 646 4006 prada
669 3938 989 4012 abcgerunt.
1024 3943 1229 4004 Missus
1263 3949 1450 4023 itaque
1481 3954 1843 4029 Theophanes
1872 3966 2043 4033 patri-

457 4027 580 4086 cius
611 4035 1077 4102 protovestiarius
1118 4039 1286 4114 423
1332 4027 1662 4118 imperiique
1716 4053 2042 4114 administer

454 4135 520 4176 ac
546 4123 804 4196 princeps
837 4137 1087 4199 senatus,
1106 4138 1167 4186 ut
1199 4147 1324 4188 cum
1355 4136 1436 4191 eis
1463 4153 1654 4207 pacem
1683 4157 2041 4214 componeret

455 4213 815 4287 captivosque
835 4219 1122 4289 reciperet.
1143 4222 1316 4279 Porro
1329 4225 1692 4297 Theophanes
1711 4213 2037 4296 admiranda

453 4305 742 4373 prudentia
773 4325 838 4365 ac
877 4313 1175 4383 sagacitate
1227 4317 1336 4373 illis
1380 4335 1516 4376 usus
1547 4337 1614 4377 ex
1668 4335 1794 4382 voto
1835 4342 2033 4388 cuncta

453 4395 708 4464 confecit,
739 4402 1085 4475 multamque
1107 4421 1174 4461 ex
1207 4408 1320 4463 illis
1357 4425 1424 4465 eo
1453 4415 1676 4473 nomine
1712 4418 1930 4481 laudem
1970 4440 2036 4480 ac

2148 2030 2326 2100 -ούσης
2396 2028 2856 2100 ἐλλογιμότητος,
2925 2027 3319 2100 τοποτηρητῶν
3367 2027 3431 2081 ἐκ

2163 1937 2660 2008 παρεκτεινόμενος
2704 1935 3098 2008 κατορθώμασι
3156 1936 3296 2006 μετὰ
3317 1937 3412 1989 καὶ
3439 1935 3540 2006 τῆς
3572 1953 3748 2004 προσ-

3524 2026 3759 2097 Ῥὡμης

2160 2122 2496 2176 ἀνελθόντων
2536 2121 2631 2174 καὶ
2686 2122 2852 2190 τόμον
2889 2120 3171 2174 συνοδικὺν
3207 2121 3596 2192 ἐπιφερόμενοι
3619 2120 3756 2189 περὶ

2160 2217 2258 2288 τῆς
2286 2215 2452 2269 αὐτοῦ
2484 2215 2822 2286 χειροτονίας
2854 2215 3252 2286 διαγορεύοντα
3272 2233 3286 2249 ·
3324 2217 3378 2286 οἳ
3413 2216 3508 2270 καὶ
3548 2231 3756 2287 πατριο

2157 2309 2370 2381 αρχικῷ
2395 2309 2566 2381 θρόνῳ
2589 2308 2776 2362 τοῦτον
2804 2307 3107 2379 ἐνίδρυσαν.

2230 2488 2327 2542 λε’.
2361 2488 2426 2542 Ἡ
2493 2486 2762 2564 εἰρημένη
2817 2487 3082 2558 βασιλέως
3123 2486 3408 2557 Ῥωμανοῦ
3461 2487 3665 2557 ἐγγόνη
3713 2489 3753 2558 ἡ

2155 2577 2378 2648 Μαρία,
2429 2561 2568 2646 γυνῆ
2612 2576 2820 2646 Πέτρου
2875 2577 3188 2646 Βουλγάρου
3218 2622 3231 2641 ,
3287 2577 3550 2641 πολλάκις
3631 2578 3754 2632 ἀπὸ

2157 2668 2499 2737 Βουλγαρίας
2523 2670 2580 2721 ἐν
2599 2671 2666 2738 τῇ
2687 2667 2837 2721 πόλει
2863 2669 3116 2738 εἰσῆλθεν
3149 2669 3242 2722 τοῦ
3265 2669 3356 2723 τὸν
3382 2669 3512 2723 ἴδιον
3531 2670 3750 2742 πατέρα

2157 2761 2387 2816 καὶτὸν
2450 2761 2676 2815 πάππον
2721 2761 2892 2830 αὐτῆς
2955 2759 3052 2832 [Ρ.
3117 2760 3258 2835 262]
3316 2762 3740 2832 ἐπισκέψασθαι.

2155 2853 2480 2907 Τελευταῖον
2535 2853 2591 2905 δέ
2640 2852 2777 2923 μετὰ
2821 2851 3027 2905 παίδων
3088 2853 3339 2922 εἰσῆλθεν
3388 2853 3583 2924 τριῶν,
3639 2852 3742 2925 ήδη

2153 2945 2532 3016 Χριστοφόρου
2595 2943 2690 2997 τοῦ
2773 2944 2982 3015 πατρὸς
3043 2943 3216 3014 αὐτῆς
3286 2943 3740 3015 τελευτήσαντος.

2158 3035 2395 3090 Πλοῦτον
2447 3019 2540 3089 οὖν
2601 3034 2771 3090 πολὺν
2830 3035 2984 3106 παρὰ
3047 3035 3144 3089 τοῦ
3205 3035 3434 3089 πάππου
3492 3034 3742 3088 λαϐοῦσα

2153 3129 2771 3200 ἐντίμωςῗὺπέστρεψεν.
3549 3218 3554 3224 1

2223 3219 2334 3286 λς’.
2403 3221 2686 3290 Ῥ-ωμανδς
2741 3221 2797 3274 δὲ
2840 3224 2866 3274 6
2905 3221 3159 3298 βασιλεὺς
3215 3220 3300 3298 τῷ.
3335 3219 3435 3290 υἱῷ
3479 3219 3748 3290 Στεφάνῳ

2150 3317 2386 3384 γυναῖκα
2406 3313 2649 3384 ἠγάγετο
2679 3295 2958 3386 θυγατέρα
3004 3309 3171 3368 οὖσαν
3198 3312 3290 3366 τοῦ
3319 3313 3556 3378 Γαϐαλᾶ,
3580 3314 3746 3381 ἐγγό-

2151 3425 2248 3478 νην
2298 3407 2356 3460 δὲ
2383 3408 2705 3486 Κατάκυλα,
2739 3409 2942 3487 Ἅνναν
2961 3406 3005 3438 θ’
3028 3407 3221 3477 ὄνομα.
3248 3408 3397 3477 "Apta
3418 3407 3472 3459 δὲ
3503 3404 3579 3477 τῷ
3602 3421 3746 3475 νυμ-

2150 3497 2294 3570 φικῷ
2358 3501 2608 3572 στεφάνῳ
2671 3498 2765 3554 καὶ
2797 3503 2824 3554 6
2862 3500 2961 3570 τῆς
2989 3501 3270 3571 βασιλείας
3306 3499 3442 3570 αὐτῇ
3473 3497 3744 3566 στέφανος

2149 3591 2447 3647 ἐπετίθετο.

2217 3685 2233 3700 ς

2217 3685 2318 3751 λζ’.
2349 3686 2598 3754 Ἐγένετο
2658 3685 2714 3739 δέ
2745 3685 3074 3756 ἐκστρατεία
3103 3685 3292 3754 πρώτη
3333 3684 3441 3736 τῶν
3473 3682 3744 3760 Τοὺρκων

2146 3779 2288 3834 κατὰ
2353 3755 2645 3849 Ῥωμαίων
2716 3755 3049 3838 ἱνδικτιῶνος
3117 3771 3357 3844 ἑϐδόμης
3435 3755 3745 3845 Ἀπριλλίῳ

2149 3873 2280 3945 μηνί
2327 3890 2341 3905 ·
2399 3873 2448 3926 οἶ
2498 3872 2596 3926 καὶ
2654 3867 3103 3938 καταδραμόντες
3155 3867 3317 3973 μέχρι
3379 3863 3743 3973 τῆςκπόλξως

2144 3965 2436 4036 ἐληῒσαντο
2466 3965 2647 4018 πᾶσαν
2691 3957 2963 4044 Θρακῴαν
2985 3959 3187 4031 ψυχήν.
3243 3959 3554 4044 Ἄπεστάλη
3586 3957 3678 4014 οὖν
3705 3961 3739 4013 ὁ

2144 4056 2436 4130 πατρίκιος
2490 4053 2772 4122 Θεοφάνης
2808 4053 2837 4107 6
2891 4051 3396 4137 πρωτοδεστιάριος
3420 4052 3514 4104 καὶ
3545 4066 3738 4119 παρα-

2142 4149 2489 4204 δυναστεύων
2551 4149 2779 4218 ποιῆσαι
2841 4145 3137 4214 ἀλλάγιον·
3177 4143 3237 4206 ὃς
3287 4143 3608 4212 θαυμασίως
3637 4143 3741 4195 καὶ

2143 4242 2382 4305 συνετῶς
2403 4241 2586 4304 αὐτοῖς
2613 4237 2891 4310 μετελθὼν
2918 4227 3130 4308 ὅσαπερ
3164 4235 3418 4289 ἐϐούλετο
3451 4233 3738 4306 κατεπράο

2145 4335 2293 4408 ξατο,
2333 4330 2506 4387 πολλὰ
2536 4332 2671 4404 παρ’
2698 4331 2880 4391 αὐτῶν
2905 4331 2962 4383 ἐν
2995 4333 3064 4400 τῇ
3089 4329 3355 4401 φρονήσει
3421 4327 3514 4418 καὶ
3539 4327 3739 4380 εὐϐου-

2140 4403 2262 4500 λίᾳῖ
2314 4425 2622 4500 ἐπαινεθείς
2697 4441 2759 4477 τε
2839 4421 2932 4476 καὶ
3013 4421 3349 4491 θαυμασθείς
3387 4436 3402 4450 ο
3467 4415 3559 4472 ὅτε
3635 4419 3738 4472 καὶ

450 4487 870 4546 admlrationem
910 4499 1224 4566 reportavit.
1285 4499 1440 4559 Tunc
1486 4521 1706 4579 quoque
1746 4511 2030 4572 Romanus

2155 4487 2615 4587 ξδ’μεγαλόψδχον
2680 4514 2847 4569 αὑτοῦ
2909 4512 3006 4567 καὶ
3071 4487 3454 4582 φιλάνθρωπον
3513 4510 3541 4561 6
3577 4509 3736 4580 βασι-

453 4579 796 4649 imperator,
852 4595 1057 4655 quanta
1108 4591 1508 4660 magniﬁcentia
1565 4611 1632 4654 ac
1685 4601 2029 4661 humanitate

453 4681 762 4741 pratstaret,
784 4679 1044 4746 ostendit,
1083 4681 1249 4746 nullis
1273 4688 1586 4758 sumptibus
1634 4707 1890 4764 parcens,
1934 4713 2032 4753 so-

450 4764 563 4820 lum
598 4775 659 4821 ut
693 4766 1061 4826 liberarentur
1089 4776 1312 4843 captivi.

515 4857 608 4914 58.
645 4857 868 4917 Locavit
903 4865 1070 4920 etiam
1111 4866 1393 4929 Romanus
1426 4873 1725 4946 imperator
1751 4879 2026 4938 Constano

446 4951 562 5007 tino
582 4951 819 5010 ﬁliorum
847 4966 974 5013 natu
1000 4959 1229 5017 minimo
1255 4980 1478 5022 uxorem
1500 4967 1783 5039 Helenam,
1801 4973 2026 5032 Adriani

449 5044 665 5111 patricii
703 5045 868 5102 tiliam
907 5050 1097 5122 stirpis
1128 5053 1488 5114 Armeniacae.
1527 5060 1647 5128 Qua
1677 5072 1732 5117 et
1759 5063 2021 5125 defuncta

445 5139 654 5196 mensis
685 5137 972 5198 Februarii
1016 5145 1106 5202 die
1149 5147 1342 5217 altera,
1374 5153 1602 5208 alteram
1647 5156 1697 5210 ci
1730 5156 2026 5231 Theopha-

443 5243 646 5288 nonem
678 5235 929 5305 nomine,
954 5238 1246 5299 Mamantis
1285 5243 1436 5302 illius
1466 5246 1638 5317 stirpe
1683 5259 1888 5320 satam,
1920 5271 2024 5310 nu-

444 5331 598 5393 ptum
633 5327 819 5385 tradit.
1845 5337 1848 5340 1

511 5501 603 5559 59.
639 5500 846 5570 Quarta
881 5507 1094 5567 decima
1124 5511 1449 5580 indictione,
1479 5519 1685 5594 mensis
1719 5537 1846 5577 vero
1873 5521 2021 5579 Junii

445 5590 759 5665 undecima,
786 5591 952 5657 Russi
986 5602 1254 5660 inStructa
1283 5604 1456 5663 classe
1481 5608 1546 5664 ad
1578 5590 1764 5666 decem
1798 5615 2016 5669 navium

2139 4611 2265 4673 λεὺς
2328 4608 2610 4678 Ῥωμανὸς
2672 4607 3048 4671 ἐπεδείξατο,
3096 4605 3325 4676 μηδενὸς
3390 4604 3732 4674 φεισάμενος

2138 4701 2422 4774 χρήματος
2453 4701 2589 4771 πρδς
2627 4698 2726 4770 τὴν
2757 4699 2866 4753 τῶν
2887 4697 3248 4770 αἰχμαλώτων
3271 4697 3598 4768 ἀνάρρυσιν.

2208 4880 2313 4954 λη’.
2388 4882 2656 4950 Ἠγάγετο
2683 4882 2741 4935 δὲ
2781 4882 3070 4950 γυναῖκαό
3109 4879 3364 4964 βασιλεὺς
3437 4879 3729 4951 Ῥωμανδς

2135 4975 2213 5048 τῷ
2273 4975 2572 5047 τελευταίῳ
2618 4974 3193 5045 υἱῷ-Κωνσταντίνῳ,
3244 4974 3310 5028 ἐκ
3371 4971 3562 5040 γένους
3613 4972 3730 5026 τῶν

2147 5051 2527 5137 Ἀρμενιακῶν
2553 5063 2792 5136 τοΰνομα
2816 5065 3037 5136 Ἑλένην
3060 5065 3152 5118 τοῦ
3179 5064 3474 5136 πατρικίου
3509 5064 3728 5135 Ἀδρια-

2133 5156 2227 5211 νοῦ
2271 5157 2584 5229 θυγατέρα·
2633 5151 2722 5242 ἧς,
2767 5159 2861 5211 καὶ
2913 5157 3319 5228 τελευτησάσης
3371 5154 3728 5232 Φεβρουαρίῳ

2135 5250 2265 5322 μηνὶ
2290 5250 2518 5323 δευτέρᾳ
2545 5252 2744 5320 ἑτέραν
2767 5250 2943 5321 τούτῳ
2980 5248 3299 5328 συνέζευξεν
3337 5250 3573 5318 γυναῖκα
3597 5248 3716 5301 ὀνό-

2138 5319 2270 5413 ματι
2315 5319 2591 5410 Θεοφανὼ,
2645 5319 2722 5395 ἐκ
2758 5319 2952 5412 γένους
2985 5339 3082 5394 τοῦ
3136 5323 3440 5421 Μάμαντος
3505 5339 3715 5396 ἐκείνου

2137 5434 2535 5505 καταγομένην.

2202 5525 2301 5580 λθ’.
2346 5526 2603 5598 ιΔεκάτης
2636 5528 2734 5581 καὶ
2787 5527 3055 5599 τετάρτης
3108 5525 3462 5607 ἰνδικτιῶνος,
3515 5522 3722 5594 Ἰουνίῳ

2128 5619 2183 5672 δὲ
2211 5621 2340 5689 μηνὶ
2392 5619 2676 5692 ἑνδεκάτη,
2701 5619 3085 5674 κατέπλευσαν
3113 5620 3163 5673 oi
3207 5617 3349 5701 Ῥὼς
3381 5617 3524 5700 κατὰ
3555 5616 3719 5671 Κων-

1759 5707 1994 5765 γΑίιιΑζ
2036 5712 2438 5770 LECTIONES.

512 5777 706 5848 κτους
732 5802 840 5841 om.
871 5789 935 5843 Ρ.
1013 5794 1056 5825 ⁸ο
1091 5797 1460 5865 συστασιώτας
1486 5799 1545 5870 Ρ,
1582 5806 1989 5878 συστρατιώτας
2014 5825 2224 5883 margo.
2301 5811 2343 5843 ἰ
2374 5810 2544 5896 ᾏννα
2562 5813 2621 5865 ιι.
2697 5802 2706 5811 ’

3660 367 3776 425 440
3857 381 3866 385 “
