4136 6432
571 376 677 441 643

1672 382 2181 447 THEOPHANES
2221 391 2779 464 CONTINUATUS.

3734 416 3848 481 441

570 499 682 538 non
716 486 931 557 patricii
971 486 1322 559 TheOphanis
1354 492 1567 547 navalia
1598 495 1783 564 prxlia
1817 512 1993 566 exque
2027 499 2125 553 insi

570 576 672 606 ΛΗ..
725 586 961 606 ηιιηηιιιι
1019 579 1388 606 ηηηηηλεηηιξι.
1448 582 1706 606 ε.....,..-....
1769 584 1994 606 ..-ι’-.ημς
2019 588 2079 606 1-,
2112 598 2124 606 .

2226 542 2233 560 ,
2266 506 2470 575 μαχίας
2532 512 2627 565 καὶ
2657 514 2728 567 τὰ
2752 517 3204 589 ἐσχηματισμένα
3243 523 3475 594 πολέμια
3511 532 3604 581 τοῦ
3638 550 3850 606 πατρι-

567 576 675 629 diis
725 586 962 647 astuque
1018 579 1390 649 aggredientis
1447 582 1710 652 impetum
1769 584 2151 656 reformidant,

565 666 789 722 domum
828 669 1009 726 redire
1058 674 1486 729 constituerunt.
1521 675 1599 731 Ac
1644 692 1774 733 vero
1825 679 1929 734 hoc
1991 683 2151 736 adni-

564 765 742 814 tentes
785 768 847 815 ut
905 759 1210 819 Romanam
1245 765 1472 822 classem
1506 767 1759 832 laterent,
1789 785 1913 825 cum
1969 787 2153 830 mense

564 851 877 923 Septembri
934 855 1234 912 indictione
1284 859 1475 930 quinta
1518 861 1727 918 decima
1787 864 1852 918 ad
1902 863 2216 949 Thracim’

564 950 747 1010 partes
784 945 1147 1004 transfretare
1193 950 1435 1021 aggressi
1465 960 1666 1017 essent,
1700 968 1864 1023 quem
1900 956 2148 1011 dicebam

560 1036 849 1104 patricium
879 1038 1271 1110 Theophanem
1304 1043 1527 1099 obvium
1570 1045 1884 1101 habuerunt
1914 1066 1930 1104 :
1969 1066 2149 1120 neque

559 1126 704 1179 enim
758 1128 865 1183 viri
926 1131 1358 1187 solertissimum
1419 1148 1487 1189 ac
1534 1135 1850 1206 pervigilem
1902 1140 2145 1195 animum

560 1231 777 1286 unaque
810 1218 1182 1277 fortissimum
1217 1222 1553 1281 fefellerunt.
1588 1225 1710 1282 Mox
1744 1228 1912 1299 igitur
1936 1233 2147 1289 navalis

560 1310 757 1364 iterum
807 1328 987 1382 pugna
1037 1316 1447 1384 committitur,
1504 1320 1864 1392 plurimaeque
1902 1324 2143 1382 hostium

557 1406 859 1462 submersa:
897 1425 1086 1475 naves,
1130 1413 1289 1467 multi
1324 1414 1516 1470 occisi.
1557 1414 1723 1472 Pauci
1763 1422 2144 1480 cumnavibus

554 1499 692 1553 cladi
726 1501 983 1558 subducti
1030 1503 1198 1574 inque
1236 1505 1402 1562 Cules
1450 1507 1606 1565 littus
1637 1513 1807 1566 evecti
1858 1514 2144 1584 ingruente

553 1599 714 1647 nocte
745 1591 871 1664 fuga
915 1605 1234 1651 evaserunt.
1263 1597 1633 1668 Theophanes
1670 1601 1836 1674 426
1878 1607 2141 1675 patricius

550 1696 675 1737 cum
731 1685 934 1757 insigni
993 1688 1219 1745 victoria
1279 1691 1644 1763 maximisque
1685 1698 1882 1753 erectis
1923 1701 2140 1769 tropaeis

555 1790 814 1833 reversus
846 1779 1150 1837 honorifice
1176 1792 1230 1837 et
1256 1784 1546 1854 magnifice
1566 1788 1869 1858 suscipitur
1892 1806 1956 1847 ac
1979 1806 2140 1848 accu-

551 1866 745 1924 bitoris
774 1870 1043 1940 dignitate
1077 1886 1328 1931 ornatur.
1402 1884 1417 1897 ‘

620 1959 713 2017 d0.
747 1960 885 2028 Quia
917 1981 1048 2021 vero
1098 1968 1279 2026 dictus
1311 1969 1556 2029 Joannes
1595 1975 1857 2046 magister
1886 1986 1942 2032 et
1974 1978 2141 2035 scho-

550 2049 723 2106 larum
755 2054 1095 2113 domesticus
1148 2074 1216 2115 eo
1260 2063 1403 2120 bello
1434 2069 1894 2136 praestantissima
1938 2073 2139 2128 virtute

545 2142 797 2211 fulserat,
816 2150 1100 2220 multaque
1126 2169 1191 2209 ac
1212 2172 1409 2225 magna
1444 2170 1647 2230 troptea
1676 2175 1947 2231 erexerat,
1974 2176 2138 2237 atque

548 2234 777 2293 Romani
809 2239 1026 2311 imperii
1059 2244 1196 2302 fines
1222 2249 1331 2304 late
1364 2238 1691 2320 protulerat,
1716 2259 2138 2331 compluresque

542 2326 928 2397 Agarenorum
952 2334 1119 2393 urbes
1143 2350 1435 2396 everterat.
1465 2344 1722 2414 quodque
1744 2326 1855 2402 viri
1877 2350 2137 2407 illustris-

542 2418 682 2473 sima
717 2422 896 2479 virtus
927 2436 1096 2492 esset,
1126 2433 1465 2499 cogitaverat
1518 2435 1807 2495 Romanus
1840 2440 2135 2511 imperator

544 2514 605 2559 ut
648 2507 767 2576 ejus
813 2510 980 2566 tiliam
1013 2513 1265 2573 Romano
1293 2523 1479 2591 nepoti
1510 2540 1575 2579 ex
1619 2507 1985 2587 Constantino
2021 2535 2132 2590 ﬁlio

543 2613 772 2656 uxorem
801 2605 1120 2665 ascisceret.
1141 2609 1374 2668 (ἔοι-ουκ
1394 2614 1515 2671 ﬁliae
1537 2616 1911 2695 Euphrosyna:
1934 2642 2132 2684 nomen

537 2700 679 2757 erat,
712 2691 1067 2754 Constantini
1094 2700 1208 2757 filio
1235 2702 1471 2761 Romani
1497 2725 1510 2775 ;
1544 2725 1705 2779 quem
1734 2691 2132 2777 Cdnsmntinus

539 2780 1100 2859 Porphyrogennetus
1144 2804 1448 2853 castratum
1490 2802 1709 2870 patricii
1745 2805 2011 2877 dignitate
2063 2826 2131 2866 ac

536 2874 859 2934 cubicularii
903 2882 1153 2941 donavit.
1186 2886 1437 2945 Conﬂata
1468 2890 1597 2947 hine
1639 2896 1759 2951 viro
1791 2874 2126 2970 reliquorum

534 2967 910 3039 Augustorum
960 2975 1187 3044 invidia,
1221 2979 1402 3038 otticio
1448 2995 1721 3055 movetur,
1772 3004 1898 3046 cum
1952 3009 2127 3052 annos

534 3060 676 3118 duos
725 3080 891 3136 supra
940 3070 1130 3141 viginti
1200 3076 1492 3135 continuos
1540 3095 1605 3136 ac
1649 3097 1865 3141 menses
1918 3097 2124 3157 septem

534 3153 820 3213 domestici
854 3177 1055 3217 munus
1083 3166 1366 3235 gessisset.

602 3423 906 3497 41.0pera2
927 3432 1159 3499 pretium
1183 3449 1310 3489 vero
1328 3436 1401 3492 sit
1417 3437 1518 3492 viri
1536 3448 1647 3494 tum
1668 3456 1840 3512 genus
1863 3451 1977 3501 tum
1997 3448 2126 3502 edu-

530 3518 1243 3590 cationem,institutionem
1263 3544 1370 3599 que
1401 3542 1564 3601 atque
1590 3535 1756 3589 animi
1784 3551 1847 3592 ac
1876 3543 2123 3609 corporis

530 3606 766 3664 indolem
787 3623 1049 3684 gestaque
1076 3617 1608 3693 referre,§qua‘mque
1625 3636 1811 3683 nostra
1832 3633 1936 3686 hac
1964 3641 2124 3689 aetate

530 3700 707 3757 fidelis
731 3714 1027 3777 rectusque
1045 3710 1337 3771 exstiterit.
1357 3713 1637 3775 Oriundus
1660 3732 1778 3777 erat
1793 3725 2121 3784 Armeniaca

526 3790 696 3861 stirpe
716 3809 745 3847 e
762 3794 925 3851 Docia
954 3796 1176 3857 Darbidi
1203 3805 1426 3875 oppido,
1448 3818 1603 3879 patre
1625 3826 1733 3867 non
1755 3815 2013 3885 obscuro,
2028 3834 2122 3887 pa-

527 3881 697 3937 latino
717 3886 872 3941 valde
899 3890 1180 3960 opulento,
1202 3894 1433 3956 Joannis
1463 3899 1807 3961 lcanatorum
1831 3908 2118 3968 domestici

526 3974 658 4030 filio.
685 3975 826 4043 Quin
848 3988 901 4035 et
924 3984 1100 4041 sacris
1125 3986 1319 4045 litteris
1349 3993 1626 4050 eruditum
1675 4000 1925 4069 tradunt,
1956 4003 2119 4059 Chri-

523 4077 568 4124 st
580 4070 774 4140 ophori
791 4073 1127 4147 Gangrcnsis
1142 4085 1503 4155 metr0p0litae
1521 4105 1708 4160 opera,
1724 4110 1885 4164 quem
1900 4098 2119 4169 sangui-

521 4162 609 4218 nis
662 4168 1073 4227 necessitudine
1120 4176 1499 4248 contingebat.
1550 4162 1778 4240 Celebre
1816 4188 1979 4244 etiam
2018 4207 2117 4261 per

519 4271 615 4312 ora
649 4259 797 4315 volat
822 4260 1027 4319 dixisse
1062 4267 1361 4325 antistitem
1405 4274 1550 4341 :fore
1580 4284 1639 4329 ut
1682 4275 1915 4335 Joannes
1946 4283 2029 4338 Ιιὶι·
2058 4287 2115 4341 in

519 4349 933 4421 redemptionem
962 4366 1014 4411 et
1052 4358 1303 4413 solatium
1334 4362 1695 4420 Romanorum
1726 4381 1879 4428 esset.
1912 4374 2111 4436 Multas

515 4441 720 4513 quippe
753 4446 1133 4518 plurimasque
1173 4450 1338 4522 427
1366 4454 1529 4509 urbes
1560 4466 1613 4511 et
1643 4474 1797 4516 arces
1832 4474 1887 4519 et
1911 4470 2107 4538 oppida

513 4543 568 4587 ct
611 4537 833 4592 castella
868 4548 922 4592 et
964 4541 1304 4599 munitiones
1338 4544 1718 4614 Agarenorum
1770 4554 2104 4627 subjugavit,

2226 4537 2425 4633 [Ιολλὰς
2462 4572 2571 4643 γὰρ

514 4627 793 4699 duploque
836 4631 1243 4701 productioretn
1288 4637 1591 4695 Romanam
1637 4644 1902 4703 ditionem
1953 4649 2101 4722 fecit,

513 4737 640 4775 cum
688 4724 843 4792 prius
892 4725 1103 4782 Christi
1151 4730 1276 4785 fidei
1329 4733 1514 4789 hostes
1569 4737 1624 4791 in
1676 4755 1771 4795 eas
1819 4748 2103 4814 angustias

512 4813 828 4885 adegissent
860 4816 1051 4888 sicque
1082 4807 1514 4893 mancipasseut,
1542 4837 1600 4883 ut
1629 4841 1783 4887 extra
1812 4834 2105 4913 Charsiani

512 4922 696 4962 arcem
723 4909 1124 4983 llypselemque
1158 4924 1211 4970 et
1237 4916 1337 4989 Aly
1368 4919 1592 4975 fluvium
1630 4940 1737 4979 non
1762 4910 2101 4987 excurreret.

510 4997 715 5057 Fidelis
760 5018 888 5059 vero
934 5006 1102 5075 inque
1148 5006 1522 5067 Romanorum
1563 5015 1951 5085 imperatorem
1985 5032 2103 5079 stu-

509 5094 702 5152 diosus
734 5113 1059 5167 gnavusque
1093 5099 1239 5157 illius
1271 5120 1466 5160 servus
1508 5104 1748 5166 Joannes
1782 5113 2099 5171 scholarum

509 5189 849 5247 domesticus
873 5192 942 5247 ad
964 5192 1299 5264 Euphratem
1326 5214 1494 5270 usque
1522 5215 1586 5256 ac
1603 5201 1810 5273 Tigrim
1838 5204 2102 5266 Romanae

508 5282 737 5340 ditionis
779 5285 915 5342 lines
960 5288 1213 5357 protulit,
1258 5291 1543 5362 spoliaque
1584 5309 1652 5350 ac
1706 5312 1938 5357 munera
1985 5300 2100 5359 Ro-

507 5378 691 5434 manis
720 5379 941 5447 obtulit,
992 5381 1230 5453 indeque
1266 5384 1566 5456 imperator
1601 5404 1797 5445 novum
1834 5396 2096 5466 populum

508 5485 575 5526 ac
617 5472 922 5527 exercitum
960 5477 1324 5545 comparavit,
1381 5479 1662 5551 multaque
1709 5484 1913 5541 tributa
1945 5499 2100 5558 quot-

509 5564 670 5621 annis
701 5566 988 5635 pendenda
1042 5568 1262 5635 indixit,
1299 5570 1569 5643 pluraque
1613 5577 1787 5645 spolia
1819 5588 1872 5633 et
1899 5596 2097 5637 currus

507 5666 564 5709 et
591 5657 839 5726 captivos
888 5661 1169 5732 Agarenos
1204 5664 1327 5719 inde
1374 5668 1605 5722 revexit;
1648 5668 1901 5726 Maximis
1946 5674 2093 5728 enitn

405 5804 416 5813 ,
508 5750 907 5807 certaminibus
966 5768 1026 5809 se
1073 5756 1188 5825 ipse
1240 5757 1522 5828 olxjectans
1579 5761 1877 5818 infidelium
1929 5766 2091 5821 urbes

2259 596 2376 649 κέου
2405 598 2732 669 Θεοφάνους,
2763 606 3153 666 ἐϐουλεύσαντο
3182 615 3247 668 τὰ
3282 620 3457 671 οἰκεῖα.
3486 624 3847 685 καταλαϐεῖν.

2254 687 2364 740 Καὶ
2392 688 2456 759 δὴ
2524 690 2706 746 λαθεῖν
2760 696 2853 750 τὸν
2905 700 3092 754 στόλον
3150 702 3385 781 [P.264]
3417 713 3846 786 σπουδάζοντες,

2254 776 2614 851 Σεπτεμϐρίῳ
2671 786 2802 854 μηνὶ
2829 789 3161 856 ίνδικτιῶνος
3189 776 3452 873 πέμπτης
3480 802 3573 855 καὶ
3600 776 3848 880 δὲκάττίξ

2251 870 2446 933 νυκτὸς
2516 874 2876 933 ἀντιπλεῢσαι
2932 882 3261 955 ὡρμηκότες
3296 870 3409 944 ἐπὶ
3461 892 3532 947 τὰ
3592 870 3845 970 Θρᾳκιῖῇ⁷

2252 963 2418 1033 μέρη,
2473 966 2627 1039 παρὰ
2685 968 2778 1023 τοῦ
2827 974 3088 1044 ῥηθέντος
3153 982 3448 1052 πατρικίου
3521 963 3840 1058 Θεοιροίνους

2250 1052 2678 1129 ύπηντήθησαν’
2712 1062 2833 1115 οὐδὲ
2885 1065 2996 1134 γὰρ
3032 1067 3222 1123 ἔλαθον
3266 1074 3368 1142 τὴν
3399 1077 3564 1131 αὑτοῦ
3592 1052 3823 1152 ἐγρηγᾷ

2250 1148 2503 1218 ρωτάτην
2551 1153 2648 1206 καὶ
2704 1157 2960 1223 γενναίαν
3022 1160 3225 1234 ψυχήν.
3264 1166 3441 1232 Εὐθὺς
3464 1167 3561 1223 οὖν
3599 1148 3827 1247 δευτέρα.

2245 1241 2522 1311 ναυμαχία
2578 1245 2929 1314 συνάπτεται,
2978 1255 3073 1307 καὶ
3127 1256 3355 1314 πλεῖστα
3385 1261 3548 1318 πλοῖα
3580 1265 3834 1322 ἐϐύθισεν

2246 1334 2341 1385 καὶ
2400 1336 2631 1402 πολλοὺς
2681 1341 2890 1397 τούτων
2935 1347 3630 1427 ἁπέκτεινενόείρημὲνος
3663 1361 3835 1431 ἀνήρ.

2257 1423 2456 1493 Ὀλίγοι
2489 1429 2545 1482 δὲ
2578 1433 2717 1501 μετὰ
2743 1433 2943 1492 πλοίων
2989 1423 3510 1512 περισωθέντεςτκαὶ
3534 1452 3592 1501 ἐν
3619 1455 3688 1520 τῇ
3724 1423 3839 1522 ἐἰς

2247 1515 2429 1588 Κύλης
2457 1525 2875 1593 παραπεσόντες
2901 1529 3043 1602 ἀκτῇ
3104 1536 3297 1600 νυκτὸς
3355 1515 3691 1613 ἐπελθούσης
3751 1515 3839 1597 δὲζ

2241 1608 2459 1681 έφυγον.
2486 1615 2766 1689 Θεοφάνης
2787 1621 2843 1674 δὲ
2862 1622 2891 1675 6
2913 1626 3199 1696 πατρίκιος
3221 1631 3361 1697 μετά
3394 1634 3549 1703 νίκης
3565 1608 3836 1708 λαμπρᾶς

2242 1708 2336 1759 καὶ
2376 1708 2648 1777 μεγίστων
2692 1713 3050 1788 ὑποστρέψας
3108 1724 3392 1791 τροπαίων
3449 1728 3684 1799 ἐντίμως
3733 1732 3836 1786 καὶ

2243 1797 2680 1871 μεγαλοπρεπῶς
2706 1804 2979 1880 ὑπεδέχθη
3015 1811 3111 1864 καὶ
3146 1797 3649 1888 παρακοιμώμενος
3712 1824 3835 1876 ἐτι-

2243 1890 2415 1962 μήθης

2314 1988 2388 2053 μ’.
2432 1986 2652 2060 Ἐπειδὴ
2680 1988 2738 2043 δὲ
2765 1992 2793 2043 6
2822 1993 3010 2062 ῥηθεὶς
3059 1996 3318 2071 Ἰωάννης
3377 2001 3679 2074 μάγιστρος
3729 2005 3835 2059 καὶ

2237 2073 2558 2144 δομέστικος
2600 2082 2710 2134 τῶν
2739 2084 2946 2155 σχολῶν
2994 2088 3216 2159 ἄριστος
3249 2093 3469 2161 ἐγένετο
3521 2073 3604 2159 είς
3627 2097 3698 2150 τὰ
3722 2116 3833 2151 πο-

2237 2167 2421 2238 λέμια,
2481 2174 2601 2226 καῖ’
2625 2174 2797 2231 πολλὰ
2850 2178 2946 2232 καὶ
3000 2183 3217 2250 μεγάλα
3264 2185 3532 2257 ἀνέστησε
3560 2189 3829 2259 τρόπαια,

2237 2262 2331 2313 καὶ
2359 2262 2426 2316 τὰ
2460 2264 2743 2335 Ῥωμαϊκὰ
2785 2271 3101 2327 ἐπέκτεινεν
3153 2277 3279 2346 ὅρια
3304 2318 3319 2343 ,
3354 2279 3613 2344 πλείστας
3638 2297 3699 2334 τε
3721 2284 3831 2337 πό-

2235 2352 2348 2417 λεις
2397 2355 2699 2431 ἐπόρθησεν
2744 2363 2852 2416 τῶν
2908 2366 3250 2437 Ἀγαρηνῶν,
3284 2372 3379 2424 καὶ
3425 2371 3515 2425 διὰ
3550 2372 3611 2426 τὸ
3647 2390 3830 2446 περι-

2235 2448 2402 2517 φανὲς
2434 2452 2533 2521 τῆς
2563 2453 2655 2507 τοῦ
2688 2455 2880 2528 ἀνδρὸς
2932 2457 3155 2531 ἀρετῆς,
3181 2463 3467 2535 ἠϐουλήθη
3501 2466 3528 2519 6
3562 2466 3829 2536 βασιλεὺς

2247 2539 2526 2613 Ῥωμανὺς
2568 2546 2649 2609 είς
2687 2549 2779 2601 τὸν
2811 2551 3007 2604 ἑαυτοῦ
3046 2552 3277 2622 ἔκγονον
3323 2556 3602 2628 Ῥωμανὸν
3631 2559 3727 2613 τὸν
3756 2561 3828 2615 ἐκ

2233 2634 2651 2692 Κωνσταντίνου
2679 2641 2775 2695 τοῦ
2838 2642 2957 2697 υίοῦ
2989 2645 3156 2698 αὐτοῦ
3189 2647 3473 2719 θυγατέρα
3497 2650 3819 2709 ἀναλαϐεῖν.

2246 2726 2310 2779 Ἥ
2367 2725 2460 2783 οὖν
2500 2730 2749 2806 θυγάτηρ
2796 2737 2888 2790 τοῦ
2927 2740 3224 2811 Κουρκούα
3245 2736 3313 2811 ἦν
3345 2744 3378 2812 ἡ
3408 2743 3751 2817 Εύφροσύνη.
3783 2749 3815 2799 6

2228 2821 2288 2875 δὲ
2333 2824 2447 2888 υίὸς
2489 2826 2583 2879 τοῦ
2649 2830 3061 2888 Κωνσταντίνου
3107 2830 3176 2906 ἦν
3221 2837 3502 2906 Ῥωμανὸς
3547 2842 3575 2893 6
3626 2840 3807 2893 εὐνου-

2230 2913 2438 2982 χισθεὶς
2474 2917 2630 2987 παρὰ
2683 2920 3105 2979 Κωνσταντίνου
3135 2925 3230 2979 τοῦ
3262 2928 3811 3001 Πορφυρογεννήτου,

2228 3005 2323 3059 καὶ
2375 3007 2610 3082 ἐτιμήθη
2667 3016 2959 3085 πατρίκιος
3013 3020 3109 3072 καὶ
3165 3022 3548 3092 πραιπόσιτος.
3605 3026 3813 3080 Φθόνου

2226 3095 2283 3148 δὲ
2314 3098 2464 3170 αὐτῷ
2527 3102 2627 3171 τῆς
2677 3106 2937 3178 τοιαύτης
2988 3110 3178 3165 ἕνεκεν
3222 3112 3535 3180 ὑποθέσεως
3559 3116 3668 3171 τῶν
3702 3118 3817 3171 λοι-

2152 3203 2199 3265 c
2232 3188 2347 3242 πῶν
2379 3189 2644 3259 βασιλέων
2679 3200 3011 3269 κινηθέντος,
3063 3204 3229 3257 παύει
3265 3207 3365 3277 τῆς
3395 3209 3590 3278 ἀρχῆς,
3635 3208 3818 3263 εἴκοσι

2232 3280 2327 3333 καὶ
2350 3281 2461 3335 δύω
2487 3285 2712 3357 χρόνους
2734 3291 2831 3344 ml.
2864 3294 3041 3365 μῆνας
3076 3297 3220 3353 ἑπτὰ
3248 3298 3568 3371 δομέστικος
3594 3302 3818 3356 ἁδιὰδο-

2228 3388 2322 3441 χος
2348 3374 2594 3440 τελέσας.

2307 3473 2418 3532 μα’.
2462 3469 2609 3540 Πλὴν
2664 3472 2758 3530 οὖν
2802 3476 2955 3543 ἄξιον
3014 3482 3189 3535 είπεῖν
3219 3484 3279 3537 τό
3305 3503 3365 3539 τε
3393 3486 3551 3554 γένος
3572 3488 3669 3542 καὶ
3712 3487 3821 3560 τὴν

2227 3557 2450 3630 ἀγωγὴν
2510 3562 2676 3615 αὑτοῦ
2729 3567 2823 3619 καὶ
2850 3569 2908 3620 τὸ
2934 3571 3280 3642 ἐπιτήδευμα
3310 3576 3487 3630 καὶτὸ
3518 3579 3681 3646 φύσει
3710 3557 3819 3651 τῆς

2224 3648 2405 3720 ψυχῆς
2444 3654 2538 3707 καὶ
2598 3655 2695 3708 τοῦ
2758 3658 3014 3730 σώματος
3061 3665 3227 3718 αὑτοῦ
3284 3668 3379 3721 καὶ
3436 3668 3534 3738 τὴν
3582 3648 3819 3741 πρᾶξιν,

2224 3741 2319 3792 καὶ
2339 3742 2517 3806 ὁποῖος
2545 3744 2737 3809 πιστὸς
2768 3748 2862 3800 καὶ
2886 3750 3048 3820 ὀρθὸς
3075 3753 3322 3825 ἀνεφάνη
3348 3758 3414 3828 τῇ
3437 3759 3601 3829 γενεᾷ
3627 3760 3819 3830 ἡμῶν.

2224 3824 2391 3897 Οὗτος
2436 3836 2501 3887 ἐκ
2528 3836 2721 3904 γένους
2778 3839 2888 3895 τῶν
2919 3824 3319 3913 Ἀρμενιακῶν
3451 3824 3587 3903 γάπὸ*
3608 3824 3822 3913 Atiuth

2221 3922 2422 3993 χωρίου
2475 3926 2795 3998 Δαρὸιδοῦν,
2851 3934 3060 4004 πατρὸς
3114 3937 3212 4005 μὲν
3260 3938 3371 3993 τῶν
3416 3942 3520 3995 οὐκ
3547 3945 3815 4014 ἀσήμων,

2221 4016 2517 4072 παλατίνου
2546 4020 2690 4074 πάνυ
2722 4023 2981 4078 πλουσίου
3028 4026 3145 4081 υίοῦ
3179 4030 3428 4086 Ἰωάννου
3478 4033 3819 4104 δομεστίκου

2217 4108 2328 4161 τῶν
2351 4110 2673 4176 ίίκανάτων.
2730 4115 2972 4185 Λέγεται
3006 4119 3187 4175 δὲκαὶ
3229 4123 3301 4177 τὰ
3342 4125 3464 4197 ἱερὰ
3497 4128 3815 4199 γράμματα

2218 4201 2690 4267 ἐκπεπαιδεῦσθαι
2748 4210 2899 4280 παρὰ
2955 4212 3345 4285 Χριστοφόρου
3398 4222 3813 4291 μητροπολίτου

2216 4294 2484 4365 Γαγγρῶν
2535 4298 2629 4352 τοῦ
2660 4301 2975 4372 συγγενοῠςῖ
2998 4305 3187 4361 αὐτοῦ.
3235 4308 3323 4373 Ὠς
3344 4309 3538 4382 ᾅδεται
3560 4314 3617 4369 δὲ
3646 4318 3677 4370 6
3706 4315 3806 4370 λό-

2216 4386 2438 4453 γος,ὃτι
2471 4386 2574 4461 ἔφη
2610 4391 2639 4442 6
2690 4390 3004 4465 ἀρχιερεὺς,
3075 4394 3265 4466 Οὗτος
3302 4404 3335 4456 ό
3377 4403 3657 4474 Ἰωάννης
3710 4412 3808 4478 εις

2212 4478 2515 4544 λύτρωσιν
2566 4483 2666 4536 καὶ
2705 4482 2921 4538 ἄνεσιν
2951 4487 3071 4541 τῶν
3107 4489 3411 4560 Ῥωμαίων
3451 4497 3807 4565 γενήσεται.

2632 4575 2728 4627 καὶ
2776 4577 3038 4644 πλείστας
3090 4584 3279 4648 πόλεις
3326 4592 3421 4640 καὶ
3463 4589 3678 4661 κάστρα
3705 4595 3807 4647 καὶ

2212 4660 2399 4731 χώρας
2446 4666 2540 4718 καὶ
2598 4670 2888 4723 καστέλλια
2948 4674 3042 4726 καὶ
3108 4677 3273 4731 τόπια
3322 4680 3433 4734 τῶν
3473 4683 3811 4756 Ἀγαρηνῶν

2210 4754 2564 4825 ἐχειρώσατο,
2620 4760 2717 4813 καὶ
2763 4762 2862 4832 τὴν
2901 4763 3212 4835 Ῥωμανίαν
3274 4770 3470 4843 διπλῆν
3529 4754 3803 4849 κατεστή·

2213 4857 2363 4909 σατο,
2418 4846 2685 4918 πρότερον
2738 4849 2903 4906 οὖσαν
2959 4854 3052 4907 καὶ
3106 4861 3483 4932 κατεχομένην
3524 4866 3628 4920 ὑπὸ
3685 4871 3800 4925 τῶν

2206 4935 2459 5007 ἀρνητῶν
2488 4941 2581 4992 τοῦ
2622 4943 2862 5011 Χριστοῦ
2896 4948 3063 5018 μέχρι
3092 4950 3184 5003 τοῦ
3205 4953 3519 5023 Χαρσιανοῦ
3548 4962 3798 5035 κάστρου

2205 5029 2300 5082 καὶ
2353 5031 2451 5102 τῆς
2512 5033 2752 5105 autem
2810 5040 2905 5092 και
2951 5042 3046 5094 τοῦ
3100 5043 3238 5097 ηΑλυ
3307 5052 3581 5120 ποταμοῦ.
3651 5029 3711 5109 'o
3735 5058 3796 5112 δὲ

2198 5125 2389 5185 πιστδς
2412 5124 2505 5176 καὶ
2560 5128 2845 5188 σπουδχίος
2879 5133 3015 5199 πρὶς
3058 5135 3339 5208 Ῥωμανδν
3390 5145 3787 5219 αὐτοκράτορα

2214 5212 2467 5286 Ἰωάννης
2521 5216 2605 5288 [Ρ.
2657 5218 2788 5293 265]
2838 5221 3162 5293 δομέστικος
3212 5233 3324 5289 τῶν
3388 5212 3595 5306 σχολῶν
3623 5212 3794 5313 μέχρι

2202 5305 2292 5359 τοῦ
2338 5308 2623 5378 Εὐφράτου
2665 5315 2759 5367 ιιιινδΔ
2785 5314 2880 5369 τοῦ
2904 5318 3079 5391 Τίγρη
3099 5323 3167 5377 τὰ
3193 5324 3316 5397 ὅρια
3344 5305 3455 5384 τῶν
3496 5305 3796 5403 Ῥωμαίῶν

2200 5399 2471 5469 ἐστήσατο
2530 5406 2625 5459 καὶ
2670 5409 2873 5478 προῖκα
2924 5414 3018 5464 καὶ
3044 5414 3281 5489 δῶρατῇ
3321 5399 3794 5497 Ῥωμανξαπροτ-

2201 5491 2454 5561 ἡνεγκεν,
2504 5498 2597 5549 καὶ
2664 5498 2794 5553 λαὸν
2844 5504 2942 5556 καὶ
2987 5509 3545 5582 στρατὺνόβασιλεὺς
3572 5491 3791 5573 ἐκεέθεν

2201 5590 2633 5658 προσεκτήσατο,
2668 5594 2763 5646 καὶ
2787 5596 2992 5666 φόρους
3021 5601 3253 5669 πολλοὺς
3313 5608 3549 5679 ἐτησίως
3572 5612 3787 5682 λαμϐα-

2202 5693 2312 5728 νειν
2368 5680 2672 5752 ἐτύπωσεν,
2735 5689 2830 5741 καὶ
2859 5690 3069 5747 πολλῶν
3097 5695 3357 5769 λαφύρων
3392 5703 3486 5754 καὶ
3519 5696 3787 5775 ἆρμάτων

2202 5773 2293 5823 καὶ
2339 5775 2705 5843 αἰχμαλώτων
2780 5784 3097 5858 Ἀγαρηνῶν
3126 5791 3341 5846 ἐκεῖθεν
3380 5796 3690 5868 ᾁπήνεγκεν
3710 5799 3784 5857 ³⁸.

1774 5856 2007 5915 VARUE
2053 5862 2456 5926 LECTIO‘NES.

583 5928 633 5961 '-‘
659 5928 820 5993 Deest
842 5949 943 5993 τοι
976 5936 1177 6012 aliqua,
1210 5942 1293 5998 vel
1328 5953 1517 6002 auctor
1564 5947 1902 6021 βαρϐαρίζει.
1934 5956 2178 6019 Combe].
