4136 6432
524 354 624 420 947

1620 366 1666 424 Τ
1671 367 1924 428 ΗΕΟΡΗ
1934 373 2031 430 AN
2039 372 2133 432 ES
2170 375 2311 434 (ΣοΝ
2317 376 2390 434 1'1
2403 377 2606 437 NUAT
2615 375 2709 437 US

3685 374 3795 438 HS

523 477 683 533 atque
711 475 898 535 parata
933 469 1259 537 possideret.
1297 471 1464 525 Mittit
1495 474 1659 545 igitur
1688 476 1968 534 ananus
2001 497 2098 535 cs-

2215 485 2272 539 Ὀ
2320 486 2376 538 δὲ
2437 485 2713 555 Ῥωμανδς
2782 483 3112 545 ἀποστείλας
3181 483 3274 534 καὶ
3331 481 3575 552 ζητήσας
3634 486 3794 539 οὐδὲν

525 560 764 623 ειιίιοιοε
796 557 1014 628 judices
1044 601 1058 624 ,
1103 561 1462 632 diligentique
1519 581 1700 620 rerum
1758 569 2105 638 inspectione

521 647 725 704 nullius
765 665 916 704 reum
950 651 1203 707 criminis
1233 655 1518 710 offendens
1566 657 1618 712 in
1662 660 1945 728 pristinam
1977 677 2103 717 eum

524 740 847 811 dignitatem
908 744 1172 798 restituit.
1224 743 1356 814 Ejus
1401 758 1579 801 tamen
1629 750 1705 803 rei
1747 765 1914 804 causa
1958 752 2107 821 apud

525 836 766 902 reliquos
792 835 1145 907 Augustos_ei
1177 840 1410 894 conﬂata
1448 841 1650 894 invidia
1687 857 1914 898 munere
1941 847 2103 899 abdi—

520 932 700 990 catur,
737 925 967 995 ejusque
991 928 1108 978 loco
1134 927 1484 995 l’antherius,
1509 931 1755 985 Romano
1784 933 2108 1003 imperatori

523 1013 807 1080 sanguinis
868 1016 1277 1070 necessitinline
1333 1018 1704 1086 conjunctus,
1765 1021 2106 1080 domesticus

522 1106 905 1158 constituitur.

593 1195 686 1250 44.
735 1195 1004 1250 Caeterum
1053 1196 1336 1252 Romanus
1380 1200 1678 1270 imperatur
1728 1204 1881 1260 urbis
1923 1207 2108 1262 debita

521 1288 707 1342 omnia
734 1303 916 1358 arsque
947 1290 1186 1344 alienum
1219 1293 1418 1346 civium
1448 1295 1873 1361 omne,divitum
1903 1303 2110 1370 pariter

527 1396 939 1450 pauperumque
980 1396 1042 1436 ac
1087 1398 1410 1452 egenorum,
1458 1397 1728 1456 quantum
1785 1405 1852 1443 ex
1905 1393 2109 1450 tabulis

527 1474 741 1543 probari
772 1485 1004 1542 poterat,
1038 1475 1293 1530 dissolvit
1326 1495 1341 1544 ;
1368 1489 1608 1549 suntque
1639 1483 1772 1536 adeo
1801 1484 1894 1554 qui
1923 1485 2111 1542 dicant

523 1566 739 1622 dedisse
757 1568 1095 1639 undeviginti
1126 1574 1467 1625 centenaria.
1494 1573 1787 1630 Nominum
1813 1579 2026 1635 tabulas
2055 1582 2110 1636 in

522 1655 755 1714 Chalces
811 1675 1091 1730 purpureo
1143 1662 1408 1716 umbilico
1450 1666 1779 1736 combussit,
1838 1671 2110 1728 universis

527 1749 704 1807 fauste
735 1755 1187 1820 acclamantibus,
1220 1760 1469 1829 votisque
1501 1759 1888 1831 imperatorem
1919 1780 2111 1836 prose-

2208 578 2460 648 ἐφεῦρεν,
2492 580 2584 631 καὶ
2637 575 2899 646 μεταδοὺς
2931 574 3032 644 τῆς
3079 572 3256 644 ἀρχῆς
3311 574 3794 646 ἀποκατέστησεν.

2207 671 2391 740 Φθόνῳ
2419 670 2473 724 δὲ
2501 669 2649 740 αὐτῷ
2679 671 2787 722 τῶν
2830 668 3088 722 τοιούτων
3120 667 3433 720 ὑποθέσεων
3479 667 3634 738 παρὰ
3682 670 3798 727 τῶν

2209 763 2412 816 λοιπῶν
2457 762 2811 833 κινηθέντων,
2841 762 3099 815 ἐκπίπτει
3135 761 3232 830 τῆς
3265 760 3458 830 ἀρχῆς,
3498 762 3594 814 καὶ
3628 763 3800 833 δομὲο

2213 873 2393 918 στικος
2425 856 2538 908 ἀντ’
2568 855 2730 908 αὐτοῦ
2770 854 3182 924 προχειρίζεται
3228 851 3556 923 Πανθήριος,
3595 871 3802 923 συγγε-

2212 951 2307 1020 νὴς
2336 947 2430 1001 τοῦ
2464 948 2726 1018 βασιλέως
2775 945 3076 1017 Ῥωμανοῦ.

2286 1215 2387 1284 μδ’.
2433 1213 2492 1266 '0
2522 1212 2578 1265 δὲ
2613 1211 2866 1281 βασιλεὺς
2909 1211 3188 1280 Ῥωμανδς
3215 1212 3392 1265 πάντα
3421 1210 3490 1264 τὰ
3521 1212 3656 1282 χρέη
3698 1213 3804 1279 τῆς

2212 1306 2420 1367 πόλεως
2455 1304 2561 1356 ἀπό
2586 1320 2642 1356 τε
2669 1303 2960 1369 πλουσίων,
3017 1303 3388 1369 μεγιστάνων,
3438 1303 3672 1373 πτωχῶν
3703 1305 3805 1356 καὶ

2214 1395 2482 1462 πενήτων,
2515 1393 2616 1446 ὅσα
2659 1390 2725 1446 ἂν
2765 1393 2824 1444 ὲν
2859 1390 3082 1461 φανερῷ
3134 1391 3548 1459 ἀπεδείκνυντο,
3581 1392 3806 1447 ἀπέδω-

2213 1503 2337 1538 κενο
2371 1483 2446 1549 ὦς
2485 1484 2617 1553 φασί
2653 1502 2796 1548 τινες
2825 1484 2906 1538 ὅτι
2948 1483 3181 1536 δέδωκεν
3223 1484 3558 1556 κεντηνάρια
3610 1484 3807 1538 ἐννεα-

2214 1578 2440 1632 καίδεκα
2463 1595 2476 1608 ο
2514 1577 2611 1640 τὰς
2643 1577 2698 1630 δὲ
2748 1575 3042 1646 ὁμολογίας
3082 1573 3424 1629 κατέκαυσεν
3451 1578 3530 1639 είς
3560 1575 3620 1629 τὸ
3659 1594 3806 1646 πορ-

2215 1669 2421 1740 φυροῦν
2455 1669 2721 1739 ὀμφάλιον
2751 1670 2850 1738 τῆς
2880 1669 3126 1738 Χαλκῆς,
3160 1668 3380 1722 πάντων
3411 1669 3806 1739 ἐπευχομένων

2215 1765 2304 1817 τὸν
2334 1764 2580 1834 βασιλέα.
2615 1763 2704 1834 Τῷ
2748 1763 2804 1818 δὲ
2865 1765 3098 1836 εἰκοστῷ
3130 1766 3367 1837 δευτέρῳ
3403 1767 3571 1820 αὐτοῦ
3619 1768 3806 1838 χρόνῳ

527 1845 846 1912 quentibus.
884 1846 1101 1917 Imperii
1129 1865 1273 1902 anno
1300 1851 1545 1906 secundo
1566 1870 1730 1924 supra
1763 1856 2107 1927 vigesimum,

2212 1857 2412 1910 δέδωκε
2443 1855 2513 1910 τὰ
2544 1856 2791 1909 ὲνοικικὰ
2836 1857 3020 1926 πάσης
3048 1859 3146 1927 τῆς
3176 1858 3404 1923 πόλεως,
3454 1858 3564 1910 ἀπὸ
3598 1859 3804 1929 μικροῦ

527 1936 700 2004 pretia
747 1937 1034 1992 domorum
1084 1941 1297 1996 civibus
1326 1942 1492 2014 430
1517 1948 1774 2002 omnibus
1813 1951 2110 2005 conducto-

529 2028 680 2082 ribus
709 2043 736 2080 a
772 2031 1008 2085 maxime
1049 2031 1116 2085 ad
1151 2033 1438 2088 minimum
1473 2053 1649 2107 usque
1686 2040 1914 2096 dimisit.
1950 2042 2112 2101 Feria

525 2128 720 2188 quarta
759 2129 811 2174 et
855 2121 1158 2180 Parasecve
1205 2129 1272 2180 ad
1317 2142 1712 2185 conversurum
1747 2134 1942 2189 exiens
1966 2137 2110 2196 aedes

526 2214 728 2267 scortis
758 2213 1013 2269 omnibus
1046 2226 1335 2286 argenteos
1368 2221 1506 2276 duos
1535 2224 1797 2293 erogabat
1831 2245 1845 2293 ;
1878 2227 2111 2286 inclusis

526 2305 658 2360 viris
683 2314 737 2359 et
770 2305 990 2362 fetninis
1025 2309 1258 2378 singulis
1300 2322 1412 2368 tres
1451 2331 1702 2372 nntans
1735 2320 2105 2388 impendebat.

527 2393 804 2452 licclesias
835 2415 963 2454 vero
999 2409 1054 2454 et
1103 2405 1435 2458 monasteria
1472 2407 1625 2475 plura
1656 2413 1928 2468 exstruxit
1960 2433 1973 2476 ;
2018 2433 2110 2470 ve-

527 2495 640 2542 stes
671 2503 891 2558 quoque
929 2505 1066 2545 auro
1102 2503 1388 2550 contextas
1418 2498 1735 2570 calicesque
1771 2520 1894 2558 cum
1938 2507 2109 2566 discis

535 2594 718 2633 .acros
765 2579 998 2650 largitus
1037 2594 1141 2641 est.
1178 2585 1459 2658 llospitale
1490 2609 1708 2663 quoque
1749 2596 1814 2650 ad
1846 2598 2108 2658 Mabriani

524 2669 665 2726 aedes
711 2673 991 2741 excitavit,
1046 2675 1288 2750 fecitque
1338 2684 1556 2738 stabula
1590 2702 1654 2742 ac
1699 2690 1936 2762 hospitia
1989 2697 2106 2766 pul-

525 2764 795 2819 cherrima
824 2784 838 2820 :
877 2778 1049 2825 strata
1078 2775 1241 2827 etiam
1277 2778 1477 2831 struxit
1507 2781 1709 2835 cubilia
1745 2798 1809 2837 ac.
1833 2764 2106 2856 cubicula,

523 2870 715 2910 eorum
747 2861 992 2916 omnium
1020 2865 1193 2933 gratia
1218 2869 1308 2937 qui
1335 2869 1584 2942 hospites
1604 2876 1794 2930 urbem
1830 2887 2024 2948 petunt
2045 2898 2109 2938 ac

525 2948 649 3004 lites
686 2963 875 3021 agunt.
909 2953 1050 3021 Quin
1076 2959 1221 3014 etde
1265 2961 1480 3017 illorum
1525 2965 1882 3038 ipsorumque
1918 2988 2108 3027 corum

518 3040 889 3109 iumentorum
931 3066 992 3105 ac
1035 3050 1362 3108 famulorum
1397 3057 1522 3111 cibo
1557 3062 1864 3133 pabuloque
1914 3068 2109 3122 statuit

2213 1949 2316 2010 ἕως
2355 1948 2614 2018 μεγάλου.
2642 1947 2920 2019 Τετράδην
2951 1950 3046 2001 καὶ
3093 1948 3452 2019 παρασκευὴν
3505 1947 3806 2017 ἐξερχόμε-

2212 2055 2301 2101 νος
2322 2039 2484 2100 εἰςτὰ
2509 2037 2960 2106 μεταστασίματα
2994 2037 3153 2090 ἐδίδει
3178 2039 3359 2090 πᾶσαν
3389 2035 3674 2107 πολιτικὴν
3697 2039 3806 2092 ἀνὰ

2214 2130 2469 2200 ἀργυρῶν
2507 2129 2627 2181 δύο·
2663 2129 2757 2182 καὶ
2806 2130 2934 2193 τοὺς
2997 2129 3350 2197 ἐγκλείστους
3409 2128 3504 2181 καὶ
3555 2130 3658 2192 τὰς
3704 2131 3806 2198 ἐγ-

2214 2222 2464 2284 κλείστας
2498 2222 2753 2290 ἐρόγευεν
2788 2221 2891 2274 ἀνὰ
2933 2223 3288 2292 νομισμάτων
3335 2222 3524 2293 τριῶν.
3564 2221 3805 2294 Ἐκκλη-

2215 2316 2335 2379 σίας
2379 2316 2434 2369 δὲ
2491 2316 2586 2368 καὶ
2648 2315 2991 2385 μοναστήρια
3031 2315 3204 2368 πολλὰ
3253 2315 3506 2368 ἔκτισεν-
3534 2315 3668 2368 ἀλλὰ
3707 2318 3807 2372 καὶ

2214 2408 2437 2471 ὲνδύτας
2483 2408 2928 2480 χρυσοῦφὰντους
2963 2409 3055 2460 καὶ
3085 2408 3486 2479 δισκοποτήρια
3532 2408 3802 2484 ἀπεχαρί‹

2216 2519 2366 2556 σατο.
2405 2502 2512 2554 Καὶ
2549 2500 2880 2570 ξενοδοχεῖον
2940 2500 3288 2571 καθίδρυσεν
3319 2503 3399 2564 είς
3438 2503 3505 2555 τὰ
3541 2503 3804 2572 Μαὸρια-

2213 2591 2325 2655 νοῦ,
2372 2593 2466 2644 καὶ
2516 2591 2785 2654 στάϐλους
2841 2592 3074 2661 ποιήσας
3107 2589 3194 2662 [Ρ.
3227 2591 3357 2663 εις-1]
3413 2591 3508 2644 καὶ
3557 2591 3804 2663 ὀσπήτια.

2215 2685 2478 2740 κάλλιστα
2511 2685 2604 2737 καὶ
2644 2683 3172 2756 κραῦσατοστρὼσια
3202 2684 3290 2738 διὰ
3322 2685 3447 2747 τοὺς
3482 2686 3800 2756 εἰσερχομέ-

2211 2795 2333 2840 νους
2366 2777 2575 2839 πάντας
2603 2775 2897 2840 ἐξωτικοῦς
2920 2778 3013 2830 καὶ
3043 2776 3197 2838 δίκας
3228 2776 3603 2847 λαμϐάνοντας
3651 2791 3788 2828 κατι

2212 2868 2531 2922 εσκεύασεν.
2591 2867 2751 2921 Ἀλλὰ
2808 2869 2900 2920 καὶ
2953 2869 3094 2938 ὑπὲρ
3151 2869 3449 2939 διατροφῆς
3503 2866 3673 2920 αὐτῶν
3725 2884 3790 2920 τε

2213 2963 2307 3016 καὶ
2340 2962 2447 3014 τῷν
2483 2961 2694 3028 ἀλόγων
2729 2960 2907 3013 αὐτῶν
2955 2961 3049 3013 καὶ
3100 2959 3207 3013 τῶν
3264 2960 3567 3029 ἀνθρώπων
3613 2953 3796 3011 αὐτῶν

2211 3058 2501 3129 διωρίσατο
2531 3057 2624 3108 καὶ
2659 3053 3024 3126 προσέταξεν.
3055 3055 3167 3108 Kal
3205 3054 3482 3124 οἰκήματα
3519 3051 3797 3123 προσεκύ-

523 3145 683 3206 atque
721 3144 993 3212 prmcepit.
1023 3143 1220 3200 Demos
1255 3149 1308 3201 in
1338 3164 1461 3204 eam
1485 3167 1595 3204 rem
1626 3154 1780 3208 (irma
1813 3157 2106 3214 donatioiie

2213 3169 2409 3222 ρωσεν,
2439 3152 2498 3203 τὺ
2551 3131 2854 3211 ἁνελλιπῷς
2896 3147 3153 3202 δίδοσθαι.
3207 3147 3381 3200 Τοῦτο
3436 3147 3494 3199 δὲ
3540 3147 3800 3214 ἐποίησεν

523 3227 755 3294 addixit,
792 3239 848 3284 ut
886 3233 1266 3290 indelicientcr
1301 3248 1554 3309 sumptus
1604 3243 1936 3301 suiIicercnt.
1993 3249 2108 3305 lloc

521 3330 703 3375 autem
748 3322 962 3379 illorum
1015 3331 1188 3396 gratia
1239 3330 1385 3394 fecit,
1433 3333 1527 3402 qui
1580 3334 1827 3404 hospites
1871 3337 1995 3394 lites
2052 3341 2107 3394 in

522 3414 655 3469 urbe
688 3415 910 3486 habent,
937 3428 996 3473 ut
1027 3421 1151 3476 inde
1182 3434 1551 3491 procurentur
1575 3434 1738 3496 atque
1765 3428 2005 3484 alantur.
2025 3433 2105 3486 Ad

520 3507 835 3578 sepulcrum
870 3527 1028 3566 suum
1061 3514 1176 3568 dari
1205 3516 1374 3585 jussit
1403 3518 1649 3587 quotidie
1681 3521 1917 3576 frustula
1945 3523 2110 3580 otIas-

519 3613 628 3668 que
677 3601 900 3671 triginta
941 3603 1132 3658 millia.
1167 3610 1371 3673 Quarta
1423 3609 1562 3664 feria
1605 3618 1659 3666 et
1715 3611 2013 3670 Parasccve
2051 3616 2108 3671 in

523 3693 780 3760 praetorio
815 3704 869 3748 et
908 3695 1111 3755 Chalcc
1142 3707 1195 3754 et
1223 3699 1478 3758 Numen-is
1521 3705 1718 3759 vinctis
1744 3705 1978 3773 singulis
2005 3710 2106 3763 t'ol-

520 3782 602 3838 les
635 3782 949 3854 quindecim
1009 3792 1223 3860 erogari
1257 3794 1579 3861 mandavit,
1605 3811 1911 3868 magnaque
1943 3799 2109 3856 Para-

519 3889 684 3930 sceve
709 3894 961 3935 nummos
989 3881 1234 3953 singulos
1263 3886 1732 3959 cleemosynarum
1757 3893 1978 3948 nomine
1996 3894 2106 3952 illis

521 3965 714 4022 tribui.
748 3967 961 4042 Olympi
996 3975 1299 4031 monachos
1336 3987 1390 4031 et
1428 3977 1672 4049 Cyminae
1701 3997 1757 4036 e.
1786 3981 2020 4040 Athonis
2054 3994 2108 4040 et

515 4061 781 4121 Barachei
811 4077 864 4122 et
891 4067 1039 4124 Latri
1063 4085 1367 4144 omnesque
1387 4090 1672 4130 nummum
1704 4093 1874 4133 unum
1898 4078 2104 4134 viritim

517 4170 585 4210 ex
617 4171 719 4211 suo
753 4162 1092 4216 monasterio
1117 4164 1370 4234 accipere
1401 4168 1596 4224 voluit.

589 4332 678 4390 45.
716 4335 1023 4392 lndictioue
1048 4341 1244 4410 prima,
1268 4358 1453 4398 mense
1478 4347 1676 4414 Aprili,
1713 4365 1908 4406 rursus
1935 4353 2100 4408 Turci

520 4443 648 4482 cum
695 4431 1010 4501 ingentibus
1049 4434 1226 4503 copiis
1276 4433 1537 4492 Ronmnm
1575 4439 1800 4494 ditionis
1836 4444 1972 4499 ﬁnes
2011 4447 2098 4500 iu-

520 4517 802 4576 raserunt.
852 4521 1118 4592 Egressus
1149 4542 1279 4581 vero
1308 4526 1670 4599 Theophanes
1718 4529 1877 4604 431
1928 4536 2101 4604 patri-
2131 4518 2173 4572 Β

519 4611 640 4666 eius
668 4614 953 4668 accubitor
987 4616 1136 4685 pacis
1173 4631 1300 4671 cum
1342 4619 1422 4674 eis
1469 4619 1649 4676 fmdus
1681 4628 1976 4693 percussit,
2014 4642 2105 4680 ac-

518 4704 694 4773 ceptis
747 4704 1039 4762 obsidibus
1087 4726 1150 4762 ex
1197 4710 1616 4768 illustrioribus.
1661 4713 1910 4786 llincqne
1962 4717 2102 4774 adeo

517 4797 750 4868 contigit
782 4797 836 4852 in
873 4812 1046 4855 annos
1079 4802 1324 4872 qtiinque
1357 4820 1543 4874 pacem
1587 4806 1951 4880 induciasque
1981 4827 2103 4866 ser-

516 4887 657 4941 vari.
704 4887 976 4944 Caeterum
1015 4890 1298 4949 Romanus
1332 4895 1629 4967 imperator
1667 4900 1956 4971 plerasque
2003 4919 2101 4972 per

518 4979 893 5035 Macedoniam
928 4993 1092 5054 atque
1131 4985 1422 5043 Thraciam
1458 4991 1622 5047 urbes
1653 5008 1682 5045 a
1722 4992 2096 5051 fundamentis

514 5073 809 5138 exstruxit,
850 5074 989 5131 alias
1023 5079 1319 5146 reparavit.
1354 5079 1465 5135 Nec
1510 5081 1564 5135 id
1611 5083 1794 5150 modo,
1829 5085 1924 5141 sed
1953 5097 2007 5142 et
2039 5089 2096 5141 In

516 5165 652 5220 urbe
693 5176 924 5236 augusta
981 5170 1304 5241 magniﬁcas
1352 5174 1494 5228 :edes
1527 5175 1706 5244 regias
1740 5178 2094 5246 instauravit,

516 5270 672 5331 prata
716 5276 934 5330 quoque
970 5261 1150 5331 opima
1186 5279 1248 5318 ac
1298 5264 1597 5331 uberrima,
1628 5285 1749 5337 quze
1784 5269 1944 5341 longe
1982 5290 2098 5326 ma-

519 5351 722 5404 ximam
755 5354 1090 5424 voluptatem
1127 5367 1424 5426 pra-stent;
1460 5359 1552 5412 sed
1583 5369 1636 5414 et
1678 5361 1730 5414 in
1769 5377 1962 5416 senum
2000 5366 2101 5418 ali-

522 5451 702 5513 menta
750 5443 1141 5518 hospitumque
1171 5448 1475 5504 diversoria
1531 5468 1593 5503 ac
1624 5468 1893 5524 aegrorum
1926 5455 2102 5509 domi-

519 5533 643 5586 (eilia
674 5538 1006 5603 construxit,
1035 5541 1340 5595 mercedem
1377 5560 1404 5595 a
1432 5540 1538 5598 Deo
1565 5546 1845 5615 animique
1869 5547 2097 5602 salutem

521 5640 754 5695 sperans
783 5645 841 5685 se
878 5641 1224 5703 recepturum
1263 5651 1406 5690 esse.

2211 3245 2298 3298 διὰ
2330 3246 2454 3307 τοὺς
2477 3244 2697 3314 ἔχοντας
2723 3242 2877 3305 δίκας
2903 3237 3197 3306 ἐξωτικοὺς
3230 3241 3325 3294 καὶ
3352 3239 3797 3311 εἰσερχομένους,

2213 3337 2300 3389 ἵνα
2330 3335 2724 3406 διατρέφωνται
2781 3335 2876 3388 καὶ
2924 3333 3258 3387 διοικοῦνται
3291 3332 3349 3396 ἐξ
3388 3331 3576 3385 αὐτοῦ.
3609 3331 3706 3392 Εἰς
3740 3329 3802 3382 δὲ

2210 3429 2300 3480 τὸν
2325 3427 2494 3494 τάφον
2525 3427 2693 3480 αὑτοῦ
2735 3427 3030 3497 διωρίσατο
3062 3426 3148 3479 ἵνα
3173 3425 3294 3479 καθ’
3325 3426 3612 3495 ὲκάστην’ή
3627 3425 3802 3494 μὲραν

2208 3521 2456 3574 δίδωνται
2504 3519 2694 3590 ψωμία
2725 3521 2769 3552 θ’
2824 3520 3086 3590 μυριάδες
3119 3518 3190 3586 γ’,
3241 3517 3336 3570 καὶ
3389 3518 3653 3588 τετράδην
3702 3515 3805 3570 καὶ

2211 3609 2565 3681 παρασκευὴν
2594 3611 2681 3662 ἵνα
2709 3610 2925 3663 δίδωται
2950 3611 3027 3673 είς
3053 3611 3112 3663 τὸ
3141 3607 3443 3678 πραιτώριν
3467 3610 3558 3661 καὶ
3589 3611 3667 3671 εἰς
3696 3608 3803 3678 τὴν

2212 3704 2432 3773 Χαλκῆν
2466 3704 2558 3756 καὶ
2594 3704 2674 3767 εἰς
2700 3704 2766 3756 τὰ
2799 3701 3061 3772 Νούμερα
3104 3701 3202 3754 ἕνα
3238 3700 3471 3753 ἕκαστον
3501 3697 3803 3768 ἄνθρωπον

2210 3796 2314 3850 ἀνὰ
2343 3796 2556 3866 φωλέας
2590 3795 2916 3860 δεκαπέντε,
2957 3795 3049 3848 καὶ
3079 3798 3142 3865 τῇ
3181 3792 3394 3863 μεγάλῃ
3454 3793 3802 3864 Παρασκευῇ

2211 3891 2418 3956 πάντας
2450 3893 2576 3955 τοὺς
2610 3889 2914 3960 φυλακίτας
2973 3887 3080 3941 ἀνὰ
3140 3888 3473 3957 νομίσματος
3522 3886 3660 3948 ἑνός.
3699 3888 3801 3963 Δι-

2207 3981 2444 4054 ωρίσατο
2462 3981 2517 4035 δὲ
2541 3982 2666 4045 τοὺς
2696 3979 2965 4050 μοναχοῦς
2987 3977 3082 4032 τοῦ
3115 3977 3414 4047 Ὀλύμπου,
3438 3976 3530 4029 τοῦ
3550 3978 3796 4047 Κυμινᾶ.

2206 4072 2301 4128 τοῦ
2334 4070 2596 4137 ’Λοωνος,
2637 4071 2730 4124 τοῦ
2781 4068 3081 4146 Βαραχὲως
3117 4071 3210 4123 καὶ
3260 4069 3353 4123 τοῦ
3384 4070 3655 4139 Λάτρους,
3698 4069 3798 4121 καὶ

2208 4168 2413 4230 πάντας
2466 4163 2765 4237 λαμϐάνειν
2799 4166 2905 4218 ἀνὰ
2954 4165 3295 4236 νομίσματος
3332 4163 3448 4225 ἑνός
3476 4179 3488 4192 '
3529 4161 3704 4215 ταῦτα
3740 4162 3799 4215 δὲ

2205 4261 2502 4333 λαμίοὶνειν
2534 4260 2728 4324 αὐτοὺς
2766 4260 2828 4311 ἐκ
2855 4258 2951 4327 τῆς
2991 4255 3125 4320 ἰδίας
3155 4257 3318 4310 αὐτοῦ
3348 4255 3538 4327 μονῆς.

2279 4362 2382 4426 μεν,
2427 4352 2778 4416 Ἰνδικτιῷνος
2808 4349 3034 4422 πρώτης
3098 4347 3396 4422 Ἀπριλλίῳ
3441 4351 3573 4421 μηνὶ
3626 4351 3800 4419 inal-

2207 4451 2296 4504 Oov
2320 4447 2478 4501 πάλιν
2503 4448 2550 4501 οί
2577 4445 2814 4516 Τοῦρκοι
2853 4443 2994 4516 μετὰ
3020 4443 3281 4515 πλείστης
3311 4444 3612 4513 δυνάμεως.
3656 4444 3716 4496 Ὀ
3739 4444 3799 4497 δὲ

2203 4542 2490 4612 πατρίκιος
2548 4538 2830 4608 Θεοφάνης
2892 4539 2920 4590 ὀ
2978 4534 3487 4607 παρακοιμώμενος
3561 4534 3801 4605 ἐξελθὼν

2202 4631 2436 4694 σπονδὰς
2481 4629 2764 4700 εἰρηνικὰς
2823 4627 3047 4700 ἐποίησε
3105 4626 3225 4697 μετ’
3291 4626 3495 4692 αὐτῶν,
3565 4629 3800 4699 ὁμήρων

2201 4717 2460 4790 ἐμφανῶν
2482 4719 2526 4750 ⁸⁸
2560 4717 2970 4788 ἀναλαϐόμενος
2989 4734 3002 4747 ·
3038 4716 3096 4783 ὲξ
3125 4710 3184 4771 οὗ
3212 4715 3415 4785 συνέϐη
3445 4717 3537 4768 ἐπὶ
3564 4718 3797 4786 χρόνους

2202 4811 2362 4864 πέντε
2391 4808 2490 4883 τὴν
2521 4809 2748 4880 είρηνην
2795 4807 3260 4878 διαφυλαχοῆναι.
3307 4807 3366 4859 Ὀ
3415 4806 3474 4858 δὲ
3534 4805 3788 4876 βασιλεὺς

2214 4904 2493 4972 Ῥωμανὸς
2522 4903 2802 4964 πλείσταις
2836 4899 3026 4952 πόλεσι
3063 4899 3205 4972 κατὰ
3237 4898 3578 4952 Μακεδονίαν
3610 4917 3666 4951 τε
3694 4899 3797 4953 καὶ

2205 4969 2446 5068 θρᾲκην,
2479 4996 2577 5058 τὰς
2614 4995 2711 5065 μὲν
2760 4996 2824 5046 ἐκ
2856 4969 3552 5063 βάθρωεϊᾶνῳκοδὸμησεν,
3593 4993 3703 5044 τισὶ
3736 4991 3798 5046 δὲ

2205 5089 2527 5157 καινισμοὺς
2553 5086 2869 5156 ἐπενόησεν.
2897 5085 2970 5137 Οὐ
3011 5083 3117 5154 μὴν
3149 5083 3284 5138 ἀλλὰ
3317 5083 3460 5135 κατὰ
3493 5083 3592 5155 τὴν
3627 5082 3796 5154 βασί-

2197 5183 2344 5235 λειον
2373 5182 2525 5234 πόλιν
2587 5179 2864 5250 περιφανῆ
2917 5177 3160 5231 παλατια
3221 5177 3676 5249 ἐκαινούργησεν,
3705 5175 3793 5228 ἔτι

2203 5276 2294 5327 καὶ
2326 5273 2600 5343 λειμῶνας
2639 5272 2974 5342 ἀμφιλαφεῖς
3026 5271 3118 5323 καὶ
3164 5269 3502 5340 εὐκάρτωυς,
3529 5269 3587 5332 ἐξ
3617 5259 3693 5321 ὧν
3725 5267 3793 5322 οὗ

2198 5365 2439 5437 τυχοῦσα
2469 5365 2659 5436 τέρψις
2684 5363 2961 5433 ἐγγίνεται
2983 5381 2996 5395 ·
3035 5367 3122 5416 ναὶ
3149 5363 3213 5436 δὴ
3239 5363 3330 5416 καὶ
3364 5363 3636 5433 γερόντων
3661 5377 3794 5430 τρο-

2199 5449 2325 5528 φεῖα
2355 5459 2689 5530 ξενονμὲιων
2723 5476 2781 5511 τε
2811 5455 3159 5527 καταγώγια,
3223 5455 3655 5530 ἀρρωστούντων
3701 5455 3793 5506 ἐν-

2197 5555 2551 5625 διαιτήματα,
2574 5553 2681 5606 τῷν
2713 5552 2853 5606 κατὰ
2885 5552 3062 5624 ψυχὴν
3091 5553 3280 5605 ἕνεκεν
3305 5550 3651 5605 ἀντιδόσεων.

1824 5731 2056 5786 VARUS
2089 5733 2488 5790 LECTIONES.

596 5805 642 5837 ⁸¹
678 5809 832 5878 μ’ὶδια
866 5830 1066 5887 :naigo.
1146 5822 1192 5852 ⁸⁸
1221 5821 1459 5892 ὁμήρους
1494 5824 1598 5877 τῷ)
1635 5826 1913 5895 ἐμφανῶν,
1950 5843 1998 5896 p.
2031 5826 2153 5882 590.
