4136 6418
323 412 438 475 ιω
1346 415 1498 475 LIB.
1522 416 1623 475 \‘I.
1669 441 1734 452 --
1768 415 1928 474 ROM

2042 412 2137 476 US
2181 415 2645 479 LACAPENUS;

422 526 543 599 pg’.
572 525 848 595 Δευτέρας
885 524 943 581 δὲ
980 525 1312 590 ίνδικτιωνος
1369 530 1397 580 6
1438 527 1717 597 Ῥωμανὸς
1794 528 1946 598 βασι·
1973 534 2019 591 Α

350 622 483 685 λεδς
543 618 857 690 Πασχάλιον
933 620 1428 690 πρωτοσπαθὰριον
1484 623 1578 676 καὶ
1641 622 1944 694 στρατηγὸν

352 712 757 783 Λογγιῦαρδίας
782 712 921 784 πρὸς
947 712 1038 765 τὸν
1061 713 1205 783 ρἧα
1224 713 1504 783 Φραγγίας
1522 713 1749 781 Οῦγωνα
1780 713 1946 780 ἐξαπ-

350 811 610 868 έστειλεν,
670 807 771 876 τὴν
810 806 982 860 αὑτοῦ
1033 806 1311 876 θυγατέρα
1354 806 1629 874 ἐπιζητῶν
1678 810 1758 869 εἰς
1808 807 1945 876 νύμσ

346 916 457 968 φςν
500 896 779 967 Ῥωμανῷ
809 895 890 965 τῷ
934 897 1029 948 τοῦ
1054 895 1309 966 γαμϐροῦ
1336 896 1501 948 αὐτοῦ
1530 897 1942 950 Κωνσταντίνου

340 993 447 1060 υἱῷ
469 1008 482 1020 ·
510 990 583 1058 ἣν
616 991 713 1041 καὶ
747 988 1036 1042 ἀναλαϐὼν
1068 989 1097 1041 6
1127 989 1420 1058 εἰρημένος
1466 988 1774 1058 Πασχὰλιος
1806 988 1944 1059 μετὰ

336 1081 585 1134 πλούτου
619 1078 819 1133 πολλοῦ
869 1082 928 1132 ἐν
970 1081 1036 1151 τῇ
1076 1079 1224 1131 πόλει
1257 1080 1558 1148 ἀνήγαγεν.
1590 1080 1786 1148 Γέγονε
1831 1080 1887 1133 δὲ
1916 1082 1944 1133 6

3525 425 3631 483 450

2124 531 2212 585 46.
2279 532 2455 585 Porro
2506 530 2749 586 secunda
2806 531 3105 589 indictione
3144 530 3425 590 Romanus
3457 535 3627 604 impe-

2050 634 2205 678 rator
2231 625 2577 678 Paschalium
2609 626 3111 694 protespatharium
3144 642 3206 682 ac
3232 626 3629 699 Langobardize

2046 715 2245 769 ducem
2302 715 2367 768 ad
2428 714 2707 785 llugonem
2760 731 2942 783 regem
3003 716 3247 772 Francia:
3288 721 3460 780 misit,
3505 720 3627 790 ejus

2050 806 2214 857 ﬁliam
2242 804 2489 859 Romano
2520 806 2867 860 Constantini
2893 808 3079 877 generi
3112 810 3194 862 sui
3228 808 3336 862 ﬁlio
3366 825 3623 877 sponsam

2046 898 2377 967 exquirens;
2413 912 2577 967 quam
2616 908 2669 953 et
2695 913 3008 966 assumens,
3038 918 3198 970 quem
3226 902 3359 964 dixi,
3388 902 3628 957 Pascha-

2048 990 2156 1046 lius
2175 1005 2299 1044 cum
2330 990 2497 1044 multa
2532 991 2912 1061 suppellectile
2943 1003 3107 1063 atque
3127 994 3321 1063 opibus
3351 994 3403 1047 in
3434 994 3624 1048 urbem

2046 1084 2290 1139 induxit.
2325 1085 2623 1139 Celebrata:
2652 1087 2855 1155 nuptiae
2887 1102 3075 1142 mense
3111 1085 3439 1157 Septembri,
3477 1086 3627 1141 indi—

334 1179 525 1246 γάμος
564 1174 930 1244 Σεπτεμϐρίῳ
965 1174 1099 1243 μηνὶ
1143 1173 1480 1237 ίνδικτιῶνος
1532 1175 1747 1245 τρίτης,
1779 1174 1941 1238 Ἥτις

338 1275 439 1324 21".
464 1271 686 1335 ζήσασα
719 1269 859 1338 μετὰ
887 1267 983 1319 τοῦ
1017 1267 1210 1337 ἀνδρὸς
1255 1266 1349 1337 ἔτη
1387 1266 1550 1320 πέντε
1586 1266 1940 1337 ἐτελεύτησεν

340 1366 465 1425 ταῖς
496 1363 743 1432 ἡμέραις
782 1362 883 1429 τῆς
913 1360 1351 1430 αὐτοκρατορίας
1384 1359 1797 1413 Κωνσταντίνου
1846 1358 1940 1411 τοῦ

336 1456 517 1522 αὐτῆς
555 1452 847 1523 πενθεροῦ.

409 1546 527 1616 με.
578 1547 815 1616 Ἀνὲμου
843 1546 900 1598 δέ
930 1544 1109 1615 βιαίου
1131 1546 1227 1597 καὶ
1254 1543 1487 1615 σφοδροῦ
1518 1543 1938 1598 καταπνεύσαν-

335 1657 429 1701 τος
484 1638 821 1708 Δεκεμϐρίῳ
878 1639 1013 1707 μηνὶ
1067 1638 1116 1691 οί
1175 1636 1467 1707 λεγόμενοι
1521 1640 1580 1691 ἐν
1613 1638 1691 1707 τῷ
1727 1635 1940 1708 ἱππικῷ

338 1735 520 1801 Δῆμοι
558 1732 897 1794 κατέπεσον,
959 1730 1010 1783 οἳ
1064 1731 1162 1784 ἀπ’
1216 1732 1466 1796 ἐναντίας
1510 1729 1603 1785 τοῦ
1653 1730 1934 1801 βασιλικοῦ

344 1824 547 1893 θρόνου
600 1823 921 1894 ἐτύγχανον,
959 1823 1044 1895 [Ρ.
1077 1823 1206 1896 268]
1244 1826 1338 1877 καὶ
1385 1824 1715 1896 συνέτριψαν
1760 1826 1829 1879 τά
1876 1841 1935 1878 τε
1980 1886 1983 1887 ν

2046 1177 2230 1233 ctione
2265 1179 2449 1231 tertia.
2486 1179 2630 1233 Vixit
2657 1193 2782 1233 cum
2814 1179 2936 1233 viro
2960 1195 3135 1234 annos
3169 1182 3448 1250 quinque;
3482 1188 3627 1235 tum-

2044 1284 2151 1338 que
2176 1268 2315 1324 vivis
2339 1280 2591 1337 exempta
2612 1276 2715 1335 est,
2734 1284 2857 1323 eum
2881 1270 3277 1325 Constantinus
3300 1272 3446 1325 illius
3470 1284 3629 1325 socer

2045 1360 2163 1430 ipse
2189 1376 2440 1416 summus
2480 1346 2782 1432 imperator
2814 1371 2962 1418 esset
3003 1363 3265 1433 solusque
3312 1378 3496 1418 rerum
3530 1377 3627 1434 po-

2043 1452 2263 1505 tiretur.

2114 1545 2203 1606 47.
2246 1542 2433 1601 Mense
2470 1545 2757 1601 Decembri
2788 1544 3128 1601 validissimo
3159 1544 3426 1615 perﬂante
3459 1553 3626 1600 vento

2042 1642 2211 1705 atque
2244 1636 2486 1695 turbine.
2521 1638 2613 1705 qui
2647 1637 2700 1690 in
2752 1636 2872 1690 foro
2904 1651 2969 1690 ex
3006 1636 3239 1689 adverso
3270 1636 3407 1706 regii
3440 1635 3621 1688 throni

2041 1727 2210 1783 erecti
2255 1736 2407 1789 sunt,
2463 1730 2543 1783 sic
2594 1729 2770 1783 vocati
2824 1727 2974 1783 Domi
3024 1736 3384 1791 corruerunt,
3434 1726 3622 1796 subje-

2041 1828 2269 1889 ctosque
2302 1821 2503 1890 gradus
2536 1828 2589 1875 et
2620 1834 2895 1874 marmora
2930 1834 2991 1874 ac
3024 1818 3352 1872 columelias
3388 1818 3621 1884 (stethea

343 1917 715 1969 ὑποκατωθεν
738 1916 921 1969 αὐτῶν
954 1915 1132 1986 βάθρα
1169 1918 1263 1969 καὶ
1290 1917 1360 1969 τὰ
1390 1916 1612 1987 στηθεῑα
1639 1916 1928 1987 λεγόμενα.

2038 1913 2215 1967 dictas
2254 1913 2412 1982 quasi
2449 1912 2514 1966 ad
2568 1911 2730 1983 432
2766 1918 2955 1981 pectus
2999 1907 3382 1982 ascendentes)
3413 1909 3621 1964 contri-

348 2010 569 2078 Χρόνου
600 2009 656 2062 δὲ
692 2007 1210 2079 περικυκλώσαντος
1242 2009 1320 2079 τῷ
1356 2009 1506 2079 αὑτῷ
1542 2010 1673 2079 μηνὶ
1709 2010 1800 2062 τὸν
1834 2010 1937 2078 βα-

360 2103 525 2156 σιλέα
556 2103 823 2171 Ῥωμανὸν
845 2102 895 2155 οί
922 2103 1036 2156 υἱοὶ
1062 2101 1227 2156 αὐτοῦ
1256 2103 1350 2156 τοῦ
1377 2103 1640 2158 παλατίου
1689 2103 1931 2173 κατήγα-

358 2210 480 2262 τον.

424 2285 541 2357 μη’.
585 2288 695 2357 Τῆς
728 2288 784 2341 δὲ
812 2288 1023 2353 πόλεως
1059 2288 1302 2359 Ἐδέσης,
1333 2288 1391 2341 ἐν
1488 2287 1548 2341 τὸ
1602 2286 1783 2358 τίμιον
1837 2286 1930 2341 τοῦ

337 2375 591 2445 Χριστοῦ
620 2381 917 2447 ἐκμαγεῖον
955 2379 1236 2437 ἀπέκειτο,
1288 2378 1440 2447 παρά
1485 2376 1578 2430 τοῦ
1621 2376 1930 2447 Ῥωμαϊκοῦ

342 2469 819 2540 πολιορκουμένης
857 2469 1269 2540 στρατεύματος
1301 2471 1394 2523 καὶ
1443 2471 1522 2533 είς
1555 2470 1802 2539 ἀνάγκην
1837 2488 1933 2540 με-

345 2562 539 2630 γίστην
571 2564 1037 2632 περιισταμένης,
1073 2562 1403 2617 ἀπέστειλαν
1427 2564 1475 2615 οἱ
1520 2563 1689 2628 αὐτῆς
1720 2563 1933 2631 οίκήτο-

343 2671 443 2724 ps;
489 2655 624 2723 πρὸς
658 2656 753 2707 τὸν
814 2654 1040 2723 βασιλέα
1081 2653 1361 2723 Ῥωμανὸν
1413 2652 1930 2722 διαπρεσϐευόμενοι

335 2744 442 2814 τὴν
470 2746 795 2817 πολιορκίαν
826 2745 1074 2815 λυθῆναι,
1101 2745 1162 2798 τὸ
1185 2744 1281 2796 τοῦ
1311 2742 1548 2814 Χριστοῦ
1574 2741 1729 2811 ἅγιον
1755 2744 1932 2810 Expa-

334 2840 489 2904 γεῖον
521 2840 791 2909 παρέχειν
817 2837 1282 2906 ἐπαγγελλόμενοι
1303 2853 1315 2865 ·
1351 2836 1490 2905 ὑπὲρ
1518 2835 1575 2889 δὲ
1601 2835 1700 2904 τῆς
1732 2833 1925 2886 τοιαύο

336 2946 440 3000 της
474 2930 700 3000 χάριτος
747 2930 1004 3000 δεσμίους
1034 2932 1310 3000 ᾐτήσαντο
1343 2928 1452 2980 τῶν
1483 2925 1761 2996 ἐπιφανῶν
1784 2926 1933 2979 ἀντι-

332 3021 549 3083 λαϐεῖν,
596 3022 1018 3092 χρυσοϐούλλιόν
1065 3039 1124 3074 τε
1167 3020 1355 3075 λαϐεῖν
1401 3018 1543 3072 ὥστε
1600 3018 1798 3087 μηκέτι
1832 3018 1932 3088 τὴν

336 3114 549 3167 τούτων
590 3114 777 3184 χώραν
818 3115 966 3184 παρὰ
1014 3113 1110 3167 τοῦ
1150 3111 1438 3182 Ῥωμαίων
1486 3110 1718 3180 στρατοῦ
1747 3109 1931 3179 ληῖζε-

343 3202 487 3257 σθαι.
516 3206 585 3256 '0
618 3203 683 3273 δὴ
716 3204 810 3255 καὶ
845 3188 1088 3271 γέγονεν.
1153 3201 1258 3254 Τοῦ
1323 3201 1478 3268 ἁγίου
1520 3200 1580 3252 δὲ
1630 3200 1928 3269 ἐκμαγείου

338 3296 455 3364 ἤτοι
489 3295 794 3364 μανδηλίου
835 3296 1235 3357 ἀποσταλέντος
1269 3294 1363 3345 καὶ
1396 3292 1496 3363 ἤδη
1533 3295 1598 3362 τῇ
1633 3293 1929 3344 Κωνσταν-

335 3389 654 3441 τινουπόλει
700 3389 1113 3458 πλησιάζοντος,
1146 3387 1423 3457 Θεοφάνης
1446 3386 1729 3456 πατρίκιος
1759 3387 1787 3437 6
1819 3402 1927 3438 παρ

338 3479 767 3549 ρακοιμώμενος
790 3482 847 3532 ἐν
872 3480 949 3549 τῷ
986 3479 1215 3549 ποταμῷ
1240 3478 1475 3547 Σαγάρῳ
1505 3478 1734 3541 ἐξελθὼν
1757 3478 1931 3549 ὑπήν-

330 3587 504 3642 τησεν
551 3571 711 3642 αὐτῷ
748 3573 887 3639 μετὰ
937 3573 1198 3642 λαμπρᾶς
1242 3571 1612 3641 φωταγωγίας
1674 3572 1769 3623 καὶ
1824 3572 1925 3640 τῆς

332 3664 568 3736 δεούσης
619 3665 784 3735 τιμῆς
821 3682 881 3717 τε
928 3667 1024 3718 καὶ
1067 3664 1376 3735 ὑμνῳδίας⁹
1411 3668 1503 3718 καὶ
1536 3667 1600 3733 τῇ
1639 3681 1928 3718 πεντεκαιι

334 3757 547 3825 δεκάτῃ
592 3756 685 3809 τοῦ
742 3756 1058 3825 Αὐγούστου
1092 3756 1261 3827 μηνὸς
1286 3757 1384 3809 σὺν
1418 3757 1567 3827 αὑτῷ
1592 3757 1651 3808 ἐν
1676 3759 1741 3827 τῇ
1774 3756 1926 3808 πόλει

347 3850 625 3916 εἰσῆλθεν,
657 3850 750 3903 τοῦ
799 3844 1157 3920 βασιλέωςω
1191 3849 1525 3920 Βλαχέρναις
1565 3850 1719 3911 ὄντος
1766 3851 1929 3902 κάκεῖ

360 3943 504 3994 αὺτδ
539 3948 1033 4015 προσκυνήσαντος.
1070 3946 1179 3998 Καὶ
1206 3948 1270 4015 τῇ
1302 3945 1563 4015 ἐπαύριον
1606 3944 1831 4013 ἐξῆλθον
1869 3948 1926 3996 ἐν

358 4034 429 4102 τῇ
474 4032 656 4103 Χρυσῇ
688 4036 851 4108 πὸρτῃ
884 4036 938 4089 οἴ
985 4054 1044 4089 τε
1075 4036 1335 4106 βασιλέως
1367 4037 1460 4089 δύο
1509 4036 1615 4087 υἱοὶ
1654 4036 1926 4104 Στέφανός

350 4143 410 4178 τε
441 4127 532 4178 καὶ
554 4126 952 4193 Κωνσταντίνος
981 4131 1074 4183 καὶ
1097 4132 1124 4181 6
1145 4129 1394 4199 γαμϐρὸς
1443 4128 1606 4181 αὑτοῦ
1641 4129 1929 4181 Κωνσταν-

338 4218 495 4278 τίνος
525 4216 621 4268 σὺν
649 4218 726 4287 τῷ
760 4218 1079 4289 πατριάρχῃ
1108 4218 1474 4288 Θεοφυλάκτῳ
1495 4234 1509 4249 ο
1536 4219 1630 4272 καὶ
1668 4216 1805 4286 μετά
1830 4217 1929 4287 τῆς

337 4309 575 4377 δεούσης
612 4311 769 4364 τοῦτο
812 4312 1179 4374 ἀναλαϐόντες
1233 4311 1422 4381 τιμῆς,
1466 4311 1565 4379 τῆς
1622 4310 1927 4380 συγκλήτου

338 4400 531 4472 πάσης
580 4402 1074 4474 προπορευομένης
1117 4404 1214 4457 καὶ⁵
1250 4403 1617 4471 φωταγωγίας
1663 4403 1929 4473 μεγίστης

336 4493 724 4563 προαγούσης,
779 4495 941 4567 μέχρι
998 4495 1092 4548 τοῦ
1144 4494 1275 4548 ναοῦ
1319 4496 1420 4563 τῆς
1494 4494 1680 4560 Ἀγίας
1726 4494 1928 4563 Σοφίας

332 4583 485 4654 πεζῇ
538 4584 885 4653 διεκόμισαν,
935 4584 1028 4638 καὶ
1087 4584 1465 4656 προσκυνηθὲν
1519 4585 1699 4636 ἐκεῖσε
1738 4585 1796 4637 ἐν
1847 4583 1927 4654 τῷ

332 4677 594 4747 παλατίῳ
623 4677 921 4745 ἀνήγαγον.

410 4766 525 4839 μθ’.
569 4770 658 4820 Ἐν
700 4769 926 4831 ταύταις
979 4769 1038 4821 δὲ
1080 4771 1199 4832 ταῖς
1254 4769 1492 4840 ἡμέραις
1548 4768 1833 4837 Ἀρμένιον
1874 4785 1926 4820 τι

323 4860 508 4930 τέρας
535 4862 603 4929 τῇ
619 4861 1157 4930 πόλειέπεφοιτήκει,
1190 4861 1377 4923 παῖδες
1405 4861 1673 4928 συμφυεῖς
1698 4859 1928 4928 ἄρρενες

327 4954 398 5006 ἐκ
433 4953 572 5021 μιᾶς
626 4952 980 5020 προελθόντες
1023 4952 1280 5021 γαστρὸς,
1314 4952 1491 5021 ἄρτιοι
1519 4950 1618 5019 μὲν
1652 4952 1829 5002 πάντα
1855 4950 1927 5001 τά

334 5046 481 5119 μέλη
530 5045 628 5099 τοῦ
678 5045 950 5116 σώματος,
982 5045 1089 5101 ἀπὸ
1138 5045 1195 5097 δὲ
1232 5047 1498 5115 στόματος
1552 5044 1652 5111 τῆς
1684 5043 1924 5112 γαστρὸς

330 5145 430 5199 καί
491 5141 657 5212 μέχρι
704 5142 811 5195 τῶν
861 5143 966 5195 ὑπὸ
1016 5140 1264 5212 γαστέρα
1323 5137 1781 5209 συμπεφυκότες,
1828 5137 1923 5190 καὶ

330 5236 597 5307 ἀλλήλοις
657 5234 997 5304 ὑπάρχοντες
1044 5231 1488 5303 ἀντιπρόσωπον
1521 5230 1571 5282 οἳ
1617 5230 1711 5283 ἐπὶ
1765 5229 1923 5283 πλεῖ·

333 5346 467 5383 στον
505 5331 573 5399 τῇ
604 5328 759 5380 πόλει
793 5326 1258 5395 ἐνδιατρίψαντες,
1300 5324 1397 5377 καὶ
1447 5322 1554 5376 ὑπὸ
1599 5322 1819 5375 πάντων
1850 5322 1924 5386 ὡς

332 5419 578 5487 ἐξαίσιόν
602 5436 656 5473 τι
680 5419 847 5489 τέρας
880 5415 1172 5487 ὁρώμενοι,
1205 5418 1304 5485 τῆς
1341 5415 1548 5478 πόλεως
1576 5415 1652 5479 ὡς
1686 5415 1927 5485 πονηρός

333 5533 419 5579 τις
442 5515 635 5578 οίωνὸς
684 5511 993 5584 ἐξηλάσατο
1006 5510 1075 5564 δ’.
1112 5510 1237 5562 Ἐπὶ
1262 5509 1319 5562 δὲ
1365 5509 1796 5580 μονοκρατορίας
1827 5509 1925 5578 βα-

338 5605 542 5671 σιλείας
578 5600 1009 5659 Κωνσταντίνου
1044 5598 1207 5653 πάλιν
1245 5599 1590 5669 είσήλθοσαν.
1624 5601 1779 5653 Ἐπεὶ
1808 5600 1864 5653 δὲ
1896 5602 1924 5653 6

335 5698 519 5772 ἔτερος
548 5693 744 5752 αὐτῶν
797 5690 1104 5761 ἐτεθνήκει,
1138 5688 1312 5759 ίατροί
1362 5706 1513 5755 τινες
1562 5689 1817 5763 ἔμπειροι
1862 5690 1925 5744 τὸ

2037 2011 2259 2058 verunt.
2313 2003 2458 2056 Anni
2495 2012 2675 2057 autem
2726 2009 2969 2056 vertente
3002 2003 3235 2067 circulo,
3272 2001 3463 2057 eodem
3498 2001 3622 2073 ipso

2034 2108 2245 2162 mense,
2278 2094 2589 2149 Romanum
2626 2095 3012 2164 imperatorem
3055 2094 3174 2150 eius
3213 2094 3311 2149 ﬁlii
3342 2092 3467 2150 aula
3492 2094 3620 2165 eje-

2034 2194 2251 2239 cerunt.

2106 2278 2197 2333 48.
2224 2278 2429 2334 Edessa
2466 2289 2648 2334 autem
2675 2280 2833 2347 urbe,
2864 2281 2917 2334 in
2943 2296 3051 2351 qua
3079 2282 3387 2337 veneranda
3413 2280 3617 2338 Christi

2031 2373 2234 2443 eﬂigies
2265 2373 2441 2442 posita
2482 2381 2623 2437 erat,
2654 2388 2681 2425 a
2724 2372 2977 2428 Romano
3023 2376 3265 2430 exercitu
3305 2377 3531 2430 obsessa
3564 2386 3618 2429 et

2032 2464 2097 2515 ad
2139 2472 2419 2517 extremas
2451 2464 2739 2532 angustias
2791 2463 3038 2538 redacta,
3080 2464 3339 2535 oppidani
3371 2473 3619 2519 oratores

2034 2555 2097 2609 ad
2134 2552 2443 2608 Romanum
2479 2554 2865 2624 imperatorem
2899 2556 3148 2621 mittunt,
3188 2565 3444 2627 rogantes
3480 2557 3617 2610 solvi

2031 2648 2400 2709 obsidionem,
2430 2646 2552 2715 ejus
2584 2648 2833 2702 muneris
2863 2649 3035 2717 gratia
3070 2663 3127 2703 se
3167 2648 3374 2704 Christi
3404 2658 3618 2703 sacram

2031 2739 2261 2807 emgiem
2298 2741 2349 2792 in
2404 2739 2573 2793 linteo
2603 2752 2920 2807 expressam
2955 2740 3184 2794 (laturos
3221 2741 3484 2811 polliciti;
3516 2741 3625 2794 htt—

2025 2837 2229 2901 jusque
2262 2831 2438 2899 ipsius
2473 2830 2722 2884 muneris
2753 2830 2925 2884 vicem
2961 2844 3026 2886 ex
3076 2832 3193 2887 suis
3220 2833 3437 2887 vinctos
3479 2834 3623 2887 reci—

2031 2939 2157 2994 pere
2183 2924 2461 2992 petebaut,
2482 2923 2574 2991 qui
2604 2922 2909 2977 nobiliores
2934 2933 3141 2985 essent,
3172 2923 3430 2993 bullaque
3453 2938 3620 2977 aurea

2031 3032 2149 3071 eam
2199 3016 2333 3085 ipsis
2392 3015 2642 3084 prtestari
2698 3013 2883 3077 ﬁdem,
2914 3023 2973 3068 ut
3022 3030 3303 3084 nunquam
3357 3013 3620 3069 Romanae.

2033 3107 2206 3176 copiae
2249 3105 2585 3160 Edessenam
2616 3106 2893 3173 regionem
2933 3104 3303 3160 devastarent.
3346 3103 3501 3170 Quod
3537 3105 3621 3161 sic

2034 3201 2221 3269 utique
2254 3198 2479 3252 factum.
2531 3195 2695 3251 Missa
2736 3198 2921 3266 itaque
2961 3210 3117 3250 saera
3162 3194 3337 3263 eﬂigie
3383 3210 3477 3248 seu
3515 3209 3615 3246 su-

2032 3293 2208 3357 dario,
2245 3290 2471 3359 jamque
2518 3287 2661 3341 haud
2694 3287 2887 3357 procul
2930 3286 3212 3356 Byzantio,
3253 3283 3619 3353 TheOphanes

2033 3385 2302 3457 patricius
2353 3391 2407 3437 et
2442 3383 2724 3436 aceubitor
2772 3380 2838 3433 ad
2900 3378 3149 3447 Sagarim
3209 3377 3433 3430 ﬂuvium
3487 3392 3613 3431 cum

2032 3476 2320 3547 splendido
2348 3488 2633 3529 cereorum
2671 3479 2935 3542 apparatu
2973 3484 3328 3538 congruoque
3370 3468 3523 3522 cultu
3562 3478 3617 3519 et

2031 3571 2262 3626 canticis
2297 3568 2372 3622 illi
2419 3568 2635 3621 obviam
2686 3564 2984 3632 processit,
3016 3563 3337 3629 mensisque
3381 3560 3619 3628 Augusti

2030 3665 2223 3734 quinta
2250 3662 2464 3716 decima
2497 3675 2622 3713 cum
2658 3659 2753 3712 illo
2803 3659 2856 3711 in
2912 3657 3105 3711 urbem
3140 3655 3382 3715 intravit,
3440 3652 3615 3721 impe-

2033 3765 2214 3809 ratore
2264 3754 2318 3807 in
2349 3751 2674 3805 Blachernis
2705 3751 3031 3811 constituto,
3064 3747 3156 3801 ubi
3190 3749 3355 3801 etiam
3385 3743 3619 3814 eiligiem

2030 3848 2180 3900 illam
2229 3845 2499 3899 adoravit.
2543 3842 2597 3895 In
2632 3842 2941 3896 crastinum
2995 3841 3254 3895 exierunt
3296 3838 3363 3892 ad
3404 3844 3619 3908 portam

2030 3951 2250 3991 auream
2285 3944 2397 3987 tum
2428 3933 2780 4001 imperatoris
2811 3932 2921 3985 duo
2954 3932 3045 3985 ﬁlii
3072 3932 3384 3998 Stephanus
3407 3938 3458 3986 et
3482 3929 3624 3985 Con-

2031 4022 2331 4083 stantinus,
2364 4032 2475 4073 tum
2501 4020 2901 4073 Constantinus
2928 4020 3071 4072 illius
3095 4035 3262 4089 gener
3290 4036 3413 4075 cum
3438 4016 3621 4073 Theo-

2029 4113 2284 4184 phylaeto
2314 4110 2669 4180 patriarcha;
2708 4109 3007 4178 debitoqne
3052 4110 3261 4164 honore
3293 4117 3612 4180 susceptum

2030 4220 2246 4260 sacrum
2280 4204 2501 4273 pignus,
2560 4201 2822 4255 ttniverso
2869 4208 3064 4254 senatu
3113 4209 3393 4270 prmeunte
3437 4201 3616 4255 maxi—

2031 4314 2231 4364 maque
2261 4310 2545 4353 eereorum
2580 4302 2743 4364 atque
2775 4293 3018 4363 lapidum
3047 4302 3228 4359 segete
3264 4294 3616 4363 praeiucente,

2032 4393 2283 4459 adusque
2342 4388 2402 4442 ὃ.
2454 4386 2675 4456 Sophia:
2708 4386 2971 4457 templum
3001 4384 3237 4453 pedibus
3276 4384 3613 4449 detulerunt,

2031 4492 2198 4553 atque
2234 4482 2348 4536 illic
2379 4480 2708 4534 adoratione
2737 4478 3083 4549 mysticoque
3123 4474 3275 4532 cultu
3325 4489 3614 4548 exceptum

2032 4579 2091 4633 in
2127 4576 2391 4645 palatium
2428 4572 2757 4626 intulerunt.

2296 4772 2385 4828 49.
2424 4769 2523 4829 His
2577 4770 2692 4838 psis
2741 4767 2934 4821 diebus
2973 4774 3280 4821 monstrum
3337 4767 3612 4835 quoddam

2030 4882 2095 4922 ex
2132 4866 2387 4920 Armenia
2449 4862 2661 4931 Cpolim
2722 4861 2996 4912 invectum
3051 4867 3154 4919 est,
3190 4858 3347 4926 pueri
3401 4859 3613 4912 sclliert

2028 4958 2140 5013 duo
2174 4956 2403 5012 masculi
2429 4956 2764 5009 cohaerentes
2792 4960 2902 5003 uno
2926 4960 3115 5003 ventre
3149 4953 3446 5021 progressi,
3474 4950 3612 5003 alias

2031 5050 2292 5105 membris
2351 5047 2607 5103 omnibus
2664 5045 2915 5116 corporis
2967 5029 3188 5112 in'teg’ri,
3238 5056 3265 5094 a
3321 5042 3607 5095 ventriculi

2031 5151 2215 5195 tatnen
2250 5156 2347 5196 ore
2381 5148 2435 5195 et
2460 5140 2600 5193 infra
2635 5138 2836 5206 pubem
2871 5136 3016 5190 inter
3046 5151 3103 5189 se
3158 5133 3401 5188 concreti
3452 5142 3614 5202 atque

2031 5232 2273 5286 vultibus
2308 5229 2578 5285 obversis.
2616 5228 2685 5282 Hi
2736 5228 2830 5281 ditt
2880 5228 2933 5281 in
2991 5226 3124 5277 urbe.
3186 5221 3386 5277 versati
3439 5230 3569 5276 sunt

2031 5337 2269 5391 cumque
2321 5336 2515 5376 omnes
2574 5330 2839 5389 tanquam
2888 5319 3128 5372 immane
3174 5312 3443 5383 quoddam
3482 5328 3607 5382 por-

2030 5425 2243 5471 tentum
2275 5423 2690 5476 contueremur,
2725 5414 3006 5467 Romanus
3031 5407 3327 5476 imperator
3358 5421 3456 5459 ceu
3489 5418 3608 5459 ma-

2032 5511 2142 5563 lum
2182 5506 2458 5577 quoddam
2521 5520 2691 5560 omen-
2720 5505 2809 5558 illa
2844 5502 3025 5572 eiecit.
3052 5499 3185 5553 Cum
3247 5505 3428 5551 autem
3454 5498 3608 5552 solus

2026 5601 2138 5672 jam
2172 5598 2572 5655 Constantinus
2604 5613 2788 5652 rerum
2843 5594 3135 5665 potiretur,
3185 5590 3378 5644 iterum
3417 5590 3468 5642 in
3519 5603 3614 5641 ur-

2031 5694 2152 5748 bem
2182 5691 2417 5763 ingressi
2448 5701 2602 5748 sunt.
2636 5690 2757 5748 Uno
2787 5698 2969 5744 autem
2995 5698 3060 5741 ex
3110 5684 3191 5741 eis
3227 5690 3467 5750 mortuo,
3516 5690 3613 5754 pe-

1628 5783 1866 5842 VAlihE
1905 5783 2317 5842 LECTIONES.

391 5889 441 5925 ιι
474 5882 875 5958 εξψάθησαν,
909 5874 1043 5929 Leo.
1079 5875 1172 5933 Gr.
1204 5875 1454 5931 Combet'.
