4136 6454
498 421 599 490 451

1580 420 2098 486 ’ΤΙῙΕΟΡΗΑΝΕΞ
2139 421 2697 489 CONTINUATUS.

3665 431 3782 499 452

501 541 591 595 t-iti
623 539 843 611 quidam
893 537 1090 594 medici
1125 538 1584 594 cohaerescentem
1619 550 1924 594 emortuam
1952 555 2079 610 par-

2195 542 2696 613 συγκεκολλημένον
2743 541 2908 613 μέρος
2934 536 3184 614 διέτεμον
3212 542 3432 613 εὐφυῶς
3473 539 3647 597 ἐλπίδι
3675 543 3782 598 τοῦ

502 644 611 689 tem
644 632 828 688 subtili
857 643 973 687 arte
1000 641 1350 702 putaverunt,
1376 632 1634 687 nimi-rum
1660 631 1778 687 fore
1801 644 2085 702 sperantes

502 733 564 779 ut
611 724 706 777 illo
739 722 984 777 remedio
1042 722 1180 775 alter
1232 722 1530 777 incolumis
1588 734 1953 778 servaretur:
1989 724 2086 793 qui

502 826 685 872 tamen
723 816 843 886 ipse
875 814 1059 869 triduo
1095 817 1362 870 duntaxat
1385 824 1675 885 superstes
1694 816 1835 871 diem
1852 816 2012 871 obiit.

570 908 662 961 50.
705 907 986 961 Romanus
1011 907 1308 975 imperator
1337 923 1459 961 cum
1490 908 1774 962 monachis
1804 908 2084 974 omnibus,

502 999 583 1053 uti
614 999 825 1054 dictum
869 1005 975 1061 est,
1012 999 1170 1052 fidem
1217 999 1507 1066 plurimam
1548 1000 1877 1069 cultumque
1925 999 2081 1053 adhi-

503 1092 678 1154 beret,
710 1107 825 1162 prae
854 1091 1083 1167 reliquis
1115 1099 1297 1145 tamen
1334 1090 1649 1161 eximieque
1702 1090 1957 1162 Sergium
2004 1093 2087 1146 vi—

500 1199 623 1238 rum
654 1193 865 1239 monasl
880 1183 960 1239 ica
994 1182 1343 1237 institutione
1372 1182 1690 1252 praeclarum
1728 1184 2083 1239 observabat.

502 1273 631 1331 Erat
666 1276 752 1329 hic
784 1274 1034 1343 magistri
1065 1274 1278 1329 Cosma:
1305 1273 1497 1339 frater,
1536 1275 1695 1344 primi
1729 1276 2084 1331 tribunalium

505 1366 775 1436 praesidis.
810 1365 1150 1439 Instauravit
1192 1374 1247 1420 et
1306 1365 1576 1421 Manuelis
1638 1368 2082 1422 monasterium:

500 1458 665 1511 simili
700 1472 919 1526 quoqne
955 1457 1168 1511 ratione
1198 1456 1638 1512 Panteleemouis
1665 1460 2084 1515 monasterium

500 1560 565 1600 ac
592 1546 895 1610 basilicam,
936 1547 1025 1600 cui
1076 1562 1377 1617 cognomen
1420 1548 1589 1618 Opbri
1650 1560 1867 1619 portus,
1900 1564 1930 1603 a
1958 1548 2086 1603 fun-

498 1638 773 1694 damentis
822 1639 1018 1693 erexit.
1068 1638 1427 1709 Octingentos
1478 1641 1592 1694 illic
1638 1642 1943 1697 monachos
1986 1641 2087 1697 sub

500 1738 693 1783 sancto
726 1729 979 1783 instituto
1012 1729 1298 1795 adnnavit,
1333 1731 1511 1799 iisque
1535 1737 1740 1783 statuta
1778 1730 2085 1801 stipendia,

500 1821 646 1877 unde
698 1829 1167 1883 sustentarentur,
1205 1823 1515 1888 constituit,
1558 1838 1679 1892 quae
1723 1823 1915 1894 Sergio
1963 1841 2086 1879 mo-

2187 635 2280 686 τὸν
2316 634 2504 704 ἕτερον
2568 634 2872 704 ζήσεσθαι⁶
2906 634 2989 705 [Ρ.
3025 636 3153 707 269]
3219 636 3279 701 ὃς
3344 639 3497 707 τρεῖς
3556 638 3782 708 ἡμέρας

2189 725 2437 789 ἐπιδιοὺς
2466 726 2842 797 ἐτελεύτησεν.

2260 906 2323 960 ν’.
2356 908 2465 960 Καὶ
2504 911 2560 960 ἐν
2584 909 2717 960 πᾶσι
2749 907 2849 977 μὲν
2889 910 3166 978 μοναχοῖς,
3198 909 3276 972 ὡς
3305 908 3566 980 ἀνωτέρω
3615 910 3785 980 εἴρη-

2187 1017 2299 1061 ται,
2338 1001 2522 1052 πίστιν
2584 1002 2852 1070 ἐκέκτητο
2900 1002 3141 1072 ἄμετρον
3192 1004 3221 1054 ὁ
3269 1002 3545 1070 βασιλεὺς,
3585 1001 3784 1071 διαφεο

2190 1090 2393 1161 ρόντως
2414 1092 2472 1144 δέ
2502 1090 2663 1160 ἐτίμα
2688 1093 2777 1144 καὶ
2802 1092 3103 1162 ὑπερέαεϐε
3136 1091 3362 1162 Σέργιον
3393 1092 3487 1145 τὸν
3515 1095 3574 1144 ἐν
3607 1109 3776 1161 μονα-

2190 1187 2343 1247 σταῖς
2399 1185 2797 1254 διαλάμποντα,
2846 1185 2906 1248 ὃς
2958 1185 3191 1253 ἀδελφὸς
3249 1184 3637 1252 ἐπεφύκειτοῦ
3674 1203 3780 1254 μα-

2188 1277 2415 1344 γίστρου
2451 1278 2648 1348 Κοσμᾶ
2699 1278 2794 1331 τοῦ
2850 1277 3069 1348 πρώτου
3126 1278 3237 1330 τῶν
3291 1275 3612 1347 κριτηρίων.
3661 1278 3785 1329 Ἀν-

2189 1369 2431 1422 εκαίνισε
2458 1370 2552 1423 καὶ
2580 1370 2681 1440 τὴν
2706 1370 2874 1442 μονὴν
2903 1371 2996 1423 τοῦ
3026 1370 3368 1440 Μανουῆλος.
3390 1369 3650 1432 ὡσαύτως
3680 1370 3785 1422 καὶ

2187 1462 2285 1532 τὴν
2312 1462 2610 1532 ἐκκλησίαν
2645 1466 2739 1517 καὶ
2773 1464 2832 1516 τὸ
2866 1465 3232 1534 μοναστήριον
3257 1466 3320 1516 ἐκ
3347 1462 3549 1533 βάθρου
3583 1462 3787 1525 κτίσας

2189 1555 2283 1609 τοῦ
2345 1556 2531 1624 Ἀγίου
2593 1557 3067 1627 Παντελεήμονος,
3136 1549 3181 1624 ᾧ
3241 1555 3532 1626 ἐπώνυμον
3575 1555 3785 1626 Ὀερροῦ

2188 1645 2379 1717 λιμήν.
2430 1645 2721 1715 Ἀπέκειρε
2770 1645 2829 1698 δέ
2879 1646 2974 1698 καὶ
3020 1647 3199 1697 ἐκεῖσε
3233 1644 3500 1714 μοναχοὺς
3545 1642 3789 1695 ὀκτακο-

2193 1738 2365 1801 σίους,
2399 1736 2663 1800 τυπώσας
2695 1738 2792 1791 καὶ
2831 1738 3085 1807 σελέμνια
3117 1735 3213 1791 τοῦ
3248 1736 3550 1806 λαμϐάνειν
3576 1735 3787 1796 αὐτοὺς

2191 1832 2331 1901 ὺπέρ
2365 1831 2664 1901 διατροφῆς
2696 1830 2901 1893 αὐτῶν,
2933 1830 3057 1893 δοὺς
3088 1829 3260 1882 ταῦτα
3283 1828 3361 1898 τῷ
3397 1827 3619 1899 μοναχῷ
3643 1828 3786 1896 Σερ-

501 1914 680 1968 nacbo
707 1914 850 1983 patri
896 1928 999 1968 suo
1032 1912 1265 1983 spiritali
1299 1914 1353 1968 in
1383 1930 1573 1969 eorum
1627 1893 1904 1971 annonam
1958 1932 2090 1986 prae-

2198 1920 2303 1990 γίῳ
2334 1920 2414 1991 τῷ
2453 1921 2812 1993 πνευματικῷ
2866 1919 3034 1975 αὑτοῦ
3086 1921 3274 1992 πατρί.
3309 1922 3525 1980 Πάντας
3558 1919 3612 1969 δὲ
3649 1918 3787 1981 τοὺς

498 2006 683 2061 behat.
711 2004 1084 2063 Miserationis
1104 2006 1300 2062 affectu
1318 2021 1448 2076 erga
1478 2022 1670 2063 omnes
1690 2008 1910 2063 exsules
1931 2007 2095 2081 434

499 2098 783 2170 agebatur,
802 2100 855 2153 iu
875 2114 1012 2169 quos
1031 2114 1281 2170 magnam
1300 2100 1408 2154 vim
1429 2102 1786 2170 pecuniarum
1803 2104 2090 2173 erogabat;

500 2190 854 2259 quamobrem
874 2205 980 2260 quo
1002 2198 1246 2259 tempore
1265 2205 1332 2244 ex
1370 2191 1493 2243 aula
1512 2191 1793 2258 discessit,
1814 2209 1914 2248 nec
1949 2210 2093 2249 unus

500 2281 719 2351 quidem
740 2283 893 2336 exsul
914 2282 1172 2335 inventus
1206 2289 1311 2336 est.
1333 2280 1457 2335 Fuit
1482 2281 1706 2352 Sergius
1724 2281 1905 2337 Photii
1927 2284 2095 2352 patri-

501 2374 683 2428 archae
703 2387 891 2441 nepos,
912 2372 1080 2427 animi
1104 2372 1442 2443 ingenuitate
1463 2388 1624 2443 quam
1650 2374 1834 2429 carnis
1853 2375 2095 2429 necessi-

501 2465 694 2519 tudine
729 2465 1017 2518 illustrior.
1054 2464 1135 2517 Ad
1164 2479 1434 2518 summam
1463 2464 1608 2519 enim
1628 2465 1883 2520 virtutem
1908 2467 2093 2521 scien-

503 2557 749 2627 tiamque
793 2567 1139 2626 pervenerat,
1183 2571 1283 2610 nec
1337 2565 1459 2611 utra
1512 2566 1799 2626 przesmret
1851 2557 2093 2613 discerni

504 2648 667 2703 facile
701 2656 955 2717 poterat:
999 2647 1079 2702 sic
1133 2647 1397 2701 nimirum
1456 2658 1718 2703 accurate
1768 2663 2093 2719 summaque

502 2740 843 2813 perfectione
873 2748 1163 2810 utramque
1195 2739 1531 2795 excoluerat.
1567 2740 1742 2796 l‘orro
1784 2740 2013 2797 florebat
2036 2742 2093 2797 in

500 2849 570 2890 eo
595 2832 948 2889 discretionis
976 2832 1173 2901 pudor,
1203 2846 1415 2885 morum
1444 2832 1641 2902 gratia,
1666 2832 1836 2886 animi
1869 2848 2091 2896 sensus,

502 2927 796 2982 modestia.
835 2925 1024 2996 Neque
1054 2926 1199 2979 enim
1259 2925 1557 2995 supercilia
1620 2925 1953 2991 attrabehat,
2010 2927 2091 2980 uti

501 3020 666 3074 modo
700 3020 1047 3089 sapientibus
1081 3025 1463 3089 comparatum
1495 3027 1603 3084 est,
1640 3034 1739 3073 nec
1769 3033 1901 3073 vero
1934 3034 2094 3074 arro—

501 3120 717 3179 gantem
751 3121 917 3181 atque
967 3112 1267 3181 superbum
1314 3110 1644 3181 praeferebat
1692 3128 1706 3164 :
1758 3111 1852 3166 sed
1907 3125 2092 3165 sermo

2196 2011 2255 2062 ἐν
2310 2008 2499 2079 ἐξορία
2549 2011 2938 2081 συμπαθήσας,
2978 2010 3073 2063 καὶ
3131 2010 3255 2074 δοὺς
3297 2012 3483 2072 αὐτοῖς
3516 2012 3787 2079 χρήματα

2197 2100 2392 2164 πολλὰ,
2426 2100 2567 2154 ὥστε
2595 2102 2654 2155 ἐν
2682 2101 2759 2169 τῷ
2800 2100 3168 2172 κατέρχεσθαι
3197 2102 3360 2155 αὑτὸν
3383 2104 3446 2154 ἐκ
3472 2099 3567 2152 τοῦ
3602 2100 3789 2155 παλα-

2194 2193 2308 2246 τίου
2341 2187 2421 2256 εἷς
2457 2193 2551 2246 καὶ
2580 2193 2739 2263 μόνος
2772 2192 3051 2265 ἐξόριστος
3076 2195 3175 2263 οὐχ
3210 2193 3430 2264 εὑρέθη.
3469 2187 3641 2255 Οὗτος
3671 2193 3727 2247 δὲ
3756 2195 3790 2247 ὁ

2196 2289 2423 2355 Σέργιος
2447 2288 2668 2357 ἀνεψιὸς
2696 2286 2790 2340 τοῦ
2851 2286 3193 2359 πατριάρχου
3219 2289 3424 2340 Φωτίου
3448 2285 3752 2356 ἐτύγχανεν
3776 2306 3787 2317 ·

2194 2378 2253 2431 ὃν
2300 2378 2461 2432 πλέον
2507 2379 2605 2448 τῆς
2653 2378 2926 2447 σαρκικῆς
2978 2377 3301 2445 συγγενείας
3340 2380 3372 2443 ἡ
3405 2377 3544 2429 κατὰ
3600 2375 3790 2446 ψυχὴν

2194 2470 2361 2540 ἐτίμα
2396 2471 2666 2538 εὐγένεια.
2710 2471 2937 2540 Ἀρετῆς
2964 2471 3073 2539 γάρ
3100 2470 3179 2531 είς
3210 2469 3379 2538 ἄκρον
3402 2469 3494 2521 καὶ
3523 2466 3793 2537 γνώσεως

2194 2562 2422 2633 ἤλασεν,
2452 2562 2527 2625 ὡς
2561 2563 2822 2631 δυσχερὲς
2856 2555 2999 2613 εἶναι
3030 2559 3328 2629 διακρίνειν
3374 2559 3592 2628 ποτέρῳ
3640 2559 3792 2629 μᾶλ-

2194 2654 2285 2725 λον
2318 2655 2665 2709 πλεονεκτεῖ·
2706 2653 2879 2716 οὕτως
2909 2656 2991 2717 είς
3020 2654 3188 2726 ἄκρον
3226 2652 3497 2722 ἑκατέραν
3548 2651 3791 2721 ἐξήσκη-⁹

2197 2763 2309 2801 σεν.
2357 2747 2615 2819 Ἑπήνθει
2640 2748 2697 2800 δέ
2722 2746 2872 2816 αὐτῷ
2908 2746 3046 2815 πρὸς
3078 2749 3195 2809 τοῖς
3227 2745 3409 2808 ἄλλοις
3432 2740 3435 2743 ἤ
3460 2744 3551 2797 καὶ
3577 2744 3639 2794 τὸ
3674 2742 3787 2811 τῆς

2194 2839 2519 2907 διακρίσεως
2551 2839 2774 2909 ἔρευθος
2823 2840 2916 2892 καὶ
2955 2841 3014 2892 τὸ
3045 2840 3238 2909 χαρίεν
3271 2837 3364 2891 τοῦ
3396 2836 3553 2906 ἤθους
3586 2835 3682 2888 καὶ
3711 2835 3779 2887 τὸ

2197 2932 2422 3002 μέτριον
2468 2931 2564 2984 τοῦ
2623 2933 3007 3002 φρονήματος·
3064 2931 3184 2983 οὐδὲ
3248 2931 3357 2998 γάρ
3406 2928 3616 2981 ἀνέσπα
3673 2925 3779 2989 τὰς

2194 3024 2367 3093 ὀφρῦς
2389 3025 2531 3078 κατὰ
2559 3025 2687 3088 τοὺς
2718 3024 2809 3077 νῦν
2839 3025 3057 3092 σοφοὺς,
3092 3023 3215 3075 οὺδέ
3240 3019 3457 3083 ἀλαζών
3489 3036 3571 3081 τις
3605 3018 3784 3070 ἐδόκει

2196 3119 2290 3169 καὶ
2324 3119 2697 3188 ὑπερήφανος,
2735 3117 2872 3170 ἀλλὰ
2897 3115 2988 3169 τὸν
3015 3116 3173 3182 λόγον
3205 3114 3302 3184 μὲν
3348 3110 3492 3183 εἶχεν
3514 3110 3786 3181 γλυκύτε-

502 3204 583 3259 illi
619 3205 777 3260 melle
806 3205 1022 3258 dulcior
1050 3220 1114 3259 ex
1150 3218 1247 3258 ore
1276 3204 1544 3258 stillabat.
1578 3202 1761 3258 Firma
1792 3204 2002 3258 indoles
2028 3218 2091 3259 ac

2197 3223 2290 3277 ρον
2347 3208 2563 3276 μέλιτος
2614 3206 3013 3269 άποστάζοντα,
3046 3206 3107 3259 τὺ
3151 3200 3284 3276 ἦθος
3338 3204 3396 3258 δὲ
3442 3204 3642 3271 πάγιον
3689 3201 3790 3255 καὶ

502 3304 792 3361 constans,
825 3312 1023 3352 sensus
1048 3296 1219 3349 animi
1245 3295 1532 3350 modestus
1563 3310 1626 3349 ac
1655 3295 1901 3350 humilis.
1934 3294 2094 3351 Hunc

504 3391 687 3459 itaque
726 3390 906 3445 virum
959 3391 1220 3462 inclytum
1279 3391 1581 3460 imperator
1613 3406 1718 3445 una
1748 3407 1935 3446 secum
1964 3407 2094 3447 con-

505 3483 656 3537 tinue
679 3482 938 3550 habebat,
992 3483 1059 3537 ad
1109 3484 1270 3553 cujus
1323 3498 1574 3538 normam
1629 3492 1793 3553 atque
1846 3486 2090 3556 regulam

504 3575 631 3629 vitae
657 3590 771 3631 sua:
797 3575 1040 3629 rationes
1066 3583 1444 3644 componeret.
1477 3574 1730 3630 Monebat
1764 3576 1876 3638 ille,
1895 3577 2094 3631 etiam-

505 3682 615 3737 que
646 3674 812 3736 atque
839 3667 1007 3720 etiam
1027 3666 1355 3720 hortabatur
1376 3673 1436 3721 ut
1466 3666 1769 3721 liberorum
1794 3667 2093 3736 imperator

506 3773 704 3813 curam
768 3765 977 3828 ageret,
1030 3772 1130 3811 nec
1178 3758 1625 3828 indisciplinatos
1672 3759 1738 3813 ad
1791 3760 2090 3828 nequitiam

507 3849 788 3904 declinare
842 3850 1074 3915 sineret,
1129 3866 1197 3905 ne
1260 3849 1401 3904 idem
1440 3858 1606 3920 atque
1663 3850 1782 3905 Heli
1828 3851 1909 3904 illi
1945 3854 2091 3907 acci-

507 3942 664 3998 deret
694 3958 760 3999 ac
794 3943 1093 3999 liberorum
1126 3943 1342 4014 piacula
1375 3943 1493 4015 ipse
1522 3943 1727 4012 lueret;
1762 3945 1904 4015 quod
1937 3954 1990 4001 et
2019 3946 2091 4001 ita

507 4034 733 4091 accidit.

580 4125 669 4181 5L
704 4124 875 4183 Porro
914 4127 1040 4181 aula
1071 4124 1319 4196 deiectus
1346 4126 1640 4183 liberorum
1693 4141 1859 4198 Opera
1915 4142 1978 4183 ac
2003 4136 2090 4199 ty-

510 4216 767 4281 rannide,
812 4218 979 4288 inque
1030 4216 1232 4273 Proten
1285 4217 1519 4271 insulam
1592 4218 1888 4287 relegatus,
1944 4218 2094 4274 hunc

510 4324 706 4363 rursus
736 4309 1105 4363 calamitatem
1142 4308 1408 4364 solantem
1458 4309 1830 4377 aerumnisque
1877 4323 1943 4362 ac
1990 4325 2089 4363 an-

508 4400 705 4472 gustiis
738 4402 980 4454 levamen
1007 4399 1322 4455 afferentem
1354 4401 1610 4455 habebat.
1644 4401 1847 4455 Aderat
1883 4404 2086 4470 pariter

507 4492 674 4547 etiam
710 4491 1040 4562 Polyeuctus
1089 4492 1578 4547 reverentissimus
1629 4492 1953 4555 monachus,
1993 4494 2089 4562 qui

2204 3295 2491 3368 σταθερὸν,
2544 3296 2803 3349 ταπεινὸν
2858 3297 2915 3349 δέ
2974 3295 3037 3348 τὸ
3094 3295 3371 3366 φρόνημα.
3424 3292 3629 3348 Τοῦτον
3690 3288 3788 3345 οὖν

2202 3388 2449 3456 ἀοίδιμον
2483 3387 2843 3458 ἀδιαλείπτως
2880 3391 2997 3457 μετ’
3032 3388 3197 3441 αὐτοῦ
3237 3384 3383 3457 εἶχεν
3429 3390 3457 3440 ό
3504 3386 3787 3455 βασιλεὺς,

2202 3481 2405 3534 κανόνα
2449 3480 2619 3545 ὅντως
2656 3481 2753 3534 καὶ
2804 3481 3052 3551 στάθμην
3078 3481 3169 3534 τὸν
3225 3481 3391 3535 αὑτοῦ
3440 3480 3556 3551 βίον
3586 3480 3795 3552 ῥυθμί-

2202 3574 2402 3637 ζοντα·
2435 3573 2495 3636 ὃς
2531 3573 2704 3626 πολλὰ
2748 3573 2986 3644 παρῄνει
3040 3573 3117 3642 τῷ
3178 3572 3388 3642 βασιλεί
3434 3572 3546 3624 τῶν
3578 3571 3794 3624 παίδων

2201 3666 2584 3734 ἐπιμελεῖσθαι
2618 3667 2713 3719 καὶ
2757 3666 2831 3737 μὴ
2870 3666 3229 3729 ἀπαιδεύτους
3273 3666 3367 3737 ἐᾷν
3399 3666 3477 3727 εἰς
3513 3665 3797 3734 πονηρίαν

2201 3759 2572 3822 ἐκκλίνοντας.
2611 3760 2823 3828 μήποτε
2856 3758 2952 3811 καὶ
2988 3758 3149 3821 αὐτὸς
3191 3757 3340 3829 πάθῃ
3386 3758 3447 3809 τὸ
3492 3757 3587 3809 τοῦ
3641 3757 3791 3822 Ἠλὶ,

2200 3850 2471 3921 τιμωρίαν
2531 3850 2673 3920 ὑπὲρ
2721 3850 2819 3919 τῆς
2848 3851 2956 3902 τῶν
2998 3851 3204 3904 παίδων
3252 3848 3600 3920 παρανομίας
3639 3849 3799 3903 ἐκτί-

2203 3960 2321 4006 σας.
2357 3944 2423 3995 Ὃ
2457 3943 2554 3995 καὶ
2586 3942 2831 4010 γέγονεν.

2276 4116 2380 4171 να’.
2428 4118 2582 4170 Ἐπεὶ
2612 4117 2668 4171 δέ
2704 4118 2799 4171 τοῦ
2841 4117 3107 4172 παλατίου
3138 4118 3404 4173 τοῦτοντοί
3435 4119 3625 4182 παῖδες
3654 4137 3795 4173 κατι

2200 4211 2409 4281 ήγαγον
2445 4212 2537 4265 καὶ
2589 4217 2647 4265 ἐν
2695 4215 2762 4282 τῇ
2823 4212 3024 4285 Πρὼτῃ
3073 4213 3223 4284 νήσῳ
3278 4214 3571 4283 ἐξώρισαν,
3621 4214 3794 4268 πάλιν

2202 4301 2393 4356 τοῦτον
2449 4300 2594 4373 εἶχεν
2648 4304 2759 4356 τῶν
2796 4304 3093 4374 συμφορῶν
3138 4304 3494 4374 παραμυθίαν
3542 4305 3638 4356 καὶ
3674 4305 3795 4357 τῶν

2202 4393 2435 4463 θλίψεων
2478 4394 2818 4448 ἀκεσώδυνον
2871 4396 3185 4465 φάρμακον.
3219 4391 3289 4467 ᾯ
3322 4396 3489 4465 συνῆν
3519 4396 3641 4449 τότε
3690 4399 3793 4450 καὶ

2203 4487 2547 4549 Πολύευκτος
2581 4487 2815 4557 μοναχὲς
2844 4487 3266 4551 εὐλαϐέστατος,
3289 4489 3391 4541 οὐκ
3437 4487 3657 4540 ἔλαττον
3690 4487 3795 4542 τὸν

510 4582 630 4652 ipse
669 4582 899 4652 perinde
952 4598 1017 4638 ac
1061 4598 1224 4654 quem
1272 4583 1542 4649 dicebam,
1598 4581 1823 4653 Sergius
1880 4583 2091 4639 adversi

2204 4580 2297 4632 τοῦ
2333 4580 2627 4649 εἰρημένου
2652 4579 2853 4649 τρόπον
2878 4580 2971 4633 καὶ
3002 4580 3163 4643 αὐτὸς
3197 4580 3266 4632 τὰ
3301 4578 3487 4632 εἰκότα
3515 4596 3791 4650 παραμυο

511 4689 678 4730 casus
729 4675 1043 4729 molestiam
1092 4676 1487 4729 convenienter
1551 4684 1786 4745 apteque
1834 4674 2092 4728 leniebat.

512 4764 615 4821 llic
648 4777 837 4837 postea
874 4782 973 4838 pro
1001 4765 1164 4838 435
1195 4768 1320 4821 vitae
1358 4782 1472 4822 sure
1495 4766 1759 4831 candore,
1800 4764 2096 4839 TheOphy-

514 4859 658 4913 Iacto
688 4859 999 4928 patriarcha
1055 4847 1313 4912 humanis
1345 4866 1629 4927 exempto,
1667 4872 1698 4911 a
1729 4856 2096 4913 Constantino

514 4949 847 5019 imperatore
879 4949 1189 5021 patriarcha
1213 4958 1508 5019 provectus
1547 4956 1652 5005 est.

589 5042 678 5098 52.
714 5042 982 5098 Caeterum
1048 5041 1331 5097 Romanus
1381 5043 1683 5114 imperator
1735 5044 1900 5116 longo
1938 5042 2098 5099 senio

515 5135 819 5204 morboque
850 5133 1137 5189 confectus
1193 5133 1409 5203 imperii
1463 5150 1550 5188 res
1582 5135 1686 5190 rite
1730 5150 1794 5191 ac
1840 5146 2099 5192 accurate

444 5283 450 5293 ,
513 5243 579 5282 ex
614 5227 929 5284 testamenti
960 5226 1163 5281 tabulis
1195 5225 1499 5294 componit,
1522 5226 1872 5297 primumque
1905 5230 2095 5298 Augu—

516 5327 725 5374 storum
756 5320 1179 5374 Constantinum
1212 5317 1266 5371 in
1311 5331 1553 5387 purpura
1599 5331 1787 5374 natum
1829 5319 2096 5386 decernit,

516 5426 664 5465 anno
701 5411 880 5477 6455;
924 5420 1152 5480 tumque
1195 5408 1442 5464 secundo
1494 5423 1558 5463 ac
1598 5412 1760 5467 tertio
1802 5413 1998 5467 ordine
2031 5413 2098 5466 li-

517 5503 682 5558 beros
732 5503 1095 5572 imperatores
1172 5501 1499 5569 constituit,
1560 5502 1765 5559 diserte
1833 5504 2099 5559 ordinans

516 5604 880 5664 statuensque
950 5592 1241 5648 coxifestitn
1308 5594 1362 5649 in
1422 5595 1674 5649 ordinem
1719 5598 2018 5666 cogendos,
2050 5599 2097 5652 si

516 5686 647 5754 quid
711 5685 823 5740 ullo
875 5685 1039 5740 modo
1095 5685 1149 5739 in
1203 5685 1441 5755 primum
1490 5685 1874 5755 imperatorem
1931 5685 2101 5743 clien-

518 5775 719 5828 derint.

590 5868 676 5920 55.
702 5866 970 5931 Quoniam
999 5880 1180 5923 autem
1238 5867 1383 5924 Deus
1435 5870 1625 5924 multis
1655 5870 1831 5925 modis
1884 5871 2093 5925 homini

2198 4672 2460 4740 θούμενος
2480 4689 2494 4702 υ
2524 4671 2580 4733 ὃς
2613 4672 2752 4739 μετὰ
2777 4672 2953 4727 ταῦτα
2988 4672 3077 4725 διά
3112 4672 3203 4724 τὸν
3234 4670 3318 4742 [Ρ.
3347 4669 3476 4741 270]
3505 4672 3791 4741 εἰλικρινῆ

2199 4764 2363 4817 αὑτοῦ
2392 4764 2526 4834 βίον,
2568 4765 2663 4818 τοῦ
2720 4766 3060 4836 πατριάρχου
3111 4764 3491 4833 Θεοφυλάκτου
3528 4764 3790 4836 τελευτή-

2202 4871 2415 4916 σαντος,
2449 4854 2793 4926 πατριάρχης
2818 4855 2921 4906 ὑπὸ
2948 4854 3041 4908 τοῦ
3072 4854 3336 4923 βασιλέως
3366 4855 3787 4908 Κωνσταντίνου

2201 4946 2628 5016 προχειρίζεται.

2270 5038 2371 5108 νβ’.
2419 5038 2476 5092 Ὀ
2501 5039 2558 5093 δὲ
2590 5039 2843 5109 βασιλεὺς
2889 5038 3169 5108 Ῥωμανὸς
3222 5038 3421 5109 μακρῷ
3471 5040 3633 5109 γήρει
3687 5039 3791 5092 καὶ

2201 5130 2340 5201 νόσῳ
2367 5131 2699 5203 τρυχόμενος
2726 5131 2797 5183 τὰ
2840 5132 2938 5201 τῆς
2999 5130 3277 5201 βασιλείας
3330 5132 3470 5184 κατὰ
3513 5131 3791 5200 διαθήκας

2202 5222 2643 5292 άπακριὸάζεται
2694 5224 2787 5276 καὶ
2837 5224 3045 5277 ἄνακτα
3076 5223 3291 5293 πρῶτον
3324 5224 3467 5277 κατὰ
3517 5225 3790 5293 διαθήκας

2204 5318 2297 5370 τὸν
2325 5318 2846 5387 Πορφυρογέννητον
2883 5318 3292 5371 Κωνσταντῖνον
3317 5317 3785 5389 προσδιορίζεται,

2201 5412 2258 5461 ὲν
2292 5410 2404 5463 ἔτει
2445 5409 2630 5473 ἑξάκις
2664 5409 2918 5480 χιλιοστῷ
2966 5411 3400 5481 τετρακοσιοστῴ
3430 5409 3790 5481 πεντηκοστῷ

2202 5503 2395 5573 τρίτῳ,
2433 5505 2528 5555 καὶ
2556 5502 2795 5572 καθεξῆς
2824 5505 2882 5556 ἐν
2908 5504 3146 5574 δευτέρῳ
3177 5505 3272 5557 καὶ
3308 5504 3474 5577 τρίτῳ
3504 5504 3629 5566 τοὺς
3658 5503 3787 5556 τού·

2170 5612 2293 5647 ,του
2330 5596 2504 5658 υἱοὺς,
2530 5594 2602 5646 τὰ
2633 5594 2770 5662 πρὸς
2799 5594 2997 5655 αὐτοὺς
3044 5594 3223 5664 ῥητῶς
3265 5593 3788 5662 διασφαλισάμενος,

2201 5688 2276 5751 ὡς
2300 5688 2418 5739 εἷπε
2428 5704 2460 5757 ρ
2484 5686 2562 5757 τῷ
2586 5687 2788 5756 πρώτῳ
2812 5684 3024 5755 βασιλεί
3072 5686 3215 5739 κατά
3246 5702 3299 5737 τι
3331 5684 3790 5756 προσπταίσειαν,

2202 5778 2587 5850 καθαιρεῖσθαι
2614 5778 2931 5850 παραυτίκα
2959 5778 3056 5848 τῆς
3097 5778 3394 5847 βασιλείας.

2260 5877 2373 5938 -νγ’.
2420 5871 2573 5923 Ἐπεὶ
2636 5871 2693 5923 δὲ
2761 5871 2975 5933 πολλοῖς
3024 5871 3245 5939 τρόποις
3296 5871 3323 5922 ὁ
3371 5870 3502 5933 Θεὸς
3534 5867 3789 5939 βούλεται
