4136 6418
355 388 469 456 453

1174 388 1324 451 1.113.
1347 387 1445 450 Vl.
1490 412 1553 423 μ
1580 361 2159 447 οοΝδΤΑΝἩῧιυε
2209 386 2982 449 PORPHYROGENITUS.

3547 385 3656 452 454

370 501 566 564 σώζειν
593 495 690 549 τὸν
722 491 1047 565 ἄνθρωπον,
1093 495 1442 569 συνεχώρησε
1489 495 1773 567 Ῥωμανὸν
1802 497 1956 567 βασι-

2066 499 2295 553 salutem
2344 505 2606 568 praestare
2640 498 2947 564 constituit,
2990 498 3301 553 Romanum
3356 499 3564 570 impera
3592 520 3656 556 o-

370 595 479 649 λέα
516 588 771 661 συμφορᾷ
811 587 1066 660 ἀδοκήτῳ
1113 590 1472 659 προσπεσεῖν,
1514 589 1601 641 ἵνα
1659 588 1730 642 δι’
1787 590 1959 660 αὐτῆς

2066 604 2175 644 rem
2204 588 2259 644 in
2294 590 2727 660 inexspectatam
2771 590 3143 645 calamitatem
3178 594 3324 662 (qua:
3364 593 3487 661 ejus
3524 610 3655 661 pro-

380 680 774 752 σωφρονισθεὶς
810 679 908 733 καὶ
946 678 1058 732 τῶν
1087 680 1307 732 οἰκείων
1346 681 1404 733 ὲν
1468 677 1825 750 συναισθήσει
1858 696 1964 732 πα-

371 774 767 848 ραπτωμάτων
794 772 1092 842 γενόμενος
1136 770 1415 841 σωτηρίας
1454 770 1682 842 ἀξιωθῇ.
1718 770 1966 841 Συνεχὼ-

368 884 508 940 ρησε
546 866 657 938 γὰρ
690 865 1070 935 ὲπαναστῆναι
1116 862 1266 934 αύτῷ
1292 864 1385 917 τὸν
1415 863 1531 918 υίὺν
1562 862 1728 917 αὑτοῦ
1763 864 1969 933 Στέφα-

365 980 480 1027 νον,
510 960 707 1031 ὥσπερ
758 958 892 1013 ποτε
941 955 1307 1026 Ἀσεσσαλὼμ
1364 955 1638 1028 ἐπανέστη
1684 957 1845 1009 Δαὸὶδ
1893 954 1971 1025 τῷ

359 1052 558 1120 οἰκείῳ
615 1050 808 1122 πατρί.
861 1048 1197 1119 Συμσούλοις
1256 1045 1351 1102 οὖν
1406 1039 1562 1108 οὗτος
1622 1049 1760 1119 πρὸς
1809 1048 1972 1101 τοῦτο

360 1145 729 1217 χρησάμενος
755 1141 834 1213 τῷ
864 1159 923 1194 τε
947 1141 1055 1195 ἀπὸ
1084 1141 1336 1212 μοναχῶν
1372 1138 1641 1212 Μαριανῷ
1664 1140 1744 1211 τῷ
1777 1142 1973 1211 Ἀργυ-

363 1238 451 1311 ρῷ
487 1239 587 1291 καὶ
619 1235 892 1306 Βασιλείῳ
931 1233 1009 1305 τῷ
1065 1233 1550 1305 πρωτοσπαθαρίῳ
1598 1233 1676 1303 τῷ
1728 1232 1970 1303 Πετεινῷ

363 1333 465 1382 καὶ
486 1327 764 1399 Μανουὴλ
786 1326 863 1397 τῷ
889 1326 1189 1399 Κουρτίκῃ,
1212 1326 1533 1379 συνειδότων
1561 1325 1709 1395 αύτῷ
1736 1325 1830 1378 καὶ
1860 1325 1970 1378 τῶν

361 1421 546 1474 ἄλλων
571 1421 868 1491 βασιλέων,
898 1418 1091 1473 τοῦτον
1105 1419 1198 1472 τοῦ
1219 1418 1481 1472 παλατίου
1513 1419 1696 1482 κακῶς
1723 1419 1972 1488 κατήγα-

361 1531 463 1583 γεν
476 1514 576 1567 καὶ
593 1516 653 1567 ὲν
674 1511 947 1584 τῇΠρώτη
965 1512 1115 1583 νήσῳ
1132 1510 1378 1582 ὲξορίσας
1395 1511 1687 1582 ἀπέκειρεν
1707 1510 1962 1581 μοναχόν.

2060 681 2368 751 videntia!)
2403 680 2650 737 incidere
2694 681 2968 753 permisit,
3018 694 3075 735 ul
3112 683 3159 739 is
3212 684 3303 737 illa
3345 686 3654 756 castigatus

2065 789 2129 827 ac
2154 774 2221 829 de
2248 773 2531 843 prioribus
2570 774 2789 831 delictis
2820 776 3137 830 admonitus
3183 777 3412 831 salutem
3448 793 3653 833 («utse-

2065 872 2348 935 queretur.
2385 862 2648 919 Permisit
2698 880 2938 936 namque
2996 865 3334 936 Stephanum
3384 866 3556 920 lilium
3598 869 3653 921 in

2066 973 2191 1012 eum
2227 957 2533 1027 insurgere,
2561 958 2639 1011 uti
2665 958 2795 1013 olim
2838 958 3098 1013 Absalom
3134 957 3187 1011 in
3233 967 3448 1028 patrem
3487 976 3650 1015 suum

2069 1049 2324 1105 Davidem
2372 1050 2695 1105 insurrexit.
2766 1049 3000 1106 Mariani
3062 1052 3251 1122 itaque
3322 1052 3654 1106 exmonachi

2066 1141 2286 1213 Argyri,
2324 1141 2626 1213 Basiliique
2676 1144 3109 1215 protospatharii
3158 1144 3363 1212 Petini,
3397 1159 3499 1199 nec
3540 1161 3654 1200 non

2066 1234 2335 1290 Manuelis
2379 1234 2621 1290 Curticis
2666 1237 2916 1293 consiliis
2958 1238 3187 1303 abusus,
3216 1236 3459 1292 consciis
3485 1238 3653 1290 etiam

2069 1327 2297 1397 reliquis
2341 1327 2793 1399 imperatoribus.
2829 1344 3115 1399 perperam
3149 1338 3362 1398 patrem
3396 1328 3521 1383 aula
3554 1328 3655 1382 de-

2066 1417 2333 1481 turbavit,
2392 1416 2559 1488 inquc
2609 1419 2773 1474 Prote
2812 1419 2991 1473 insula
3050 1420 3352 1487 relegatum
3392 1416 3653 1473 monachi

2077 1508 2183 1561 ritu
2218 1508 2472 1562 totondit.

373 1732 3601 1761 W

1103 1914 1950 2006 ΑΥΤΟΚΡΑΤΟΡΙΑ
2029 1908 2932 2001 ΚΩΝΣΤΑΝΤΙΝΟΥ.

1239 2290 2058 2384 CONSTANTINI
2141 2292 2809 2382 IMPERIUM.

448 2647 531 2722 [Ρ.
558 2645 690 2719 271]
720 2645 789 2702 α’.
848 2641 1185 2713 ’Υπελείςρθη
1237 2639 1330 2695 οὖν
1384 2640 1743 2711 αὐτοκράτωρ
1799 2641 1957 2693 Κωνο

2140 2636 2296 2710 ωε
2328 2607 2797 2692 LConstantinus
2836 2636 3019 2708 itaque
3046 2641 3277 2692 domant
3303 2652 3473 2709 gener
3500 2655 3653 2696 sum-

374 2743 655 2803 σταντῖνος
688 2742 717 2793 ὁ
746 2736 941 2792 τούτου
969 2733 1222 2806 γαμϐρὸς
1248 2733 1379 2804 μηνὶ
1406 2731 1732 2801 Δεκεμϐρίῳ
1763 2730 1963 2796 εἰκάδι,

370 2832 714 2896 ίνδικτιῶνος
762 2831 977 2902 τρίτης,
1012 2829 1069 2882 ἐν
1128 2827 1237 2880 ἔτει
1273 2823 1460 2889 ἑξάκις
1491 2821 1745 2895 χιλιοστῷ
1770 2838 1966 2892 τετρα-

369 2924 646 2999 κοσιοστῷ
667 2922 1026 2994 πεντηκοστῷ
1043 2921 1311 2993 τετάρτῳ·
1334 2918 1391 2983 ὃς
1417 2918 1617 2971 αὐτίκα
1630 2915 1844 2985 Βάρδαν
1871 2915 1964 2967 τὸν

367 3018 468 3071 τοῦ
496 3018 757 3088 Φωκᾶ,τῇ
784 3014 880 3069 τοῦ
914 3012 1219 3085 μαγίστρου
1239 3010 1367 3081 ἀξίᾳ
1387 3008 1651 3080 τιμήσας,
1685 3006 1759 3070 ὡς
1787 3006 1964 3076 χρόνῳ

367 3110 557 3178 πολλῷ
573 3110 677 3178 τὴν
697 3110 756 3162 ὲν
771 3109 884 3169 τοῖς
901 3105 1030 3159 πολέ
1038 3120 1161 3174 μοις
1180 3100 1550 3173 ἀνδραγαθίαν
1565 3096 1828 3160 πολλάκις
1844 3099 1965 3151 ὲπι-

368 3199 721 3271 δειξαμένου,
769 3199 1092 3268 δομέστικον
1143 3197 1252 3248 τῶν
1286 3192 1491 3265 σχολῶν
1529 3189 1964 3263 προχειρίζεται,

371 3299 467 3349 καὶ
501 3294 919 3349 Κωνσταντῖνον
934 3289 1026 3345 τὸν
1056 3286 1336 3359 Γογγύλην
1351 3285 1663 3357 ναυμαχίας
1695 3280 1962 3355 ἡγήτορα,

366 3386 465 3443 καὶ
499 3384 880 3457 στρατιάρχας
931 3383 1086 3444 τινάς
1120 3379 1231 3435 τῶν
1259 3380 1600 3450 εὐχρήστων.
1633 3371 1768 3431 Εἶτα
1795 3376 1964 3430 Βασί-

366 3471 614 3546 λειον,ᾧ
663 3476 898 3546 ἐπίκλην
944 3473 1225 3539 Πετεινὸς,
1284 3471 1578 3542 πατρίκιον
1636 3469 1733 3522 καὶ
1786 3468 1962 3537 μέγαν

367 3570 788 3643 ἐταιρειάρχην,
839 3567 930 3620 τὸν
969 3567 1028 3620 δὲ
1064 3567 1128 3619 ὲκ
1158 3565 1253 3618 τοῦ
1294 3564 1491 3633 γένους
1524 3562 1634 3617 τῶν
1668 3562 1959 3633 Ἀργυρῶν

364 3664 655 3736 Μαριανδν
684 3661 758 3714 τά
795 3656 1065 3731 μοναχικά
1103 3655 1383 3721 ἀποδύσας
1412 3656 1704 3727 πατρίκιον
1738 3655 1832 3706 καὶ
1873 3654 1964 3707 κό-

373 3776 525 3829 μητα
574 3754 673 3809 τοῦ
734 3752 969 3807 στάὸλου
1023 3751 1349 3820 πεποίηκεν.
1402 3748 1680 3811 Ὡσαύτως
1715 3747 1809 3801 καὶ
1837 3747 1963 3801 Μα-

381 3848 551 3917 amr-,1
588 3848 677 3900 τὸν
722 3844 1113 3915 ἐπιλεγόμενον
1172 3840 1485 3912 Κουρτίκην
1537 3837 1828 3908 πατρίκιον
1868 3837 1964 3890 καὶ

398 3939 743 4009 δροπγάριον
778 3938 876 4007 τῆς
910 3937 1101 4008 βίγλης
1136 3935 1412 4005 ἐποίησεν.
1433 3931 1699 3994 Οὕστινας
1729 3931 1879 3999 τρεῖς
1896 3928 1958 3981 ού

2068 2746 2193 2785 mus
2217 2734 2520 2800 imperator
2555 2728 2782 2784 relictus
2816 2739 2920 2795 est,
2968 2731 3177 2784 mensis
3218 2730 3535 2786 Decembris
3560 2731 3653 2787 die

2067 2822 2355 2893 vigesima,
2384 2821 2689 2876 indictione
2747 2822 2932 2888 tertia,
2966 2836 3110 2877 anno
3142 2822 3304 2877 6454.
3339 2820 3438 2878 llic
3461 2827 3648 2879 statim

2066 2912 2301 2968 Bardam
2332 2913 2534 2969 Phocae
2583 2912 2754 2966 ﬁlium
2807 2912 3055 2982 magistri
3094 2912 3361 2983 dignitate
3402 2924 3650 2981 auctum,

2066 3008 2269 3076 quippe
2297 3004 2446 3075 longi
2499 3004 2767 3075 temporis
2820 3004 3159 3074 experientia
3187 3005 3401 3060 bellicis
3440 3005 3652 3062 facino-

2067 3096 2222 3151 ribus
2250 3095 2398 3150 clara
2425 3095 2629 3165 saepius
2659 3092 2820 3148 laude
2851 3093 3099 3149 functum
3136 3104 3301 3165 atque
3329 3096 3651 3165 probatum,

2064 3189 2381 3243 scholarum
2435 3187 2803 3243 domesticum
2881 3186 3167 3257 praefecit;
3227 3189 3647 3244 Constantinum

2067 3296 2286 3350 quoque
2307 3279 2609 3352 Gongnlem
2647 3280 2897 3349 aliosque
2932 3280 3199 3349 quosdam
3242 3280 3473 3336 idoneos
3508 3297 3647 3353 gna-

2067 3385 2275 3440 vosque
2316 3370 2488 3427 duces
2544 3370 2847 3426 Romanam
2899 3371 3131 3427 classem
3186 3370 3415 3427 ductare
3471 3371 3648 3441 jubet.

2067 3461 2208 3517 Tum
2240 3462 2525 3527 Basilium,
2561 3462 2652 3517 cui
2686 3476 2990 3534 cognomen
3044 3459 3271 3517 Petinus
3298 3465 3386 3531 (ac
3421 3463 3469 3516 si
3496 3462 3651 3517 volu—

2065 3572 2212 3611 crem
2233 3556 2433 3627 dicas),
2470 3555 2764 3627 patricium
2806 3563 2958 3611 creat
2981 3570 3046 3609 ac
3074 3571 3334 3624 magnum
3362 3556 3652 3611 hetazriar-

2065 3654 2247 3704 cham.
2296 3647 2628 3714 Marianum,
2679 3647 3020 3719 Argyrorum
3069 3648 3241 3718 stirpe
3299 3656 3502 3714 satum,
3552 3646 3652 3703 de-

2066 3748 2244 3795 tracto
2273 3740 2530 3795 monachi
2563 3739 2755 3797 habitu
2791 3739 2993 3795 stabuli
3018 3740 3275 3795 comitem
3315 3738 3465 3795 facit.
3498 3739 3653 3793 Pari-

2065 3840 2148 3887 ter
2197 3831 2501 3889 Manuelem
2563 3831 2844 3888 Curticem
2884 3832 3229 3889 nominatum
3263 3832 3557 3904 patricium
3586 3847 3649 3886 ac

2062 3924 2419 3978 excubiarum
2444 3923 2808 3995 Drungarium
2834 3926 3156 3992 constituit;
3181 3939 3321 3995 quos
3340 3933 3451 3980 tres
3474 3926 3649 3988 viros,

396 4030 539 4099 μετά
571 4029 724 4083 πολὺν
758 4028 953 4099 χρόνον
1061 4026 1156 4079 τοῦ
1199 4024 1335 4078 Θεοῦ
1386 4023 1575 4078 δικαία
1628 4021 1831 4092 κρίσις,
1885 4018 1961 4083 ὡς

2066 4015 2216 4070 brevi
2252 4014 2544 4084 interiecto
2578 4021 2844 4084 tempore,
2872 4015 3022 4083 justa
3062 4014 3155 4070 Dei
3210 4014 3351 4069 ultio
3399 4015 3651 4069 insecuta

386 4126 469 4188 είς
505 4123 723 4194 χριστὸν
760 4121 861 4177 τοῦ
900 4120 1109 4191 Κυρίου
1165 4119 1610 4189 παροινήσαντας
1640 4114 1734 4169 καὶ
1768 4114 1960 4185 χεῖρας

368 4216 577 4278 ἀδίκως
640 4214 1023 4279 ἐπιϐαλόντας,
1070 4211 1191 4281 ,τῆς
1256 4209 1537 4281 βασιλείας
1592 4205 1958 4278 ὀρεγομένους

369 4306 678 4376 μετῆλθεν*
724 4305 821 4359 ἐπὶ
869 4301 1198 4358 καθοσιώσει
1229 4304 1339 4373 γὰρ
1372 4300 1815 4371 καταληφθέντες
1839 4296 1963 4350 ἐκά-

365 4415 522 4469 τεριοι
544 4396 807 4467 οἰκτίστῳ
836 4396 1050 4466 θανάτῳ
1072 4396 1133 4449 τδ
1164 4394 1264 4467 ζῇν
1294 4394 1637 4465 ἀπέρρηξαν.
1665 4392 1746 4444 Τὰ
1772 4390 1829 4444 δὲ
1860 4407 1965 4443 περ

373 4488 428 4560 pl.
457 4488 648 4543 αὐτῶν
690 4487 1029 4559 πλατύτερον
1059 4502 1116 4540 τε
1149 4490 1241 4541 καὶ
1271 4483 1880 4556 ἐπεξεργαστικώτερον
1903 4483 1961 4536 ἐν

372 4586 440 4655 τῇ
471 4583 874 4655 προηγουμένη
896 4580 1155 4652 ἐξηγήσει
1187 4578 1514 4650 ἐκθήσομαι.

449 4758 522 4831 β’.
564 4759 719 4813 Μετά
748 4758 804 4810 δὲ
832 4759 1242 4829 τεσσαράκοντα
1276 4759 1512 4831 ἡμέρας,
1555 4759 1621 4828 τῇ
1663 4756 1840 4811 εἰκάδι
1875 4755 1964 4810 ἐϐ-

376 4855 527 4923 δόμῃ
555 4851 651 4903 τοῦ
680 4851 1017 4922 Ἰανουαρίου
1068 4852 1260 4922 μηνὸς,
1291 4849 1641 4915 ὑποπτεύσας
1672 4852 1964 4904 Κωνσταν-

368 4948 529 5007 τίνος
566 4942 663 4996 τόν
706 4959 766 4995 τε
823 4942 1049 5013 βασιλέα
1080 4943 1356 5013 Στέφανον
1419 4943 1512 4996 καὶ⁵
1543 4942 1961 4997 Κωνσταντῖνον

367 5041 469 5093 τὸν
503 5035 671 5091 αὑτοῦ
692 5035 947 5106 ἀδελφὸν,
980 5037 1055 5105 μή
1088 5051 1218 5088 ποτε
1242 5035 1338 5090 καὶ
1371 5033 1496 5089 κατ’
1522 5033 1689 5087 αὐτοῦ
1708 5034 1778 5087 τὰ
1798 5033 1962 5104 ὃμοια

369 5126 813 5201 διαπράξωνται,
840 5129 937 5180 καὶ
971 5128 1355 5197 λογισάμενος,
1404 5127 1543 5198 ὅπερ
1583 5122 1651 5199 ἦν
1682 5126 1849 5192 είκδς,
1878 5126 1960 5178 ὅτι

366 5224 421 5279 εί
448 5222 548 5277 τοῦ
588 5221 722 5275 ίδίου
754 5219 964 5293 πατρὸς
1002 5220 1102 5273 οὐκ
1133 5218 1448 5289 ἐφείσαντο,
1485 5219 1605 5283 πῶς
1633 5219 1801 5272 αὐτοῦ
1840 5219 1963 5287 (pet-

369 5331 600 5379 σωνται,
642 5313 905 5375 ἑστιάσας
954 5312 1177 5376 αὐτοὺς,
1212 5311 1312 5383 ήδη
1363 5313 1421 5365 ἐν
1481 5314 1549 5383 τῇ
1579 5310 1831 5383 τραπέζῃ
1865 5310 1961 5364 καὶ

2068 4117 2175 4175 est,
2207 4107 2354 4178 quod
2416 4109 2470 4162 in
2535 4115 2763 4161 unctum
2807 4104 3025 4162 Domini
3054 4107 3430 4163 desmviissent
3463 4121 3527 4162 ac
3552 4106 3654 4160 ini-

2068 4203 2251 4271 quein
2280 4217 2407 4256 eum
2430 4216 2625 4257 manus
2666 4199 3010 4271 injecissent,
3044 4216 3171 4254 cum
3218 4200 3432 4256 scilicet
3474 4201 3651 4269 impe-

2067 4293 2229 4349 randi
2262 4293 2433 4350 libido
2471 4308 2567 4349 eos
2622 4292 2945 4349 incessisset
2978 4310 2992 4346 :
3028 4291 3341 4361 majestatis
3386 4291 3532 4346 enim
3571 4293 3653 4347 rei

2068 4385 2295 4457 peracti,
2322 4385 2639 4443 miserando
2686 4399 2917 4455 prorsus
2959 4384 3107 4438 exitu
3140 4382 3309 4437 vitam
3371 4382 3653 4436 ﬁnierunt.

2068 4478 2339 4569 Caele/rum
2396 4495 2517 4551 quae
2567 4479 2635 4534 ad
2666 4479 2792 4535 illos
2821 4484 3074 4549 spectant
3117 4475 3297 4531 fusius
3330 4475 3653 4547 operosius-

2068 4588 2177 4643 que
2232 4589 2523 4644 exsequar,
2577 4571 2670 4627 ubi
2724 4586 2792 4627 ex
2852 4570 3104 4641 professo
3136 4584 3248 4624 rem
3280 4584 3403 4623 sum
3458 4583 3654 4623 narra-

2069 4677 2249 4721 turus.

2139 4758 2301 4830 5,37
2339 4756 2394 4811 2.
2427 4756 2560 4812 Post
2591 4754 2708 4810 dies
2736 4751 3125 4825 quadraginta,
3146 4750 3397 4807 Januarii
3442 4752 3652 4807 mensis

2070 4852 2303 4922 septimo
2334 4865 2497 4921 supra
2516 4848 2865 4920 vigesimum,
2889 4845 3285 4903 Constantinus
3310 4843 3650 4915 Stephanum

2071 4945 2457 5015 imperatorem
2501 4940 2734 5012 ejusque
2786 4938 3014 4995 fratrem
3073 4937 3497 4995 Constantinum
3552 4953 3650 4993 su-

2070 5044 2286 5108 spectos
2322 5034 2552 5099 habens,
2602 5049 2673 5087 ne
2727 5033 2949 5104 quando
3000 5031 3057 5086 in
3109 5045 3169 5087 se
3200 5045 3423 5101 quoque
3457 5031 3648 5086 eadem

2069 5134 2422 5191 attentarent,
2475 5138 2773 5197 secumque
2818 5132 3101 5193 reputans,
3132 5121 3211 5177 uti
3245 5136 3345 5192 par
3383 5129 3523 5188 erat,
3556 5136 3653 5176 eos

2068 5219 2162 5291 qui
2190 5234 2291 5274 nec
2330 5216 2474 5288 patri
2523 5215 2920 5287 pepercissent,
2968 5213 3115 5270 haud
3166 5212 3268 5269 sibi
3321 5212 3650 5284 parcituros,

2069 5311 2321 5368 convivio
2351 5318 2607 5380 acceptos
2647 5308 2873 5380 jamque
2918 5322 3124 5363 mensae
3154 5309 3561 5371 accumbentes,
3597 5314 3653 5360 ct

371 5405 801 5476 καθεζομένους,
839 5400 1075 5475 [Ρ.9.72]
1109 5401 1189 5455 ἔτι
1219 5404 1319 5473 τῆς
1339 5400 1595 5473 βρώσεως
1616 5404 1782 5471 οὔσης
1809 5404 1865 5455 ὲν
1881 5401 1959 5473 τῷ

2066 5419 2187 5459 cum
2221 5403 2301 5459 eis
2332 5402 2517 5459 adhuc
2554 5402 2612 5457 in
2634 5416 2729 5457 ore
2759 5401 2919 5457 cibus
2949 5408 3115 5469 esset,
3141 5399 3526 5471 comprehendi
3556 5414 3655 5455 eos

373 5498 606 5568 στόματι
638 5494 849 5559 αὐτῶν,
879 5491 1212 5564 ἀνήρπασαν
1249 5486 1397 5546 οὗτοι
1419 5493 1468 5546 οἱ
1497 5491 1783 5562 λεγόμενοι
1818 5491 1957 5563 Τορ-

369 5592 534 5646 νεκιοι
571 5590 671 5645 καὶ
729 5587 761 5640 ό
796 5583 1093 5654 πατρίκιος
1126 5583 1413 5656 Μαριανὸς
1460 5586 1559 5639 καὶ⁸
1595 5586 1648 5638 οί
1688 5584 1869 5638 λοιποὶ
1912 5586 1961 5638 οἱ

371 5684 508 5755 πρὸς
549 5682 716 5739 τοῦτο
748 5676 1215 5751 ηύτρεπισμένοι,
1268 5677 1365 5732 καὶ
1401 5677 1496 5732 r06
1526 5677 1793 5734 παλατίου
1824 5696 1961 5732 κατ-

371 5778 575 5847 ήγαγον
604 5774 704 5829 καὶ
730 5772 792 5824 ὲν
804 5770 929 5831 ταῖς
952 5766 1586 5841 πλησιαζούσαιςνήσοις
1612 5769 1840 5835 τούτους
1860 5787 1962 5824 πε-

372 5868 635 5944 ριώρισαν
656 5862 757 5919 καὶ
805 5859 1109 5931 κληρικοὺς
1139 5862 1464 5934 ἁπέκειραν.

2062 5496 2239 5567 jubet.
2270 5493 2491 5566 Arrepti
2544 5495 2731 5565 itaque
2766 5507 2796 5548 a
2824 5491 3119 5558 Torniciis,
3154 5507 3295 5562 quos
3334 5499 3556 5557 vocant,
3592 5501 3649 5545 ct

2069 5587 2304 5659 patricio
2338 5586 2586 5643 Mariano
2639 5585 2875 5657 aliisque
2910 5600 3033 5640 eam
3084 5584 3142 5639 in
3192 5598 3308 5640 rem
3357 5581 3650 5653 expeditis,

2070 5682 2305 5753 anlaque
2333 5679 2515 5736 educti
2562 5684 2729 5750 atque
2790 5679 2843 5732 in
2880 5679 3162 5748 proximas
3216 5675 3425 5733 insulas
3456 5673 3656 5745 depor-

2074 5774 2191 5841 tati,
2212 5775 2274 5853 in
2310 5773 2539 5830 clericos
2561 5782 2691 5828 sunt
2721 5773 2944 5830 attonsi.
