  <div class='ocr_page' id='page_1' title='image "/cluster/home/n/w/nwhite01/storage/ocr_20150623/109/coo.31924054870138/237.png"; bbox 0 0 4136 6428; ppageno 0'>
   <div class='ocr_carea' id='block_1_1' title="bbox 530 377 639 441">
    <p class='ocr_par' dir='ltr' id='par_1_1' title="bbox 530 377 639 441">
     <span class='ocr_line' id='line_1_1' title="bbox 530 377 639 441; baseline 0.018 -3"><span class='ocrx_word' id='word_1_1' title='bbox 530 377 639 441; x_wconf 71' lang='grc'>459</span> 
     </span>
    </p>
   </div>
   <div class='ocr_carea' id='block_1_2' title="bbox 1632 370 2729 439">
    <p class='ocr_par' dir='ltr' id='par_1_2' title="bbox 1632 370 2729 439">
     <span class='ocr_line' id='line_1_2' title="bbox 1632 370 2729 439; baseline 0.003 -5"><span class='ocrx_word' id='word_1_2' title='bbox 1632 372 2136 439; x_wconf 82' lang='lat' dir='ltr'>TIIEOPIlANES</span> <span class='ocrx_word' id='word_1_3' title='bbox 2174 370 2729 438; x_wconf 74' lang='lat' dir='ltr'>CONTINUATUS.</span> 
     </span>
    </p>
   </div>
   <div class='ocr_carea' id='block_1_3' title="bbox 3706 384 3815 448">
    <p class='ocr_par' dir='ltr' id='par_1_3' title="bbox 3706 384 3815 448">
     <span class='ocr_line' id='line_1_3' title="bbox 3706 384 3815 448; baseline 0.028 -3"><span class='ocrx_word' id='word_1_4' title='bbox 3706 384 3815 448; x_wconf 67' lang='lat'>£60</span> 
     </span>
    </p>
   </div>
   <div class='ocr_carea' id='block_1_4' title="bbox 531 487 2118 569">
    <p class='ocr_par' dir='ltr' id='par_1_4' title="bbox 531 487 2118 560">
     <span class='ocr_line' id='line_1_4' title="bbox 531 487 2118 560; baseline 0.003 -20"><span class='ocrx_word' id='word_1_5' title='bbox 531 487 703 541; x_wconf 88' lang='lat' dir='ltr'>rando</span> <span class='ocrx_word' id='word_1_6' title='bbox 736 487 1024 542; x_wconf 79' lang='lat' dir='ltr'>verberum</span> <span class='ocrx_word' id='word_1_7' title='bbox 1068 489 1319 542; x_wconf 83' lang='lat' dir='ltr'>cruciatu</span> <span class='ocrx_word' id='word_1_8' title='bbox 1342 488 1686 543; x_wconf 74' lang='lat' dir='ltr'>cxaminatos</span> <span class='ocrx_word' id='word_1_9' title='bbox 1711 491 1992 560; x_wconf 84' lang='lat' dir='ltr'>asinisqne</span> <span class='ocrx_word' id='word_1_10' title='bbox 2020 491 2118 544; x_wconf 89' lang='lat' dir='ltr'>im-</span> 
     </span>
    </p>
   </div>
   <div class='ocr_carea' id='block_1_5' title="bbox 2222 487 3813 569">
    <p class='ocr_par' dir='ltr' id='par_1_5' title="bbox 2225 490 3813 569">
     <span class='ocr_line' id='line_1_5' title="bbox 2225 490 3813 569; baseline 0.006 -26"><span class='ocrx_word' id='word_1_11' title='bbox 2225 490 2496 544; x_wconf 75' lang='grc' dir='ltr'>ὑπέϐαλεν</span> <span class='ocrx_word' id='word_1_12' title='bbox 2526 491 2620 545; x_wconf 74' lang='grc' dir='ltr'>καὶ</span> <span class='ocrx_word' id='word_1_13' title='bbox 2651 492 2794 556; x_wconf 70' lang='grc' dir='ltr'>ὄνοις</span> <span class='ocrx_word' id='word_1_14' title='bbox 2844 493 3173 559; x_wconf 76' lang='grc' dir='ltr'>ἐπικαθίσας</span> <span class='ocrx_word' id='word_1_15' title='bbox 3203 496 3292 550; x_wconf 69' lang='grc' dir='ltr'>διὰ</span> <span class='ocrx_word' id='word_1_16' title='bbox 3347 498 3519 568; x_wconf 81' lang='grc' dir='ltr'>μέσης</span> <span class='ocrx_word' id='word_1_17' title='bbox 3552 498 3649 569; x_wconf 79' lang='grc' dir='ltr'>τῆς</span> <span class='ocrx_word' id='word_1_18' title='bbox 3706 498 3813 552; x_wconf 82' lang='grc' dir='ltr'>πό-</span> 
     </span>
    </p>
   </div>
   <div class='ocr_carea' id='block_1_6' title="bbox 532 580 2118 652">
    <p class='ocr_par' dir='ltr' id='par_1_6' title="bbox 532 580 2118 652">
     <span class='ocr_line' id='line_1_6' title="bbox 532 580 2118 652; baseline 0.003 -19"><span class='ocrx_word' id='word_1_19' title='bbox 532 582 742 651; x_wconf 89' lang='lat' dir='ltr'>positos</span> <span class='ocrx_word' id='word_1_20' title='bbox 774 596 835 635; x_wconf 86' lang='lat' dir='ltr'>ac</span> <span class='ocrx_word' id='word_1_21' title='bbox 864 596 963 650; x_wconf 89' lang='lat' dir='ltr'>per</span> <span class='ocrx_word' id='word_1_22' title='bbox 992 581 1228 636; x_wconf 83' lang='lat' dir='ltr'>mediam</span> <span class='ocrx_word' id='word_1_23' title='bbox 1284 582 1475 635; x_wconf 83' lang='lat' dir='ltr'>urbem</span> <span class='ocrx_word' id='word_1_24' title='bbox 1516 580 1880 652; x_wconf 77' lang='lat' dir='ltr'>ignominioso</span> <span class='ocrx_word' id='word_1_25' title='bbox 1933 586 2118 639; x_wconf 83' lang='lat' dir='ltr'>tradu-</span> 
     </span>
    </p>
   </div>
   <div class='ocr_carea' id='block_1_7' title="bbox 530 660 1190 742">
    <p class='ocr_par' dir='ltr' id='par_1_7' title="bbox 530 660 1190 742">
     <span class='ocr_line' id='line_1_7' title="bbox 530 660 1190 742; baseline -0.002 -15"><span class='ocrx_word' id='word_1_26' title='bbox 530 684 650 727; x_wconf 79' lang='lat' dir='ltr'>ctos</span> <span class='ocrx_word' id='word_1_27' title='bbox 682 660 877 727; x_wconf 69' lang='lat' dir='ltr'>exSilio</span> <span class='ocrx_word' id='word_1_28' title='bbox 912 671 1190 742; x_wconf 80' lang='lat' dir='ltr'>relegavit.</span> 
     </span>
    </p>
   </div>
   <div class='ocr_carea' id='block_1_8' title="bbox 603 760 2114 832">
    <p class='ocr_par' dir='ltr' id='par_1_8' title="bbox 603 760 2114 832">
     <span class='ocr_line' id='line_1_8' title="bbox 603 760 2114 832; baseline 0.003 -17"><span class='ocrx_word' id='word_1_29' title='bbox 603 764 653 815; x_wconf 87' lang='lat'>7.</span> <span class='ocrx_word' id='word_1_30' title='bbox 693 760 895 827; x_wconf 80' lang='lat' dir='ltr'>Quinta</span> <span class='ocrx_word' id='word_1_31' title='bbox 930 762 1143 817; x_wconf 81' lang='lat' dir='ltr'>decima</span> <span class='ocrx_word' id='word_1_32' title='bbox 1168 762 1316 819; x_wconf 71' lang='lat' dir='ltr'>Junii</span> <span class='ocrx_word' id='word_1_33' title='bbox 1353 768 1579 831; x_wconf 78' lang='lat' dir='ltr'>mensis,</span> <span class='ocrx_word' id='word_1_34' title='bbox 1613 766 1911 823; x_wconf 89' lang='lat' dir='ltr'>indictione</span> <span class='ocrx_word' id='word_1_35' title='bbox 1941 776 2114 832; x_wconf 75' lang='lat' dir='ltr'>sexta,</span> 
     </span>
    </p>
   </div>
   <div class='ocr_carea' id='block_1_9' title="bbox 530 850 2115 924">
    <p class='ocr_par' dir='ltr' id='par_1_9' title="bbox 530 850 2115 924">
     <span class='ocr_line' id='line_1_9' title="bbox 530 850 2115 924; baseline 0.002 -21"><span class='ocrx_word' id='word_1_36' title='bbox 530 852 770 906; x_wconf 84' lang='lat' dir='ltr'>moritur</span> <span class='ocrx_word' id='word_1_37' title='bbox 804 850 1085 906; x_wconf 75' lang='lat' dir='ltr'>Romanus</span> <span class='ocrx_word' id='word_1_38' title='bbox 1108 852 1404 922; x_wconf 77' lang='lat' dir='ltr'>imperator</span> <span class='ocrx_word' id='word_1_39' title='bbox 1436 855 1488 908; x_wconf 94' lang='lat' dir='ltr'>in</span> <span class='ocrx_word' id='word_1_40' title='bbox 1515 855 1691 910; x_wconf 85' lang='lat' dir='ltr'>insula</span> <span class='ocrx_word' id='word_1_41' title='bbox 1722 868 1887 924; x_wconf 87' lang='lat' dir='ltr'>quam</span> <span class='ocrx_word' id='word_1_42' title='bbox 1919 852 2115 909; x_wconf 82' lang='lat' dir='ltr'>Proteu</span> 
     </span>
    </p>
   </div>
   <div class='ocr_carea' id='block_1_10' title="bbox 486 944 2116 1023">
    <p class='ocr_par' dir='ltr' id='par_1_10' title="bbox 486 944 2116 1023">
     <span class='ocr_line' id='line_1_10' title="bbox 486 944 2116 1023; baseline 0.003 -27"><span class='ocrx_word' id='word_1_43' title='bbox 486 953 750 1023; x_wconf 35' lang='lat' dir='ltr'>&#39;vocant.</span> <span class='ocrx_word' id='word_1_44' title='bbox 782 944 915 1014; x_wconf 87' lang='lat' dir='ltr'>Ejus</span> <span class='ocrx_word' id='word_1_45' title='bbox 968 945 1198 1000; x_wconf 87' lang='lat' dir='ltr'>cadaver</span> <span class='ocrx_word' id='word_1_46' title='bbox 1230 946 1283 1000; x_wconf 93' lang='lat' dir='ltr'>in</span> <span class='ocrx_word' id='word_1_47' title='bbox 1331 947 1526 1001; x_wconf 82' lang='lat' dir='ltr'>urbem</span> <span class='ocrx_word' id='word_1_48' title='bbox 1579 947 1812 1001; x_wconf 90' lang='lat' dir='ltr'>relatum</span> <span class='ocrx_word' id='word_1_49' title='bbox 1853 946 1909 1001; x_wconf 86' lang='lat' dir='ltr'>in</span> <span class='ocrx_word' id='word_1_50' title='bbox 1966 947 2116 1001; x_wconf 88' lang='lat' dir='ltr'>illius</span> 
     </span>
    </p>
   </div>
   <div class='ocr_carea' id='block_1_11' title="bbox 527 1038 1338 1106">
    <p class='ocr_par' dir='ltr' id='par_1_11' title="bbox 527 1038 1338 1106">
     <span class='ocr_line' id='line_1_11' title="bbox 527 1038 1338 1106; baseline 0.009 -19"><span class='ocrx_word' id='word_1_51' title='bbox 527 1039 869 1092; x_wconf 85' lang='lat' dir='ltr'>monasterio</span> <span class='ocrx_word' id='word_1_52' title='bbox 900 1038 1207 1106; x_wconf 78' lang='lat' dir='ltr'>depositum</span> <span class='ocrx_word' id='word_1_53' title='bbox 1236 1049 1338 1094; x_wconf 89' lang='lat' dir='ltr'>est.</span> 
     </span>
    </p>
   </div>
   <div class='ocr_carea' id='block_1_12' title="bbox 602 1129 2115 1201">
    <p class='ocr_par' dir='ltr' id='par_1_12' title="bbox 602 1129 2115 1201">
     <span class='ocr_line' id='line_1_12' title="bbox 602 1129 2115 1201; baseline 0.002 -20"><span class='ocrx_word' id='word_1_54' title='bbox 602 1130 656 1184; x_wconf 87' lang='lat'>8.</span> <span class='ocrx_word' id='word_1_55' title='bbox 702 1129 955 1199; x_wconf 66' lang='lat' dir='ltr'>Magnum</span> <span class='ocrx_word' id='word_1_56' title='bbox 1020 1130 1295 1200; x_wconf 82' lang='lat' dir='ltr'>quidpiam</span> <span class='ocrx_word' id='word_1_57' title='bbox 1367 1146 1430 1186; x_wconf 89' lang='lat' dir='ltr'>ac</span> <span class='ocrx_word' id='word_1_58' title='bbox 1488 1130 1898 1197; x_wconf 82' lang='lat' dir='ltr'>admirandum,</span> <span class='ocrx_word' id='word_1_59' title='bbox 1963 1139 2115 1201; x_wconf 84' lang='lat' dir='ltr'>gesta</span> 
     </span>
    </p>
   </div>
   <div class='ocr_carea' id='block_1_13' title="bbox 535 1222 2117 1294">
    <p class='ocr_par' dir='ltr' id='par_1_13' title="bbox 535 1222 2117 1294">
     <span class='ocr_line' id='line_1_13' title="bbox 535 1222 2117 1294; baseline 0.003 -21"><span class='ocrx_word' id='word_1_60' title='bbox 535 1235 967 1291; x_wconf 83' lang='lat' dir='ltr'>percurrentem,</span> <span class='ocrx_word' id='word_1_61' title='bbox 1003 1238 1090 1276; x_wconf 90' lang='lat' dir='ltr'>me</span> <span class='ocrx_word' id='word_1_62' title='bbox 1114 1222 1229 1276; x_wconf 75' lang='lat' dir='ltr'>fere</span> <span class='ocrx_word' id='word_1_63' title='bbox 1266 1223 1567 1293; x_wconf 64' lang='lat' dir='ltr'>praeteriit:</span> <span class='ocrx_word' id='word_1_64' title='bbox 1608 1239 1800 1294; x_wconf 82' lang='lat' dir='ltr'>nempe</span> <span class='ocrx_word' id='word_1_65' title='bbox 1839 1237 1947 1294; x_wconf 89' lang='lat' dir='ltr'>quo</span> <span class='ocrx_word' id='word_1_66' title='bbox 1980 1233 2117 1278; x_wconf 85' lang='lat' dir='ltr'>tem-</span> 
     </span>
    </p>
   </div>
   <div class='ocr_carea' id='block_1_14' title="bbox 536 1313 2115 1385">
    <p class='ocr_par' dir='ltr' id='par_1_14' title="bbox 536 1313 2115 1385">
     <span class='ocr_line' id='line_1_14' title="bbox 536 1313 2115 1385; baseline 0.002 -20"><span class='ocrx_word' id='word_1_67' title='bbox 536 1320 666 1384; x_wconf 79' lang='lat' dir='ltr'>pore</span> <span class='ocrx_word' id='word_1_68' title='bbox 701 1314 1013 1382; x_wconf 81' lang='lat' dir='ltr'>Stephanus</span> <span class='ocrx_word' id='word_1_69' title='bbox 1036 1325 1089 1368; x_wconf 90' lang='lat' dir='ltr'>et</span> <span class='ocrx_word' id='word_1_70' title='bbox 1132 1313 1531 1370; x_wconf 89' lang='lat' dir='ltr'>Constantinus</span> <span class='ocrx_word' id='word_1_71' title='bbox 1584 1315 1941 1385; x_wconf 82' lang='lat' dir='ltr'>imperatores</span> <span class='ocrx_word' id='word_1_72' title='bbox 1990 1315 2115 1369; x_wconf 89' lang='lat' dir='ltr'>aula</span> 
     </span>
    </p>
   </div>
   <div class='ocr_carea' id='block_1_15' title="bbox 533 1405 2118 1479">
    <p class='ocr_par' dir='ltr' id='par_1_15' title="bbox 533 1405 2118 1479">
     <span class='ocr_line' id='line_1_15' title="bbox 533 1405 2118 1479; baseline 0.002 -22"><span class='ocrx_word' id='word_1_73' title='bbox 533 1407 693 1475; x_wconf 70' lang='lat' dir='ltr'>ejecti</span> <span class='ocrx_word' id='word_1_74' title='bbox 721 1414 849 1461; x_wconf 88' lang='lat' dir='ltr'>sunt</span> <span class='ocrx_word' id='word_1_75' title='bbox 873 1405 1215 1461; x_wconf 86' lang='lat' dir='ltr'>Constantini</span> <span class='ocrx_word' id='word_1_76' title='bbox 1247 1406 1749 1479; x_wconf 79' lang='lat' dir='ltr'>Porphyrogcnncti</span> <span class='ocrx_word' id='word_1_77' title='bbox 1778 1407 1959 1477; x_wconf 80' lang='lat' dir='ltr'>jussu,</span> <span class='ocrx_word' id='word_1_78' title='bbox 1986 1424 2118 1463; x_wconf 87' lang='lat' dir='ltr'>con-</span> 
     </span>
    </p>
   </div>
   <div class='ocr_carea' id='block_1_16' title="bbox 535 1497 2115 1569">
    <p class='ocr_par' dir='ltr' id='par_1_16' title="bbox 535 1497 2115 1569">
     <span class='ocr_line' id='line_1_16' title="bbox 535 1497 2115 1569; baseline 0.002 -20"><span class='ocrx_word' id='word_1_79' title='bbox 535 1498 658 1567; x_wconf 83' lang='lat' dir='ltr'>tigit</span> <span class='ocrx_word' id='word_1_80' title='bbox 685 1499 833 1567; x_wconf 78' lang='lat' dir='ltr'>gravi</span> <span class='ocrx_word' id='word_1_81' title='bbox 868 1497 1016 1552; x_wconf 84' lang='lat' dir='ltr'>hiatu</span> <span class='ocrx_word' id='word_1_82' title='bbox 1053 1506 1255 1552; x_wconf 88' lang='lat' dir='ltr'>terram</span> <span class='ocrx_word' id='word_1_83' title='bbox 1286 1498 1568 1554; x_wconf 84' lang='lat' dir='ltr'>dehiscere</span> <span class='ocrx_word' id='word_1_84' title='bbox 1593 1500 1645 1552; x_wconf 90' lang='lat' dir='ltr'>in</span> <span class='ocrx_word' id='word_1_85' title='bbox 1677 1501 1838 1553; x_wconf 87' lang='lat' dir='ltr'>domo</span> <span class='ocrx_word' id='word_1_86' title='bbox 1868 1499 2115 1569; x_wconf 82' lang='lat' dir='ltr'>magistri</span> 
     </span>
    </p>
   </div>
   <div class='ocr_carea' id='block_1_17' title="bbox 533 1590 2117 1661">
    <p class='ocr_par' dir='ltr' id='par_1_17' title="bbox 533 1590 2117 1661">
     <span class='ocr_line' id='line_1_17' title="bbox 533 1590 2117 1661; baseline 0.001 -17"><span class='ocrx_word' id='word_1_87' title='bbox 533 1600 587 1644; x_wconf 88' lang='lat' dir='ltr'>et</span> <span class='ocrx_word' id='word_1_88' title='bbox 637 1591 949 1646; x_wconf 83' lang='lat' dir='ltr'>scholarum</span> <span class='ocrx_word' id='word_1_89' title='bbox 997 1591 1351 1646; x_wconf 78' lang='lat' dir='ltr'>exdomestiei</span> <span class='ocrx_word' id='word_1_90' title='bbox 1400 1590 1633 1646; x_wconf 72' lang='lat' dir='ltr'>Joannis</span> <span class='ocrx_word' id='word_1_91' title='bbox 1668 1592 1918 1654; x_wconf 61' lang='lat' dir='ltr'>Curcua‘,</span> <span class='ocrx_word' id='word_1_92' title='bbox 1953 1593 2117 1661; x_wconf 86' lang='lat' dir='ltr'>inque</span> 
     </span>
    </p>
   </div>
   <div class='ocr_carea' id='block_1_18' title="bbox 530 1682 2118 1755">
    <p class='ocr_par' dir='ltr' id='par_1_18' title="bbox 530 1682 2118 1755">
     <span class='ocr_line' id='line_1_18' title="bbox 530 1682 2118 1755; baseline -0.001 -18"><span class='ocrx_word' id='word_1_93' title='bbox 530 1683 696 1738; x_wconf 88' lang='lat' dir='ltr'>domo</span> <span class='ocrx_word' id='word_1_94' title='bbox 727 1682 979 1755; x_wconf 84' lang='lat' dir='ltr'>magistri</span> <span class='ocrx_word' id='word_1_95' title='bbox 1031 1682 1258 1737; x_wconf 80' lang='lat' dir='ltr'>Romani</span> <span class='ocrx_word' id='word_1_96' title='bbox 1292 1682 1582 1749; x_wconf 70' lang='lat' dir='ltr'>Saronitae,</span> <span class='ocrx_word' id='word_1_97' title='bbox 1612 1698 1710 1737; x_wconf 89' lang='lat' dir='ltr'>nec</span> <span class='ocrx_word' id='word_1_98' title='bbox 1744 1698 1852 1736; x_wconf 90' lang='lat' dir='ltr'>non</span> <span class='ocrx_word' id='word_1_99' title='bbox 1900 1684 1953 1736; x_wconf 90' lang='lat' dir='ltr'>in</span> <span class='ocrx_word' id='word_1_100' title='bbox 1996 1683 2118 1736; x_wconf 86' lang='lat' dir='ltr'>aliis</span> 
     </span>
    </p>
   </div>
   <div class='ocr_carea' id='block_1_19' title="bbox 531 1775 2117 1846">
    <p class='ocr_par' dir='ltr' id='par_1_19' title="bbox 531 1775 2117 1846">
     <span class='ocr_line' id='line_1_19' title="bbox 531 1775 2117 1846; baseline 0.001 -18"><span class='ocrx_word' id='word_1_101' title='bbox 531 1775 712 1844; x_wconf 80' lang='lat' dir='ltr'>iisque</span> <span class='ocrx_word' id='word_1_102' title='bbox 740 1776 974 1830; x_wconf 83' lang='lat' dir='ltr'>diversis</span> <span class='ocrx_word' id='word_1_103' title='bbox 1001 1775 1291 1841; x_wconf 84' lang='lat' dir='ltr'>domibus;</span> <span class='ocrx_word' id='word_1_104' title='bbox 1325 1791 1389 1831; x_wconf 75' lang='lat' dir='ltr'>ex</span> <span class='ocrx_word' id='word_1_105' title='bbox 1440 1790 1548 1846; x_wconf 89' lang='lat' dir='ltr'>quo</span> <span class='ocrx_word' id='word_1_106' title='bbox 1606 1785 1658 1831; x_wconf 89' lang='lat' dir='ltr'>et</span> <span class='ocrx_word' id='word_1_107' title='bbox 1710 1775 1910 1830; x_wconf 84' lang='lat' dir='ltr'>factum</span> <span class='ocrx_word' id='word_1_108' title='bbox 1942 1786 2024 1830; x_wconf 85' lang='lat' dir='ltr'>est</span> <span class='ocrx_word' id='word_1_109' title='bbox 2060 1784 2117 1829; x_wconf 92' lang='lat' dir='ltr'>ut</span> 
     </span>
    </p>
   </div>
   <div class='ocr_carea' id='block_1_20' title="bbox 533 1867 2116 1939">
    <p class='ocr_par' dir='ltr' id='par_1_20' title="bbox 533 1867 2116 1939">
     <span class='ocr_line' id='line_1_20' title="bbox 533 1867 2116 1939; baseline -0.001 -16"><span class='ocrx_word' id='word_1_110' title='bbox 533 1869 572 1923; x_wconf 87' lang='lat' dir='ltr'>ii</span> <span class='ocrx_word' id='word_1_111' title='bbox 597 1868 824 1939; x_wconf 90' lang='lat' dir='ltr'>direptis</span> <span class='ocrx_word' id='word_1_112' title='bbox 854 1867 1101 1938; x_wconf 88' lang='lat' dir='ltr'>ipsorum</span> <span class='ocrx_word' id='word_1_113' title='bbox 1131 1868 1497 1925; x_wconf 70' lang='lat' dir='ltr'>facultatibus</span> <span class='ocrx_word' id='word_1_114' title='bbox 1529 1869 1584 1923; x_wconf 91' lang='lat' dir='ltr'>in</span> <span class='ocrx_word' id='word_1_115' title='bbox 1620 1869 1938 1938; x_wconf 86' lang='lat' dir='ltr'>pauperiem</span> <span class='ocrx_word' id='word_1_116' title='bbox 1972 1869 2116 1924; x_wconf 86' lang='lat' dir='ltr'>redi-</span> 
     </span>
    </p>
   </div>
   <div class='ocr_carea' id='block_1_21' title="bbox 529 1959 2112 2031">
    <p class='ocr_par' dir='ltr' id='par_1_21' title="bbox 529 1959 2112 2031">
     <span class='ocr_line' id='line_1_21' title="bbox 529 1959 2112 2031; baseline 0 -18"><span class='ocrx_word' id='word_1_117' title='bbox 529 1970 807 2031; x_wconf 76' lang='lat' dir='ltr'>gerentur.</span> <span class='ocrx_word' id='word_1_118' title='bbox 841 1959 1097 2016; x_wconf 85' lang='lat' dir='ltr'>Miscrtus</span> <span class='ocrx_word' id='word_1_119' title='bbox 1150 1961 1332 2030; x_wconf 86' lang='lat' dir='ltr'>itaque</span> <span class='ocrx_word' id='word_1_120' title='bbox 1365 1960 1762 2016; x_wconf 87' lang='lat' dir='ltr'>Constantinus</span> <span class='ocrx_word' id='word_1_121' title='bbox 1792 1959 2112 2031; x_wconf 86' lang='lat' dir='ltr'>imperator,</span> 
     </span>
    </p>
   </div>
   <div class='ocr_carea' id='block_1_22' title="bbox 530 2052 2114 2121">
    <p class='ocr_par' dir='ltr' id='par_1_22' title="bbox 530 2052 2114 2121">
     <span class='ocr_line' id='line_1_22' title="bbox 530 2052 2114 2121; baseline -0.001 -15"><span class='ocrx_word' id='word_1_122' title='bbox 530 2052 836 2121; x_wconf 81' lang='lat' dir='ltr'>dolensque</span> <span class='ocrx_word' id='word_1_123' title='bbox 864 2066 1056 2107; x_wconf 89' lang='lat' dir='ltr'>eorum</span> <span class='ocrx_word' id='word_1_124' title='bbox 1089 2052 1326 2121; x_wconf 83' lang='lat' dir='ltr'>dilapsas</span> <span class='ocrx_word' id='word_1_125' title='bbox 1361 2066 1493 2120; x_wconf 89' lang='lat' dir='ltr'>opes</span> <span class='ocrx_word' id='word_1_126' title='bbox 1522 2066 1592 2105; x_wconf 87' lang='lat' dir='ltr'>ac</span> <span class='ocrx_word' id='word_1_127' title='bbox 1622 2058 1848 2120; x_wconf 89' lang='lat' dir='ltr'>repente</span> <span class='ocrx_word' id='word_1_128' title='bbox 1892 2052 2114 2105; x_wconf 77' lang='lat' dir='ltr'>exhau-</span> 
     </span>
    </p>
   </div>
   <div class='ocr_carea' id='block_1_23' title="bbox 531 2143 2113 2215">
    <p class='ocr_par' dir='ltr' id='par_1_23' title="bbox 531 2143 2113 2215">
     <span class='ocr_line' id='line_1_23' title="bbox 531 2143 2113 2215; baseline -0.002 -17"><span class='ocrx_word' id='word_1_129' title='bbox 531 2155 671 2199; x_wconf 85' lang='lat' dir='ltr'>stam</span> <span class='ocrx_word' id='word_1_130' title='bbox 701 2145 1092 2208; x_wconf 80' lang='lat' dir='ltr'>substantiam,</span> <span class='ocrx_word' id='word_1_131' title='bbox 1124 2143 1285 2215; x_wconf 64' lang='grc'><strong>442</strong></span> <span class='ocrx_word' id='word_1_132' title='bbox 1316 2143 1622 2212; x_wconf 88' lang='lat' dir='ltr'>Theophilo</span> <span class='ocrx_word' id='word_1_133' title='bbox 1665 2143 1818 2197; x_wconf 85' lang='lat' dir='ltr'>urbis</span> <span class='ocrx_word' id='word_1_134' title='bbox 1854 2143 2113 2213; x_wconf 72' lang='lat' dir='ltr'>prml&#39;ecto</span> 
     </span>
    </p>
   </div>
   <div class='ocr_carea' id='block_1_24' title="bbox 534 2233 2113 2305">
    <p class='ocr_par' dir='ltr' id='par_1_24' title="bbox 534 2233 2113 2305">
     <span class='ocr_line' id='line_1_24' title="bbox 534 2233 2113 2305; baseline -0.001 -16"><span class='ocrx_word' id='word_1_135' title='bbox 534 2237 646 2290; x_wconf 66' lang='lat' dir='ltr'>haec</span> <span class='ocrx_word' id='word_1_136' title='bbox 683 2235 1120 2305; x_wconf 84' lang='lat' dir='ltr'>acervarejubet</span> <span class='ocrx_word' id='word_1_137' title='bbox 1149 2235 1329 2303; x_wconf 88' lang='lat' dir='ltr'>iisque</span> <span class='ocrx_word' id='word_1_138' title='bbox 1358 2233 1607 2288; x_wconf 87' lang='lat' dir='ltr'>reddere.</span> <span class='ocrx_word' id='word_1_139' title='bbox 1640 2234 1689 2288; x_wconf 88' lang='lat' dir='ltr'>Is</span> <span class='ocrx_word' id='word_1_140' title='bbox 1724 2235 2113 2303; x_wconf 88' lang='lat' dir='ltr'>protoeaucel-</span> 
     </span>
    </p>
   </div>
   <div class='ocr_carea' id='block_1_25' title="bbox 541 2320 2111 2395">
    <p class='ocr_par' dir='ltr' id='par_1_25' title="bbox 541 2320 2111 2395">
     <span class='ocr_line' id='line_1_25' title="bbox 541 2320 2111 2395; baseline -0.001 -16"><span class='ocrx_word' id='word_1_141' title='bbox 541 2329 670 2382; x_wconf 72' lang='lat' dir='ltr'>n‘lt&#39;lO</span> <span class='ocrx_word' id='word_1_142' title='bbox 734 2342 857 2390; x_wconf 88' lang='lat' dir='ltr'>suo,</span> <span class='ocrx_word' id='word_1_143' title='bbox 907 2342 1017 2380; x_wconf 85' lang='lat' dir='ltr'>una</span> <span class='ocrx_word' id='word_1_144' title='bbox 1069 2340 1194 2380; x_wconf 91' lang='lat' dir='ltr'>cum</span> <span class='ocrx_word' id='word_1_145' title='bbox 1235 2320 1447 2379; x_wconf 83' lang='lat' dir='ltr'>ZOuara</span> <span class='ocrx_word' id='word_1_146' title='bbox 1506 2325 1587 2379; x_wconf 86' lang='lat' dir='ltr'>sic</span> <span class='ocrx_word' id='word_1_147' title='bbox 1645 2335 1981 2395; x_wconf 87' lang='lat' dir='ltr'>nuncupato,</span> <span class='ocrx_word' id='word_1_148' title='bbox 2037 2326 2111 2379; x_wconf 91' lang='lat' dir='ltr'>rei</span> 
     </span>
    </p>
   </div>
   <div class='ocr_carea' id='block_1_26' title="bbox 533 2417 2110 2486">
    <p class='ocr_par' dir='ltr' id='par_1_26' title="bbox 533 2417 2110 2486">
     <span class='ocr_line' id='line_1_26' title="bbox 533 2417 2110 2486; baseline -0.003 -13"><span class='ocrx_word' id='word_1_149' title='bbox 533 2434 749 2473; x_wconf 87' lang='lat' dir='ltr'>summa</span> <span class='ocrx_word' id='word_1_150' title='bbox 810 2417 1151 2480; x_wconf 88' lang='lat' dir='ltr'>concredita,</span> <span class='ocrx_word' id='word_1_151' title='bbox 1183 2425 1245 2471; x_wconf 91' lang='lat' dir='ltr'>ut</span> <span class='ocrx_word' id='word_1_152' title='bbox 1298 2424 1417 2471; x_wconf 86' lang='lat' dir='ltr'>erat</span> <span class='ocrx_word' id='word_1_153' title='bbox 1455 2431 1656 2486; x_wconf 86' lang='lat' dir='ltr'>pravus</span> <span class='ocrx_word' id='word_1_154' title='bbox 1698 2417 1863 2481; x_wconf 86' lang='lat' dir='ltr'>latro,</span> <span class='ocrx_word' id='word_1_155' title='bbox 1920 2430 2110 2471; x_wconf 89' lang='lat' dir='ltr'>eorum</span> 
     </span>
    </p>
   </div>
   <div class='ocr_carea' id='block_1_27' title="bbox 533 2509 2113 2581">
    <p class='ocr_par' dir='ltr' id='par_1_27' title="bbox 533 2509 2113 2581">
     <span class='ocr_line' id='line_1_27' title="bbox 533 2509 2113 2581; baseline 0 -16"><span class='ocrx_word' id='word_1_156' title='bbox 533 2527 812 2581; x_wconf 78' lang='lat' dir='ltr'>occupans</span> <span class='ocrx_word' id='word_1_157' title='bbox 851 2512 996 2565; x_wconf 66' lang='lat' dir='ltr'>mdes</span> <span class='ocrx_word' id='word_1_158' title='bbox 1053 2511 1394 2579; x_wconf 86' lang='lat' dir='ltr'>multamque</span> <span class='ocrx_word' id='word_1_159' title='bbox 1449 2509 1786 2579; x_wconf 75' lang='lat' dir='ltr'>diligentiam</span> <span class='ocrx_word' id='word_1_160' title='bbox 1846 2509 2113 2565; x_wconf 85' lang='lat' dir='ltr'>adhibens</span> 
     </span>
    </p>
   </div>
   <div class='ocr_carea' id='block_1_28' title="bbox 534 2600 2113 2672">
    <p class='ocr_par' dir='ltr' id='par_1_28' title="bbox 534 2600 2113 2672">
     <span class='ocr_line' id='line_1_28' title="bbox 534 2600 2113 2672; baseline -0.004 -13"><span class='ocrx_word' id='word_1_161' title='bbox 534 2615 729 2659; x_wconf 88' lang='lat' dir='ltr'>cuncta</span> <span class='ocrx_word' id='word_1_162' title='bbox 763 2603 864 2659; x_wconf 90' lang='lat' dir='ltr'>sibi</span> <span class='ocrx_word' id='word_1_163' title='bbox 894 2601 1178 2672; x_wconf 85' lang='lat' dir='ltr'>usurpavit</span> <span class='ocrx_word' id='word_1_164' title='bbox 1212 2600 1621 2670; x_wconf 76' lang='lat' dir='ltr'>insatiabilique</span> <span class='ocrx_word' id='word_1_165' title='bbox 1648 2601 1832 2654; x_wconf 87' lang='lat' dir='ltr'>animo</span> <span class='ocrx_word' id='word_1_166' title='bbox 1859 2616 1957 2655; x_wconf 89' lang='lat' dir='ltr'>suo</span> <span class='ocrx_word' id='word_1_167' title='bbox 1983 2615 2113 2654; x_wconf 91' lang='lat' dir='ltr'>con-</span> 
     </span>
    </p>
   </div>
   <div class='ocr_carea' id='block_1_29' title="bbox 530 2692 2113 2762">
    <p class='ocr_par' dir='ltr' id='par_1_29' title="bbox 530 2692 2113 2762">
     <span class='ocr_line' id='line_1_29' title="bbox 530 2692 2113 2762; baseline -0.001 -12"><span class='ocrx_word' id='word_1_168' title='bbox 530 2697 721 2761; x_wconf 70' lang='grc' dir='ltr'>ρι’ὃὸίῐ,</span> <span class='ocrx_word' id='word_1_169' title='bbox 756 2711 817 2749; x_wconf 88' lang='lat' dir='ltr'>ac</span> <span class='ocrx_word' id='word_1_170' title='bbox 848 2695 936 2748; x_wconf 79' lang='lat' dir='ltr'>vix</span> <span class='ocrx_word' id='word_1_171' title='bbox 972 2694 1240 2748; x_wconf 86' lang='lat' dir='ltr'>decimam</span> <span class='ocrx_word' id='word_1_172' title='bbox 1276 2693 1384 2747; x_wconf 89' lang='lat' dir='ltr'>illis</span> <span class='ocrx_word' id='word_1_173' title='bbox 1429 2701 1640 2762; x_wconf 87' lang='lat' dir='ltr'>partem</span> <span class='ocrx_word' id='word_1_174' title='bbox 1672 2693 1931 2747; x_wconf 88' lang='lat' dir='ltr'>restituit.</span> <span class='ocrx_word' id='word_1_175' title='bbox 1979 2692 2113 2758; x_wconf 89' lang='lat' dir='ltr'>Quis</span> 
     </span>
    </p>
   </div>
   <div class='ocr_carea' id='block_1_30' title="bbox 525 2783 2113 2854">
    <p class='ocr_par' dir='ltr' id='par_1_30' title="bbox 525 2783 2113 2854">
     <span class='ocr_line' id='line_1_30' title="bbox 525 2783 2113 2854; baseline -0.002 -13"><span class='ocrx_word' id='word_1_176' title='bbox 525 2791 814 2841; x_wconf 59' lang='lat' dir='ltr'>enimvero</span> <span class='ocrx_word' id='word_1_177' title='bbox 842 2786 1068 2840; x_wconf 90' lang='lat' dir='ltr'>multam</span> <span class='ocrx_word' id='word_1_178' title='bbox 1101 2786 1539 2854; x_wconf 87' lang='lat' dir='ltr'>immensamque</span> <span class='ocrx_word' id='word_1_179' title='bbox 1589 2785 1688 2838; x_wconf 92' lang='lat' dir='ltr'>viri</span> <span class='ocrx_word' id='word_1_180' title='bbox 1720 2783 1859 2839; x_wconf 90' lang='lat' dir='ltr'>dolis</span> <span class='ocrx_word' id='word_1_181' title='bbox 1896 2785 2113 2840; x_wconf 90' lang='lat' dir='ltr'>consuti</span> 
     </span>
    </p>
   </div>
   <div class='ocr_carea' id='block_1_31' title="bbox 534 2877 2135 2947">
    <p class='ocr_par' dir='ltr' id='par_1_31' title="bbox 534 2877 2135 2947">
     <span class='ocr_line' id='line_1_31' title="bbox 534 2877 2135 2947; baseline 0 -14"><span class='ocrx_word' id='word_1_182' title='bbox 534 2878 965 2935; x_wconf 75' lang='lat' dir='ltr'>fraudulentiam</span> <span class='ocrx_word' id='word_1_183' title='bbox 994 2893 1063 2932; x_wconf 84' lang='lat' dir='ltr'>ac</span> <span class='ocrx_word' id='word_1_184' title='bbox 1097 2878 1397 2947; x_wconf 87' lang='lat' dir='ltr'>nequitiam</span> <span class='ocrx_word' id='word_1_185' title='bbox 1431 2892 1690 2931; x_wconf 84' lang='lat' dir='ltr'>enarrare</span> <span class='ocrx_word' id='word_1_186' title='bbox 1735 2877 1987 2944; x_wconf 81' lang='lat' dir='ltr'>suliieiat,</span> <span class='ocrx_word' id='word_1_187' title='bbox 2020 2878 2135 2947; x_wconf 25' lang='lat' dir='ltr'>qui.</span> 
     </span>
    </p>
   </div>
   <div class='ocr_carea' id='block_1_32' title="bbox 529 2967 2113 3040">
    <p class='ocr_par' dir='ltr' id='par_1_32' title="bbox 529 2967 2113 3040">
     <span class='ocr_line' id='line_1_32' title="bbox 529 2967 2113 3040; baseline -0.001 -15"><span class='ocrx_word' id='word_1_188' title='bbox 529 2974 650 3027; x_wconf 83' lang='lat' dir='ltr'>lues</span> <span class='ocrx_word' id='word_1_189' title='bbox 685 2986 750 3028; x_wconf 85' lang='lat' dir='ltr'>ae</span> <span class='ocrx_word' id='word_1_190' title='bbox 778 2971 1052 3040; x_wconf 85' lang='lat' dir='ltr'>pernicies</span> <span class='ocrx_word' id='word_1_191' title='bbox 1079 2969 1289 3038; x_wconf 89' lang='lat' dir='ltr'>imperii</span> <span class='ocrx_word' id='word_1_192' title='bbox 1322 2967 1556 3022; x_wconf 78' lang='lat' dir='ltr'>Romani</span> <span class='ocrx_word' id='word_1_193' title='bbox 1586 2968 1901 3025; x_wconf 79' lang='lat' dir='ltr'>exstiterit?</span> <span class='ocrx_word' id='word_1_194' title='bbox 1938 2971 2113 3038; x_wconf 44' lang='lat' dir='ltr'>quod‘</span> 
     </span>
    </p>
   </div>
   <div class='ocr_carea' id='block_1_33' title="bbox 532 3062 2116 3133">
    <p class='ocr_par' dir='ltr' id='par_1_33' title="bbox 532 3062 2116 3133">
     <span class='ocr_line' id='line_1_33' title="bbox 532 3062 2116 3133; baseline -0.001 -14"><span class='ocrx_word' id='word_1_195' title='bbox 532 3081 658 3119; x_wconf 89' lang='lat' dir='ltr'>nam</span> <span class='ocrx_word' id='word_1_196' title='bbox 697 3065 812 3118; x_wconf 78' lang='lat' dir='ltr'>vitii</span> <span class='ocrx_word' id='word_1_197' title='bbox 844 3064 1081 3133; x_wconf 79' lang='lat' dir='ltr'>malique</span> <span class='ocrx_word' id='word_1_198' title='bbox 1108 3077 1301 3133; x_wconf 83' lang='lat' dir='ltr'>genus,</span> <span class='ocrx_word' id='word_1_199' title='bbox 1328 3062 1383 3116; x_wconf 91' lang='lat' dir='ltr'>in</span> <span class='ocrx_word' id='word_1_200' title='bbox 1415 3078 1526 3132; x_wconf 87' lang='lat' dir='ltr'>quo</span> <span class='ocrx_word' id='word_1_201' title='bbox 1567 3078 1675 3118; x_wconf 89' lang='lat' dir='ltr'>non</span> <span class='ocrx_word' id='word_1_202' title='bbox 1704 3063 1865 3118; x_wconf 77' lang='lat' dir='ltr'>facile</span> <span class='ocrx_word' id='word_1_203' title='bbox 1910 3064 2116 3133; x_wconf 90' lang='lat' dir='ltr'>primas</span> 
     </span>
    </p>
   </div>
   <div class='ocr_carea' id='block_1_34' title="bbox 2222 586 3554 664">
    <p class='ocr_par' dir='ltr' id='par_1_34' title="bbox 2222 586 3554 664">
     <span class='ocr_line' id='line_1_34' title="bbox 2222 586 3554 664; baseline 0.008 -28"><span class='ocrx_word' id='word_1_204' title='bbox 2222 586 2360 650; x_wconf 87' lang='grc' dir='ltr'>λεως</span> <span class='ocrx_word' id='word_1_205' title='bbox 2382 586 2782 657; x_wconf 74' lang='grc' dir='ltr'>ἐθριάμϐευσεν</span> <span class='ocrx_word' id='word_1_206' title='bbox 2814 591 2907 642; x_wconf 70' lang='grc' dir='ltr'>καὶ</span> <span class='ocrx_word' id='word_1_207' title='bbox 2939 590 3124 662; x_wconf 74' lang='grc' dir='ltr'>ὲξορίᾳ</span> <span class='ocrx_word' id='word_1_208' title='bbox 3168 592 3554 664; x_wconf 68' lang='grc' dir='ltr'>παρέπεμψεν.</span> 
     </span>
    </p>
   </div>
   <div class='ocr_carea' id='block_1_35' title="bbox 2298 766 3819 843">
    <p class='ocr_par' dir='ltr' id='par_1_35' title="bbox 2298 766 3819 843">
     <span class='ocr_line' id='line_1_35' title="bbox 2298 766 3819 843; baseline 0.006 -22"><span class='ocrx_word' id='word_1_209' title='bbox 2298 766 2364 831; x_wconf 79' lang='grc' dir='ltr'>ζ’.</span> <span class='ocrx_word' id='word_1_210' title='bbox 2397 769 2875 841; x_wconf 81' lang='grc' dir='ltr'>Πεντεκαιδεκάτῃ</span> <span class='ocrx_word' id='word_1_211' title='bbox 2899 770 2954 823; x_wconf 77' lang='grc' dir='ltr'>δὲ</span> <span class='ocrx_word' id='word_1_212' title='bbox 2988 772 3210 825; x_wconf 80' lang='grc' dir='ltr'>Ἰουνίου</span> <span class='ocrx_word' id='word_1_213' title='bbox 3245 774 3436 843; x_wconf 73' lang='grc' dir='ltr'>μηνὸς,</span> <span class='ocrx_word' id='word_1_214' title='bbox 3474 773 3819 841; x_wconf 79' lang='grc' dir='ltr'>ἰνδικτιῶνος</span> 
     </span>
    </p>
   </div>
   <div class='ocr_carea' id='block_1_36' title="bbox 2220 858 3818 937">
    <p class='ocr_par' dir='ltr' id='par_1_36' title="bbox 2220 858 3818 937">
     <span class='ocr_line' id='line_1_36' title="bbox 2220 858 3818 937; baseline 0.006 -26"><span class='ocrx_word' id='word_1_215' title='bbox 2220 858 2702 929; x_wconf 64' lang='grc' dir='ltr'>ἓκτης,⁹Ρωμανδς</span> <span class='ocrx_word' id='word_1_216' title='bbox 2726 862 2752 913; x_wconf 83' lang='grc' dir='ltr'>ό</span> <span class='ocrx_word' id='word_1_217' title='bbox 2783 860 3038 930; x_wconf 77' lang='grc' dir='ltr'>βασιλεὺς</span> <span class='ocrx_word' id='word_1_218' title='bbox 3070 865 3126 916; x_wconf 80' lang='grc' dir='ltr'>ὲν</span> <span class='ocrx_word' id='word_1_219' title='bbox 3157 868 3222 935; x_wconf 79' lang='grc' dir='ltr'>τῇ</span> <span class='ocrx_word' id='word_1_220' title='bbox 3257 868 3406 937; x_wconf 82' lang='grc' dir='ltr'>νήσῳ</span> <span class='ocrx_word' id='word_1_221' title='bbox 3433 870 3497 937; x_wconf 82' lang='grc' dir='ltr'>τῇ</span> <span class='ocrx_word' id='word_1_222' title='bbox 3532 869 3818 937; x_wconf 78' lang='grc' dir='ltr'>ἐπονομα-</span> 
     </span>
    </p>
   </div>
   <div class='ocr_carea' id='block_1_37' title="bbox 2221 952 3816 1028">
    <p class='ocr_par' dir='ltr' id='par_1_37' title="bbox 2221 952 3816 1028">
     <span class='ocr_line' id='line_1_37' title="bbox 2221 952 3816 1028; baseline 0.004 -25"><span class='ocrx_word' id='word_1_223' title='bbox 2221 952 2428 1025; x_wconf 80' lang='grc' dir='ltr'>ζομένῃ</span> <span class='ocrx_word' id='word_1_224' title='bbox 2461 953 2662 1025; x_wconf 79' lang='grc' dir='ltr'>Πρώτη</span> <span class='ocrx_word' id='word_1_225' title='bbox 2726 953 2982 1025; x_wconf 78' lang='grc' dir='ltr'>τελευτᾷ’</span> <span class='ocrx_word' id='word_1_226' title='bbox 3044 957 3135 1008; x_wconf 71' lang='grc' dir='ltr'>καὶ</span> <span class='ocrx_word' id='word_1_227' title='bbox 3189 958 3249 1009; x_wconf 76' lang='grc' dir='ltr'>τὸ</span> <span class='ocrx_word' id='word_1_228' title='bbox 3302 960 3462 1028; x_wconf 84' lang='grc' dir='ltr'>σῶμα</span> <span class='ocrx_word' id='word_1_229' title='bbox 3522 959 3691 1011; x_wconf 72' lang='grc' dir='ltr'>αὐτοῦ</span> <span class='ocrx_word' id='word_1_230' title='bbox 3752 963 3816 1012; x_wconf 79' lang='grc' dir='ltr'>ἐν</span> 
     </span>
    </p>
   </div>
   <div class='ocr_carea' id='block_1_38' title="bbox 2218 1044 3787 1123">
    <p class='ocr_par' dir='ltr' id='par_1_38' title="bbox 2218 1044 3787 1123">
     <span class='ocr_line' id='line_1_38' title="bbox 2218 1044 3787 1123; baseline 0.004 -26"><span class='ocrx_word' id='word_1_231' title='bbox 2218 1046 2284 1113; x_wconf 81' lang='grc' dir='ltr'>τῇ</span> <span class='ocrx_word' id='word_1_232' title='bbox 2320 1044 2473 1097; x_wconf 88' lang='grc' dir='ltr'>πόλει</span> <span class='ocrx_word' id='word_1_233' title='bbox 2504 1045 2880 1113; x_wconf 79' lang='grc' dir='ltr'>ἀποκομισθὲν</span> <span class='ocrx_word' id='word_1_234' title='bbox 2927 1049 2984 1099; x_wconf 86' lang='grc' dir='ltr'>ὲν</span> <span class='ocrx_word' id='word_1_235' title='bbox 3015 1050 3079 1118; x_wconf 81' lang='grc' dir='ltr'>τῇ</span> <span class='ocrx_word' id='word_1_236' title='bbox 3132 1048 3295 1102; x_wconf 76' lang='grc' dir='ltr'>αὑτοῦ</span> <span class='ocrx_word' id='word_1_237' title='bbox 3354 1051 3595 1123; x_wconf 82' lang='grc' dir='ltr'>ἁπετέθη</span> <span class='ocrx_word' id='word_1_238' title='bbox 3646 1056 3787 1122; x_wconf 87' lang='grc' dir='ltr'>μονῇ</span> 
     </span>
    </p>
   </div>
   <div class='ocr_carea' id='block_1_39' title="bbox 2288 1136 3814 1214">
    <p class='ocr_par' dir='ltr' id='par_1_39' title="bbox 2288 1136 3814 1214">
     <span class='ocr_line' id='line_1_39' title="bbox 2288 1136 3814 1214; baseline 0.003 -22"><span class='ocrx_word' id='word_1_239' title='bbox 2288 1136 2368 1203; x_wconf 79' lang='grc' dir='ltr'>η’.</span> <span class='ocrx_word' id='word_1_240' title='bbox 2425 1138 2686 1208; x_wconf 86' lang='grc' dir='ltr'>Διήγημα</span> <span class='ocrx_word' id='word_1_241' title='bbox 2712 1138 2767 1191; x_wconf 76' lang='grc' dir='ltr'>δὲ</span> <span class='ocrx_word' id='word_1_242' title='bbox 2801 1139 2945 1207; x_wconf 82' lang='grc' dir='ltr'>μέγα</span> <span class='ocrx_word' id='word_1_243' title='bbox 2978 1143 3072 1192; x_wconf 76' lang='grc' dir='ltr'>καὶ</span> <span class='ocrx_word' id='word_1_244' title='bbox 3098 1140 3412 1211; x_wconf 75' lang='grc' dir='ltr'>θαυμαστὸν</span> <span class='ocrx_word' id='word_1_245' title='bbox 3449 1144 3814 1214; x_wconf 77' lang='grc' dir='ltr'>παρέδραμον</span> 
     </span>
    </p>
   </div>
   <div class='ocr_carea' id='block_1_40' title="bbox 2220 1231 3815 1305">
    <p class='ocr_par' dir='ltr' id='par_1_40' title="bbox 2220 1231 3815 1305">
     <span class='ocr_line' id='line_1_40' title="bbox 2220 1231 3815 1305; baseline 0.002 -20"><span class='ocrx_word' id='word_1_246' title='bbox 2220 1231 2313 1286; x_wconf 77' lang='grc' dir='ltr'>τοῦ</span> <span class='ocrx_word' id='word_1_247' title='bbox 2346 1231 2625 1301; x_wconf 85' lang='grc' dir='ltr'>λεχθῆναι.</span> <span class='ocrx_word' id='word_1_248' title='bbox 2661 1232 2939 1300; x_wconf 78' lang='grc' dir='ltr'>Στεφάνου</span> <span class='ocrx_word' id='word_1_249' title='bbox 2977 1234 3071 1285; x_wconf 76' lang='grc' dir='ltr'>καὶ</span> <span class='ocrx_word' id='word_1_250' title='bbox 3112 1235 3530 1289; x_wconf 84' lang='grc' dir='ltr'>Κωνσταντίνου</span> <span class='ocrx_word' id='word_1_251' title='bbox 3569 1237 3677 1289; x_wconf 85' lang='grc' dir='ltr'>τῶν</span> <span class='ocrx_word' id='word_1_252' title='bbox 3713 1236 3815 1305; x_wconf 77' lang='grc' dir='ltr'>βα-</span> 
     </span>
    </p>
   </div>
   <div class='ocr_carea' id='block_1_41' title="bbox 2221 1322 3809 1397">
    <p class='ocr_par' dir='ltr' id='par_1_41' title="bbox 2221 1322 3809 1397">
     <span class='ocr_line' id='line_1_41' title="bbox 2221 1322 3809 1397; baseline 0.001 -21"><span class='ocrx_word' id='word_1_253' title='bbox 2221 1323 2416 1377; x_wconf 78' lang='grc' dir='ltr'>σιλέων</span> <span class='ocrx_word' id='word_1_254' title='bbox 2446 1324 2887 1393; x_wconf 79' lang='grc' dir='ltr'>κατενεχθέντων</span> <span class='ocrx_word' id='word_1_255' title='bbox 2920 1324 3027 1375; x_wconf 70' lang='grc' dir='ltr'>ἀπὸ</span> <span class='ocrx_word' id='word_1_256' title='bbox 3059 1322 3153 1376; x_wconf 81' lang='grc' dir='ltr'>τοῦ</span> <span class='ocrx_word' id='word_1_257' title='bbox 3217 1325 3484 1378; x_wconf 68' lang='grc' dir='ltr'>παλατίου</span> <span class='ocrx_word' id='word_1_258' title='bbox 3516 1329 3809 1397; x_wconf 77' lang='grc' dir='ltr'>προτροπῇ</span> 
     </span>
    </p>
   </div>
   <div class='ocr_carea' id='block_1_42' title="bbox 2220 1414 3815 1487">
    <p class='ocr_par' dir='ltr' id='par_1_42' title="bbox 2220 1414 3815 1487">
     <span class='ocr_line' id='line_1_42' title="bbox 2220 1414 3815 1487; baseline 0 -19"><span class='ocrx_word' id='word_1_259' title='bbox 2220 1414 2636 1470; x_wconf 83' lang='grc' dir='ltr'>Κωνσταντίνου</span> <span class='ocrx_word' id='word_1_260' title='bbox 2682 1415 2772 1467; x_wconf 75' lang='grc' dir='ltr'>τοῦ</span> <span class='ocrx_word' id='word_1_261' title='bbox 2808 1416 3353 1487; x_wconf 78' lang='grc' dir='ltr'>Προφυρογεννήτου,</span> <span class='ocrx_word' id='word_1_262' title='bbox 3404 1418 3815 1487; x_wconf 75' lang='grc' dir='ltr'>χωννουΰαρια-</span> 
     </span>
    </p>
   </div>
   <div class='ocr_carea' id='block_1_43' title="bbox 2223 1505 3812 1578">
    <p class='ocr_par' dir='ltr' id='par_1_43' title="bbox 2223 1505 3812 1578">
     <span class='ocr_line' id='line_1_43' title="bbox 2223 1505 3812 1578; baseline 0.003 -21"><span class='ocrx_word' id='word_1_263' title='bbox 2223 1506 2358 1575; x_wconf 72' lang='grc' dir='ltr'>σμὸς</span> <span class='ocrx_word' id='word_1_264' title='bbox 2389 1505 2616 1574; x_wconf 80' lang='grc' dir='ltr'>γέγονεν</span> <span class='ocrx_word' id='word_1_265' title='bbox 2650 1506 2708 1558; x_wconf 86' lang='grc' dir='ltr'>ὲν</span> <span class='ocrx_word' id='word_1_266' title='bbox 2733 1505 2811 1575; x_wconf 78' lang='grc' dir='ltr'>τῷ</span> <span class='ocrx_word' id='word_1_267' title='bbox 2848 1505 2982 1576; x_wconf 78' lang='grc' dir='ltr'>οἴκῳ</span> <span class='ocrx_word' id='word_1_268' title='bbox 3039 1506 3132 1559; x_wconf 80' lang='grc' dir='ltr'>τοῦ</span> <span class='ocrx_word' id='word_1_269' title='bbox 3199 1507 3507 1578; x_wconf 73' lang='grc' dir='ltr'>μαγίστρου</span> <span class='ocrx_word' id='word_1_270' title='bbox 3556 1509 3812 1561; x_wconf 82' lang='grc' dir='ltr'>Ἰωάννου</span> 
     </span>
    </p>
   </div>
   <div class='ocr_carea' id='block_1_44' title="bbox 2217 1598 3817 1671">
    <p class='ocr_par' dir='ltr' id='par_1_44' title="bbox 2217 1598 3817 1671">
     <span class='ocr_line' id='line_1_44' title="bbox 2217 1598 3817 1671; baseline 0.001 -20"><span class='ocrx_word' id='word_1_271' title='bbox 2217 1598 2312 1651; x_wconf 74' lang='grc' dir='ltr'>τοῦ</span> <span class='ocrx_word' id='word_1_272' title='bbox 2349 1599 2641 1669; x_wconf 78' lang='grc' dir='ltr'>Κουρκούα</span> <span class='ocrx_word' id='word_1_273' title='bbox 2680 1599 2777 1651; x_wconf 78' lang='grc' dir='ltr'>τοῦ</span> <span class='ocrx_word' id='word_1_274' title='bbox 2833 1600 3271 1669; x_wconf 84' lang='grc' dir='ltr'>ἁποδομεστίκου</span> <span class='ocrx_word' id='word_1_275' title='bbox 3324 1600 3433 1653; x_wconf 89' lang='grc' dir='ltr'>τῶν</span> <span class='ocrx_word' id='word_1_276' title='bbox 3467 1601 3673 1671; x_wconf 82' lang='grc' dir='ltr'>σχολῶν</span> <span class='ocrx_word' id='word_1_277' title='bbox 3713 1604 3817 1655; x_wconf 76' lang='grc' dir='ltr'>καὶ</span> 
     </span>
    </p>
   </div>
   <div class='ocr_carea' id='block_1_45' title="bbox 2217 1690 3816 1764">
    <p class='ocr_par' dir='ltr' id='par_1_45' title="bbox 2217 1690 3816 1764">
     <span class='ocr_line' id='line_1_45' title="bbox 2217 1690 3816 1764; baseline 0.004 -21"><span class='ocrx_word' id='word_1_278' title='bbox 2217 1693 2297 1752; x_wconf 70' lang='grc' dir='ltr'>εἰς</span> <span class='ocrx_word' id='word_1_279' title='bbox 2321 1690 2410 1742; x_wconf 80' lang='grc' dir='ltr'>τὸν</span> <span class='ocrx_word' id='word_1_280' title='bbox 2442 1690 2536 1743; x_wconf 76' lang='grc' dir='ltr'>τοῦ</span> <span class='ocrx_word' id='word_1_281' title='bbox 2581 1690 2886 1761; x_wconf 86' lang='grc' dir='ltr'>μαγίστρου</span> <span class='ocrx_word' id='word_1_282' title='bbox 2927 1691 3208 1763; x_wconf 82' lang='grc' dir='ltr'>Ῥωμανοῦ</span> <span class='ocrx_word' id='word_1_283' title='bbox 3244 1693 3555 1764; x_wconf 82' lang='grc' dir='ltr'>Σαρωνίτου</span> <span class='ocrx_word' id='word_1_284' title='bbox 3601 1696 3691 1748; x_wconf 78' lang='grc' dir='ltr'>καὶ</span> <span class='ocrx_word' id='word_1_285' title='bbox 3725 1700 3816 1759; x_wconf 75' lang='grc' dir='ltr'>είς</span> 
     </span>
    </p>
   </div>
   <div class='ocr_carea' id='block_1_46' title="bbox 2221 1782 3815 1857">
    <p class='ocr_par' dir='ltr' id='par_1_46' title="bbox 2221 1782 3815 1857">
     <span class='ocr_line' id='line_1_46' title="bbox 2221 1782 3815 1857; baseline 0.004 -22"><span class='ocrx_word' id='word_1_286' title='bbox 2221 1783 2440 1853; x_wconf 79' lang='grc' dir='ltr'>ἑτέρους</span> <span class='ocrx_word' id='word_1_287' title='bbox 2483 1783 2579 1835; x_wconf 68' lang='grc' dir='ltr'>καὶ</span> <span class='ocrx_word' id='word_1_288' title='bbox 2619 1782 2915 1855; x_wconf 74' lang='grc' dir='ltr'>διαφόρους</span> <span class='ocrx_word' id='word_1_289' title='bbox 2958 1785 3160 1849; x_wconf 77' lang='grc' dir='ltr'>οἴκους,</span> <span class='ocrx_word' id='word_1_290' title='bbox 3193 1785 3290 1837; x_wconf 76' lang='grc' dir='ltr'>καὶ</span> <span class='ocrx_word' id='word_1_291' title='bbox 3340 1784 3652 1857; x_wconf 79' lang='grc' dir='ltr'>διαρπαγὴν</span> <span class='ocrx_word' id='word_1_292' title='bbox 3709 1788 3815 1841; x_wconf 72' lang='grc' dir='ltr'>καὶ</span> 
     </span>
    </p>
   </div>
   <div class='ocr_carea' id='block_1_47' title="bbox 2221 1874 3815 1949">
    <p class='ocr_par' dir='ltr' id='par_1_47' title="bbox 2221 1874 3815 1949">
     <span class='ocr_line' id='line_1_47' title="bbox 2221 1874 3815 1949; baseline 0.003 -20"><span class='ocrx_word' id='word_1_293' title='bbox 2221 1877 2498 1947; x_wconf 77' lang='grc' dir='ltr'>πτωχείας</span> <span class='ocrx_word' id='word_1_294' title='bbox 2563 1876 2746 1939; x_wconf 72' lang='grc' dir='ltr'>αὐτοῖς</span> <span class='ocrx_word' id='word_1_295' title='bbox 2811 1874 3205 1948; x_wconf 80' lang='grc' dir='ltr'>προεξένησαν.</span> <span class='ocrx_word' id='word_1_296' title='bbox 3280 1877 3364 1949; x_wconf 83' lang='grc' dir='ltr'>[Ρ.</span> <span class='ocrx_word' id='word_1_297' title='bbox 3438 1878 3565 1949; x_wconf 77' lang='lat'>2&#39;75]</span> <span class='ocrx_word' id='word_1_298' title='bbox 3630 1879 3688 1933; x_wconf 88' lang='grc' dir='ltr'>Ὀ</span> <span class='ocrx_word' id='word_1_299' title='bbox 3750 1880 3815 1933; x_wconf 75' lang='grc' dir='ltr'>δὲ</span> 
     </span>
    </p>
   </div>
   <div class='ocr_carea' id='block_1_48' title="bbox 2219 1968 3816 2043">
    <p class='ocr_par' dir='ltr' id='par_1_48' title="bbox 2219 1968 3816 2043">
     <span class='ocr_line' id='line_1_48' title="bbox 2219 1968 3816 2043; baseline 0.006 -23"><span class='ocrx_word' id='word_1_300' title='bbox 2219 1968 2475 2039; x_wconf 79' lang='grc' dir='ltr'>βασιλεὺς</span> <span class='ocrx_word' id='word_1_301' title='bbox 2504 1971 2913 2033; x_wconf 83' lang='grc' dir='ltr'>Κωνσταντῖνος</span> <span class='ocrx_word' id='word_1_302' title='bbox 2936 1971 3324 2041; x_wconf 71' lang='grc' dir='ltr'>κατοικτείρας</span> <span class='ocrx_word' id='word_1_303' title='bbox 3345 1970 3406 2023; x_wconf 73' lang='grc' dir='ltr'>τὸ</span> <span class='ocrx_word' id='word_1_304' title='bbox 3429 1971 3692 2043; x_wconf 73' lang='grc' dir='ltr'>ἐξαίφνης</span> <span class='ocrx_word' id='word_1_305' title='bbox 3712 1974 3816 2027; x_wconf 71' lang='grc' dir='ltr'>καὶ</span> 
     </span>
    </p>
   </div>
   <div class='ocr_carea' id='block_1_49' title="bbox 2215 2060 3813 2135">
    <p class='ocr_par' dir='ltr' id='par_1_49' title="bbox 2215 2060 3813 2135">
     <span class='ocr_line' id='line_1_49' title="bbox 2215 2060 3813 2135; baseline 0.003 -22"><span class='ocrx_word' id='word_1_306' title='bbox 2215 2061 2428 2132; x_wconf 83' lang='grc' dir='ltr'>ἁθρόως</span> <span class='ocrx_word' id='word_1_307' title='bbox 2448 2060 2680 2131; x_wconf 80' lang='grc' dir='ltr'>ὁρᾶσθαι</span> <span class='ocrx_word' id='word_1_308' title='bbox 2727 2062 2927 2125; x_wconf 76' lang='grc' dir='ltr'>αὐτοὺς</span> <span class='ocrx_word' id='word_1_309' title='bbox 2959 2062 3223 2132; x_wconf 78' lang='grc' dir='ltr'>πένητας,</span> <span class='ocrx_word' id='word_1_310' title='bbox 3258 2062 3552 2133; x_wconf 80' lang='grc' dir='ltr'>διωρίσατο</span> <span class='ocrx_word' id='word_1_311' title='bbox 3594 2063 3672 2135; x_wconf 82' lang='grc' dir='ltr'>τῷ</span> <span class='ocrx_word' id='word_1_312' title='bbox 3705 2066 3813 2118; x_wconf 60' lang='lat' dir='ltr'><strong>s7:-</strong></span> 
     </span>
    </p>
   </div>
   <div class='ocr_carea' id='block_1_50' title="bbox 2218 2150 3818 2225">
    <p class='ocr_par' dir='ltr' id='par_1_50' title="bbox 2218 2150 3818 2225">
     <span class='ocr_line' id='line_1_50' title="bbox 2218 2150 3818 2225; baseline 0.003 -21"><span class='ocrx_word' id='word_1_313' title='bbox 2218 2150 2369 2222; x_wconf 83' lang='grc' dir='ltr'>άρχῳ</span> <span class='ocrx_word' id='word_1_314' title='bbox 2401 2151 2644 2221; x_wconf 75' lang='grc' dir='ltr'>Θεοφίλῳ</span> <span class='ocrx_word' id='word_1_315' title='bbox 2673 2152 2848 2206; x_wconf 78' lang='grc' dir='ltr'>ταῦτα</span> <span class='ocrx_word' id='word_1_316' title='bbox 2884 2153 3339 2224; x_wconf 69' lang='grc' dir='ltr'>σωρευθήναικαὶ</span> <span class='ocrx_word' id='word_1_317' title='bbox 3363 2154 3717 2225; x_wconf 84' lang='grc' dir='ltr'>ἀποδοθῆναι.</span> <span class='ocrx_word' id='word_1_318' title='bbox 3750 2156 3818 2209; x_wconf 86' lang='lat'><strong>&#39;0</strong></span> 
     </span>
    </p>
   </div>
   <div class='ocr_carea' id='block_1_51' title="bbox 2215 2244 3818 2319">
    <p class='ocr_par' dir='ltr' id='par_1_51' title="bbox 2215 2244 3818 2319">
     <span class='ocr_line' id='line_1_51' title="bbox 2215 2244 3818 2319; baseline 0.003 -23"><span class='ocrx_word' id='word_1_319' title='bbox 2215 2244 2270 2296; x_wconf 82' lang='grc' dir='ltr'>δὲ</span> <span class='ocrx_word' id='word_1_320' title='bbox 2308 2244 2887 2315; x_wconf 80' lang='grc' dir='ltr'>πρωτοκαγκελλαρίῳ</span> <span class='ocrx_word' id='word_1_321' title='bbox 2932 2245 3097 2299; x_wconf 78' lang='grc' dir='ltr'>αὐτοῦ</span> <span class='ocrx_word' id='word_1_322' title='bbox 3152 2245 3249 2299; x_wconf 81' lang='grc' dir='ltr'>σὺν</span> <span class='ocrx_word' id='word_1_323' title='bbox 3278 2245 3355 2316; x_wconf 78' lang='grc' dir='ltr'>τῷ</span> <span class='ocrx_word' id='word_1_324' title='bbox 3389 2245 3669 2319; x_wconf 76' lang='grc' dir='ltr'>λεγομένῳ</span> <span class='ocrx_word' id='word_1_325' title='bbox 3693 2249 3818 2301; x_wconf 85' lang='grc' dir='ltr'>Ζω-</span> 
     </span>
    </p>
   </div>
   <div class='ocr_carea' id='block_1_52' title="bbox 2216 2336 3818 2409">
    <p class='ocr_par' dir='ltr' id='par_1_52' title="bbox 2216 2336 3818 2409">
     <span class='ocr_line' id='line_1_52' title="bbox 2216 2336 3818 2409; baseline 0.004 -21"><span class='ocrx_word' id='word_1_326' title='bbox 2216 2336 2354 2405; x_wconf 80' lang='grc' dir='ltr'>ναρᾷ</span> <span class='ocrx_word' id='word_1_327' title='bbox 2392 2336 2943 2405; x_wconf 81' lang='grc' dir='ltr'>προσδιορισάμενος,</span> <span class='ocrx_word' id='word_1_328' title='bbox 2978 2337 3036 2400; x_wconf 79' lang='grc' dir='ltr'>ὃς</span> <span class='ocrx_word' id='word_1_329' title='bbox 3075 2338 3170 2391; x_wconf 81' lang='grc' dir='ltr'>ἆτε</span> <span class='ocrx_word' id='word_1_330' title='bbox 3200 2339 3406 2408; x_wconf 75' lang='grc' dir='ltr'>εὐφυὴς</span> <span class='ocrx_word' id='word_1_331' title='bbox 3438 2339 3681 2409; x_wconf 81' lang='grc' dir='ltr'>κλέπτης</span> <span class='ocrx_word' id='word_1_332' title='bbox 3716 2342 3818 2394; x_wconf 80' lang='grc' dir='ltr'>καὶ</span> 
     </span>
    </p>
   </div>
   <div class='ocr_carea' id='block_1_53' title="bbox 2220 2428 3814 2501">
    <p class='ocr_par' dir='ltr' id='par_1_53' title="bbox 2220 2428 3814 2501">
     <span class='ocr_line' id='line_1_53' title="bbox 2220 2428 3814 2501; baseline 0.004 -21"><span class='ocrx_word' id='word_1_333' title='bbox 2220 2428 2512 2499; x_wconf 83' lang='grc' dir='ltr'>μοχθηρὸς,</span> <span class='ocrx_word' id='word_1_334' title='bbox 2550 2431 2645 2481; x_wconf 76' lang='grc' dir='ltr'>καὶ</span> <span class='ocrx_word' id='word_1_335' title='bbox 2700 2433 2949 2500; x_wconf 72' lang='grc' dir='ltr'>κατέχων</span> <span class='ocrx_word' id='word_1_336' title='bbox 3004 2430 3073 2482; x_wconf 73' lang='grc' dir='ltr'>τὰ</span> <span class='ocrx_word' id='word_1_337' title='bbox 3119 2431 3329 2484; x_wconf 74' lang='grc' dir='ltr'>τούτων</span> <span class='ocrx_word' id='word_1_338' title='bbox 3364 2432 3644 2501; x_wconf 75' lang='grc' dir='ltr'>οἰκήματα</span> <span class='ocrx_word' id='word_1_339' title='bbox 3709 2434 3814 2486; x_wconf 73' lang='grc' dir='ltr'>καὶ</span> 
     </span>
    </p>
   </div>
   <div class='ocr_carea' id='block_1_54' title="bbox 2219 2520 3819 2594">
    <p class='ocr_par' dir='ltr' id='par_1_54' title="bbox 2219 2520 3819 2594">
     <span class='ocr_line' id='line_1_54' title="bbox 2219 2520 3819 2594; baseline 0.004 -20"><span class='ocrx_word' id='word_1_340' title='bbox 2219 2520 2421 2590; x_wconf 83' lang='grc' dir='ltr'>πολλὴν</span> <span class='ocrx_word' id='word_1_341' title='bbox 2440 2520 2678 2592; x_wconf 83' lang='grc' dir='ltr'>σπουδὴν</span> <span class='ocrx_word' id='word_1_342' title='bbox 2704 2522 3058 2587; x_wconf 74' lang='grc' dir='ltr'>καταϐαλὼν,</span> <span class='ocrx_word' id='word_1_343' title='bbox 3090 2524 3269 2577; x_wconf 74' lang='grc' dir='ltr'>πάντα</span> <span class='ocrx_word' id='word_1_344' title='bbox 3294 2525 3681 2594; x_wconf 73' lang='grc' dir='ltr'>ἐσφετερίσατο</span> <span class='ocrx_word' id='word_1_345' title='bbox 3714 2528 3819 2580; x_wconf 76' lang='grc' dir='ltr'>καὶ</span> 
     </span>
    </p>
   </div>
   <div class='ocr_carea' id='block_1_55' title="bbox 2216 2613 3812 2688">
    <p class='ocr_par' dir='ltr' id='par_1_55' title="bbox 2216 2613 3812 2688">
     <span class='ocr_line' id='line_1_55' title="bbox 2216 2613 3812 2688; baseline 0.002 -20"><span class='ocrx_word' id='word_1_346' title='bbox 2216 2617 2314 2686; x_wconf 75' lang='grc' dir='ltr'>τῆς</span> <span class='ocrx_word' id='word_1_347' title='bbox 2348 2613 2628 2681; x_wconf 78' lang='grc' dir='ltr'>ἀπλήστου</span> <span class='ocrx_word' id='word_1_348' title='bbox 2656 2614 2823 2667; x_wconf 76' lang='grc' dir='ltr'>αὐτοῦ</span> <span class='ocrx_word' id='word_1_349' title='bbox 2855 2614 3081 2685; x_wconf 78' lang='grc' dir='ltr'>γνώμης</span> <span class='ocrx_word' id='word_1_350' title='bbox 3122 2617 3495 2686; x_wconf 73' lang='grc' dir='ltr'>ἐνεφορήσατο</span> <span class='ocrx_word' id='word_1_351' title='bbox 3528 2619 3625 2671; x_wconf 71' lang='grc' dir='ltr'>καὶ</span> <span class='ocrx_word' id='word_1_352' title='bbox 3651 2619 3812 2688; x_wconf 84' lang='grc' dir='ltr'>μόλις</span> 
     </span>
    </p>
   </div>
   <div class='ocr_carea' id='block_1_56' title="bbox 2215 2705 3807 2780">
    <p class='ocr_par' dir='ltr' id='par_1_56' title="bbox 2215 2705 3807 2780">
     <span class='ocr_line' id='line_1_56' title="bbox 2215 2705 3807 2780; baseline 0.003 -23"><span class='ocrx_word' id='word_1_353' title='bbox 2215 2706 2315 2774; x_wconf 82' lang='grc' dir='ltr'>τὴν</span> <span class='ocrx_word' id='word_1_354' title='bbox 2347 2705 2582 2775; x_wconf 81' lang='grc' dir='ltr'>δεκάτην</span> <span class='ocrx_word' id='word_1_355' title='bbox 2623 2708 2820 2776; x_wconf 85' lang='grc' dir='ltr'>μοῖραν</span> <span class='ocrx_word' id='word_1_356' title='bbox 2868 2708 3054 2771; x_wconf 72' lang='grc' dir='ltr'>αὐτοῖς</span> <span class='ocrx_word' id='word_1_357' title='bbox 3084 2708 3390 2763; x_wconf 80' lang='grc' dir='ltr'>ἀπέδωκεν.</span> <span class='ocrx_word' id='word_1_358' title='bbox 3444 2711 3555 2763; x_wconf 71' lang='grc' dir='ltr'>Καὶ</span> <span class='ocrx_word' id='word_1_359' title='bbox 3593 2711 3673 2772; x_wconf 86' lang='grc' dir='ltr'>τίς</span> <span class='ocrx_word' id='word_1_360' title='bbox 3700 2711 3807 2780; x_wconf 76' lang='grc' dir='ltr'>τὴν</span> 
     </span>
    </p>
   </div>
   <div class='ocr_carea' id='block_1_57' title="bbox 2218 2796 3799 2870">
    <p class='ocr_par' dir='ltr' id='par_1_57' title="bbox 2218 2796 3799 2870">
     <span class='ocr_line' id='line_1_57' title="bbox 2218 2796 3799 2870; baseline 0.003 -21"><span class='ocrx_word' id='word_1_361' title='bbox 2218 2797 2417 2867; x_wconf 84' lang='grc' dir='ltr'>πολλὴν</span> <span class='ocrx_word' id='word_1_362' title='bbox 2460 2796 2555 2850; x_wconf 79' lang='grc' dir='ltr'>καὶ</span> <span class='ocrx_word' id='word_1_363' title='bbox 2582 2796 2812 2868; x_wconf 83' lang='grc' dir='ltr'>ἄπειρον</span> <span class='ocrx_word' id='word_1_364' title='bbox 2838 2798 3121 2870; x_wconf 84' lang='grc' dir='ltr'>δολιότητα</span> <span class='ocrx_word' id='word_1_365' title='bbox 3150 2801 3246 2853; x_wconf 73' lang='grc' dir='ltr'>καὶ</span> <span class='ocrx_word' id='word_1_366' title='bbox 3279 2801 3480 2854; x_wconf 80' lang='grc' dir='ltr'>κακίαν</span> <span class='ocrx_word' id='word_1_367' title='bbox 3501 2800 3587 2853; x_wconf 85' lang='grc' dir='ltr'>τοῦ</span> <span class='ocrx_word' id='word_1_368' title='bbox 3615 2801 3799 2854; x_wconf 75' lang='grc' dir='ltr'>δολίου</span> 
     </span>
    </p>
   </div>
   <div class='ocr_carea' id='block_1_58' title="bbox 2216 2889 3798 2964">
    <p class='ocr_par' dir='ltr' id='par_1_58' title="bbox 2216 2889 3798 2964">
     <span class='ocr_line' id='line_1_58' title="bbox 2216 2889 3798 2964; baseline 0.004 -24"><span class='ocrx_word' id='word_1_369' title='bbox 2216 2889 2408 2960; x_wconf 70' lang='grc' dir='ltr'>ἀνδρὸς</span> <span class='ocrx_word' id='word_1_370' title='bbox 2435 2889 2798 2959; x_wconf 84' lang='grc' dir='ltr'>διηγήσεται;</span> <span class='ocrx_word' id='word_1_371' title='bbox 2830 2891 2889 2952; x_wconf 83' lang='grc' dir='ltr'>ὃς</span> <span class='ocrx_word' id='word_1_372' title='bbox 2929 2890 3078 2963; x_wconf 82' lang='grc' dir='ltr'>λύμη</span> <span class='ocrx_word' id='word_1_373' title='bbox 3120 2894 3216 2947; x_wconf 78' lang='grc' dir='ltr'>καὶ</span> <span class='ocrx_word' id='word_1_374' title='bbox 3242 2893 3400 2957; x_wconf 82' lang='grc' dir='ltr'>νόσος</span> <span class='ocrx_word' id='word_1_375' title='bbox 3437 2896 3502 2964; x_wconf 78' lang='grc' dir='ltr'>τῇ</span> <span class='ocrx_word' id='word_1_376' title='bbox 3550 2893 3798 2964; x_wconf 64' lang='grc' dir='ltr'>πολιτεία</span> 
     </span>
    </p>
   </div>
   <div class='ocr_carea' id='block_1_59' title="bbox 2226 2982 3807 3057">
    <p class='ocr_par' dir='ltr' id='par_1_59' title="bbox 2226 2982 3807 3057">
     <span class='ocr_line' id='line_1_59' title="bbox 2226 2982 3807 3057; baseline 0.003 -24"><span class='ocrx_word' id='word_1_377' title='bbox 2226 2982 2520 3050; x_wconf 83' lang='grc' dir='ltr'>Ῥωμαίων</span> <span class='ocrx_word' id='word_1_378' title='bbox 2572 2983 2821 3050; x_wconf 82' lang='grc' dir='ltr'>γέγονεν.</span> <span class='ocrx_word' id='word_1_379' title='bbox 2855 2985 2928 3036; x_wconf 83' lang='lat' dir='ltr'>&quot;H</span> <span class='ocrx_word' id='word_1_380' title='bbox 2979 2987 3035 3037; x_wconf 82' lang='grc' dir='ltr'>ὲν</span> <span class='ocrx_word' id='word_1_381' title='bbox 3059 2984 3200 3055; x_wconf 85' lang='grc' dir='ltr'>ποίῳ</span> <span class='ocrx_word' id='word_1_382' title='bbox 3247 2986 3405 3056; x_wconf 81' lang='grc' dir='ltr'>κακῷ</span> <span class='ocrx_word' id='word_1_383' title='bbox 3450 2987 3807 3057; x_wconf 84' lang='grc' dir='ltr'>πρώτιστοςὸ</span> 
     </span>
    </p>
   </div>
   <div class='ocr_carea' id='block_1_60' title="bbox 2220 3072 3808 3148">
    <p class='ocr_par' dir='ltr' id='par_1_60' title="bbox 2220 3072 3808 3148">
     <span class='ocr_line' id='line_1_60' title="bbox 2220 3072 3808 3148; baseline 0.021 -37"><span class='ocrx_word' id='word_1_384' title='bbox 2220 3072 2358 3142; x_wconf 75' lang='grc' dir='ltr'>ἀνὴρ</span> <span class='ocrx_word' id='word_1_385' title='bbox 2381 3074 2479 3143; x_wconf 71' lang='grc' dir='ltr'>οὐχ</span> <span class='ocrx_word' id='word_1_386' title='bbox 2502 3074 2792 3142; x_wconf 76' lang='grc' dir='ltr'>εὑρίσκετο</span> <span class='ocrx_word' id='word_1_387' title='bbox 2817 3093 2830 3140; x_wconf 91' lang='lat'><strong>;</strong></span> <span class='ocrx_word' id='word_1_388' title='bbox 2865 3079 2931 3146; x_wconf 82' lang='grc' dir='ltr'>τῇ</span> <span class='ocrx_word' id='word_1_389' title='bbox 2962 3075 3318 3148; x_wconf 75' lang='grc' dir='ltr'>πιθανολογίᾳ</span> <span class='ocrx_word' id='word_1_390' title='bbox 3353 3079 3447 3130; x_wconf 74' lang='grc' dir='ltr'>καὶ</span> <span class='ocrx_word' id='word_1_391' title='bbox 3477 3081 3589 3141; x_wconf 81' lang='grc' dir='ltr'>τοῖς</span> <span class='ocrx_word' id='word_1_392' title='bbox 3616 3078 3808 3148; x_wconf 78' lang='grc' dir='ltr'>ὅρκοις</span> 
     </span>
    </p>
   </div>
   <div class='ocr_carea' id='block_1_61' title="bbox 533 3156 2118 3242">
    <p class='ocr_par' dir='ltr' id='par_1_61' title="bbox 533 3156 2111 3212">
     <span class='ocr_line' id='line_1_61' title="bbox 533 3156 2111 3212; baseline -0.001 -2"><span class='ocrx_word' id='word_1_393' title='bbox 533 3158 721 3212; x_wconf 70' lang='lat' dir='ltr'>tuierit</span> <span class='ocrx_word' id='word_1_394' title='bbox 743 3157 765 3209; x_wconf 83' lang='lat'><strong>?</strong></span> <span class='ocrx_word' id='word_1_395' title='bbox 790 3172 914 3211; x_wconf 91' lang='lat' dir='ltr'>eum</span> <span class='ocrx_word' id='word_1_396' title='bbox 948 3156 1209 3209; x_wconf 90' lang='lat' dir='ltr'>nimirum</span> <span class='ocrx_word' id='word_1_397' title='bbox 1246 3156 1429 3211; x_wconf 85' lang='lat' dir='ltr'>verbis</span> <span class='ocrx_word' id='word_1_398' title='bbox 1475 3156 1541 3209; x_wconf 80' lang='lat' dir='ltr'>ad</span> <span class='ocrx_word' id='word_1_399' title='bbox 1587 3156 1926 3210; x_wconf 88' lang='lat' dir='ltr'>suadendum</span> <span class='ocrx_word' id='word_1_400' title='bbox 1958 3170 2111 3209; x_wconf 87' lang='lat' dir='ltr'>com--</span> 
     </span>
    </p>
   </div>
   <div class='ocr_carea' id='block_1_62' title="bbox 2222 3156 3809 3242">
    <p class='ocr_par' dir='ltr' id='par_1_62' title="bbox 2222 3158 3809 3237">
     <span class='ocr_line' id='line_1_62' title="bbox 2222 3158 3809 3237; baseline 0.004 -23"><span class='ocrx_word' id='word_1_401' title='bbox 2222 3162 2455 3232; x_wconf 74' lang='grc' dir='ltr'>βεϐαιῶν</span> <span class='ocrx_word' id='word_1_402' title='bbox 2483 3164 2558 3226; x_wconf 85' lang='grc' dir='ltr'>ὠς</span> <span class='ocrx_word' id='word_1_403' title='bbox 2584 3163 2678 3216; x_wconf 82' lang='grc' dir='ltr'>ἆτε</span> <span class='ocrx_word' id='word_1_404' title='bbox 2709 3165 2900 3217; x_wconf 72' lang='grc' dir='ltr'>πιστὸν</span> <span class='ocrx_word' id='word_1_405' title='bbox 2932 3166 3028 3219; x_wconf 74' lang='grc' dir='ltr'>καὶ</span> <span class='ocrx_word' id='word_1_406' title='bbox 3058 3166 3217 3237; x_wconf 77' lang='grc' dir='ltr'>όρθδν</span> <span class='ocrx_word' id='word_1_407' title='bbox 3250 3158 3392 3220; x_wconf 76' lang='grc' dir='ltr'>εἶναι</span> <span class='ocrx_word' id='word_1_408' title='bbox 3426 3170 3582 3221; x_wconf 72' lang='grc' dir='ltr'>πᾶσι.</span> <span class='ocrx_word' id='word_1_409' title='bbox 3632 3168 3719 3231; x_wconf 82' lang='grc' dir='ltr'>Ὠς</span> <span class='ocrx_word' id='word_1_410' title='bbox 3750 3168 3809 3220; x_wconf 81' lang='grc' dir='ltr'>δὲ</span> 
     </span>
    </p>
   </div>
   <div class='ocr_carea' id='block_1_63' title="bbox 532 3245 2116 3318">
    <p class='ocr_par' dir='ltr' id='par_1_63' title="bbox 532 3245 2116 3318">
     <span class='ocr_line' id='line_1_63' title="bbox 532 3245 2116 3318; baseline -0.003 -17"><span class='ocrx_word' id='word_1_411' title='bbox 532 3249 730 3318; x_wconf 73' lang='lat' dir='ltr'>positis</span> <span class='ocrx_word' id='word_1_412' title='bbox 757 3263 821 3302; x_wconf 88' lang='lat' dir='ltr'>ac</span> <span class='ocrx_word' id='word_1_413' title='bbox 855 3246 1220 3315; x_wconf 87' lang='lat' dir='ltr'>jurejurando</span> <span class='ocrx_word' id='word_1_414' title='bbox 1249 3246 1482 3300; x_wconf 83' lang='lat' dir='ltr'>ﬁrmatis</span> <span class='ocrx_word' id='word_1_415' title='bbox 1509 3245 1726 3301; x_wconf 88' lang='lat' dir='ltr'>cunctis</span> <span class='ocrx_word' id='word_1_416' title='bbox 1755 3246 1966 3299; x_wconf 81' lang='lat' dir='ltr'>ﬁdelem</span> <span class='ocrx_word' id='word_1_417' title='bbox 1998 3245 2116 3298; x_wconf 79' lang='lat' dir='ltr'>ani-</span> 
     </span>
    </p>
   </div>
   <div class='ocr_carea' id='block_1_64' title="bbox 536 3335 2118 3409">
    <p class='ocr_par' dir='ltr' id='par_1_64' title="bbox 536 3335 2118 3409">
     <span class='ocr_line' id='line_1_64' title="bbox 536 3335 2118 3409; baseline -0.003 -15"><span class='ocrx_word' id='word_1_418' title='bbox 536 3356 686 3395; x_wconf 90' lang='lat' dir='ltr'>mum</span> <span class='ocrx_word' id='word_1_419' title='bbox 731 3341 972 3409; x_wconf 86' lang='lat' dir='ltr'>rectique</span> <span class='ocrx_word' id='word_1_420' title='bbox 1008 3346 1272 3404; x_wconf 43' lang='lat' dir='ltr'>,tenacem</span> <span class='ocrx_word' id='word_1_421' title='bbox 1308 3352 1420 3406; x_wconf 66' lang='lat' dir='ltr'>pra:</span> <span class='ocrx_word' id='word_1_422' title='bbox 1451 3352 1509 3391; x_wconf 90' lang='lat' dir='ltr'>se</span> <span class='ocrx_word' id='word_1_423' title='bbox 1555 3336 1745 3391; x_wconf 83' lang='lat' dir='ltr'>ferret.</span> <span class='ocrx_word' id='word_1_424' title='bbox 1789 3335 2012 3401; x_wconf 87' lang='lat' dir='ltr'>Verum,</span> <span class='ocrx_word' id='word_1_425' title='bbox 2059 3345 2118 3390; x_wconf 84' lang='lat' dir='ltr'>ut</span> 
     </span>
    </p>
   </div>
   <div class='ocr_carea' id='block_1_65' title="bbox 537 3427 2117 3500">
    <p class='ocr_par' dir='ltr' id='par_1_65' title="bbox 537 3427 2117 3500">
     <span class='ocr_line' id='line_1_65' title="bbox 537 3427 2117 3500; baseline -0.003 -16"><span class='ocrx_word' id='word_1_426' title='bbox 537 3434 699 3500; x_wconf 64' lang='lat' dir='ltr'>vtilgo</span> <span class='ocrx_word' id='word_1_427' title='bbox 721 3432 788 3485; x_wconf 90' lang='lat' dir='ltr'>de</span> <span class='ocrx_word' id='word_1_428' title='bbox 822 3431 916 3484; x_wconf 86' lang='lat' dir='ltr'>illo</span> <span class='ocrx_word' id='word_1_429' title='bbox 944 3429 1209 3499; x_wconf 83' lang='lat' dir='ltr'>jactatur,</span> <span class='ocrx_word' id='word_1_430' title='bbox 1240 3428 1491 3482; x_wconf 85' lang='lat' dir='ltr'>invocata</span> <span class='ocrx_word' id='word_1_431' title='bbox 1516 3427 1826 3482; x_wconf 81' lang='lat' dir='ltr'>daemonum</span> <span class='ocrx_word' id='word_1_432' title='bbox 1857 3443 1960 3497; x_wconf 89' lang='lat' dir='ltr'>ope</span> <span class='ocrx_word' id='word_1_433' title='bbox 1987 3443 2117 3482; x_wconf 87' lang='lat' dir='ltr'>cun-</span> 
     </span>
    </p>
   </div>
   <div class='ocr_carea' id='block_1_66' title="bbox 536 3520 2117 3586">
    <p class='ocr_par' dir='ltr' id='par_1_66' title="bbox 536 3520 2117 3586">
     <span class='ocr_line' id='line_1_66' title="bbox 536 3520 2117 3586; baseline -0.002 -9"><span class='ocrx_word' id='word_1_434' title='bbox 536 3536 622 3579; x_wconf 77' lang='lat' dir='ltr'>rta</span> <span class='ocrx_word' id='word_1_435' title='bbox 655 3525 729 3578; x_wconf 68' lang='lat' dir='ltr'>illi</span> <span class='ocrx_word' id='word_1_436' title='bbox 760 3540 821 3577; x_wconf 80' lang='lat' dir='ltr'>ex</span> <span class='ocrx_word' id='word_1_437' title='bbox 854 3536 983 3576; x_wconf 87' lang='lat' dir='ltr'>voto</span> <span class='ocrx_word' id='word_1_438' title='bbox 1015 3522 1299 3584; x_wconf 85' lang='lat' dir='ltr'>cedebant,</span> <span class='ocrx_word' id='word_1_439' title='bbox 1337 3532 1396 3575; x_wconf 84' lang='lat' dir='ltr'>ut</span> <span class='ocrx_word' id='word_1_440' title='bbox 1425 3536 1526 3575; x_wconf 90' lang='lat' dir='ltr'>nec</span> <span class='ocrx_word' id='word_1_441' title='bbox 1551 3520 1967 3586; x_wconf 86' lang='lat' dir='ltr'>Constantinus,</span> <span class='ocrx_word' id='word_1_442' title='bbox 1990 3536 2117 3575; x_wconf 91' lang='lat' dir='ltr'>cum</span> 
     </span>
    </p>
   </div>
   <div class='ocr_carea' id='block_1_67' title="bbox 538 3612 2116 3687">
    <p class='ocr_par' dir='ltr' id='par_1_67' title="bbox 538 3612 2116 3687">
     <span class='ocr_line' id='line_1_67' title="bbox 538 3612 2116 3687; baseline -0.002 -16"><span class='ocrx_word' id='word_1_443' title='bbox 538 3631 917 3687; x_wconf 70' lang='lat' dir='ltr'>saepenumero</span> <span class='ocrx_word' id='word_1_444' title='bbox 957 3631 1080 3669; x_wconf 88' lang='lat' dir='ltr'>eum</span> <span class='ocrx_word' id='word_1_445' title='bbox 1146 3612 1317 3683; x_wconf 81' lang='lat' dir='ltr'>gradu</span> <span class='ocrx_word' id='word_1_446' title='bbox 1374 3627 1592 3667; x_wconf 87' lang='lat' dir='ltr'>movere</span> <span class='ocrx_word' id='word_1_447' title='bbox 1628 3614 1943 3683; x_wconf 81' lang='lat' dir='ltr'>cogitasset,</span> <span class='ocrx_word' id='word_1_448' title='bbox 2003 3628 2116 3668; x_wconf 91' lang='lat' dir='ltr'>rem</span> 
     </span>
    </p>
   </div>
   <div class='ocr_carea' id='block_1_68' title="bbox 536 3706 2119 3780">
    <p class='ocr_par' dir='ltr' id='par_1_68' title="bbox 536 3706 2119 3780">
     <span class='ocr_line' id='line_1_68' title="bbox 536 3706 2119 3780; baseline -0.001 -18"><span class='ocrx_word' id='word_1_449' title='bbox 536 3720 800 3780; x_wconf 65' lang='lat' dir='ltr'>pra-stare</span> <span class='ocrx_word' id='word_1_450' title='bbox 827 3708 1057 3761; x_wconf 69' lang='lat' dir='ltr'>valuerit</span> <span class='ocrx_word' id='word_1_451' title='bbox 1084 3750 1098 3773; x_wconf 94' lang='lat'>,</span> <span class='ocrx_word' id='word_1_452' title='bbox 1125 3707 1257 3777; x_wconf 86' lang='lat' dir='ltr'>quin</span> <span class='ocrx_word' id='word_1_453' title='bbox 1291 3706 1470 3775; x_wconf 89' lang='lat' dir='ltr'>potius</span> <span class='ocrx_word' id='word_1_454' title='bbox 1493 3706 1776 3761; x_wconf 80' lang='lat' dir='ltr'>beneﬁciis</span> <span class='ocrx_word' id='word_1_455' title='bbox 1818 3720 1881 3761; x_wconf 84' lang='lat' dir='ltr'>ac</span> <span class='ocrx_word' id='word_1_456' title='bbox 1924 3721 2119 3761; x_wconf 86' lang='lat' dir='ltr'>mune-</span> 
     </span>
    </p>
   </div>
   <div class='ocr_carea' id='block_1_69' title="bbox 531 3795 2119 3867">
    <p class='ocr_par' dir='ltr' id='par_1_69' title="bbox 531 3795 2119 3867">
     <span class='ocr_line' id='line_1_69' title="bbox 531 3795 2119 3867; baseline -0.003 -12"><span class='ocrx_word' id='word_1_457' title='bbox 531 3804 691 3855; x_wconf 73' lang='lat' dir='ltr'>ribus</span> <span class='ocrx_word' id='word_1_458' title='bbox 719 3815 842 3853; x_wconf 86' lang='lat' dir='ltr'>eum</span> <span class='ocrx_word' id='word_1_459' title='bbox 880 3806 1204 3867; x_wconf 84' lang='lat' dir='ltr'>prosecutus</span> <span class='ocrx_word' id='word_1_460' title='bbox 1235 3798 1324 3851; x_wconf 90' lang='lat' dir='ltr'>sit.</span> <span class='ocrx_word' id='word_1_461' title='bbox 1352 3795 1525 3849; x_wconf 85' lang='lat' dir='ltr'>Porro</span> <span class='ocrx_word' id='word_1_462' title='bbox 1563 3796 1631 3849; x_wconf 91' lang='lat' dir='ltr'>de</span> <span class='ocrx_word' id='word_1_463' title='bbox 1664 3796 1897 3850; x_wconf 86' lang='lat' dir='ltr'>hominis</span> <span class='ocrx_word' id='word_1_464' title='bbox 1928 3796 2119 3851; x_wconf 88' lang='lat' dir='ltr'>adula-</span> 
     </span>
    </p>
   </div>
   <div class='ocr_carea' id='block_1_70' title="bbox 532 3888 2118 3959">
    <p class='ocr_par' dir='ltr' id='par_1_70' title="bbox 532 3888 2118 3959">
     <span class='ocr_line' id='line_1_70' title="bbox 532 3888 2118 3959; baseline -0.001 -14"><span class='ocrx_word' id='word_1_465' title='bbox 532 3894 717 3954; x_wconf 68' lang='lat' dir='ltr'>tor-iis,</span> <span class='ocrx_word' id='word_1_466' title='bbox 765 3891 1010 3944; x_wconf 71' lang='lat' dir='ltr'>menibus</span> <span class='ocrx_word' id='word_1_467' title='bbox 1061 3890 1343 3959; x_wconf 82' lang='lat' dir='ltr'>multaque</span> <span class='ocrx_word' id='word_1_468' title='bbox 1396 3888 1541 3942; x_wconf 85' lang='lat' dir='ltr'>illius</span> <span class='ocrx_word' id='word_1_469' title='bbox 1590 3888 1945 3957; x_wconf 88' lang='lat' dir='ltr'>impudentia,</span> <span class='ocrx_word' id='word_1_470' title='bbox 1998 3889 2118 3959; x_wconf 90' lang='lat' dir='ltr'>ejus</span> 
     </span>
    </p>
   </div>
   <div class='ocr_carea' id='block_1_71' title="bbox 542 3981 2119 4051">
    <p class='ocr_par' dir='ltr' id='par_1_71' title="bbox 542 3981 2119 4051">
     <span class='ocr_line' id='line_1_71' title="bbox 542 3981 2119 4051; baseline 0 -13"><span class='ocrx_word' id='word_1_471' title='bbox 542 3987 667 4039; x_wconf 77' lang='lat' dir='ltr'>item</span> <span class='ocrx_word' id='word_1_472' title='bbox 702 3984 870 4038; x_wconf 86' lang='lat' dir='ltr'>inlido</span> <span class='ocrx_word' id='word_1_473' title='bbox 919 3981 1102 4035; x_wconf 86' lang='lat' dir='ltr'>animo</span> <span class='ocrx_word' id='word_1_474' title='bbox 1131 3995 1428 4051; x_wconf 80' lang='lat' dir='ltr'>pravoque,</span> <span class='ocrx_word' id='word_1_475' title='bbox 1463 3996 1528 4036; x_wconf 83' lang='lat' dir='ltr'>ac</span> <span class='ocrx_word' id='word_1_476' title='bbox 1580 3995 1747 4051; x_wconf 86' lang='lat' dir='ltr'>quam</span> <span class='ocrx_word' id='word_1_477' title='bbox 1803 3982 1951 4035; x_wconf 88' lang='lat' dir='ltr'>nulla</span> <span class='ocrx_word' id='word_1_478' title='bbox 1993 3985 2119 4051; x_wconf 80' lang='lat' dir='ltr'>quis</span> 
     </span>
    </p>
   </div>
   <div class='ocr_carea' id='block_1_72' title="bbox 2210 3252 3816 3331">
    <p class='ocr_par' dir='ltr' id='par_1_72' title="bbox 2210 3252 3816 3331">
     <span class='ocr_line' id='line_1_72' title="bbox 2210 3252 3816 3331; baseline 0.002 -23"><span class='ocrx_word' id='word_1_479' title='bbox 2210 3256 2368 3324; x_wconf 76' lang='grc' dir='ltr'>λόγος</span> <span class='ocrx_word' id='word_1_480' title='bbox 2404 3255 2614 3326; x_wconf 79' lang='grc' dir='ltr'>ᾄδεται,</span> <span class='ocrx_word' id='word_1_481' title='bbox 2660 3252 2821 3321; x_wconf 66' lang='grc' dir='ltr'>οὗτος</span> <span class='ocrx_word' id='word_1_482' title='bbox 2868 3258 3123 3329; x_wconf 85' lang='grc' dir='ltr'>βοηθείας</span> <span class='ocrx_word' id='word_1_483' title='bbox 3159 3260 3435 3331; x_wconf 78' lang='grc' dir='ltr'>δαιμόνων</span> <span class='ocrx_word' id='word_1_484' title='bbox 3470 3259 3816 3328; x_wconf 77' lang='grc' dir='ltr'>προσκαλοόο</span> 
     </span>
    </p>
   </div>
   <div class='ocr_carea' id='block_1_73' title="bbox 2219 3349 3812 3420">
    <p class='ocr_par' dir='ltr' id='par_1_73' title="bbox 2219 3349 3812 3420">
     <span class='ocr_line' id='line_1_73' title="bbox 2219 3349 3812 3420; baseline 0.002 -22"><span class='ocrx_word' id='word_1_485' title='bbox 2219 3365 2377 3417; x_wconf 87' lang='grc' dir='ltr'>μενος</span> <span class='ocrx_word' id='word_1_486' title='bbox 2407 3351 2463 3401; x_wconf 78' lang='grc' dir='ltr'>ἐν</span> <span class='ocrx_word' id='word_1_487' title='bbox 2492 3349 2658 3401; x_wconf 74' lang='grc' dir='ltr'>πᾶσιν</span> <span class='ocrx_word' id='word_1_488' title='bbox 2685 3350 2991 3419; x_wconf 69' lang='grc' dir='ltr'>εὐδοκίμει,</span> <span class='ocrx_word' id='word_1_489' title='bbox 3026 3350 3101 3413; x_wconf 79' lang='grc' dir='ltr'>ὡς</span> <span class='ocrx_word' id='word_1_490' title='bbox 3136 3352 3231 3403; x_wconf 74' lang='grc' dir='ltr'>καὶ</span> <span class='ocrx_word' id='word_1_491' title='bbox 3266 3350 3429 3403; x_wconf 82' lang='grc' dir='ltr'>αὐτὸν</span> <span class='ocrx_word' id='word_1_492' title='bbox 3457 3351 3545 3403; x_wconf 80' lang='grc' dir='ltr'>τὸν</span> <span class='ocrx_word' id='word_1_493' title='bbox 3577 3350 3812 3420; x_wconf 76' lang='grc' dir='ltr'>βασιλέα</span> 
     </span>
    </p>
   </div>
   <div class='ocr_carea' id='block_1_74' title="bbox 2218 3440 3816 3513">
    <p class='ocr_par' dir='ltr' id='par_1_74' title="bbox 2218 3440 3816 3513">
     <span class='ocr_line' id='line_1_74' title="bbox 2218 3440 3816 3513; baseline 0.002 -21"><span class='ocrx_word' id='word_1_494' title='bbox 2218 3441 2634 3493; x_wconf 85' lang='grc' dir='ltr'>Κωνσταντῖνον</span> <span class='ocrx_word' id='word_1_495' title='bbox 2656 3440 2991 3511; x_wconf 76' lang='grc' dir='ltr'>βουληθέντα</span> <span class='ocrx_word' id='word_1_496' title='bbox 3009 3442 3285 3513; x_wconf 57' lang='grc' dir='ltr'>διαφόρως</span> <span class='ocrx_word' id='word_1_497' title='bbox 3315 3443 3650 3513; x_wconf 83' lang='grc' dir='ltr'>ἀποκινῆσαι</span> <span class='ocrx_word' id='word_1_498' title='bbox 3677 3443 3816 3495; x_wconf 79' lang='grc' dir='ltr'>τοῦ-</span> 
     </span>
    </p>
   </div>
   <div class='ocr_carea' id='block_1_75' title="bbox 2217 3534 3818 3606">
    <p class='ocr_par' dir='ltr' id='par_1_75' title="bbox 2217 3534 3818 3606">
     <span class='ocr_line' id='line_1_75' title="bbox 2217 3534 3818 3606; baseline 0.001 -21"><span class='ocrx_word' id='word_1_499' title='bbox 2217 3550 2313 3586; x_wconf 84' lang='grc' dir='ltr'>τον</span> <span class='ocrx_word' id='word_1_500' title='bbox 2342 3534 2444 3586; x_wconf 78' lang='grc' dir='ltr'>οὐκ</span> <span class='ocrx_word' id='word_1_501' title='bbox 2478 3534 2727 3604; x_wconf 70' lang='grc' dir='ltr'>ἴσχυσεν,</span> <span class='ocrx_word' id='word_1_502' title='bbox 2770 3536 2910 3588; x_wconf 76' lang='grc' dir='ltr'>ἀλλὰ</span> <span class='ocrx_word' id='word_1_503' title='bbox 2930 3537 3134 3606; x_wconf 82' lang='grc' dir='ltr'>μᾶλλον</span> <span class='ocrx_word' id='word_1_504' title='bbox 3165 3537 3435 3599; x_wconf 79' lang='grc' dir='ltr'>εὐποιίαις</span> <span class='ocrx_word' id='word_1_505' title='bbox 3460 3539 3552 3588; x_wconf 71' lang='grc' dir='ltr'>καὶ</span> <span class='ocrx_word' id='word_1_506' title='bbox 3574 3537 3818 3603; x_wconf 79' lang='grc' dir='ltr'>δωρεαῖς</span> 
     </span>
    </p>
   </div>
   <div class='ocr_carea' id='block_1_76' title="bbox 2220 3625 3821 3699">
    <p class='ocr_par' dir='ltr' id='par_1_76' title="bbox 2220 3625 3821 3699">
     <span class='ocr_line' id='line_1_76' title="bbox 2220 3625 3821 3699; baseline 0.003 -23"><span class='ocrx_word' id='word_1_507' title='bbox 2220 3625 2609 3696; x_wconf 82' lang='grc' dir='ltr'>προεξένησεν.</span> <span class='ocrx_word' id='word_1_508' title='bbox 2654 3629 2789 3699; x_wconf 74' lang='grc' dir='ltr'>Περῖ</span> <span class='ocrx_word' id='word_1_509' title='bbox 2824 3630 2879 3681; x_wconf 81' lang='grc' dir='ltr'>δὲ</span> <span class='ocrx_word' id='word_1_510' title='bbox 2919 3630 3019 3699; x_wconf 81' lang='grc' dir='ltr'>τῆς</span> <span class='ocrx_word' id='word_1_511' title='bbox 3065 3629 3259 3682; x_wconf 80' lang='grc' dir='ltr'>τούτου</span> <span class='ocrx_word' id='word_1_512' title='bbox 3312 3629 3553 3690; x_wconf 84' lang='grc' dir='ltr'>θωπείας</span> <span class='ocrx_word' id='word_1_513' title='bbox 3587 3630 3682 3681; x_wconf 66' lang='grc' dir='ltr'>καὶ</span> <span class='ocrx_word' id='word_1_514' title='bbox 3716 3646 3821 3681; x_wconf 79' lang='grc' dir='ltr'>κο-</span> 
     </span>
    </p>
   </div>
   <div class='ocr_carea' id='block_1_77' title="bbox 2223 3716 3823 3788">
    <p class='ocr_par' dir='ltr' id='par_1_77' title="bbox 2223 3716 3823 3788">
     <span class='ocr_line' id='line_1_77' title="bbox 2223 3716 3823 3788; baseline 0.003 -20"><span class='ocrx_word' id='word_1_515' title='bbox 2223 3716 2450 3778; x_wconf 87' lang='grc' dir='ltr'>λακείας</span> <span class='ocrx_word' id='word_1_516' title='bbox 2480 3718 2577 3770; x_wconf 72' lang='grc' dir='ltr'>καὶ</span> <span class='ocrx_word' id='word_1_517' title='bbox 2607 3718 2814 3786; x_wconf 72' lang='grc' dir='ltr'>πολλῆς</span> <span class='ocrx_word' id='word_1_518' title='bbox 2845 3719 3144 3781; x_wconf 82' lang='grc' dir='ltr'>ἀναιδείας,</span> <span class='ocrx_word' id='word_1_519' title='bbox 3178 3718 3274 3770; x_wconf 73' lang='grc' dir='ltr'>καὶ</span> <span class='ocrx_word' id='word_1_520' title='bbox 3303 3717 3400 3788; x_wconf 79' lang='grc' dir='ltr'>τήν</span> <span class='ocrx_word' id='word_1_521' title='bbox 3434 3718 3663 3770; x_wconf 78' lang='grc' dir='ltr'>ἄπιστον</span> <span class='ocrx_word' id='word_1_522' title='bbox 3692 3720 3823 3772; x_wconf 70' lang='grc' dir='ltr'>διά-</span> 
     </span>
    </p>
   </div>
   <div class='ocr_carea' id='block_1_78' title="bbox 2220 3805 3822 3881">
    <p class='ocr_par' dir='ltr' id='par_1_78' title="bbox 2220 3805 3822 3881">
     <span class='ocr_line' id='line_1_78' title="bbox 2220 3805 3822 3881; baseline 0.004 -24"><span class='ocrx_word' id='word_1_523' title='bbox 2220 3805 2371 3860; x_wconf 89' lang='grc' dir='ltr'>θεσιν</span> <span class='ocrx_word' id='word_1_524' title='bbox 2406 3808 2501 3860; x_wconf 76' lang='grc' dir='ltr'>καὶ</span> <span class='ocrx_word' id='word_1_525' title='bbox 2522 3809 2623 3880; x_wconf 83' lang='grc' dir='ltr'>τὴν</span> <span class='ocrx_word' id='word_1_526' title='bbox 2660 3811 2940 3881; x_wconf 80' lang='grc' dir='ltr'>μοχθηρὰν</span> <span class='ocrx_word' id='word_1_527' title='bbox 2965 3810 3059 3864; x_wconf 70' lang='grc' dir='ltr'>καὶ</span> <span class='ocrx_word' id='word_1_528' title='bbox 3090 3812 3411 3864; x_wconf 77' lang='grc' dir='ltr'>ἀνείκαστον</span> <span class='ocrx_word' id='word_1_529' title='bbox 3432 3808 3597 3862; x_wconf 75' lang='grc' dir='ltr'>αὐτοῦ</span> <span class='ocrx_word' id='word_1_530' title='bbox 3618 3809 3822 3863; x_wconf 64' lang='grc' dir='ltr'>πλεονε</span> 
     </span>
    </p>
   </div>
   <div class='ocr_carea' id='block_1_79' title="bbox 2222 3897 3819 3973">
    <p class='ocr_par' dir='ltr' id='par_1_79' title="bbox 2222 3897 3819 3973">
     <span class='ocr_line' id='line_1_79' title="bbox 2222 3897 3819 3973; baseline 0.003 -24"><span class='ocrx_word' id='word_1_531' title='bbox 2222 3897 2393 3967; x_wconf 80' lang='grc' dir='ltr'>εξίαν,</span> <span class='ocrx_word' id='word_1_532' title='bbox 2424 3898 2761 3971; x_wconf 79' lang='grc' dir='ltr'>πλατύτερόν</span> <span class='ocrx_word' id='word_1_533' title='bbox 2791 3920 2848 3956; x_wconf 90' lang='grc' dir='ltr'>τε</span> <span class='ocrx_word' id='word_1_534' title='bbox 2899 3904 2995 3956; x_wconf 68' lang='grc' dir='ltr'>καὶ</span> <span class='ocrx_word' id='word_1_535' title='bbox 3032 3901 3638 3972; x_wconf 79' lang='grc' dir='ltr'>ὲπεξεργαστικώτερον</span> <span class='ocrx_word' id='word_1_536' title='bbox 3664 3905 3721 3953; x_wconf 77' lang='grc' dir='ltr'>ἐν</span> <span class='ocrx_word' id='word_1_537' title='bbox 3748 3906 3819 3973; x_wconf 70' lang='grc' dir='ltr'>τῇ</span> 
     </span>
    </p>
   </div>
   <div class='ocr_carea' id='block_1_80' title="bbox 2220 3993 3305 4065">
    <p class='ocr_par' dir='ltr' id='par_1_80' title="bbox 2220 3993 3305 4065">
     <span class='ocr_line' id='line_1_80' title="bbox 2220 3993 3305 4065; baseline 0.006 -24"><span class='ocrx_word' id='word_1_538' title='bbox 2220 3993 2611 4065; x_wconf 75' lang='grc' dir='ltr'>προηγουμένη</span> <span class='ocrx_word' id='word_1_539' title='bbox 2627 3993 2960 4063; x_wconf 80' lang='grc' dir='ltr'>ὲπεξηγήσει</span> <span class='ocrx_word' id='word_1_540' title='bbox 2979 3994 3305 4064; x_wconf 77' lang='grc' dir='ltr'>ἐκθήσομαι.</span> 
     </span>
    </p>
   </div>
   <div class='ocr_carea' id='block_1_81' title="bbox 529 4073 3819 4156">
    <p class='ocr_par' dir='ltr' id='par_1_81' title="bbox 529 4073 3819 4156">
     <span class='ocr_line' id='line_1_81' title="bbox 529 4073 3819 4156; baseline 0.001 -19"><span class='ocrx_word' id='word_1_541' title='bbox 529 4077 857 4143; x_wconf 62' lang='lat' dir='ltr'>culljccwl‘a</span> <span class='ocrx_word' id='word_1_542' title='bbox 893 4076 1025 4131; x_wconf 73' lang='lat' dir='ltr'>salis</span> <span class='ocrx_word' id='word_1_543' title='bbox 1060 4074 1283 4144; x_wconf 79' lang='lat' dir='ltr'>assequi</span> <span class='ocrx_word' id='word_1_544' title='bbox 1315 4075 1513 4145; x_wconf 75' lang='grc' dir='ltr'>ροεδὶι,</span> <span class='ocrx_word' id='word_1_545' title='bbox 1551 4073 1777 4127; x_wconf 63' lang='lat' dir='ltr'>avaritia</span> <span class='ocrx_word' id='word_1_546' title='bbox 1810 4088 1872 4127; x_wconf 83' lang='lat' dir='ltr'>ac</span> <span class='ocrx_word' id='word_1_547' title='bbox 1909 4077 2208 4143; x_wconf 77' lang='lat' dir='ltr'>rapacitate</span> <span class='ocrx_word' id='word_1_548' title='bbox 2241 4082 2420 4139; x_wconf 75' lang='lat' dir='ltr'>fusius</span> <span class='ocrx_word' id='word_1_549' title='bbox 2446 4087 2854 4156; x_wconf 79' lang='lat' dir='ltr'>operosiusque</span> <span class='ocrx_word' id='word_1_550' title='bbox 2886 4086 2939 4139; x_wconf 92' lang='lat' dir='ltr'>in</span> <span class='ocrx_word' id='word_1_551' title='bbox 3010 4088 3230 4155; x_wconf 87' lang='lat' dir='ltr'>propria</span> <span class='ocrx_word' id='word_1_552' title='bbox 3304 4100 3479 4154; x_wconf 69' lang='lat' dir='ltr'>exque</span> <span class='ocrx_word' id='word_1_553' title='bbox 3558 4085 3819 4140; x_wconf 82' lang='lat' dir='ltr'>instituto</span> 
     </span>
    </p>
   </div>
   <div class='ocr_carea' id='block_1_82' title="bbox 535 4173 1439 4244">
    <p class='ocr_par' dir='ltr' id='par_1_82' title="bbox 535 4173 1439 4244">
     <span class='ocr_line' id='line_1_82' title="bbox 535 4173 1439 4244; baseline -0.003 -18"><span class='ocrx_word' id='word_1_554' title='bbox 535 4176 658 4244; x_wconf 75' lang='lat' dir='ltr'>ejus</span> <span class='ocrx_word' id='word_1_555' title='bbox 688 4176 765 4227; x_wconf 87' lang='lat' dir='ltr'>rei</span> <span class='ocrx_word' id='word_1_556' title='bbox 796 4173 1112 4226; x_wconf 84' lang='lat' dir='ltr'>narratione</span> <span class='ocrx_word' id='word_1_557' title='bbox 1144 4186 1439 4240; x_wconf 81' lang='lat' dir='ltr'>exponant.</span> 
     </span>
    </p>
   </div>
   <div class='ocr_carea' id='block_1_83' title="bbox 609 4264 2120 4337">
    <p class='ocr_par' dir='ltr' id='par_1_83' title="bbox 609 4264 2120 4337">
     <span class='ocr_line' id='line_1_83' title="bbox 609 4264 2120 4337; baseline -0.003 -11"><span class='ocrx_word' id='word_1_558' title='bbox 609 4273 662 4327; x_wconf 85' lang='lat'>9.</span> <span class='ocrx_word' id='word_1_559' title='bbox 695 4271 899 4325; x_wconf 80' lang='lat' dir='ltr'>Rerum</span> <span class='ocrx_word' id='word_1_560' title='bbox 928 4283 1201 4324; x_wconf 90' lang='lat' dir='ltr'>summam</span> <span class='ocrx_word' id='word_1_561' title='bbox 1233 4267 1383 4322; x_wconf 88' lang='lat' dir='ltr'>solus</span> <span class='ocrx_word' id='word_1_562' title='bbox 1428 4267 1659 4337; x_wconf 85' lang='lat' dir='ltr'>adeptus</span> <span class='ocrx_word' id='word_1_563' title='bbox 1699 4264 2120 4332; x_wconf 85' lang='lat' dir='ltr'>Constantinus,</span> 
     </span>
    </p>
   </div>
   <div class='ocr_carea' id='block_1_84' title="bbox 538 4356 2123 4430">
    <p class='ocr_par' dir='ltr' id='par_1_84' title="bbox 538 4356 2123 4430">
     <span class='ocr_line' id='line_1_84' title="bbox 538 4356 2123 4430; baseline -0.001 -15"><span class='ocrx_word' id='word_1_564' title='bbox 538 4362 800 4417; x_wconf 72' lang='lat' dir='ltr'>Basiliam</span> <span class='ocrx_word' id='word_1_565' title='bbox 827 4359 1306 4430; x_wconf 82' lang='lat' dir='ltr'>protovestiarium</span> <span class='ocrx_word' id='word_1_566' title='bbox 1336 4374 1497 4413; x_wconf 91' lang='lat' dir='ltr'>suum</span> <span class='ocrx_word' id='word_1_567' title='bbox 1542 4356 1891 4425; x_wconf 73' lang='lat' dir='ltr'>Romanique</span> <span class='ocrx_word' id='word_1_568' title='bbox 1932 4357 2123 4413; x_wconf 56' lang='lat' dir='ltr'>decesc</span> 
     </span>
    </p>
   </div>
   <div class='ocr_carea' id='block_1_85' title="bbox 540 4443 2123 4521">
    <p class='ocr_par' dir='ltr' id='par_1_85' title="bbox 540 4443 2123 4521">
     <span class='ocr_line' id='line_1_85' title="bbox 540 4443 2123 4521; baseline -0.006 -11"><span class='ocrx_word' id='word_1_569' title='bbox 540 4456 684 4510; x_wconf 82' lang='lat' dir='ltr'>soris</span> <span class='ocrx_word' id='word_1_570' title='bbox 710 4450 1059 4521; x_wconf 84' lang='lat' dir='ltr'>imperatoris</span> <span class='ocrx_word' id='word_1_571' title='bbox 1094 4449 1401 4504; x_wconf 81' lang='lat' dir='ltr'>naturalem</span> <span class='ocrx_word' id='word_1_572' title='bbox 1433 4463 1501 4501; x_wconf 86' lang='lat' dir='ltr'>ex</span> <span class='ocrx_word' id='word_1_573' title='bbox 1548 4443 1743 4516; x_wconf 77' lang='lat' dir='ltr'>pellice</span> <span class='ocrx_word' id='word_1_574' title='bbox 1792 4444 1987 4512; x_wconf 90' lang='lat' dir='ltr'>lilium,</span> <span class='ocrx_word' id='word_1_575' title='bbox 2026 4462 2123 4516; x_wconf 86' lang='lat' dir='ltr'>pa-</span> 
     </span>
    </p>
   </div>
   <div class='ocr_carea' id='block_1_86' title="bbox 2295 4268 3818 4340">
    <p class='ocr_par' dir='ltr' id='par_1_86' title="bbox 2295 4268 3818 4340">
     <span class='ocr_line' id='line_1_86' title="bbox 2295 4268 3818 4340; baseline -0.003 -15"><span class='ocrx_word' id='word_1_576' title='bbox 2295 4271 2360 4327; x_wconf 87' lang='grc' dir='ltr'>θ’.</span> <span class='ocrx_word' id='word_1_577' title='bbox 2392 4271 2548 4327; x_wconf 79' lang='grc' dir='ltr'>Μετὰ</span> <span class='ocrx_word' id='word_1_578' title='bbox 2576 4271 2634 4324; x_wconf 82' lang='grc' dir='ltr'>δὲ</span> <span class='ocrx_word' id='word_1_579' title='bbox 2668 4271 2728 4323; x_wconf 82' lang='grc' dir='ltr'>τὸ</span> <span class='ocrx_word' id='word_1_580' title='bbox 2760 4270 2923 4340; x_wconf 87' lang='grc' dir='ltr'>μόνον</span> <span class='ocrx_word' id='word_1_581' title='bbox 2961 4268 3399 4337; x_wconf 76' lang='grc' dir='ltr'>καταλειφθῆναι</span> <span class='ocrx_word' id='word_1_582' title='bbox 3433 4268 3818 4338; x_wconf 71' lang='grc' dir='ltr'>αὐτοκράτορα</span> 
     </span>
    </p>
   </div>
   <div class='ocr_carea' id='block_1_87' title="bbox 2225 4359 3814 4431">
    <p class='ocr_par' dir='ltr' id='par_1_87' title="bbox 2225 4359 3814 4431">
     <span class='ocr_line' id='line_1_87' title="bbox 2225 4359 3814 4431; baseline -0.004 -13"><span class='ocrx_word' id='word_1_583' title='bbox 2225 4364 2660 4425; x_wconf 84' lang='grc' dir='ltr'>Κωνσταντῖνον,</span> <span class='ocrx_word' id='word_1_584' title='bbox 2689 4360 3108 4431; x_wconf 84' lang='grc' dir='ltr'>προεχειρίσατο</span> <span class='ocrx_word' id='word_1_585' title='bbox 3158 4359 3443 4412; x_wconf 75' lang='grc' dir='ltr'>Βασίλειον</span> <span class='ocrx_word' id='word_1_586' title='bbox 3470 4360 3562 4411; x_wconf 83' lang='grc' dir='ltr'>τὸν</span> <span class='ocrx_word' id='word_1_587' title='bbox 3595 4375 3814 4429; x_wconf 70' lang='grc' dir='ltr'>πρωτο-</span> 
     </span>
    </p>
   </div>
   <div class='ocr_carea' id='block_1_88' title="bbox 2223 4451 3817 4528">
    <p class='ocr_par' dir='ltr' id='par_1_88' title="bbox 2223 4451 3817 4528">
     <span class='ocr_line' id='line_1_88' title="bbox 2223 4451 3817 4528; baseline -0.007 -17"><span class='ocrx_word' id='word_1_588' title='bbox 2223 4457 2536 4528; x_wconf 85' lang='grc' dir='ltr'>6εστιὰριον</span> <span class='ocrx_word' id='word_1_589' title='bbox 2571 4452 2761 4518; x_wconf 80' lang='grc' dir='ltr'>αὐτοῦ,</span> <span class='ocrx_word' id='word_1_590' title='bbox 2807 4452 2899 4505; x_wconf 79' lang='grc' dir='ltr'>τὸν</span> <span class='ocrx_word' id='word_1_591' title='bbox 2933 4452 3040 4504; x_wconf 85' lang='grc' dir='ltr'>ἀπὸ</span> <span class='ocrx_word' id='word_1_592' title='bbox 3066 4451 3354 4521; x_wconf 74' lang='grc' dir='ltr'>παλλακῆς</span> <span class='ocrx_word' id='word_1_593' title='bbox 3406 4451 3637 4519; x_wconf 66' lang='grc' dir='ltr'>φυσικὸν</span> <span class='ocrx_word' id='word_1_594' title='bbox 3694 4451 3817 4500; x_wconf 70' lang='grc' dir='ltr'>υἱὸν</span> 
     </span>
    </p>
   </div>
   <div class='ocr_carea' id='block_1_89' title="bbox 541 4539 2118 4619">
    <p class='ocr_par' dir='ltr' id='par_1_89' title="bbox 541 4539 2118 4618">
     <span class='ocr_line' id='line_1_89' title="bbox 541 4539 2118 4618; baseline -0.004 -15"><span class='ocrx_word' id='word_1_595' title='bbox 541 4550 759 4604; x_wconf 85' lang='lat' dir='ltr'>tricium</span> <span class='ocrx_word' id='word_1_596' title='bbox 788 4546 1038 4618; x_wconf 74' lang='lat' dir='ltr'>provexit</span> <span class='ocrx_word' id='word_1_597' title='bbox 1062 4561 1127 4600; x_wconf 88' lang='lat' dir='ltr'>ac</span> <span class='ocrx_word' id='word_1_598' title='bbox 1150 4546 1292 4600; x_wconf 80' lang='lat' dir='ltr'>sacri</span> <span class='ocrx_word' id='word_1_599' title='bbox 1318 4543 1557 4600; x_wconf 80' lang='lat' dir='ltr'>cubiculi</span> <span class='ocrx_word' id='word_1_600' title='bbox 1585 4539 1931 4612; x_wconf 63' lang='lat' dir='ltr'>praefectum,</span> <span class='ocrx_word' id='word_1_601' title='bbox 1958 4557 2118 4597; x_wconf 84' lang='lat' dir='ltr'>sena-</span> 
     </span>
    </p>
   </div>
   <div class='ocr_carea' id='block_1_90' title="bbox 2222 4539 3817 4619">
    <p class='ocr_par' dir='ltr' id='par_1_90' title="bbox 2236 4544 3817 4619">
     <span class='ocr_line' id='line_1_90' title="bbox 2236 4544 3817 4619; baseline -0.007 -16"><span class='ocrx_word' id='word_1_602' title='bbox 2236 4548 2523 4619; x_wconf 78' lang='grc' dir='ltr'>Ῥωμανοῦ</span> <span class='ocrx_word' id='word_1_603' title='bbox 2554 4547 2646 4601; x_wconf 80' lang='grc' dir='ltr'>τοῦ</span> <span class='ocrx_word' id='word_1_604' title='bbox 2682 4547 2790 4617; x_wconf 80' lang='grc' dir='ltr'>πρὸ</span> <span class='ocrx_word' id='word_1_605' title='bbox 2816 4544 2984 4599; x_wconf 74' lang='grc' dir='ltr'>αὑτοῦ</span> <span class='ocrx_word' id='word_1_606' title='bbox 3021 4544 3310 4614; x_wconf 80' lang='grc' dir='ltr'>βασιλέως,</span> <span class='ocrx_word' id='word_1_607' title='bbox 3365 4545 3657 4614; x_wconf 64' lang='grc' dir='ltr'>πατρίκμον</span> <span class='ocrx_word' id='word_1_608' title='bbox 3713 4544 3817 4593; x_wconf 69' lang='grc' dir='ltr'>καὶ</span> 
     </span>
    </p>
   </div>
   <div class='ocr_carea' id='block_1_91' title="bbox 541 4634 2122 4710">
    <p class='ocr_par' dir='ltr' id='par_1_91' title="bbox 541 4634 2122 4710">
     <span class='ocr_line' id='line_1_91' title="bbox 541 4634 2122 4710; baseline -0.004 -14"><span class='ocrx_word' id='word_1_609' title='bbox 541 4655 741 4710; x_wconf 82' lang='lat' dir='ltr'>tuSqne</span> <span class='ocrx_word' id='word_1_610' title='bbox 782 4640 972 4709; x_wconf 88' lang='lat' dir='ltr'>primis</span> <span class='ocrx_word' id='word_1_611' title='bbox 1021 4639 1089 4692; x_wconf 90' lang='lat' dir='ltr'>ab</span> <span class='ocrx_word' id='word_1_612' title='bbox 1146 4638 1474 4706; x_wconf 87' lang='lat' dir='ltr'>imperatore</span> <span class='ocrx_word' id='word_1_613' title='bbox 1510 4634 1759 4707; x_wconf 83' lang='lat' dir='ltr'>partibus</span> <span class='ocrx_word' id='word_1_614' title='bbox 1822 4634 2122 4705; x_wconf 88' lang='lat' dir='ltr'>principem</span> 
     </span>
    </p>
   </div>
   <div class='ocr_carea' id='block_1_92' title="bbox 542 4730 2126 4805">
    <p class='ocr_par' dir='ltr' id='par_1_92' title="bbox 542 4730 2126 4805">
     <span class='ocr_line' id='line_1_92' title="bbox 542 4730 2126 4805; baseline -0.004 -15"><span class='ocrx_word' id='word_1_615' title='bbox 542 4737 689 4791; x_wconf 75' lang='lat' dir='ltr'>fecit.</span> <span class='ocrx_word' id='word_1_616' title='bbox 734 4734 863 4789; x_wconf 87' lang='lat' dir='ltr'>Erat</span> <span class='ocrx_word' id='word_1_617' title='bbox 918 4734 1003 4787; x_wconf 86' lang='lat' dir='ltr'>vir</span> <span class='ocrx_word' id='word_1_618' title='bbox 1053 4734 1239 4805; x_wconf 84' lang='lat' dir='ltr'>animo</span> <span class='ocrx_word' id='word_1_619' title='bbox 1276 4732 1518 4803; x_wconf 88' lang='lat' dir='ltr'>prudens</span> <span class='ocrx_word' id='word_1_620' title='bbox 1567 4740 1621 4787; x_wconf 90' lang='lat' dir='ltr'>et</span> <span class='ocrx_word' id='word_1_621' title='bbox 1658 4731 1909 4787; x_wconf 85' lang='lat' dir='ltr'>eruditus</span> <span class='ocrx_word' id='word_1_622' title='bbox 1960 4730 2126 4799; x_wconf 92' lang='lat' dir='ltr'>inque</span> 
     </span>
    </p>
   </div>
   <div class='ocr_carea' id='block_1_93' title="bbox 541 4822 2125 4894">
    <p class='ocr_par' dir='ltr' id='par_1_93' title="bbox 541 4822 2125 4894">
     <span class='ocr_line' id='line_1_93' title="bbox 541 4822 2125 4894; baseline -0.004 -10"><span class='ocrx_word' id='word_1_623' title='bbox 541 4829 798 4884; x_wconf 91' lang='lat' dir='ltr'>omnibus</span> <span class='ocrx_word' id='word_1_624' title='bbox 823 4827 1006 4882; x_wconf 88' lang='lat' dir='ltr'>solerti</span> <span class='ocrx_word' id='word_1_625' title='bbox 1031 4827 1287 4892; x_wconf 91' lang='lat' dir='ltr'>consilio,</span> <span class='ocrx_word' id='word_1_626' title='bbox 1322 4835 1375 4879; x_wconf 85' lang='lat' dir='ltr'>et</span> <span class='ocrx_word' id='word_1_627' title='bbox 1406 4837 1464 4880; x_wconf 90' lang='lat' dir='ltr'>ut</span> <span class='ocrx_word' id='word_1_628' title='bbox 1489 4826 1735 4889; x_wconf 89' lang='lat' dir='ltr'>decebat,</span> <span class='ocrx_word' id='word_1_629' title='bbox 1771 4822 2125 4894; x_wconf 85' lang='lat' dir='ltr'>imperatoris</span> 
     </span>
    </p>
   </div>
   <div class='ocr_carea' id='block_1_94' title="bbox 541 4914 2125 4990">
    <p class='ocr_par' dir='ltr' id='par_1_94' title="bbox 541 4914 2125 4990">
     <span class='ocr_line' id='line_1_94' title="bbox 541 4914 2125 4990; baseline -0.003 -17"><span class='ocrx_word' id='word_1_630' title='bbox 541 4920 810 4990; x_wconf 87' lang='lat' dir='ltr'>obsequio</span> <span class='ocrx_word' id='word_1_631' title='bbox 835 4917 995 4990; x_wconf 62' lang='grc'>443</span> <span class='ocrx_word' id='word_1_632' title='bbox 1027 4917 1251 4972; x_wconf 88' lang='lat' dir='ltr'>sedulus</span> <span class='ocrx_word' id='word_1_633' title='bbox 1282 4918 1650 4971; x_wconf 85' lang='lat' dir='ltr'>ministrabat.</span> <span class='ocrx_word' id='word_1_634' title='bbox 1676 4914 2125 4971; x_wconf 82' lang='lat' dir='ltr'>Humanissimus</span> 
     </span>
    </p>
   </div>
   <div class='ocr_carea' id='block_1_95' title="bbox 538 5007 2126 5085">
    <p class='ocr_par' dir='ltr' id='par_1_95' title="bbox 538 5007 2126 5085">
     <span class='ocr_line' id='line_1_95' title="bbox 538 5007 2126 5085; baseline -0.004 -17"><span class='ocrx_word' id='word_1_635' title='bbox 538 5028 706 5085; x_wconf 77' lang='lat' dir='ltr'>porro</span> <span class='ocrx_word' id='word_1_636' title='bbox 742 5010 1141 5066; x_wconf 83' lang='lat' dir='ltr'>Constantinus</span> <span class='ocrx_word' id='word_1_637' title='bbox 1196 5011 1249 5063; x_wconf 92' lang='lat' dir='ltr'>in</span> <span class='ocrx_word' id='word_1_638' title='bbox 1304 5011 1549 5063; x_wconf 89' lang='lat' dir='ltr'>animum</span> <span class='ocrx_word' id='word_1_639' title='bbox 1596 5009 1811 5064; x_wconf 82' lang='lat' dir='ltr'>induxit</span> <span class='ocrx_word' id='word_1_640' title='bbox 1842 5017 1902 5064; x_wconf 90' lang='lat' dir='ltr'>ut</span> <span class='ocrx_word' id='word_1_641' title='bbox 1951 5007 2126 5077; x_wconf 85' lang='lat' dir='ltr'>pactis</span> 
     </span>
    </p>
   </div>
   <div class='ocr_carea' id='block_1_96' title="bbox 535 5100 2123 5172">
    <p class='ocr_par' dir='ltr' id='par_1_96' title="bbox 535 5100 2123 5172">
     <span class='ocr_line' id='line_1_96' title="bbox 535 5100 2123 5172; baseline -0.002 -16"><span class='ocrx_word' id='word_1_642' title='bbox 535 5120 665 5159; x_wconf 65' lang='grc'><strong>«11111</strong></span> <span class='ocrx_word' id='word_1_643' title='bbox 692 5102 965 5172; x_wconf 49' lang='lat' dir='ltr'>.Agareuis</span> <span class='ocrx_word' id='word_1_644' title='bbox 996 5100 1363 5156; x_wconf 85' lang='lat' dir='ltr'>Tarsensibus</span> <span class='ocrx_word' id='word_1_645' title='bbox 1393 5100 1651 5164; x_wconf 88' lang='lat' dir='ltr'>induciis,</span> <span class='ocrx_word' id='word_1_646' title='bbox 1682 5100 1779 5171; x_wconf 86' lang='lat' dir='ltr'>qui</span> <span class='ocrx_word' id='word_1_647' title='bbox 1824 5100 1971 5171; x_wconf 86' lang='lat' dir='ltr'>apud</span> <span class='ocrx_word' id='word_1_648' title='bbox 2000 5100 2123 5153; x_wconf 83' lang='lat' dir='ltr'>inli-</span> 
     </span>
    </p>
   </div>
   <div class='ocr_carea' id='block_1_97' title="bbox 536 5191 2126 5264">
    <p class='ocr_par' dir='ltr' id='par_1_97' title="bbox 536 5191 2126 5264">
     <span class='ocr_line' id='line_1_97' title="bbox 536 5191 2126 5264; baseline -0.001 -18"><span class='ocrx_word' id='word_1_649' title='bbox 536 5196 714 5250; x_wconf 79' lang='lat' dir='ltr'>uelem</span> <span class='ocrx_word' id='word_1_650' title='bbox 744 5210 863 5249; x_wconf 83' lang='lat' dir='ltr'>eam</span> <span class='ocrx_word' id='word_1_651' title='bbox 904 5202 1121 5263; x_wconf 74' lang='lat' dir='ltr'>gentem</span> <span class='ocrx_word' id='word_1_652' title='bbox 1149 5191 1541 5256; x_wconf 86' lang='lat' dir='ltr'>detinerentur,</span> <span class='ocrx_word' id='word_1_653' title='bbox 1571 5194 1848 5249; x_wconf 81' lang='lat' dir='ltr'>Romanos</span> <span class='ocrx_word' id='word_1_654' title='bbox 1879 5193 2126 5264; x_wconf 87' lang='lat' dir='ltr'>captivos</span> 
     </span>
    </p>
   </div>
   <div class='ocr_carea' id='block_1_98' title="bbox 541 5283 2124 5357">
    <p class='ocr_par' dir='ltr' id='par_1_98' title="bbox 541 5283 2124 5357">
     <span class='ocr_line' id='line_1_98' title="bbox 541 5283 2124 5357; baseline -0.003 -16"><span class='ocrx_word' id='word_1_655' title='bbox 541 5290 820 5348; x_wconf 87' lang='lat' dir='ltr'>liberaret,</span> <span class='ocrx_word' id='word_1_656' title='bbox 852 5300 917 5339; x_wconf 88' lang='lat' dir='ltr'>ea</span> <span class='ocrx_word' id='word_1_657' title='bbox 960 5283 1173 5339; x_wconf 87' lang='lat' dir='ltr'>scilicet</span> <span class='ocrx_word' id='word_1_658' title='bbox 1207 5283 1437 5350; x_wconf 89' lang='lat' dir='ltr'>ratione,</span> <span class='ocrx_word' id='word_1_659' title='bbox 1489 5286 1637 5354; x_wconf 91' lang='lat' dir='ltr'>quod</span> <span class='ocrx_word' id='word_1_660' title='bbox 1695 5300 1726 5338; x_wconf 88' lang='lat' dir='ltr'>a</span> <span class='ocrx_word' id='word_1_661' title='bbox 1773 5286 1962 5340; x_wconf 89' lang='lat' dir='ltr'>multis</span> <span class='ocrx_word' id='word_1_662' title='bbox 2006 5286 2124 5357; x_wconf 84' lang='lat' dir='ltr'>jam</span> 
     </span>
    </p>
   </div>
   <div class='ocr_carea' id='block_1_99' title="bbox 541 5376 2124 5446">
    <p class='ocr_par' dir='ltr' id='par_1_99' title="bbox 541 5376 2124 5446">
     <span class='ocr_line' id='line_1_99' title="bbox 541 5376 2124 5446; baseline -0.003 -11"><span class='ocrx_word' id='word_1_663' title='bbox 541 5381 703 5436; x_wconf 83' lang='lat' dir='ltr'>annis</span> <span class='ocrx_word' id='word_1_664' title='bbox 728 5380 784 5433; x_wconf 90' lang='lat' dir='ltr'>in</span> <span class='ocrx_word' id='word_1_665' title='bbox 808 5377 1041 5433; x_wconf 80' lang='lat' dir='ltr'>vinculis</span> <span class='ocrx_word' id='word_1_666' title='bbox 1065 5385 1229 5446; x_wconf 89' lang='lat' dir='ltr'>atque</span> <span class='ocrx_word' id='word_1_667' title='bbox 1250 5377 1510 5431; x_wconf 64' lang='lat' dir='ltr'>aerumnis</span> <span class='ocrx_word' id='word_1_668' title='bbox 1529 5376 1779 5432; x_wconf 80' lang='lat' dir='ltr'>amictari</span> <span class='ocrx_word' id='word_1_669' title='bbox 1808 5391 1905 5433; x_wconf 86' lang='lat' dir='ltr'>eos</span> <span class='ocrx_word' id='word_1_670' title='bbox 1936 5380 2124 5433; x_wconf 77' lang='lat' dir='ltr'>sciret.</span> 
     </span>
    </p>
   </div>
   <div class='ocr_carea' id='block_1_100' title="bbox 542 5467 2126 5541">
    <p class='ocr_par' dir='ltr' id='par_1_100' title="bbox 542 5467 2126 5541">
     <span class='ocr_line' id='line_1_100' title="bbox 542 5467 2126 5541; baseline -0.003 -14"><span class='ocrx_word' id='word_1_671' title='bbox 542 5472 689 5528; x_wconf 77' lang='lat' dir='ltr'>Misit</span> <span class='ocrx_word' id='word_1_672' title='bbox 721 5472 929 5541; x_wconf 83' lang='lat' dir='ltr'>itaque,</span> <span class='ocrx_word' id='word_1_673' title='bbox 963 5470 1122 5539; x_wconf 90' lang='lat' dir='ltr'>cujus</span> <span class='ocrx_word' id='word_1_674' title='bbox 1154 5483 1265 5523; x_wconf 91' lang='lat' dir='ltr'>non</span> <span class='ocrx_word' id='word_1_675' title='bbox 1298 5469 1465 5523; x_wconf 87' lang='lat' dir='ltr'>semel</span> <span class='ocrx_word' id='word_1_676' title='bbox 1496 5467 1549 5523; x_wconf 93' lang='lat' dir='ltr'>in</span> <span class='ocrx_word' id='word_1_677' title='bbox 1600 5469 1980 5539; x_wconf 88' lang='lat' dir='ltr'>superioribus</span> <span class='ocrx_word' id='word_1_678' title='bbox 2011 5485 2126 5524; x_wconf 49' lang='lat' dir='ltr'>mea</span> 
     </span>
    </p>
   </div>
   <div class='ocr_carea' id='block_1_101' title="bbox 546 5561 2123 5632">
    <p class='ocr_par' dir='ltr' id='par_1_101' title="bbox 546 5561 2123 5632">
     <span class='ocr_line' id='line_1_101' title="bbox 546 5561 2123 5632; baseline -0.003 -14"><span class='ocrx_word' id='word_1_679' title='bbox 546 5565 829 5626; x_wconf 88' lang='lat' dir='ltr'>minimus,</span> <span class='ocrx_word' id='word_1_680' title='bbox 870 5562 1191 5632; x_wconf 84' lang='lat' dir='ltr'>magistrum</span> <span class='ocrx_word' id='word_1_681' title='bbox 1243 5568 1297 5614; x_wconf 89' lang='lat' dir='ltr'>et</span> <span class='ocrx_word' id='word_1_682' title='bbox 1335 5561 1651 5615; x_wconf 87' lang='lat' dir='ltr'>scholarum</span> <span class='ocrx_word' id='word_1_683' title='bbox 1686 5561 2123 5616; x_wconf 86' lang='lat' dir='ltr'>exdomesticum</span> 
     </span>
    </p>
   </div>
   <div class='ocr_carea' id='block_1_102' title="bbox 543 5653 2125 5723">
    <p class='ocr_par' dir='ltr' id='par_1_102' title="bbox 543 5653 2125 5723">
     <span class='ocr_line' id='line_1_102' title="bbox 543 5653 2125 5723; baseline -0.001 -15"><span class='ocrx_word' id='word_1_684' title='bbox 543 5655 809 5709; x_wconf 75' lang='lat' dir='ltr'>Joannem</span> <span class='ocrx_word' id='word_1_685' title='bbox 834 5654 1109 5708; x_wconf 89' lang='lat' dir='ltr'>Curcuam</span> <span class='ocrx_word' id='word_1_686' title='bbox 1146 5662 1543 5723; x_wconf 87' lang='lat' dir='ltr'>nuncupatum,</span> <span class='ocrx_word' id='word_1_687' title='bbox 1588 5653 1766 5708; x_wconf 89' lang='lat' dir='ltr'>virum</span> <span class='ocrx_word' id='word_1_688' title='bbox 1800 5653 2125 5723; x_wconf 88' lang='lat' dir='ltr'>prudentem</span> 
     </span>
    </p>
   </div>
   <div class='ocr_carea' id='block_1_103' title="bbox 548 5746 2118 5813">
    <p class='ocr_par' dir='ltr' id='par_1_103' title="bbox 548 5746 2118 5813">
     <span class='ocr_line' id='line_1_103' title="bbox 548 5746 2118 5813; baseline 0 -14"><span class='ocrx_word' id='word_1_689' title='bbox 548 5746 896 5813; x_wconf 87' lang='lat' dir='ltr'>civiliumque</span> <span class='ocrx_word' id='word_1_690' title='bbox 912 5760 1092 5799; x_wconf 85' lang='lat' dir='ltr'>rerum</span> <span class='ocrx_word' id='word_1_691' title='bbox 1116 5746 1610 5802; x_wconf 87' lang='lat' dir='ltr'>administrationis</span> <span class='ocrx_word' id='word_1_692' title='bbox 1627 5747 2118 5812; x_wconf 89' lang='lat' dir='ltr'>consultissimum,</span> 
     </span>
    </p>
   </div>
   <div class='ocr_carea' id='block_1_104' title="bbox 548 5834 2119 5907">
    <p class='ocr_par' dir='ltr' id='par_1_104' title="bbox 548 5834 2119 5907">
     <span class='ocr_line' id='line_1_104' title="bbox 548 5834 2119 5907; baseline 0.002 -20"><span class='ocrx_word' id='word_1_693' title='bbox 548 5834 804 5888; x_wconf 79' lang='lat' dir='ltr'>Cosmam</span> <span class='ocrx_word' id='word_1_694' title='bbox 832 5835 961 5889; x_wconf 84' lang='lat' dir='ltr'>item</span> <span class='ocrx_word' id='word_1_695' title='bbox 986 5836 1305 5904; x_wconf 77' lang='lat' dir='ltr'>magistrum</span> <span class='ocrx_word' id='word_1_696' title='bbox 1336 5847 1385 5892; x_wconf 87' lang='lat' dir='ltr'>et</span> <span class='ocrx_word' id='word_1_697' title='bbox 1414 5837 1785 5907; x_wconf 80' lang='lat' dir='ltr'>legispcritum</span> <span class='ocrx_word' id='word_1_698' title='bbox 1821 5851 2119 5891; x_wconf 80' lang='lat' dir='ltr'>summum-</span> 
     </span>
    </p>
   </div>
   <div class='ocr_carea' id='block_1_105' title="bbox 2229 4627 3818 4710">
    <p class='ocr_par' dir='ltr' id='par_1_105' title="bbox 2229 4627 3818 4710">
     <span class='ocr_line' id='line_1_105' title="bbox 2229 4627 3818 4710; baseline -0.008 -18"><span class='ocrx_word' id='word_1_699' title='bbox 2229 4636 2727 4710; x_wconf 81' lang='grc' dir='ltr'>παρακοιμώμενον</span> <span class='ocrx_word' id='word_1_700' title='bbox 2752 4639 2843 4691; x_wconf 74' lang='grc' dir='ltr'>καὶ</span> <span class='ocrx_word' id='word_1_701' title='bbox 2869 4627 3417 4707; x_wconf 80' lang='grc' dir='ltr'>παραδυναστεύοντα</span> <span class='ocrx_word' id='word_1_702' title='bbox 3437 4632 3537 4701; x_wconf 76' lang='grc' dir='ltr'>τῆς</span> <span class='ocrx_word' id='word_1_703' title='bbox 3571 4630 3818 4700; x_wconf 77' lang='grc' dir='ltr'>συγκλή-</span> 
     </span>
    </p>
   </div>
   <div class='ocr_carea' id='block_1_106' title="bbox 2227 4723 3813 4800">
    <p class='ocr_par' dir='ltr' id='par_1_106' title="bbox 2227 4723 3813 4800">
     <span class='ocr_line' id='line_1_106' title="bbox 2227 4723 3813 4800; baseline -0.006 -16"><span class='ocrx_word' id='word_1_704' title='bbox 2227 4746 2345 4784; x_wconf 83' lang='grc' dir='ltr'>του.</span> <span class='ocrx_word' id='word_1_705' title='bbox 2383 4724 2554 4792; x_wconf 73' lang='grc' dir='ltr'>Οὗτος</span> <span class='ocrx_word' id='word_1_706' title='bbox 2587 4731 2645 4783; x_wconf 78' lang='grc' dir='ltr'>δὲ</span> <span class='ocrx_word' id='word_1_707' title='bbox 2671 4724 2739 4800; x_wconf 82' lang='grc' dir='ltr'>ἦν</span> <span class='ocrx_word' id='word_1_708' title='bbox 2769 4730 3019 4800; x_wconf 77' lang='grc' dir='ltr'>ἐχέφρων</span> <span class='ocrx_word' id='word_1_709' title='bbox 3045 4727 3138 4779; x_wconf 72' lang='grc' dir='ltr'>καὶ</span> <span class='ocrx_word' id='word_1_710' title='bbox 3169 4727 3372 4794; x_wconf 80' lang='grc' dir='ltr'>λόγιος,</span> <span class='ocrx_word' id='word_1_711' title='bbox 3413 4725 3508 4777; x_wconf 71' lang='grc' dir='ltr'>καὶ</span> <span class='ocrx_word' id='word_1_712' title='bbox 3539 4723 3619 4793; x_wconf 79' lang='grc' dir='ltr'>τῷ</span> <span class='ocrx_word' id='word_1_713' title='bbox 3658 4723 3813 4793; x_wconf 65' lang='grc' dir='ltr'>βασις</span> 
     </span>
    </p>
   </div>
   <div class='ocr_carea' id='block_1_107' title="bbox 2228 4814 3807 4893">
    <p class='ocr_par' dir='ltr' id='par_1_107' title="bbox 2228 4814 3807 4893">
     <span class='ocr_line' id='line_1_107' title="bbox 2228 4814 3807 4893; baseline -0.004 -20"><span class='ocrx_word' id='word_1_714' title='bbox 2228 4822 2312 4875; x_wconf 86' lang='grc' dir='ltr'>λεῖ</span> <span class='ocrx_word' id='word_1_715' title='bbox 2340 4825 2397 4875; x_wconf 81' lang='grc' dir='ltr'>ἐν</span> <span class='ocrx_word' id='word_1_716' title='bbox 2428 4823 2595 4875; x_wconf 84' lang='grc' dir='ltr'>πᾶσιν</span> <span class='ocrx_word' id='word_1_717' title='bbox 2619 4823 2887 4893; x_wconf 81' lang='grc' dir='ltr'>ὑπηρέτει</span> <span class='ocrx_word' id='word_1_718' title='bbox 2917 4820 3111 4881; x_wconf 73' lang='grc' dir='ltr'>αἰσίως</span> <span class='ocrx_word' id='word_1_719' title='bbox 3147 4822 3240 4872; x_wconf 70' lang='grc' dir='ltr'>καὶ</span> <span class='ocrx_word' id='word_1_720' title='bbox 3278 4817 3619 4888; x_wconf 85' lang='grc' dir='ltr'>πρεπόντως.</span> <span class='ocrx_word' id='word_1_721' title='bbox 3672 4816 3733 4867; x_wconf 87' lang='grc' dir='ltr'><strong>Ὀ</strong></span> <span class='ocrx_word' id='word_1_722' title='bbox 3761 4814 3807 4866; x_wconf 76' lang='grc' dir='ltr'>δὲ</span> 
     </span>
    </p>
   </div>
   <div class='ocr_carea' id='block_1_108' title="bbox 2230 4906 3816 4985">
    <p class='ocr_par' dir='ltr' id='par_1_108' title="bbox 2230 4906 3816 4985">
     <span class='ocr_line' id='line_1_108' title="bbox 2230 4906 3816 4985; baseline -0.007 -20"><span class='ocrx_word' id='word_1_723' title='bbox 2230 4913 2613 4985; x_wconf 66' lang='grc' dir='ltr'>φιλάνθρωπος</span> <span class='ocrx_word' id='word_1_724' title='bbox 2639 4914 3052 4971; x_wconf 75' lang='grc' dir='ltr'>Κωνσταντῖνος</span> <span class='ocrx_word' id='word_1_725' title='bbox 3081 4907 3339 4978; x_wconf 83' lang='grc' dir='ltr'>διενοήθη</span> <span class='ocrx_word' id='word_1_726' title='bbox 3367 4906 3625 4974; x_wconf 77' lang='grc' dir='ltr'>ἀλλάγιον</span> <span class='ocrx_word' id='word_1_727' title='bbox 3656 4906 3816 4973; x_wconf 77' lang='grc' dir='ltr'>ποιή-</span> 
     </span>
    </p>
   </div>
   <div class='ocr_carea' id='block_1_109' title="bbox 2231 4997 3817 5076">
    <p class='ocr_par' dir='ltr' id='par_1_109' title="bbox 2231 4997 3817 5076">
     <span class='ocr_line' id='line_1_109' title="bbox 2231 4997 3817 5076; baseline -0.007 -19"><span class='ocrx_word' id='word_1_728' title='bbox 2231 5022 2322 5059; x_wconf 89' lang='grc' dir='ltr'>σαι</span> <span class='ocrx_word' id='word_1_729' title='bbox 2370 5004 2508 5076; x_wconf 79' lang='grc' dir='ltr'>μετὰ</span> <span class='ocrx_word' id='word_1_730' title='bbox 2537 5007 2665 5067; x_wconf 80' lang='grc' dir='ltr'>τοὺς</span> <span class='ocrx_word' id='word_1_731' title='bbox 2696 5003 2976 5073; x_wconf 85' lang='grc' dir='ltr'>Ταρσίτας</span> <span class='ocrx_word' id='word_1_732' title='bbox 3018 5000 3115 5054; x_wconf 68' lang='grc' dir='ltr'>καὶ</span> <span class='ocrx_word' id='word_1_733' title='bbox 3172 5000 3302 5061; x_wconf 75' lang='grc' dir='ltr'>τοὺς</span> <span class='ocrx_word' id='word_1_734' title='bbox 3355 5000 3412 5052; x_wconf 82' lang='grc' dir='ltr'>ὲν</span> <span class='ocrx_word' id='word_1_735' title='bbox 3465 4997 3817 5068; x_wconf 62' lang='grc' dir='ltr'>αἰχμαλωσίᾳ</span> 
     </span>
    </p>
   </div>
   <div class='ocr_carea' id='block_1_110' title="bbox 2240 5088 3817 5165">
    <p class='ocr_par' dir='ltr' id='par_1_110' title="bbox 2240 5088 3817 5165">
     <span class='ocr_line' id='line_1_110' title="bbox 2240 5088 3817 5165; baseline -0.006 -15"><span class='ocrx_word' id='word_1_736' title='bbox 2240 5096 2549 5165; x_wconf 83' lang='grc' dir='ltr'>Ῥωμαίους</span> <span class='ocrx_word' id='word_1_737' title='bbox 2581 5096 2685 5149; x_wconf 79' lang='grc' dir='ltr'>ὑπὸ</span> <span class='ocrx_word' id='word_1_738' title='bbox 2710 5095 2820 5147; x_wconf 81' lang='grc' dir='ltr'>τῶν</span> <span class='ocrx_word' id='word_1_739' title='bbox 2868 5092 3126 5163; x_wconf 82' lang='grc' dir='ltr'>ἁρνητῶν</span> <span class='ocrx_word' id='word_1_740' title='bbox 3173 5091 3267 5145; x_wconf 78' lang='grc' dir='ltr'>τοῦ</span> <span class='ocrx_word' id='word_1_741' title='bbox 3300 5090 3538 5161; x_wconf 80' lang='grc' dir='ltr'>Χριστοῦ</span> <span class='ocrx_word' id='word_1_742' title='bbox 3571 5088 3817 5158; x_wconf 68' lang='grc' dir='ltr'>ἁναρρὑ</span> 
     </span>
    </p>
   </div>
   <div class='ocr_carea' id='block_1_111' title="bbox 2232 5179 3817 5254">
    <p class='ocr_par' dir='ltr' id='par_1_111' title="bbox 2232 5179 3817 5254">
     <span class='ocr_line' id='line_1_111' title="bbox 2232 5179 3817 5254; baseline -0.006 -13"><span class='ocrx_word' id='word_1_743' title='bbox 2232 5190 2431 5242; x_wconf 85' lang='grc' dir='ltr'>σασθαι</span> <span class='ocrx_word' id='word_1_744' title='bbox 2456 5187 2545 5241; x_wconf 81' lang='grc' dir='ltr'>διὰ</span> <span class='ocrx_word' id='word_1_745' title='bbox 2573 5187 2633 5239; x_wconf 82' lang='grc' dir='ltr'>τὸ</span> <span class='ocrx_word' id='word_1_746' title='bbox 2662 5186 2755 5239; x_wconf 75' lang='grc' dir='ltr'>ἐπὶ</span> <span class='ocrx_word' id='word_1_747' title='bbox 2787 5186 3012 5247; x_wconf 76' lang='grc' dir='ltr'>’πολλοῖς</span> <span class='ocrx_word' id='word_1_748' title='bbox 3047 5184 3262 5254; x_wconf 83' lang='grc' dir='ltr'>χρόνοις</span> <span class='ocrx_word' id='word_1_749' title='bbox 3290 5180 3686 5252; x_wconf 82' lang='grc' dir='ltr'>κακουχεῖσθαι</span> <span class='ocrx_word' id='word_1_750' title='bbox 3711 5179 3817 5233; x_wconf 83' lang='grc' dir='ltr'>αὐ-</span> 
     </span>
    </p>
   </div>
   <div class='ocr_carea' id='block_1_112' title="bbox 2229 5272 3818 5349">
    <p class='ocr_par' dir='ltr' id='par_1_112' title="bbox 2229 5272 3818 5349">
     <span class='ocr_line' id='line_1_112' title="bbox 2229 5272 3818 5349; baseline -0.006 -16"><span class='ocrx_word' id='word_1_751' title='bbox 2229 5282 2357 5343; x_wconf 75' lang='grc' dir='ltr'>τοὺς</span> <span class='ocrx_word' id='word_1_752' title='bbox 2385 5281 2444 5331; x_wconf 83' lang='grc' dir='ltr'>ὲν</span> <span class='ocrx_word' id='word_1_753' title='bbox 2478 5281 2700 5349; x_wconf 85' lang='grc' dir='ltr'>δεσμοῖς</span> <span class='ocrx_word' id='word_1_754' title='bbox 2725 5278 2820 5331; x_wconf 73' lang='grc' dir='ltr'>καὶ</span> <span class='ocrx_word' id='word_1_755' title='bbox 2865 5275 3136 5344; x_wconf 73' lang='grc' dir='ltr'>θλίψεσιν.</span> <span class='ocrx_word' id='word_1_756' title='bbox 3181 5274 3293 5328; x_wconf 75' lang='grc' dir='ltr'>Καὶ</span> <span class='ocrx_word' id='word_1_757' title='bbox 3345 5272 3674 5332; x_wconf 83' lang='grc' dir='ltr'>ἀποστείλας</span> <span class='ocrx_word' id='word_1_758' title='bbox 3725 5272 3818 5323; x_wconf 74' lang='grc' dir='ltr'>’τὸν</span> 
     </span>
    </p>
   </div>
   <div class='ocr_carea' id='block_1_113' title="bbox 2232 5363 3811 5445">
    <p class='ocr_par' dir='ltr' id='par_1_113' title="bbox 2232 5363 3811 5445">
     <span class='ocr_line' id='line_1_113' title="bbox 2232 5363 3811 5445; baseline -0.008 -19"><span class='ocrx_word' id='word_1_759' title='bbox 2232 5370 2790 5445; x_wconf 81' lang='grc' dir='ltr'>προμνημονευθέντα</span> <span class='ocrx_word' id='word_1_760' title='bbox 2812 5371 3115 5440; x_wconf 81' lang='grc' dir='ltr'>μὰγιστρον</span> <span class='ocrx_word' id='word_1_761' title='bbox 3146 5368 3238 5421; x_wconf 72' lang='grc' dir='ltr'>καὶ</span> <span class='ocrx_word' id='word_1_762' title='bbox 3261 5365 3528 5435; x_wconf 85' lang='grc' dir='ltr'>γεγονότα</span> <span class='ocrx_word' id='word_1_763' title='bbox 3560 5363 3811 5433; x_wconf 66' lang='grc' dir='ltr'>δομέττι-</span> 
     </span>
    </p>
   </div>
   <div class='ocr_carea' id='block_1_114' title="bbox 2231 5449 3812 5535">
    <p class='ocr_par' dir='ltr' id='par_1_114' title="bbox 2231 5449 3812 5535">
     <span class='ocr_line' id='line_1_114' title="bbox 2231 5449 3812 5535; baseline -0.006 -17"><span class='ocrx_word' id='word_1_764' title='bbox 2231 5482 2327 5518; x_wconf 86' lang='grc' dir='ltr'>κον</span> <span class='ocrx_word' id='word_1_765' title='bbox 2349 5464 2459 5517; x_wconf 86' lang='grc' dir='ltr'>τῶν</span> <span class='ocrx_word' id='word_1_766' title='bbox 2492 5464 2697 5535; x_wconf 80' lang='grc' dir='ltr'>σχολῶν</span> <span class='ocrx_word' id='word_1_767' title='bbox 2739 5465 2996 5533; x_wconf 73' lang='grc' dir='ltr'>Ἰωάννην</span> <span class='ocrx_word' id='word_1_768' title='bbox 3019 5463 3109 5514; x_wconf 84' lang='grc' dir='ltr'>τὸν</span> <span class='ocrx_word' id='word_1_769' title='bbox 3135 5460 3434 5529; x_wconf 83' lang='grc' dir='ltr'>λεγόμενον</span> <span class='ocrx_word' id='word_1_770' title='bbox 3468 5449 3812 5519; x_wconf 75' lang='grc' dir='ltr'>Κουρκούαν.</span> 
     </span>
    </p>
   </div>
   <div class='ocr_carea' id='block_1_115' title="bbox 2232 5544 3814 5625">
    <p class='ocr_par' dir='ltr' id='par_1_115' title="bbox 2232 5544 3814 5625">
     <span class='ocr_line' id='line_1_115' title="bbox 2232 5544 3814 5625; baseline 0 -17"><span class='ocrx_word' id='word_1_771' title='bbox 2232 5557 2407 5625; x_wconf 82' lang='grc' dir='ltr'>ἄνδρα</span> <span class='ocrx_word' id='word_1_772' title='bbox 2441 5558 2662 5609; x_wconf 81' lang='grc' dir='ltr'>συνετὸν</span> <span class='ocrx_word' id='word_1_773' title='bbox 2690 5557 2785 5609; x_wconf 72' lang='grc' dir='ltr'>καὶ</span> <span class='ocrx_word' id='word_1_774' title='bbox 2824 5555 3082 5607; x_wconf 65' lang='grc' dir='ltr'>εὔϐουλον</span> <span class='ocrx_word' id='word_1_775' title='bbox 3112 5555 3209 5606; x_wconf 71' lang='grc' dir='ltr'>καὶ</span> <span class='ocrx_word' id='word_1_776' title='bbox 3232 5544 3632 5613; x_wconf 72' lang='grc' dir='ltr'>πεπειραμένον</span> <span class='ocrx_word' id='word_1_777' title='bbox 3676 5544 3814 5611; x_wconf 65' lang='grc' dir='ltr'>πρὸς</span> 
     </span>
    </p>
   </div>
   <div class='ocr_carea' id='block_1_116' title="bbox 2234 5632 3813 5719">
    <p class='ocr_par' dir='ltr' id='par_1_116' title="bbox 2234 5632 3813 5719">
     <span class='ocr_line' id='line_1_116' title="bbox 2234 5632 3813 5719; baseline -0.011 -16"><span class='ocrx_word' id='word_1_778' title='bbox 2234 5650 2304 5702; x_wconf 79' lang='grc' dir='ltr'>τὰ</span> <span class='ocrx_word' id='word_1_779' title='bbox 2342 5648 2598 5702; x_wconf 83' lang='grc' dir='ltr'>πολιτικὰ</span> <span class='ocrx_word' id='word_1_780' title='bbox 2626 5649 2980 5719; x_wconf 73' lang='grc' dir='ltr'>διοικήματα1</span> <span class='ocrx_word' id='word_1_781' title='bbox 3015 5645 3101 5709; x_wconf 77' lang='grc' dir='ltr'>[Ρ.</span> <span class='ocrx_word' id='word_1_782' title='bbox 3138 5632 3271 5706; x_wconf 73' lang='lat'>276]</span> <span class='ocrx_word' id='word_1_783' title='bbox 3312 5636 3406 5688; x_wconf 72' lang='grc' dir='ltr'>καὶ</span> <span class='ocrx_word' id='word_1_784' title='bbox 3436 5636 3661 5704; x_wconf 64' lang='grc' dir='ltr'>Κοσμᾶν</span> <span class='ocrx_word' id='word_1_785' title='bbox 3705 5636 3813 5699; x_wconf 79' lang='grc' dir='ltr'>μά-</span> 
     </span>
    </p>
   </div>
   <div class='ocr_carea' id='block_1_117' title="bbox 2226 5727 3810 5811">
    <p class='ocr_par' dir='ltr' id='par_1_117' title="bbox 2226 5727 3810 5811">
     <span class='ocr_line' id='line_1_117' title="bbox 2226 5727 3810 5811; baseline -0.005 -24"><span class='ocrx_word' id='word_1_786' title='bbox 2226 5758 2454 5811; x_wconf 75' lang='grc' dir='ltr'>γιστρον</span> <span class='ocrx_word' id='word_1_787' title='bbox 2483 5741 2647 5804; x_wconf 72' lang='grc' dir='ltr'>σοφὸν</span> <span class='ocrx_word' id='word_1_788' title='bbox 2674 5743 2771 5785; x_wconf 66' lang='grc' dir='ltr'>καὶ</span> <span class='ocrx_word' id='word_1_789' title='bbox 2794 5730 3083 5801; x_wconf 81' lang='grc' dir='ltr'>νομομαθῆ</span> <span class='ocrx_word' id='word_1_790' title='bbox 3115 5730 3209 5780; x_wconf 68' lang='grc' dir='ltr'>καὶ</span> <span class='ocrx_word' id='word_1_791' title='bbox 3236 5729 3343 5779; x_wconf 87' lang='grc' dir='ltr'>τῶν</span> <span class='ocrx_word' id='word_1_792' title='bbox 3371 5727 3663 5780; x_wconf 80' lang='grc' dir='ltr'>πολιτικῶν</span> <span class='ocrx_word' id='word_1_793' title='bbox 3687 5744 3810 5795; x_wconf 80' lang='grc' dir='ltr'>κρι·</span> 
     </span>
    </p>
   </div>
   <div class='ocr_carea' id='block_1_118' title="bbox 2225 5817 3815 5903">
    <p class='ocr_par' dir='ltr' id='par_1_118' title="bbox 2225 5817 3815 5903">
     <span class='ocr_line' id='line_1_118' title="bbox 2225 5817 3815 5903; baseline -0.009 -18"><span class='ocrx_word' id='word_1_794' title='bbox 2225 5832 2438 5903; x_wconf 82' lang='grc' dir='ltr'>τηρίων</span> <span class='ocrx_word' id='word_1_795' title='bbox 2480 5828 2782 5897; x_wconf 77' lang='grc' dir='ltr'>πρώτιστον</span> <span class='ocrx_word' id='word_1_796' title='bbox 2808 5843 2818 5855; x_wconf 81' lang='grc'><em>’</em></span> <span class='ocrx_word' id='word_1_797' title='bbox 2846 5825 2938 5877; x_wconf 68' lang='grc' dir='ltr'>καὶ</span> <span class='ocrx_word' id='word_1_798' title='bbox 2975 5824 3053 5886; x_wconf 86' lang='grc' dir='ltr'>εἰς</span> <span class='ocrx_word' id='word_1_799' title='bbox 3092 5821 3183 5874; x_wconf 70' lang='grc' dir='ltr'>τὸν</span> <span class='ocrx_word' id='word_1_800' title='bbox 3236 5819 3479 5890; x_wconf 75' lang='grc' dir='ltr'>ποταμὸν</span> <span class='ocrx_word' id='word_1_801' title='bbox 3505 5820 3594 5873; x_wconf 74' lang='grc' dir='ltr'>τὸν</span> <span class='ocrx_word' id='word_1_802' title='bbox 3624 5817 3815 5887; x_wconf 76' lang='grc' dir='ltr'>Λάμον</span> 
     </span>
    </p>
   </div>
  </div>
