4136 6424
510 330 615 394 ἐδῖ]

1635 320 2142 386 ἸἮΕΟΡΗΑΝΕΞ
2180 320 2734 390 CONTINUATUS.

3674 335 3769 399 461

511 457 704 500 nat-tus
741 443 854 514 pari
898 455 1081 496 secum
1117 454 1328 494 morum
1364 441 1646 493 honestate
1687 450 1964 503 ornatum,
2002 438 2093 493 Jo-

2203 444 2588 512 πραιπόσιτον,
2632 443 2724 497 καὶ
2774 441 2912 513 πρὸς
2969 445 3065 508 τὰς
3109 445 3399 510 πολιτικὰς
3447 449 3772 522 λειτουργίας

509 537 739 607 sephum
787 530 1076 600 patricium
1116 539 1171 585 et
1212 529 1589 600 praepositum,
1625 530 1866 584 civilium
1907 531 2094 599 utique

511 639 696 679 rerum
726 619 1204 676 administratione
1232 618 1490 674 solertem
1528 632 1590 672 ac
1619 617 1841 672 volucre
1869 621 2095 673 celerio-

511 731 646 780 rem,
681 712 1029 770 saccilarium
1058 711 1285 783 praelicit
1324 717 1552 781 tumque
1581 710 1655 763 rei
1688 712 1898 766 navalis
1923 712 2096 766 drun-

509 809 746 880 garium,
785 819 1054 876 suamque
1086 819 1307 860 onmem
1341 803 1394 858 in
1435 818 1558 859 eum
1594 813 1916 872 potestatem
1957 819 2093 859 con-

509 902 660 956 tulit.

580 994 672 1049 13.
721 990 1068 1050 Constantini
1105 1003 1270 1061 porro
1322 987 1830 1060 Porphyrogenneti
1877 989 2092 1045 honesti

511 1088 754 1157 rectique
801 1088 1040 1143 studium
1083 1100 1282 1156 resque
1321 1084 1583 1154 prmclare
1632 1093 1850 1155 gestas,
1897 1095 2094 1140 cuncta

508 1180 746 1252 denique
777 1181 1002 1234 meliore
1039 1187 1183 1233 statu
1215 1176 1513 1245 composita
1546 1189 1610 1229 ac
1640 1176 1914 1242 restituta,
1951 1184 2005 1232 et
2037 1185 2097 1232 ut

509 1273 596 1342 pie
626 1273 884 1342 justeque
921 1271 1262 1326 subditorum
1307 1267 1466 1323 saluti
1503 1269 1873 1338 prospexerit,
1907 1284 2096 1325 narra-

509 1364 658 1417 tione
708 1372 1103 1434 prosecuturus
1129 1402 1143 1426 ,
1193 1375 1318 1414 eum
1353 1373 1451 1428 pro
1481 1357 1580 1411 viri
1618 1358 1883 1429 dignitate
1918 1361 2095 1431 impar

508 1454 720 1508 muneri
749 1454 1031 1517 exsistam,
1065 1450 1285 1506 laudare.
1303 1449 1787 1506 vcrituslibentius
1813 1453 2090 1508 silentium

506 1548 828 1618 amplectar.
869 1547 947 1602 Ex
999 1545 1184 1601 multis
1221 1555 1402 1599 tamen
1453 1543 1634 1614 aliqua
1677 1546 1912 1613 sparsim
1963 1548 2096 1602 deli-

504 1637 686 1692 banda
717 1646 868 1692 sunt.

578 1733 665 1787 ti.
690 1729 827 1786 Cum
855 1731 1038 1802 itaque
1058 1733 1240 1788 omnia
1262 1749 1400 1805 pene
1425 1733 1750 1792 labefactata
1777 1731 2093 1802 nulliusque

2199 539 2467 608 ἐχέφρονα
2497 539 2591 591 καὶ
2628 539 2833 607 πτηνοῦ
2868 541 3186 612 ταχύτερον,
3235 542 3586 614 σακελλὰριον
3645 563 3769 618 προ-

2199 632 2517 700 χειρίζεται,
2552 631 2742 684 ἔπειτα
2768 632 3131 704 δρουγγάριον
3162 632 3434 702 πλωΐμου,
3481 638 3573 690 καὶ
3602 641 3770 692 πᾶσαν

2198 723 2298 790 τὴν
2328 722 2580 787 ἐξουσίαν
2611 723 2777 776 αὑτοῦ
2811 725 2947 795 πρὸς
2980 725 3146 778 αὑτὸν
3181 726 3549 780 ἀνατέθεικεν.

2270 993 2360 1064 ιγ’.
2399 992 2511 1066 Τὴν
2529 993 2586 1048 δὲ
2627 991 2723 1047 τοῦ
2779 993 3300 1064 Πορφυρογεννήτου
3370 991 3770 1046 Κωνσταντίνοιι

2197 1087 2517 1159 φιλοκαλίαν
2582 1087 2678 1142 καὶ
2742 1085 3095 1156 καλλιεργίαν
3131 1087 3225 1140 καὶ
3271 1084 3370 1152 τὴν
3423 1084 3559 1154 πρὸς
3609 1085 3774 1137 πάντα

2193 1179 2482 1252 διόρθωσιν
2540 1172 2636 1234 καὶ
2691 1175 2974 1250 βελτίωσιν
3029 1177 3238 1250 μέλλων
3290 1175 3622 1247 διηγεῖσθαι,
3689 1176 3780 1230 καὶ

2195 1275 2342 1339 ὅπως
2379 1273 2621 1338 εὐσεϐῶς
2639 1274 2733 1328 καὶ
2763 1273 2988 1336 δικαίως
3014 1272 3075 1326 τὸ
3130 1269 3373 1341 ὑπήκοον
3421 1271 3775 1338 περιέσωσεν,

2196 1369 2292 1424 καὶ
2316 1361 2378 1422 τὸ
2418 1369 2539 1422 κατ’
2566 1368 2724 1432 ἀξίαν
2751 1365 2845 1420 τοῦ
2871 1365 3060 1436 ἀνδρὸς
3096 1363 3170 1435 μὴ
3203 1361 3478 1433 εὐπορῶν,
3507 1362 3778 1414 ἐπαινέσαι

2196 1457 2470 1525 δεδοικὼς,
2505 1459 2729 1539 σιγῆσαι
2757 1457 2959 1528 μᾶλλον
2993 1457 3146 1522 ἄξιον
3179 1471 3192 1485 '
3243 1455 3384 1525 πλὴν
3413 1449 3507 1508 οὖν
3557 1453 3621 1506 ὲκ
3681 1451 3780 1504 τῶν

2199 1553 2409 1609 πολλῶν
2444 1552 2722 1624 σποράδην
2752 1550 2902 1617 ἀξιον
2931 1544 3128 1606 εἰπεῖν.

2273 1732 2354 1788 ιδ’.
2390 1718 2558 1798 Οἶτος
2587 1733 2764 1788 πάντα
2794 1733 3040 1803 ὲφευρὼν
3074 1734 3156 1797 είς
3179 1723 3516 1804 ἀχρειότητα
3548 1726 3641 1784 καὶ
3658 1728 3785 1799 ἀμέο

505 1821 682 1892 l'rugis
719 1821 915 1876 eliecta
947 1832 1113 1893 atque
1144 1803 1386 1894 neglecta
1430 1824 1748 1880 oll‘endisset
1773 1862 1791 1890 ,
1834 1823 2093 1892 virosque

2198 1825 2347 1880 λειαν
2367 1825 2436 1890 ’⁸,
2493 1827 2590 1878 καὶ
2635 1825 2744 1880 τῶν
2812 1826 3086 1897 ὲναρέτων
3139 1803 3359 1895 ἀνδρῶν
3387 1820 3786 1894 χυδαιωθέντων

505 1913 708 1968 virtute
749 1911 1019 1983 fulgentes
1051 1913 1144 1969 vili
1178 1923 1328 1971 sorte
1373 1917 1562 1972 haberi
1594 1926 1758 1987 atque
1791 1915 2091 1979 contemni,

505 2014 766 2074 tanquam
797 2005 853 2058 in
890 2003 1060 2060 Deum
1090 2006 1380 2078 religiosus
1411 2007 1739 2077 honestique
1767 2007 1913 2060 cultu
1948 2013 2090 2059 stre-

504 2113 670 2162 nuus,
703 2097 918 2167 ignavis
956 2097 1322 2169 Inuliebrique
1351 2101 1536 2154 animo
1567 2100 1696 2154 viris
1720 2099 1958 2153 audaces
1985 2096 2093 2153 for-

503 2190 658 2260 tique
683 2190 869 2243 animo
895 2204 959 2244 ac
995 2189 1195 2245 robore
1230 2191 1487 2260 praeditos
1527 2200 1891 2262 anteponens,
1929 2199 2093 2260 atque

503 2283 614 2338 illis
668 2281 840 2338 Barda
882 2280 1062 2337 Phoea
1105 2283 1337 2353 patricio
1390 2285 1695 2340 domestico
1753 2284 2086 2355 praeposito,

502 2371 669 2445 M6
699 2373 930 2444 imperio
974 2372 1226 2429 Romano
1273 2384 1465 2431 auctor
1501 2377 1744 2432 victoria:
1788 2376 1910 2432 fuit.
1955 2377 2090 2429 Cum

504 2471 686 2518 autem
706 2465 758 2518 in
785 2461 1032 2518 Romana
1063 2463 1340 2534 republica
1370 2465 1554 2535 plures
1581 2466 1820 2520 honestae
1843 2480 1906 2518 ac
1935 2464 2092 2519 laude

503 2555 684 2625 dignae
728 2555 1033 2625 disciplina
1089 2555 1358 2625 vigerent,
1414 2567 1671 2627 artesque
1726 2557 1979 2612 liberales
2028 2573 2092 2613 ac

505 2645 752 2701 scientia:
779 2647 832 2700 in
865 2659 928 2700 ea
971 2653 1275 2709 exstarent,
1309 2662 1373 2700 ac
1404 2645 1532 2717 (qua
1579 2663 1643 2702 ex
1676 2663 1843 2703 causa
1883 2646 2089 2718 nescio)

504 2737 611 2794 illa:
655 2738 912 2810 neglecta:
955 2749 1142 2794 essent
1189 2747 1244 2792 et
1274 2738 1328 2792 in
1372 2749 1746 2810 centemptum
1785 2741 2087 2808 venissent,

504 2828 767 2898 quidnam
798 2843 950 2884 mens
981 2827 1074 2882 illa
1105 2828 1501 2898 phil050phicis
1535 2831 1841 2886 rationibus
1876 2843 2090 2886 suntme

503 2921 720 2977 exculta
750 2919 1191 2975 comminiscitur
1219 2920 1242 2973 ?
1269 2920 1405 2975 Cum
1439 2922 1586 2976 enim
1614 2936 1739 2976 cum
1769 2933 1876 2976 non
1902 2921 2092 2976 lateret

505 3013 646 3070 inire
672 3028 774 3069 nos
801 3012 1034 3069 actionis
1063 3013 1213 3068 cultu
1240 3022 1293 3069 et
1316 3015 1796 3086 contemplationis
1821 3028 1944 3070 cum
1981 3013 2092 3070 Deo

504 3105 987 3170 necessitudinem,
1019 3120 1082 3160 ac
1105 3105 1325 3176 quidem
1345 3107 1615 3162 actionem
1645 3107 1896 3162 civilibus
1924 3105 2090 3161 rebus

503 3198 762 3272 gerendis
812 3213 1141 3268 congruere,
1173 3199 1691 3270 contemplationem
1734 3215 1862 3254 vero
1895 3199 1962 3253 iis
1999 3200 2094 3270 qui

503 3295 715 3346 ratione
737 3299 997 3359 regantur
1014 3289 1320 3359 appositam
1351 3304 1495 3355 esse,
1525 3290 1753 3343 alteram
1773 3288 1930 3343 alteri
1959 3304 2094 3358 sup-

498 3383 675 3453 pctias
730 3381 846 3435 fore
890 3380 1126 3445 statuit;
1171 3395 1268 3434 eos
1311 3379 1406 3450 qui
1455 3394 1678 3450 operam
1739 3378 1818 3434 rei
1864 3378 2096 3447 publicae

502 3483 728 3540 navent,
767 3473 1036 3526 rhetorica
1069 3481 1185 3525 arte
1210 3469 1387 3526 excoli
1422 3485 1647 3535 curans,
1681 3471 1776 3540 qui
1809 3484 1939 3523 vero
1975 3478 2096 3524 stu-

502 3566 669 3620 deant
718 3561 1201 3633 contemplationi,
1246 3561 1536 3632 praeceptis
1584 3560 1986 3632 philosophicis
2030 3575 2095 3614 ac

503 3655 743 3710 naturali
807 3669 988 3708 rerum
1048 3654 1513 3709 consideratione.
1577 3653 1750 3709 Porro
1803 3653 2093 3725 magistros

504 3749 998 3819 praestantissimos
1042 3749 1238 3818 delegit
1271 3765 1285 3815 ;
1325 3764 1390 3802 ex
1433 3747 1634 3819 quibus
1671 3746 2093 3804 Constantinum

503 3842 1007 3912 protospatharinm
1061 3841 1272 3912 mystici
1328 3849 1443 3894 tutu
1500 3855 1729 3894 munere
1780 3839 2092 3908 fungentem

505 3931 955 4001 philosimhm'um
973 3931 1105 3984 ludo
1126 3930 1389 4000 praefecit,
1422 3929 1705 3984 rhetorum
1726 3929 2093 3984 Alexandrqu

504 4021 699 4074 Nicaae
755 4023 1177 4090 metropolitani,
1223 4022 1539 4092 geometriae
1577 4019 1949 4092 Nicephorum
1999 4037 2096 4093 pa-

507 4116 725 4170 tricium
743 4113 1026 4184 Theophili
1045 4114 1281 4185 prml‘eeti
1300 4114 1503 4169 Erotiei
1536 4131 1820 4186 generum,
1849 4125 2098 4171 astrono-

505 4207 629 4261 miae
664 4207 985 4276 Gregorium
1023 4224 1051 4261 a
1099 4207 1347 4263 secretis.
1383 4207 1606 4260 Multam
1649 4217 1830 4263 autem
1861 4207 2098 4278 impera-

507 4313 594 4358 tor
617 4301 900 4372 tiis‘t'ipttlis
929 4301 1261 4369 diligentiam
1288 4313 1587 4367 curamque
1611 4298 1926 4363 adhibebat,
1957 4315 2096 4370 quos

506 4399 749 4470 quotidie
786 4395 1206 4451 eon‘tuhcrnales
1241 4408 1557 4463 mensaeque
1599 4394 1780 4448 socios
1811 4393 2096 4453 adhiberet

2197 1920 2293 1976 καὶ
2331 1917 2880 1991 καταφρονηθέντων,
2925 1917 3000 1980 ὡς
3051 1916 3299 1986 φιλόθεος
3357 1916 3454 1968 καὶ
3507 1911 3787 1983 φιλόκαλος

2200 2013 2526 2085 προέκρινεν
2549 2011 2660 2065 τῶν
2690 2010 2882 2064 δειλῶν
2906 2011 3000 2063 καὶ
3031 2009 3311 2080 ἀνάνδρων
3353 2009 3480 2071 τοὺς
3501 2005 3788 2076 εὑτόλμους

2197 2106 2291 2159 καὶ
2321 2098 2624 2176 ἀνδρείους,
2677 2101 2772 2154 καὶ
2808 2101 3030 2163 τούτους
3058 2099 3136 2170 τῷ
3177 2098 3477 2169 μαγίστρῳ
3506 2096 3602 2150 καὶ
3641 2093 3792 2164 δομι-

2197 2197 2369 2267 στίκῳ
2397 2195 2509 2250 τῶν
2538 2193 2745 2265 σχολῶν
2779 2193 2960 2263 Βάρδᾳ.
2987 2192 3063 2261 τῷ
3101 2191 3264 2262 Φωκᾷ
3295 2187 3586 2260 παραδοὺς
3640 2185 3793 2268 νίκην

2195 2292 2261 2358 τῇ
2302 2289 2583 2358 Ῥωμαϊκῇ
2614 2287 2756 2358 ἀρχῇ
2811 2275 3198 2356 προεξένησεν.
3239 2278 3472 2334 Πολλῶν
3516 2269 3570 2332 δὲ
3634 2279 3690 2332 ὲν
3732 2277 3793 2356 τῇ

2195 2379 2442 2449 πολιτείᾳ
2473 2377 2634 2448 ήμῶν
2658 2377 2838 2430 καλῶν
2875 2376 2970 2430 καὶ
2998 2374 3410 2439 ἀξιεπαινέτων
3439 2369 3667 2440 γνώσεις
3709 2367 3797 2420 καὶ

2195 2472 2414 2541 λογικαὶ
2442 2471 2632 2542 τέχναι
2673 2471 2768 2524 καὶ
2801 2469 3125 2538 ἐπιστῆμαι,
3155 2465 3376 2519 τούτων
3409 2461 3511 2517 οὐκ
3537 2459 3630 2516 οἶδ’
3659 2462 3796 2521 ὅπως

2194 2561 2583 2634 ἀμεληθέντων
2634 2562 2727 2614 καὶ
2773 2560 3196 2632 παροραθέντων
3241 2555 3292 2608 τί
3326 2550 3620 2625 σοφίζεται
3659 2553 3685 2604 ὁ
3711 2568 3794 2619 φι-

2193 2651 2574 2719 λοσοφώτατος
2629 2653 2835 2713 ἐκεῖνος
2893 2648 3066 2714 νοῦςς
3137 2647 3294 2700 Ἐπεὶ
3366 2648 3477 2714 γὰρ
3534 2643 3794 2715 ἠπίστατο

2195 2747 2397 2817 πρᾶξιν
2429 2747 2524 2798 καὶ
2565 2744 2802 2816 θεωρίαν
2827 2743 2962 2814 πρὸς
2995 2741 3130 2794 Θεὸν
3156 2739 3240 2813 [Ρ.
3277 2739 3350 2793 ἓῖ
3369 2739 3424 2810 8]
3456 2740 3606 2810 ἡμᾶς
3633 2738 3788 2788 οίκει-

2194 2838 2380 2904 οὖντα,
2407 2836 2503 2892 καὶ
2526 2836 2624 2908 τὴν
2660 2836 2762 2907 μὲν
2787 2835 2989 2904 πρᾶξιν
3037 2832 3338 2893 πολιτικοῖς
3378 2829 3779 2902 προσαρμόζουο

2198 2949 2296 2988 σαν
2330 2927 2674 3002 πράγμασιν,
2706 2930 2806 2999 τὴν
2841 2927 3077 2998 Θεωρίαν
3110 2925 3167 2978 δὲ
3213 2926 3324 2988 τοῖς
3386 2924 3643 2992 λογικοῖς,
3697 2918 3783 2971 ἀλ·

2195 3026 2383 3096 λήλοις
2413 3016 2481 3078 δι’
2514 3021 2845 3094 ἀμφοτέρων
2874 3019 3078 3091 βοηθεῖ,
3107 3017 3168 3070 τὸ
3219 3017 3320 3087 μὲν
3364 3015 3673 3088 πρακτικὶν
3700 3011 3781 3065 διὰ

2125 3145 2167 3203 C
2203 3116 2502 3190 ῥητορικῆς
2528 3116 2727 3186 τέχνης
2787 3108 3076 3165 ἀσκεῖσθαι
3118 3109 3587 3180 παρασκευάζων,
3641 3106 3699 3158 τὸ
3737 3102 3787 3154 δὲ

2201 3205 2538 3281 θεωρητικδν
2576 3206 2665 3261 διὰ
2697 3204 3020 3274 φιλοσοφίας
3052 3202 3146 3256 καλ.
3175 3200 3412 3272 φυσικῆς
3466 3201 3576 3254 τῶν
3632 3198 3791 3251 ὄντων

2198 3297 2566 3371 διαγνώσεως.
2603 3290 2908 3360 Παιδευτὰς
2955 3287 3012 3349 δὲ
3065 3295 3323 3367 ἀρίστους
3383 3296 3790 3364 προκέκρικεν·

2199 3395 2279 3457 εἰς
2321 3389 2731 3446 Κωνσταντῖνον
2779 3388 3274 3462 πρωτοσπαθάριον
3341 3385 3443 3452 τὸν
3497 3380 3798 3456 τηνικαῦτα

2202 3484 2463 3556 μυστικὸν
2487 3483 2548 3537 τὸ
2580 3483 2686 3536 τῶν
2718 3472 3023 3552 φιλοσόφων
3074 3469 3479 3550 παιδοτριϐεἶον
3543 3476 3801 3537 δέδωκεν,

2199 3581 2278 3641 εἰς
2310 3577 2371 3630 δὲ
2412 3575 2472 3630 τδ
2512 3575 2622 3629 τῶν
2665 3573 2913 3645 ρητόρων
2972 3564 3328 3641 Ἀλέξανδρον
3391 3563 3812 3638 μητροπολὶτην

2199 3663 2460 3732 Νικαίας,
2495 3668 2574 3731 είς
2605 3666 2661 3719 δὲ
2691 3665 2750 3718 τὸ
2775 3665 2876 3735 τῆς
2936 3665 3282 3734 γεωμετρίας
3331 3660 3675 3732 Νικηφόρον
3710 3678 3821 3714 παι

2198 3762 2409 3833 τρίκιον
2439 3759 2529 3814 τὸν
2551 3758 2800 3830 γαμϐρὸν
2831 3755 3093 3825 Θεοφίλου
3135 3754 3395 3825 ἔπαρχοι-ι
3449 3752 3548 3805 τοῦ
3588 3754 3822 3824 Ἐρωτι-

2199 3855 2320 3921 κοῦ,
2351 3856 2430 3918 είς
2460 3851 2515 3905 δὲ
2540 3851 2602 3905 τὺ
2632 3851 2739 3904 τῶν
2790 3845 3150 3916 ἀστρονόμων
3197 3843 3527 3915 Γρηγόριον
3562 3844 3818 3916 ἀσηκρῆ-

2197 3967 2305 4003 τιν.
2361 3946 2470 4000 Καὶ
2511 3943 2712 4014 πολλὴν
2768 3940 3089 4012 ἐπιμέλειαν
3135 3939 3229 3990 καὶ
3279 3935 3533 4007 σπουδὴν
3564 3940 3649 4002 είς
3688 3939 3814 4000 τοὺς

2200 4037 2463 4110 φοιτητὰς
2495 4037 2522 4090 ὁ
2581 4034 2938 4104 αὐτοκράτωρ
2990 4031 3248 4096 ἐποιεῖτο,
3309 4029 3669 4098 ὁμοδιαίτους
3716 4021 3810 4084 καὶ

2199 4130 2616 4204 ὁμοτραπέζους
2639 4126 2865 4188 τούτους
2902 4124 3025 4178 καθ’
3065 4121 3306 4192 ἑκάστην
3337 4121 3523 4174 ποιῶν
3573 4123 3671 4175 καὶ
3713 4123 3808 4190 ἀρ-

2200 4223 2370 4295 γύρια
2397 4221 2656 4294 παρέχων
2679 4219 2774 4273 καὶ
2822 4216 3043 4288 ὁμιλίας
3097 4215 3214 4286 μετ’
3249 4214 3437 4267 αὐτῶν
3511 4213 3809 4286 προσηνεῖς

2203 4313 2548 4386 ποιούμενος.
2572 4311 2682 4366 Καὶ
2712 4311 2773 4364 οὗ
2803 4308 2968 4371 πολὺς
2994 4307 3186 4378 χρόνος
3215 4304 3467 4374 διελθὼν,
3502 4307 3607 4372 τὰς
3639 4307 3809 4378 μεγά-

2200 4409 2300 4472 λας
2330 4406 2644 4476 ἐπιστήμας
2671 4401 2770 4456 καὶ
2819 4387 3017 4469 τέχνας
3069 4401 3134 4469 τῇ
3168 4398 3378 4468 θωπείᾳ
3442 4400 3548 4452 καὶ
3595 4399 3809 4453 συνέσει

507 4490 865 4561 pecuniisqtte
885 4493 1332 4542 demerereturac
1345 4485 1560 4542 blandis
1586 4486 1877 4557 colloquiis
1905 4488 2093 4542 delini-

2203 4498 2298 4553 τοῦ
2352 4494 2758 4566 αὐτοκράτορος
2816 4491 3275 4562 κατωρθώσαντο,
3325 4493 3422 4545 καὶ
3458 4493 3665 4561 κριτὰς
3717 4489 3808 4542 καὶ

510 4594 610 4638 ret.
640 4583 751 4636 Nec
781 4583 936 4651 longe
967 4590 1180 4650 tempus
1211 4581 1497 4650 processit,
1521 4594 1648 4635 cum
1683 4580 1749 4636 iis
1769 4581 2094 4636 dellnimen~

509 4675 578 4729 tis
635 4689 805 4744 eaque
867 4673 1099 4727 foventis
1151 4673 1498 4741 imperatoris
1553 4671 1844 4742 prudentia
1892 4673 2094 4730 adultis

511 4768 744 4839 ingeniis
792 4783 1015 4836 magnas
1052 4765 1126 4818 illi
1167 4765 1427 4820 scientias
1460 4774 1715 4832 artesque
1751 4765 1911 4837 plene
1945 4767 2091 4822 didi-

2202 4589 2554 4658 ἀντιγραφεῖς
2584 4584 2678 4638 καὶ
2708 4581 3188 4655 μητροπολίτας-ἑξ
3220 4582 3400 4634 αὐτῶν
3440 4583 3810 4652 ἐκλεξάμενος

2200 4681 2523 4749 τετίμηκεν,
2583 4677 2677 4729 καὶ
2727 4673 2828 4746 τὴν
2889 4673 3166 4727 πολιτείαν
3207 4671 3504 4743 Ῥωμαίων
3549 4678 3619 4746 τῇ
3651 4672 3810 4742 σοφία

2200 4767 2618 4838 κατεκόσμησεν
2657 4765 2752 4820 καὶ
2778 4763 3224 4818 κατεπλούτισεν.

511 4877 705 4921 cerunt
734 4882 747 4933 ;
781 4882 844 4919 ex
870 4880 1100 4935 quorum
1143 4880 1307 4917 censu
1344 4863 1585 4922 delectos
1615 4865 1917 4936 imperator
1949 4865 2198 4936 iudicum
2239 4885 2304 4923 ac
2367 4875 2688 4923 senatorum
2757 4861 3295 4929 secretariorutnque
3352 4869 3409 4914 ct
3485 4859 3814 4931 metropoli-

507 4971 685 5014 :arum
703 4958 911 5010 honore
927 4955 1260 5022 sublimavit,
1276 4953 1686 5027 Romanamque
1702 4957 2090 5027 rempublicam
2130 4961 2398 5033 sapientia
2419 4957 2705 5014 exornavit
2727 4964 2892 5026 atque
2925 4955 3134 5008 ditavit.

578 5049 741 5123 447
788 5049 873 5102 t5.
917 5049 1022 5103 Sed
1041 5056 1094 5103 et
1115 5048 1443 5118 Augustales
1475 5061 1657 5105 vestes
1694 5051 2097 5122 quailongioris

511 5145 775 5213 temporis
820 5158 918 5196 usu
954 5141 1165 5195 detrita:
1196 5149 1373 5206 erant,
1415 5155 1689 5211 exesaque
1717 5151 2003 5196 stemmata
2032 5157 2096 5198 ac

510 5235 817 5289 diademata
870 5249 1006 5288 nova
1049 5233 1397 5288 instauravit.
1450 5233 1813 5288 Bucoleonem
1860 5235 2092 5303 statuis,

513 5329 677 5382 variis
710 5344 778 5383 ex
809 5328 946 5382 locis
987 5327 1286 5390 convectis,
1328 5327 1620 5397 magnilice
1657 5329 1893 5394 ornavit,
1929 5329 2094 5397 inque

511 5436 577 5473 eo
613 5421 874 5491 piscinam
906 5419 1234 5475 construxit.
1269 5418 1528 5488 Captivos
1557 5436 1680 5474 cum
1711 5421 1950 5474 urbanos
1975 5429 2090 5473 tum

515 5514 874 5582 provinciales
905 5529 1126 5568 carcere
1156 5513 1403 5566 detentus
1439 5513 1727 5584 diligenter
1764 5513 2094 5584 pervestiga-

516 5604 600 5656 bat
665 5621 725 5658 ac
797 5605 1064 5659 invisebat
1113 5620 1289 5674 exque
1345 5605 1573 5659 vinculis
1625 5606 1961 5667 ahsolvehat,
2011 5605 2092 5657 sic

2279 5051 2540 5108 ιε’.Ἀλλὰ
2564 5051 2661 5106 καὶ
2692 5051 2790 5111 τὰς
2819 5047 3106 5119 βασιλικὰς
3134 5045 3328 5109 στολὰς
3358 5043 3459 5100 καὶ
3483 5047 3554 5102 τὰ
3573 5047 3812 5100 ἔκπαλαι

2208 5149 2500 5217 στέμματα
2531 5146 2626 5198 καὶ
2665 5142 2980 5212 διαδήματα
3021 5141 3299 5212 φθαρέντα
3346 5141 3428 5202 εἰς
3461 5143 3813 5195 ἀνακαίνισιν

2204 5240 2574 5312 διωρθώσατο,
2611 5239 2706 5292 καὶ
2739 5239 2830 5289 τὸν
2870 5236 3237 5290 Βουκολέοντα
3268 5233 3511 5304 ζῳδίοις,
3575 5236 3643 5288 ὲκ
3697 5235 3812 5286 δια-

2205 5332 2387 5403 φόρων
2417 5331 2598 5384 τόπων
2625 5327 2872 5398 ἀγαγὼν,
2910 5325 3308 5390 ὲκαλλώπισεν,
3343 5325 3581 5380 κάκεῖσε
3633 5326 3811 5396 ἰχθυο-

2201 5425 2452 5494 τροφεῖον
2484 5421 2764 5491 ἐποίησεν.
2798 5418 2961 5473 Ἀλλὰ
3000 5421 3093 5472 καὶ
3115 5417 3224 5470 τῶν
3248 5419 3303 5469 ἐν
3333 5419 3400 5488 τῇ
3433 5418 3660 5486 φυλακῇ
3703 5414 3805 5459 τῶν

2199 5509 2256 5559 ἐν
2293 5511 2358 5578 τῇ
2395 5508 2548 5560 πόλει
2578 5509 2674 5560 καὶ
2698 5507 2808 5559 τῶν
2851 5506 3048 5570 ἔξωθεν
3095 5505 3349 5575 θεμάτων
3409 5498 3803 5568 κατεχομένων

2199 5601 2436 5670 δεσμίων
2461 5600 2733 5672 ἠρεύνησε
2769 5602 2862 5655 καὶ
2897 5600 3243 5670 ἐπεσκέψατο
3277 5598 3370 5654 καὶ
3413 5593 3529 5646 τῶν
3569 5589 3806 5658 δεσμῶδ

1790 5696 1827 5748 ν·
1848 5694 2026 5748 Uti/['3
2069 5693 2479 5750 LECTIUNES.

581 5784 629 5817 "
651 5783 803 5839 deest
836 5802 934 5839 vos
966 5791 1256 5843 νενευκότα
1289 5798 1378 5844 aut
1412 5789 1792 5844 καταπεσᾶντα
1841 5788 2086 5842 Canthe}.
