4136 6414
348 331 461 399 465

1077 345 1219 405 LIB.
1250 346 1344 407 \‘I-
1378 372 1445 382 --
1485 345 2063 412 CONSTANTINUS
2101 343 2867 413 PORPHYROGENITUS.

3530 339 3637 404 (66

345 452 721 524 ὲλυτρώσατο,
770 455 847 517 ὡς
910 455 1116 519 πάντας
1171 459 1414 529 σωτήρια
1467 462 1825 532 ἑπευφημοῦν
1858 460 1949 512 τὸν

2074 461 2314 516 nimirum
2367 469 2425 515 ut
2472 474 2667 514 omnes
2710 458 2917 527 Optimo
2969 458 3281 528 Christique
3336 459 3641 515 inuitatione

347 546 560 613 ἀγαθὸν
615 545 711 599 καὶ
758 548 1190 619 χριστομίμητον
1243 550 1453 605 ἄνακτα
1510 554 1938 607 Κωνσταντίνον.

350 637 469 707 Τὴν
493 636 552 689 δὲ
584 636 792 708 ἀρετὴν
822 639 917 691 καὶ
944 637 1042 708 τὴν
1077 638 1280 707 γνῶσιν
1332 640 1507 704 οὕτως
1570 642 1831 712 ἐτίμησεν
1866 642 1942 705 ὡς

352 726 516 789 ἄλλος
539 724 718 788 οὐδεὶς
750 726 862 778 τῶν
888 726 1359 796 βεϐασιλευκότων
1395 744 1411 760 ·
1462 728 1556 782 καὶ
1588 729 1772 783 ὅντινα
1804 727 1943 797 γνῶ-

356 828 444 874 σιν
480 816 677 888 ἔχοντα
705 818 802 872 καὶ
850 821 987 891 πρὸς
1024 822 1152 884 τοὺς
1171 808 1373 891 νόμους·
1402 823 1566 891 φύσιν
1600 824 1697 877 καὶ
1751 823 1945 892 ἐπιτη-

349 914 610 983 δειότητα
644 911 899 982 εὑρηκὼς
927 909 1016 985 ἦν,
1048 915 1482 985 προανεϐίϐασεν
1507 916 1599 969 καὶ
1624 917 1705 979 είς
1743 916 1946 987 ὑψηλὸ-

351 1021 517 1076 τερον
548 1004 741 1076 θρόνον
780 1005 1247 1078 ἀποκατέστησεν.
1277 1008 1387 1061 Kal.
1414 1003 1482 1079 ἦν
1524 1010 1652 1062 ἰδεῖν
1677 1009 1947 1062 δικαιοδο-

357 1096 485 1151 σίαν
516 1097 614 1151 καὶ
644 1098 908 1167 εὐνομίαν
937 1100 994 1152 ὲν
1028 1102 1216 1165 πᾶσιν,
1239 1100 1315 1164 ὠς
1350 1100 1443 1154 τοῦ
1497 1103 1951 1173 Πορφυρογεννή-

356 1205 459 1241 του
494 1188 707 1257 ταύτην
730 1191 1153 1259 φιλοσοφοῦντος
1171 1193 1266 1246 καὶ
1294 1192 1810 1265 κατασπαζομένου.
1845 1196 1954 1248 Καὶ

357 1278 526 1342 νόμον
570 1282 599 1334 ὁ
635 1282 994 1353 αὐτοκράτωρ
1020 1284 1235 1351 ἐξέθετο
1258 1301 1271 1315 ⁸
1311 1286 1435 1341 ίδὼν
1456 1287 1563 1357 γὰρ
1594 1288 1729 1341 πολὺ
1760 1288 1955 1340 πλεον-

355 1370 585 1424 εκτικδν
640 1373 791 1443 παρὰ
827 1374 936 1427 τῶν
962 1374 1273 1447 ἀκορέστων
1298 1379 1532 1447 ἐκχυθὲν
1580 1380 1675 1433 καὶ
1737 1380 1845 1433 τῶν
1900 1381 1957 1434 ὲν

359 1465 521 1535 μέσῳ
547 1465 657 1518 τῶν
682 1467 965 1537 ἐπαρχιῶν
1010 1469 1105 1522 καὶ
1144 1468 1228 1542 [Ρ.
1262 1470 1391 1543 279]
1443 1472 1658 1542 χωρίων
1708 1473 1960 1542 ὑπεισελ-

358 1556 573 1610 θόντων
627 1558 909 1628 ἀρχόντων
952 1561 1049 1614 καὶ
1105 1563 1231 1626 τοὺς
1292 1562 1671 1635 ταλαιπώρους
1721 1566 1960 1637 πένητας

359 1649 973 1719 καταδυναστευόντων,
1006 1654 1100 1708 καὶ
1128 1655 1254 1709 καθ’
1283 1656 1543 1728 ἁρπαγὴν
1584 1657 1691 1711 τῶν
1719 1644 1961 1712 δυνατῶν

357 1741 673 1813 προάστεια
702 1748 1211 1817 προσκτησαμένων
1238 1746 1327 1799 διὰ
1378 1747 1633 1819 ποικίλης
1673 1749 1776 1819 τῆς
1828 1750 1962 1819 μεθ-

358 1832 486 1886 όδου
516 1826 977 1903 αἰτίας,ἐγνωκεν
1010 1838 1344 1910 ποιήσασθαι
1371 1840 1469 1911 τὴν
1498 1841 1703 1895 τούτων
1732 1844 1963 1913 ἀφαίρε-

364 1939 471 1975 σιν.
519 1923 599 1975 Τίσ
620 1926 812 1978 ποιείό
842 1927 1005 1995 σοφὸς
1038 1930 1094 1981 ἐν
1120 1931 1286 1983 πᾶσιν
1315 1949 1329 1996 ;
1389 1931 1722 2001 Συναγαγὼν
1751 1936 1817 2005 τῇ
1858 1935 1963 1989 ὑπὸ

370 2018 530 2084 χεῖρα
553 2015 874 2090 βουλευτικῇ
901 2023 1135 2074 ποιεῖται
1162 2023 1390 2095 μεθόδῳ,
1412 2026 1538 2088 τοὺς
1554 2026 1660 2079 ἀπὸ
1683 2026 1781 2095 τῆς
1798 2030 1965 2100 ἀναῤ-

383 2106 587 2174 ρήσεως
624 2108 791 2163 αὐτοῦ
852 2110 1274 2179 ὑπεισελθόντας
1332 2115 1619 2182 πλουσίους
1645 2119 1737 2173 καὶ
1758 2120 1963 2190 ἐξωνη-

385 2200 642 2269 σαμένους
665 2201 1157 2276 ἢπδωρησαμένους
1182 2209 1277 2261 καὶ
1301 2210 1831 2281 κατακρατήσαντας
1873 2212 1964 2265 τό·

379 2306 476 2342 πια
511 2291 778 2362 ἢάγροὺς
823 2297 906 2359 είς
967 2298 1144 2368 χωρία
1189 2300 1535 2371 ἀναργύρους
1582 2302 1960 2370 ὲκδιώκεσθαι,

370 2385 469 2443 καὶ
518 2386 719 2457 μικρόν
761 2404 816 2442 τι
869 2388 973 2459 τῆς
1020 2389 1203 2463 λώϐης
1242 2393 1340 2448 καὶ
1372 2394 1472 2467 τῆς
1502 2394 1818 2463 πλεονεξίας
1855 2398 1965 2452 τῶν

366 2476 695 2548 ἀκορέστων
719 2482 1125 2554 ἀπερράπισεν.

447 2754 551 2814 ις’.
588 2749 658 2805 Ὀ
679 2751 735 2805 δὲ
773 2754 1028 2826 ἐπιεικὴς
1050 2756 1143 2811 καὶ
1172 2759 1405 2832 γαληνὸς
1427 2760 1696 2834 δεσπότης
1730 2766 1849 2820 οὐδὲ
1868 2768 1966 2833 τὰς

365 2840 483 2894 τῶν
508 2844 848 2912 προσιόντων
869 2848 1311 2922 ἀμφισϐητήσεις
1349 2855 1442 2908 καὶ
1463 2854 1828 2927 δικαιολογίας
1874 2862 1968 2914 καὶ

371 2933 601 2998 στάσεις
644 2937 971 3010 ἀπέγραφεν
1009 2941 1104 2996 τοῦ
1134 2942 1379 3009 δικάζειν
1427 2945 1496 3000 δι’
1556 2948 1774 3014 ἑαυτοῦ,
1832 2950 1967 3005 ἀλλὰ

371 3026 471 3078 καὶ
496 3027 614 3090 τοῖς
636 3027 918 3094 δικασταῖς
936 3033 1276 3101 συνδικάζειν
1307 3036 1407 3092 οὐκ
1435 3040 1780 3096 ἀνεϐάλλετο.
1818 3046 1967 3116 Παρ-

2047 552 2344 606 mitissimo
2366 566 2430 606 ac
2458 550 2717 605 clementi
2750 550 3063 618 imperatori
3089 549 3455 605 €onstantino
3481 565 3640 604 acce-

2052 652 2201 713 ptam
2226 643 2459 698 salutem
2494 641 2790 697 referentes
2814 640 3011 696 faustis
3043 642 3117 696 illi
3150 642 3644 698 acclamationibus

2050 744 2557 803 eomprecarcntur.
2592 730 2793 787 Virtuti
2831 748 2894 786 ac
2918 732 3159 788 scientiae
3194 733 3454 802 majorem
3480 748 3641 804 supra

2049 824 2372 879 decessorcs
2425 837 2617 878 omnes
2669 823 2949 894 Augustos
2992 823 3257 877 honorem
3312 824 3526 878 habuit.
3585 823 3641 879 Si

2050 933 2211 986 quem
2243 926 2437 973 nactus
2453 925 2597 972 esset
2624 918 2803 970 virum
2823 916 3099 971 eruditum
3133 917 3425 987 legumque
3454 918 3638 972 scien-

2052 1008 2141 1063 tia:
2171 1024 2234 1063 ex
2264 1009 2446 1063 indole
2476 1016 2854 1078 comparatum
2884 1023 2947 1063 ae
2968 1009 3249 1076 idoneum,
3285 1009 3491 1063 honore
3519 1026 3650 1077 pro—

2054 1100 2305 1154 movebat
2334 1113 2398 1153 ac
2423 1099 2734 1154 sublimiori
2758 1115 2883 1153 eum
2908 1100 3035 1154 sede
3053 1100 3377 1156 collocabat.
3403 1100 3650 1156 Vidisses

2054 1191 2196 1261 aequi
2228 1190 2476 1259 justique
2522 1190 2791 1244 rationem
2838 1190 2891 1243 in
2932 1190 3190 1245 munibus
3230 1191 3542 1262 vigentem,
3591 1201 3651 1247 ut.

2058 1283 2217 1351 cujus
2263 1282 2410 1336 cultu
2448 1281 3006 1352 Porpbyrogennetus
3052 1281 3538 1351 philosopharetur
3584 1299 3651 1337 ac

2059 1390 2224 1444 qttam
2264 1370 2686 1443 amplexaretur.
2724 1371 2921 1443 Legem
2957 1388 3180 1443 quoque
3209 1374 3381 1428 edidit
3408 1373 3649 1442 impera-

2060 1479 2165 1523 tor.
2199 1468 2400 1522 Videtis
2446 1467 2593 1521 enim
2641 1467 3037 1522 insatiabilium
3074 1469 3359 1522 hominum
3406 1468 3650 1537 nequitia

2062 1560 2319 1631 injuriam
2366 1559 2640 1629 alienique
2690 1560 3101 1629 usurpationem
3160 1559 3320 1630 longe
3371 1560 3649 1624 diﬂ‘usam,

2061 1667 2431 1723 proceresque
2463 1651 2517 1706 in
2550 1650 2754 1707 medias
2786 1652 3100 1722 provincias
3125 1653 3432 1723 oppidaque
3458 1663 3511 1707 et
3532 1652 3652 1708 loca

2066 1744 2450 1812 subingressos
2481 1745 2763 1800 luctuosos
2796 1759 3063 1815 pauperes
3094 1745 3420 1815 opprimere,
3450 1746 3653 1815 vilique

2067 1837 2242 1907 pretio
2268 1851 2333 1890 ae
2359 1836 2549 1904 rapina
2574 1836 2741 1891 variis
2774 1836 2982 1891 artibus
3016 1846 3177 1906 atque
3209 1835 3495 1891 fraudibus
3526 1836 3652 1891 illo-

2065 1942 2186 1982 rum
2221 1927 2539 1983 suburbana
2583 1926 2687 1982 sibi
2734 1942 3107 1996 comparasse,
3142 1927 3258 1981 haec
3288 1928 3396 1983 illis
3434 1929 3656 1984 auferre

2064 2020 2370 2076 constituit.
2430 2017 2574 2085 Quid
2639 2032 2769 2088 ergo
2826 2020 2909 2071 vir
2961 2019 3162 2089 ubique
3217 2018 3654 2089 sapientissimus

2066 2112 2255 2169 facit?
2302 2110 2511 2182 Nempe
2565 2120 2897 2182 congregato
2964 2120 3161 2168 senatu
3230 2113 3376 2167 illius
3432 2113 3654 2168 decreto

2066 2206 2261 2269 sancit,
2290 2212 2347 2260 ut
2374 2205 2465 2276 qui
2490 2220 2556 2259 ex
2577 2220 2644 2260 eo
2670 2215 2911 2275 tempore
2932 2219 3045 2275 quo
3060 2205 3151 2259 ille
3168 2220 3352 2261 rerum
3377 2220 3651 2261 summam

2066 2299 2296 2370 adeptus
2335 2308 2504 2363 esset,
2557 2297 2899 2367 subingressi
2931 2297 3127 2353 divites
3163 2298 3257 2353 vel'
3286 2299 3521 2369 pecunia
3554 2315 3656 2353 nu-

2067 2401 2269 2448 merata
2311 2390 2397 2446 vel
2433 2391 2575 2446 datis
2619 2390 2951 2453 muneribus
2989 2390 3305 2446 suburbana
3350 2398 3453 2444 aut:
3493 2404 3656 2461 agros

2066 2485 2151 2539 vel
2188 2484 2386 2555 praedia
2408 2483 2656 2552 suijuris
2687 2482 2969 2549 fecissent,
3014 2483 3098 2538 his
3130 2481 3297 2555 m
3319 2482 3471 2537 nullo
3498 2498 3658 2539 acce-

2068 2587 2159 2646 pto
2192 2577 2363 2645 pretio
2396 2577 2728 2643 ejicerentur
2755 2594 2770 2643 ;
2820 2591 2925 2646 qua
2958 2592 3015 2632 re
3045 2578 3333 2632 hominum
3374 2576 3659 2632 insatiabia

2067 2669 2200 2723 lium
2225 2668 2483 2736 iniuriam
2516 2670 2782 2737 tantisper
2816 2667 3105 2736 repressit.

2140 2760 2229 2815 16.
2257 2759 2397 2815 Mitis
2429 2775 2557 2814 vero
2578 2758 3076 2828 serenissimusque
3098 2758 3353 2828 princeps
3380 2773 3449 2813 ne
3468 2773 3658 2814 eorum

2069 2852 2286 2925 quidem
2316 2852 2409 2922 qtti
2441 2852 2509 2915 ad
2540 2852 2716 2921 ipsum
2744 2851 2969 2913 adirent
2986 2852 3392 2917 controversias
3426 2853 3661 2921 litesque

2073 2962 2135 3001 ac
2183 2945 2605 3021 disceptationes
2653 2944 2862 3014 judicio
2910 2945 3064 2999 finire
3104 2944 3490 3011 detrectabat,
3526 2945 3659 3014 quin

2068 3040 2232 3094 etiam
2296 3038 2489 3099 lubens
2529 3038 2584 3091 in
2633 3036 2880 3106 judicum
2934 3036 3052 3107 ipse
3096 3052 3360 3092 consessu
3415 3038 3660 3106 sedebat,

372 3119 695 3189 ισταμένων
716 3121 794 3192 τῷ
812 3124 1022 3178 ἐκείνου
1055 3126 1262 3198 βήματι
1281 3129 1392 3183 τῶν
1420 3148 1481 3185 τε
1502 3131 1831 3199 δικαζόντων
1859 3137 1968 3191 τῶν

2075 3128 2387 3189 astantibus
2415 3143 2516 3198 pro
2554 3127 2813 3182 tribunali
2848 3138 2961 3181 tum
3000 3127 3280 3181 actoribus
3312 3134 3439 3180 tum.
3464 3140 3660 3180 eorum

371 3227 431 3263 τε
455 3214 907 3283 συνηγοροὺντων
932 3218 1039 3272 τῶν
1065 3220 1460 3291 δικαζομένων,
1504 3224 1844 3297 ἀπεκρούετο
1872 3229 1971 3294 τὰς

370 3300 595 3367 τούτων.
616 3306 986 3377 δικαιολογίας
1016 3313 1109 3365 καὶ
1150 3313 1250 3377 τάς
1279 3314 1494 3383 ἀπάτας
1545 3320 1726 3372 αὐτῶν
1759 3334 1774 3351 '
1820 3322 1972 3376 οὐδὲν

372 3394 487 3464 γάρ
514 3394 619 3465 τὴν
644 3396 925 3467 ἀγχίνοιαν
952 3402 1119 3456 αὐτοῦ
1150 3402 1426 3474 διέφυγεν,
1488 3408 1550 3461 οὐ
1600 3410 1793 3481 ψεῦδος
1834 3412 1970 3483 ἀλη-

372 3485 502 3558 θείᾳ
531 3490 919 3560 συγκείμενον,
950 3496 1011 3547 οὐ
1033 3494 1094 3547 τὸ
1128 3496 1370 3552 πιθανὸν·
1407 3502 1473 3571 τῇ
1531 3500 1782 3577 διηγήσει
1838 3521 1972 3574 συγ-

373 3582 813 3653 κεραννύμενον,
842 3587 905 3639 οὐ
947 3588 1234 3660 περίεργοι
1264 3594 1582 3665 συγγραφαὶ
1619 3597 1715 3656 καὶ
1733 3597 1975 3671 κρύϐδην

378 3677 825 3745 συντεθειμέναι,
858 3680 1064 3744 αἵτινες
1107 3682 1205 3736 καὶ
1238 3684 1367 3749 τοὺς
1430 3686 1573 3755 ἄγαν
1613 3690 1975 3761 δραστηρίους

377 3766 629 3821 διέλαθον
644 3770 705 3821 ὲν
729 3769 991 3842 ἀληθείας
1020 3776 1507 3846 παραπετάσματι.
1554 3778 1841 3834 Ἐντεῦθεν
1896 3782 1976 3853 τῷ

393 3856 545 3928 φόϐῳ
564 3859 671 3931 πρὸ
698 3860 801 3931 τῆς
858 3864 1097 3934 κρίσεως
1122 3868 1661 3939 παιδαγωγηθέντες,
1716 3872 1976 3943 δικαστὴς

401 3945 471 3998 δι’
507 3949 681 4005 ἑαυτοῦ
708 3952 943 4019 ἕκαστος
987 3956 1085 4027 τῆς
1129 3958 1290 4031 δίκης
1314 3960 1391 4031 τῷ
1422 3961 1705 4032 ἠδικηκότι
1736 3964 1973 4033 ἐγένετο.

473 4123 555 4189 ιζ’.
586 4128 706 4200 Χρὴ
758 4126 855 4185 οὖν
901 4136 1029 4205 περὶ
1051 4136 1246 4190 κοινῶν
1278 4140 1577 4211 φροντίδων
1622 4142 1717 4195 τοῦ
1746 4142 1978 4209 ἄνακτος

390 4216 488 4270 καὶ
518 4218 629 4272 τῶν
657 4223 905 4295 ἀπείρων
926 4227 1319 4299 διορθωμάτων
1358 4234 1451 4286 καὶ
1483 4233 1853 4306 διοικημάτων
1885 4238 1982 4291 αὑ-

384 4309 485 4363 τοῦ
542 4311 803 4377 ἐξειπεῖν.
854 4318 980 4372 Τῶν
1034 4320 1349 4392 ἅπανταχοῦ
1386 4324 1498 4396 γὰρ
1527 4328 1850 4398 στρατηγῶν
1888 4329 1980 4382 καὶ

386 4401 693 4470 βασιλικῶν
713 4412 1167 4485 πρωτονοταρίων
1202 4415 1296 4469 καὶ
1326 4418 1433 4470 τῶν
1472 4420 1529 4471 ἑν
1562 4419 1775 4489 κώμαις
1807 4422 1977 4492 ἐπαρ-

2075 3220 2319 3291 patronis
2357 3220 2451 3290 qui
2492 3218 2543 3273 in
2586 3218 2680 3289 jus
2718 3217 3077 3272 vocabantur.
3124 3216 3528 3279 Advocatortun
3567 3216 3665 3269 dc-

2076 3312 2352 3366 fensiones
2367 3326 2669 3380 eorumque
2692 3308 2912 3364 fraudes
2940 3308 3321 3364 amoliebatur.
3344 3302 3497 3375 Quod
3519 3310 3662 3362 enim

2077 3405 2221 3459 illius
2252 3404 2603 3474 sagacitatem
2626 3401 2817 3456 lateret
2847 3402 2985 3455 nihil
3015 3410 3155 3462 erat,
3180 3418 3286 3455 non
3318 3400 3662 3454 mendacium

2077 3495 2291 3551 veritati
2340 3495 2591 3558 haerens,
2638 3509 2747 3548 non
2800 3493 3100 3563 probabilis
3144 3492 3301 3549 fucus
3363 3492 3667 3547 narrationi

2077 3588 2373 3651 admixtus,
2407 3602 2515 3641 non
2554 3586 2844 3657 superfluae
2883 3586 3168 3656 scripturae
3205 3585 3482 3655 libellique
3517 3586 3668 3641 clanc

2077 3678 2261 3733 culum
2299 3677 2619 3747 conscripti,
2661 3677 2751 3748 qui
2794 3678 2874 3732 vel
2914 3677 3307 3734 solertissimos
3348 3693 3669 3746 summeque

2079 3769 2422 3840 perspicaces
2467 3769 2571 3825 sub
2623 3770 2881 3825 ementita
2919 3771 3164 3826 veritatis
3188 3771 3337 3825 larva
3378 3769 3536 3825 facile
3579 3785 3673 3822 va-

2082 3862 2506 3932 leantdecipere.
2530 3860 2666 3915 lline
2694 3860 2856 3917 flebat
2876 3872 3010 3919 utet
3040 3862 3449 3932 antejudicium
3476 3864 3671 3925 timore

2079 3954 2328 4024 castigati
2364 3968 2396 4007 a
2441 3968 2501 4008 se
2530 3964 2745 4021 sponte,
2780 3956 2870 4024 qui
2900 3955 3156 4010 fecissent
3188 3956 3468 4024 injuriam,
3510 3956 3563 4010 in
3613 3972 3673 4010 se

2080 4045 2185 4117 ipsi
2212 4045 2424 4115 judiees
2456 4055 2649 4100 essent
2668 4062 2733 4099 ac
2751 4048 3078 4101 sententiam
3121 4048 3348 4102 ferrent.

2152 4136 2240 4190 l7.
2292 4134 2461 4205 igitur
2497 4149 2722 4191 necesse
2749 4145 2835 4191 est
2873 4146 2937 4191 ut
2964 4138 3031 4192 de
3058 4137 3291 4208 publicis
3322 4138 3672 4207 imperatoris

2083 4230 2234 4283 curis
2276 4228 2452 4299 deque
2491 4226 2799 4282 innumeris
2830 4227 2977 4283 illius
3012 4244 3243 4284 censura
3273 4228 3581 4284 emendatis
3609 4242 3671 4281 ac

2084 4322 2153 4377 de
2197 4321 2373 4392 ipsius
2421 4321 2989 4377 athninistratimiibus
3030 4338 3342 4375 sermonem
3393 4329 3671 4376 texamus.

2085 4414 2223 4470 Cum
2252 4414 2397 4470 enim
2433 4414 2601 4469 duces
2638 4428 2701 4469 ac
2745 4422 3005 4492 prretores
3035 4414 3233 4482 ubique
3263 4412 3503 4481 gentium
3540 4426 3674 4465 con-

384 4494 539 4563 χίαις
567 4514 630 4550 τε
655 4499 750 4552 καὶ
780 4483 1138 4571 πόλεσιν,γέτι
1171 4508 1278 4578 μὴν
1297 4509 1390 4562 καλ¹
1414 4511 1494 4574 εἰς
1510 4483 1789 4584 ἀρχηγοὺς
1812 4483 1968 4567 ὲθνῶι

2088 4507 2266 4564 stituti
2317 4506 2654 4576 palatiniquc
2698 4486 3086 4574 protonotarii,
3140 4513 3195 4559 et
3232 4505 3424 4575 quiin
3462 4503 3677 4575 oppidis

385 4584 883 4661 ἀποστελλομένων
934 4598 1304 4667 γραμμάτων,
1334 4605 1428 4655 καὶ
1462 4602 1668 4657 τούτων
1720 4605 1850 4677 παρ’
1887 4605 1977 4658 αὖ·

385 4677 486 4732 τοῦ
518 4680 1074 4756 ἀναγινωσκομένων,
1098 4691 1261 4755 εὐθὺς
1309 4692 1371 4746 τὸ
1423 4696 1734 4765 φρόντισμα
1803 4698 1984 4752 αὐτῶν

386 4767 679 4841 διωρίζετο
694 4774 748 4829 τί
776 4777 877 4846 μὲν
899 4778 1017 4832 δέον
1045 4782 1174 4852 περὶ
1207 4782 1316 4837 τῶν
1340 4784 1399 4850 ἐξ
1442 4785 1732 4857 ’Λνατολῆς
1756 4792 1986 4862 γεγενῆ-

389 4861 547 4929 σθαι,
572 4864 628 4917 τί
658 4866 715 4920 δὲ
751 4871 883 4941 περὶ
911 4872 1022 4926 τῶν
1049 4875 1144 4943 ἀφ’
1191 4876 1484 4949 Ἐσπέρας,
1537 4881 1631 4934 καὶ
1656 4881 1868 4946 τούτοις
1912 4861 1988 4949 ὡς

386 4956 460 5011 τά
484 4956 657 5015 πολλά
682 4960 875 5035 ὥσπερ
907 4969 1110 5038 πτηνὸς
1155 4971 1432 5043 διήρχετο,
1486 4974 1785 5044 πρεσϐείας
1836 4977 1990 5047 δεχό-

391 5066 582 5118 μενος,
622 5054 881 5126 ἀρχουσιν
912 5062 1266 5127 ἐπιστέλλων,
1302 5065 1403 5130 τὰς
1434 5068 1725 5139 προπετῶς
1758 5086 1990 5140 γεγενη-

393 5143 572 5213 μένας
609 5150 918 5216 μεταϐολάς
967 5156 1461 5228 ἐπανορθούμενος.
1507 5158 1564 5211 Ὀ
1617 5160 1781 5223 αὐτὸς
1832 5162 1990 5214 Κων-

390 5238 679 5325 σταντῖνος
705 5240 1021 5316 βουλευτὴς,
1063 5248 1410 5322 φροντιστὴς,
1445 5252 1775 5323 στρατηγὸς,
1803 5254 1989 5325 ’στρα-

389 5324 621 5400 τιώτης,
653 5334 1037 5406 στρατίαρχος,
1069 5338 1291 5409 ἡγεμὼν
1317 5340 1789 5408 ἀνεφαίνετο.ζΚα“ι
1810 5324 1897 5407 τίς
1920 5343 1988 5397 ἂν

392 5416 464 5472 τὰ
488 5421 733 5478 τοιούτου
766 5414 1167 5499 προτερήματα
1205 5430 1413 5497 ἐξείποι
1442 5431 1474 5502 ἧ
1502 5433 1720 5505 (aprica;

469 5600 563 5671 ιη’.
610 5602 733 5673 Χρὴ
760 5606 851 5657 οὖν
880 5611 975 5663 καὶ
1020 5612 1147 5682 περὶ
1179 5612 1273 5665 τοῦ
1307 5605 1659 5684 νοσοκομείου
1709 5613 1803 5666 τοῦ
1840 5612 1987 5666 ὁσίου

395 5692 659 5761 ἔξειπεῖν.
691 5694 925 5769 [P.‘2801
969 5700 1027 5754 't)
1064 5703 1314 5769 βασιλεὺς
1346 5707 1751 5769 Κωνσταντῖνος
1785 5704 1987 5760 θεασά-

394 5805 559 5859 ιυνος
620 5788 755 5844 αὐτὸ
806 5793 1169 5865 σμικρότατον
1239 5799 1547 5871 οἰκοδομαῖς
1620 5798 1990 5871 μακροτάταις

2092 4596 2514 4668 regionibusque
2542 4605 2590 4649 et
2623 4594 2851 4649 urbibus
2876 4596 3231 4664 magistratus
3255 4607 3431 4660 erant,
3459 4595 3591 4665 quin
3624 4604 3686 4648 rt

2092 4687 2333 4755 gentium
2367 4686 2639 4755 principes
2670 4686 2734 4738 ad
2758 4700 2882 4739 cum
2918 4686 3241 4748 scriberent,
3274 4702 3465 4740 eorum
3494 4686 3675 4739 statim

2092 4790 2321 4846 scopum
2354 4775 2719 4840 discernebat,
2748 4775 2877 4845 quid
2909 4775 2975 4829 de
3010 4774 3286 4838 Asiaticis,
3314 4776 3453 4845 qnid'
3474 4777 3538 4831 de
3567 4775 3677 4829 Oe-

2095 4869 2271 4923 ciduis
2294 4868 2641 4922 statuendum
2666 4886 2681 4933 ;
2707 4885 2806 4923 nec
2828 4882 2953 4922 raro
2971 4868 3077 4923 illis
3102 4868 3337 4924 volucris
3373 4868 3427 4923 in
3455 4868 3678 4922 modum

2093 4959 2440 5030 praesentiam
2466 4958 2780 5025 adhibebat,
2814 4960 3116 5030 legationes
3145 4960 3472 5030 suscipiens,
3506 4961 3678 5029 magi-

2094 5052 2360 5111 stratibus
2402 5052 2672 5117 scribens,
2717 5069 3108 5124 perperamque
3137 5070 3209 5108 ac
3232 5063 3435 5108 temere
3469 5062 3678 5108 mutata

2093 5145 2398 5212 corrigens.
2430 5142 2597 5216 “9
2636 5143 2779 5198 Idem
2828 5145 2944 5215 ipse
2972 5138 3368 5201 Genstantinus
3411 5154 3634 5199 senator
3662 5184 3677 5206 ,

2094 5245 2339 5303 curator,
2369 5237 2480 5291 dux
2512 5236 2790 5291 exercitus
2821 5252 2886 5291 ac
2923 5246 3140 5306 praetor,
3184 5236 3361 5300 miles,
3398 5235 3677 5294 tribunus.

2094 5346 2299 5402 przeses
2314 5338 2621 5395 erat,.unus
2645 5330 2887 5384 omnium
2910 5331 3111 5385 muniis
3131 5330 3452 5402 defungens.
3481 5327 3681 5397 Ecquis

2094 5439 2227 5479 vero
2266 5423 2368 5478 viri
2412 5422 2538 5477 talis
2588 5422 2836 5492 tantique
2886 5432 3208 5492 praestantes
3255 5423 3410 5479 dotes
3456 5436 3681 5476 narrare

2099 5516 2345 5586 satisque
2401 5515 2582 5571 verbis
2619 5516 2894 5586 explicare
2935 5530 2999 5571 ac
3037 5517 3340 5572 edisserere
3389 5513 3623 5571 suﬂiciat
3659 5511 3684 5564 ’ί

2173 5610 2261 5665 18.
2303 5609 2474 5679 Igitur
2521 5622 2700 5678 opera:
2733 5610 2966 5677 pretium
3017 5609 3116 5671 sit,
3163 5616 3221 5663 ut
3261 5618 3315 5662 et
3354 5608 3420 5662 de
3460 5606 3681 5674 publico

2098 5702 2250 5757 urbis
2286 5698 2602 5756 nosocomio
2630 5696 2979 5769 (aegrotorum
3017 5699 3226 5753 scilicet
3250 5695 3431 5764 domo)
3467 5708 3679 5749 sermo-

2104 5811 2225 5852 nem
2259 5804 2455 5850 texam.
2491 5791 2693 5847 Vidrns
2737 5793 2917 5861 itaque
2950 5792 3246 5862 imperator
3284 5786 3679 5845 Constantinus
