4136 6420
434 277 546 340 469

1166 276 1314 335 LIB.
1355 274 1452 337 VI.
1487 301 1552 311 -
1592 273 2176 336 CONSTANTINUS
2213 275 2979 340 PORPHYROGENITUS.

3602 289 3707 352 470

427 393 617 464 4.917];
657 390 846 445 ’Λετῗον
886 389 945 456 ἐξ
975 389 1218 461 ἀργύρου
1264 392 1330 461 τῇ
1379 389 1474 443 τοῦ
1512 389 1703 453 ὓδατος
1734 389 2020 461 ἐφίστησιν

2125 387 2450 458 magnificus
2507 391 2760 445 animus?
2822 389 3070 461 Aquilam
3130 406 3355 468 argento
3408 402 3700 458 conflatam

427 484 618 554 αὐλῷ,
671 484 773 536 οὐκ
845 481 1005 552 ὀρθὸν
1060 482 1348 554 βλέποντα,
1379 481 1495 534 ἀλλ’
1558 483 2018 552 ἀπεστραμμένον

426 576 835 644 καταπλάγιον,
882 574 1292 646 ὑψαυχενοῦντα
1329 577 1424 628 καὶ
1475 574 1908 645 σοϐαρευὸμενον
1943 575 2018 637 ὡς

429 671 536 724 ἀπό
579 686 728 732 τινος
783 669 979 740 θήρας,
1013 670 1136 739 ὄφιν
1167 668 1223 722 δὲ
1269 670 1384 731 τοῖς
1417 668 1544 721 ποσὶ
1599 666 2020 738 περιειληθέντα

430 764 519 816 καὶ
551 759 840 830 πνίγοντα.
879 761 990 814 Καὶ
1036 760 1442 831 μουσοστίκτων
1485 759 1709 814 εἰκόνων
1753 760 2019 829 ἐντέχνων

427 855 538 907 τῶν
569 854 636 906 ὲκ
660 853 973 924 χρωμάτων
1003 852 1146 906 ὑλῶν
1194 854 1288 906 καὶ
1339 852 1562 924 μορφῶν
1588 852 1647 909 τὸ
1675 852 1932 921 διάφορον
1961 854 2020 905 ἐν

426 948 544 1010 τοῖς
574 944 941 1018 προπυλαίοις
998 944 1094 998 τοῦ
1133 943 1414 1016 βασιλικοῦ
1447 945 1704 1009 κοιτῶνος
1740 945 2014 1015 ἐδείματο.

498 1137 606 1186 κε’.
657 1128 800 1182 Ἀλλ’
823 1128 948 1181 οὐδὲ
988 1127 1298 1197 ναυπηγίας
1335 1127 1562 1198 ἄπειρος
1594 1122 1662 1200 ἧν
1690 1129 1716 1181 ὁ
1743 1130 2018 1200 αὐτοκρὰ-

424 1240 575 1293 τωρ·
626 1220 914 1292 διωρίζετο
954 1221 1062 1291 γὰρ
1107 1219 1420 1290 πολεμικῶν
1461 1219 1599 1274 νεῶν
1647 1221 2015 1292 κατασκευὴν,

422 1313 524 1366 καὶ
551 1305 635 1376 οἷς
669 1310 850 1376 ξύλοις
883 1311 1147 1381 ἁρμόζειν
1180 1310 1274 1362 καὶ
1299 1308 1536 1374 κλείσεις
1580 1309 1760 1364 αὐτῶν
1803 1310 1898 1363 καὶ
1924 1311 2020 1381 ἀρα

423 1406 653 1477 μονίας,
688 1406 783 1460 καὶ
813 1407 965 1470 ὅπως
1004 1405 1141 1476 πρὸς
1174 1403 1382 1475 ἄλληλα
1407 1403 1612 1474 ἔχουσι.

495 1593 618 1653 κς’.
651 1585 785 1657 Περὶ⁹
820 1586 876 1638 δὲ
906 1584 1014 1638 τῶν
1050 1583 1332 1638 παλατίων
1370 1583 1479 1638 τῶν
1508 1583 1671 1656 ’Πρία
1699 1584 2018 1654 ἀναλογίζο-

420 1699 528 1747 μαι
563 1683 633 1750 τῇ
665 1679 874 1746 διανοίᾳ
905 1679 1111 1742 ὁποίοις
1148 1679 1176 1731 ὁ
1206 1663 1730 1748 Πορφυρογέννητος
1764 1678 2019 1748 ἐδείματο

419 1778 578 1845 ἡδέσι
617 1776 715 1830 καὶ
742 1777 1018 1846 τερπνοῖς,
1068 1774 1334 1846 πρότερον
1378 1772 1543 1829 οὖσαν
1584 1776 1697 1836 τοῖς
1733 1774 2016 1844 Χαλκηδοο

421 1868 562 1931 ⁴δίοις
602 1868 682 1927 είς
714 1867 916 1936 ταφήν.
949 1865 1064 1920 Νῦν
1117 1864 1175 1920 δὲ
1218 1865 1477 1935 τέτρασιν
1527 1864 1711 1934 ἁψῖσιν
1748 1865 2016 1935 ἐπιϐεϐη-

429 1963 580 2022 κυῖα,
598 1960 695 2012 καὶ
723 1959 820 2021 τὰς
847 1958 1054 2018 τούτων
1080 1957 1282 2028 γωνίας
1312 1958 1508 2030 ἐτέρας
1534 1957 1819 2028 βασιλικὰς
1839 1958 2016 2022 οἰκίας

441 2050 810 2115 ἀποτελοῦσα,
835 2052 959 2114 ταῖς
989 2051 1097 2104 τῶν
1128 2050 1358 2122 θερινῶν
1405 2051 1622 2121 ἀνέμων
1645 2052 1740 2105 καὶ
1772 2053 2019 2123 πνευμά-

446 2159 555 2194 των
586 2141 911 2212 περικυκλου
922 2143 1102 2213 μένων
1131 2143 1349 2206 πνοιαῖς
1372 2180 1387 2204 ,
1414 2143 1514 2196 οὐκ
1548 2142 1696 2196 ἔστιν
1735 2145 1909 2197 εἰπεῖν
1936 2146 2018 2209 είς

440 2235 614 2305 πόσην
655 2234 926 2306 θυμηδίαν
987 2235 1082 2289 καὶ
1131 2233 1311 2308 χαρὰν
1369 2235 1632 2307 ἐμϐάλλει
1683 2237 1773 2290 τὸν
1836 2237 2018 2292 ἐκεῖσε

426 2327 885 2400 ἀναπαυόμενον,

503 2509 614 2573 xC’.
644 2509 707 2562 Τί
737 2509 800 2562 ἂν
828 2510 974 2563 εἴποι
1018 2527 1102 2573 τ-ις
1140 2512 1268 2580 περὶ
1299 2510 1404 2563 τῶν
1451 2512 1510 2564 ἐν
1543 2513 1714 2584 ἑτέρῳ
1742 2515 1894 2584 τόπῳ
1921 2516 2019 2587 τῆς

421 2601 542 2652 τῶν
581 2599 870 2670 βασιλίδων
891 2601 1218 2672 οίκοδομῆςς
1240 2604 1348 2656 Καὶ
1375 2603 1550 2659 ταῦτα
1575 2605 1684 2677 γὰρ
1708 2607 2017 2678 τῆςἭρίας

423 2692 528 2746 τοῦ
559 2696 841 2765 σχήματος
873 2695 968 2748 καὶ
1008 2696 1108 2766 τῆς
1160 2696 1482 2764 φιλοκαλίας
1511 2697 1588 2768 τῷ
1620 2699 2017 2770 ὑπερϐάλλοντι

423 2785 530 2836 καὶ
572 2785 958 2839 ἀποστίλϐοντι
998 2786 1089 2839 καὶ
1125 2787 1223 2856 τῆς
1269 2789 1333 2842 ὲκ
1363 2789 1457 2842 τοῦ
1502 2789 1732 2859 ἐδάφους
1772 2792 2018 2862 τέρψεως

425 2875 826 2946 ἀναδιδομένης
874 2877 1111 2950 εὐωδίᾳ,
1157 2879 1246 2933 διὰ
1285 2880 1346 2932 τὸ
1396 2882 1790 2950 ὲπανορθοῦν⁹⁸
1838 2885 2018 2939 αὐτῶν

426 2967 658 3034 κάλλος,
690 2969 785 3024 καὶ
817 2969 960 3023 κατὰ
991 2970 1130 3023 πολὺ
1173 2971 1500 3043 διαφέροντα
1537 2973 1644 3027 καὶΔ
1686 2975 2022 3047 ὑπερκείμε-

2048 1736 2096 1796 Β

2121 497 2277 552 aqua:
2312 480 2511 536 fistula:
2552 481 2804 550 imponit,
2832 498 2940 538 non
2986 496 3127 540 recta
3178 489 3558 560 aspicientem,
3609 496 3702 550 sed

2121 589 2315 629 averso
2348 574 2500 628 vultu
2529 574 2752 644 oblique
2802 584 2985 632 erecto
3034 579 3200 645 collo,
3255 595 3320 636 ac
3371 585 3517 640 velut
3548 596 3705 657 capta

2121 667 2302 735 praeda
2358 665 2713 721 ferocientem
2771 669 3112 738 pedibusque
3156 684 3466 744 serpentem
3533 679 3705 734 intor-

2120 768 2378 830 quentem
2435 776 2498 816 ac
2551 761 2935 817 suffocantem.
2993 761 3098 819 Sed
3153 775 3208 821 et
3261 769 3478 825 musivo
3516 787 3702 841 opere,

2122 861 2237 904 arte
2290 850 2558 906 factarum
2613 855 2916 925 imaginum
2954 861 3316 926 comportatis
3365 863 3613 919 materiis
3651 873 3705 918 et

2121 943 2422 1009 coloribus,
2455 947 2667 1000 varium
2694 957 3050 1017 conspectum
3080 966 3182 1021 pro
3212 952 3511 1022 imperialis
3551 957 3706 1012 cubi-

2120 1033 2228 1089 culi
2259 1035 2529 1090 vestibulo
2553 1036 2695 1092 idem
2721 1040 3051 1096 construxit.

2189 1127 2281 1181 25.
2320 1128 2389 1181 At
2438 1145 2618 1198 neque
2676 1132 2897 1186 navium
2935 1131 3167 1188 εἴπω-ἱροὶ
3193 1133 3496 1207 imperator
3545 1141 3702 1195 rudis

2120 1233 2257 1280 erat.
2287 1222 2622 1295 Designabat
2654 1222 2800 1278 enim
2832 1240 2942 1294 quo
2968 1235 3126 1296 pacto
3159 1227 3372 1283 bellieze
3403 1245 3575 1287 naves
3615 1249 3706 1286 cs.-

2120 1325 2242 1370 sent
2297 1315 2705 1376 construendze,
2758 1316 2961 1384 quibus
3003 1334 3066 1371 ex
3124 1318 3290 1387 lignis
3339 1336 3526 1376 earum
3592 1331 3705 1377 tum

2119 1407 2356 1463 claustra
2408 1407 2786 1476 componenda
2824 1416 2936 1462 tum
2968 1410 3370 1478 commissurae,
3428 1429 3494 1468 ac
3539 1431 3704 1482 quam

2121 1499 2208 1553 illa
2240 1499 2384 1552 inter
2414 1514 2472 1554 se
2503 1497 2914 1568 proportionem
2947 1499 3329 1570 rationemque
3362 1501 3618 1556 habeant.

2191 1588 2281 1644 26.
2323 1587 2403 1643 Ad
2434 1587 2572 1642 Erize
2601 1588 2800 1658 palatia
2841 1589 2988 1658 quod
3019 1585 3254 1660 spectat,
3307 1602 3489 1647 mente
3519 1594 3705 1664 cogito

2122 1697 2284 1751 quam
2309 1681 2376 1735 ad
2408 1681 2634 1736 delicias
2659 1681 3014 1754 jummdoque
3037 1694 3257 1754 aspectu
3289 1703 3318 1742 a
3341 1687 3707 1744 Constantino

2123 1773 2180 1828 in
2209 1770 2492 1843 Porphyra
2526 1782 2656 1828 nato
2680 1785 2961 1829 exstructa
2995 1791 3058 1830 ac
3094 1777 3414 1835 fabrefacta.
3457 1780 3616 1835 Prius
3646 1781 3703 1836 in

2122 1863 2432 1933 sepulcrum
2463 1863 2827 1921 Chalcedonis
2855 1867 3070 1922 civibus
3102 1869 3328 1924 cedebat
3358 1870 3520 1938 Eria;
3559 1887 3706 1928 nunc

2122 1971 2254 2012 vero
2275 1956 2618 2027 quadruplici
2652 1957 2782 2012 nixa
2807 1959 3017 2028 apside,
3052 1959 3246 2015 barum
3271 1963 3501 2032 angulos
3533 1979 3706 2018 novas

2121 2051 2317 2108 domos
2356 2051 2535 2122 regias
2589 2052 2957 2118 constituens,
2991 2054 3099 2109 dici
3135 2071 3241 2110 non
3282 2066 3460 2128 potest
3488 2057 3706 2112 aestivo-

2121 2158 2244 2198 rum
2277 2154 2566 2198 ventorum
2596 2143 3033 2216 circumquaque
3060 2146 3305 2202 nantium
3360 2147 3703 2220 benigniorir-

2123 2235 2225 2292 bus
2260 2235 2424 2308 452
2460 2236 2611 2291 auris
2644 2249 2853 2306 quanta
2902 2237 3250 2307 iucunditate
3311 2256 3374 2296 ac
3431 2242 3707 2310 voluptate

2123 2328 2364 2398 quietem
2428 2329 2500 2383 ibi
2545 2330 2887 2399 captantium
2944 2345 3009 2385 ac
3069 2331 3433 2388 reficientium
3489 2333 3710 2388 animos

2122 2419 2342 2474 alliciat.

2190 2510 2282 2566 27.
2325 2509 2596 2577 Quidnam
2624 2511 2750 2582 quis
2784 2512 2931 2568 dicat
2956 2512 3035 2568 det-
3056 2515 3334 2586 regiarum
3371 2517 3568 2570 aedium
3598 2519 3716 2571 aiio

2120 2603 2244 2658 loco
2313 2603 2633 2658 structura?
2688 2600 2824 2657 Nam
2877 2605 2960 2660 ba:
3013 2620 3234 2676 quoque
3277 2607 3462 2662 Eriam
3523 2610 3715 2677 figurae

2121 2696 2419 2766 cultusque
2459 2704 2513 2750 et
2545 2703 2842 2752 structura:
2893 2697 3220 2752 excellentia
3278 2708 3444 2770 atque
3505 2702 3705 2761 nitore.

2122 2803 2223 2843 nec
2257 2802 2364 2841 non
2423 2801 2484 2842 se
2539 2786 2608 2841 ab
2655 2787 2768 2842 imo
2809 2789 2929 2842 solo
2954 2787 3313 2845 diﬂ‘undentis
3344 2792 3708 2861 jucunditatis

2123 2877 2448 2947 fragrantia,
2503 2877 2785 2933 efllorente
2831 2878 2886 2932 in
2938 2880 3022 2935 eis
3061 2881 3278 2948 decore,
3326 2883 3486 2954 longe
3539 2887 3704 2940 etiam

2121 2979 2384 3042 superant
2439 2970 2904 3040 prmcelluntque;
2953 2970 3260 3038 cuiusmodi
3318 2975 3706 3044 Aposmlurum

425 3079 546 3127 νον,
603 3054 718 3125 οἷος
759 3063 788 3114 ὁ
837 3062 948 3117 τῶν
986 3063 1327 3117 Ἀποστόλων
1379 3065 1610 3137 πλησίον
1664 3069 2018 3139 νεουργηθεὶς

2125 3063 2270 3118 baud
2298 3061 2488 3131 procul
2512 3076 2666 3116 novae
2698 3061 2922 3117 fabrica:
2947 3063 3233 3134 templum,
3257 3065 3547 3135 pulchrum
3572 3082 3707 3121 sane

424 3153 585 3219 ναὸς,
598 3152 764 3217 καλὸς
783 3153 883 3225 μὲν
905 3154 1052 3220 ἰδεῖν,
1074 3155 1276 3226 ὡραῖος
1301 3157 1358 3210 δὲ
1383 3157 1680 3228 θαυμάσαι.
1703 3159 1792 3233 [Ρζ
1807 3160 1935 3233 282]
1955 3161 2016 3215 El

423 3249 545 3320 γὰρ
575 3249 673 3302 καὶ
699 3247 792 3302 τοῦ
827 3248 1092 3319 μεγέθους
1115 3249 1214 3320 τῆς
1251 3250 1614 3322 παλαιότητος
1641 3252 1851 3320 ἀποδεῖ,
1881 3255 2018 3310 ἀλλά

424 3360 496 3412 γε
521 3342 628 3410 τῆς
653 3340 800 3395 ἔνδον
834 3341 1193 3413 φαιδρότητος
1225 3343 1415 3414 πόρρω
1443 3343 1775 3413 καθέστηκε.
1809 3346 1875 3398 Τί
1905 3345 1962 3399 δὲ
1991 3348 2020 3400 ὁ

428 3432 631 3494 πιστὸς
675 3429 928 3502 βασιλεύς
951 3433 1300 3503 ;“Πατρίκιον
1338 3433 1430 3486 τὸν
1463 3433 1714 3488 Βελωνᾶν
1741 3435 2019 3507 Θεόδωρον

425 3524 510 3587 ὼς
549 3522 817 3594 συνεργὸν
847 3521 940 3575 τοῦ
967 3523 1224 3596 λαμπροῦ
1259 3524 1354 3577 καὶ
1379 3525 1857 3595 κατηγλαῖσμένου
1887 3529 2019 3584 ναοῦ

425 3615 719 3686 εποίησεν.

507 3792 619 3864 κη’.
640 3792 763 3847 Τῶν
794 3793 852 3848 δὲ
891 3793 1054 3866 ἱερῶν
1082 3795 1182 3849 καὶ
1209 3794 1432 3848 πέπλων
1464 3787 1538 3858 ὧν
1570 3796 1832 3865 παρεῖχεν
1857 3797 1936 3858 εἰς
1963 3795 2022 3848 τὸ

455 3884 622 3936 mea»
671 3885 988 3955 ἱλαστήριον
1030 3885 1090 3938 τὸ
1141 3885 1284 3956 μέγα
1335 3885 1428 3940 καὶ
1477 3885 1904 3954 πανθαύμαστον
1937 3886 2020 3949 τίς

456 3973 681 4043 sistam;
727 3976 955 4040 Ὁσάκις
991 3977 1243 4045 ἀφίκετο,
1285 3977 1386 4030 οὐκ
1413 3977 1590 4042 ἔδοξεν
1622 3976 1864 4029 ὲναντίον
1885 3977 2020 4030 Θεοῦ

447 4065 669 4138 ὀφθῆναι
707 4060 883 4136 κενὸς,
904 4069 1017 4122 ἀλλ’
1055 4071 1376 4140 ἀναθήμασι
1409 4069 1666 4140 μεγάλοις
1701 4069 1795 4122 καὶ
1826 4087 2024 4140 χρυσο-

440 4158 689 4224 τεύκτοις
719 4160 816 4215 καὶ
849 4159 1222 4234 μαργαρίταις
1259 4160 1352 4214 κοιλ¹
1382 4160 1552 4223 λίθοις
1575 4160 1669 4213 καὶ
1705 4159 2024 4228 ὑφάσμασιν

433 4251 710 4317 ἐδεξιοῦτο
733 4252 827 4308 καὶ
854 4253 1216 4324 ἀντημείϐετο
1233 4269 1246 4284 ·
1272 4252 1307 4306 ἃ
1329 4252 1425 4306 καὶ
1447 4253 1515 4305 τὰ
1540 4252 1648 4305 τῶν
1669 4252 1839 4320 ἁγίων
1858 4253 2026 4320 ’Ἅγια

432 4345 852 4415 κατακοσμοῦσι
879 4346 973 4398 καὶ
1001 4344 1432 4415 καταγλαΐζουσι
1469 4345 1559 4399 καὶ
1587 4343 1665 4415 τῷ
1692 4361 2018 4416 προσενηνο-

432 4436 560 4506 χότι
587 4435 989 4507 Κωνσταντίνῳ
1018 4435 1376 4508 κηρύττεται.

2122 3162 2372 3222 aspectu,
2405 3166 2472 3206 ac
2501 3151 2649 3222 quod
2682 3152 3048 3208 admiratione
3108 3168 3206 3222 pro
3240 3169 3306 3208 eo
3336 3169 3445 3224 quo
3483 3165 3710 3224 pra-stat

2120 3246 2318 3302 decore
2372 3244 2571 3301 merito
2632 3245 2920 3298 habeatur.
2977 3245 3303 3320 Quanquam
3352 3246 3500 3300 enim
3549 3247 3710 3302 molis

2122 3337 2432 3406 granditate
2484 3351 2514 3392 a
2574 3337 2746 3391 veteri
2781 3335 2896 3391 :ede
2927 3336 3163 3402 deficiat,
3213 3337 3493 3392 interioris
3530 3347 3716 3391 tamen

2123 3431 2362 3486 ambitus
2422 3430 2719 3500 splendore
2759 3437 2925 3500 atque
2972 3438 3171 3484 ornatu
3211 3431 3369 3498 longe
3428 3430 3708 3498 prmecllit.

2123 3521 2262 3592 Quid
2299 3537 2434 3578 vero
2463 3523 2640 3579 fidelis
2665 3522 3007 3594 imperator?
3035 3521 3386 3576 Theodorum
3425 3521 3710 3586 Betonam,

2125 3615 2270 3684 quod
2300 3616 2679 3687 pmelegantis
2699 3631 2760 3670 ac
2780 3613 3173 3686 prmmagnilici
3203 3613 3384 3683 templi
3419 3622 3713 3668 structura:

2128 3707 2204 3761 illi
2234 3707 2455 3778 adjutor
2481 3710 2791 3772 exstiterat,
2828 3707 3045 3777 patricii
3077 3707 3346 3777 dignitate
3379 3706 3624 3760 ornavit.

2195 3797 2287 3851 28.
2314 3795 2516 3851 Sacras
2545 3805 2723 3851 vestes
2755 3803 2809 3850 et
2832 3795 3100 3865 stragula,
3136 3803 3342 3864 quanta
3377 3794 3430 3847 in
3464 3809 3712 3848 commu-

2127 3888 2214 3942 nis
2253 3888 2618 3958 propitiatorii
2639 3889 2846 3960 (magni
2880 3889 3028 3944 illius
3059 3902 3400 3958 prorsusque
3422 3886 3714 3942 mirabilis)

2127 3988 2387 4033 ornatum
2421 3987 2475 4032 et
2504 3981 2717 4034 cultum
2753 3980 3014 4044 contulit,
3039 3980 3167 4049 quis
3197 3994 3462 4035 enarrare
3495 3976 3716 4049 possit?

2128 4069 2578 4140 Quotiescunque
2637 4071 2782 4125 enim
2862 4088 2928 4126 eo
2991 4071 3183 4138 pedem
3243 4069 3508 4131 inferret,
3571 4068 3716 4122 haud

2131 4162 2582 4217 committendmn
2615 4161 2843 4231 putabat
2870 4169 2928 4214 ut
2953 4162 3516 4216 coramDeovacuus
3545 4174 3716 4228 appa-
3796 4203 3798 4205 ,

2131 4261 2295 4313 reret.
2347 4252 2440 4307 sed
2494 4261 2556 4307 ut
2591 4251 2803 4322 magnis
2850 4252 3099 4307 donariis
3153 4251 3508 4320 vestibusque
3557 4267 3717 4316 auro,

2132 4343 2446 4414 margaritis
2507 4343 2846 4415 reliquisque
2910 4343 3112 4413 lapillis
3173 4342 3450 4397 contextis
3506 4339 3716 4393 Numen

2057 4421 2108 4479 D
2135 4437 2404 4493 demereri
2439 4439 2597 4510 eique
2627 4438 2803 4492 vicem
2839 4435 3070 4491 reddere
3107 4435 3374 4491 studeret.
3412 4433 3605 4488 Vestes
3637 4433 3718 4485 lia-

433 4547 508 4588 ac
530 4535 778 4606 stragula
808 4534 1107 4590 etiamnum
1143 4534 1344 4589 Sancta
1374 4544 1691 4590 sanctormn
1742 4535 2037 4604 magnifice
2069 4543 2272 4590 ornant
2315 4535 2692 4605 eximiumque
2753 4533 2878 4588 loco
2927 4532 3183 4588 decorem
3254 4531 3578 4595 conciliant,
3657 4541 3722 4581 ac

433 4627 892 4693 Constantinum,
927 4644 1033 4700 qua
1082 4627 1484 4699 magniﬁcentia
1529 4643 1592 4682 ea
1624 4629 1841 4693 obtulit,
1878 4629 2193 4698 praedicant.

516 4717 624 4777 κθ¹.
662 4721 770 4776 Τοῦ
800 4721 860 4776 δὲ
895 4720 1186 4792 πατρικίου
1218 4719 1503 4776 Βασιλείου
1545 4719 1894 4790 Ἐξαμιλίτου
1935 4720 2032 4774 καὶ

441 4813 763 4886 στρατηγοῦ
789 4814 900 4869 τῶν
932 4813 1337 4886 Κιϐυραιωτῶν
1368 4813 1636 4879 ταξείδιον
1681 4814 1788 4885 χρὴ
1840 4813 2033 4884 διηγή-

439 4907 667 4964 σασθαι.
709 4901 880 4972 Οὗτος
911 4907 942 4960 ὸ
967 4907 1259 4978 πατρίκιος
1292 4905 1575 4969 Βασίλειος
1621 4906 1924 4978 στρατηγὸς
1956 4904 2032 4959 ῶν

438 5001 559 5057 τῶν
588 5003 1010 5076 Κιὸυραιωτῶν,
1047 5003 1167 5064 νέος
1193 5000 1274 5073 τῷ
1300 5001 1538 5072 σώματι,
1585 5000 1768 5062 πολιὸς
1798 5003 1862 5069 τῇ
1901 5017 2034 5070 φρο-

439 5097 602 5168 νήσει
650 5095 746 5150 καὶ
780 5094 955 5168 μείζω
986 5094 1086 5166 τῆς
1135 5093 1354 5165 ἡλικίας
1403 5093 1515 5162 τὴν,
1555 5091 1918 5161 πολυπειρίαν
1949 5092 2034 5143 ὲν-

438 5185 834 5259 δεικνύμενος,
909 5186 1226 5258 πολεμικῶν
1303 5185 1586 5257 καραϐίων
1645 5184 1754 5239 ἀπὸ
1815 5183 2033 5255 Ταρσοῦ

439 5281 863 5352 ὲξωρμημένων
887 5281 986 5335 καὶ
1022 5281 1343 5352 Ἀγαρηνῶν
1369 5281 1428 5334 δην
1454 5280 1637 5343 αὐτοῖς
1679 5279 1848 5332 ὅντων
1878 5295 2036 5348 περι-

442 5373 660 5442 φανῶν,
696 5374 887 5446 ἐπειδὴ
930 5373 1128 5438 αὐτοὺς
1173 5375 1202 5428 ὁ
1255 5372 1562 5445 στρατηγὸς
1591 5370 1739 5442 ἑώρα
1765 5371 1904 5441 πρὸς
1936 5370 2037 5433 τὰς

460 5465 789 5536 Ῥωμαϊκὰς
815 5467 1004 5539 χώρας
1034 5467 1500 5538 προσϐάλλοντας,
1531 5464 1916 5534 λογιζομένους
1961 5463 2037 5526 ὡς

445 5557 675 5612 νοσσιὰν
726 5557 1044 5628 περιλαϐεῖν
1090 5557 1285 5624 αὑτὰς,
1319 5559 1346 5613 ὁ
1393 5556 1700 5629 στρατηγὸς
1736 5553 1834 5618 τὰς
1865 5553 2039 5617 οὕτως

2205 4720 2296 4775 29.
2340 4719 2526 4776 Basilii
2557 4716 2912 4774 llexameliun
2942 4715 3154 4785 patricii
3184 4731 3247 4769 ac
3283 4716 3717 4784 (libyrmolaium

2136 4813 2293 4868 ducis
2319 4811 2596 4883 expeditio
2631 4809 2906 4870 narranda
2938 4818 3041 4865 est.
3077 4807 3316 4863 Basilius
3339 4807 3427 4862 hic
3457 4805 3723 4876 patricius

2135 4906 2568 4976 Cibyrzeotarum
2604 4904 2711 4958 dux
2758 4919 2882 4958 cum
2947 4910 3114 4964 esset,
3143 4899 3228 4953 \‘ir
3255 4898 3416 4971 453
3446 4904 3606 4973 aetate
3627 4897 3721 4966 ju-

2135 4998 2310 5062 venis,
2349 5005 2404 5051 at
2435 5012 2614 5052 sensu.
2635 5011 2811 5051 canus
2868 4994 3242 5064 majoremque
3273 5003 3440 5060 quam
3475 5005 3575 5059 pro
3618 5003 3720 5042 an-

2141 5106 2340 5146 norum
2404 5089 2620 5145 ratione
2669 5087 3070 5158 expcrientiam
3121 5083 3396 5156 prodens,
3451 5087 3722 5136 armatam

2141 5185 2375 5240 classem
2405 5181 2581 5237 Tarso
2623 5179 2924 5253 profectam
2958 5180 3124 5249 inque
3158 5192 3223 5232 ea
3260 5175 3532 5230 illustrem
3565 5172 3726 5242 plani:

2140 5277 2518 5347 Agarenorum
2555 5275 2877 5330 militantem
2903 5287 3125 5328 manum
3152 5267 3419 5326 Romanis
3445 5265 3726 5322 littoribus

2141 5369 2369 5438 orisque
2402 5369 2766 5439 applicanlem
2797 5367 3012 5428 videns,
3031 5363 3188 5436 quasi
3213 5361 3473 5418 Romana:
3501 5357 3728 5413 ditionis

2145 5459 2290 5515 baud
2325 5476 2486 5517 secus
2516 5476 2580 5516 ac
2615 5459 2727 5515 nidi
2762 5458 3034 5532 potituros
3095 5471 3153 5511 se
3179 5455 3255 5510 illi
3304 5453 3724 5510 arbitrarentur,

2143 5552 2423 5625 subiectas
2458 5553 2560 5624 ipsi
2592 5568 2761 5610 naves
2798 5561 2963 5607 tanta:
3013 5547 3252 5606 hostium
3289 5545 3453 5603 classi
3479 5540 3723 5616 opponit.

1750 5649 1984 5705 VARIA'I
2025 5643 2434 5707 LECTIONES.

526 5747 572 5777 "
608 5743 710 5812 leg.
747 5744 1036 5802 ἐπανθοῦν.
1061 5744 1309 5800 Comhef.
