4136 6430
472 323 574 388 491

1596 308 2104 374 THEOPHANES
2139 308 2413 372 CONTIN
2425 311 2697 376 UATUS.

3636 311 3745 377 492

547 445 600 499 5.
644 440 916 507 Quidnam
960 448 1092 488 vero
1122 433 1245 503 quis
1274 431 1421 487 dicat
1460 431 1527 485 de
1555 427 1901 499 imperatoris
1927 424 2051 479 dili-

2230 423 2289 476 s'.
2326 425 2391 477 Τί
2433 425 2488 476 δὲ
2534 423 2600 477 ἂν
2644 424 2774 497 εἴπῃ
2803 441 2887 488 τις
2920 426 3049 494 περὶ
3084 427 3182 495 τῆς
3215 425 3436 488 ἀοκνίας
3462 426 3555 477 καὶ
3582 424 3743 478 εὐθύ·

477 533 657 600 [jeutia
685 530 927 597 rectique
946 522 1130 580 studio
1153 533 1208 577 et
1229 520 1554 576 fortitudine
1577 520 1827 581 bonaque
1848 512 2060 569 indole?

480 624 599 681 Uno
624 623 710 677 die
734 634 856 675 cum
888 619 942 671 in
971 617 1120 671 circo
1140 613 1396 673 sedisset.
1431 619 1630 665 etcum
1654 617 1842 663 senatu
1867 607 2057 676 epula-

480 731 567 769 ttts
586 722 753 779 esset,
784 725 846 765 ac
866 708 1130 781 pecunias
1148 706 1413 777 elargitus
1441 709 1610 765 esset,
1638 700 1850 769 subque
1873 712 2061 766 veSpe-

482 821 594 859 ram
623 803 678 857 in
699 797 1074 872 sphaeristerio
1104 810 1229 850 cum
1255 792 1448 865 peritis
1470 793 1689 861 pilaque
1711 788 1957 859 probatis
1979 787 2061 839 lu-

480 898 666 959 sisset,
701 907 801 946 nec
822 888 987 945 semel
1018 895 1112 941 aut
1145 886 1341 940 iterum
1377 885 1552 936 victor
1579 880 1803 941 exisset,
1829 879 1895 931 ad
1916 877 2062 929 Ano-

480 998 630 1042 ratas
663 992 920 1054 superato
955 981 1094 1034 freto
1127 977 1416 1039 transibat,
1452 972 1739 1043 captisque
1765 969 1834 1023 ibi
1862 977 2062 1038 qatuor

482 1075 815 1148 praegrandis
838 1072 998 1127 molis
1018 1068 1189 1139 apris,
1208 1081 1272 1120 ac
1287 1064 1574 1119 venatione
1599 1061 1840 1120 functus,
1860 1071 1987 1111 sero
2006 1057 2059 1108 in

484 1147 687 1234 regiam
736 1164 933 1215 iteruut
982 1158 1345 1211 commeabat.
1400 1152 1528 1207 Erat
1549 1151 1694 1207 enim
1728 1147 2062 1215 atatejttt'e-

485 1258 591 1321 nis,
616 1262 806 1324 vegeto
832 1264 1065 1319 corpore
1110 1262 1177 1301 ac
1219 1245 1557 1305 luxuriante,
1591 1240 1790 1295 triticei
1830 1239 2059 1303 coloris,

485 1347 730 1418 pulchris
752 1341 951 1403 oculis,
978 1353 1117 1393 naso
1155 1337 1392 1398 adunco,
1434 1346 1595 1387 roseo
1645 1331 1822 1398 vultu,
1852 1333 2057 1400 gratio-

485 1453 582 1493 sus
608 1434 770 1507 #73
807 1447 870 1486 ac
903 1428 1092 1486 suavis
1129 1427 1370 1497 eloquio,
1405 1433 1616 1480 statura
1678 1431 1865 1477 rectus
1895 1419 2058 1490 quasi

484 1542 801 1601 cypressus,
826 1524 951 1579 latis
987 1521 1256 1584 humeris,
1297 1518 1520 1589 quietus
1562 1533 1625 1571 ac
1660 1514 1818 1577 leuis.
1854 1527 1911 1566 ut
1939 1530 2061 1567 om-

486 1637 586 1677 nes
638 1619 1046 1674 admirarentur
1097 1628 1162 1668 ac
1205 1621 1389 1666 tantas
1416 1610 1518 1664 viri
1563 1608 1717 1664 detes
1754 1614 2058 1675 stuperent.

484 1710 984 1783 Cougratulahatur
1005 1705 1203 1760 civitas
1225 1703 1345 1774 ejus
1372 1704 1571 1772 gratia,
1604 1709 1661 1755 ut
1706 1699 1792 1753 cui
1829 1698 1966 1752 bene
1999 1710 2062 1749 ac

486 1816 749 1873 prospere
774 1798 991 1853 cederet
1009 1796 1368 1866 gentiumque
1390 1791 1567 1845 victor
1579 1790 1866 1845 exsisteret
1885 1806 1901 1856 ;
1919 1786 2062 1857 quod

486 1892 727 1961 denique
749 1889 1014 1960 Byzantio
1039 1885 1297 1953 copiosas
1323 1896 1577 1937 annonas
1604 1879 1904 1943 sulliceret,
1924 1894 2065 1948 pra:-

489 1996 684 2055 stoque
702 1980 947 2040 solandae
966 1980 1166 2035 civium
1189 1977 1503 2048 indigentia:
1522 1974 1677 2031 cibos
1699 1973 2061 2027 ministraret.

558 2081 614 2132 ti.
654 2075 909 2145 Suscepit
942 2070 1228 2127 Romanus
1283 2070 1605 2141 imperator,
1633 2067 1729 2122 ubi
1760 2067 1874 2137 jam
1913 2077 2068 2136 pater

488 2170 627 2223 vivis
680 2171 1023 2229 excesserat,
1083 2162 1253 2217 aliuut
1318 2160 1512 2226 lilium,
1574 2158 1662 2213 cui
1717 2156 2066 2212 Constantini

492 2274 691 2315 nomen
718 2258 975 2312 inditum.
1002 2254 1052 2309 is
1069 2253 1218 2310 brevi
1243 2261 1417 2323 posta
1439 2250 1739 2322 Polyeucto
1758 2248 2068 2318 patriarcha

489 2356 544 2409 in
569 2352 628 2409 S.
655 2350 878 2422 Sophia:
898 2350 1134 2403 amboue
1164 2345 1448 2414 Augustali
1472 2358 1674 2397 corona
1699 2342 1936 2396 donatus
1959 2348 2065 2393 est.

492 2450 693 2503 llelena
716 2447 959 2515 Angusta
991 2442 1045 2496 in
1065 2439 1265 2511 palatio
1296 2438 1438 2492 lecto
1460 2435 1818 2500 decumbens,
1850 2433 2069 2502 liliaque

491 2535 812 2610 imperatori
874 2530 1227 2603 congaudens
1276 2543 1338 2582 ac
1378 2527 1472 2581 diu
1504 2527 1694 2581 morbo
1731 2523 2067 2589 conﬂictata,

495 2633 702 2689 mensis
727 2628 1062 2698 Septembris
1089 2625 1178 2679 die
1208 2624 1420 2679 decimo
1445 2637 1589 2676 nono
1620 2620 1708 2690 pie
1737 2619 1881 2674 diem
1908 2619 2068 2674 obiit.

498 2726 673 2796 ilujus
708 2722 874 2775 [unus
927 2718 1206 2772 Romanus
1254 2715 1551 2784 imperator
1591 2712 1744 2781 regio
1776 2727 1925 2764 more
1955 2710 2070 2765 ela-

497 2827 636 2879 tum,
686 2813 850 2880 iuqtte
890 2822 1027 2861 auro
1048 2807 1218 2860 oblita
1285 2803 1569 2871 sandapila
1617 2800 1956 2872 geminisque
2006 2816 2071 2854 ac

497 2906 697 2975 lapillis
740 2898 1089 2955 interstincta
1117 2896 1376 2965 positum,
1403 2901 1598 2948 senatu
1654 2890 1985 2950 deducente.
2014 2889 2068 2943 in

496 2995 835 3052 monasterio
899 3007 927 3045 a
980 3000 1132 3060 patre
1187 2987 1361 3056 ipsius
1432 2984 1682 3040 Romano
1738 2984 2071 3054 imperatore

2160 536 2320 587 τητος
2356 521 2447 573 καὶ
2493 518 2860 591 ἀνδραγαθίας
2907 519 3133 589 ἀνδρίας
3166 535 3223 569 τε
3268 518 3362 569 καὶ
3404 516 3744 584 ἀγαθότητος

2160 612 2251 665 τοῦ
2282 612 2553 677 ἄνακτος;
2612 612 2702 665 Ἑν
2757 612 2856 681 μιᾷ
2916 611 3098 682 ἡμέρᾳ
3146 610 3241 662 καὶ
3295 611 3355 661 ὲν
3403 607 3483 679 τῷ
3531 607 3750 676 ίππικῷ

2162 704 2446 768 καθεσθεὶς
2503 704 2597 757 καὶ
2639 706 2704 774 τῇ
2760 702 3050 773 συγκλήτῳ
3093 701 3464 764 συνεστιαθεὶς
3502 702 3596 754 καὶ
3643 698 3753 769 τὴν

2159 796 2306 849 δόσιν
2358 795 2473 848 τῶν
2527 794 2809 867 ἀργυρίων
2863 794 3183 867 παρασχὼν.
3235 795 3331 848 καὶ
3378 795 3446 863 τῇ
3493 790 3640 863 δείλῃ
3687 793 3754 845 ιν

2163 885 2601 960 τζυκανιστηρίῳ
2654 888 2950 959 σεραιρίσας
3001 888 3140 957 μετὰ
3194 887 3301 940 τῶν
3357 887 3598 956 δοκίμων
3652 887 3753 939 καὶ

2162 979 2445 1051 ἐμπείρων
2480 981 2573 1033 καὶ
2619 979 2882 1042 πολλάκις
2917 978 3143 1040 τούτους
3185 979 3434 1048 νικήσας,
3467 978 3548 1041 είς
3583 993 3753 1047 μετα-

2164 1074 2425 1143 στάσιμον
2456 1075 2536 1136 είς
2565 1074 2875 1144 Ἀνωράτας
2895 1074 2938 1105 ¹¹
2972 1073 3198 1143 μετέϐη.
3222 1072 3447 1124 κάκεῖσε
3473 1070 3754 1141 θηρεύσας

2162 1161 2542 1232 παμμεγέθεις
2574 1163 2790 1233 χοίρους
2820 1161 3096 1232 τέσσαρας
3140 1162 3233 1213 καὶ
3269 1160 3585 1229 κυνηγήσας
3612 1159 3755 1229 πρὸς

2162 1255 2233 1308 τὰ
2282 1253 2529 1322 βασίλεια
2575 1257 2643 1325 τῇ
2691 1253 2900 1324 ἑσπέρᾳ
2948 1252 3343 1323 ἀντεπέρασεν.
3386 1246 3495 1303 *Ην
3535 1251 3646 1321 γὰρ
3684 1253 3754 1321 τῇ

2161 1345 2351 1416 ἡλικίᾳ
2373 1345 2514 1408 νέος,
2537 1343 2781 1415 σφριγῶν
2803 1344 2883 1414 τῷ
2908 1342 3143 1413 σώματι,
3168 1343 3468 1413 σιτόχροος,
3493 1341 3759 1409 εὐόφθαλμ-

2166 1454 2286 1507 μος,
2317 1436 2520 1506 ἐπίριν,
2555 1436 3051 1506 ροδινοπρόσωπος,
3084 1436 3379 1504 χαροποιὸς
3410 1434 3504 1487 καὶ
3542 1433 3757 1501 γλυκὺς

2161 1530 2276 1591 τοῖς
2312 1530 2572 1599 ῥήμασιν,
2623 1527 2806 1597 ὄρθιος
2857 1528 2925 1597 τῇ
2980 1526 3167 1597 ἡλικίᾳ
3210 1525 3343 1577 ὡσεὶ
3391 1526 3757 1593 κυπάρισσος,

2163 1620 2327 1691 εὐρὺς
2355 1623 2468 1683 τοῖς
2497 1619 2696 1689 ὤμοις,
2723 1618 2928 1689 ἥσυχος
2963 1617 3058 1671 καὶ
3113 1616 3412 1686 προσηνὴς,
3444 1616 3520 1679 ὡς
3546 1616 3763 1678 πάντας

2168 1710 2495 1781 θαμὸεἶσθαι
2527 1710 2621 1763 καὶ
2656 1709 3057 1780 ἐκπλήττεσθαι
3082 1707 3176 1761 τὸν
3202 1708 3392 1779 ἄνδρα.
3427 1706 3761 1778 Συνέχαιρεν

2167 1803 2236 1856 δι’
2264 1804 2428 1856 αὐτὸν
2460 1804 2492 1874 ἠ
2536 1802 2781 1856 πολιτεία
2824 1802 2900 1865 ὡς
2941 1799 3275 1870 εὐτυχοῦντα
3316 1800 3410 1853 καὶ
3442 1799 3551 1852 τῶν
3587 1799 3762 1851 εονῶν

2170 1893 2495 1966 κρατοῦντα.
2529 1893 2640 1947 Καὶ
2677 1892 2755 1964 τῷ
2793 1891 3074 1961 Βυζαντίῳ
3121 1890 3377 1943 πλούσιαι
3421 1890 3476 1943 αἱ
3514 1888 3764 1959 σιτήσεις

2170 1987 2264 2040 καὶ
2299 1988 2354 2039 αἱ
2386 1986 2585 2057 τροφαὶ
2615 1982 3042 2056 χορηγούμεναι.

2241 2075 2328 2148 [Ρ.
2357 2074 2486 2146 296]
2519 2072 2595 2138 ς’.
2639 2074 2697 2126 '0
2731 2072 2787 2126 δὲ
2830 2072 3086 2141 βασιλεὺς
3129 2068 3407 2140 Ῥωμανὺς
3448 2069 3543 2123 καὶ
3570 2069 3765 2139 ἓτερον

2171 2168 2285 2220 υίὺν
2320 2166 2458 2234 μετὰ
2503 2166 2735 2220 θάνατον
2764 2162 2861 2216 τοῦ
2913 2162 3121 2226 πατρὸς
3157 2161 3325 2215 αὐτοῦ
3362 2162 3764 2232 ἀπεγέννησεν.

2172 2260 2579 2312 Κωνσταντίισον
2623 2256 2814 2309 τοῦτον
2867 2254 3164 2325 ὀνομάσας.
3220 2253 3329 2306 Καὶ
3374 2251 3483 2324 [οὐ]
3536 2252 3655 2321 μετ’
3697 2253 3765 2306 οὐ
3820 2309 3827 2312 ,

2171 2344 2308 2396 πολὺ
2341 2344 2598 2409 στέφεται
2635 2340 2786 2411 παρὰ
2821 2340 3164 2394 Πολυεύκτου
3212 2341 3555 2411 πατριάρχου
3590 2344 3649 2393 ἐν
3681 2340 3768 2412 τῷ

2170 2439 2383 2508 άμδωνι
2408 2438 2505 2507 τῆς
2546 2436 2734 2503 Ἀγίας
2753 2435 2973 2504 Σοφίας.
3012 2435 3147 2488 Ἡδὲ
3167 2434 3450 2503 Αὐγεύστα
3488 2433 3675 2502 Ἑλένη
3704 2435 3767 2486 ὲν

2170 2530 2248 2601 τῷ
2284 2530 2534 2599 παλατίῳ
2578 2529 2717 2582 οῦσα
2757 2528 3021 2599 κλινήρης
3067 2528 3159 2581 καὶ
3202 2527 3649 2597 συναγαλλομένη
3682 2526 3765 2598 τῷ

2171 2623 2386 2688 ἄνακτι,
2424 2622 2519 2675 καὶ
2554 2622 2648 2673 ἐπὶ
2679 2620 2898 2683 ἱκανοὺς
2931 2621 3155 2691 χρόνους
3193 2618 3577 2691 ἀρρωστοῦσα,
3605 2620 3766 2673 εὐσε-

2173 2718 2282 2782 ϐῶς
2307 2719 2570 2788 τέθνηκεν
2589 2716 2730 2770 κατὰ
2749 2718 2848 2785 τὴν
2877 2712 3368 2783 ἐννεακαιδεκάτην
3395 2711 3489 2766 τοῦ
3513 2714 3760 2782 Σεπτεμ-

2173 2807 2326 2879 ϐρίου
2360 2807 2529 2877 μηνός
2552 2822 2567 2839 ο
2604 2808 2698 2859 καὶ
2726 2804 2929 2875 ταύτην
2959 2804 3253 2874 βασιλικῶς
3281 2805 3535 2874 τιμήσας,
3574 2803 3664 2855 καί
3692 2804 3757 2855 έν

2173 2903 2239 2970 τῇ
2295 2898 2717 2972 χρυσοκολλήτῳ
2772 2896 2867 2950 καὶ
2928 2896 3017 2949 διὰ
3068 2894 3425 2966 μαργαριτῶν
3465 2894 3559 2948 καὶ
3590 2893 3755 2947 λίθων

2174 2992 2331 3063 κλίνῃ
2366 2992 2607 3055 τεθεῖσα,
2647 2990 2747 3060 τῆς
2775 2989 3081 3060 συγκλήτου
3111 2988 3565 3058 προπεμπούσης,
3594 2987 3653 3039 ὲν
3682 2986 3761 3055 τῷ

495 3091 797 3148 exstructo,
816 3078 962 3150 quod
995 3087 1077 3133 est
1116 3078 1171 3131 in
1226 3075 1500 3147 Myrelaeo,
1572 3076 1627 3130 in
1659 3074 1898 3130 loculum
1951 3072 2069 3143 ejus

2177 3082 2526 3154 μοναστηρίῳ
2556 3080 2632 3151 τῷ
2681 3080 2832 3151 παρὰ
2866 3080 2959 3134 τοῦ
3004 3080 3212 3149 πατρὸς
3258 3079 3429 3149 αὐτῆς
3478 3078 3764 3145 Ῥωμανοῦ

497 3178 675 3248 ipsius
708 3187 862 3229 urna:
885 3171 1043 3243 juxta
1085 3169 1323 3241 positum
1358 3168 1558 3224 intulit.

564 3440 621 3494 ’1.
674 3431 1279 3502 Ροιιιιο.Νἱεει›ιιοι·ιιιπι
1336 3427 1575 3483 Phocam
1631 3427 1956 3497 magistrum
2007 3440 2074 3481 ac

498 3527 814 3585 scholarum
863 3522 1228 3578 domesticum
1286 3509 1645 3589 imperator,‘
1675 3518 1823 3571 mitis
1876 3517 1966 3573 ille
2019 3525 2075 3573 et

499 3618 687 3676 suavis
720 3625 775 3671 et
807 3623 1149 3678 mansuetus,
1197 3625 1262 3666 ac
1286 3610 1332 3665 si
1389 3609 1520 3679 quid
1569 3607 1717 3663 aliud
1754 3609 2073 3680 praeclarum

498 3721 585 3767 est
615 3723 728 3780 quo
757 3710 803 3762 is
826 3704 1100 3760 nominari
1129 3704 1324 3772 possit,
1363 3701 1567 3771 ingenti
1593 3701 1793 3756 fretum
1825 3700 2072 3755 exercitu

500 3819 565 3858 ac
585 3800 931 3858 carabiorum
1008 3796 1237 3864 copiosa
1323 3793 1501 3849 classe
1573 3792 1806 3863 igneque
1884 3791 2076 3847 Graeco

503 3899 834 3952 instructum
885 3889 1484 3958 in‘Cretamprolicisci
1536 3888 1749 3941 statuit.
1783 3885 2076 3943 Cretenses

500 4004 738 4057 namque
767 3984 966 4039 damna
1019 3982 1188 4036 multa
1224 3996 1289 4036 ac
1334 3982 1475 4035 mala
1521 3980 1767 4051 quotidie
1815 3978 2077 4036 Romanis

502 4080 831 4141 inferebant,
864 4076 1221 4146 captivosque
1252 4088 1315 4126 ac
1350 4072 1561 4143 praedas
1608 4072 1919 4142 abigehaut,
1967 4088 2077 4143 quo

500 4191 567 4230 ex
600 4181 845 4241 tempore
890 4175 1101 4221 vastant
1143 4180 1265 4220 eam
1297 4165 1535 4220 insulam
1568 4179 1680 4219 sum
1712 4164 1878 4236 474
1914 4164 2080 4219 ditio-

503 4270 590 4322 nis
624 4266 887 4320 fecerant.
935 4259 1201 4313 Michaele
1255 4258 1403 4312 enim
1445 4257 1756 4311 Amoriensi
1790 4256 2078 4327 Theophili

504 4366 658 4425 patre
686 4368 868 4407 rerum
892 4351 1154 4419 potiente,
1192 4362 1314 4400 cum
1356 4345 1636 4401 Romanus
1699 4346 1856 4400 miles
1881 4349 1935 4400 in
1960 4348 2077 4402 Mo-

2177 3176 2443 3248 βασιλέως
2490 3173 2847 3237 συσταθέντι,
2895 3172 2974 3243 τῷ
3027 3172 3140 3225 δντι
3188 3172 3268 3233 είς
3300 3171 3361 3223 τὸ
3412 3170 3764 3241 Μυρέλαιον,

2176 3266 2440 3320 θάπτεται
2469 3266 2527 3318 ὲν
2563 3263 2795 3335 λάρνακι
2828 3262 3055 3335 πλησίον
3088 3264 3180 3315 καὶ
3227 3261 3494 3330 σύνεγγυς
3529 3260 3625 3314 τοῦ
3656 3279 3766 3314 πα-

2174 3357 2303 3426 τρὸς
2333 3353 2520 3408 αὐτοῦ.

2249 3442 2311 3509 ζ’.
2345 3443 2448 3496 Τὸν
2479 3442 2536 3496 δὲ
2579 3443 2878 3514 μάγιστρον
2919 3442 3014 3496 καὶ
3057 3442 3377 3512 δομέστικον
3410 3443 3518 3495 τῶν
3555 3441 3773 3512 σχολῶν

2177 3533 2491 3602 Νικηφόρον
2523 3532 2615 3584 τὸν
2652 3530 2746 3584 τοῦ
2775 3534 2940 3585 Φωκᾶ
2969 3534 2996 3585 6
3027 3533 3163 3596 ἅναξ
3192 3536 3219 3586 ό
3260 3532 3517 3602 χρηστὸς,
3548 3533 3577 3583 6
3608 3530 3769 3601 ἡδὺς,

2176 3627 2204 3679 6
2239 3623 2537 3696 προσηνὴς,
2566 3622 2660 3676 καὶ
2695 3624 2841 3685 ὅσοις
2866 3623 3095 3692 ὀνόμασι
3124 3623 3231 3693 χρὴ
3261 3622 3546 3676 καλεῖσθαι
3577 3623 3774 3686 καλοῖς

2177 3718 2271 3772 καὶ
2300 3717 2390 3770 τὸν
2419 3716 2590 3785 ἄνδρα
2618 3714 2927 3785 ὀνομάζειν,
2978 3716 3116 3785 μετὰ
3155 3716 3510 3786 ἐκστρατείας
3539 3719 3638 3771 καὶ
3672 3719 3775 3772 δυ-

2177 3811 2394 3882 νάμεως
2420 3809 2619 3879 πολλῆς
2652 3809 2748 3862 καὶ
2779 3808 3105 3876 ὲξοπλίσεως
3136 3808 3421 3879 καραϐίων
3448 3809 3776 3880 πολεμικῶν

2178 3902 2275 3956 καὶ
2301 3901 2470 3970 ὑγροῦ
2509 3899 2679 3971 πυρὸς
2711 3900 2792 3962 είς
2823 3900 3048 3970 Κρήτην
3075 3900 3371 3968 διωρίσατο
3397 3898 3654 3952 ἀπελθεῖν
3673 3917 3686 3931 ·
3719 3900 3775 3953 οῑ

2180 3994 2289 4065 γὰρ
2319 3995 2363 4046 1(
2374 3994 2588 4064 ρητικολ⁵
2618 3993 2788 4045 πολλὰ
2806 3992 2954 4045 δεινὰ
2977 3992 3071 4045 καὶ
3097 3992 3244 4044 κακά
3266 3993 3361 4045 καὶ
3388 3992 3777 4062 αἰχμαλωσίας

2180 4086 2303 4140 καθ’
2340 4085 2582 4154 ἑκάστην
2618 4084 2699 4146 είς
2733 4082 2833 4155 τὴν
2880 4082 3171 4151 Ῥωμαίων
3211 4082 3314 4149 γῆν
3331 4081 3642 4144 ἐποιοῦντο,
3670 4081 3774 4150 ἀφ’

2181 4175 2305 4229 ὅτου
2334 4173 2540 4244 ταύτην
2556 4172 2653 4244 τὴν
2691 4172 2934 4243 μεγάλην
2957 4172 3119 4239 νῆσον
3143 4170 3474 4239 ὲπόρθησαν.
3504 4169 3629 4222 Ἐπὶ
3655 4170 3772 4239 γάρ

2181 4266 2401 4337 Μιχαὴλ
2428 4265 2520 4319 τοῦ
2559 4264 2887 4335 Ἀμορραίου
2916 4262 3005 4315 τοῦ
3034 4264 3239 4333 πατρὸς
3270 4262 3529 4330 Θεοφίλου
3560 4261 3772 4329 ταύτην

2183 4361 2518 4430 ἐκράτησαν,
2547 4356 2645 4409 καὶ
2684 4356 2793 4409 τῶν
2842 4354 3268 4424 στρατευμάτων
3320 4356 3399 4418 είς
3435 4354 3533 4425 τὴν
3575 4354 3773 4407 στάσιν

503 4445 768 4501 rothoma:
797 4438 1078 4494 Michaelis
1108 4437 1384 4507 quondam
1442 4436 1645 4491 sodalis
1680 4444 2069 4506 compescenda

2186 4427 2279 4503 xui.
2316 4447 2607 4518 τυραννίδα
2659 4447 2753 4500 τοῦ
2798 4446 3133 4516 Μωροθωμᾶ
3170 4446 3265 4500 τοῦ
3316 4449 3614 4519 συντρόφου
3671 4446 3775 4499 τοῦ

505 4533 774 4591 seditione
796 4546 859 4583 ac
885 4526 1177 4599 tyrannide
1205 4534 1507 4593 occupatus
1536 4534 1683 4580 esset
1704 4527 1905 4594 (annos
1932 4529 2075 4580 enim

506 4636 619 4679 tres
648 4623 841 4688 bisque
874 4620 1112 4688 amplius
1161 4619 1379 4687 tyranni
1431 4625 1705 4686 potestate
1747 4618 1978 4673 Thracia
2014 4635 2081 4675 ac

506 4714 824 4774 Macedonia
877 4710 1081 4781 potitus
1111 4715 1239 4779 est),
1299 4708 1647 4763 occasionem
1678 4710 1825 4762 nacti
1871 4711 1963 4780 qui
2012 4711 2079 4766 ab

507 4807 764 4879 Hispania
785 4804 1147 4860 ascenderant
1167 4804 1446 4867 Saraceni,
1464 4819 1589 4858 cum
1610 4806 1810 4876 ingenti
1830 4805 2079 4860 carabio—

504 4917 626 4954 Iutn
657 4899 801 4955 bello
857 4898 1124 4951 instructa
1169 4899 1370 4959 classe,
1418 4897 1524 4953 sibi
1594 4900 1963 4968 subjecerant,
2016 4914 2081 4953 ac

503 4996 681 5048 donec
731 5007 763 5045 a
815 4990 1081 5060 inagistro
1109 5005 1161 5047 et
1225 4990 1533 5046 domestico
1557 4989 1864 5061 Nicephoro
1900 4992 2081 5048 Phoca

504 5098 724 5158 rect‘pta
755 5096 861 5151 est,
908 5100 1001 5156 per
1024 5101 1201 5139 annos
1235 5086 1335 5140 liis
1382 5094 1689 5141 tenuerant.

575 5271 629 5324 8.
668 5267 879 5323 Idcirco
918 5267 1204 5323 Romanus
1255 5269 1553 5337 imperator
1581 5265 1768 5321 divino
1801 5267 1917 5331 zelo
1948 5283 2077 5322 suc-

508 5374 729 5422 census,
796 5358 1049 5428 catisque
1106 5372 1169 5410 ac
1241 5358 1394 5412 sanis
1446 5354 1668 5425 Josepbi
1746 5357 2081 5413 acrttbitoris

509 5451 767 5508 inductus
793 5451 1063 5512 consiliis,
1087 5466 1152 5503 ex
1176 5448 1324 5503 omni
1347 5448 1592 5504 liomana
1611 5446 1822 5502 ditione
1849 5463 2080 5519 congre-

504 5545 646 5615 gatis
675 5543 905 5598 navibus
924 5542 1133 5597 bellicis
1164 5542 1398 5613 igneque
1417 5538 1627 5609 Graeco,
1656 5554 1716 5596 ac
1736 5556 1802 5597 cx
1828 5537 2084 5611 Thracia,

2186 4540 2407 4611 Μιχαὴλ
2434 4538 2554 4609 (καὶ
2575 4537 2685 4607 γὰρ
2708 4538 2801 4593 ἐπὶ
2830 4539 2977 4609 τρισὶ
3001 4540 3216 4608 χρόνοις
3246 4538 3433 4608 σχεδὸν
3458 4538 3553 4592 καὶ
3585 4538 3777 4593 πλεῖον

2186 4632 2285 4703 τὴν
2323 4629 2606 4702 Θρᾳκικὴν
2640 4629 2735 4682 καὶ
2764 4629 3145 4700 Μακεδονικὴν
3181 4630 3484 4698 ἐκράτησεν
3511 4629 3538 4680 ὁ
3571 4627 3777 4698 τύραν-

2188 4726 2299 4789 νος)
2337 4721 2625 4792 εὐκαιρίαν
2650 4721 2904 4793 εὑρόντες
2940 4723 2989 4775 oi
3020 4722 3127 4776 ἀπὸ
3169 4720 3413 4784 Σπανίας
3454 4719 3776 4783 ἀνελθόντες

2185 4814 2497 4886 ’Σιοιρακηνοί⁵
2528 4813 2667 4883 μετὰ
2696 4812 2891 4867 πολλοῦ
2929 4813 3115 4866 στόλου
3152 4810 3465 4881 πολεμικῶν
3491 4810 3776 4883 καραϐίων

2184 4905 2450 4975 κατέσχον
2484 4903 2712 4974 ταύτην,
2756 4904 2832 4965 ὼς
2865 4898 3002 4955 εἶναι
3052 4902 3151 4971 τὴν
3177 4901 3383 4955 τούτων
3416 4902 3777 4971 διακράτησιν

2187 4998 2282 5051 καὶ
2320 4995 2652 5067 κατάσχεσιν
2701 4995 2806 5057 ἕως
2858 4994 2957 5063 τῆς
3007 4994 3225 5063 ἡμέρας
3270 4988 3338 5064 ἦς
3388 4992 3776 5064 ὲπορθήθησαν

2191 5088 2344 5160 παρὰ
2367 5088 2464 5142 τοῦ
2501 5087 2804 5158 μαγίστρου
2839 5086 2934 5140 καὶ
2967 5085 3291 5155 δομεστίκου
3326 5084 3643 5155 Νικηφόρου
3680 5082 3773 5136 τοῦ

2188 5180 2355 5232 Φωκᾶ
2379 5178 2476 5247 ετη
2520 5178 2711 5231 ἑκατὸν
2748 5177 3086 5246 πεντήκοντα
3119 5174 3284 5230 ὀκτώ.

2260 5267 2330 5339 η’.
2364 5270 2530 5322 Ὀθεν
2557 5270 2585 5322 6
2622 5267 2981 5338 αὐτοκράτωρ
3021 5267 3302 5337 Ῥωμανδς
3340 5266 3489 5337 ζήλῳ
3521 5264 3653 5335 θείῳ
3685 5282 3775 5318 κιο

2191 5362 2395 5432 νηθεὶς,
2422 5363 2488 5430 τῇ
2525 5360 2803 5433 συμϐουλῇ
2842 5358 2937 5414 καὶ
2974 5358 3235 5430 εὐϐουλίᾳ
3272 5359 3367 5417 τοῦ
3411 5363 3809 5429 παρακοιμωο⁶

2195 5453 2360 5526 μένου
2397 5453 2621 5522 Ἰωσὴφ,
2653 5454 2718 5506 ὲκ
2756 5451 2958 5515 παντὸς
2995 5451 3162 5506 τόπου
3191 5450 3327 5516 ναῦς
3360 5450 3456 5505 καὶ
3488 5450 3649 5503 πλοῖα
3681 5464 3779 5503 ποι

2194 5544 2399 5617 λεμικὰ
2429 5544 2787 5619 συναθροίσας
2812 5543 2951 5617 μετὰ
2983 5543 3152 5615 ὑγροῦ
3180 5543 3351 5615 πυρὸς
3373 5543 3468 5597 καὶ
3487 5542 3776 5598 ἐπιλέκτου

1802 5632 2035 5689 VARUE
2078 5636 2487 5695 ιΕυτιυΝΕδ.

580 5728 624 5765 ³³
653 5727 779 5781 fort.
819 5724 1161 5796 Ὀνωρώτα;.
1197 5724 1442 5780 Combel‘.
