  <div class='ocr_page' id='page_1' title='image "/cluster/home/n/w/nwhite01/storage/ocr_20150623/109/coo.31924054870138/261.png"; bbox 0 0 4136 6428; ppageno 0'>
   <div class='ocr_carea' id='block_1_1' title="bbox 506 314 613 377">
    <p class='ocr_par' dir='ltr' id='par_1_1' title="bbox 506 314 613 377">
     <span class='ocr_line' id='line_1_1' title="bbox 506 314 613 377; baseline -0.019 0"><span class='ocrx_word' id='word_1_1' title='bbox 506 314 613 377; x_wconf 74' lang='grc' dir='ltr'><strong>ε,οτ</strong></span> 
     </span>
    </p>
   </div>
   <div class='ocr_carea' id='block_1_2' title="bbox 1796 320 2433 385">
    <p class='ocr_par' dir='ltr' id='par_1_2' title="bbox 1796 320 2433 385">
     <span class='ocr_line' id='line_1_2' title="bbox 1796 320 2433 385; baseline 0.002 -1"><span class='ocrx_word' id='word_1_2' title='bbox 1796 320 2433 385; x_wconf 79' lang='lat' dir='ltr'><strong>ORTHODOXORUM</strong></span> 
     </span>
    </p>
   </div>
   <div class='ocr_carea' id='block_1_3' title="bbox 3672 326 3779 388">
    <p class='ocr_par' dir='ltr' id='par_1_3' title="bbox 3672 326 3779 388">
     <span class='ocr_line' id='line_1_3' title="bbox 3672 326 3779 388; baseline 0 -1"><span class='ocrx_word' id='word_1_3' title='bbox 3672 326 3779 388; x_wconf 71' lang='lat'><strong>533</strong></span> 
     </span>
    </p>
   </div>
   <div class='ocr_carea' id='block_1_4' title="bbox 504 428 2097 515">
    <p class='ocr_par' dir='ltr' id='par_1_4' title="bbox 504 428 2079 503">
     <span class='ocr_line' id='line_1_4' title="bbox 504 428 2079 503; baseline 0.009 -26"><span class='ocrx_word' id='word_1_4' title='bbox 504 437 609 480; x_wconf 61' lang='lat' dir='ltr'><strong>ita</strong></span> <span class='ocrx_word' id='word_1_5' title='bbox 632 436 686 481; x_wconf 83' lang='lat' dir='ltr'><strong>et</strong></span> <span class='ocrx_word' id='word_1_6' title='bbox 718 429 1211 487; x_wconf 74' lang='lat' dir='ltr'><strong>consubstantialis</strong></span> <span class='ocrx_word' id='word_1_7' title='bbox 1239 433 1549 493; x_wconf 79' lang='lat' dir='ltr'><strong>Trinitatis.</strong></span> <span class='ocrx_word' id='word_1_8' title='bbox 1596 438 1750 503; x_wconf 71' lang='lat' dir='ltr'><strong>Quo-.l</strong></span> <span class='ocrx_word' id='word_1_9' title='bbox 1796 428 2079 494; x_wconf 74' lang='lat' dir='ltr'><strong>enimvero</strong></span> 
     </span>
    </p>
   </div>
   <div class='ocr_carea' id='block_1_5' title="bbox 2201 428 3784 515">
    <p class='ocr_par' dir='ltr' id='par_1_5' title="bbox 2201 437 3784 515">
     <span class='ocr_line' id='line_1_5' title="bbox 2201 437 3784 515; baseline 0.003 -27"><span class='ocrx_word' id='word_1_10' title='bbox 2201 437 2344 504; x_wconf 72' lang='grc' dir='ltr'><strong>ιγίας</strong></span> <span class='ocrx_word' id='word_1_11' title='bbox 2396 437 2489 489; x_wconf 69' lang='grc' dir='ltr'><strong>καὶ</strong></span> <span class='ocrx_word' id='word_1_12' title='bbox 2530 438 2817 507; x_wconf 80' lang='grc' dir='ltr'><strong>όμοουσίου</strong></span> <span class='ocrx_word' id='word_1_13' title='bbox 2864 438 3112 515; x_wconf 63' lang='grc' dir='ltr'><strong>Τριέδος.</strong></span> <span class='ocrx_word' id='word_1_14' title='bbox 3174 438 3315 490; x_wconf 77' lang='grc' dir='ltr'><strong>Ἀλλ’</strong></span> <span class='ocrx_word' id='word_1_15' title='bbox 3348 439 3535 509; x_wconf 77' lang='grc' dir='ltr'><strong>ἐπειδὴ</strong></span> <span class='ocrx_word' id='word_1_16' title='bbox 3586 440 3784 508; x_wconf 76' lang='grc' dir='ltr'><strong>Πατὴρ</strong></span> 
     </span>
    </p>
   </div>
   <div class='ocr_carea' id='block_1_6' title="bbox 508 516 2095 594">
    <p class='ocr_par' dir='ltr' id='par_1_6' title="bbox 508 516 2095 594">
     <span class='ocr_line' id='line_1_6' title="bbox 508 516 2095 594; baseline 0.013 -23"><span class='ocrx_word' id='word_1_17' title='bbox 508 518 672 574; x_wconf 83' lang='lat' dir='ltr'><strong>Pater</strong></span> <span class='ocrx_word' id='word_1_18' title='bbox 708 528 764 574; x_wconf 81' lang='lat' dir='ltr'><strong>et</strong></span> <span class='ocrx_word' id='word_1_19' title='bbox 793 516 967 577; x_wconf 81' lang='lat' dir='ltr'><strong>Filius</strong></span> <span class='ocrx_word' id='word_1_20' title='bbox 1000 530 1057 576; x_wconf 89' lang='lat' dir='ltr'><strong>et</strong></span> <span class='ocrx_word' id='word_1_21' title='bbox 1080 522 1326 594; x_wconf 75' lang='lat' dir='ltr'><strong>Spiritus</strong></span> <span class='ocrx_word' id='word_1_22' title='bbox 1367 536 1597 587; x_wconf 85' lang='lat' dir='ltr'><strong>sanctus</strong></span> <span class='ocrx_word' id='word_1_23' title='bbox 1647 532 2006 585; x_wconf 75' lang='lat' dir='ltr'><strong>nominantur</strong></span> <span class='ocrx_word' id='word_1_24' title='bbox 2027 532 2095 591; x_wconf 57' lang='lat' dir='ltr'><strong>et</strong></span> 
     </span>
    </p>
   </div>
   <div class='ocr_carea' id='block_1_7' title="bbox 2194 528 3785 600">
    <p class='ocr_par' dir='ltr' id='par_1_7' title="bbox 2194 528 3785 600">
     <span class='ocr_line' id='line_1_7' title="bbox 2194 528 3785 600; baseline 0.003 -21"><span class='ocrx_word' id='word_1_25' title='bbox 2194 529 2291 579; x_wconf 77' lang='grc' dir='ltr'><strong>καὶ</strong></span> <span class='ocrx_word' id='word_1_26' title='bbox 2341 528 2468 589; x_wconf 81' lang='grc' dir='ltr'><strong>Υἱὸς</strong></span> <span class='ocrx_word' id='word_1_27' title='bbox 2516 529 2609 580; x_wconf 69' lang='grc' dir='ltr'><strong>καὶ</strong></span> <span class='ocrx_word' id='word_1_28' title='bbox 2645 529 2803 597; x_wconf 79' lang='grc' dir='ltr'><strong>ἆγιον</strong></span> <span class='ocrx_word' id='word_1_29' title='bbox 2845 529 3071 600; x_wconf 78' lang='grc' dir='ltr'><strong>Πνεῦμα</strong></span> <span class='ocrx_word' id='word_1_30' title='bbox 3129 531 3487 600; x_wconf 75' lang='grc' dir='ltr'><strong>ὀνομάζονται</strong></span> <span class='ocrx_word' id='word_1_31' title='bbox 3526 534 3619 584; x_wconf 76' lang='grc' dir='ltr'><strong>καὶ</strong></span> <span class='ocrx_word' id='word_1_32' title='bbox 3649 536 3785 600; x_wconf 69' lang='grc' dir='ltr'><strong>εἰσὶ,</strong></span> 
     </span>
    </p>
   </div>
   <div class='ocr_carea' id='block_1_8' title="bbox 507 612 2097 694">
    <p class='ocr_par' dir='ltr' id='par_1_8' title="bbox 507 612 2088 694">
     <span class='ocr_line' id='line_1_8' title="bbox 507 612 2088 694; baseline 0.009 -30"><span class='ocrx_word' id='word_1_33' title='bbox 507 618 654 674; x_wconf 82' lang='lat' dir='ltr'><strong>sunt,</strong></span> <span class='ocrx_word' id='word_1_34' title='bbox 689 613 791 665; x_wconf 88' lang='lat' dir='ltr'><strong>tria</strong></span> <span class='ocrx_word' id='word_1_35' title='bbox 823 612 1083 669; x_wconf 86' lang='lat' dir='ltr'><strong>nimirmn</strong></span> <span class='ocrx_word' id='word_1_36' title='bbox 1143 620 1208 672; x_wconf 83' lang='lat' dir='ltr'><strong>ad</strong></span> <span class='ocrx_word' id='word_1_37' title='bbox 1260 621 1633 676; x_wconf 87' lang='lat' dir='ltr'><strong>substantiam</strong></span> <span class='ocrx_word' id='word_1_38' title='bbox 1684 624 1831 694; x_wconf 84' lang='lat' dir='ltr'><strong>quod</strong></span> <span class='ocrx_word' id='word_1_39' title='bbox 1872 630 2088 693; x_wconf 86' lang='lat' dir='ltr'><strong>spectat</strong></span> 
     </span>
    </p>
   </div>
   <div class='ocr_carea' id='block_1_9' title="bbox 2201 612 3786 694">
    <p class='ocr_par' dir='ltr' id='par_1_9' title="bbox 2201 619 3786 691">
     <span class='ocr_line' id='line_1_9' title="bbox 2201 619 3786 691; baseline 0.005 -21"><span class='ocrx_word' id='word_1_40' title='bbox 2201 620 2257 687; x_wconf 76' lang='grc' dir='ltr'><strong>τῇ</strong></span> <span class='ocrx_word' id='word_1_41' title='bbox 2292 619 2391 687; x_wconf 74' lang='grc' dir='ltr'><strong>μὲν</strong></span> <span class='ocrx_word' id='word_1_42' title='bbox 2429 619 2588 689; x_wconf 76' lang='grc' dir='ltr'><strong>οὐσίᾳ</strong></span> <span class='ocrx_word' id='word_1_43' title='bbox 2627 619 2768 672; x_wconf 81' lang='grc' dir='ltr'><strong>κατὰ</strong></span> <span class='ocrx_word' id='word_1_44' title='bbox 2803 620 2977 673; x_wconf 80' lang='grc' dir='ltr'><strong>πάντα</strong></span> <span class='ocrx_word' id='word_1_45' title='bbox 3017 621 3114 673; x_wconf 81' lang='grc' dir='ltr'><strong>ἶσα</strong></span> <span class='ocrx_word' id='word_1_46' title='bbox 3145 623 3210 674; x_wconf 68' lang='grc' dir='ltr'><strong>τὰ</strong></span> <span class='ocrx_word' id='word_1_47' title='bbox 3245 622 3403 691; x_wconf 55' lang='grc' dir='ltr'><strong>τρία·</strong></span> <span class='ocrx_word' id='word_1_48' title='bbox 3445 623 3692 677; x_wconf 80' lang='grc' dir='ltr'><strong>ἀπέδωκε</strong></span> <span class='ocrx_word' id='word_1_49' title='bbox 3726 624 3786 678; x_wconf 72' lang='grc' dir='ltr'><strong>δὲ</strong></span> 
     </span>
    </p>
   </div>
   <div class='ocr_carea' id='block_1_10' title="bbox 510 707 2084 785">
    <p class='ocr_par' dir='ltr' id='par_1_10' title="bbox 510 707 2084 785">
     <span class='ocr_line' id='line_1_10' title="bbox 510 707 2084 785; baseline 0.009 -29"><span class='ocrx_word' id='word_1_50' title='bbox 510 718 610 773; x_wconf 86' lang='lat' dir='ltr'><strong>per</strong></span> <span class='ocrx_word' id='word_1_51' title='bbox 660 707 845 760; x_wconf 82' lang='lat' dir='ltr'><strong>omnia</strong></span> <span class='ocrx_word' id='word_1_52' title='bbox 871 710 1124 777; x_wconf 68' lang='lat' dir='ltr'><strong>aequalia;</strong></span> <span class='ocrx_word' id='word_1_53' title='bbox 1175 712 1539 784; x_wconf 76' lang='lat' dir='ltr'><strong>attribuitque</strong></span> <span class='ocrx_word' id='word_1_54' title='bbox 1565 713 1713 768; x_wconf 80' lang='lat' dir='ltr'><strong>Patri</strong></span> <span class='ocrx_word' id='word_1_55' title='bbox 1754 716 2084 785; x_wconf 84' lang='lat' dir='ltr'><strong>principium</strong></span> 
     </span>
    </p>
   </div>
   <div class='ocr_carea' id='block_1_11' title="bbox 508 794 2090 873">
    <p class='ocr_par' dir='ltr' id='par_1_11' title="bbox 508 794 2090 873">
     <span class='ocr_line' id='line_1_11' title="bbox 508 794 2090 873; baseline 0.008 -24"><span class='ocrx_word' id='word_1_56' title='bbox 508 794 695 849; x_wconf 83' lang='lat' dir='ltr'><strong>divina</strong></span> <span class='ocrx_word' id='word_1_57' title='bbox 726 795 1035 866; x_wconf 79' lang='lat' dir='ltr'><strong>Scriptura,</strong></span> <span class='ocrx_word' id='word_1_58' title='bbox 1099 802 1210 870; x_wconf 84' lang='lat' dir='ltr'><strong>jam</strong></span> <span class='ocrx_word' id='word_1_59' title='bbox 1251 819 1473 873; x_wconf 89' lang='lat' dir='ltr'><strong>quoque</strong></span> <span class='ocrx_word' id='word_1_60' title='bbox 1520 804 1687 860; x_wconf 81' lang='lat' dir='ltr'><strong>Filius</strong></span> <span class='ocrx_word' id='word_1_61' title='bbox 1720 806 1895 861; x_wconf 88' lang='lat' dir='ltr'><strong>Patris</strong></span> <span class='ocrx_word' id='word_1_62' title='bbox 1926 808 2090 863; x_wconf 87' lang='lat' dir='ltr'><strong>bene-</strong></span> 
     </span>
    </p>
   </div>
   <div class='ocr_carea' id='block_1_12' title="bbox 510 884 2085 964">
    <p class='ocr_par' dir='ltr' id='par_1_12' title="bbox 510 884 2085 964">
     <span class='ocr_line' id='line_1_12' title="bbox 510 884 2085 964; baseline 0.009 -25"><span class='ocrx_word' id='word_1_63' title='bbox 510 884 713 955; x_wconf 81' lang='lat' dir='ltr'><strong>plaeitu</strong></span> <span class='ocrx_word' id='word_1_64' title='bbox 734 898 935 943; x_wconf 83' lang='lat' dir='ltr'><strong>cuncta</strong></span> <span class='ocrx_word' id='word_1_65' title='bbox 958 891 1187 955; x_wconf 81' lang='lat' dir='ltr'><strong>creavit,</strong></span> <span class='ocrx_word' id='word_1_66' title='bbox 1208 924 1227 940; x_wconf 82' lang='lat'><strong>.</strong></span> <span class='ocrx_word' id='word_1_67' title='bbox 1248 902 1304 947; x_wconf 87' lang='lat' dir='ltr'><strong>et</strong></span> <span class='ocrx_word' id='word_1_68' title='bbox 1355 894 1596 964; x_wconf 78' lang='lat' dir='ltr'><strong>Spiritus</strong></span> <span class='ocrx_word' id='word_1_69' title='bbox 1634 905 1861 952; x_wconf 87' lang='lat' dir='ltr'><strong>sanctus</strong></span> <span class='ocrx_word' id='word_1_70' title='bbox 1901 899 2085 953; x_wconf 88' lang='lat' dir='ltr'><strong>omnia</strong></span> 
     </span>
    </p>
   </div>
   <div class='ocr_carea' id='block_1_13' title="bbox 508 977 2088 1053">
    <p class='ocr_par' dir='ltr' id='par_1_13' title="bbox 508 977 2088 1053">
     <span class='ocr_line' id='line_1_13' title="bbox 508 977 2088 1053; baseline 0.009 -21"><span class='ocrx_word' id='word_1_71' title='bbox 508 977 759 1047; x_wconf 78' lang='lat' dir='ltr'><strong>perfecit.</strong></span> <span class='ocrx_word' id='word_1_72' title='bbox 796 980 893 1034; x_wconf 83' lang='lat' dir='ltr'><strong>Est</strong></span> <span class='ocrx_word' id='word_1_73' title='bbox 953 982 1120 1052; x_wconf 81' lang='lat' dir='ltr'><strong>igitur</strong></span> <span class='ocrx_word' id='word_1_74' title='bbox 1151 984 1294 1039; x_wconf 90' lang='lat' dir='ltr'><strong>Dens</strong></span> <span class='ocrx_word' id='word_1_75' title='bbox 1317 988 1500 1049; x_wconf 86' lang='lat' dir='ltr'><strong>Pater.</strong></span> <span class='ocrx_word' id='word_1_76' title='bbox 1522 988 1684 1043; x_wconf 76' lang='lat' dir='ltr'><strong>‘Detts</strong></span> <span class='ocrx_word' id='word_1_77' title='bbox 1722 988 1913 1053; x_wconf 85' lang='lat' dir='ltr'><strong>Filius,</strong></span> <span class='ocrx_word' id='word_1_78' title='bbox 1946 991 2088 1047; x_wconf 86' lang='lat' dir='ltr'><strong>Dens</strong></span> 
     </span>
    </p>
   </div>
   <div class='ocr_carea' id='block_1_14' title="bbox 511 1066 2087 1147">
    <p class='ocr_par' dir='ltr' id='par_1_14' title="bbox 511 1066 2087 1147">
     <span class='ocr_line' id='line_1_14' title="bbox 511 1066 2087 1147; baseline 0.009 -26"><span class='ocrx_word' id='word_1_79' title='bbox 511 1066 753 1137; x_wconf 74' lang='lat' dir='ltr'><strong>Spiritus</strong></span> <span class='ocrx_word' id='word_1_80' title='bbox 801 1079 1049 1128; x_wconf 83' lang='lat' dir='ltr'><strong>sanctus.</strong></span> <span class='ocrx_word' id='word_1_81' title='bbox 1106 1071 1223 1129; x_wconf 79' lang='lat' dir='ltr'><strong>Non</strong></span> <span class='ocrx_word' id='word_1_82' title='bbox 1282 1083 1465 1130; x_wconf 88' lang='lat' dir='ltr'><strong>tamen</strong></span> <span class='ocrx_word' id='word_1_83' title='bbox 1496 1079 1624 1147; x_wconf 85' lang='lat' dir='ltr'><strong>quia</strong></span> <span class='ocrx_word' id='word_1_84' title='bbox 1667 1077 1810 1134; x_wconf 89' lang='lat' dir='ltr'><strong>Dens</strong></span> <span class='ocrx_word' id='word_1_85' title='bbox 1832 1089 1885 1133; x_wconf 85' lang='lat' dir='ltr'><strong>et</strong></span> <span class='ocrx_word' id='word_1_86' title='bbox 1922 1079 2087 1144; x_wconf 86' lang='lat' dir='ltr'><strong>Deus,</strong></span> 
     </span>
    </p>
   </div>
   <div class='ocr_carea' id='block_1_15' title="bbox 510 1159 2090 1240">
    <p class='ocr_par' dir='ltr' id='par_1_15' title="bbox 510 1159 2090 1240">
     <span class='ocr_line' id='line_1_15' title="bbox 510 1159 2090 1240; baseline 0.008 -26"><span class='ocrx_word' id='word_1_87' title='bbox 510 1168 567 1214; x_wconf 83' lang='lat' dir='ltr'><strong>et</strong></span> <span class='ocrx_word' id='word_1_88' title='bbox 597 1159 763 1225; x_wconf 85' lang='lat' dir='ltr'><strong>Deus,</strong></span> <span class='ocrx_word' id='word_1_89' title='bbox 790 1169 903 1217; x_wconf 86' lang='lat' dir='ltr'><strong>tres</strong></span> <span class='ocrx_word' id='word_1_90' title='bbox 924 1163 1057 1218; x_wconf 84' lang='lat' dir='ltr'><strong>deos</strong></span> <span class='ocrx_word' id='word_1_91' title='bbox 1095 1164 1220 1220; x_wconf 84' lang='lat' dir='ltr'><strong>licet</strong></span> <span class='ocrx_word' id='word_1_92' title='bbox 1255 1165 1438 1223; x_wconf 85' lang='lat' dir='ltr'><strong>dicere</strong></span> <span class='ocrx_word' id='word_1_93' title='bbox 1472 1185 1486 1222; x_wconf 93' lang='lat'>:</span> <span class='ocrx_word' id='word_1_94' title='bbox 1516 1171 1609 1224; x_wconf 86' lang='lat' dir='ltr'><strong>sed</strong></span> <span class='ocrx_word' id='word_1_95' title='bbox 1657 1170 1787 1224; x_wconf 89' lang='lat' dir='ltr'><strong>dum</strong></span> <span class='ocrx_word' id='word_1_96' title='bbox 1822 1181 1934 1226; x_wconf 73' lang='lat' dir='ltr'><strong>tres</strong></span> <span class='ocrx_word' id='word_1_97' title='bbox 1968 1188 2090 1240; x_wconf 88' lang='lat' dir='ltr'><strong>per-</strong></span> 
     </span>
    </p>
   </div>
   <div class='ocr_carea' id='block_1_16' title="bbox 2195 709 3787 786">
    <p class='ocr_par' dir='ltr' id='par_1_16' title="bbox 2195 709 3787 786">
     <span class='ocr_line' id='line_1_16' title="bbox 2195 709 3787 786; baseline 0.004 -25"><span class='ocrx_word' id='word_1_98' title='bbox 2195 710 2229 778; x_wconf 79' lang='grc' dir='ltr'>ή</span> <span class='ocrx_word' id='word_1_99' title='bbox 2284 709 2644 773; x_wconf 86' lang='grc' dir='ltr'><strong>θεόπνευστος</strong></span> <span class='ocrx_word' id='word_1_100' title='bbox 2688 710 2879 782; x_wconf 75' lang='grc' dir='ltr'>Γραφὴ</span> <span class='ocrx_word' id='word_1_101' title='bbox 2937 713 3037 783; x_wconf 77' lang='grc' dir='ltr'><strong>τὴν</strong></span> <span class='ocrx_word' id='word_1_102' title='bbox 3085 713 3262 783; x_wconf 75' lang='grc' dir='ltr'><strong>ἀρχὴν</strong></span> <span class='ocrx_word' id='word_1_103' title='bbox 3303 713 3381 783; x_wconf 81' lang='grc' dir='ltr'><strong>τῷ</strong></span> <span class='ocrx_word' id='word_1_104' title='bbox 3438 714 3636 786; x_wconf 66' lang='lat' dir='ltr'><strong>“arpi,</strong></span> <span class='ocrx_word' id='word_1_105' title='bbox 3686 716 3787 770; x_wconf 72' lang='grc' dir='ltr'><strong>καὶ</strong></span> 
     </span>
    </p>
   </div>
   <div class='ocr_carea' id='block_1_17' title="bbox 2195 799 3787 873">
    <p class='ocr_par' dir='ltr' id='par_1_17' title="bbox 2195 799 3787 873">
     <span class='ocr_line' id='line_1_17' title="bbox 2195 799 3787 873; baseline 0.004 -21"><span class='ocrx_word' id='word_1_106' title='bbox 2195 799 2381 853; x_wconf 83' lang='grc' dir='ltr'><strong>λοιπὸν</strong></span> <span class='ocrx_word' id='word_1_107' title='bbox 2405 803 2471 872; x_wconf 79' lang='grc' dir='ltr'><strong>τῇ</strong></span> <span class='ocrx_word' id='word_1_108' title='bbox 2506 801 2599 854; x_wconf 85' lang='grc' dir='ltr'><strong>τοῦ</strong></span> <span class='ocrx_word' id='word_1_109' title='bbox 2632 801 2845 872; x_wconf 85' lang='grc' dir='ltr'><strong>Πατρὸς</strong></span> <span class='ocrx_word' id='word_1_110' title='bbox 2886 802 3107 873; x_wconf 70' lang='grc' dir='ltr'><strong>εὐδοκία</strong></span> <span class='ocrx_word' id='word_1_111' title='bbox 3144 805 3238 857; x_wconf 79' lang='grc' dir='ltr'><strong>καὶ</strong></span> <span class='ocrx_word' id='word_1_112' title='bbox 3279 804 3308 856; x_wconf 92' lang='lat'><strong>6</strong></span> <span class='ocrx_word' id='word_1_113' title='bbox 3337 804 3463 867; x_wconf 83' lang='grc' dir='ltr'><strong>Υἱὸς</strong></span> <span class='ocrx_word' id='word_1_114' title='bbox 3501 806 3568 859; x_wconf 66' lang='grc' dir='ltr'><strong>τὰ</strong></span> <span class='ocrx_word' id='word_1_115' title='bbox 3602 805 3787 859; x_wconf 82' lang='grc' dir='ltr'><strong>πάντα</strong></span> 
     </span>
    </p>
   </div>
   <div class='ocr_carea' id='block_1_18' title="bbox 2194 892 3784 962">
    <p class='ocr_par' dir='ltr' id='par_1_18' title="bbox 2194 892 3784 962">
     <span class='ocr_line' id='line_1_18' title="bbox 2194 892 3784 962; baseline 0.003 -17"><span class='ocrx_word' id='word_1_116' title='bbox 2194 892 2443 962; x_wconf 66' lang='grc' dir='ltr'><strong>ἐποίησε,</strong></span> <span class='ocrx_word' id='word_1_117' title='bbox 2481 894 2579 945; x_wconf 74' lang='grc' dir='ltr'><strong>καὶ</strong></span> <span class='ocrx_word' id='word_1_118' title='bbox 2608 892 2669 945; x_wconf 90' lang='grc' dir='ltr'>τὸ</span> <span class='ocrx_word' id='word_1_119' title='bbox 2718 892 2942 961; x_wconf 81' lang='grc' dir='ltr'><strong>Πνεῦμα</strong></span> <span class='ocrx_word' id='word_1_120' title='bbox 2976 894 3036 946; x_wconf 88' lang='grc' dir='ltr'>τὸ</span> <span class='ocrx_word' id='word_1_121' title='bbox 3083 894 3238 962; x_wconf 82' lang='grc' dir='ltr'><strong>ἀγιον</strong></span> <span class='ocrx_word' id='word_1_122' title='bbox 3272 895 3339 947; x_wconf 84' lang='grc' dir='ltr'><strong>τά</strong></span> <span class='ocrx_word' id='word_1_123' title='bbox 3389 896 3567 949; x_wconf 85' lang='grc' dir='ltr'><strong>πάντα</strong></span> <span class='ocrx_word' id='word_1_124' title='bbox 3605 897 3784 948; x_wconf 72' lang='grc' dir='ltr'><strong>ἐτελε-</strong></span> 
     </span>
    </p>
   </div>
   <div class='ocr_carea' id='block_1_19' title="bbox 2195 981 3779 1054">
    <p class='ocr_par' dir='ltr' id='par_1_19' title="bbox 2195 981 3779 1054">
     <span class='ocr_line' id='line_1_19' title="bbox 2195 981 3779 1054; baseline 0.003 -19"><span class='ocrx_word' id='word_1_125' title='bbox 2195 982 2545 1053; x_wconf 81' lang='grc' dir='ltr'><strong>σιούργησεν.</strong></span> <span class='ocrx_word' id='word_1_126' title='bbox 2577 981 2765 1035; x_wconf 80' lang='grc' dir='ltr'><strong>Ἔστιν</strong></span> <span class='ocrx_word' id='word_1_127' title='bbox 2788 982 2883 1036; x_wconf 83' lang='grc' dir='ltr'><strong>οῦν</strong></span> <span class='ocrx_word' id='word_1_128' title='bbox 2915 983 3047 1046; x_wconf 86' lang='grc' dir='ltr'>Θεὸς</span> <span class='ocrx_word' id='word_1_129' title='bbox 3090 985 3119 1037; x_wconf 97' lang='lat'><strong>6</strong></span> <span class='ocrx_word' id='word_1_130' title='bbox 3162 984 3372 1054; x_wconf 76' lang='grc' dir='ltr'><strong>Πατὴρ,</strong></span> <span class='ocrx_word' id='word_1_131' title='bbox 3394 985 3527 1049; x_wconf 83' lang='grc' dir='ltr'><strong>Θεὸς</strong></span> <span class='ocrx_word' id='word_1_132' title='bbox 3563 987 3591 1038; x_wconf 89' lang='lat'><strong>6</strong></span> <span class='ocrx_word' id='word_1_133' title='bbox 3629 986 3779 1049; x_wconf 74' lang='grc' dir='ltr'><strong>Υἱὸς,</strong></span> 
     </span>
    </p>
   </div>
   <div class='ocr_carea' id='block_1_20' title="bbox 2197 1074 3785 1147">
    <p class='ocr_par' dir='ltr' id='par_1_20' title="bbox 2197 1074 3785 1147">
     <span class='ocr_line' id='line_1_20' title="bbox 2197 1074 3785 1147; baseline 0.003 -20"><span class='ocrx_word' id='word_1_134' title='bbox 2197 1075 2331 1137; x_wconf 88' lang='grc' dir='ltr'>Θεὸς</span> <span class='ocrx_word' id='word_1_135' title='bbox 2351 1076 2414 1127; x_wconf 89' lang='grc' dir='ltr'>τὸ</span> <span class='ocrx_word' id='word_1_136' title='bbox 2455 1075 2684 1145; x_wconf 83' lang='grc' dir='ltr'><strong>Πνεῦμα</strong></span> <span class='ocrx_word' id='word_1_137' title='bbox 2708 1076 2769 1129; x_wconf 88' lang='grc' dir='ltr'>τὸ</span> <span class='ocrx_word' id='word_1_138' title='bbox 2797 1074 2969 1145; x_wconf 78' lang='grc' dir='ltr'><strong>ἅγιον.</strong></span> <span class='ocrx_word' id='word_1_139' title='bbox 2988 1074 3129 1129; x_wconf 80' lang='grc' dir='ltr'><strong>Ἀλλ’</strong></span> <span class='ocrx_word' id='word_1_140' title='bbox 3154 1077 3342 1147; x_wconf 75' lang='grc' dir='ltr'><strong>ἐπειδὴ</strong></span> <span class='ocrx_word' id='word_1_141' title='bbox 3367 1077 3501 1141; x_wconf 87' lang='grc' dir='ltr'>Θεὸς</span> <span class='ocrx_word' id='word_1_142' title='bbox 3528 1082 3623 1132; x_wconf 80' lang='grc' dir='ltr'><strong>καὶ</strong></span> <span class='ocrx_word' id='word_1_143' title='bbox 3648 1080 3785 1144; x_wconf 86' lang='grc' dir='ltr'>Θεὸς</span> 
     </span>
    </p>
   </div>
   <div class='ocr_carea' id='block_1_21' title="bbox 2195 1167 3785 1237">
    <p class='ocr_par' dir='ltr' id='par_1_21' title="bbox 2195 1167 3785 1237">
     <span class='ocr_line' id='line_1_21' title="bbox 2195 1167 3785 1237; baseline 0.003 -16"><span class='ocrx_word' id='word_1_144' title='bbox 2195 1167 2289 1221; x_wconf 80' lang='grc' dir='ltr'><strong>καὶ</strong></span> <span class='ocrx_word' id='word_1_145' title='bbox 2318 1167 2475 1231; x_wconf 84' lang='grc' dir='ltr'>Θεὸς,</span> <span class='ocrx_word' id='word_1_146' title='bbox 2521 1168 2584 1221; x_wconf 80' lang='grc' dir='ltr'><strong>οὐ</strong></span> <span class='ocrx_word' id='word_1_147' title='bbox 2630 1167 2859 1222; x_wconf 87' lang='grc' dir='ltr'><strong>δύνασαι</strong></span> <span class='ocrx_word' id='word_1_148' title='bbox 2904 1171 3113 1222; x_wconf 79' lang='grc' dir='ltr'><strong>εἰπεῖν’</strong></span> <span class='ocrx_word' id='word_1_149' title='bbox 3140 1170 3304 1237; x_wconf 84' lang='grc' dir='ltr'>Τρεῖς</span> <span class='ocrx_word' id='word_1_150' title='bbox 3354 1169 3501 1222; x_wconf 68' lang='grc' dir='ltr'><strong>θεοί*</strong></span> <span class='ocrx_word' id='word_1_151' title='bbox 3531 1169 3666 1225; x_wconf 87' lang='grc' dir='ltr'><strong>ἀλλά</strong></span> <span class='ocrx_word' id='word_1_152' title='bbox 3713 1173 3785 1226; x_wconf 86' lang='grc' dir='ltr'><strong>τά</strong></span> 
     </span>
    </p>
   </div>
   <div class='ocr_carea' id='block_1_22' title="bbox 512 1252 2097 1333">
    <p class='ocr_par' dir='ltr' id='par_1_22' title="bbox 512 1252 2087 1333">
     <span class='ocr_line' id='line_1_22' title="bbox 512 1252 2087 1333; baseline 0.009 -27"><span class='ocrx_word' id='word_1_153' title='bbox 512 1266 678 1306; x_wconf 84' lang='lat' dir='ltr'><strong>sonas</strong></span> <span class='ocrx_word' id='word_1_154' title='bbox 705 1252 889 1308; x_wconf 91' lang='lat' dir='ltr'><strong>animo</strong></span> <span class='ocrx_word' id='word_1_155' title='bbox 917 1255 1149 1324; x_wconf 75' lang='lat' dir='ltr'><strong>cogitas,</strong></span> <span class='ocrx_word' id='word_1_156' title='bbox 1199 1271 1266 1311; x_wconf 88' lang='lat' dir='ltr'><strong>ac</strong></span> <span class='ocrx_word' id='word_1_157' title='bbox 1327 1274 1769 1331; x_wconf 83' lang='lat' dir='ltr'><strong>unamquamque</strong></span> <span class='ocrx_word' id='word_1_158' title='bbox 1798 1278 2087 1333; x_wconf 81' lang='lat' dir='ltr'><strong>personam</strong></span> 
     </span>
    </p>
   </div>
   <div class='ocr_carea' id='block_1_23' title="bbox 2201 1252 3786 1333">
    <p class='ocr_par' dir='ltr' id='par_1_23' title="bbox 2201 1259 3786 1330">
     <span class='ocr_line' id='line_1_23' title="bbox 2201 1259 3786 1330; baseline 0 -18"><span class='ocrx_word' id='word_1_159' title='bbox 2201 1261 2320 1329; x_wconf 69' lang='grc' dir='ltr'><strong>τρία</strong></span> <span class='ocrx_word' id='word_1_160' title='bbox 2370 1260 2646 1329; x_wconf 88' lang='grc' dir='ltr'><strong>πρόσωπα</strong></span> <span class='ocrx_word' id='word_1_161' title='bbox 2699 1259 3136 1329; x_wconf 76' lang='grc' dir='ltr'><strong>ἐνθυμούμενος,</strong></span> <span class='ocrx_word' id='word_1_162' title='bbox 3201 1259 3434 1310; x_wconf 75' lang='grc' dir='ltr'><strong>ἕκαστον</strong></span> <span class='ocrx_word' id='word_1_163' title='bbox 3484 1261 3786 1330; x_wconf 74' lang='grc' dir='ltr'><strong>πρόσωπον</strong></span> 
     </span>
    </p>
   </div>
   <div class='ocr_carea' id='block_1_24' title="bbox 511 1343 2091 1421">
    <p class='ocr_par' dir='ltr' id='par_1_24' title="bbox 511 1343 2091 1421">
     <span class='ocr_line' id='line_1_24' title="bbox 511 1343 2091 1421; baseline 0.009 -25"><span class='ocrx_word' id='word_1_164' title='bbox 511 1343 817 1407; x_wconf 78' lang='lat' dir='ltr'><strong>confiteris.</strong></span> <span class='ocrx_word' id='word_1_165' title='bbox 846 1360 1015 1401; x_wconf 88' lang='lat' dir='ltr'><strong>unum</strong></span> <span class='ocrx_word' id='word_1_166' title='bbox 1056 1347 1225 1402; x_wconf 77' lang='lat' dir='ltr'><strong>Deum</strong></span> <span class='ocrx_word' id='word_1_167' title='bbox 1267 1365 1451 1415; x_wconf 86' lang='lat' dir='ltr'><strong>vocas,</strong></span> <span class='ocrx_word' id='word_1_168' title='bbox 1497 1354 1642 1421; x_wconf 85' lang='lat' dir='ltr'><strong>quod</strong></span> <span class='ocrx_word' id='word_1_169' title='bbox 1673 1368 1781 1407; x_wconf 81' lang='lat' dir='ltr'><strong>una</strong></span> <span class='ocrx_word' id='word_1_170' title='bbox 1814 1355 2091 1410; x_wconf 88' lang='lat' dir='ltr'><strong>eamdem-</strong></span> 
     </span>
    </p>
   </div>
   <div class='ocr_carea' id='block_1_25' title="bbox 509 1437 2089 1502">
    <p class='ocr_par' dir='ltr' id='par_1_25' title="bbox 509 1437 2089 1502">
     <span class='ocr_line' id='line_1_25' title="bbox 509 1437 2089 1502; baseline 0.01 -16"><span class='ocrx_word' id='word_1_171' title='bbox 509 1448 619 1502; x_wconf 91' lang='lat' dir='ltr'><strong>que</strong></span> <span class='ocrx_word' id='word_1_172' title='bbox 656 1444 850 1489; x_wconf 86' lang='lat' dir='ltr'><strong>natura</strong></span> <span class='ocrx_word' id='word_1_173' title='bbox 877 1447 932 1491; x_wconf 88' lang='lat' dir='ltr'><strong>et</strong></span> <span class='ocrx_word' id='word_1_174' title='bbox 982 1437 1245 1494; x_wconf 84' lang='lat' dir='ltr'><strong>divinitas</strong></span> <span class='ocrx_word' id='word_1_175' title='bbox 1276 1448 1332 1494; x_wconf 91' lang='lat' dir='ltr'><strong>et</strong></span> <span class='ocrx_word' id='word_1_176' title='bbox 1364 1442 1672 1497; x_wconf 79' lang='lat' dir='ltr'><strong>substantia</strong></span> <span class='ocrx_word' id='word_1_177' title='bbox 1704 1454 1760 1498; x_wconf 88' lang='lat' dir='ltr'><strong>et</strong></span> <span class='ocrx_word' id='word_1_178' title='bbox 1797 1448 2089 1502; x_wconf 76' lang='lat' dir='ltr'><strong>coaeterni-</strong></span> 
     </span>
    </p>
   </div>
   <div class='ocr_carea' id='block_1_26' title="bbox 511 1525 2090 1605">
    <p class='ocr_par' dir='ltr' id='par_1_26' title="bbox 511 1525 2090 1605">
     <span class='ocr_line' id='line_1_26' title="bbox 511 1525 2090 1605; baseline 0.011 -28"><span class='ocrx_word' id='word_1_179' title='bbox 511 1533 618 1580; x_wconf 78' lang='lat' dir='ltr'><strong>tas.</strong></span> <span class='ocrx_word' id='word_1_180' title='bbox 647 1525 782 1592; x_wconf 67' lang='lat' dir='ltr'><strong>Quae</strong></span> <span class='ocrx_word' id='word_1_181' title='bbox 806 1542 971 1582; x_wconf 89' lang='lat' dir='ltr'><strong>causa</strong></span> <span class='ocrx_word' id='word_1_182' title='bbox 1006 1538 1111 1594; x_wconf 88' lang='lat' dir='ltr'><strong>est,</strong></span> <span class='ocrx_word' id='word_1_183' title='bbox 1144 1546 1243 1584; x_wconf 90' lang='lat' dir='ltr'><strong>cur</strong></span> <span class='ocrx_word' id='word_1_184' title='bbox 1262 1541 1315 1586; x_wconf 91' lang='lat' dir='ltr'><strong>et</strong></span> <span class='ocrx_word' id='word_1_185' title='bbox 1338 1535 1694 1605; x_wconf 72' lang='lat' dir='ltr'><strong>singulariter</strong></span> <span class='ocrx_word' id='word_1_186' title='bbox 1714 1537 2090 1596; x_wconf 87' lang='lat' dir='ltr'><strong>collaudemus</strong></span> 
     </span>
    </p>
   </div>
   <div class='ocr_carea' id='block_1_27' title="bbox 508 1617 1552 1679">
    <p class='ocr_par' dir='ltr' id='par_1_27' title="bbox 508 1617 1552 1679">
     <span class='ocr_line' id='line_1_27' title="bbox 508 1617 1552 1679; baseline 0.008 -8"><span class='ocrx_word' id='word_1_187' title='bbox 508 1625 565 1671; x_wconf 82' lang='lat' dir='ltr'><strong>et</strong></span> <span class='ocrx_word' id='word_1_188' title='bbox 587 1617 880 1672; x_wconf 77' lang='lat' dir='ltr'><strong>adoremus</strong></span> <span class='ocrx_word' id='word_1_189' title='bbox 914 1629 1164 1675; x_wconf 86' lang='lat' dir='ltr'><strong>sanctam</strong></span> <span class='ocrx_word' id='word_1_190' title='bbox 1202 1621 1552 1679; x_wconf 83' lang='lat' dir='ltr'><strong>Trinitatem.</strong></span> 
     </span>
    </p>
   </div>
   <div class='ocr_carea' id='block_1_28' title="bbox 583 1706 2085 1783">
    <p class='ocr_par' dir='ltr' id='par_1_28' title="bbox 583 1706 2085 1783">
     <span class='ocr_line' id='line_1_28' title="bbox 583 1706 2085 1783; baseline 0.011 -27"><span class='ocrx_word' id='word_1_191' title='bbox 583 1706 635 1756; x_wconf 83' lang='grc'><strong>5.</strong></span> <span class='ocrx_word' id='word_1_192' title='bbox 673 1706 737 1760; x_wconf 83' lang='lat' dir='ltr'><strong>Et</strong></span> <span class='ocrx_word' id='word_1_193' title='bbox 770 1707 875 1761; x_wconf 85' lang='lat' dir='ltr'><strong>hoc</strong></span> <span class='ocrx_word' id='word_1_194' title='bbox 905 1711 1162 1765; x_wconf 85' lang='lat' dir='ltr'><strong>novimus</strong></span> <span class='ocrx_word' id='word_1_195' title='bbox 1209 1722 1376 1783; x_wconf 84' lang='lat' dir='ltr'><strong>atque</strong></span> <span class='ocrx_word' id='word_1_196' title='bbox 1425 1714 1724 1782; x_wconf 81' lang='lat' dir='ltr'><strong>credimus,</strong></span> <span class='ocrx_word' id='word_1_197' title='bbox 1760 1716 1852 1772; x_wconf 87' lang='lat' dir='ltr'><strong>Dei</strong></span> <span class='ocrx_word' id='word_1_198' title='bbox 1889 1718 2085 1774; x_wconf 86' lang='lat' dir='ltr'><strong>Filium</strong></span> 
     </span>
    </p>
   </div>
   <div class='ocr_carea' id='block_1_29' title="bbox 2202 1346 3789 1418">
    <p class='ocr_par' dir='ltr' id='par_1_29' title="bbox 2202 1346 3789 1418">
     <span class='ocr_line' id='line_1_29' title="bbox 2202 1346 3789 1418; baseline 0.003 -19"><span class='ocrx_word' id='word_1_199' title='bbox 2202 1348 2506 1418; x_wconf 81' lang='grc' dir='ltr'><strong>ὁμολογῶν,</strong></span> <span class='ocrx_word' id='word_1_200' title='bbox 2538 1346 2634 1412; x_wconf 79' lang='grc' dir='ltr'><strong>Εἷς</strong></span> <span class='ocrx_word' id='word_1_201' title='bbox 2659 1348 2813 1412; x_wconf 82' lang='grc' dir='ltr'>Θεὸς,</span> <span class='ocrx_word' id='word_1_202' title='bbox 2845 1348 3048 1417; x_wconf 75' lang='grc' dir='ltr'><strong>λέγεις,</strong></span> <span class='ocrx_word' id='word_1_203' title='bbox 3072 1348 3161 1401; x_wconf 87' lang='grc' dir='ltr'><strong>διά</strong></span> <span class='ocrx_word' id='word_1_204' title='bbox 3190 1348 3251 1401; x_wconf 83' lang='grc' dir='ltr'>τὸ</span> <span class='ocrx_word' id='word_1_205' title='bbox 3285 1349 3342 1401; x_wconf 79' lang='grc' dir='ltr'><strong>ἒν</strong></span> <span class='ocrx_word' id='word_1_206' title='bbox 3367 1349 3462 1402; x_wconf 75' lang='grc' dir='ltr'><strong>καὶ</strong></span> <span class='ocrx_word' id='word_1_207' title='bbox 3492 1350 3551 1403; x_wconf 84' lang='grc' dir='ltr'>τὸ</span> <span class='ocrx_word' id='word_1_208' title='bbox 3583 1353 3789 1405; x_wconf 78' lang='grc' dir='ltr'><strong>ταυτὸν</strong></span> 
     </span>
    </p>
   </div>
   <div class='ocr_carea' id='block_1_30' title="bbox 2199 1437 3788 1509">
    <p class='ocr_par' dir='ltr' id='par_1_30' title="bbox 2199 1437 3788 1509">
     <span class='ocr_line' id='line_1_30' title="bbox 2199 1437 3788 1509; baseline 0.003 -19"><span class='ocrx_word' id='word_1_209' title='bbox 2199 1438 2299 1507; x_wconf 85' lang='grc' dir='ltr'><strong>τῆς</strong></span> <span class='ocrx_word' id='word_1_210' title='bbox 2333 1437 2549 1507; x_wconf 80' lang='grc' dir='ltr'><strong>φύσεως</strong></span> <span class='ocrx_word' id='word_1_211' title='bbox 2576 1439 2671 1492; x_wconf 70' lang='grc' dir='ltr'><strong>καὶ</strong></span> <span class='ocrx_word' id='word_1_212' title='bbox 2690 1438 2793 1508; x_wconf 79' lang='grc' dir='ltr'><strong>τῆς</strong></span> <span class='ocrx_word' id='word_1_213' title='bbox 2822 1438 3079 1508; x_wconf 81' lang='grc' dir='ltr'><strong>θεότητος</strong></span> <span class='ocrx_word' id='word_1_214' title='bbox 3104 1438 3198 1491; x_wconf 78' lang='grc' dir='ltr'><strong>καὶ</strong></span> <span class='ocrx_word' id='word_1_215' title='bbox 3226 1438 3328 1507; x_wconf 81' lang='grc' dir='ltr'><strong>τῆς</strong></span> <span class='ocrx_word' id='word_1_216' title='bbox 3357 1439 3545 1502; x_wconf 77' lang='grc' dir='ltr'><strong>οὐσίας</strong></span> <span class='ocrx_word' id='word_1_217' title='bbox 3567 1440 3788 1509; x_wconf 74' lang='grc' dir='ltr'><strong>καὶτῆς</strong></span> 
     </span>
    </p>
   </div>
   <div class='ocr_carea' id='block_1_31' title="bbox 2206 1527 3788 1599">
    <p class='ocr_par' dir='ltr' id='par_1_31' title="bbox 2206 1527 3788 1599">
     <span class='ocr_line' id='line_1_31' title="bbox 2206 1527 3788 1599; baseline 0.001 -18"><span class='ocrx_word' id='word_1_218' title='bbox 2206 1529 2632 1598; x_wconf 85' lang='grc' dir='ltr'><strong>συναῖδιότητος.</strong></span> <span class='ocrx_word' id='word_1_219' title='bbox 2670 1529 2763 1582; x_wconf 91' lang='grc' dir='ltr'><strong>Διὸ</strong></span> <span class='ocrx_word' id='word_1_220' title='bbox 2791 1530 2887 1582; x_wconf 72' lang='grc' dir='ltr'><strong>καὶ</strong></span> <span class='ocrx_word' id='word_1_221' title='bbox 2913 1528 3109 1591; x_wconf 74' lang='grc' dir='ltr'><strong>ἑνικῶς</strong></span> <span class='ocrx_word' id='word_1_222' title='bbox 3141 1527 3442 1599; x_wconf 77' lang='grc' dir='ltr'><strong>δοξάζομεν</strong></span> <span class='ocrx_word' id='word_1_223' title='bbox 3476 1528 3571 1581; x_wconf 71' lang='grc' dir='ltr'><strong>καὶ</strong></span> <span class='ocrx_word' id='word_1_224' title='bbox 3609 1545 3788 1599; x_wconf 89' lang='grc' dir='ltr'><strong>προσ-</strong></span> 
     </span>
    </p>
   </div>
   <div class='ocr_carea' id='block_1_32' title="bbox 2201 1620 3057 1691">
    <p class='ocr_par' dir='ltr' id='par_1_32' title="bbox 2201 1620 3057 1691">
     <span class='ocr_line' id='line_1_32' title="bbox 2201 1620 3057 1691; baseline 0.001 -17"><span class='ocrx_word' id='word_1_225' title='bbox 2201 1620 2472 1691; x_wconf 84' lang='grc' dir='ltr'><strong>κυνοῦμεν</strong></span> <span class='ocrx_word' id='word_1_226' title='bbox 2500 1622 2601 1691; x_wconf 85' lang='grc' dir='ltr'><strong>τὴν</strong></span> <span class='ocrx_word' id='word_1_227' title='bbox 2638 1622 2799 1690; x_wconf 90' lang='grc' dir='ltr'><strong>ἀγίαν</strong></span> <span class='ocrx_word' id='word_1_228' title='bbox 2828 1622 3057 1691; x_wconf 79' lang='grc' dir='ltr'><strong>Τριάδα.</strong></span> 
     </span>
    </p>
   </div>
   <div class='ocr_carea' id='block_1_33' title="bbox 2266 1711 3787 1783">
    <p class='ocr_par' dir='ltr' id='par_1_33' title="bbox 2266 1711 3787 1783">
     <span class='ocr_line' id='line_1_33' title="bbox 2266 1711 3787 1783; baseline 0 -18"><span class='ocrx_word' id='word_1_229' title='bbox 2266 1711 2331 1766; x_wconf 87' lang='grc' dir='ltr'><strong>ε’.</strong></span> <span class='ocrx_word' id='word_1_230' title='bbox 2373 1712 2684 1783; x_wconf 83' lang='grc' dir='ltr'><strong>Ἐμάθομεν</strong></span> <span class='ocrx_word' id='word_1_231' title='bbox 2708 1713 2800 1765; x_wconf 75' lang='grc' dir='ltr'><strong>καὶ</strong></span> <span class='ocrx_word' id='word_1_232' title='bbox 2832 1711 3168 1781; x_wconf 83' lang='grc' dir='ltr'><strong>πιστεύομεν</strong></span> <span class='ocrx_word' id='word_1_233' title='bbox 3196 1713 3279 1766; x_wconf 84' lang='grc' dir='ltr'><strong>ὄτι</strong></span> <span class='ocrx_word' id='word_1_234' title='bbox 3308 1714 3337 1766; x_wconf 88' lang='grc' dir='ltr'>ὁ</span> <span class='ocrx_word' id='word_1_235' title='bbox 3368 1713 3494 1777; x_wconf 76' lang='grc' dir='ltr'><strong>Υἱὸς</strong></span> <span class='ocrx_word' id='word_1_236' title='bbox 3516 1712 3611 1766; x_wconf 84' lang='grc' dir='ltr'><strong>τοῦ</strong></span> <span class='ocrx_word' id='word_1_237' title='bbox 3645 1711 3787 1765; x_wconf 86' lang='grc' dir='ltr'>Θεοῦ</span> 
     </span>
    </p>
   </div>
   <div class='ocr_carea' id='block_1_34' title="bbox 510 1784 2097 1881">
    <p class='ocr_par' dir='ltr' id='par_1_34' title="bbox 510 1793 2089 1881">
     <span class='ocr_line' id='line_1_34' title="bbox 510 1793 2089 1881; baseline 0.011 -31"><span class='ocrx_word' id='word_1_238' title='bbox 510 1810 583 1851; x_wconf 78' lang='grc' dir='ltr'><strong>ει·</strong></span> <span class='ocrx_word' id='word_1_239' title='bbox 600 1793 765 1853; x_wconf 87' lang='lat' dir='ltr'><strong>Patre</strong></span> <span class='ocrx_word' id='word_1_240' title='bbox 787 1802 1033 1869; x_wconf 82' lang='lat' dir='ltr'><strong>genitum</strong></span> <span class='ocrx_word' id='word_1_241' title='bbox 1083 1818 1228 1866; x_wconf 86' lang='lat' dir='ltr'><strong>esse,</strong></span> <span class='ocrx_word' id='word_1_242' title='bbox 1261 1818 1463 1861; x_wconf 83' lang='lat' dir='ltr'><strong>arcana</strong></span> <span class='ocrx_word' id='word_1_243' title='bbox 1507 1821 1607 1862; x_wconf 90' lang='lat' dir='ltr'><strong>nec</strong></span> <span class='ocrx_word' id='word_1_244' title='bbox 1629 1810 1810 1865; x_wconf 84' lang='lat' dir='ltr'><strong>verbis</strong></span> <span class='ocrx_word' id='word_1_245' title='bbox 1846 1812 2089 1881; x_wconf 68' lang='lat' dir='ltr'><strong>explica-‘-</strong></span> 
     </span>
    </p>
   </div>
   <div class='ocr_carea' id='block_1_35' title="bbox 2201 1784 3789 1881">
    <p class='ocr_par' dir='ltr' id='par_1_35' title="bbox 2201 1799 3789 1871">
     <span class='ocr_line' id='line_1_35' title="bbox 2201 1799 3789 1871; baseline -0.002 -17"><span class='ocrx_word' id='word_1_246' title='bbox 2201 1800 2468 1871; x_wconf 68' lang='grc' dir='ltr'><strong>ἐγεννήθη</strong></span> <span class='ocrx_word' id='word_1_247' title='bbox 2502 1802 2567 1854; x_wconf 70' lang='grc' dir='ltr'><strong>ἐκ</strong></span> <span class='ocrx_word' id='word_1_248' title='bbox 2609 1800 2706 1853; x_wconf 86' lang='grc' dir='ltr'><strong>τοῦ</strong></span> <span class='ocrx_word' id='word_1_249' title='bbox 2756 1799 2992 1870; x_wconf 86' lang='grc' dir='ltr'><strong>Πατρὸς,</strong></span> <span class='ocrx_word' id='word_1_250' title='bbox 3026 1801 3307 1870; x_wconf 73' lang='grc' dir='ltr'><strong>ἀρρήτως,</strong></span> <span class='ocrx_word' id='word_1_251' title='bbox 3338 1800 3609 1869; x_wconf 81' lang='grc' dir='ltr'><strong>ἀχρόνως,</strong></span> <span class='ocrx_word' id='word_1_252' title='bbox 3641 1800 3789 1852; x_wconf 78' lang='grc' dir='ltr'><strong>ἀσω-</strong></span> 
     </span>
    </p>
   </div>
   <div class='ocr_carea' id='block_1_36' title="bbox 513 1887 2093 1967">
    <p class='ocr_par' dir='ltr' id='par_1_36' title="bbox 513 1887 2093 1967">
     <span class='ocr_line' id='line_1_36' title="bbox 513 1887 2093 1967; baseline 0.011 -24"><span class='ocrx_word' id='word_1_253' title='bbox 513 1887 611 1943; x_wconf 76' lang='lat' dir='ltr'><strong>bili</strong></span> <span class='ocrx_word' id='word_1_254' title='bbox 640 1891 874 1958; x_wconf 82' lang='lat' dir='ltr'><strong>ratione,</strong></span> <span class='ocrx_word' id='word_1_255' title='bbox 898 1893 1328 1964; x_wconf 88' lang='lat' dir='ltr'><strong>intcmporanee,</strong></span> <span class='ocrx_word' id='word_1_256' title='bbox 1364 1897 1711 1967; x_wconf 86' lang='lat' dir='ltr'><strong>incorporee,</strong></span> <span class='ocrx_word' id='word_1_257' title='bbox 1752 1914 1880 1959; x_wconf 87' lang='lat' dir='ltr'><strong>ante</strong></span> <span class='ocrx_word' id='word_1_258' title='bbox 1906 1907 2093 1960; x_wconf 89' lang='lat' dir='ltr'><strong>omnia</strong></span> 
     </span>
    </p>
   </div>
   <div class='ocr_carea' id='block_1_37' title="bbox 512 1980 2094 2066">
    <p class='ocr_par' dir='ltr' id='par_1_37' title="bbox 512 1980 2094 2066">
     <span class='ocr_line' id='line_1_37' title="bbox 512 1980 2094 2066; baseline 0.01 -32"><span class='ocrx_word' id='word_1_259' title='bbox 512 1981 738 2037; x_wconf 65' lang='lat' dir='ltr'><strong>saecula.</strong></span> <span class='ocrx_word' id='word_1_260' title='bbox 772 1980 893 2052; x_wconf 89' lang='lat' dir='ltr'><strong>Ipse</strong></span> <span class='ocrx_word' id='word_1_261' title='bbox 951 1984 1118 2054; x_wconf 84' lang='lat' dir='ltr'><strong>igitur</strong></span> <span class='ocrx_word' id='word_1_262' title='bbox 1166 1985 1259 2042; x_wconf 87' lang='lat' dir='ltr'><strong>Dei</strong></span> <span class='ocrx_word' id='word_1_263' title='bbox 1313 1988 1506 2055; x_wconf 83' lang='lat' dir='ltr'><strong>Filius,</strong></span> <span class='ocrx_word' id='word_1_264' title='bbox 1542 1992 1722 2048; x_wconf 90' lang='lat' dir='ltr'><strong>lumen</strong></span> <span class='ocrx_word' id='word_1_265' title='bbox 1766 1994 1835 2050; x_wconf 84' lang='lat' dir='ltr'><strong>de</strong></span> <span class='ocrx_word' id='word_1_266' title='bbox 1867 1996 2094 2066; x_wconf 86' lang='lat' dir='ltr'><strong>lumine,</strong></span> 
     </span>
    </p>
   </div>
   <div class='ocr_carea' id='block_1_38' title="bbox 512 2070 2096 2158">
    <p class='ocr_par' dir='ltr' id='par_1_38' title="bbox 512 2070 2096 2158">
     <span class='ocr_line' id='line_1_38' title="bbox 512 2070 2096 2158; baseline 0.014 -33"><span class='ocrx_word' id='word_1_267' title='bbox 512 2070 661 2127; x_wconf 83' lang='lat' dir='ltr'><strong>Deus</strong></span> <span class='ocrx_word' id='word_1_268' title='bbox 684 2088 848 2130; x_wconf 87' lang='lat' dir='ltr'><strong>verus</strong></span> <span class='ocrx_word' id='word_1_269' title='bbox 871 2077 940 2131; x_wconf 89' lang='lat' dir='ltr'><strong>de</strong></span> <span class='ocrx_word' id='word_1_270' title='bbox 975 2078 1085 2134; x_wconf 89' lang='lat' dir='ltr'><strong>Deo</strong></span> <span class='ocrx_word' id='word_1_271' title='bbox 1133 2096 1265 2136; x_wconf 89' lang='lat' dir='ltr'><strong>vero</strong></span> <span class='ocrx_word' id='word_1_272' title='bbox 1299 2098 1363 2136; x_wconf 91' lang='lat' dir='ltr'><strong>ac</strong></span> <span class='ocrx_word' id='word_1_273' title='bbox 1396 2082 1578 2150; x_wconf 87' lang='lat' dir='ltr'><strong>Patre,</strong></span> <span class='ocrx_word' id='word_1_274' title='bbox 1612 2101 1881 2158; x_wconf 89' lang='lat' dir='ltr'><strong>propensa</strong></span> <span class='ocrx_word' id='word_1_275' title='bbox 1920 2090 2096 2148; x_wconf 85' lang='lat' dir='ltr'><strong>Patris</strong></span> 
     </span>
    </p>
   </div>
   <div class='ocr_carea' id='block_1_39' title="bbox 511 2162 2094 2249">
    <p class='ocr_par' dir='ltr' id='par_1_39' title="bbox 511 2162 2094 2249">
     <span class='ocr_line' id='line_1_39' title="bbox 511 2162 2094 2249; baseline 0.011 -32"><span class='ocrx_word' id='word_1_276' title='bbox 511 2162 795 2219; x_wconf 78' lang='lat' dir='ltr'><strong>voluntate</strong></span> <span class='ocrx_word' id='word_1_277' title='bbox 828 2166 1149 2223; x_wconf 84' lang='lat' dir='ltr'><strong>incarnatus</strong></span> <span class='ocrx_word' id='word_1_278' title='bbox 1171 2178 1256 2224; x_wconf 89' lang='lat' dir='ltr'><strong>est</strong></span> <span class='ocrx_word' id='word_1_279' title='bbox 1282 2172 1336 2224; x_wconf 93' lang='lat' dir='ltr'><strong>in</strong></span> <span class='ocrx_word' id='word_1_280' title='bbox 1370 2174 1682 2230; x_wconf 87' lang='lat' dir='ltr'><strong>castissima</strong></span> <span class='ocrx_word' id='word_1_281' title='bbox 1744 2186 1799 2231; x_wconf 90' lang='lat' dir='ltr'><strong>et</strong></span> <span class='ocrx_word' id='word_1_282' title='bbox 1829 2193 1859 2233; x_wconf 93' lang='lat' dir='ltr'><strong>a</strong></span> <span class='ocrx_word' id='word_1_283' title='bbox 1888 2179 2094 2249; x_wconf 89' lang='lat' dir='ltr'><strong>Spiritu</strong></span> 
     </span>
    </p>
   </div>
   <div class='ocr_carea' id='block_1_40' title="bbox 512 2257 2097 2336">
    <p class='ocr_par' dir='ltr' id='par_1_40' title="bbox 512 2257 2097 2336">
     <span class='ocr_line' id='line_1_40' title="bbox 512 2257 2097 2336; baseline 0.01 -27"><span class='ocrx_word' id='word_1_284' title='bbox 512 2262 708 2310; x_wconf 82' lang='lat' dir='ltr'><strong>sancto</strong></span> <span class='ocrx_word' id='word_1_285' title='bbox 745 2257 945 2313; x_wconf 80' lang='lat' dir='ltr'><strong>eximie</strong></span> <span class='ocrx_word' id='word_1_286' title='bbox 987 2261 1330 2316; x_wconf 73' lang='lat' dir='ltr'><strong>sanctificata</strong></span> <span class='ocrx_word' id='word_1_287' title='bbox 1384 2262 1608 2334; x_wconf 78' lang='lat' dir='ltr'><strong>Virgine</strong></span> <span class='ocrx_word' id='word_1_288' title='bbox 1652 2279 1840 2323; x_wconf 86' lang='lat' dir='ltr'><strong>sancta</strong></span> <span class='ocrx_word' id='word_1_289' title='bbox 1902 2270 2097 2336; x_wconf 73' lang='lat' dir='ltr'><strong>Maria,</strong></span> 
     </span>
    </p>
   </div>
   <div class='ocr_carea' id='block_1_41' title="bbox 514 2343 2095 2425">
    <p class='ocr_par' dir='ltr' id='par_1_41' title="bbox 514 2343 2095 2425">
     <span class='ocr_line' id='line_1_41' title="bbox 514 2343 2095 2425; baseline 0.015 -33"><span class='ocrx_word' id='word_1_290' title='bbox 514 2343 735 2410; x_wconf 80' lang='lat' dir='ltr'><strong>proprie</strong></span> <span class='ocrx_word' id='word_1_291' title='bbox 762 2360 825 2399; x_wconf 91' lang='lat' dir='ltr'><strong>ac</strong></span> <span class='ocrx_word' id='word_1_292' title='bbox 847 2362 973 2400; x_wconf 81' lang='lat' dir='ltr'><strong>vere</strong></span> <span class='ocrx_word' id='word_1_293' title='bbox 1004 2346 1095 2402; x_wconf 85' lang='lat' dir='ltr'><strong>Dei</strong></span> <span class='ocrx_word' id='word_1_294' title='bbox 1141 2348 1442 2408; x_wconf 79' lang='lat' dir='ltr'><strong>Genitrice.</strong></span> <span class='ocrx_word' id='word_1_295' title='bbox 1480 2356 1557 2408; x_wconf 84' lang='lat' dir='ltr'><strong>Ac</strong></span> <span class='ocrx_word' id='word_1_296' title='bbox 1587 2356 1732 2411; x_wconf 90' lang='lat' dir='ltr'><strong>sicut</strong></span> <span class='ocrx_word' id='word_1_297' title='bbox 1767 2359 1942 2425; x_wconf 84' lang='lat' dir='ltr'><strong>ipsius</strong></span> <span class='ocrx_word' id='word_1_298' title='bbox 1972 2360 2095 2416; x_wconf 85' lang='lat' dir='ltr'><strong>Filii</strong></span> 
     </span>
    </p>
   </div>
   <div class='ocr_carea' id='block_1_42' title="bbox 514 2430 2097 2518">
    <p class='ocr_par' dir='ltr' id='par_1_42' title="bbox 514 2430 2097 2518">
     <span class='ocr_line' id='line_1_42' title="bbox 514 2430 2097 2518; baseline 0.013 -34"><span class='ocrx_word' id='word_1_299' title='bbox 514 2446 545 2483; x_wconf 87' lang='lat' dir='ltr'><strong>a</strong></span> <span class='ocrx_word' id='word_1_300' title='bbox 572 2430 734 2488; x_wconf 85' lang='lat' dir='ltr'><strong>Patre</strong></span> <span class='ocrx_word' id='word_1_301' title='bbox 762 2440 1048 2503; x_wconf 76' lang='lat' dir='ltr'><strong>generatio</strong></span> <span class='ocrx_word' id='word_1_302' title='bbox 1095 2439 1553 2511; x_wconf 80' lang='lat' dir='ltr'><strong>incompreheosa</strong></span> <span class='ocrx_word' id='word_1_303' title='bbox 1578 2456 1663 2501; x_wconf 88' lang='lat' dir='ltr'><strong>est</strong></span> <span class='ocrx_word' id='word_1_304' title='bbox 1704 2457 1760 2501; x_wconf 82' lang='lat' dir='ltr'><strong>et</strong></span> <span class='ocrx_word' id='word_1_305' title='bbox 1795 2448 2097 2518; x_wconf 77' lang='lat' dir='ltr'><strong>inexplica-</strong></span> 
     </span>
    </p>
   </div>
   <div class='ocr_carea' id='block_1_43' title="bbox 514 2521 2101 2603">
    <p class='ocr_par' dir='ltr' id='par_1_43' title="bbox 514 2521 2101 2603">
     <span class='ocr_line' id='line_1_43' title="bbox 514 2521 2101 2603; baseline 0.014 -27"><span class='ocrx_word' id='word_1_306' title='bbox 514 2521 675 2587; x_wconf 87' lang='lat' dir='ltr'><strong>bilis.</strong></span> <span class='ocrx_word' id='word_1_307' title='bbox 706 2540 939 2596; x_wconf 86' lang='lat' dir='ltr'><strong>eamque</strong></span> <span class='ocrx_word' id='word_1_308' title='bbox 972 2529 1045 2583; x_wconf 89' lang='lat' dir='ltr'><strong>ob</strong></span> <span class='ocrx_word' id='word_1_309' title='bbox 1093 2546 1205 2584; x_wconf 88' lang='lat' dir='ltr'><strong>rent</strong></span> <span class='ocrx_word' id='word_1_310' title='bbox 1252 2534 1426 2603; x_wconf 88' lang='lat' dir='ltr'><strong>ipsam</strong></span> <span class='ocrx_word' id='word_1_311' title='bbox 1456 2536 1559 2591; x_wconf 76' lang='lat' dir='ltr'><strong>[ide</strong></span> <span class='ocrx_word' id='word_1_312' title='bbox 1592 2553 1654 2591; x_wconf 81' lang='lat' dir='ltr'><strong>ac</strong></span> <span class='ocrx_word' id='word_1_313' title='bbox 1695 2540 1911 2595; x_wconf 87' lang='lat' dir='ltr'><strong>silentio</strong></span> <span class='ocrx_word' id='word_1_314' title='bbox 1938 2557 2101 2598; x_wconf 84' lang='lat' dir='ltr'><strong>vene-</strong></span> 
     </span>
    </p>
   </div>
   <div class='ocr_carea' id='block_1_44' title="bbox 516 2618 2100 2695">
    <p class='ocr_par' dir='ltr' id='par_1_44' title="bbox 516 2618 2100 2695">
     <span class='ocr_line' id='line_1_44' title="bbox 516 2618 2100 2695; baseline 0.014 -28"><span class='ocrx_word' id='word_1_315' title='bbox 516 2629 705 2669; x_wconf 88' lang='lat' dir='ltr'><strong>ramur</strong></span> <span class='ocrx_word' id='word_1_316' title='bbox 726 2631 794 2671; x_wconf 86' lang='lat' dir='ltr'><strong>ac</strong></span> <span class='ocrx_word' id='word_1_317' title='bbox 821 2618 1236 2686; x_wconf 77' lang='lat' dir='ltr'><strong>collautlamus;</strong></span> <span class='ocrx_word' id='word_1_318' title='bbox 1263 2623 1344 2678; x_wconf 86' lang='lat' dir='ltr'><strong>sic</strong></span> <span class='ocrx_word' id='word_1_319' title='bbox 1379 2634 1433 2679; x_wconf 91' lang='lat' dir='ltr'><strong>et</strong></span> <span class='ocrx_word' id='word_1_320' title='bbox 1464 2626 1712 2695; x_wconf 84' lang='lat' dir='ltr'><strong>ejusdem</strong></span> <span class='ocrx_word' id='word_1_321' title='bbox 1758 2630 1879 2685; x_wconf 81' lang='lat' dir='ltr'><strong>Filii</strong></span> <span class='ocrx_word' id='word_1_322' title='bbox 1915 2631 2100 2689; x_wconf 79' lang='lat' dir='ltr'><strong>Deiex</strong></span> 
     </span>
    </p>
   </div>
   <div class='ocr_carea' id='block_1_45' title="bbox 519 2703 2101 2783">
    <p class='ocr_par' dir='ltr' id='par_1_45' title="bbox 519 2703 2101 2783">
     <span class='ocr_line' id='line_1_45' title="bbox 519 2703 2101 2783; baseline 0.015 -25"><span class='ocrx_word' id='word_1_323' title='bbox 519 2703 692 2761; x_wconf 72' lang='lat' dir='ltr'><strong>Matre</strong></span> <span class='ocrx_word' id='word_1_324' title='bbox 741 2716 798 2762; x_wconf 90' lang='lat' dir='ltr'><strong>et</strong></span> <span class='ocrx_word' id='word_1_325' title='bbox 853 2708 1074 2781; x_wconf 84' lang='lat' dir='ltr'><strong>Virgine</strong></span> <span class='ocrx_word' id='word_1_326' title='bbox 1126 2712 1181 2767; x_wconf 89' lang='lat' dir='ltr'><strong>in</strong></span> <span class='ocrx_word' id='word_1_327' title='bbox 1226 2729 1393 2770; x_wconf 90' lang='lat' dir='ltr'><strong>carne</strong></span> <span class='ocrx_word' id='word_1_328' title='bbox 1440 2720 1699 2775; x_wconf 83' lang='lat' dir='ltr'><strong>uativitas</strong></span> <span class='ocrx_word' id='word_1_329' title='bbox 1736 2722 2101 2783; x_wconf 76' lang='lat' dir='ltr'><strong>ineﬂabiliset</strong></span> 
     </span>
    </p>
   </div>
   <div class='ocr_carea' id='block_1_46' title="bbox 516 2797 1842 2887">
    <p class='ocr_par' dir='ltr' id='par_1_46' title="bbox 516 2797 1842 2887">
     <span class='ocr_line' id='line_1_46' title="bbox 516 2797 1842 2887; baseline 0.016 -37"><span class='ocrx_word' id='word_1_330' title='bbox 516 2797 903 2857; x_wconf 86' lang='lat' dir='ltr'><strong>inenarrabilis</strong></span> <span class='ocrx_word' id='word_1_331' title='bbox 932 2811 1039 2859; x_wconf 88' lang='lat' dir='ltr'><strong>est.</strong></span> <span class='ocrx_word' id='word_1_332' title='bbox 1076 2805 1153 2861; x_wconf 83' lang='lat' dir='ltr'><strong>Ac</strong></span> <span class='ocrx_word' id='word_1_333' title='bbox 1182 2820 1293 2877; x_wconf 87' lang='lat' dir='ltr'><strong>quo</strong></span> <span class='ocrx_word' id='word_1_334' title='bbox 1334 2807 1389 2862; x_wconf 94' lang='lat' dir='ltr'><strong>id</strong></span> <span class='ocrx_word' id='word_1_335' title='bbox 1417 2811 1601 2879; x_wconf 89' lang='lat' dir='ltr'><strong>modo,</strong></span> <span class='ocrx_word' id='word_1_336' title='bbox 1632 2816 1842 2887; x_wconf 85' lang='lat' dir='ltr'><strong>accipe.</strong></span> 
     </span>
    </p>
   </div>
   <div class='ocr_carea' id='block_1_47' title="bbox 589 2973 2091 3060">
    <p class='ocr_par' dir='ltr' id='par_1_47' title="bbox 589 2973 2091 3060">
     <span class='ocr_line' id='line_1_47' title="bbox 589 2973 2091 3060; baseline 0.02 -32"><span class='ocrx_word' id='word_1_337' title='bbox 589 2973 643 3029; x_wconf 85' lang='lat'><strong><em>6.</em></strong></span> <span class='ocrx_word' id='word_1_338' title='bbox 678 2975 851 3045; x_wconf 79' lang='lat' dir='ltr'><strong>Igitur</strong></span> <span class='ocrx_word' id='word_1_339' title='bbox 879 2981 1196 3050; x_wconf 87' lang='lat' dir='ltr'><strong>unigenitns</strong></span> <span class='ocrx_word' id='word_1_340' title='bbox 1243 2981 1339 3039; x_wconf 86' lang='lat' dir='ltr'><strong>Dei</strong></span> <span class='ocrx_word' id='word_1_341' title='bbox 1378 2983 1570 3053; x_wconf 80' lang='lat' dir='ltr'><strong>Filius,</strong></span> <span class='ocrx_word' id='word_1_342' title='bbox 1599 2989 1716 3060; x_wconf 89' lang='lat' dir='ltr'><strong>ipse</strong></span> <span class='ocrx_word' id='word_1_343' title='bbox 1734 3005 1858 3052; x_wconf 86' lang='lat' dir='ltr'><strong>ante</strong></span> <span class='ocrx_word' id='word_1_344' title='bbox 1890 3002 2091 3058; x_wconf 67' lang='lat' dir='ltr'><strong>saecula</strong></span> 
     </span>
    </p>
   </div>
   <div class='ocr_carea' id='block_1_48' title="bbox 516 3065 2099 3161">
    <p class='ocr_par' dir='ltr' id='par_1_48' title="bbox 516 3065 2099 3161">
     <span class='ocr_line' id='line_1_48' title="bbox 516 3065 2099 3161; baseline 0.02 -43"><span class='ocrx_word' id='word_1_345' title='bbox 516 3080 582 3120; x_wconf 74' lang='lat' dir='ltr'><strong>es</strong></span> <span class='ocrx_word' id='word_1_346' title='bbox 610 3065 772 3122; x_wconf 83' lang='lat' dir='ltr'><strong>Patre</strong></span> <span class='ocrx_word' id='word_1_347' title='bbox 821 3071 1057 3139; x_wconf 83' lang='lat' dir='ltr'><strong>genitus,</strong></span> <span class='ocrx_word' id='word_1_348' title='bbox 1093 3073 1606 3150; x_wconf 84' lang='lat' dir='ltr'><strong>incircumscriptus</strong></span> <span class='ocrx_word' id='word_1_349' title='bbox 1657 3094 1775 3154; x_wconf 86' lang='lat' dir='ltr'><strong>est;</strong></span> <span class='ocrx_word' id='word_1_350' title='bbox 1809 3088 1976 3161; x_wconf 89' lang='lat' dir='ltr'><strong>inque</strong></span> <span class='ocrx_word' id='word_1_351' title='bbox 2002 3110 2099 3149; x_wconf 77' lang='lat' dir='ltr'><strong>su-</strong></span> 
     </span>
    </p>
   </div>
   <div class='ocr_carea' id='block_1_49' title="bbox 517 3157 2101 3250">
    <p class='ocr_par' dir='ltr' id='par_1_49' title="bbox 517 3157 2101 3250">
     <span class='ocr_line' id='line_1_49' title="bbox 517 3157 2101 3250; baseline 0.019 -41"><span class='ocrx_word' id='word_1_352' title='bbox 517 3157 707 3225; x_wconf 78' lang='lat' dir='ltr'><strong>pernis</strong></span> <span class='ocrx_word' id='word_1_353' title='bbox 740 3166 794 3213; x_wconf 84' lang='lat' dir='ltr'><strong>et</strong></span> <span class='ocrx_word' id='word_1_354' title='bbox 824 3159 1053 3216; x_wconf 83' lang='lat' dir='ltr'><strong>infernis</strong></span> <span class='ocrx_word' id='word_1_355' title='bbox 1106 3175 1212 3231; x_wconf 88' lang='lat' dir='ltr'><strong>est,</strong></span> <span class='ocrx_word' id='word_1_356' title='bbox 1256 3178 1312 3222; x_wconf 91' lang='lat' dir='ltr'><strong>et</strong></span> <span class='ocrx_word' id='word_1_357' title='bbox 1368 3184 1569 3227; x_wconf 87' lang='lat' dir='ltr'><strong>cuncta</strong></span> <span class='ocrx_word' id='word_1_358' title='bbox 1603 3174 1656 3228; x_wconf 92' lang='lat' dir='ltr'><strong>in</strong></span> <span class='ocrx_word' id='word_1_359' title='bbox 1682 3192 1848 3233; x_wconf 91' lang='lat' dir='ltr'><strong>manu</strong></span> <span class='ocrx_word' id='word_1_360' title='bbox 1871 3157 2035 3240; x_wconf 73' lang='lat' dir='ltr'><strong>liabet</strong></span> <span class='ocrx_word' id='word_1_361' title='bbox 2058 3189 2101 3250; x_wconf 82' lang='grc'><strong>⁷,</strong></span> 
     </span>
    </p>
   </div>
   <div class='ocr_carea' id='block_1_50' title="bbox 516 3247 2103 3340">
    <p class='ocr_par' dir='ltr' id='par_1_50' title="bbox 516 3247 2103 3340">
     <span class='ocr_line' id='line_1_50' title="bbox 516 3247 2103 3340; baseline 0.02 -38"><span class='ocrx_word' id='word_1_362' title='bbox 516 3255 571 3302; x_wconf 85' lang='lat' dir='ltr'><strong>et</strong></span> <span class='ocrx_word' id='word_1_363' title='bbox 595 3247 649 3302; x_wconf 92' lang='lat' dir='ltr'><strong>in</strong></span> <span class='ocrx_word' id='word_1_364' title='bbox 698 3263 766 3303; x_wconf 79' lang='lat' dir='ltr'><strong>eo</strong></span> <span class='ocrx_word' id='word_1_365' title='bbox 834 3252 1149 3310; x_wconf 87' lang='lat' dir='ltr'><strong>consistunt</strong></span> <span class='ocrx_word' id='word_1_366' title='bbox 1208 3261 1418 3325; x_wconf 84' lang='lat' dir='ltr'><strong>omnia,</strong></span> <span class='ocrx_word' id='word_1_367' title='bbox 1450 3272 1505 3316; x_wconf 82' lang='lat' dir='ltr'><strong>et</strong></span> <span class='ocrx_word' id='word_1_368' title='bbox 1528 3264 1717 3334; x_wconf 88' lang='lat' dir='ltr'><strong>implet</strong></span> <span class='ocrx_word' id='word_1_369' title='bbox 1754 3274 1939 3328; x_wconf 88' lang='lat' dir='ltr'><strong>omnia</strong></span> <span class='ocrx_word' id='word_1_370' title='bbox 1973 3276 2018 3340; x_wconf 81' lang='grc'><strong>³,</strong></span> <span class='ocrx_word' id='word_1_371' title='bbox 2050 3247 2103 3333; x_wconf 84' lang='lat' dir='ltr'><strong>et</strong></span> 
     </span>
    </p>
   </div>
   <div class='ocr_carea' id='block_1_51' title="bbox 516 3338 2105 3434">
    <p class='ocr_par' dir='ltr' id='par_1_51' title="bbox 516 3338 2105 3434">
     <span class='ocr_line' id='line_1_51' title="bbox 516 3338 2105 3434; baseline 0.02 -42"><span class='ocrx_word' id='word_1_372' title='bbox 516 3352 684 3406; x_wconf 85' lang='lat' dir='ltr'><strong>super</strong></span> <span class='ocrx_word' id='word_1_373' title='bbox 706 3338 890 3395; x_wconf 90' lang='lat' dir='ltr'><strong>omnia</strong></span> <span class='ocrx_word' id='word_1_374' title='bbox 919 3344 1142 3410; x_wconf 87' lang='lat' dir='ltr'><strong>eminet.</strong></span> <span class='ocrx_word' id='word_1_375' title='bbox 1179 3356 1377 3420; x_wconf 85' lang='lat' dir='ltr'><strong>estque</strong></span> <span class='ocrx_word' id='word_1_376' title='bbox 1400 3366 1567 3423; x_wconf 87' lang='lat' dir='ltr'><strong>supra</strong></span> <span class='ocrx_word' id='word_1_377' title='bbox 1599 3370 1793 3415; x_wconf 87' lang='lat' dir='ltr'><strong>omnes</strong></span> <span class='ocrx_word' id='word_1_378' title='bbox 1836 3338 2030 3434; x_wconf 71' lang='lat' dir='ltr'><strong>emlos,</strong></span> <span class='ocrx_word' id='word_1_379' title='bbox 2051 3377 2105 3423; x_wconf 91' lang='lat' dir='ltr'><strong>et</strong></span> 
     </span>
    </p>
   </div>
   <div class='ocr_carea' id='block_1_52' title="bbox 517 3427 2102 3520">
    <p class='ocr_par' dir='ltr' id='par_1_52' title="bbox 517 3427 2102 3520">
     <span class='ocr_line' id='line_1_52' title="bbox 517 3427 2102 3520; baseline 0.019 -37"><span class='ocrx_word' id='word_1_380' title='bbox 517 3427 765 3483; x_wconf 88' lang='lat' dir='ltr'><strong>intuetur</strong></span> <span class='ocrx_word' id='word_1_381' title='bbox 794 3433 1025 3504; x_wconf 87' lang='lat' dir='ltr'><strong>abyssos</strong></span> <span class='ocrx_word' id='word_1_382' title='bbox 1060 3437 1120 3501; x_wconf 75' lang='grc' dir='ltr'><strong>’ς</strong></span> <span class='ocrx_word' id='word_1_383' title='bbox 1171 3452 1275 3493; x_wconf 90' lang='lat' dir='ltr'><strong>nec</strong></span> <span class='ocrx_word' id='word_1_384' title='bbox 1318 3450 1404 3497; x_wconf 87' lang='lat' dir='ltr'><strong>est</strong></span> <span class='ocrx_word' id='word_1_385' title='bbox 1446 3456 1697 3502; x_wconf 86' lang='lat' dir='ltr'><strong>creatura</strong></span> <span class='ocrx_word' id='word_1_386' title='bbox 1727 3465 1851 3520; x_wconf 68' lang='lat' dir='ltr'><strong>qua:</strong></span> <span class='ocrx_word' id='word_1_387' title='bbox 1890 3470 1998 3510; x_wconf 89' lang='lat' dir='ltr'><strong>non</strong></span> <span class='ocrx_word' id='word_1_388' title='bbox 2015 3427 2102 3513; x_wconf 31' lang='lat' dir='ltr'><strong>Isit</strong></span> 
     </span>
    </p>
   </div>
   <div class='ocr_carea' id='block_1_53' title="bbox 519 3520 2103 3606">
    <p class='ocr_par' dir='ltr' id='par_1_53' title="bbox 519 3520 2103 3606">
     <span class='ocr_line' id='line_1_53' title="bbox 519 3520 2103 3606; baseline 0.019 -33"><span class='ocrx_word' id='word_1_389' title='bbox 519 3520 809 3576; x_wconf 75' lang='lat' dir='ltr'><strong>manifesta</strong></span> <span class='ocrx_word' id='word_1_390' title='bbox 833 3523 886 3576; x_wconf 90' lang='lat' dir='ltr'><strong>in</strong></span> <span class='ocrx_word' id='word_1_391' title='bbox 920 3526 1098 3581; x_wconf 88' lang='lat' dir='ltr'><strong>oettlis</strong></span> <span class='ocrx_word' id='word_1_392' title='bbox 1157 3528 1280 3598; x_wconf 79' lang='lat' dir='ltr'><strong>ejus</strong></span> <span class='ocrx_word' id='word_1_393' title='bbox 1311 3533 1377 3587; x_wconf 79' lang='lat'><strong>“.</strong></span> <span class='ocrx_word' id='word_1_394' title='bbox 1410 3534 1469 3589; x_wconf 92' lang='lat' dir='ltr'><strong>In</strong></span> <span class='ocrx_word' id='word_1_395' title='bbox 1521 3540 1736 3606; x_wconf 82' lang='lat' dir='ltr'><strong>angelis</strong></span> <span class='ocrx_word' id='word_1_396' title='bbox 1788 3553 1874 3599; x_wconf 85' lang='lat' dir='ltr'><strong>est</strong></span> <span class='ocrx_word' id='word_1_397' title='bbox 1905 3562 1918 3599; x_wconf 91' lang='lat'><strong>:</strong></span> <span class='ocrx_word' id='word_1_398' title='bbox 1953 3556 2103 3603; x_wconf 88' lang='lat' dir='ltr'><strong>totus</strong></span> 
     </span>
    </p>
   </div>
   <div class='ocr_carea' id='block_1_54' title="bbox 517 3609 2101 3700">
    <p class='ocr_par' dir='ltr' id='par_1_54' title="bbox 517 3609 2101 3700">
     <span class='ocr_line' id='line_1_54' title="bbox 517 3609 2101 3700; baseline 0.017 -35"><span class='ocrx_word' id='word_1_399' title='bbox 517 3609 574 3665; x_wconf 87' lang='lat' dir='ltr'><strong>in</strong></span> <span class='ocrx_word' id='word_1_400' title='bbox 595 3615 872 3682; x_wconf 80' lang='lat' dir='ltr'><strong>supernis,</strong></span> <span class='ocrx_word' id='word_1_401' title='bbox 903 3626 1053 3672; x_wconf 86' lang='lat' dir='ltr'><strong>totus</strong></span> <span class='ocrx_word' id='word_1_402' title='bbox 1088 3621 1288 3690; x_wconf 85' lang='lat' dir='ltr'><strong>ubique</strong></span> <span class='ocrx_word' id='word_1_403' title='bbox 1310 3632 1416 3679; x_wconf 88' lang='lat' dir='ltr'><strong>est.</strong></span> <span class='ocrx_word' id='word_1_404' title='bbox 1438 3625 1556 3695; x_wconf 89' lang='lat' dir='ltr'><strong>Ipse</strong></span> <span class='ocrx_word' id='word_1_405' title='bbox 1602 3629 1769 3700; x_wconf 78' lang='lat' dir='ltr'><strong>igitur</strong></span> <span class='ocrx_word' id='word_1_406' title='bbox 1803 3633 1895 3690; x_wconf 89' lang='lat' dir='ltr'><strong>Dei</strong></span> <span class='ocrx_word' id='word_1_407' title='bbox 1928 3634 2101 3694; x_wconf 82' lang='lat' dir='ltr'><strong>Filius</strong></span> 
     </span>
    </p>
   </div>
   <div class='ocr_carea' id='block_1_55' title="bbox 517 3702 2101 3789">
    <p class='ocr_par' dir='ltr' id='par_1_55' title="bbox 517 3702 2101 3789">
     <span class='ocr_line' id='line_1_55' title="bbox 517 3702 2101 3789; baseline 0.016 -34"><span class='ocrx_word' id='word_1_408' title='bbox 517 3702 647 3757; x_wconf 85' lang='lat' dir='ltr'><strong>talis</strong></span> <span class='ocrx_word' id='word_1_409' title='bbox 686 3719 748 3758; x_wconf 90' lang='lat' dir='ltr'><strong>ac</strong></span> <span class='ocrx_word' id='word_1_410' title='bbox 786 3715 992 3773; x_wconf 87' lang='lat' dir='ltr'><strong>tantus,</strong></span> <span class='ocrx_word' id='word_1_411' title='bbox 1026 3710 1140 3778; x_wconf 89' lang='lat' dir='ltr'><strong>ipse</strong></span> <span class='ocrx_word' id='word_1_412' title='bbox 1166 3711 1314 3767; x_wconf 90' lang='lat' dir='ltr'><strong>nulla</strong></span> <span class='ocrx_word' id='word_1_413' title='bbox 1340 3720 1650 3784; x_wconf 83' lang='lat' dir='ltr'><strong>quantitate</strong></span> <span class='ocrx_word' id='word_1_414' title='bbox 1679 3736 1744 3776; x_wconf 89' lang='lat' dir='ltr'><strong>ac</strong></span> <span class='ocrx_word' id='word_1_415' title='bbox 1774 3725 1935 3789; x_wconf 89' lang='lat' dir='ltr'><strong>mole,</strong></span> <span class='ocrx_word' id='word_1_416' title='bbox 1976 3742 2101 3782; x_wconf 91' lang='lat' dir='ltr'><strong>cum</strong></span> 
     </span>
    </p>
   </div>
   <div class='ocr_carea' id='block_1_56' title="bbox 516 3796 2105 3887">
    <p class='ocr_par' dir='ltr' id='par_1_56' title="bbox 516 3796 2105 3887">
     <span class='ocr_line' id='line_1_56' title="bbox 516 3796 2105 3887; baseline 0.017 -40"><span class='ocrx_word' id='word_1_417' title='bbox 516 3796 706 3849; x_wconf 85' lang='lat' dir='ltr'><strong>onmia</strong></span> <span class='ocrx_word' id='word_1_418' title='bbox 746 3798 941 3864; x_wconf 79' lang='lat' dir='ltr'><strong>possit,</strong></span> <span class='ocrx_word' id='word_1_419' title='bbox 1006 3801 1170 3856; x_wconf 84' lang='lat' dir='ltr'><strong>etiam</strong></span> <span class='ocrx_word' id='word_1_420' title='bbox 1231 3803 1395 3860; x_wconf 81' lang='lat' dir='ltr'><strong>homo</strong></span> <span class='ocrx_word' id='word_1_421' title='bbox 1446 3807 1565 3862; x_wconf 79' lang='lat' dir='ltr'><strong>ﬁeri</strong></span> <span class='ocrx_word' id='word_1_422' title='bbox 1608 3814 1786 3881; x_wconf 90' lang='lat' dir='ltr'><strong>potuit</strong></span> <span class='ocrx_word' id='word_1_423' title='bbox 1826 3830 2105 3887; x_wconf 81' lang='lat' dir='ltr'><strong>:vereqne</strong></span> 
     </span>
    </p>
   </div>
   <div class='ocr_carea' id='block_1_57' title="bbox 520 3885 2105 3971">
    <p class='ocr_par' dir='ltr' id='par_1_57' title="bbox 520 3885 2105 3971">
     <span class='ocr_line' id='line_1_57' title="bbox 520 3885 2105 3971; baseline 0.018 -34"><span class='ocrx_word' id='word_1_424' title='bbox 520 3885 838 3945; x_wconf 82' lang='lat' dir='ltr'><strong>incarnatus</strong></span> <span class='ocrx_word' id='word_1_425' title='bbox 895 3906 961 3947; x_wconf 83' lang='lat' dir='ltr'><strong>ac</strong></span> <span class='ocrx_word' id='word_1_426' title='bbox 1014 3891 1193 3949; x_wconf 81' lang='lat' dir='ltr'><strong>Iactus</strong></span> <span class='ocrx_word' id='word_1_427' title='bbox 1250 3894 1416 3952; x_wconf 87' lang='lat' dir='ltr'><strong>homo</strong></span> <span class='ocrx_word' id='word_1_428' title='bbox 1463 3897 1532 3955; x_wconf 91' lang='lat' dir='ltr'><strong>de</strong></span> <span class='ocrx_word' id='word_1_429' title='bbox 1564 3900 1772 3971; x_wconf 85' lang='lat' dir='ltr'><strong>Spiritu</strong></span> <span class='ocrx_word' id='word_1_430' title='bbox 1828 3885 2105 3965; x_wconf 59' lang='lat' dir='ltr'><strong>sancton</strong></span> 
     </span>
    </p>
   </div>
   <div class='ocr_carea' id='block_1_58' title="bbox 518 3975 2101 4065">
    <p class='ocr_par' dir='ltr' id='par_1_58' title="bbox 518 3975 2101 4065">
     <span class='ocr_line' id='line_1_58' title="bbox 518 3975 2101 4065; baseline 0.016 -35"><span class='ocrx_word' id='word_1_431' title='bbox 518 3975 685 4032; x_wconf 71' lang='lat' dir='ltr'><strong>Maria</strong></span> <span class='ocrx_word' id='word_1_432' title='bbox 735 3977 977 4051; x_wconf 81' lang='lat' dir='ltr'><strong>Virgine,</strong></span> <span class='ocrx_word' id='word_1_433' title='bbox 1015 3984 1069 4038; x_wconf 90' lang='lat' dir='ltr'><strong>in</strong></span> <span class='ocrx_word' id='word_1_434' title='bbox 1113 3986 1269 4042; x_wconf 62' lang='lat' dir='ltr'><strong>caelis</strong></span> <span class='ocrx_word' id='word_1_435' title='bbox 1322 4004 1448 4045; x_wconf 87' lang='lat' dir='ltr'><strong>esse</strong></span> <span class='ocrx_word' id='word_1_436' title='bbox 1509 4007 1617 4047; x_wconf 90' lang='lat' dir='ltr'><strong>non</strong></span> <span class='ocrx_word' id='word_1_437' title='bbox 1660 3994 1993 4065; x_wconf 85' lang='lat' dir='ltr'><strong>destitit,et</strong></span> <span class='ocrx_word' id='word_1_438' title='bbox 2047 4001 2101 4057; x_wconf 92' lang='lat' dir='ltr'><strong>in</strong></span> 
     </span>
    </p>
   </div>
   <div class='ocr_carea' id='block_1_59' title="bbox 518 4070 2104 4157">
    <p class='ocr_par' dir='ltr' id='par_1_59' title="bbox 518 4070 2104 4157">
     <span class='ocr_line' id='line_1_59' title="bbox 518 4070 2104 4157; baseline 0.016 -35"><span class='ocrx_word' id='word_1_439' title='bbox 518 4070 686 4125; x_wconf 89' lang='lat' dir='ltr'><strong>terris</strong></span> <span class='ocrx_word' id='word_1_440' title='bbox 725 4071 843 4143; x_wconf 81' lang='lat' dir='ltr'><strong>ipse</strong></span> <span class='ocrx_word' id='word_1_441' title='bbox 872 4084 1018 4129; x_wconf 79' lang='lat' dir='ltr'><strong>totus</strong></span> <span class='ocrx_word' id='word_1_442' title='bbox 1046 4076 1365 4135; x_wconf 86' lang='lat' dir='ltr'><strong>incarnatus</strong></span> <span class='ocrx_word' id='word_1_443' title='bbox 1392 4082 1634 4138; x_wconf 75' lang='lat' dir='ltr'><strong>exsistit.</strong></span> <span class='ocrx_word' id='word_1_444' title='bbox 1664 4086 1799 4152; x_wconf 87' lang='lat' dir='ltr'><strong>Quis</strong></span> <span class='ocrx_word' id='word_1_445' title='bbox 1830 4105 1961 4157; x_wconf 83' lang='lat' dir='ltr'><strong>ergo</strong></span> <span class='ocrx_word' id='word_1_446' title='bbox 1984 4093 2104 4147; x_wconf 83' lang='lat' dir='ltr'><strong>eie-</strong></span> 
     </span>
    </p>
   </div>
   <div class='ocr_carea' id='block_1_60' title="bbox 515 4162 2099 4249">
    <p class='ocr_par' dir='ltr' id='par_1_60' title="bbox 515 4162 2099 4249">
     <span class='ocr_line' id='line_1_60' title="bbox 515 4162 2099 4249; baseline 0.018 -37"><span class='ocrx_word' id='word_1_447' title='bbox 515 4162 715 4229; x_wconf 89' lang='lat' dir='ltr'><strong>quiaut</strong></span> <span class='ocrx_word' id='word_1_448' title='bbox 743 4179 971 4233; x_wconf 88' lang='lat' dir='ltr'><strong>prorsus</strong></span> <span class='ocrx_word' id='word_1_449' title='bbox 1012 4183 1277 4226; x_wconf 84' lang='lat' dir='ltr'><strong>enarrare</strong></span> <span class='ocrx_word' id='word_1_450' title='bbox 1327 4177 1649 4245; x_wconf 84' lang='lat' dir='ltr'><strong>mysterium</strong></span> <span class='ocrx_word' id='word_1_451' title='bbox 1695 4183 1905 4249; x_wconf 87' lang='lat' dir='ltr'><strong>possit?</strong></span> <span class='ocrx_word' id='word_1_452' title='bbox 1943 4183 2099 4249; x_wconf 84' lang='lat' dir='ltr'><strong>Quod</strong></span> 
     </span>
    </p>
   </div>
   <div class='ocr_carea' id='block_1_61' title="bbox 2200 1888 3787 1963">
    <p class='ocr_par' dir='ltr' id='par_1_61' title="bbox 2200 1888 3787 1963">
     <span class='ocr_line' id='line_1_61' title="bbox 2200 1888 3787 1963; baseline -0.002 -17"><span class='ocrx_word' id='word_1_453' title='bbox 2200 1893 2410 1963; x_wconf 86' lang='grc' dir='ltr'><strong>μάτως,</strong></span> <span class='ocrx_word' id='word_1_454' title='bbox 2448 1890 2553 1962; x_wconf 88' lang='grc' dir='ltr'><strong>πρὸ</strong></span> <span class='ocrx_word' id='word_1_455' title='bbox 2587 1892 2807 1945; x_wconf 85' lang='grc' dir='ltr'><strong>πάντων</strong></span> <span class='ocrx_word' id='word_1_456' title='bbox 2835 1890 2943 1944; x_wconf 83' lang='grc' dir='ltr'><strong>τῶν</strong></span> <span class='ocrx_word' id='word_1_457' title='bbox 2975 1890 3210 1944; x_wconf 83' lang='grc' dir='ltr'><strong>αίώνων.</strong></span> <span class='ocrx_word' id='word_1_458' title='bbox 3254 1890 3427 1954; x_wconf 78' lang='grc' dir='ltr'><strong>Αὐτὸς</strong></span> <span class='ocrx_word' id='word_1_459' title='bbox 3451 1888 3544 1943; x_wconf 85' lang='grc' dir='ltr'><strong>οῦν</strong></span> <span class='ocrx_word' id='word_1_460' title='bbox 3586 1892 3617 1943; x_wconf 90' lang='lat'><strong>6</strong></span> <span class='ocrx_word' id='word_1_461' title='bbox 3655 1889 3787 1953; x_wconf 86' lang='grc' dir='ltr'><strong>Υίὸς</strong></span> 
     </span>
    </p>
   </div>
   <div class='ocr_carea' id='block_1_62' title="bbox 2196 1980 3792 2053">
    <p class='ocr_par' dir='ltr' id='par_1_62' title="bbox 2196 1980 3792 2053">
     <span class='ocr_line' id='line_1_62' title="bbox 2196 1980 3792 2053; baseline -0.003 -16"><span class='ocrx_word' id='word_1_462' title='bbox 2196 1982 2290 2037; x_wconf 80' lang='grc' dir='ltr'><strong>τοῦ</strong></span> <span class='ocrx_word' id='word_1_463' title='bbox 2313 1982 2471 2045; x_wconf 82' lang='grc' dir='ltr'>Θεοῦ,</span> <span class='ocrx_word' id='word_1_464' title='bbox 2509 1982 2573 2035; x_wconf 79' lang='grc' dir='ltr'>τὸ</span> <span class='ocrx_word' id='word_1_465' title='bbox 2604 1983 2720 2051; x_wconf 85' lang='grc' dir='ltr'><strong>φῶς</strong></span> <span class='ocrx_word' id='word_1_466' title='bbox 2752 1983 2819 2035; x_wconf 76' lang='grc' dir='ltr'><strong>ἐκ</strong></span> <span class='ocrx_word' id='word_1_467' title='bbox 2845 1980 2941 2035; x_wconf 86' lang='grc' dir='ltr'><strong>τοῦ</strong></span> <span class='ocrx_word' id='word_1_468' title='bbox 2980 1982 3184 2051; x_wconf 76' lang='grc' dir='ltr'><strong>φωτὸς,</strong></span> <span class='ocrx_word' id='word_1_469' title='bbox 3219 1983 3249 2035; x_wconf 88' lang='lat'><strong>6</strong></span> <span class='ocrx_word' id='word_1_470' title='bbox 3278 1981 3532 2053; x_wconf 87' lang='grc' dir='ltr'><strong>ἀληθινὸς</strong></span> <span class='ocrx_word' id='word_1_471' title='bbox 3562 1981 3693 2044; x_wconf 84' lang='grc' dir='ltr'>Θεὸς</span> <span class='ocrx_word' id='word_1_472' title='bbox 3720 1981 3792 2033; x_wconf 69' lang='grc' dir='ltr'><strong>ιχ</strong></span> 
     </span>
    </p>
   </div>
   <div class='ocr_carea' id='block_1_63' title="bbox 2197 2073 3788 2145">
    <p class='ocr_par' dir='ltr' id='par_1_63' title="bbox 2197 2073 3788 2145">
     <span class='ocr_line' id='line_1_63' title="bbox 2197 2073 3788 2145; baseline -0.002 -16"><span class='ocrx_word' id='word_1_473' title='bbox 2197 2075 2293 2129; x_wconf 82' lang='grc' dir='ltr'><strong>τοῦ</strong></span> <span class='ocrx_word' id='word_1_474' title='bbox 2323 2074 2583 2145; x_wconf 80' lang='grc' dir='ltr'><strong>ἀληθινοῦ</strong></span> <span class='ocrx_word' id='word_1_475' title='bbox 2619 2074 2756 2128; x_wconf 85' lang='grc' dir='ltr'>Θεοῦ</span> <span class='ocrx_word' id='word_1_476' title='bbox 2789 2075 2887 2128; x_wconf 76' lang='grc' dir='ltr'><strong>καὶ</strong></span> <span class='ocrx_word' id='word_1_477' title='bbox 2918 2075 3152 2144; x_wconf 81' lang='grc' dir='ltr'><strong>Πατρὸς,</strong></span> <span class='ocrx_word' id='word_1_478' title='bbox 3181 2078 3249 2145; x_wconf 73' lang='grc' dir='ltr'><strong>τῇ</strong></span> <span class='ocrx_word' id='word_1_479' title='bbox 3276 2074 3500 2145; x_wconf 70' lang='grc' dir='ltr'><strong>εὐδοκία</strong></span> <span class='ocrx_word' id='word_1_480' title='bbox 3547 2073 3643 2126; x_wconf 86' lang='grc' dir='ltr'><strong>τοῦ</strong></span> <span class='ocrx_word' id='word_1_481' title='bbox 3674 2074 3788 2126; x_wconf 85' lang='grc' dir='ltr'><strong>Πα-</strong></span> 
     </span>
    </p>
   </div>
   <div class='ocr_carea' id='block_1_64' title="bbox 2198 2166 3792 2237">
    <p class='ocr_par' dir='ltr' id='par_1_64' title="bbox 2198 2166 3792 2237">
     <span class='ocr_line' id='line_1_64' title="bbox 2198 2166 3792 2237; baseline 0.001 -18"><span class='ocrx_word' id='word_1_482' title='bbox 2198 2167 2328 2237; x_wconf 86' lang='grc' dir='ltr'><strong>τρὸς</strong></span> <span class='ocrx_word' id='word_1_483' title='bbox 2355 2166 2646 2237; x_wconf 71' lang='grc' dir='ltr'><strong>ἐσαρκώθη</strong></span> <span class='ocrx_word' id='word_1_484' title='bbox 2688 2168 2748 2219; x_wconf 76' lang='grc' dir='ltr'><strong>ὲν</strong></span> <span class='ocrx_word' id='word_1_485' title='bbox 2776 2170 2842 2236; x_wconf 80' lang='grc' dir='ltr'><strong>τῇ</strong></span> <span class='ocrx_word' id='word_1_486' title='bbox 2874 2168 3139 2237; x_wconf 84' lang='grc' dir='ltr'><strong>πανάγνῳ</strong></span> <span class='ocrx_word' id='word_1_487' title='bbox 3190 2168 3285 2219; x_wconf 75' lang='grc' dir='ltr'><strong>καὶ</strong></span> <span class='ocrx_word' id='word_1_488' title='bbox 3325 2167 3432 2219; x_wconf 81' lang='grc' dir='ltr'><strong>ὑπὸ</strong></span> <span class='ocrx_word' id='word_1_489' title='bbox 3465 2166 3792 2236; x_wconf 83' lang='grc' dir='ltr'><strong>Πνεύματος</strong></span> 
     </span>
    </p>
   </div>
   <div class='ocr_carea' id='block_1_65' title="bbox 2200 2256 3790 2329">
    <p class='ocr_par' dir='ltr' id='par_1_65' title="bbox 2200 2256 3790 2329">
     <span class='ocr_line' id='line_1_65' title="bbox 2200 2256 3790 2329; baseline -0.001 -20"><span class='ocrx_word' id='word_1_490' title='bbox 2200 2258 2360 2325; x_wconf 81' lang='grc' dir='ltr'><strong>ἁγίου</strong></span> <span class='ocrx_word' id='word_1_491' title='bbox 2403 2256 2853 2329; x_wconf 77' lang='grc' dir='ltr'><strong>καθαγιαξομένῃ</strong></span> <span class='ocrx_word' id='word_1_492' title='bbox 2907 2256 3172 2326; x_wconf 77' lang='grc' dir='ltr'><strong>Παρθένῳ</strong></span> <span class='ocrx_word' id='word_1_493' title='bbox 3200 2260 3266 2327; x_wconf 81' lang='grc' dir='ltr'><strong>τῇ</strong></span> <span class='ocrx_word' id='word_1_494' title='bbox 3298 2257 3431 2326; x_wconf 70' lang='grc' dir='ltr'><strong>ἀγίᾳ</strong></span> <span class='ocrx_word' id='word_1_495' title='bbox 3476 2257 3687 2327; x_wconf 82' lang='grc' dir='ltr'><strong>Μαρίᾳ,</strong></span> <span class='ocrx_word' id='word_1_496' title='bbox 3719 2257 3790 2326; x_wconf 75' lang='grc' dir='ltr'><strong>τῇ</strong></span> 
     </span>
    </p>
   </div>
   <div class='ocr_carea' id='block_1_66' title="bbox 2201 2347 3793 2420">
    <p class='ocr_par' dir='ltr' id='par_1_66' title="bbox 2201 2347 3793 2420">
     <span class='ocr_line' id='line_1_66' title="bbox 2201 2347 3793 2420; baseline -0.002 -17"><span class='ocrx_word' id='word_1_497' title='bbox 2201 2350 2412 2420; x_wconf 85' lang='grc' dir='ltr'><strong>κυρίως</strong></span> <span class='ocrx_word' id='word_1_498' title='bbox 2427 2348 2523 2401; x_wconf 69' lang='grc' dir='ltr'><strong>καὶ</strong></span> <span class='ocrx_word' id='word_1_499' title='bbox 2554 2350 2697 2403; x_wconf 88' lang='grc' dir='ltr'><strong>κατά</strong></span> <span class='ocrx_word' id='word_1_500' title='bbox 2725 2347 2985 2417; x_wconf 80' lang='grc' dir='ltr'><strong>ἀλήθειαν</strong></span> <span class='ocrx_word' id='word_1_501' title='bbox 2998 2348 3271 2417; x_wconf 70' lang='grc' dir='ltr'><strong>Θεοτόκῳ.</strong></span> <span class='ocrx_word' id='word_1_502' title='bbox 3308 2350 3414 2400; x_wconf 81' lang='grc' dir='ltr'><strong>Καὶ</strong></span> <span class='ocrx_word' id='word_1_503' title='bbox 3445 2348 3636 2417; x_wconf 85' lang='grc' dir='ltr'><strong>ὥσπερ</strong></span> <span class='ocrx_word' id='word_1_504' title='bbox 3668 2349 3702 2417; x_wconf 80' lang='grc' dir='ltr'>ἡ</span> <span class='ocrx_word' id='word_1_505' title='bbox 3724 2350 3793 2401; x_wconf 75' lang='lat' dir='ltr'><strong>hs</strong></span> 
     </span>
    </p>
   </div>
   <div class='ocr_carea' id='block_1_67' title="bbox 2199 2436 3793 2507">
    <p class='ocr_par' dir='ltr' id='par_1_67' title="bbox 2199 2436 3793 2507">
     <span class='ocr_line' id='line_1_67' title="bbox 2199 2436 3793 2507; baseline -0.003 -15"><span class='ocrx_word' id='word_1_506' title='bbox 2199 2438 2296 2492; x_wconf 83' lang='grc' dir='ltr'><strong>τοῦ</strong></span> <span class='ocrx_word' id='word_1_507' title='bbox 2330 2437 2545 2507; x_wconf 88' lang='grc' dir='ltr'><strong>Πατρὸς</strong></span> <span class='ocrx_word' id='word_1_508' title='bbox 2583 2437 2839 2507; x_wconf 71' lang='grc' dir='ltr'><strong>γέννησις</strong></span> <span class='ocrx_word' id='word_1_509' title='bbox 2876 2436 3044 2489; x_wconf 83' lang='grc' dir='ltr'><strong>αὐτοῦ</strong></span> <span class='ocrx_word' id='word_1_510' title='bbox 3099 2436 3193 2489; x_wconf 85' lang='grc' dir='ltr'><strong>τοῦ</strong></span> <span class='ocrx_word' id='word_1_511' title='bbox 3228 2436 3357 2489; x_wconf 86' lang='grc' dir='ltr'><strong>Υίοῦ</strong></span> <span class='ocrx_word' id='word_1_512' title='bbox 3403 2436 3793 2505; x_wconf 72' lang='grc' dir='ltr'><strong>ἀκατάληκτός</strong></span> 
     </span>
    </p>
   </div>
   <div class='ocr_carea' id='block_1_68' title="bbox 2204 2525 3794 2598">
    <p class='ocr_par' dir='ltr' id='par_1_68' title="bbox 2204 2525 3794 2598">
     <span class='ocr_line' id='line_1_68' title="bbox 2204 2525 3794 2598; baseline -0.002 -16"><span class='ocrx_word' id='word_1_513' title='bbox 2204 2528 2289 2591; x_wconf 81' lang='grc' dir='ltr'><strong>τίς</strong></span> <span class='ocrx_word' id='word_1_514' title='bbox 2310 2529 2428 2581; x_wconf 72' lang='grc' dir='ltr'><strong>ἔστι</strong></span> <span class='ocrx_word' id='word_1_515' title='bbox 2461 2526 2557 2581; x_wconf 79' lang='grc' dir='ltr'><strong>καὶ</strong></span> <span class='ocrx_word' id='word_1_516' title='bbox 2583 2528 3017 2598; x_wconf 76' lang='grc' dir='ltr'><strong>ἀνερμήνευτος,</strong></span> <span class='ocrx_word' id='word_1_517' title='bbox 3041 2527 3138 2580; x_wconf 78' lang='grc' dir='ltr'><strong>καὶ</strong></span> <span class='ocrx_word' id='word_1_518' title='bbox 3168 2526 3258 2579; x_wconf 78' lang='grc' dir='ltr'><strong>διὰ</strong></span> <span class='ocrx_word' id='word_1_519' title='bbox 3286 2525 3449 2579; x_wconf 88' lang='grc' dir='ltr'><strong>τοῦτο</strong></span> <span class='ocrx_word' id='word_1_520' title='bbox 3483 2525 3664 2579; x_wconf 78' lang='grc' dir='ltr'><strong>πίστει</strong></span> <span class='ocrx_word' id='word_1_521' title='bbox 3695 2526 3794 2579; x_wconf 71' lang='grc' dir='ltr'><strong>καὶ</strong></span> 
     </span>
    </p>
   </div>
   <div class='ocr_carea' id='block_1_69' title="bbox 2204 2616 3785 2689">
    <p class='ocr_par' dir='ltr' id='par_1_69' title="bbox 2204 2616 3785 2689">
     <span class='ocr_line' id='line_1_69' title="bbox 2204 2616 3785 2689; baseline -0.002 -17"><span class='ocrx_word' id='word_1_522' title='bbox 2204 2621 2383 2689; x_wconf 74' lang='grc' dir='ltr'><strong>σιωπῇ</strong></span> <span class='ocrx_word' id='word_1_523' title='bbox 2442 2617 2856 2688; x_wconf 81' lang='grc' dir='ltr'><strong>προσκυνοῦμεν</strong></span> <span class='ocrx_word' id='word_1_524' title='bbox 2906 2618 3004 2672; x_wconf 79' lang='grc' dir='ltr'><strong>καὶ</strong></span> <span class='ocrx_word' id='word_1_525' title='bbox 3057 2616 3386 2687; x_wconf 73' lang='grc' dir='ltr'><strong>δοξάζομεν·</strong></span> <span class='ocrx_word' id='word_1_526' title='bbox 3448 2617 3619 2679; x_wconf 72' lang='grc' dir='ltr'><strong>οὕτως</strong></span> <span class='ocrx_word' id='word_1_527' title='bbox 3680 2616 3785 2669; x_wconf 83' lang='grc' dir='ltr'><strong>τοῦ</strong></span> 
     </span>
    </p>
   </div>
   <div class='ocr_carea' id='block_1_70' title="bbox 2203 2708 3794 2782">
    <p class='ocr_par' dir='ltr' id='par_1_70' title="bbox 2203 2708 3794 2782">
     <span class='ocr_line' id='line_1_70' title="bbox 2203 2708 3794 2782; baseline -0.002 -17"><span class='ocrx_word' id='word_1_528' title='bbox 2203 2712 2375 2766; x_wconf 79' lang='grc' dir='ltr'><strong>αὑτοῦ</strong></span> <span class='ocrx_word' id='word_1_529' title='bbox 2415 2710 2548 2764; x_wconf 84' lang='grc' dir='ltr'><strong>Υἱοῦ</strong></span> <span class='ocrx_word' id='word_1_530' title='bbox 2579 2708 2677 2764; x_wconf 87' lang='grc' dir='ltr'><strong>τοῦ</strong></span> <span class='ocrx_word' id='word_1_531' title='bbox 2705 2710 2842 2764; x_wconf 89' lang='grc' dir='ltr'>Θεοῦ</span> <span class='ocrx_word' id='word_1_532' title='bbox 2876 2712 2972 2764; x_wconf 76' lang='grc' dir='ltr'><strong>καὶ</strong></span> <span class='ocrx_word' id='word_1_533' title='bbox 3000 2712 3034 2780; x_wconf 80' lang='grc' dir='ltr'>ἡ</span> <span class='ocrx_word' id='word_1_534' title='bbox 3064 2712 3129 2763; x_wconf 79' lang='grc' dir='ltr'><strong>ἐκ</strong></span> <span class='ocrx_word' id='word_1_535' title='bbox 3149 2710 3247 2778; x_wconf 81' lang='grc' dir='ltr'><strong>τῆς</strong></span> <span class='ocrx_word' id='word_1_536' title='bbox 3280 2710 3487 2782; x_wconf 82' lang='grc' dir='ltr'><strong>μητρὸς</strong></span> <span class='ocrx_word' id='word_1_537' title='bbox 3526 2712 3616 2763; x_wconf 77' lang='grc' dir='ltr'><strong>καὶ</strong></span> <span class='ocrx_word' id='word_1_538' title='bbox 3645 2710 3794 2779; x_wconf 85' lang='grc' dir='ltr'><strong>Παρ-</strong></span> 
     </span>
    </p>
   </div>
   <div class='ocr_carea' id='block_1_71' title="bbox 2114 2800 3785 2874">
    <p class='ocr_par' dir='ltr' id='par_1_71' title="bbox 2114 2800 3785 2874">
     <span class='ocr_line' id='line_1_71' title="bbox 2114 2800 3785 2874; baseline -0.004 -15"><span class='ocrx_word' id='word_1_539' title='bbox 2114 2870 2119 2871; x_wconf 16' lang='grc' dir='ltr'><strong>γ</strong></span> <span class='ocrx_word' id='word_1_540' title='bbox 2203 2806 2359 2859; x_wconf 80' lang='grc' dir='ltr'><strong>θένου</strong></span> <span class='ocrx_word' id='word_1_541' title='bbox 2384 2804 2650 2874; x_wconf 77' lang='grc' dir='ltr'><strong>ενσαρκος</strong></span> <span class='ocrx_word' id='word_1_542' title='bbox 2672 2803 2950 2874; x_wconf 79' lang='grc' dir='ltr'><strong>γέννησις,</strong></span> <span class='ocrx_word' id='word_1_543' title='bbox 2990 2802 3269 2874; x_wconf 76' lang='grc' dir='ltr'><strong>ἀφραστός</strong></span> <span class='ocrx_word' id='word_1_544' title='bbox 3295 2803 3414 2856; x_wconf 64' lang='grc' dir='ltr'><strong>ἔστι</strong></span> <span class='ocrx_word' id='word_1_545' title='bbox 3454 2803 3545 2855; x_wconf 80' lang='grc' dir='ltr'><strong>καὶ</strong></span> <span class='ocrx_word' id='word_1_546' title='bbox 3571 2800 3785 2854; x_wconf 83' lang='grc' dir='ltr'><strong>ἀνεκδι-</strong></span> 
     </span>
    </p>
   </div>
   <div class='ocr_carea' id='block_1_72' title="bbox 2205 2893 2899 2963">
    <p class='ocr_par' dir='ltr' id='par_1_72' title="bbox 2205 2893 2899 2963">
     <span class='ocr_line' id='line_1_72' title="bbox 2205 2893 2899 2963; baseline 0.001 -16"><span class='ocrx_word' id='word_1_547' title='bbox 2205 2898 2427 2963; x_wconf 84' lang='grc' dir='ltr'><strong>ήγητος.</strong></span> <span class='ocrx_word' id='word_1_548' title='bbox 2455 2894 2565 2947; x_wconf 73' lang='grc' dir='ltr'><strong>Καὶ</strong></span> <span class='ocrx_word' id='word_1_549' title='bbox 2590 2893 2728 2962; x_wconf 84' lang='grc' dir='ltr'><strong>μάθε</strong></span> <span class='ocrx_word' id='word_1_550' title='bbox 2760 2893 2899 2956; x_wconf 79' lang='grc' dir='ltr'><strong>πῶς.</strong></span> 
     </span>
    </p>
   </div>
   <div class='ocr_carea' id='block_1_73' title="bbox 2279 2978 3790 3051">
    <p class='ocr_par' dir='ltr' id='par_1_73' title="bbox 2279 2978 3790 3051">
     <span class='ocr_line' id='line_1_73' title="bbox 2279 2978 3790 3051; baseline -0.003 -15"><span class='ocrx_word' id='word_1_551' title='bbox 2279 2978 2357 3046; x_wconf 81' lang='grc' dir='ltr'><strong>ς’.</strong></span> <span class='ocrx_word' id='word_1_552' title='bbox 2403 2983 2459 3035; x_wconf 86' lang='grc' dir='ltr'><strong>Ὀ</strong></span> <span class='ocrx_word' id='word_1_553' title='bbox 2483 2978 2578 3035; x_wconf 80' lang='grc' dir='ltr'><strong>οὖν</strong></span> <span class='ocrx_word' id='word_1_554' title='bbox 2613 2982 2910 3051; x_wconf 80' lang='grc' dir='ltr'><strong>μονογενὴς</strong></span> <span class='ocrx_word' id='word_1_555' title='bbox 2936 2980 3065 3043; x_wconf 83' lang='grc' dir='ltr'><strong>Υἱὸς</strong></span> <span class='ocrx_word' id='word_1_556' title='bbox 3087 2979 3181 3033; x_wconf 86' lang='grc' dir='ltr'><strong>τοῦ</strong></span> <span class='ocrx_word' id='word_1_557' title='bbox 3212 2979 3371 3040; x_wconf 84' lang='grc' dir='ltr'>Θεοῦ,</span> <span class='ocrx_word' id='word_1_558' title='bbox 3389 2981 3419 3033; x_wconf 88' lang='lat'><strong>6</strong></span> <span class='ocrx_word' id='word_1_559' title='bbox 3447 2980 3550 3050; x_wconf 84' lang='grc' dir='ltr'><strong>πρὸ</strong></span> <span class='ocrx_word' id='word_1_560' title='bbox 3573 2978 3790 3032; x_wconf 80' lang='grc' dir='ltr'><strong>πάντων</strong></span> 
     </span>
    </p>
   </div>
   <div class='ocr_carea' id='block_1_74' title="bbox 2205 3070 3795 3142">
    <p class='ocr_par' dir='ltr' id='par_1_74' title="bbox 2205 3070 3795 3142">
     <span class='ocr_line' id='line_1_74' title="bbox 2205 3070 3795 3142; baseline -0.003 -16"><span class='ocrx_word' id='word_1_561' title='bbox 2205 3074 2313 3126; x_wconf 81' lang='grc' dir='ltr'><strong>τῶν</strong></span> <span class='ocrx_word' id='word_1_562' title='bbox 2344 3072 2557 3125; x_wconf 78' lang='grc' dir='ltr'><strong>αἰώνων</strong></span> <span class='ocrx_word' id='word_1_563' title='bbox 2588 3075 2653 3124; x_wconf 84' lang='grc' dir='ltr'><strong>ἐκ</strong></span> <span class='ocrx_word' id='word_1_564' title='bbox 2677 3072 2771 3125; x_wconf 88' lang='grc' dir='ltr'><strong>τοῦ</strong></span> <span class='ocrx_word' id='word_1_565' title='bbox 2816 3072 3030 3142; x_wconf 88' lang='grc' dir='ltr'><strong>Πατρὸς</strong></span> <span class='ocrx_word' id='word_1_566' title='bbox 3056 3071 3364 3141; x_wconf 72' lang='grc' dir='ltr'><strong>γεννηθεὶς,</strong></span> <span class='ocrx_word' id='word_1_567' title='bbox 3408 3070 3795 3139; x_wconf 74' lang='grc' dir='ltr'><strong>ἀπερίγραφός</strong></span> 
     </span>
    </p>
   </div>
   <div class='ocr_carea' id='block_1_75' title="bbox 2206 3161 3797 3232">
    <p class='ocr_par' dir='ltr' id='par_1_75' title="bbox 2206 3161 3797 3232">
     <span class='ocr_line' id='line_1_75' title="bbox 2206 3161 3797 3232; baseline -0.004 -12"><span class='ocrx_word' id='word_1_568' title='bbox 2206 3169 2345 3232; x_wconf 77' lang='grc' dir='ltr'><strong>ἐστι,</strong></span> <span class='ocrx_word' id='word_1_569' title='bbox 2382 3164 2479 3217; x_wconf 75' lang='grc' dir='ltr'><strong>καὶ</strong></span> <span class='ocrx_word' id='word_1_570' title='bbox 2511 3166 2623 3219; x_wconf 82' lang='grc' dir='ltr'><strong>ἀνω</strong></span> <span class='ocrx_word' id='word_1_571' title='bbox 2665 3164 2781 3217; x_wconf 70' lang='grc' dir='ltr'><strong>ἐστὶ</strong></span> <span class='ocrx_word' id='word_1_572' title='bbox 2813 3164 2904 3216; x_wconf 78' lang='grc' dir='ltr'><strong>καὶ</strong></span> <span class='ocrx_word' id='word_1_573' title='bbox 2930 3162 3100 3230; x_wconf 84' lang='grc' dir='ltr'><strong>κάτω,</strong></span> <span class='ocrx_word' id='word_1_574' title='bbox 3130 3164 3223 3215; x_wconf 74' lang='grc' dir='ltr'><strong>καὶ</strong></span> <span class='ocrx_word' id='word_1_575' title='bbox 3252 3161 3322 3215; x_wconf 76' lang='grc' dir='ltr'><strong>τὰ</strong></span> <span class='ocrx_word' id='word_1_576' title='bbox 3354 3163 3531 3216; x_wconf 84' lang='grc' dir='ltr'><strong>πάντα</strong></span> <span class='ocrx_word' id='word_1_577' title='bbox 3559 3164 3615 3215; x_wconf 74' lang='grc' dir='ltr'><strong>ὲν</strong></span> <span class='ocrx_word' id='word_1_578' title='bbox 3645 3161 3797 3230; x_wconf 71' lang='grc' dir='ltr'><strong>χειρὶ</strong></span> 
     </span>
    </p>
   </div>
   <div class='ocr_carea' id='block_1_76' title="bbox 2204 3256 3800 3329">
    <p class='ocr_par' dir='ltr' id='par_1_76' title="bbox 2204 3256 3800 3329">
     <span class='ocr_line' id='line_1_76' title="bbox 2204 3256 3800 3329; baseline -0.004 -16"><span class='ocrx_word' id='word_1_579' title='bbox 2204 3261 2341 3329; x_wconf 78' lang='grc' dir='ltr'><strong>ἔχει,</strong></span> <span class='ocrx_word' id='word_1_580' title='bbox 2369 3260 2463 3313; x_wconf 82' lang='grc' dir='ltr'><strong>καὶ</strong></span> <span class='ocrx_word' id='word_1_581' title='bbox 2495 3259 2562 3311; x_wconf 86' lang='grc' dir='ltr'><strong>τά</strong></span> <span class='ocrx_word' id='word_1_582' title='bbox 2593 3259 2773 3311; x_wconf 86' lang='grc' dir='ltr'><strong>πάντα</strong></span> <span class='ocrx_word' id='word_1_583' title='bbox 2796 3260 2855 3310; x_wconf 83' lang='grc' dir='ltr'><strong>ὲν</strong></span> <span class='ocrx_word' id='word_1_584' title='bbox 2883 3256 3033 3327; x_wconf 83' lang='grc' dir='ltr'><strong>αύτῷ</strong></span> <span class='ocrx_word' id='word_1_585' title='bbox 3052 3258 3373 3327; x_wconf 79' lang='grc' dir='ltr'><strong>συνέστηκε,</strong></span> <span class='ocrx_word' id='word_1_586' title='bbox 3400 3258 3494 3309; x_wconf 71' lang='grc' dir='ltr'><strong>καὶ</strong></span> <span class='ocrx_word' id='word_1_587' title='bbox 3520 3256 3586 3309; x_wconf 82' lang='grc' dir='ltr'><strong>τά</strong></span> <span class='ocrx_word' id='word_1_588' title='bbox 3614 3256 3800 3309; x_wconf 81' lang='grc' dir='ltr'><strong>πάντα.</strong></span> 
     </span>
    </p>
   </div>
   <div class='ocr_carea' id='block_1_77' title="bbox 2207 3348 3798 3423">
    <p class='ocr_par' dir='ltr' id='par_1_77' title="bbox 2207 3348 3798 3423">
     <span class='ocr_line' id='line_1_77' title="bbox 2207 3348 3798 3423; baseline -0.003 -18"><span class='ocrx_word' id='word_1_589' title='bbox 2207 3353 2429 3423; x_wconf 82' lang='grc' dir='ltr'><strong>πληροῖ,</strong></span> <span class='ocrx_word' id='word_1_590' title='bbox 2483 3352 2579 3403; x_wconf 74' lang='grc' dir='ltr'><strong>καὶ</strong></span> <span class='ocrx_word' id='word_1_591' title='bbox 2633 3351 2778 3421; x_wconf 70' lang='grc' dir='ltr'><strong>ὑπὲρ</strong></span> <span class='ocrx_word' id='word_1_592' title='bbox 2825 3350 2895 3403; x_wconf 71' lang='grc' dir='ltr'><strong>τά</strong></span> <span class='ocrx_word' id='word_1_593' title='bbox 2928 3350 3107 3403; x_wconf 83' lang='grc' dir='ltr'><strong>πάντα</strong></span> <span class='ocrx_word' id='word_1_594' title='bbox 3150 3348 3602 3419; x_wconf 79' lang='grc' dir='ltr'><strong>ὑπερεκτείνεται</strong></span> <span class='ocrx_word' id='word_1_595' title='bbox 3630 3386 3645 3408; x_wconf 84' lang='grc'><strong>,</strong></span> <span class='ocrx_word' id='word_1_596' title='bbox 3696 3348 3798 3401; x_wconf 78' lang='grc' dir='ltr'><strong>καὶ</strong></span> 
     </span>
    </p>
   </div>
   <div class='ocr_carea' id='block_1_78' title="bbox 2206 3440 3799 3514">
    <p class='ocr_par' dir='ltr' id='par_1_78' title="bbox 2206 3440 3799 3514">
     <span class='ocr_line' id='line_1_78' title="bbox 2206 3440 3799 3514; baseline -0.003 -16"><span class='ocrx_word' id='word_1_597' title='bbox 2206 3444 2467 3514; x_wconf 76' lang='grc' dir='ltr'><strong>ὑπεράνω</strong></span> <span class='ocrx_word' id='word_1_598' title='bbox 2518 3444 2738 3497; x_wconf 84' lang='grc' dir='ltr'><strong>πάντων</strong></span> <span class='ocrx_word' id='word_1_599' title='bbox 2783 3442 3030 3513; x_wconf 84' lang='grc' dir='ltr'><strong>οὐρανῶν</strong></span> <span class='ocrx_word' id='word_1_600' title='bbox 3057 3445 3200 3507; x_wconf 64' lang='grc' dir='ltr'><strong>ἐστι,</strong></span> <span class='ocrx_word' id='word_1_601' title='bbox 3241 3442 3336 3495; x_wconf 78' lang='grc' dir='ltr'><strong>καὶ</strong></span> <span class='ocrx_word' id='word_1_602' title='bbox 3387 3443 3488 3505; x_wconf 81' lang='grc' dir='ltr'><strong>τὰς</strong></span> <span class='ocrx_word' id='word_1_603' title='bbox 3518 3440 3799 3505; x_wconf 76' lang='grc' dir='ltr'><strong>ἀϐύσσους</strong></span> 
     </span>
    </p>
   </div>
   <div class='ocr_carea' id='block_1_79' title="bbox 2206 3533 3797 3607">
    <p class='ocr_par' dir='ltr' id='par_1_79' title="bbox 2206 3533 3797 3607">
     <span class='ocr_line' id='line_1_79' title="bbox 2206 3533 3797 3607; baseline -0.002 -17"><span class='ocrx_word' id='word_1_604' title='bbox 2206 3537 2418 3607; x_wconf 73' lang='grc' dir='ltr'><strong>καθορᾷ</strong></span> <span class='ocrx_word' id='word_1_605' title='bbox 2444 3552 2457 3567; x_wconf 76' lang='grc' dir='ltr'><strong><em>ο</em></strong></span> <span class='ocrx_word' id='word_1_606' title='bbox 2483 3537 2580 3590; x_wconf 81' lang='grc' dir='ltr'><strong>καὶ</strong></span> <span class='ocrx_word' id='word_1_607' title='bbox 2611 3535 2711 3589; x_wconf 80' lang='grc' dir='ltr'><strong>οὐκ</strong></span> <span class='ocrx_word' id='word_1_608' title='bbox 2745 3534 2861 3588; x_wconf 69' lang='grc' dir='ltr'><strong>ἔστι</strong></span> <span class='ocrx_word' id='word_1_609' title='bbox 2888 3534 3067 3597; x_wconf 81' lang='grc' dir='ltr'><strong>κτίσις</strong></span> <span class='ocrx_word' id='word_1_610' title='bbox 3091 3535 3306 3605; x_wconf 78' lang='grc' dir='ltr'><strong>ἀφανὴς</strong></span> <span class='ocrx_word' id='word_1_611' title='bbox 3347 3534 3581 3589; x_wconf 73' lang='grc' dir='ltr'><strong>ἐνώπιον</strong></span> <span class='ocrx_word' id='word_1_612' title='bbox 3600 3533 3797 3587; x_wconf 76' lang='grc' dir='ltr'><strong>αὐτοῦ.</strong></span> 
     </span>
    </p>
   </div>
   <div class='ocr_carea' id='block_1_80' title="bbox 2218 3624 3800 3694">
    <p class='ocr_par' dir='ltr' id='par_1_80' title="bbox 2218 3624 3800 3694">
     <span class='ocr_line' id='line_1_80' title="bbox 2218 3624 3800 3694; baseline -0.002 -13"><span class='ocrx_word' id='word_1_613' title='bbox 2218 3628 2306 3681; x_wconf 85' lang='grc' dir='ltr'><strong>Ἐν</strong></span> <span class='ocrx_word' id='word_1_614' title='bbox 2336 3626 2588 3694; x_wconf 73' lang='grc' dir='ltr'><strong>ἀγγέλοις</strong></span> <span class='ocrx_word' id='word_1_615' title='bbox 2624 3625 2768 3679; x_wconf 72' lang='grc' dir='ltr'><strong>ἐστίν</strong></span> <span class='ocrx_word' id='word_1_616' title='bbox 2789 3642 2803 3656; x_wconf 91' lang='grc'><strong>·</strong></span> <span class='ocrx_word' id='word_1_617' title='bbox 2836 3626 2956 3693; x_wconf 83' lang='grc' dir='ltr'><strong>ὅλος</strong></span> <span class='ocrx_word' id='word_1_618' title='bbox 2988 3624 3103 3678; x_wconf 82' lang='grc' dir='ltr'><strong>ἀνω</strong></span> <span class='ocrx_word' id='word_1_619' title='bbox 3162 3624 3278 3677; x_wconf 71' lang='grc' dir='ltr'><strong>ἐστι</strong></span> <span class='ocrx_word' id='word_1_620' title='bbox 3302 3640 3316 3655; x_wconf 75' lang='grc' dir='ltr'><strong>ο</strong></span> <span class='ocrx_word' id='word_1_621' title='bbox 3347 3625 3466 3687; x_wconf 85' lang='grc' dir='ltr'><strong>ὅλος</strong></span> <span class='ocrx_word' id='word_1_622' title='bbox 3511 3625 3800 3694; x_wconf 78' lang='grc' dir='ltr'><strong>πανταχοῦ</strong></span> 
     </span>
    </p>
   </div>
   <div class='ocr_carea' id='block_1_81' title="bbox 2206 3701 3800 3785">
    <p class='ocr_par' dir='ltr' id='par_1_81' title="bbox 2206 3701 3800 3785">
     <span class='ocr_line' id='line_1_81' title="bbox 2206 3701 3800 3785; baseline -0.003 -13"><span class='ocrx_word' id='word_1_623' title='bbox 2206 3721 2374 3774; x_wconf 75' lang='grc' dir='ltr'><strong>ἔστιν.</strong></span> <span class='ocrx_word' id='word_1_624' title='bbox 2402 3719 2571 3781; x_wconf 77' lang='grc' dir='ltr'><strong>Αὐτὸς</strong></span> <span class='ocrx_word' id='word_1_625' title='bbox 2597 3713 2691 3771; x_wconf 85' lang='grc' dir='ltr'><strong>οὖν</strong></span> <span class='ocrx_word' id='word_1_626' title='bbox 2718 3719 2746 3770; x_wconf 92' lang='lat'><strong>6</strong></span> <span class='ocrx_word' id='word_1_627' title='bbox 2777 3715 2905 3780; x_wconf 78' lang='grc' dir='ltr'><strong>Υἱὸς</strong></span> <span class='ocrx_word' id='word_1_628' title='bbox 2933 3717 3027 3770; x_wconf 84' lang='grc' dir='ltr'><strong>τοῦ</strong></span> <span class='ocrx_word' id='word_1_629' title='bbox 3062 3701 3267 3770; x_wconf 76' lang='grc' dir='ltr'>Θεοῦό</span> <span class='ocrx_word' id='word_1_630' title='bbox 3295 3716 3537 3779; x_wconf 83' lang='grc' dir='ltr'><strong>τοιοῦτος</strong></span> <span class='ocrx_word' id='word_1_631' title='bbox 3570 3717 3666 3770; x_wconf 77' lang='grc' dir='ltr'><strong>καὶ</strong></span> <span class='ocrx_word' id='word_1_632' title='bbox 3696 3734 3800 3785; x_wconf 75' lang='grc' dir='ltr'><strong>τη-</strong></span> 
     </span>
    </p>
   </div>
   <div class='ocr_carea' id='block_1_82' title="bbox 2206 3806 3800 3878">
    <p class='ocr_par' dir='ltr' id='par_1_82' title="bbox 2206 3806 3800 3878">
     <span class='ocr_line' id='line_1_82' title="bbox 2206 3806 3800 3878; baseline -0.001 -16"><span class='ocrx_word' id='word_1_633' title='bbox 2206 3809 2477 3873; x_wconf 80' lang='grc' dir='ltr'><strong>λικοῦτος,</strong></span> <span class='ocrx_word' id='word_1_634' title='bbox 2511 3811 2539 3863; x_wconf 91' lang='lat'><strong>6</strong></span> <span class='ocrx_word' id='word_1_635' title='bbox 2581 3808 2849 3878; x_wconf 85' lang='grc' dir='ltr'><strong>ἀπήλικος</strong></span> <span class='ocrx_word' id='word_1_636' title='bbox 2898 3808 2994 3861; x_wconf 80' lang='grc' dir='ltr'><strong>καὶ</strong></span> <span class='ocrx_word' id='word_1_637' title='bbox 3035 3807 3340 3878; x_wconf 84' lang='grc' dir='ltr'><strong>ἀμεγέθης,</strong></span> <span class='ocrx_word' id='word_1_638' title='bbox 3384 3806 3574 3877; x_wconf 76' lang='grc' dir='ltr'><strong>ἐπειδὴ</strong></span> <span class='ocrx_word' id='word_1_639' title='bbox 3611 3807 3800 3860; x_wconf 76' lang='grc' dir='ltr'><strong>πάντα</strong></span> 
     </span>
    </p>
   </div>
   <div class='ocr_carea' id='block_1_83' title="bbox 2207 3896 3799 3970">
    <p class='ocr_par' dir='ltr' id='par_1_83' title="bbox 2207 3896 3799 3970">
     <span class='ocr_line' id='line_1_83' title="bbox 2207 3896 3799 3970; baseline -0.003 -16"><span class='ocrx_word' id='word_1_640' title='bbox 2207 3901 2457 3965; x_wconf 85' lang='grc' dir='ltr'><strong>δύναται,</strong></span> <span class='ocrx_word' id='word_1_641' title='bbox 2490 3899 2722 3970; x_wconf 79' lang='grc' dir='ltr'><strong>ἐδυνήθη</strong></span> <span class='ocrx_word' id='word_1_642' title='bbox 2763 3899 2857 3952; x_wconf 83' lang='grc' dir='ltr'><strong>καὶ</strong></span> <span class='ocrx_word' id='word_1_643' title='bbox 2900 3898 3192 3969; x_wconf 78' lang='grc' dir='ltr'><strong>ἄνθρωπος</strong></span> <span class='ocrx_word' id='word_1_644' title='bbox 3221 3897 3508 3965; x_wconf 78' lang='grc' dir='ltr'><strong>γενέσθαι·</strong></span> <span class='ocrx_word' id='word_1_645' title='bbox 3545 3896 3638 3949; x_wconf 69' lang='grc' dir='ltr'><strong>καὶ</strong></span> <span class='ocrx_word' id='word_1_646' title='bbox 3672 3897 3799 3949; x_wconf 81' lang='grc' dir='ltr'><strong>κατ’</strong></span> 
     </span>
    </p>
   </div>
   <div class='ocr_carea' id='block_1_84' title="bbox 2204 3986 3799 4062">
    <p class='ocr_par' dir='ltr' id='par_1_84' title="bbox 2204 3986 3799 4062">
     <span class='ocr_line' id='line_1_84' title="bbox 2204 3986 3799 4062; baseline -0.005 -16"><span class='ocrx_word' id='word_1_647' title='bbox 2204 3991 2469 4062; x_wconf 85' lang='grc' dir='ltr'><strong>ἀλήθειαν</strong></span> <span class='ocrx_word' id='word_1_648' title='bbox 2528 3990 2836 4060; x_wconf 80' lang='grc' dir='ltr'><strong>σαρκωθεὶς</strong></span> <span class='ocrx_word' id='word_1_649' title='bbox 2886 3990 2983 4043; x_wconf 77' lang='grc' dir='ltr'><strong>καὶ</strong></span> <span class='ocrx_word' id='word_1_650' title='bbox 3020 3989 3451 4058; x_wconf 69' lang='grc' dir='ltr'><strong>ἑνανθρωπήσας</strong></span> <span class='ocrx_word' id='word_1_651' title='bbox 3504 3990 3570 4041; x_wconf 79' lang='grc' dir='ltr'><strong>ὲκ</strong></span> <span class='ocrx_word' id='word_1_652' title='bbox 3620 3986 3799 4039; x_wconf 71' lang='lat' dir='ltr'><strong>Ilvati-</strong></span> 
     </span>
    </p>
   </div>
   <div class='ocr_carea' id='block_1_85' title="bbox 2208 4076 3801 4152">
    <p class='ocr_par' dir='ltr' id='par_1_85' title="bbox 2208 4076 3801 4152">
     <span class='ocr_line' id='line_1_85' title="bbox 2208 4076 3801 4152; baseline -0.003 -19"><span class='ocrx_word' id='word_1_653' title='bbox 2208 4098 2376 4152; x_wconf 82' lang='grc' dir='ltr'><strong>ματος</strong></span> <span class='ocrx_word' id='word_1_654' title='bbox 2417 4081 2576 4145; x_wconf 80' lang='grc' dir='ltr'><strong>ἁγίου</strong></span> <span class='ocrx_word' id='word_1_655' title='bbox 2615 4079 2711 4132; x_wconf 82' lang='grc' dir='ltr'><strong>καὶ</strong></span> <span class='ocrx_word' id='word_1_656' title='bbox 2762 4078 2981 4149; x_wconf 83' lang='grc' dir='ltr'><strong>Μαρίας</strong></span> <span class='ocrx_word' id='word_1_657' title='bbox 3025 4078 3125 4148; x_wconf 81' lang='grc' dir='ltr'><strong>τῆς</strong></span> <span class='ocrx_word' id='word_1_658' title='bbox 3174 4076 3476 4147; x_wconf 82' lang='grc' dir='ltr'><strong>Παρθένου,</strong></span> <span class='ocrx_word' id='word_1_659' title='bbox 3524 4076 3640 4130; x_wconf 81' lang='grc' dir='ltr'><strong>ἀνω</strong></span> <span class='ocrx_word' id='word_1_660' title='bbox 3696 4076 3801 4129; x_wconf 73' lang='grc' dir='ltr'><strong>οὐκ</strong></span> 
     </span>
    </p>
   </div>
   <div class='ocr_carea' id='block_1_86' title="bbox 2206 4168 3801 4241">
    <p class='ocr_par' dir='ltr' id='par_1_86' title="bbox 2206 4168 3801 4241">
     <span class='ocr_line' id='line_1_86' title="bbox 2206 4168 3801 4241; baseline -0.001 -17"><span class='ocrx_word' id='word_1_661' title='bbox 2206 4169 2411 4241; x_wconf 76' lang='grc' dir='ltr'><strong>ἐλειψε,</strong></span> <span class='ocrx_word' id='word_1_662' title='bbox 2452 4170 2548 4223; x_wconf 78' lang='grc' dir='ltr'><strong>καὶ</strong></span> <span class='ocrx_word' id='word_1_663' title='bbox 2589 4171 2742 4223; x_wconf 88' lang='grc' dir='ltr'><strong>κάτω</strong></span> <span class='ocrx_word' id='word_1_664' title='bbox 2774 4168 3078 4238; x_wconf 75' lang='grc' dir='ltr'><strong>σαρκωθεὶς</strong></span> <span class='ocrx_word' id='word_1_665' title='bbox 3126 4171 3156 4223; x_wconf 89' lang='lat'><strong>6</strong></span> <span class='ocrx_word' id='word_1_666' title='bbox 3192 4168 3356 4232; x_wconf 85' lang='grc' dir='ltr'><strong>αὐτὸς</strong></span> <span class='ocrx_word' id='word_1_667' title='bbox 3407 4168 3548 4231; x_wconf 82' lang='grc' dir='ltr'><strong>ὅλος.</strong></span> <span class='ocrx_word' id='word_1_668' title='bbox 3582 4168 3801 4222; x_wconf 83' lang='grc' dir='ltr'><strong>Οὐκοῦν</strong></span> 
     </span>
    </p>
   </div>
   <div class='ocr_carea' id='block_1_87' title="bbox 517 4252 2097 4340">
    <p class='ocr_par' dir='ltr' id='par_1_87' title="bbox 517 4252 2097 4328">
     <span class='ocr_line' id='line_1_87' title="bbox 517 4252 2097 4328; baseline 0.015 -23"><span class='ocrx_word' id='word_1_669' title='bbox 517 4252 798 4308; x_wconf 81' lang='lat' dir='ltr'><strong>enimvero</strong></span> <span class='ocrx_word' id='word_1_670' title='bbox 842 4270 942 4324; x_wconf 91' lang='lat' dir='ltr'><strong>pro</strong></span> <span class='ocrx_word' id='word_1_671' title='bbox 999 4267 1211 4314; x_wconf 76' lang='lat' dir='ltr'><strong>natura:</strong></span> <span class='ocrx_word' id='word_1_672' title='bbox 1263 4260 1517 4319; x_wconf 63' lang='lat' dir='ltr'><strong>humanae</strong></span> <span class='ocrx_word' id='word_1_673' title='bbox 1563 4270 1830 4324; x_wconf 84' lang='lat' dir='ltr'><strong>tenuitate</strong></span> <span class='ocrx_word' id='word_1_674' title='bbox 1914 4272 2097 4328; x_wconf 88' lang='lat' dir='ltr'><strong>divina</strong></span> 
     </span>
    </p>
   </div>
   <div class='ocr_carea' id='block_1_88' title="bbox 2201 4252 3798 4340">
    <p class='ocr_par' dir='ltr' id='par_1_88' title="bbox 2206 4259 3798 4333">
     <span class='ocr_line' id='line_1_88' title="bbox 2206 4259 3798 4333; baseline -0.003 -15"><span class='ocrx_word' id='word_1_675' title='bbox 2206 4264 2288 4327; x_wconf 81' lang='grc' dir='ltr'><strong>τίς</strong></span> <span class='ocrx_word' id='word_1_676' title='bbox 2321 4264 2545 4317; x_wconf 89' lang='grc' dir='ltr'><strong>δύναται</strong></span> <span class='ocrx_word' id='word_1_677' title='bbox 2580 4261 2847 4333; x_wconf 78' lang='grc' dir='ltr'><strong>φράσαιῆ</strong></span> <span class='ocrx_word' id='word_1_678' title='bbox 2894 4261 3032 4323; x_wconf 79' lang='grc' dir='ltr'><strong>ὅλως</strong></span> <span class='ocrx_word' id='word_1_679' title='bbox 3077 4260 3446 4332; x_wconf 77' lang='grc' dir='ltr'><strong>διηγήσασθαι</strong></span> <span class='ocrx_word' id='word_1_680' title='bbox 3491 4259 3553 4313; x_wconf 85' lang='grc' dir='ltr'>τὸ</span> <span class='ocrx_word' id='word_1_681' title='bbox 3585 4260 3798 4330; x_wconf 75' lang='grc' dir='ltr'><strong>μυστή-</strong></span> 
     </span>
    </p>
   </div>
   <div class='ocr_carea' id='block_1_89' title="bbox 518 4341 2097 4433">
    <p class='ocr_par' dir='ltr' id='par_1_89' title="bbox 518 4341 2097 4433">
     <span class='ocr_line' id='line_1_89' title="bbox 518 4341 2097 4433; baseline 0.017 -38"><span class='ocrx_word' id='word_1_682' title='bbox 518 4341 802 4409; x_wconf 82' lang='lat' dir='ltr'><strong>Scriptura</strong></span> <span class='ocrx_word' id='word_1_683' title='bbox 846 4361 1019 4417; x_wconf 86' lang='lat' dir='ltr'><strong>pauca</strong></span> <span class='ocrx_word' id='word_1_684' title='bbox 1091 4351 1339 4419; x_wconf 58' lang='lat' dir='ltr'><strong>quaedam</strong></span> <span class='ocrx_word' id='word_1_685' title='bbox 1409 4355 1600 4410; x_wconf 89' lang='lat' dir='ltr'><strong>tribuit</strong></span> <span class='ocrx_word' id='word_1_686' title='bbox 1649 4360 1837 4426; x_wconf 88' lang='lat' dir='ltr'><strong>verba,</strong></span> <span class='ocrx_word' id='word_1_687' title='bbox 1896 4364 2097 4433; x_wconf 79' lang='lat' dir='ltr'><strong>quibus</strong></span> 
     </span>
    </p>
   </div>
   <div class='ocr_carea' id='block_1_90' title="bbox 2201 4341 3799 4433">
    <p class='ocr_par' dir='ltr' id='par_1_90' title="bbox 2205 4353 3799 4429">
     <span class='ocr_line' id='line_1_90' title="bbox 2205 4353 3799 4429; baseline -0.004 -19"><span class='ocrx_word' id='word_1_688' title='bbox 2205 4373 2360 4429; x_wconf 76' lang='lat' dir='ltr'><strong>ptov;</strong></span> <span class='ocrx_word' id='word_1_689' title='bbox 2393 4354 2541 4424; x_wconf 78' lang='grc' dir='ltr'><strong>Πλὴν</strong></span> <span class='ocrx_word' id='word_1_690' title='bbox 2574 4355 2656 4407; x_wconf 82' lang='grc' dir='ltr'><strong>ὅτι</strong></span> <span class='ocrx_word' id='word_1_691' title='bbox 2694 4353 2830 4424; x_wconf 88' lang='grc' dir='ltr'><strong>πρὸς</strong></span> <span class='ocrx_word' id='word_1_692' title='bbox 2856 4353 2958 4424; x_wconf 80' lang='grc' dir='ltr'><strong>τὴν</strong></span> <span class='ocrx_word' id='word_1_693' title='bbox 2991 4354 3270 4407; x_wconf 74' lang='grc' dir='ltr'><strong>εὐτέλειαν</strong></span> <span class='ocrx_word' id='word_1_694' title='bbox 3300 4354 3399 4424; x_wconf 84' lang='grc' dir='ltr'><strong>τῆς</strong></span> <span class='ocrx_word' id='word_1_695' title='bbox 3444 4353 3799 4423; x_wconf 80' lang='grc' dir='ltr'><strong>ἀνθρωπίνης</strong></span> 
     </span>
    </p>
   </div>
   <div class='ocr_carea' id='block_1_91' title="bbox 517 4441 2097 4527">
    <p class='ocr_par' dir='ltr' id='par_1_91' title="bbox 517 4441 2097 4527">
     <span class='ocr_line' id='line_1_91' title="bbox 517 4441 2097 4527; baseline 0.016 -40"><span class='ocrx_word' id='word_1_696' title='bbox 517 4448 673 4489; x_wconf 82' lang='lat' dir='ltr'><strong>tuens</strong></span> <span class='ocrx_word' id='word_1_697' title='bbox 723 4445 945 4507; x_wconf 89' lang='lat' dir='ltr'><strong>gnstttm</strong></span> <span class='ocrx_word' id='word_1_698' title='bbox 997 4441 1217 4510; x_wconf 85' lang='lat' dir='ltr'><strong>assequi</strong></span> <span class='ocrx_word' id='word_1_699' title='bbox 1271 4445 1448 4512; x_wconf 84' lang='lat' dir='ltr'><strong>possit</strong></span> <span class='ocrx_word' id='word_1_700' title='bbox 1496 4461 1560 4500; x_wconf 86' lang='lat' dir='ltr'><strong>ac</strong></span> <span class='ocrx_word' id='word_1_701' title='bbox 1595 4446 1726 4514; x_wconf 79' lang='lat' dir='ltr'><strong>frui,</strong></span> <span class='ocrx_word' id='word_1_702' title='bbox 1772 4452 2097 4527; x_wconf 86' lang='lat' dir='ltr'><strong>silentioque</strong></span> 
     </span>
    </p>
   </div>
   <div class='ocr_carea' id='block_1_92' title="bbox 2201 4441 3797 4527">
    <p class='ocr_par' dir='ltr' id='par_1_92' title="bbox 2201 4443 3797 4516">
     <span class='ocr_line' id='line_1_92' title="bbox 2201 4443 3797 4516; baseline -0.001 -16"><span class='ocrx_word' id='word_1_703' title='bbox 2201 4448 2419 4516; x_wconf 82' lang='grc' dir='ltr'><strong>φύσεως</strong></span> <span class='ocrx_word' id='word_1_704' title='bbox 2470 4445 2673 4498; x_wconf 70' lang='grc' dir='ltr'><strong>ἔδωκεν</strong></span> <span class='ocrx_word' id='word_1_705' title='bbox 2723 4446 2756 4513; x_wconf 77' lang='grc' dir='ltr'><strong>ἡ</strong></span> <span class='ocrx_word' id='word_1_706' title='bbox 2786 4443 2907 4498; x_wconf 86' lang='grc' dir='ltr'><strong>θεία</strong></span> <span class='ocrx_word' id='word_1_707' title='bbox 2946 4443 3141 4516; x_wconf 82' lang='grc' dir='ltr'><strong>Γραφὴ</strong></span> <span class='ocrx_word' id='word_1_708' title='bbox 3183 4444 3340 4513; x_wconf 79' lang='grc' dir='ltr'><strong>ὀλίγα</strong></span> <span class='ocrx_word' id='word_1_709' title='bbox 3396 4445 3517 4498; x_wconf 70' lang='grc' dir='ltr'><strong>τινὰ</strong></span> <span class='ocrx_word' id='word_1_710' title='bbox 3545 4444 3797 4514; x_wconf 76' lang='grc' dir='ltr'><strong>ῥήματα,</strong></span> 
     </span>
    </p>
   </div>
   <div class='ocr_carea' id='block_1_93' title="bbox 514 4528 1755 4608">
    <p class='ocr_par' dir='ltr' id='par_1_93' title="bbox 514 4528 1755 4608">
     <span class='ocr_line' id='line_1_93' title="bbox 514 4528 1755 4608; baseline 0.016 -30"><span class='ocrx_word' id='word_1_711' title='bbox 514 4531 742 4595; x_wconf 83' lang='lat' dir='ltr'><strong>stupere</strong></span> <span class='ocrx_word' id='word_1_712' title='bbox 768 4542 834 4582; x_wconf 88' lang='lat' dir='ltr'><strong>ac</strong></span> <span class='ocrx_word' id='word_1_713' title='bbox 871 4528 1101 4585; x_wconf 83' lang='lat' dir='ltr'><strong>adorare</strong></span> <span class='ocrx_word' id='word_1_714' title='bbox 1121 4532 1366 4589; x_wconf 79' lang='lat' dir='ltr'><strong>divinant</strong></span> <span class='ocrx_word' id='word_1_715' title='bbox 1410 4535 1755 4608; x_wconf 75' lang='lat' dir='ltr'><strong>Mysterinm.</strong></span> 
     </span>
    </p>
   </div>
   <div class='ocr_carea' id='block_1_94' title="bbox 590 4786 2098 4880">
    <p class='ocr_par' dir='ltr' id='par_1_94' title="bbox 590 4786 2098 4880">
     <span class='ocr_line' id='line_1_94' title="bbox 590 4786 2098 4880; baseline 0.019 -38"><span class='ocrx_word' id='word_1_716' title='bbox 590 4787 647 4844; x_wconf 87' lang='lat'><strong>7.</strong></span> <span class='ocrx_word' id='word_1_717' title='bbox 681 4786 869 4862; x_wconf 85' lang='lat' dir='ltr'><strong>itaque</strong></span> <span class='ocrx_word' id='word_1_718' title='bbox 900 4792 995 4849; x_wconf 89' lang='lat' dir='ltr'><strong>Dei</strong></span> <span class='ocrx_word' id='word_1_719' title='bbox 1028 4793 1229 4865; x_wconf 76' lang='lat' dir='ltr'><strong>Filius,</strong></span> <span class='ocrx_word' id='word_1_720' title='bbox 1263 4801 1357 4869; x_wconf 86' lang='lat' dir='ltr'><strong>qui</strong></span> <span class='ocrx_word' id='word_1_721' title='bbox 1404 4804 1555 4859; x_wconf 90' lang='lat' dir='ltr'><strong>nullo</strong></span> <span class='ocrx_word' id='word_1_722' title='bbox 1608 4806 1733 4878; x_wconf 86' lang='lat' dir='ltr'><strong>capi</strong></span> <span class='ocrx_word' id='word_1_723' title='bbox 1782 4819 1989 4880; x_wconf 89' lang='lat' dir='ltr'><strong>potest,</strong></span> <span class='ocrx_word' id='word_1_724' title='bbox 2040 4814 2098 4871; x_wconf 89' lang='lat' dir='ltr'><strong>in</strong></span> 
     </span>
    </p>
   </div>
   <div class='ocr_carea' id='block_1_95' title="bbox 520 4882 2102 4971">
    <p class='ocr_par' dir='ltr' id='par_1_95' title="bbox 520 4882 2102 4971">
     <span class='ocr_line' id='line_1_95' title="bbox 520 4882 2102 4971; baseline 0.018 -36"><span class='ocrx_word' id='word_1_725' title='bbox 520 4891 769 4938; x_wconf 87' lang='lat' dir='ltr'><strong>sanctam</strong></span> <span class='ocrx_word' id='word_1_726' title='bbox 803 4882 1080 4957; x_wconf 79' lang='lat' dir='ltr'><strong>Virginem</strong></span> <span class='ocrx_word' id='word_1_727' title='bbox 1112 4891 1382 4962; x_wconf 88' lang='lat' dir='ltr'><strong>introivit,</strong></span> <span class='ocrx_word' id='word_1_728' title='bbox 1410 4911 1591 4968; x_wconf 78' lang='lat' dir='ltr'><strong>exque</strong></span> <span class='ocrx_word' id='word_1_729' title='bbox 1641 4900 1767 4971; x_wconf 84' lang='lat' dir='ltr'><strong>ejus</strong></span> <span class='ocrx_word' id='word_1_730' title='bbox 1787 4904 1975 4960; x_wconf 86' lang='lat' dir='ltr'><strong>carnis</strong></span> <span class='ocrx_word' id='word_1_731' title='bbox 2003 4921 2102 4962; x_wconf 89' lang='lat' dir='ltr'><strong>na-</strong></span> 
     </span>
    </p>
   </div>
   <div class='ocr_carea' id='block_1_96' title="bbox 518 4980 2099 5066">
    <p class='ocr_par' dir='ltr' id='par_1_96' title="bbox 518 4980 2099 5066">
     <span class='ocr_line' id='line_1_96' title="bbox 518 4980 2099 5066; baseline 0.018 -42"><span class='ocrx_word' id='word_1_732' title='bbox 518 4980 645 5028; x_wconf 90' lang='lat' dir='ltr'><strong>tura</strong></span> <span class='ocrx_word' id='word_1_733' title='bbox 681 4980 1009 5050; x_wconf 86' lang='lat' dir='ltr'><strong>assumpsit,</strong></span> <span class='ocrx_word' id='word_1_734' title='bbox 1057 4996 1286 5054; x_wconf 64' lang='lat' dir='ltr'><strong>sumque</strong></span> <span class='ocrx_word' id='word_1_735' title='bbox 1314 4985 1537 5045; x_wconf 85' lang='lat' dir='ltr'><strong>deitatis</strong></span> <span class='ocrx_word' id='word_1_736' title='bbox 1589 5006 1842 5063; x_wconf 67' lang='lat' dir='ltr'><strong>persona:</strong></span> <span class='ocrx_word' id='word_1_737' title='bbox 1900 4997 2099 5066; x_wconf 85' lang='lat' dir='ltr'><strong>univit,</strong></span> 
     </span>
    </p>
   </div>
   <div class='ocr_carea' id='block_1_97' title="bbox 520 5066 2104 5159">
    <p class='ocr_par' dir='ltr' id='par_1_97' title="bbox 520 5066 2104 5159">
     <span class='ocr_line' id='line_1_97' title="bbox 520 5066 2104 5159; baseline 0.019 -44"><span class='ocrx_word' id='word_1_738' title='bbox 520 5075 747 5119; x_wconf 89' lang='lat' dir='ltr'><strong>carnem</strong></span> <span class='ocrx_word' id='word_1_739' title='bbox 781 5066 943 5123; x_wconf 87' lang='lat' dir='ltr'><strong>nobis</strong></span> <span class='ocrx_word' id='word_1_740' title='bbox 987 5073 1545 5144; x_wconf 84' lang='lat' dir='ltr'><strong>consubstantialem,</strong></span> <span class='ocrx_word' id='word_1_741' title='bbox 1587 5080 1770 5137; x_wconf 84' lang='lat' dir='ltr'><strong>anima</strong></span> <span class='ocrx_word' id='word_1_742' title='bbox 1824 5098 2104 5159; x_wconf 86' lang='lat' dir='ltr'><strong>sensuque</strong></span> 
     </span>
    </p>
   </div>
   <div class='ocr_carea' id='block_1_98' title="bbox 523 5156 2102 5241">
    <p class='ocr_par' dir='ltr' id='par_1_98' title="bbox 523 5156 2102 5241">
     <span class='ocr_line' id='line_1_98' title="bbox 523 5156 2102 5241; baseline 0.019 -32"><span class='ocrx_word' id='word_1_743' title='bbox 523 5156 726 5214; x_wconf 90' lang='lat' dir='ltr'><strong>mentis</strong></span> <span class='ocrx_word' id='word_1_744' title='bbox 759 5162 1070 5231; x_wconf 68' lang='lat' dir='ltr'><strong>prarditam,</strong></span> <span class='ocrx_word' id='word_1_745' title='bbox 1115 5182 1223 5237; x_wconf 87' lang='lat' dir='ltr'><strong>qua</strong></span> <span class='ocrx_word' id='word_1_746' title='bbox 1270 5170 1423 5227; x_wconf 86' lang='lat' dir='ltr'><strong>solus</strong></span> <span class='ocrx_word' id='word_1_747' title='bbox 1481 5171 1599 5241; x_wconf 88' lang='lat' dir='ltr'><strong>ipse</strong></span> <span class='ocrx_word' id='word_1_748' title='bbox 1661 5175 1816 5231; x_wconf 87' lang='lat' dir='ltr'><strong>novit</strong></span> <span class='ocrx_word' id='word_1_749' title='bbox 1866 5156 2102 5239; x_wconf 81' lang='lat' dir='ltr'><strong>ratione.</strong></span> 
     </span>
    </p>
   </div>
   <div class='ocr_carea' id='block_1_99' title="bbox 517 5245 2105 5333">
    <p class='ocr_par' dir='ltr' id='par_1_99' title="bbox 517 5245 2105 5333">
     <span class='ocr_line' id='line_1_99' title="bbox 517 5245 2105 5333; baseline 0.018 -32"><span class='ocrx_word' id='word_1_750' title='bbox 517 5245 637 5303; x_wconf 81' lang='lat' dir='ltr'><strong>Jam</strong></span> <span class='ocrx_word' id='word_1_751' title='bbox 666 5251 814 5306; x_wconf 92' lang='lat' dir='ltr'><strong>enim</strong></span> <span class='ocrx_word' id='word_1_752' title='bbox 847 5252 987 5319; x_wconf 81' lang='lat' dir='ltr'><strong>dixi,</strong></span> <span class='ocrx_word' id='word_1_753' title='bbox 1021 5271 1121 5312; x_wconf 90' lang='lat' dir='ltr'><strong>nec</strong></span> <span class='ocrx_word' id='word_1_754' title='bbox 1144 5267 1326 5314; x_wconf 85' lang='lat' dir='ltr'><strong>mente</strong></span> <span class='ocrx_word' id='word_1_755' title='bbox 1349 5262 1571 5333; x_wconf 86' lang='lat' dir='ltr'><strong>assequi</strong></span> <span class='ocrx_word' id='word_1_756' title='bbox 1618 5263 1812 5332; x_wconf 90' lang='lat' dir='ltr'><strong>licere,</strong></span> <span class='ocrx_word' id='word_1_757' title='bbox 1851 5284 1953 5326; x_wconf 88' lang='lat' dir='ltr'><strong>nec</strong></span> <span class='ocrx_word' id='word_1_758' title='bbox 1984 5286 2105 5328; x_wconf 84' lang='lat' dir='ltr'><strong>ser-</strong></span> 
     </span>
    </p>
   </div>
   <div class='ocr_carea' id='block_1_100' title="bbox 529 5343 2104 5422">
    <p class='ocr_par' dir='ltr' id='par_1_100' title="bbox 529 5343 2104 5422">
     <span class='ocr_line' id='line_1_100' title="bbox 529 5343 2104 5422; baseline 0.018 -32"><span class='ocrx_word' id='word_1_759' title='bbox 529 5352 694 5393; x_wconf 90' lang='lat' dir='ltr'><strong>mone</strong></span> <span class='ocrx_word' id='word_1_760' title='bbox 739 5343 1073 5411; x_wconf 81' lang='lat' dir='ltr'><strong>exprimere,</strong></span> <span class='ocrx_word' id='word_1_761' title='bbox 1122 5360 1188 5401; x_wconf 88' lang='lat' dir='ltr'><strong>ae</strong></span> <span class='ocrx_word' id='word_1_762' title='bbox 1233 5363 1413 5419; x_wconf 85' lang='lat' dir='ltr'><strong>neque</strong></span> <span class='ocrx_word' id='word_1_763' title='bbox 1468 5353 1837 5422; x_wconf 80' lang='lat' dir='ltr'><strong>exquirendas</strong></span> <span class='ocrx_word' id='word_1_764' title='bbox 1897 5358 2104 5420; x_wconf 78' lang='lat' dir='ltr'><strong>bantini</strong></span> 
     </span>
    </p>
   </div>
   <div class='ocr_carea' id='block_1_101' title="bbox 522 5429 2108 5522">
    <p class='ocr_par' dir='ltr' id='par_1_101' title="bbox 522 5429 2108 5522">
     <span class='ocr_line' id='line_1_101' title="bbox 522 5429 2108 5522; baseline 0.017 -39"><span class='ocrx_word' id='word_1_765' title='bbox 522 5429 781 5502; x_wconf 85' lang='lat' dir='ltr'><strong>physicas</strong></span> <span class='ocrx_word' id='word_1_766' title='bbox 847 5435 1093 5495; x_wconf 80' lang='lat' dir='ltr'><strong>rationes</strong></span> <span class='ocrx_word' id='word_1_767' title='bbox 1141 5438 1244 5505; x_wconf 88' lang='lat' dir='ltr'><strong>rei,</strong></span> <span class='ocrx_word' id='word_1_768' title='bbox 1312 5456 1435 5513; x_wconf 64' lang='lat' dir='ltr'><strong>qua)</strong></span> <span class='ocrx_word' id='word_1_769' title='bbox 1498 5442 2011 5522; x_wconf 83' lang='lat' dir='ltr'><strong>impervestigabilis</strong></span> <span class='ocrx_word' id='word_1_770' title='bbox 2053 5463 2108 5510; x_wconf 93' lang='lat' dir='ltr'><strong>et</strong></span> 
     </span>
    </p>
   </div>
   <div class='ocr_carea' id='block_1_102' title="bbox 522 5523 2099 5612">
    <p class='ocr_par' dir='ltr' id='par_1_102' title="bbox 522 5523 2099 5612">
     <span class='ocr_line' id='line_1_102' title="bbox 522 5523 2099 5612; baseline 0.016 -35"><span class='ocrx_word' id='word_1_771' title='bbox 522 5523 902 5582; x_wconf 84' lang='lat' dir='ltr'><strong>inscrutabilis</strong></span> <span class='ocrx_word' id='word_1_772' title='bbox 935 5537 1021 5584; x_wconf 88' lang='lat' dir='ltr'><strong>est</strong></span> <span class='ocrx_word' id='word_1_773' title='bbox 1096 5529 1365 5601; x_wconf 85' lang='lat' dir='ltr'><strong>Copulata</strong></span> <span class='ocrx_word' id='word_1_774' title='bbox 1410 5534 1575 5609; x_wconf 73' lang='lat' dir='ltr'><strong>igitur</strong></span> <span class='ocrx_word' id='word_1_775' title='bbox 1631 5539 1757 5603; x_wconf 87' lang='lat' dir='ltr'><strong>sibi,</strong></span> <span class='ocrx_word' id='word_1_776' title='bbox 1819 5558 1980 5612; x_wconf 81' lang='lat' dir='ltr'><strong>quam</strong></span> <span class='ocrx_word' id='word_1_777' title='bbox 2035 5562 2099 5601; x_wconf 76' lang='lat' dir='ltr'><strong>ex</strong></span> 
     </span>
    </p>
   </div>
   <div class='ocr_carea' id='block_1_103' title="bbox 594 5699 1041 5772">
    <p class='ocr_par' dir='ltr' id='par_1_103' title="bbox 594 5699 1041 5772">
     <span class='ocr_line' id='line_1_103' title="bbox 594 5699 1041 5772; baseline 0.013 -16"><span class='ocrx_word' id='word_1_778' title='bbox 594 5699 614 5732; x_wconf 92' lang='grc'><strong>⁷</strong></span> <span class='ocrx_word' id='word_1_779' title='bbox 636 5700 777 5759; x_wconf 80' lang='lat' dir='ltr'><strong>Psal.</strong></span> <span class='ocrx_word' id='word_1_780' title='bbox 804 5719 945 5772; x_wconf 66' lang='grc' dir='ltr'><strong>χειν,</strong></span> <span class='ocrx_word' id='word_1_781' title='bbox 989 5707 1041 5763; x_wconf 74' lang='grc' dir='ltr'><strong>ι.</strong></span> 
     </span>
    </p>
   </div>
   <div class='ocr_carea' id='block_1_104' title="bbox 1140 5712 2156 5791">
    <p class='ocr_par' dir='ltr' id='par_1_104' title="bbox 1140 5712 2156 5791">
     <span class='ocr_line' id='line_1_104' title="bbox 1140 5712 2156 5791; baseline 0.007 -23"><span class='ocrx_word' id='word_1_782' title='bbox 1140 5712 1160 5745; x_wconf 87' lang='grc'><strong><em>⁸</em></strong></span> <span class='ocrx_word' id='word_1_783' title='bbox 1191 5713 1403 5773; x_wconf 85' lang='lat' dir='ltr'><strong>Coloss.</strong></span> <span class='ocrx_word' id='word_1_784' title='bbox 1448 5732 1485 5782; x_wconf 89' lang='grc' dir='ltr'><strong>ι,</strong></span> <span class='ocrx_word' id='word_1_785' title='bbox 1522 5717 1604 5772; x_wconf 84' lang='lat' dir='ltr'><strong>l7.</strong></span> <span class='ocrx_word' id='word_1_786' title='bbox 1650 5719 1702 5791; x_wconf 30' lang='grc' dir='ltr'><strong>η’</strong></span> <span class='ocrx_word' id='word_1_787' title='bbox 1738 5716 1849 5775; x_wconf 80' lang='lat' dir='ltr'><strong>Icr.</strong></span> <span class='ocrx_word' id='word_1_788' title='bbox 1886 5733 2039 5785; x_wconf 68' lang='lat' dir='ltr'><strong>una,</strong></span> <span class='ocrx_word' id='word_1_789' title='bbox 2069 5721 2156 5777; x_wconf 73' lang='lat' dir='ltr'><strong>2i.</strong></span> 
     </span>
    </p>
   </div>
   <div class='ocr_carea' id='block_1_105' title="bbox 2200 4531 3801 4610">
    <p class='ocr_par' dir='ltr' id='par_1_105' title="bbox 2200 4531 3801 4610">
     <span class='ocr_line' id='line_1_105' title="bbox 2200 4531 3801 4610; baseline 0.001 -19"><span class='ocrx_word' id='word_1_790' title='bbox 2200 4538 2268 4592; x_wconf 83' lang='grc' dir='ltr'><strong>δι’</strong></span> <span class='ocrx_word' id='word_1_791' title='bbox 2297 4531 2373 4591; x_wconf 76' lang='grc' dir='ltr'><strong>ὧν</strong></span> <span class='ocrx_word' id='word_1_792' title='bbox 2398 4539 2428 4591; x_wconf 89' lang='lat'><strong>6</strong></span> <span class='ocrx_word' id='word_1_793' title='bbox 2469 4536 2595 4600; x_wconf 90' lang='grc' dir='ltr'><strong>νοῦς</strong></span> <span class='ocrx_word' id='word_1_794' title='bbox 2626 4538 2684 4590; x_wconf 81' lang='grc' dir='ltr'><strong>ὲν</strong></span> <span class='ocrx_word' id='word_1_795' title='bbox 2714 4537 3020 4592; x_wconf 82' lang='grc' dir='ltr'><strong>ἀπολαύσει</strong></span> <span class='ocrx_word' id='word_1_796' title='bbox 3048 4540 3339 4610; x_wconf 83' lang='grc' dir='ltr'><strong>δυνήσεται</strong></span> <span class='ocrx_word' id='word_1_797' title='bbox 3379 4538 3655 4605; x_wconf 80' lang='grc' dir='ltr'><strong>γενέσθαι,</strong></span> <span class='ocrx_word' id='word_1_798' title='bbox 3702 4539 3801 4592; x_wconf 77' lang='grc' dir='ltr'><strong>καὶ</strong></span> 
     </span>
    </p>
   </div>
   <div class='ocr_carea' id='block_1_106' title="bbox 2200 4629 3799 4703">
    <p class='ocr_par' dir='ltr' id='par_1_106' title="bbox 2200 4629 3799 4703">
     <span class='ocr_line' id='line_1_106' title="bbox 2200 4629 3799 4703; baseline -0.001 -19"><span class='ocrx_word' id='word_1_799' title='bbox 2200 4629 2524 4699; x_wconf 76' lang='grc' dir='ltr'><strong>ἀφθέγκτως</strong></span> <span class='ocrx_word' id='word_1_800' title='bbox 2552 4629 2896 4702; x_wconf 70' lang='grc' dir='ltr'><strong>ἐκπλαγῆναι</strong></span> <span class='ocrx_word' id='word_1_801' title='bbox 2928 4630 3026 4684; x_wconf 80' lang='grc' dir='ltr'><strong>καὶ</strong></span> <span class='ocrx_word' id='word_1_802' title='bbox 3058 4633 3384 4703; x_wconf 79' lang='grc' dir='ltr'><strong>προσκυνεῖν</strong></span> <span class='ocrx_word' id='word_1_803' title='bbox 3416 4632 3475 4685; x_wconf 91' lang='grc' dir='ltr'>τὸ</span> <span class='ocrx_word' id='word_1_804' title='bbox 3509 4630 3650 4695; x_wconf 81' lang='grc' dir='ltr'><strong>θεῖον</strong></span> <span class='ocrx_word' id='word_1_805' title='bbox 3688 4648 3799 4700; x_wconf 86' lang='grc' dir='ltr'><strong>μυ-</strong></span> 
     </span>
    </p>
   </div>
   <div class='ocr_carea' id='block_1_107' title="bbox 2211 4720 2459 4790">
    <p class='ocr_par' dir='ltr' id='par_1_107' title="bbox 2211 4720 2459 4790">
     <span class='ocr_line' id='line_1_107' title="bbox 2211 4720 2459 4790; baseline 0 -17"><span class='ocrx_word' id='word_1_806' title='bbox 2211 4720 2311 4789; x_wconf 80' lang='grc' dir='ltr'><strong>στή</strong></span> <span class='ocrx_word' id='word_1_807' title='bbox 2322 4736 2459 4790; x_wconf 90' lang='grc' dir='ltr'><strong>ριον.</strong></span> 
     </span>
    </p>
   </div>
   <div class='ocr_carea' id='block_1_108' title="bbox 2280 4810 3804 4886">
    <p class='ocr_par' dir='ltr' id='par_1_108' title="bbox 2280 4810 3804 4886">
     <span class='ocr_line' id='line_1_108' title="bbox 2280 4810 3804 4886; baseline 0.001 -21"><span class='ocrx_word' id='word_1_808' title='bbox 2280 4811 2368 4886; x_wconf 76' lang='grc' dir='ltr'><strong>[Ρ.</strong></span> <span class='ocrx_word' id='word_1_809' title='bbox 2393 4811 2522 4885; x_wconf 78' lang='grc'><strong>507]</strong></span> <span class='ocrx_word' id='word_1_810' title='bbox 2555 4810 2620 4877; x_wconf 75' lang='grc' dir='ltr'><strong>ζ’.</strong></span> <span class='ocrx_word' id='word_1_811' title='bbox 2656 4813 2717 4868; x_wconf 85' lang='grc'><strong>’0</strong></span> <span class='ocrx_word' id='word_1_812' title='bbox 2736 4810 2831 4866; x_wconf 83' lang='grc' dir='ltr'><strong>οῦν</strong></span> <span class='ocrx_word' id='word_1_813' title='bbox 2862 4813 2991 4877; x_wconf 82' lang='grc' dir='ltr'><strong>Υἱὸς</strong></span> <span class='ocrx_word' id='word_1_814' title='bbox 3020 4814 3115 4867; x_wconf 85' lang='grc' dir='ltr'><strong>τοῦ</strong></span> <span class='ocrx_word' id='word_1_815' title='bbox 3141 4812 3279 4867; x_wconf 89' lang='grc' dir='ltr'>Θεοῦ</span> <span class='ocrx_word' id='word_1_816' title='bbox 3305 4815 3334 4867; x_wconf 87' lang='grc' dir='ltr'><strong>ό</strong></span> <span class='ocrx_word' id='word_1_817' title='bbox 3360 4812 3648 4885; x_wconf 83' lang='grc' dir='ltr'><strong>άχὼρητος</strong></span> <span class='ocrx_word' id='word_1_818' title='bbox 3682 4816 3804 4867; x_wconf 85' lang='grc' dir='ltr'><strong>εἰσ-</strong></span> 
     </span>
    </p>
   </div>
   <div class='ocr_carea' id='block_1_109' title="bbox 2208 4900 3796 4975">
    <p class='ocr_par' dir='ltr' id='par_1_109' title="bbox 2208 4900 3796 4975">
     <span class='ocr_line' id='line_1_109' title="bbox 2208 4900 3796 4975; baseline 0.004 -21"><span class='ocrx_word' id='word_1_819' title='bbox 2208 4900 2369 4973; x_wconf 80' lang='grc' dir='ltr'><strong>ῆλθεν</strong></span> <span class='ocrx_word' id='word_1_820' title='bbox 2388 4903 2469 4964; x_wconf 83' lang='grc' dir='ltr'><strong>είς</strong></span> <span class='ocrx_word' id='word_1_821' title='bbox 2491 4903 2589 4974; x_wconf 82' lang='grc' dir='ltr'><strong>τὴν</strong></span> <span class='ocrx_word' id='word_1_822' title='bbox 2619 4905 2781 4973; x_wconf 85' lang='grc' dir='ltr'><strong>ἀγίαν</strong></span> <span class='ocrx_word' id='word_1_823' title='bbox 2809 4904 3106 4975; x_wconf 81' lang='grc' dir='ltr'><strong>Παρθένον,</strong></span> <span class='ocrx_word' id='word_1_824' title='bbox 3130 4906 3227 4959; x_wconf 73' lang='grc' dir='ltr'><strong>καὶ</strong></span> <span class='ocrx_word' id='word_1_825' title='bbox 3250 4906 3552 4960; x_wconf 78' lang='grc' dir='ltr'><strong>ἐπελάϐετο</strong></span> <span class='ocrx_word' id='word_1_826' title='bbox 3582 4907 3648 4961; x_wconf 80' lang='grc' dir='ltr'><strong>ἐκ</strong></span> <span class='ocrx_word' id='word_1_827' title='bbox 3690 4909 3796 4975; x_wconf 80' lang='grc' dir='ltr'><strong>τῆς</strong></span> 
     </span>
    </p>
   </div>
   <div class='ocr_carea' id='block_1_110' title="bbox 2209 4993 3800 5069">
    <p class='ocr_par' dir='ltr' id='par_1_110' title="bbox 2209 4993 3800 5069">
     <span class='ocr_line' id='line_1_110' title="bbox 2209 4993 3800 5069; baseline 0.004 -23"><span class='ocrx_word' id='word_1_828' title='bbox 2209 4993 2428 5064; x_wconf 79' lang='grc' dir='ltr'><strong>φύσεως</strong></span> <span class='ocrx_word' id='word_1_829' title='bbox 2454 4994 2556 5065; x_wconf 82' lang='grc' dir='ltr'><strong>τῆς</strong></span> <span class='ocrx_word' id='word_1_830' title='bbox 2606 4996 2807 5065; x_wconf 84' lang='grc' dir='ltr'><strong>σαρκὸς</strong></span> <span class='ocrx_word' id='word_1_831' title='bbox 2849 4995 3047 5068; x_wconf 82' lang='grc' dir='ltr'><strong>αὐτῆς,</strong></span> <span class='ocrx_word' id='word_1_832' title='bbox 3083 4997 3177 5049; x_wconf 80' lang='grc' dir='ltr'><strong>καὶ</strong></span> <span class='ocrx_word' id='word_1_833' title='bbox 3218 4998 3395 5067; x_wconf 80' lang='grc' dir='ltr'><strong>ἧνωσε</strong></span> <span class='ocrx_word' id='word_1_834' title='bbox 3432 5001 3507 5069; x_wconf 76' lang='grc' dir='ltr'><strong>τῇ</strong></span> <span class='ocrx_word' id='word_1_835' title='bbox 3562 4998 3669 5069; x_wconf 79' lang='grc' dir='ltr'><strong>ίδία</strong></span> <span class='ocrx_word' id='word_1_836' title='bbox 3697 4998 3800 5066; x_wconf 72' lang='grc' dir='ltr'><strong>τῆς</strong></span> 
     </span>
    </p>
   </div>
   <div class='ocr_carea' id='block_1_111' title="bbox 2209 5085 3801 5159">
    <p class='ocr_par' dir='ltr' id='par_1_111' title="bbox 2209 5085 3801 5159">
     <span class='ocr_line' id='line_1_111' title="bbox 2209 5085 3801 5159; baseline 0 -19"><span class='ocrx_word' id='word_1_837' title='bbox 2209 5085 2466 5157; x_wconf 86' lang='grc' dir='ltr'><strong>θεότητος</strong></span> <span class='ocrx_word' id='word_1_838' title='bbox 2497 5086 2793 5140; x_wconf 78' lang='grc' dir='ltr'><strong>ὑποστάσει</strong></span> <span class='ocrx_word' id='word_1_839' title='bbox 2834 5086 3014 5157; x_wconf 84' lang='grc' dir='ltr'><strong>σάρκα</strong></span> <span class='ocrx_word' id='word_1_840' title='bbox 3049 5088 3147 5158; x_wconf 80' lang='grc' dir='ltr'><strong>τὴν</strong></span> <span class='ocrx_word' id='word_1_841' title='bbox 3181 5090 3316 5159; x_wconf 77' lang='grc' dir='ltr'><strong>ημῖν</strong></span> <span class='ocrx_word' id='word_1_842' title='bbox 3356 5088 3667 5157; x_wconf 84' lang='grc' dir='ltr'><strong>ὁμοούσιον,</strong></span> <span class='ocrx_word' id='word_1_843' title='bbox 3700 5088 3801 5158; x_wconf 73' lang='lat' dir='ltr'><strong>Ep.-</strong></span> 
     </span>
    </p>
   </div>
   <div class='ocr_carea' id='block_1_112' title="bbox 2207 5176 3799 5251">
    <p class='ocr_par' dir='ltr' id='par_1_112' title="bbox 2207 5176 3799 5251">
     <span class='ocr_line' id='line_1_112' title="bbox 2207 5176 3799 5251; baseline -0.003 -17"><span class='ocrx_word' id='word_1_844' title='bbox 2207 5178 2379 5251; x_wconf 72' lang='grc' dir='ltr'><strong>ψυχάν</strong></span> <span class='ocrx_word' id='word_1_845' title='bbox 2410 5195 2471 5233; x_wconf 87' lang='grc' dir='ltr'><strong>τε</strong></span> <span class='ocrx_word' id='word_1_846' title='bbox 2496 5178 2591 5232; x_wconf 77' lang='grc' dir='ltr'><strong>καὶ</strong></span> <span class='ocrx_word' id='word_1_847' title='bbox 2623 5178 2831 5244; x_wconf 72' lang='grc' dir='ltr'><strong>ἔννουν,</strong></span> <span class='ocrx_word' id='word_1_848' title='bbox 2860 5179 2937 5243; x_wconf 84' lang='grc' dir='ltr'><strong>ὠς</strong></span> <span class='ocrx_word' id='word_1_849' title='bbox 2961 5179 3126 5243; x_wconf 81' lang='grc' dir='ltr'><strong>αὐτὸς</strong></span> <span class='ocrx_word' id='word_1_850' title='bbox 3167 5180 3328 5251; x_wconf 83' lang='grc' dir='ltr'><strong>μόνος</strong></span> <span class='ocrx_word' id='word_1_851' title='bbox 3364 5176 3493 5234; x_wconf 83' lang='grc' dir='ltr'><strong>οἶδε.</strong></span> <span class='ocrx_word' id='word_1_852' title='bbox 3528 5182 3799 5251; x_wconf 83' lang='grc' dir='ltr'><strong>Προεῖπον</strong></span> 
     </span>
    </p>
   </div>
   <div class='ocr_carea' id='block_1_113' title="bbox 2210 5266 3798 5344">
    <p class='ocr_par' dir='ltr' id='par_1_113' title="bbox 2210 5266 3798 5344">
     <span class='ocr_line' id='line_1_113' title="bbox 2210 5266 3798 5344; baseline -0.001 -17"><span class='ocrx_word' id='word_1_853' title='bbox 2210 5273 2342 5344; x_wconf 79' lang='grc' dir='ltr'><strong>γὰρ,</strong></span> <span class='ocrx_word' id='word_1_854' title='bbox 2375 5272 2458 5325; x_wconf 84' lang='grc' dir='ltr'><strong>ὅτι</strong></span> <span class='ocrx_word' id='word_1_855' title='bbox 2495 5269 2621 5326; x_wconf 71' lang='grc' dir='ltr'><strong>οὔτε</strong></span> <span class='ocrx_word' id='word_1_856' title='bbox 2654 5270 2779 5335; x_wconf 89' lang='grc' dir='ltr'><strong>νοῦς</strong></span> <span class='ocrx_word' id='word_1_857' title='bbox 2811 5272 3220 5327; x_wconf 74' lang='grc' dir='ltr'><strong>καταλαϐέσθαι</strong></span> <span class='ocrx_word' id='word_1_858' title='bbox 3255 5276 3453 5344; x_wconf 78' lang='grc' dir='ltr'><strong>ἰσχύει,</strong></span> <span class='ocrx_word' id='word_1_859' title='bbox 3486 5273 3609 5327; x_wconf 75' lang='grc' dir='ltr'><strong>οὔτε</strong></span> <span class='ocrx_word' id='word_1_860' title='bbox 3636 5266 3798 5341; x_wconf 82' lang='grc' dir='ltr'><strong>λόγος</strong></span> 
     </span>
    </p>
   </div>
   <div class='ocr_carea' id='block_1_114' title="bbox 2211 5362 3797 5435">
    <p class='ocr_par' dir='ltr' id='par_1_114' title="bbox 2211 5362 3797 5435">
     <span class='ocr_line' id='line_1_114' title="bbox 2211 5362 3797 5435; baseline 0.001 -16"><span class='ocrx_word' id='word_1_861' title='bbox 2211 5363 2569 5435; x_wconf 80' lang='grc' dir='ltr'><strong>παραστῆσαι</strong></span> <span class='ocrx_word' id='word_1_862' title='bbox 2602 5362 2849 5426; x_wconf 86' lang='grc' dir='ltr'><strong>δύναται,</strong></span> <span class='ocrx_word' id='word_1_863' title='bbox 2879 5362 3004 5418; x_wconf 76' lang='grc' dir='ltr'><strong>οὔτε</strong></span> <span class='ocrx_word' id='word_1_864' title='bbox 3035 5364 3243 5434; x_wconf 77' lang='grc' dir='ltr'><strong>ὀφείλει</strong></span> <span class='ocrx_word' id='word_1_865' title='bbox 3279 5365 3564 5435; x_wconf 80' lang='grc' dir='ltr'><strong>ἄνθρωπος</strong></span> <span class='ocrx_word' id='word_1_866' title='bbox 3606 5383 3797 5433; x_wconf 86' lang='grc' dir='ltr'><strong>φυσιο-</strong></span> 
     </span>
    </p>
   </div>
   <div class='ocr_carea' id='block_1_115' title="bbox 2212 5453 3795 5529">
    <p class='ocr_par' dir='ltr' id='par_1_115' title="bbox 2212 5453 3795 5529">
     <span class='ocr_line' id='line_1_115' title="bbox 2212 5453 3795 5529; baseline 0 -20"><span class='ocrx_word' id='word_1_867' title='bbox 2212 5455 2391 5523; x_wconf 88' lang='grc' dir='ltr'><strong>λογεῖν</strong></span> <span class='ocrx_word' id='word_1_868' title='bbox 2451 5453 2511 5505; x_wconf 87' lang='grc' dir='ltr'>τὸ</span> <span class='ocrx_word' id='word_1_869' title='bbox 2570 5453 2981 5525; x_wconf 81' lang='grc' dir='ltr'><strong>ἀνεξιχνίαστόν</strong></span> <span class='ocrx_word' id='word_1_870' title='bbox 3033 5455 3047 5527; x_wconf 88' lang='lat'><strong>[</strong></span> <span class='ocrx_word' id='word_1_871' title='bbox 3068 5455 3159 5529; x_wconf 80' lang='grc' dir='ltr'><strong>τε]</strong></span> <span class='ocrx_word' id='word_1_872' title='bbox 3220 5458 3315 5511; x_wconf 72' lang='grc' dir='ltr'><strong>καὶ</strong></span> <span class='ocrx_word' id='word_1_873' title='bbox 3370 5457 3795 5529; x_wconf 77' lang='grc' dir='ltr'><strong>ἀνεξερεύνητον</strong></span> 
     </span>
    </p>
   </div>
   <div class='ocr_carea' id='block_1_116' title="bbox 2216 5541 3796 5618">
    <p class='ocr_par' dir='ltr' id='par_1_116' title="bbox 2216 5541 3796 5618">
     <span class='ocr_line' id='line_1_116' title="bbox 2216 5541 3796 5618; baseline 0.004 -21"><span class='ocrx_word' id='word_1_874' title='bbox 2216 5546 2466 5616; x_wconf 83' lang='grc' dir='ltr'><strong>πρᾶγμα.</strong></span> <span class='ocrx_word' id='word_1_875' title='bbox 2516 5541 2758 5609; x_wconf 83' lang='grc' dir='ltr'><strong>Ἐνώσας</strong></span> <span class='ocrx_word' id='word_1_876' title='bbox 2798 5541 2891 5599; x_wconf 71' lang='grc' dir='ltr'><strong>οὖν</strong></span> <span class='ocrx_word' id='word_1_877' title='bbox 2926 5547 3105 5616; x_wconf 73' lang='grc' dir='ltr'><strong>ἑαυτῷ</strong></span> <span class='ocrx_word' id='word_1_878' title='bbox 3136 5548 3233 5617; x_wconf 80' lang='grc' dir='ltr'><strong>τὴν</strong></span> <span class='ocrx_word' id='word_1_879' title='bbox 3273 5548 3329 5614; x_wconf 77' lang='grc' dir='ltr'><strong>ἐξ</strong></span> <span class='ocrx_word' id='word_1_880' title='bbox 3366 5549 3535 5618; x_wconf 79' lang='grc' dir='ltr'><strong>αὐτῆς</strong></span> <span class='ocrx_word' id='word_1_881' title='bbox 3568 5548 3796 5618; x_wconf 76' lang='grc' dir='ltr'><strong>ληφθεῖ·</strong></span> 
     </span>
    </p>
   </div>
   <div class='ocr_carea' id='block_1_117' title="bbox 2210 5721 3076 5790">
    <p class='ocr_par' dir='ltr' id='par_1_117' title="bbox 2210 5721 3076 5790">
     <span class='ocr_line' id='line_1_117' title="bbox 2210 5721 3076 5790; baseline 0.007 -16"><span class='ocrx_word' id='word_1_882' title='bbox 2210 5721 2249 5753; x_wconf 76' lang='grc' dir='ltr'><strong>’θ</strong></span> <span class='ocrx_word' id='word_1_883' title='bbox 2284 5721 2420 5778; x_wconf 78' lang='lat' dir='ltr'><strong>Dan.</strong></span> <span class='ocrx_word' id='word_1_884' title='bbox 2450 5738 2533 5790; x_wconf 86' lang='grc' dir='ltr'><strong>ιιι,</strong></span> <span class='ocrx_word' id='word_1_885' title='bbox 2567 5724 2667 5790; x_wconf 82' lang='grc'><strong>55;</strong></span> <span class='ocrx_word' id='word_1_886' title='bbox 2695 5723 2856 5781; x_wconf 78' lang='lat' dir='ltr'><strong>llebr.</strong></span> <span class='ocrx_word' id='word_1_887' title='bbox 2889 5740 2960 5790; x_wconf 75' lang='lat' dir='ltr'><strong>tr,</strong></span> <span class='ocrx_word' id='word_1_888' title='bbox 2994 5724 3076 5780; x_wconf 81' lang='grc'><strong>15.</strong></span> 
     </span>
    </p>
   </div>
  </div>
