  <div class='ocr_page' id='page_1' title='image "/cluster/home/n/w/nwhite01/storage/ocr_20150623/109/coo.31924054870138/268.png"; bbox 0 0 4136 6420; ppageno 0'>
   <div class='ocr_carea' id='block_1_1' title="bbox 333 319 3620 396">
    <p class='ocr_par' dir='ltr' id='par_1_1' title="bbox 333 319 3620 396">
     <span class='ocr_line' id='line_1_1' title="bbox 333 319 3620 396; baseline -0.002 -7"><span class='ocrx_word' id='word_1_1' title='bbox 333 321 444 390; x_wconf 69' lang='grc'><strong><em>521</em></strong></span> <span class='ocrx_word' id='word_1_2' title='bbox 1340 323 1444 384; x_wconf 72' lang='lat' dir='ltr'><strong><em>EX</em></strong></span> <span class='ocrx_word' id='word_1_3' title='bbox 1479 322 1904 383; x_wconf 76' lang='lat' dir='ltr'><strong><em>MIRACULIS</em></strong></span> <span class='ocrx_word' id='word_1_4' title='bbox 1945 319 2326 382; x_wconf 79' lang='lat' dir='ltr'><strong><em>DEMETRII</em></strong></span> <span class='ocrx_word' id='word_1_5' title='bbox 2357 323 2586 383; x_wconf 80' lang='lat' dir='ltr'><strong><em>MART.</em></strong></span> <span class='ocrx_word' id='word_1_6' title='bbox 3513 328 3620 396; x_wconf 69' lang='lat'><strong><em>522</em></strong></span> 
     </span>
    </p>
   </div>
   <div class='ocr_carea' id='block_1_2' title="bbox 329 434 3616 507">
    <p class='ocr_par' dir='ltr' id='par_1_2' title="bbox 329 434 3616 507">
     <span class='ocr_line' id='line_1_2' title="bbox 329 434 3616 507; baseline 0.001 -17"><span class='ocrx_word' id='word_1_7' title='bbox 329 438 574 506; x_wconf 86' lang='lat' dir='ltr'><strong><em>pretiosa</em></strong></span> <span class='ocrx_word' id='word_1_8' title='bbox 601 435 922 504; x_wconf 87' lang='lat' dir='ltr'><strong><em>supellectile</em></strong></span> <span class='ocrx_word' id='word_1_9' title='bbox 958 455 975 492; x_wconf 89' lang='lat'><strong><em>:</em></strong></span> <span class='ocrx_word' id='word_1_10' title='bbox 1003 453 1121 491; x_wconf 86' lang='lat' dir='ltr'><strong><em>cum</em></strong></span> <span class='ocrx_word' id='word_1_11' title='bbox 1157 437 1285 506; x_wconf 86' lang='lat' dir='ltr'><strong><em>ipse,</em></strong></span> <span class='ocrx_word' id='word_1_12' title='bbox 1315 439 1548 507; x_wconf 89' lang='lat' dir='ltr'><strong><em>sociique</em></strong></span> <span class='ocrx_word' id='word_1_13' title='bbox 1578 437 1634 490; x_wconf 87' lang='lat' dir='ltr'><strong><em>in</em></strong></span> <span class='ocrx_word' id='word_1_14' title='bbox 1675 451 1796 489; x_wconf 89' lang='lat' dir='ltr'><strong><em>eum</em></strong></span> <span class='ocrx_word' id='word_1_15' title='bbox 1845 435 2063 488; x_wconf 88' lang='lat' dir='ltr'><strong><em>modum</em></strong></span> <span class='ocrx_word' id='word_1_16' title='bbox 2087 437 2328 503; x_wconf 65' lang='lat' dir='ltr'><strong><em>:servati,</em></strong></span> <span class='ocrx_word' id='word_1_17' title='bbox 2356 451 2476 490; x_wconf 89' lang='lat' dir='ltr'><strong><em>cum</em></strong></span> <span class='ocrx_word' id='word_1_18' title='bbox 2515 435 2738 505; x_wconf 73' lang='lat' dir='ltr'><strong><em>captivis</em></strong></span> <span class='ocrx_word' id='word_1_19' title='bbox 2777 435 2902 490; x_wconf 87' lang='lat' dir='ltr'><strong><em>ali-is</em></strong></span> <span class='ocrx_word' id='word_1_20' title='bbox 2935 434 3222 492; x_wconf 87' lang='lat' dir='ltr'><strong><em>Saracenis</em></strong></span> <span class='ocrx_word' id='word_1_21' title='bbox 3243 436 3363 504; x_wconf 84' lang='lat' dir='ltr'><strong><em>pari</em></strong></span> <span class='ocrx_word' id='word_1_22' title='bbox 3393 453 3616 494; x_wconf 84' lang='lat' dir='ltr'><strong><em>numero</em></strong></span> 
     </span>
    </p>
   </div>
   <div class='ocr_carea' id='block_1_3' title="bbox 334 521 3617 596">
    <p class='ocr_par' dir='ltr' id='par_1_3' title="bbox 334 521 3617 596">
     <span class='ocr_line' id='line_1_3' title="bbox 334 521 3617 596; baseline 0.002 -16"><span class='ocrx_word' id='word_1_23' title='bbox 334 526 497 580; x_wconf 84' lang='lat' dir='ltr'><strong><em>Tarsi</em></strong></span> <span class='ocrx_word' id='word_1_24' title='bbox 525 527 581 580; x_wconf 91' lang='lat' dir='ltr'><strong><em>in</em></strong></span> <span class='ocrx_word' id='word_1_25' title='bbox 618 526 818 582; x_wconf 79' lang='lat' dir='ltr'><strong><em>Cilicia</em></strong></span> <span class='ocrx_word' id='word_1_26' title='bbox 849 541 916 581; x_wconf 78' lang='lat' dir='ltr'><strong><em>ea:</em></strong></span> <span class='ocrx_word' id='word_1_27' title='bbox 946 542 1090 580; x_wconf 88' lang='lat' dir='ltr'><strong><em>more</em></strong></span> <span class='ocrx_word' id='word_1_28' title='bbox 1114 536 1287 581; x_wconf 85' lang='lat' dir='ltr'><strong><em>essent</em></strong></span> <span class='ocrx_word' id='word_1_29' title='bbox 1333 523 1720 579; x_wconf 75' lang='lat' dir='ltr'><strong><em>commutandi.</em></strong></span> <span class='ocrx_word' id='word_1_30' title='bbox 1747 522 1983 577; x_wconf 86' lang='lat' dir='ltr'><strong><em>Dederat</em></strong></span> <span class='ocrx_word' id='word_1_31' title='bbox 2022 521 2129 578; x_wconf 86' lang='lat' dir='ltr'><strong><em>Leo</em></strong></span> <span class='ocrx_word' id='word_1_32' title='bbox 2156 523 2388 578; x_wconf 86' lang='lat' dir='ltr'><strong><em>Allatius</em></strong></span> <span class='ocrx_word' id='word_1_33' title='bbox 2421 525 2478 578; x_wconf 88' lang='lat' dir='ltr'><strong><em>in</em></strong></span> <span class='ocrx_word' id='word_1_34' title='bbox 2508 521 2831 596; x_wconf 87' lang='lat' dir='ltr'><strong><em>Symmictis</em></strong></span> <span class='ocrx_word' id='word_1_35' title='bbox 2857 526 2969 580; x_wconf 88' lang='lat' dir='ltr'><strong><em>suis</em></strong></span> <span class='ocrx_word' id='word_1_36' title='bbox 2997 540 3018 579; x_wconf 92' lang='lat'><strong><em>:</em></strong></span> <span class='ocrx_word' id='word_1_37' title='bbox 3047 525 3175 580; x_wconf 85' lang='lat' dir='ltr'><strong><em>mihi</em></strong></span> <span class='ocrx_word' id='word_1_38' title='bbox 3197 525 3317 595; x_wconf 68' lang='lat' dir='ltr'><strong><em>.t&#39;Psc</em></strong></span> <span class='ocrx_word' id='word_1_39' title='bbox 3340 542 3457 582; x_wconf 89' lang='lat' dir='ltr'><strong><em>mea</em></strong></span> <span class='ocrx_word' id='word_1_40' title='bbox 3485 543 3617 586; x_wconf 76' lang='lat' dir='ltr'><strong><em>vena</em></strong></span> 
     </span>
    </p>
   </div>
   <div class='ocr_carea' id='block_1_4' title="bbox 333 609 2870 685">
    <p class='ocr_par' dir='ltr' id='par_1_4' title="bbox 333 609 2870 685">
     <span class='ocr_line' id='line_1_4' title="bbox 333 609 2870 685; baseline -0 -17"><span class='ocrx_word' id='word_1_41' title='bbox 333 616 632 668; x_wconf 72' lang='lat' dir='ltr'><strong><em>versionem</em></strong></span> <span class='ocrx_word' id='word_1_42' title='bbox 661 615 956 683; x_wconf 74' lang='lat' dir='ltr'><strong><em>composui,</em></strong></span> <span class='ocrx_word' id='word_1_43' title='bbox 989 629 1084 668; x_wconf 88' lang='lat' dir='ltr'><strong><em>nec</em></strong></span> <span class='ocrx_word' id='word_1_44' title='bbox 1106 613 1269 684; x_wconf 86' lang='lat' dir='ltr'><strong><em>plura</em></strong></span> <span class='ocrx_word' id='word_1_45' title='bbox 1296 612 1587 667; x_wconf 78' lang='lat' dir='ltr'><strong><em>admodum</em></strong></span> <span class='ocrx_word' id='word_1_46' title='bbox 1627 611 1802 682; x_wconf 89' lang='lat' dir='ltr'><strong><em>(clara</em></strong></span> <span class='ocrx_word' id='word_1_47' title='bbox 1826 609 1962 666; x_wconf 88' lang='lat' dir='ltr'><strong><em>adeo</em></strong></span> <span class='ocrx_word' id='word_1_48' title='bbox 1995 612 2330 685; x_wconf 88' lang='lat' dir='ltr'><strong><em>narratione)</em></strong></span> <span class='ocrx_word' id='word_1_49' title='bbox 2358 613 2674 668; x_wconf 79' lang='lat' dir='ltr'><strong><em>adnotanda</em></strong></span> <span class='ocrx_word' id='word_1_50' title='bbox 2711 613 2870 668; x_wconf 75' lang='lat' dir='ltr'><strong><em>duxi.</em></strong></span> 
     </span>
    </p>
   </div>
   <div class='ocr_carea' id='block_1_5' title="bbox 405 699 3622 775">
    <p class='ocr_par' dir='ltr' id='par_1_5' title="bbox 405 699 3622 775">
     <span class='ocr_line' id='line_1_5' title="bbox 405 699 3622 775; baseline 0.002 -19"><span class='ocrx_word' id='word_1_51' title='bbox 405 701 546 756; x_wconf 84' lang='lat' dir='ltr'><strong><em>Erat</em></strong></span> <span class='ocrx_word' id='word_1_52' title='bbox 570 703 721 756; x_wconf 82' lang='lat' dir='ltr'><strong><em>aliud</em></strong></span> <span class='ocrx_word' id='word_1_53' title='bbox 746 707 886 772; x_wconf 88' lang='lat' dir='ltr'><strong><em>quod</em></strong></span> <span class='ocrx_word' id='word_1_54' title='bbox 917 701 1260 756; x_wconf 73' lang='lat' dir='ltr'><strong><em>succurrebat</em></strong></span> <span class='ocrx_word' id='word_1_55' title='bbox 1290 702 1343 755; x_wconf 89' lang='lat' dir='ltr'><strong><em>in</em></strong></span> <span class='ocrx_word' id='word_1_56' title='bbox 1387 699 1792 764; x_wconf 79' lang='lat' dir='ltr'><strong><em>Thessalonica,</em></strong></span> <span class='ocrx_word' id='word_1_57' title='bbox 1820 700 2032 769; x_wconf 87' lang='lat' dir='ltr'><strong><em>imperii</em></strong></span> <span class='ocrx_word' id='word_1_58' title='bbox 2064 718 2158 773; x_wconf 89' lang='lat' dir='ltr'><strong><em>per</em></strong></span> <span class='ocrx_word' id='word_1_59' title='bbox 2185 702 2297 757; x_wconf 77' lang='lat' dir='ltr'><strong><em>ha&#39;c</em></strong></span> <span class='ocrx_word' id='word_1_60' title='bbox 2341 710 2579 770; x_wconf 88' lang='lat' dir='ltr'><strong><em>tempora</em></strong></span> <span class='ocrx_word' id='word_1_61' title='bbox 2601 702 2846 773; x_wconf 86' lang='lat' dir='ltr'><strong><em>(ipsaque</em></strong></span> <span class='ocrx_word' id='word_1_62' title='bbox 2886 703 3180 775; x_wconf 80' lang='lat' dir='ltr'><strong><em>anteriora)</em></strong></span> <span class='ocrx_word' id='word_1_63' title='bbox 3215 705 3404 773; x_wconf 87' lang='lat' dir='ltr'><strong><em>ocello,</em></strong></span> <span class='ocrx_word' id='word_1_64' title='bbox 3432 723 3622 762; x_wconf 88' lang='lat' dir='ltr'><strong><em>secun-</em></strong></span> 
     </span>
    </p>
   </div>
   <div class='ocr_carea' id='block_1_6' title="bbox 330 785 3619 862">
    <p class='ocr_par' dir='ltr' id='par_1_6' title="bbox 330 785 3619 862">
     <span class='ocr_line' id='line_1_6' title="bbox 330 785 3619 862; baseline 0.002 -20"><span class='ocrx_word' id='word_1_65' title='bbox 330 789 524 860; x_wconf 68' lang='lat' dir='ltr'><strong><em>daeque</em></strong></span> <span class='ocrx_word' id='word_1_66' title='bbox 552 790 837 862; x_wconf 78' lang='lat' dir='ltr'><strong><em>dignitatis</em></strong></span> <span class='ocrx_word' id='word_1_67' title='bbox 877 792 1114 857; x_wconf 84' lang='lat' dir='ltr'><strong><em>civitate,</em></strong></span> <span class='ocrx_word' id='word_1_68' title='bbox 1135 791 1200 844; x_wconf 88' lang='lat' dir='ltr'><strong><em>ab</em></strong></span> <span class='ocrx_word' id='word_1_69' title='bbox 1233 792 1353 860; x_wconf 84' lang='lat' dir='ltr'><strong><em>ipsa</em></strong></span> <span class='ocrx_word' id='word_1_70' title='bbox 1391 792 1720 858; x_wconf 87' lang='lat' dir='ltr'><strong><em>imperante;</em></strong></span> <span class='ocrx_word' id='word_1_71' title='bbox 1757 798 1817 842; x_wconf 90' lang='lat' dir='ltr'><strong><em>ut</em></strong></span> <span class='ocrx_word' id='word_1_72' title='bbox 1842 787 2099 842; x_wconf 87' lang='lat' dir='ltr'><strong><em>nimirum</em></strong></span> <span class='ocrx_word' id='word_1_73' title='bbox 2139 795 2290 840; x_wconf 87' lang='lat' dir='ltr'><strong><em>tanta</em></strong></span> <span class='ocrx_word' id='word_1_74' title='bbox 2329 786 2427 842; x_wconf 91' lang='lat' dir='ltr'><strong><em>illa</em></strong></span> <span class='ocrx_word' id='word_1_75' title='bbox 2456 785 2516 841; x_wconf 91' lang='lat' dir='ltr'><strong><em>S.</em></strong></span> <span class='ocrx_word' id='word_1_76' title='bbox 2559 785 2792 841; x_wconf 83' lang='lat' dir='ltr'><strong><em>Joannis</em></strong></span> <span class='ocrx_word' id='word_1_77' title='bbox 2829 786 3317 844; x_wconf 78' lang='lat' dir='ltr'><strong><em>Thessalonicensis</em></strong></span> <span class='ocrx_word' id='word_1_78' title='bbox 3353 792 3619 861; x_wconf 65' lang='lat' dir='ltr'><strong><em>archiepio</em></strong></span> 
     </span>
    </p>
   </div>
   <div class='ocr_carea' id='block_1_7' title="bbox 328 875 3621 951">
    <p class='ocr_par' dir='ltr' id='par_1_7' title="bbox 328 875 3621 951">
     <span class='ocr_line' id='line_1_7' title="bbox 328 875 3621 951; baseline -0.001 -16"><span class='ocrx_word' id='word_1_79' title='bbox 328 882 506 949; x_wconf 80' lang='lat' dir='ltr'><strong><em>scopi,</em></strong></span> <span class='ocrx_word' id='word_1_80' title='bbox 537 878 854 936; x_wconf 72' lang='lat' dir='ltr'><strong><em>Iustiniano</em></strong></span> <span class='ocrx_word' id='word_1_81' title='bbox 878 879 1075 950; x_wconf 76' lang='lat' dir='ltr'><strong><em>Magno</em></strong></span> <span class='ocrx_word' id='word_1_82' title='bbox 1114 879 1486 951; x_wconf 79' lang='lat' dir='ltr'><strong><em>Mauricioque</em></strong></span> <span class='ocrx_word' id='word_1_83' title='bbox 1515 878 1956 948; x_wconf 81' lang='lat' dir='ltr'><strong><em>imperatoribus,</em></strong></span> <span class='ocrx_word' id='word_1_84' title='bbox 1996 877 2052 930; x_wconf 90' lang='lat' dir='ltr'><strong><em>in</em></strong></span> <span class='ocrx_word' id='word_1_85' title='bbox 2097 891 2194 930; x_wconf 86' lang='lat' dir='ltr'><strong><em>suo</em></strong></span> <span class='ocrx_word' id='word_1_86' title='bbox 2237 875 2507 931; x_wconf 83' lang='lat' dir='ltr'><strong><em>Demetrio</em></strong></span> <span class='ocrx_word' id='word_1_87' title='bbox 2527 875 2842 944; x_wconf 73' lang='lat' dir='ltr'><strong><em>proferrem,</em></strong></span> <span class='ocrx_word' id='word_1_88' title='bbox 2880 875 3226 946; x_wconf 83' lang='lat' dir='ltr'><strong><em>deincepsque</em></strong></span> <span class='ocrx_word' id='word_1_89' title='bbox 3273 879 3387 934; x_wconf 87' lang='lat' dir='ltr'><strong><em>alia</em></strong></span> <span class='ocrx_word' id='word_1_90' title='bbox 3423 881 3621 935; x_wconf 75' lang='lat' dir='ltr'><strong><em>secutis</em></strong></span> 
     </span>
    </p>
   </div>
   <div class='ocr_carea' id='block_1_8' title="bbox 331 963 3622 1040">
    <p class='ocr_par' dir='ltr' id='par_1_8' title="bbox 331 963 3622 1040">
     <span class='ocr_line' id='line_1_8' title="bbox 331 963 3622 1040; baseline -0.001 -16"><span class='ocrx_word' id='word_1_91' title='bbox 331 969 664 1040; x_wconf 82' lang='lat' dir='ltr'><strong><em>temporibus</em></strong></span> <span class='ocrx_word' id='word_1_92' title='bbox 687 969 795 1024; x_wconf 90' lang='lat' dir='ltr'><strong><em>alio</em></strong></span> <span class='ocrx_word' id='word_1_93' title='bbox 823 982 1040 1025; x_wconf 88' lang='lat' dir='ltr'><strong><em>auctore</em></strong></span> <span class='ocrx_word' id='word_1_94' title='bbox 1055 969 1342 1040; x_wconf 85' lang='lat' dir='ltr'><strong><em>producta,</em></strong></span> <span class='ocrx_word' id='word_1_95' title='bbox 1377 969 1571 1040; x_wconf 85' lang='lat' dir='ltr'><strong><em>quibus</em></strong></span> <span class='ocrx_word' id='word_1_96' title='bbox 1595 985 1698 1022; x_wconf 88' lang='lat' dir='ltr'><strong><em>non</em></strong></span> <span class='ocrx_word' id='word_1_97' title='bbox 1723 967 1885 1022; x_wconf 87' lang='lat' dir='ltr'><strong><em>semei</em></strong></span> <span class='ocrx_word' id='word_1_98' title='bbox 1921 973 2129 1020; x_wconf 89' lang='lat' dir='ltr'><strong><em>tentata</em></strong></span> <span class='ocrx_word' id='word_1_99' title='bbox 2167 966 2384 1030; x_wconf 83' lang='lat' dir='ltr'><strong><em>civitas,</em></strong></span> <span class='ocrx_word' id='word_1_100' title='bbox 2409 965 2525 1035; x_wconf 87' lang='lat' dir='ltr'><strong><em>ipso</em></strong></span> <span class='ocrx_word' id='word_1_101' title='bbox 2561 964 2876 1034; x_wconf 84' lang='lat' dir='ltr'><strong><em>quandoque</em></strong></span> <span class='ocrx_word' id='word_1_102' title='bbox 2906 963 3183 1036; x_wconf 84' lang='lat' dir='ltr'><strong><em>Chagano,</em></strong></span> <span class='ocrx_word' id='word_1_103' title='bbox 3211 968 3314 1035; x_wconf 87' lang='lat' dir='ltr'><strong><em>ipsi</em></strong></span> <span class='ocrx_word' id='word_1_104' title='bbox 3352 965 3622 1022; x_wconf 80' lang='lat' dir='ltr'><strong><em>Mauricio</em></strong></span> 
     </span>
    </p>
   </div>
   <div class='ocr_carea' id='block_1_9' title="bbox 335 1054 3624 1131">
    <p class='ocr_par' dir='ltr' id='par_1_9' title="bbox 335 1054 3624 1131">
     <span class='ocr_line' id='line_1_9' title="bbox 335 1054 3624 1131; baseline -0.002 -14"><span class='ocrx_word' id='word_1_105' title='bbox 335 1059 849 1131; x_wconf 80' lang='lat' dir='ltr'><strong><em>formidolosissimo</em></strong></span> <span class='ocrx_word' id='word_1_106' title='bbox 884 1061 1054 1124; x_wconf 90' lang='lat' dir='ltr'><strong><em>hoste,</em></strong></span> <span class='ocrx_word' id='word_1_107' title='bbox 1078 1061 1225 1114; x_wconf 87' lang='lat' dir='ltr'><strong><em>omni</em></strong></span> <span class='ocrx_word' id='word_1_108' title='bbox 1253 1068 1447 1114; x_wconf 86' lang='lat' dir='ltr'><strong><em>conatu</em></strong></span> <span class='ocrx_word' id='word_1_109' title='bbox 1472 1057 1905 1127; x_wconf 73' lang='lat' dir='ltr'><strong><em>auxiliorumque</em></strong></span> <span class='ocrx_word' id='word_1_110' title='bbox 1952 1057 2107 1125; x_wconf 87' lang='lat' dir='ltr'><strong><em>copia</em></strong></span> <span class='ocrx_word' id='word_1_111' title='bbox 2130 1054 2422 1119; x_wconf 85' lang='lat' dir='ltr'><strong><em>obsidente,</em></strong></span> <span class='ocrx_word' id='word_1_112' title='bbox 2449 1054 2630 1110; x_wconf 86' lang='lat' dir='ltr'><strong><em>divina</em></strong></span> <span class='ocrx_word' id='word_1_113' title='bbox 2661 1055 2865 1124; x_wconf 84' lang='lat' dir='ltr'><strong><em>potius,</em></strong></span> <span class='ocrx_word' id='word_1_114' title='bbox 2893 1071 3055 1123; x_wconf 82' lang='lat' dir='ltr'><strong><em>quant</em></strong></span> <span class='ocrx_word' id='word_1_115' title='bbox 3091 1056 3329 1109; x_wconf 89' lang='lat' dir='ltr'><strong><em>humana</em></strong></span> <span class='ocrx_word' id='word_1_116' title='bbox 3365 1073 3461 1126; x_wconf 89' lang='lat' dir='ltr'><strong><em>ope</em></strong></span> <span class='ocrx_word' id='word_1_117' title='bbox 3489 1058 3624 1111; x_wconf 69' lang='lat' dir='ltr'><strong><em>libe.</em></strong></span> 
     </span>
    </p>
   </div>
   <div class='ocr_carea' id='block_1_10' title="bbox 339 1143 3625 1219">
    <p class='ocr_par' dir='ltr' id='par_1_10' title="bbox 339 1143 3625 1219">
     <span class='ocr_line' id='line_1_10' title="bbox 339 1143 3625 1219; baseline -0.001 -19"><span class='ocrx_word' id='word_1_118' title='bbox 339 1157 472 1201; x_wconf 85' lang='lat' dir='ltr'><strong><em>rata</em></strong></span> <span class='ocrx_word' id='word_1_119' title='bbox 499 1157 577 1202; x_wconf 83' lang='lat' dir='ltr'><strong><em>est</em></strong></span> <span class='ocrx_word' id='word_1_120' title='bbox 617 1163 639 1201; x_wconf 88' lang='lat'><strong><em>:</em></strong></span> <span class='ocrx_word' id='word_1_121' title='bbox 676 1147 877 1218; x_wconf 87' lang='lat' dir='ltr'><strong><em>apertis</em></strong></span> <span class='ocrx_word' id='word_1_122' title='bbox 934 1149 1117 1219; x_wconf 84' lang='lat' dir='ltr'><strong><em>magni</em></strong></span> <span class='ocrx_word' id='word_1_123' title='bbox 1177 1147 1430 1202; x_wconf 86' lang='lat' dir='ltr'><strong><em>Demetrii</em></strong></span> <span class='ocrx_word' id='word_1_124' title='bbox 1494 1145 1820 1209; x_wconf 84' lang='lat' dir='ltr'><strong><em>miraculis;</em></strong></span> <span class='ocrx_word' id='word_1_125' title='bbox 1863 1143 1978 1214; x_wconf 84' lang='lat' dir='ltr'><strong><em>ejus</em></strong></span> <span class='ocrx_word' id='word_1_126' title='bbox 2024 1145 2253 1214; x_wconf 88' lang='lat' dir='ltr'><strong><em>generis,</em></strong></span> <span class='ocrx_word' id='word_1_127' title='bbox 2296 1151 2353 1196; x_wconf 92' lang='lat' dir='ltr'><strong><em>ut</em></strong></span> <span class='ocrx_word' id='word_1_128' title='bbox 2391 1159 2486 1198; x_wconf 87' lang='lat' dir='ltr'><strong><em>nec</em></strong></span> <span class='ocrx_word' id='word_1_129' title='bbox 2521 1144 2943 1212; x_wconf 84' lang='lat' dir='ltr'><strong><em>pervicacissimi</em></strong></span> <span class='ocrx_word' id='word_1_130' title='bbox 2974 1145 3310 1216; x_wconf 70' lang='lat' dir='ltr'><strong><em>maximeque</em></strong></span> <span class='ocrx_word' id='word_1_131' title='bbox 3337 1145 3625 1213; x_wconf 86' lang='lat' dir='ltr'><strong><em>increduli,</em></strong></span> 
     </span>
    </p>
   </div>
   <div class='ocr_carea' id='block_1_11' title="bbox 336 1229 3628 1318">
    <p class='ocr_par' dir='ltr' id='par_1_11' title="bbox 336 1229 3628 1318">
     <span class='ocr_line' id='line_1_11' title="bbox 336 1229 3628 1318; baseline -0 -28"><span class='ocrx_word' id='word_1_132' title='bbox 336 1237 505 1307; x_wconf 80' lang='lat' dir='ltr'><strong><em>fidem</em></strong></span> <span class='ocrx_word' id='word_1_133' title='bbox 537 1237 698 1306; x_wconf 77' lang='lat' dir='ltr'><strong><em>facile</em></strong></span> <span class='ocrx_word' id='word_1_134' title='bbox 718 1237 948 1292; x_wconf 85' lang='lat' dir='ltr'><strong><em>abnuere</em></strong></span> <span class='ocrx_word' id='word_1_135' title='bbox 968 1237 1170 1306; x_wconf 83' lang='lat' dir='ltr'><strong><em>possint</em></strong></span> <span class='ocrx_word' id='word_1_136' title='bbox 1205 1253 1225 1292; x_wconf 89' lang='lat'><strong><em>:</em></strong></span> <span class='ocrx_word' id='word_1_137' title='bbox 1252 1254 1414 1309; x_wconf 87' lang='lat' dir='ltr'><strong><em>quam</em></strong></span> <span class='ocrx_word' id='word_1_138' title='bbox 1445 1237 1501 1292; x_wconf 82' lang='lat' dir='ltr'><strong><em>in</em></strong></span> <span class='ocrx_word' id='word_1_139' title='bbox 1540 1252 1666 1318; x_wconf 82' lang='lat' dir='ltr'><strong><em>_rem</em></strong></span> <span class='ocrx_word' id='word_1_140' title='bbox 1692 1233 1906 1290; x_wconf 88' lang='lat' dir='ltr'><strong><em>laudati</em></strong></span> <span class='ocrx_word' id='word_1_141' title='bbox 1934 1233 2036 1288; x_wconf 75' lang='lat' dir='ltr'><strong><em>uiri</em></strong></span> <span class='ocrx_word' id='word_1_142' title='bbox 2058 1232 2386 1287; x_wconf 87' lang='lat' dir='ltr'><strong><em>sanctissimi</em></strong></span> <span class='ocrx_word' id='word_1_143' title='bbox 2413 1229 2645 1286; x_wconf 81' lang='lat' dir='ltr'><strong><em>Joannis</em></strong></span> <span class='ocrx_word' id='word_1_144' title='bbox 2698 1232 3086 1316; x_wconf 81' lang='lat' dir='ltr'><strong><em>archiepiscopi</em></strong></span> <span class='ocrx_word' id='word_1_145' title='bbox 3123 1232 3394 1290; x_wconf 86' lang='lat' dir='ltr'><strong><em>industria</em></strong></span> <span class='ocrx_word' id='word_1_146' title='bbox 3423 1236 3628 1310; x_wconf 85' lang='lat' dir='ltr'><strong><em>egregie</em></strong></span> 
     </span>
    </p>
   </div>
   <div class='ocr_carea' id='block_1_12' title="bbox 331 1311 3631 1397">
    <p class='ocr_par' dir='ltr' id='par_1_12' title="bbox 331 1311 3631 1397">
     <span class='ocr_line' id='line_1_12' title="bbox 331 1311 3631 1397; baseline -0 -17"><span class='ocrx_word' id='word_1_147' title='bbox 331 1325 624 1380; x_wconf 83' lang='lat' dir='ltr'><strong><em>incumbit.</em></strong></span> <span class='ocrx_word' id='word_1_148' title='bbox 667 1324 788 1382; x_wconf 86' lang='lat' dir='ltr'><strong><em>Etsi</em></strong></span> <span class='ocrx_word' id='word_1_149' title='bbox 808 1343 914 1381; x_wconf 88' lang='lat' dir='ltr'><strong><em>non</em></strong></span> <span class='ocrx_word' id='word_1_150' title='bbox 939 1326 1132 1380; x_wconf 88' lang='lat' dir='ltr'><strong><em>desunt</em></strong></span> <span class='ocrx_word' id='word_1_151' title='bbox 1158 1327 1409 1397; x_wconf 88' lang='lat' dir='ltr'><strong><em>utrinque</em></strong></span> <span class='ocrx_word' id='word_1_152' title='bbox 1467 1311 1878 1395; x_wconf 72' lang='lat' dir='ltr'><strong><em>strategemate,</em></strong></span> <span class='ocrx_word' id='word_1_153' title='bbox 1911 1321 2137 1390; x_wconf 85' lang='lat' dir='ltr'><strong><em>bellique</em></strong></span> <span class='ocrx_word' id='word_1_154' title='bbox 2170 1321 2420 1391; x_wconf 86' lang='lat' dir='ltr'><strong><em>facinora</em></strong></span> <span class='ocrx_word' id='word_1_155' title='bbox 2466 1320 2727 1395; x_wconf 58' lang='lat' dir='ltr'><strong><em>praeclare</em></strong></span> <span class='ocrx_word' id='word_1_156' title='bbox 2749 1321 2917 1376; x_wconf 89' lang='lat' dir='ltr'><strong><em>edita.</em></strong></span> <span class='ocrx_word' id='word_1_157' title='bbox 2953 1311 3090 1388; x_wconf 55' lang='lat' dir='ltr'><strong><em>Qad</em></strong></span> <span class='ocrx_word' id='word_1_158' title='bbox 3115 1321 3255 1392; x_wconf 77' lang='lat' dir='ltr'><strong><em>forte</em></strong></span> <span class='ocrx_word' id='word_1_159' title='bbox 3280 1324 3482 1391; x_wconf 87' lang='lat' dir='ltr'><strong><em>omnia,</em></strong></span> <span class='ocrx_word' id='word_1_160' title='bbox 3516 1325 3631 1383; x_wconf 86' lang='lat' dir='ltr'><strong><em>alia</em></strong></span> 
     </span>
    </p>
   </div>
   <div class='ocr_carea' id='block_1_13' title="bbox 333 1407 3631 1486">
    <p class='ocr_par' dir='ltr' id='par_1_13' title="bbox 333 1407 3631 1486">
     <span class='ocr_line' id='line_1_13' title="bbox 333 1407 3631 1486; baseline -0.001 -18"><span class='ocrx_word' id='word_1_161' title='bbox 333 1431 369 1468; x_wconf 88' lang='lat' dir='ltr'><strong><em>a</em></strong></span> <span class='ocrx_word' id='word_1_162' title='bbox 423 1431 506 1468; x_wconf 84' lang='lat' dir='ltr'><strong><em>me</em></strong></span> <span class='ocrx_word' id='word_1_163' title='bbox 563 1415 860 1481; x_wconf 83' lang='lat' dir='ltr'><strong><em>occasione,</em></strong></span> <span class='ocrx_word' id='word_1_164' title='bbox 911 1424 1068 1470; x_wconf 87' lang='lat' dir='ltr'><strong><em>erunt</em></strong></span> <span class='ocrx_word' id='word_1_165' title='bbox 1119 1414 1484 1486; x_wconf 84' lang='lat' dir='ltr'><strong><em>producenda,</em></strong></span> <span class='ocrx_word' id='word_1_166' title='bbox 1516 1424 1576 1470; x_wconf 87' lang='lat' dir='ltr'><strong><em>ut</em></strong></span> <span class='ocrx_word' id='word_1_167' title='bbox 1614 1423 1664 1470; x_wconf 88' lang='lat' dir='ltr'><strong><em>et</em></strong></span> <span class='ocrx_word' id='word_1_168' title='bbox 1693 1414 1888 1468; x_wconf 86' lang='lat' dir='ltr'><strong><em>ultima</em></strong></span> <span class='ocrx_word' id='word_1_169' title='bbox 1932 1411 2174 1484; x_wconf 87' lang='lat' dir='ltr'><strong><em>ejusdem</em></strong></span> <span class='ocrx_word' id='word_1_170' title='bbox 2223 1408 2371 1465; x_wconf 90' lang='lat' dir='ltr'><strong><em>urbis</em></strong></span> <span class='ocrx_word' id='word_1_171' title='bbox 2397 1411 2720 1481; x_wconf 74' lang='lat' dir='ltr'><strong><em>expugnatio</em></strong></span> <span class='ocrx_word' id='word_1_172' title='bbox 2758 1427 2791 1464; x_wconf 89' lang='lat' dir='ltr'><strong><em>a</em></strong></span> <span class='ocrx_word' id='word_1_173' title='bbox 2821 1407 3031 1467; x_wconf 82' lang='lat' dir='ltr'><strong><em>Joanne</em></strong></span> <span class='ocrx_word' id='word_1_174' title='bbox 3063 1410 3631 1484; x_wconf 81' lang='lat' dir='ltr'><strong><em>Anagnosta.egregie</em></strong></span> 
     </span>
    </p>
   </div>
   <div class='ocr_carea' id='block_1_14' title="bbox 332 1487 3631 1574">
    <p class='ocr_par' dir='ltr' id='par_1_14' title="bbox 332 1487 3631 1574">
     <span class='ocr_line' id='line_1_14' title="bbox 332 1487 3631 1574; baseline -0 -20"><span class='ocrx_word' id='word_1_175' title='bbox 332 1501 635 1569; x_wconf 77' lang='lat' dir='ltr'><strong><em>descripta.</em></strong></span> <span class='ocrx_word' id='word_1_176' title='bbox 666 1500 769 1556; x_wconf 82' lang='lat' dir='ltr'><strong><em>llic</em></strong></span> <span class='ocrx_word' id='word_1_177' title='bbox 800 1519 922 1557; x_wconf 79' lang='lat' dir='ltr'><strong><em>vero</em></strong></span> <span class='ocrx_word' id='word_1_178' title='bbox 943 1503 1269 1572; x_wconf 77' lang='lat' dir='ltr'><strong><em>parcendum</em></strong></span> <span class='ocrx_word' id='word_1_179' title='bbox 1297 1503 1428 1559; x_wconf 90' lang='lat' dir='ltr'><strong><em>moli</em></strong></span> <span class='ocrx_word' id='word_1_180' title='bbox 1455 1503 1603 1569; x_wconf 89' lang='lat' dir='ltr'><strong><em>libri,</em></strong></span> <span class='ocrx_word' id='word_1_181' title='bbox 1631 1519 1724 1572; x_wconf 88' lang='lat' dir='ltr'><strong><em>per</em></strong></span> <span class='ocrx_word' id='word_1_182' title='bbox 1752 1518 1935 1574; x_wconf 87' lang='lat' dir='ltr'><strong><em>quam,</em></strong></span> <span class='ocrx_word' id='word_1_183' title='bbox 1964 1516 2027 1555; x_wconf 89' lang='lat' dir='ltr'><strong><em>ne</em></strong></span> <span class='ocrx_word' id='word_1_184' title='bbox 2052 1509 2209 1554; x_wconf 70' lang='lat' dir='ltr'><strong><em>extra</em></strong></span> <span class='ocrx_word' id='word_1_185' title='bbox 2255 1508 2427 1554; x_wconf 89' lang='lat' dir='ltr'><strong><em>metas</em></strong></span> <span class='ocrx_word' id='word_1_186' title='bbox 2460 1499 2750 1571; x_wconf 85' lang='lat' dir='ltr'><strong><em>quidquam</em></strong></span> <span class='ocrx_word' id='word_1_187' title='bbox 2795 1513 3152 1565; x_wconf 73' lang='lat' dir='ltr'><strong><em>excurrerem,</em></strong></span> <span class='ocrx_word' id='word_1_188' title='bbox 3175 1499 3308 1552; x_wconf 90' lang='lat' dir='ltr'><strong><em>mihi</em></strong></span> <span class='ocrx_word' id='word_1_189' title='bbox 3329 1499 3441 1570; x_wconf 89' lang='lat' dir='ltr'><strong><em>ipse</em></strong></span> <span class='ocrx_word' id='word_1_190' title='bbox 3463 1487 3631 1572; x_wconf 78' lang='lat' dir='ltr'><strong><em>legem</em></strong></span> 
     </span>
    </p>
   </div>
   <div class='ocr_carea' id='block_1_15' title="bbox 330 1586 3632 1662">
    <p class='ocr_par' dir='ltr' id='par_1_15' title="bbox 330 1586 3632 1662">
     <span class='ocr_line' id='line_1_15' title="bbox 330 1586 3632 1662; baseline 0 -18"><span class='ocrx_word' id='word_1_191' title='bbox 330 1591 610 1658; x_wconf 84' lang='lat' dir='ltr'><strong><em>imposui;</em></strong></span> <span class='ocrx_word' id='word_1_192' title='bbox 634 1600 684 1645; x_wconf 90' lang='lat' dir='ltr'><strong><em>et</em></strong></span> <span class='ocrx_word' id='word_1_193' title='bbox 722 1600 779 1644; x_wconf 88' lang='lat' dir='ltr'><strong><em>ut</em></strong></span> <span class='ocrx_word' id='word_1_194' title='bbox 799 1609 964 1647; x_wconf 90' lang='lat' dir='ltr'><strong><em>unum</em></strong></span> <span class='ocrx_word' id='word_1_195' title='bbox 985 1593 1254 1649; x_wconf 73' lang='lat' dir='ltr'><strong><em>duntaxat</em></strong></span> <span class='ocrx_word' id='word_1_196' title='bbox 1282 1609 1346 1648; x_wconf 77' lang='lat' dir='ltr'><strong><em>ea:</em></strong></span> <span class='ocrx_word' id='word_1_197' title='bbox 1380 1593 1555 1662; x_wconf 88' lang='lat' dir='ltr'><strong><em>spisso</em></strong></span> <span class='ocrx_word' id='word_1_198' title='bbox 1581 1591 1677 1648; x_wconf 91' lang='lat' dir='ltr'><strong><em>illo</em></strong></span> <span class='ocrx_word' id='word_1_199' title='bbox 1701 1607 1856 1660; x_wconf 90' lang='lat' dir='ltr'><strong><em>opere</em></strong></span> <span class='ocrx_word' id='word_1_200' title='bbox 1886 1597 2044 1659; x_wconf 82' lang='lat' dir='ltr'><strong><em>caput</em></strong></span> <span class='ocrx_word' id='word_1_201' title='bbox 2071 1586 2436 1658; x_wconf 70' lang='lat' dir='ltr'><strong><em>praelibarem,</em></strong></span> <span class='ocrx_word' id='word_1_202' title='bbox 2460 1588 2602 1658; x_wconf 88' lang='lat' dir='ltr'><strong><em>quod</em></strong></span> <span class='ocrx_word' id='word_1_203' title='bbox 2626 1587 2762 1644; x_wconf 90' lang='lat' dir='ltr'><strong><em>hanc</em></strong></span> <span class='ocrx_word' id='word_1_204' title='bbox 2790 1587 2965 1656; x_wconf 86' lang='lat' dir='ltr'><strong><em>ipsam</em></strong></span> <span class='ocrx_word' id='word_1_205' title='bbox 2995 1589 3188 1642; x_wconf 72' lang='lat' dir='ltr'><strong><em>excisae</em></strong></span> <span class='ocrx_word' id='word_1_206' title='bbox 3222 1587 3368 1641; x_wconf 88' lang='lat' dir='ltr'><strong><em>urbis</em></strong></span> <span class='ocrx_word' id='word_1_207' title='bbox 3398 1587 3632 1647; x_wconf 88' lang='lat' dir='ltr'><strong><em>Thessa-</em></strong></span> 
     </span>
    </p>
   </div>
   <div class='ocr_carea' id='block_1_16' title="bbox 333 1674 3632 1750">
    <p class='ocr_par' dir='ltr' id='par_1_16' title="bbox 333 1674 3632 1750">
     <span class='ocr_line' id='line_1_16' title="bbox 333 1674 3632 1750; baseline -0 -18"><span class='ocrx_word' id='word_1_208' title='bbox 333 1682 534 1735; x_wconf 72' lang='lat' dir='ltr'><strong><em>lonica:</em></strong></span> <span class='ocrx_word' id='word_1_209' title='bbox 561 1677 866 1748; x_wconf 83' lang='lat' dir='ltr'><strong><em>historiam,</em></strong></span> <span class='ocrx_word' id='word_1_210' title='bbox 898 1691 1130 1737; x_wconf 73' lang='lat' dir='ltr'><strong><em>extrema</em></strong></span> <span class='ocrx_word' id='word_1_211' title='bbox 1165 1682 1336 1736; x_wconf 89' lang='lat' dir='ltr'><strong><em>limite</em></strong></span> <span class='ocrx_word' id='word_1_212' title='bbox 1365 1681 1597 1750; x_wconf 90' lang='lat' dir='ltr'><strong><em>attingit.</em></strong></span> <span class='ocrx_word' id='word_1_213' title='bbox 1653 1678 1761 1733; x_wconf 82' lang='lat' dir='ltr'><strong><em>Cur</em></strong></span> <span class='ocrx_word' id='word_1_214' title='bbox 1794 1693 1912 1732; x_wconf 81' lang='lat' dir='ltr'><strong><em>vero</em></strong></span> <span class='ocrx_word' id='word_1_215' title='bbox 1957 1677 2280 1741; x_wconf 87' lang='lat' dir='ltr'><strong><em>Demetrius,</em></strong></span> <span class='ocrx_word' id='word_1_216' title='bbox 2326 1685 2404 1731; x_wconf 90' lang='lat' dir='ltr'><strong><em>tot</em></strong></span> <span class='ocrx_word' id='word_1_217' title='bbox 2452 1676 2621 1730; x_wconf 90' lang='lat' dir='ltr'><strong><em>modis</em></strong></span> <span class='ocrx_word' id='word_1_218' title='bbox 2677 1675 2943 1746; x_wconf 88' lang='lat' dir='ltr'><strong><em>tantisque</em></strong></span> <span class='ocrx_word' id='word_1_219' title='bbox 2985 1674 3226 1731; x_wconf 90' lang='lat' dir='ltr'><strong><em>hostibus</em></strong></span> <span class='ocrx_word' id='word_1_220' title='bbox 3256 1676 3382 1730; x_wconf 89' lang='lat' dir='ltr'><strong><em>olim</em></strong></span> <span class='ocrx_word' id='word_1_221' title='bbox 3421 1688 3632 1735; x_wconf 80' lang='lat' dir='ltr'><strong><em>serrata</em></strong></span> 
     </span>
    </p>
   </div>
   <div class='ocr_carea' id='block_1_17' title="bbox 333 1763 3634 1837">
    <p class='ocr_par' dir='ltr' id='par_1_17' title="bbox 333 1763 3634 1837">
     <span class='ocr_line' id='line_1_17' title="bbox 333 1763 3634 1837; baseline 0 -17"><span class='ocrx_word' id='word_1_222' title='bbox 333 1783 442 1823; x_wconf 77' lang='lat' dir='ltr'><strong><em>sua</em></strong></span> <span class='ocrx_word' id='word_1_223' title='bbox 498 1767 735 1831; x_wconf 80' lang='lat' dir='ltr'><strong><em>civitate,</em></strong></span> <span class='ocrx_word' id='word_1_224' title='bbox 768 1768 929 1822; x_wconf 84' lang='lat' dir='ltr'><strong><em>semel</em></strong></span> <span class='ocrx_word' id='word_1_225' title='bbox 960 1779 1010 1822; x_wconf 85' lang='lat' dir='ltr'><strong><em>et</em></strong></span> <span class='ocrx_word' id='word_1_226' title='bbox 1050 1769 1240 1823; x_wconf 88' lang='lat' dir='ltr'><strong><em>iterum</em></strong></span> <span class='ocrx_word' id='word_1_227' title='bbox 1285 1784 1319 1823; x_wconf 83' lang='grc' dir='ltr'><strong><em>α</em></strong></span> <span class='ocrx_word' id='word_1_228' title='bbox 1373 1764 1575 1821; x_wconf 85' lang='lat' dir='ltr'><strong><em>Christi</em></strong></span> <span class='ocrx_word' id='word_1_229' title='bbox 1607 1765 1852 1821; x_wconf 83' lang='lat' dir='ltr'><strong><em>hostibus</em></strong></span> <span class='ocrx_word' id='word_1_230' title='bbox 1881 1765 2045 1834; x_wconf 84' lang='lat' dir='ltr'><strong><em>diripi</em></strong></span> <span class='ocrx_word' id='word_1_231' title='bbox 2077 1764 2280 1830; x_wconf 74' lang='lat' dir='ltr'><strong><em>siverit,</em></strong></span> <span class='ocrx_word' id='word_1_232' title='bbox 2326 1779 2611 1835; x_wconf 88' lang='lat' dir='ltr'><strong><em>eorumque</em></strong></span> <span class='ocrx_word' id='word_1_233' title='bbox 2647 1772 2915 1837; x_wconf 90' lang='lat' dir='ltr'><strong><em>postremo</em></strong></span> <span class='ocrx_word' id='word_1_234' title='bbox 2947 1763 3111 1837; x_wconf 80' lang='lat' dir='ltr'><strong><em>ﬁrma</em></strong></span> <span class='ocrx_word' id='word_1_235' title='bbox 3140 1766 3474 1837; x_wconf 86' lang='lat' dir='ltr'><strong><em>possessione</em></strong></span> <span class='ocrx_word' id='word_1_236' title='bbox 3486 1766 3634 1836; x_wconf 76' lang='lat' dir='ltr'><strong><em>juris</em></strong></span> 
     </span>
    </p>
   </div>
   <div class='ocr_carea' id='block_1_18' title="bbox 333 1849 2423 1928">
    <p class='ocr_par' dir='ltr' id='par_1_18' title="bbox 333 1849 2423 1928">
     <span class='ocr_line' id='line_1_18' title="bbox 333 1849 2423 1928; baseline 0.001 -20"><span class='ocrx_word' id='word_1_237' title='bbox 333 1855 480 1926; x_wconf 72' lang='lat' dir='ltr'><strong><em>ﬁeri,</em></strong></span> <span class='ocrx_word' id='word_1_238' title='bbox 511 1855 627 1910; x_wconf 89' lang='lat' dir='ltr'><strong><em>alta</em></strong></span> <span class='ocrx_word' id='word_1_239' title='bbox 664 1855 764 1911; x_wconf 91' lang='lat' dir='ltr'><strong><em>Dei</em></strong></span> <span class='ocrx_word' id='word_1_240' title='bbox 779 1857 992 1928; x_wconf 87' lang='lat' dir='ltr'><strong><em>judicia</em></strong></span> <span class='ocrx_word' id='word_1_241' title='bbox 1013 1867 1134 1911; x_wconf 89' lang='lat' dir='ltr'><strong><em>sunt</em></strong></span> <span class='ocrx_word' id='word_1_242' title='bbox 1167 1871 1187 1912; x_wconf 92' lang='lat'><strong><em>:</em></strong></span> <span class='ocrx_word' id='word_1_243' title='bbox 1219 1873 1254 1913; x_wconf 91' lang='lat' dir='ltr'><strong><em>a</em></strong></span> <span class='ocrx_word' id='word_1_244' title='bbox 1285 1857 1473 1927; x_wconf 88' lang='lat' dir='ltr'><strong><em>quibus</em></strong></span> <span class='ocrx_word' id='word_1_245' title='bbox 1495 1864 1546 1911; x_wconf 88' lang='lat' dir='ltr'><strong><em>et</em></strong></span> <span class='ocrx_word' id='word_1_246' title='bbox 1585 1853 1738 1910; x_wconf 84' lang='lat' dir='ltr'><strong><em>nobis</em></strong></span> <span class='ocrx_word' id='word_1_247' title='bbox 1771 1854 1961 1909; x_wconf 88' lang='lat' dir='ltr'><strong><em>merito</em></strong></span> <span class='ocrx_word' id='word_1_248' title='bbox 1998 1849 2291 1908; x_wconf 88' lang='lat' dir='ltr'><strong><em>timendum</em></strong></span> <span class='ocrx_word' id='word_1_249' title='bbox 2328 1852 2423 1912; x_wconf 86' lang='lat' dir='ltr'><strong><em>sit.</em></strong></span> 
     </span>
    </p>
   </div>
   <div class='ocr_carea' id='block_1_19' title="bbox 515 2167 3456 2237">
    <p class='ocr_par' dir='ltr' id='par_1_19' title="bbox 515 2167 3456 2237">
     <span class='ocr_line' id='line_1_19' title="bbox 515 2167 3456 2237; baseline 0.001 -10"><span class='ocrx_word' id='word_1_250' title='bbox 515 2173 618 2227; x_wconf 81' lang='grc' dir='ltr'><strong><em>ΕΚ</em></strong></span> <span class='ocrx_word' id='word_1_251' title='bbox 654 2172 794 2226; x_wconf 83' lang='grc' dir='ltr'><strong><em>ΤΩΝ</em></strong></span> <span class='ocrx_word' id='word_1_252' title='bbox 855 2171 988 2225; x_wconf 81' lang='grc' dir='ltr'><strong><em>ΤΟΥ</em></strong></span> <span class='ocrx_word' id='word_1_253' title='bbox 1028 2171 1473 2226; x_wconf 79' lang='grc' dir='ltr'><strong><em>ΔΘΛΟΦΟΡΟΥ</em></strong></span> <span class='ocrx_word' id='word_1_254' title='bbox 1518 2169 1941 2228; x_wconf 80' lang='grc' dir='ltr'><strong><em>ΔΗΜΗΤΡΙΟΥ</em></strong></span> <span class='ocrx_word' id='word_1_255' title='bbox 1971 2168 2072 2224; x_wconf 86' lang='grc' dir='ltr'><strong><em>ΕΝ</em></strong></span> <span class='ocrx_word' id='word_1_256' title='bbox 2115 2167 2394 2237; x_wconf 81' lang='lat' dir='ltr'><strong><em>MEle</em></strong></span> <span class='ocrx_word' id='word_1_257' title='bbox 2419 2171 2784 2227; x_wconf 79' lang='grc' dir='ltr'><strong><em>ΔΙΗΓΗΣΕΙ</em></strong></span> <span class='ocrx_word' id='word_1_258' title='bbox 2818 2170 3456 2228; x_wconf 73' lang='grc' dir='ltr'><strong><em>ΘΔΥΜΑΤΟΥΡΓΙΩΝ.</em></strong></span> 
     </span>
    </p>
   </div>
   <div class='ocr_carea' id='block_1_20' title="bbox 1605 2397 2365 2504">
    <p class='ocr_par' dir='ltr' id='par_1_20' title="bbox 1605 2397 2365 2504">
     <span class='ocr_line' id='line_1_20' title="bbox 1605 2397 2365 2504; baseline -0.003 -2"><span class='ocrx_word' id='word_1_259' title='bbox 1605 2442 1726 2502; x_wconf 84' lang='lat' dir='ltr'><em>EX</em></span> <span class='ocrx_word' id='word_1_260' title='bbox 1774 2397 2365 2504; x_wconf 79' lang='lat' dir='ltr'><strong><em>TBIUMPHALIS</em></strong></span> 
     </span>
    </p>
   </div>
   <div class='ocr_carea' id='block_1_21' title="bbox 734 2563 3277 2631">
    <p class='ocr_par' dir='ltr' id='par_1_21' title="bbox 734 2563 3277 2631">
     <span class='ocr_line' id='line_1_21' title="bbox 734 2563 3277 2631; baseline 0.001 -3"><span class='ocrx_word' id='word_1_261' title='bbox 734 2565 1173 2628; x_wconf 79' lang='lat' dir='ltr'><strong><em>MARTYRIS</em></strong></span> <span class='ocrx_word' id='word_1_262' title='bbox 1215 2565 1659 2629; x_wconf 81' lang='lat' dir='ltr'><strong><em>DEMETIUI</em></strong></span> <span class='ocrx_word' id='word_1_263' title='bbox 1727 2564 2238 2630; x_wconf 81' lang='lat' dir='ltr'><strong><em>SIGILLATIM</em></strong></span> <span class='ocrx_word' id='word_1_264' title='bbox 2303 2563 2733 2629; x_wconf 83' lang='lat' dir='ltr'><strong><em>NARRATIS</em></strong></span> <span class='ocrx_word' id='word_1_265' title='bbox 2787 2563 3277 2631; x_wconf 82' lang='lat' dir='ltr'><strong><em>MIRACULIS.</em></strong></span> 
     </span>
    </p>
   </div>
   <div class='ocr_carea' id='block_1_22' title="bbox 423 2848 1950 2930">
    <p class='ocr_par' dir='ltr' id='par_1_22' title="bbox 423 2848 1950 2930">
     <span class='ocr_line' id='line_1_22' title="bbox 423 2848 1950 2930; baseline -0.002 -17"><span class='ocrx_word' id='word_1_266' title='bbox 423 2855 515 2930; x_wconf 75' lang='grc' dir='ltr'><strong><em>[Ρ.</em></strong></span> <span class='ocrx_word' id='word_1_267' title='bbox 545 2855 679 2929; x_wconf 73' lang='lat' dir='ltr'><strong><em>3H]</em></strong></span> <span class='ocrx_word' id='word_1_268' title='bbox 722 2863 794 2909; x_wconf 82' lang='lat' dir='ltr'><strong><em>a&#39;.</em></strong></span> <span class='ocrx_word' id='word_1_269' title='bbox 825 2856 1076 2926; x_wconf 85' lang='grc' dir='ltr'>Ἕτερον,</span> <span class='ocrx_word' id='word_1_270' title='bbox 1114 2848 1159 2908; x_wconf 81' lang='grc' dir='ltr'><strong>ὦ</strong></span> <span class='ocrx_word' id='word_1_271' title='bbox 1194 2853 1484 2926; x_wconf 79' lang='grc' dir='ltr'><strong><em>παρόντες,</em></strong></span> <span class='ocrx_word' id='word_1_272' title='bbox 1511 2855 1622 2910; x_wconf 83' lang='grc' dir='ltr'>τῶν</span> <span class='ocrx_word' id='word_1_273' title='bbox 1654 2855 1752 2911; x_wconf 82' lang='grc' dir='ltr'>τοῦ</span> <span class='ocrx_word' id='word_1_274' title='bbox 1780 2874 1950 2928; x_wconf 87' lang='grc' dir='ltr'>μεγα-</span> 
     </span>
    </p>
   </div>
   <div class='ocr_carea' id='block_1_23' title="bbox 2055 2848 3644 2930">
    <p class='ocr_par' dir='ltr' id='par_1_23' title="bbox 2130 2849 3644 2925">
     <span class='ocr_line' id='line_1_23' title="bbox 2130 2849 3644 2925; baseline 0 -15"><span class='ocrx_word' id='word_1_275' title='bbox 2130 2857 2183 2910; x_wconf 80' lang='grc'>1.</span> <span class='ocrx_word' id='word_1_276' title='bbox 2213 2853 2374 2909; x_wconf 83' lang='lat' dir='ltr'><strong><em>Aliud</em></strong></span> <span class='ocrx_word' id='word_1_277' title='bbox 2401 2866 2566 2924; x_wconf 90' lang='lat' dir='ltr'><strong><em>porro</em></strong></span> <span class='ocrx_word' id='word_1_278' title='bbox 2603 2849 2952 2924; x_wconf 83' lang='lat' dir='ltr'><strong><em>(auditores)</em></strong></span> <span class='ocrx_word' id='word_1_279' title='bbox 2994 2851 3179 2921; x_wconf 80' lang='lat' dir='ltr'><strong><em>magni</em></strong></span> <span class='ocrx_word' id='word_1_280' title='bbox 3213 2853 3476 2924; x_wconf 75' lang='lat' dir='ltr'><strong><em>martyris</em></strong></span> <span class='ocrx_word' id='word_1_281' title='bbox 3511 2867 3644 2925; x_wconf 80' lang='lat' dir='ltr'><strong><em>pro-</em></strong></span> 
     </span>
    </p>
   </div>
   <div class='ocr_carea' id='block_1_24' title="bbox 341 2943 1950 3025">
    <p class='ocr_par' dir='ltr' id='par_1_24' title="bbox 341 2949 1943 3025">
     <span class='ocr_line' id='line_1_24' title="bbox 341 2949 1943 3025; baseline -0.002 -17"><span class='ocrx_word' id='word_1_282' title='bbox 341 2951 696 3025; x_wconf 76' lang='grc' dir='ltr'>λομάρτυρος</span> <span class='ocrx_word' id='word_1_283' title='bbox 746 2949 1052 3021; x_wconf 84' lang='grc' dir='ltr'>τεραστίων</span> <span class='ocrx_word' id='word_1_284' title='bbox 1094 2949 1270 3018; x_wconf 83' lang='grc' dir='ltr'>λέγων</span> <span class='ocrx_word' id='word_1_285' title='bbox 1314 2949 1570 3020; x_wconf 80' lang='grc' dir='ltr'>ἔρχομαι,</span> <span class='ocrx_word' id='word_1_286' title='bbox 1623 2953 1731 3005; x_wconf 82' lang='grc' dir='ltr'><strong><em>τῶν</em></strong></span> <span class='ocrx_word' id='word_1_287' title='bbox 1789 2956 1943 3025; x_wconf 76' lang='grc' dir='ltr'>εἰρη-</span> 
     </span>
    </p>
   </div>
   <div class='ocr_carea' id='block_1_25' title="bbox 2055 2943 3644 3025">
    <p class='ocr_par' dir='ltr' id='par_1_25' title="bbox 2055 2943 3644 3020">
     <span class='ocr_line' id='line_1_25' title="bbox 2055 2943 3644 3020; baseline 0.001 -16"><span class='ocrx_word' id='word_1_288' title='bbox 2055 2948 2323 3020; x_wconf 83' lang='lat' dir='ltr'><strong><em>digiorum</em></strong></span> <span class='ocrx_word' id='word_1_289' title='bbox 2361 2953 2693 3001; x_wconf 81' lang='lat' dir='ltr'><strong><em>narraturus</em></strong></span> <span class='ocrx_word' id='word_1_290' title='bbox 2729 2943 2934 2999; x_wconf 87' lang='lat' dir='ltr'><strong><em>accedo</em></strong></span> <span class='ocrx_word' id='word_1_291' title='bbox 2981 2962 2996 2998; x_wconf 88' lang='lat'><strong>:</strong></span> <span class='ocrx_word' id='word_1_292' title='bbox 3036 2947 3184 3014; x_wconf 89' lang='lat' dir='ltr'><strong><em>quod</em></strong></span> <span class='ocrx_word' id='word_1_293' title='bbox 3215 2945 3419 3016; x_wconf 88' lang='lat' dir='ltr'><strong><em>ipsum,</em></strong></span> <span class='ocrx_word' id='word_1_294' title='bbox 3451 2963 3644 3006; x_wconf 86' lang='lat' dir='ltr'><strong><em>eorum</em></strong></span> 
     </span>
    </p>
   </div>
   <div class='ocr_carea' id='block_1_26' title="bbox 345 3040 1948 3116">
    <p class='ocr_par' dir='ltr' id='par_1_26' title="bbox 345 3040 1948 3116">
     <span class='ocr_line' id='line_1_26' title="bbox 345 3040 1948 3116; baseline -0.002 -17"><span class='ocrx_word' id='word_1_295' title='bbox 345 3044 533 3116; x_wconf 77' lang='grc' dir='ltr'>μένων</span> <span class='ocrx_word' id='word_1_296' title='bbox 567 3043 710 3113; x_wconf 83' lang='grc' dir='ltr'><strong><em>τάχα</em></strong></span> <span class='ocrx_word' id='word_1_297' title='bbox 749 3041 851 3095; x_wconf 83' lang='grc' dir='ltr'><strong><em>οὐκ</em></strong></span> <span class='ocrx_word' id='word_1_298' title='bbox 880 3040 1101 3094; x_wconf 72' lang='grc' dir='ltr'>ἔλαττον</span> <span class='ocrx_word' id='word_1_299' title='bbox 1123 3057 1135 3071; x_wconf 76' lang='grc'><strong><em>⁸</em></strong></span> <span class='ocrx_word' id='word_1_300' title='bbox 1167 3040 1253 3112; x_wconf 77' lang='grc' dir='ltr'><strong><em>[Ρ.</em></strong></span> <span class='ocrx_word' id='word_1_301' title='bbox 1275 3040 1403 3113; x_wconf 72' lang='grc'><strong><em>515]</em></strong></span> <span class='ocrx_word' id='word_1_302' title='bbox 1436 3042 1582 3106; x_wconf 76' lang='grc' dir='ltr'>ὅπως</span> <span class='ocrx_word' id='word_1_303' title='bbox 1613 3042 1714 3114; x_wconf 80' lang='grc' dir='ltr'><strong><em>μὲν</em></strong></span> <span class='ocrx_word' id='word_1_304' title='bbox 1745 3045 1778 3115; x_wconf 80' lang='grc' dir='ltr'>ἡ</span> <span class='ocrx_word' id='word_1_305' title='bbox 1810 3046 1948 3099; x_wconf 81' lang='grc' dir='ltr'>Θεσ-</span> 
     </span>
    </p>
   </div>
   <div class='ocr_carea' id='block_1_27' title="bbox 343 3134 1946 3208">
    <p class='ocr_par' dir='ltr' id='par_1_27' title="bbox 343 3134 1946 3208">
     <span class='ocr_line' id='line_1_27' title="bbox 343 3134 1946 3208; baseline 0 -16"><span class='ocrx_word' id='word_1_306' title='bbox 343 3137 612 3208; x_wconf 84' lang='grc' dir='ltr'>σαλονίκη</span> <span class='ocrx_word' id='word_1_307' title='bbox 640 3136 857 3206; x_wconf 80' lang='grc' dir='ltr'><strong><em>χρόνοις</em></strong></span> <span class='ocrx_word' id='word_1_308' title='bbox 881 3135 1102 3197; x_wconf 81' lang='grc' dir='ltr'>πολλοῖς</span> <span class='ocrx_word' id='word_1_309' title='bbox 1134 3135 1403 3207; x_wconf 88' lang='grc' dir='ltr'>πρότερον</span> <span class='ocrx_word' id='word_1_310' title='bbox 1439 3134 1543 3188; x_wconf 75' lang='grc' dir='ltr'>ὑπὸ</span> <span class='ocrx_word' id='word_1_311' title='bbox 1570 3135 1679 3190; x_wconf 86' lang='grc' dir='ltr'>τῶν</span> <span class='ocrx_word' id='word_1_312' title='bbox 1703 3136 1802 3207; x_wconf 81' lang='grc' dir='ltr'>τῆς</span> <span class='ocrx_word' id='word_1_313' title='bbox 1822 3138 1946 3193; x_wconf 86' lang='grc' dir='ltr'>δού-</span> 
     </span>
    </p>
   </div>
   <div class='ocr_carea' id='block_1_28' title="bbox 344 3229 1948 3303">
    <p class='ocr_par' dir='ltr' id='par_1_28' title="bbox 344 3229 1948 3303">
     <span class='ocr_line' id='line_1_28' title="bbox 344 3229 1948 3303; baseline 0 -18"><span class='ocrx_word' id='word_1_314' title='bbox 344 3233 446 3300; x_wconf 80' lang='grc' dir='ltr'><strong><em>λης</em></strong></span> <span class='ocrx_word' id='word_1_315' title='bbox 480 3229 628 3284; x_wconf 79' lang='grc' dir='ltr'>ἑάλω</span> <span class='ocrx_word' id='word_1_316' title='bbox 676 3229 910 3294; x_wconf 84' lang='grc' dir='ltr'>τέκνων,</span> <span class='ocrx_word' id='word_1_317' title='bbox 937 3231 1038 3300; x_wconf 87' lang='grc' dir='ltr'>τῆς</span> <span class='ocrx_word' id='word_1_318' title='bbox 1077 3229 1279 3300; x_wconf 83' lang='grc' dir='ltr'>Ἀγαρ,</span> <span class='ocrx_word' id='word_1_319' title='bbox 1316 3230 1414 3283; x_wconf 75' lang='grc' dir='ltr'>καὶ</span> <span class='ocrx_word' id='word_1_320' title='bbox 1460 3229 1742 3301; x_wconf 82' lang='grc' dir='ltr'>μαχαίρας</span> <span class='ocrx_word' id='word_1_321' title='bbox 1786 3231 1948 3303; x_wconf 80' lang='grc' dir='ltr'>ἔργον</span> 
     </span>
    </p>
   </div>
   <div class='ocr_carea' id='block_1_29' title="bbox 341 3323 1948 3398">
    <p class='ocr_par' dir='ltr' id='par_1_29' title="bbox 341 3323 1948 3398">
     <span class='ocr_line' id='line_1_29' title="bbox 341 3323 1948 3398; baseline 0.001 -18"><span class='ocrx_word' id='word_1_322' title='bbox 341 3327 595 3395; x_wconf 72' lang='grc' dir='ltr'>ἐγένετο,</span> <span class='ocrx_word' id='word_1_323' title='bbox 641 3325 871 3388; x_wconf 82' lang='grc' dir='ltr'>Λέοντος</span> <span class='ocrx_word' id='word_1_324' title='bbox 915 3325 983 3377; x_wconf 84' lang='grc' dir='ltr'>τὰ</span> <span class='ocrx_word' id='word_1_325' title='bbox 1043 3323 1301 3396; x_wconf 77' lang='grc' dir='ltr'>σκῆπτρα</span> <span class='ocrx_word' id='word_1_326' title='bbox 1345 3323 1646 3393; x_wconf 81' lang='grc' dir='ltr'>διέποντος,</span> <span class='ocrx_word' id='word_1_327' title='bbox 1681 3325 1948 3398; x_wconf 77' lang='grc' dir='ltr'>κρίμασιν</span> 
     </span>
    </p>
   </div>
   <div class='ocr_carea' id='block_1_30' title="bbox 341 3413 1947 3489">
    <p class='ocr_par' dir='ltr' id='par_1_30' title="bbox 341 3413 1947 3489">
     <span class='ocr_line' id='line_1_30' title="bbox 341 3413 1947 3489; baseline 0.001 -18"><span class='ocrx_word' id='word_1_328' title='bbox 341 3413 428 3482; x_wconf 80' lang='grc' dir='ltr'>οἷς</span> <span class='ocrx_word' id='word_1_329' title='bbox 457 3417 622 3481; x_wconf 80' lang='grc' dir='ltr'>αὐτὸς</span> <span class='ocrx_word' id='word_1_330' title='bbox 658 3416 818 3485; x_wconf 81' lang='grc' dir='ltr'>μόνος</span> <span class='ocrx_word' id='word_1_331' title='bbox 847 3415 1186 3488; x_wconf 73' lang='grc' dir='ltr'>ἀπορρήτοις</span> <span class='ocrx_word' id='word_1_332' title='bbox 1221 3416 1540 3484; x_wconf 77' lang='grc' dir='ltr'>ἐπίστασαι,</span> <span class='ocrx_word' id='word_1_333' title='bbox 1575 3415 1773 3487; x_wconf 84' lang='grc' dir='ltr'>Κύριε,</span> <span class='ocrx_word' id='word_1_334' title='bbox 1801 3434 1947 3489; x_wconf 90' lang='grc' dir='ltr'>παρ-</span> 
     </span>
    </p>
   </div>
   <div class='ocr_carea' id='block_1_31' title="bbox 348 3507 1947 3582">
    <p class='ocr_par' dir='ltr' id='par_1_31' title="bbox 348 3507 1947 3582">
     <span class='ocr_line' id='line_1_31' title="bbox 348 3507 1947 3582; baseline -0.003 -16"><span class='ocrx_word' id='word_1_335' title='bbox 348 3513 477 3568; x_wconf 80' lang='grc' dir='ltr'>ιδὼν</span> <span class='ocrx_word' id='word_1_336' title='bbox 523 3511 593 3565; x_wconf 83' lang='grc' dir='ltr'>τὰ</span> <span class='ocrx_word' id='word_1_337' title='bbox 633 3510 884 3570; x_wconf 81' lang='grc' dir='ltr'>τοιαῦτα.</span> <span class='ocrx_word' id='word_1_338' title='bbox 919 3509 1014 3564; x_wconf 71' lang='grc' dir='ltr'>καὶ</span> <span class='ocrx_word' id='word_1_339' title='bbox 1044 3507 1192 3562; x_wconf 75' lang='grc' dir='ltr'>οὕτω</span> <span class='ocrx_word' id='word_1_340' title='bbox 1218 3508 1309 3563; x_wconf 84' lang='grc' dir='ltr'><strong><em>διὰ</em></strong></span> <span class='ocrx_word' id='word_1_341' title='bbox 1335 3509 1435 3574; x_wconf 84' lang='grc' dir='ltr'><strong><em>τὰς</em></strong></span> <span class='ocrx_word' id='word_1_342' title='bbox 1458 3510 1736 3582; x_wconf 77' lang='grc' dir='ltr'>ἡμετέρας</span> <span class='ocrx_word' id='word_1_343' title='bbox 1764 3511 1947 3582; x_wconf 88' lang='grc' dir='ltr'>ἁμαρ-</span> 
     </span>
    </p>
   </div>
   <div class='ocr_carea' id='block_1_32' title="bbox 341 3601 1949 3675">
    <p class='ocr_par' dir='ltr' id='par_1_32' title="bbox 341 3601 1949 3675">
     <span class='ocr_line' id='line_1_32' title="bbox 341 3601 1949 3675; baseline -0.002 -15"><span class='ocrx_word' id='word_1_344' title='bbox 341 3607 472 3670; x_wconf 83' lang='grc' dir='ltr'>τίας</span> <span class='ocrx_word' id='word_1_345' title='bbox 519 3603 783 3675; x_wconf 78' lang='grc' dir='ltr'>γενέσθαι</span> <span class='ocrx_word' id='word_1_346' title='bbox 822 3602 1408 3674; x_wconf 84' lang='grc' dir='ltr'>διοικονομησάμενος,</span> <span class='ocrx_word' id='word_1_347' title='bbox 1440 3601 1598 3657; x_wconf 82' lang='grc' dir='ltr'>ἄλλαι</span> <span class='ocrx_word' id='word_1_348' title='bbox 1629 3620 1690 3657; x_wconf 86' lang='grc' dir='ltr'><strong><em>τε</em></strong></span> <span class='ocrx_word' id='word_1_349' title='bbox 1731 3604 1949 3667; x_wconf 86' lang='grc' dir='ltr'>πάντως</span> 
     </span>
    </p>
   </div>
   <div class='ocr_carea' id='block_1_33' title="bbox 341 3693 1950 3769">
    <p class='ocr_par' dir='ltr' id='par_1_33' title="bbox 341 3693 1950 3769">
     <span class='ocr_line' id='line_1_33' title="bbox 341 3693 1950 3769; baseline -0.002 -19"><span class='ocrx_word' id='word_1_350' title='bbox 341 3696 573 3769; x_wconf 72' lang='grc' dir='ltr'>δηλοῦσι</span> <span class='ocrx_word' id='word_1_351' title='bbox 620 3693 863 3767; x_wconf 79' lang='grc' dir='ltr'>γραφαὶ’</span> <span class='ocrx_word' id='word_1_352' title='bbox 902 3694 996 3746; x_wconf 76' lang='grc' dir='ltr'>καὶ</span> <span class='ocrx_word' id='word_1_353' title='bbox 1025 3694 1059 3763; x_wconf 86' lang='grc' dir='ltr'><strong>ἡ</strong></span> <span class='ocrx_word' id='word_1_354' title='bbox 1101 3693 1290 3765; x_wconf 83' lang='grc' dir='ltr'>μνήμη</span> <span class='ocrx_word' id='word_1_355' title='bbox 1342 3693 1694 3766; x_wconf 80' lang='grc' dir='ltr'>διαῤῥέουσα,</span> <span class='ocrx_word' id='word_1_356' title='bbox 1735 3693 1814 3748; x_wconf 77' lang='grc' dir='ltr'>ἔτι</span> <span class='ocrx_word' id='word_1_357' title='bbox 1855 3693 1950 3747; x_wconf 81' lang='grc' dir='ltr'>καὶ</span> 
     </span>
    </p>
   </div>
   <div class='ocr_carea' id='block_1_34' title="bbox 350 3785 1733 3858">
    <p class='ocr_par' dir='ltr' id='par_1_34' title="bbox 350 3785 1733 3858">
     <span class='ocr_line' id='line_1_34' title="bbox 350 3785 1733 3858; baseline -0.002 -16"><span class='ocrx_word' id='word_1_358' title='bbox 350 3789 449 3842; x_wconf 69' lang='grc' dir='ltr'>νῦν</span> <span class='ocrx_word' id='word_1_359' title='bbox 473 3791 547 3842; x_wconf 83' lang='grc' dir='ltr'>τὰ</span> <span class='ocrx_word' id='word_1_360' title='bbox 581 3786 971 3857; x_wconf 79' lang='grc' dir='ltr'>ὲπισυμὸἀντα</span> <span class='ocrx_word' id='word_1_361' title='bbox 1001 3785 1310 3858; x_wconf 83' lang='grc' dir='ltr'>τηνικαῦτα</span> <span class='ocrx_word' id='word_1_362' title='bbox 1342 3786 1733 3857; x_wconf 79' lang='grc' dir='ltr'><strong><em>ἐπιτραγῳδεῖ.</em></strong></span> 
     </span>
    </p>
   </div>
   <div class='ocr_carea' id='block_1_35' title="bbox 444 3969 1949 4043">
    <p class='ocr_par' dir='ltr' id='par_1_35' title="bbox 444 3969 1949 4043">
     <span class='ocr_line' id='line_1_35' title="bbox 444 3969 1949 4043; baseline -0.003 -16"><span class='ocrx_word' id='word_1_363' title='bbox 444 3971 508 4043; x_wconf 80' lang='grc' dir='ltr'><strong><em>β’.</em></strong></span> <span class='ocrx_word' id='word_1_364' title='bbox 537 3975 674 4028; x_wconf 72' lang='grc' dir='ltr'>Κατ’</span> <span class='ocrx_word' id='word_1_365' title='bbox 702 3973 868 4029; x_wconf 80' lang='grc' dir='ltr'>αὐτὸν</span> <span class='ocrx_word' id='word_1_366' title='bbox 896 3972 988 4026; x_wconf 74' lang='grc' dir='ltr'><strong><em>οὖν</em></strong></span> <span class='ocrx_word' id='word_1_367' title='bbox 1033 3971 1126 4025; x_wconf 79' lang='grc' dir='ltr'>τὸν</span> <span class='ocrx_word' id='word_1_368' title='bbox 1169 3971 1362 4042; x_wconf 76' lang='grc' dir='ltr'>καιρὸν</span> <span class='ocrx_word' id='word_1_369' title='bbox 1392 3969 1491 4040; x_wconf 80' lang='grc' dir='ltr'>τῆς</span> <span class='ocrx_word' id='word_1_370' title='bbox 1532 3971 1808 4035; x_wconf 84' lang='grc' dir='ltr'>ἁλώσεως,</span> <span class='ocrx_word' id='word_1_371' title='bbox 1851 3969 1949 4024; x_wconf 82' lang='grc' dir='ltr'><strong><em>ἄν·</em></strong></span> 
     </span>
    </p>
   </div>
   <div class='ocr_carea' id='block_1_36' title="bbox 369 4061 1950 4138">
    <p class='ocr_par' dir='ltr' id='par_1_36' title="bbox 369 4061 1950 4138">
     <span class='ocr_line' id='line_1_36' title="bbox 369 4061 1950 4138; baseline -0.006 -15"><span class='ocrx_word' id='word_1_372' title='bbox 369 4065 573 4138; x_wconf 75' lang='grc' dir='ltr'>θρωποί</span> <span class='ocrx_word' id='word_1_373' title='bbox 600 4085 748 4132; x_wconf 88' lang='grc' dir='ltr'>τινες</span> <span class='ocrx_word' id='word_1_374' title='bbox 803 4065 1112 4122; x_wconf 83' lang='grc' dir='ltr'>Ἰταλιῶται</span> <span class='ocrx_word' id='word_1_375' title='bbox 1155 4065 1257 4136; x_wconf 86' lang='grc' dir='ltr'>τῆς</span> <span class='ocrx_word' id='word_1_376' title='bbox 1291 4063 1499 4117; x_wconf 77' lang='grc' dir='ltr'>ἑαυτῶν</span> <span class='ocrx_word' id='word_1_377' title='bbox 1543 4061 1950 4133; x_wconf 77' lang='grc' dir='ltr'>ἐξορμήσαντες</span> 
     </span>
    </p>
   </div>
   <div class='ocr_carea' id='block_1_37' title="bbox 356 4155 1946 4232">
    <p class='ocr_par' dir='ltr' id='par_1_37' title="bbox 356 4155 1946 4232">
     <span class='ocr_line' id='line_1_37' title="bbox 356 4155 1946 4232; baseline -0.004 -18"><span class='ocrx_word' id='word_1_378' title='bbox 356 4161 525 4232; x_wconf 83' lang='grc' dir='ltr'>εὐχῆς</span> <span class='ocrx_word' id='word_1_379' title='bbox 577 4163 787 4227; x_wconf 70' lang='grc' dir='ltr'>ἕνεκεν,</span> <span class='ocrx_word' id='word_1_380' title='bbox 819 4162 916 4216; x_wconf 75' lang='grc' dir='ltr'><strong><em>καὶ</em></strong></span> <span class='ocrx_word' id='word_1_381' title='bbox 978 4158 1221 4232; x_wconf 75' lang='grc' dir='ltr'>ἱστορίας</span> <span class='ocrx_word' id='word_1_382' title='bbox 1272 4157 1383 4211; x_wconf 84' lang='grc' dir='ltr'><strong><em>τῶν</em></strong></span> <span class='ocrx_word' id='word_1_383' title='bbox 1427 4155 1946 4226; x_wconf 78' lang='grc' dir='ltr'>ἑκασταχὸοιναῶν,</span> 
     </span>
    </p>
   </div>
   <div class='ocr_carea' id='block_1_38' title="bbox 348 4248 1946 4329">
    <p class='ocr_par' dir='ltr' id='par_1_38' title="bbox 348 4248 1946 4329">
     <span class='ocr_line' id='line_1_38' title="bbox 348 4248 1946 4329; baseline -0.006 -18"><span class='ocrx_word' id='word_1_384' title='bbox 348 4257 452 4311; x_wconf 80' lang='grc' dir='ltr'><strong><em>καὶ</em></strong></span> <span class='ocrx_word' id='word_1_385' title='bbox 486 4257 554 4326; x_wconf 72' lang='grc' dir='ltr'><strong><em>δὴ</em></strong></span> <span class='ocrx_word' id='word_1_386' title='bbox 587 4257 725 4329; x_wconf 83' lang='grc' dir='ltr'>πρὸς</span> <span class='ocrx_word' id='word_1_387' title='bbox 751 4255 883 4309; x_wconf 76' lang='grc' dir='ltr'>αὐτὸ</span> <span class='ocrx_word' id='word_1_388' title='bbox 904 4254 964 4308; x_wconf 78' lang='grc' dir='ltr'><strong><em>τὸ</em></strong></span> <span class='ocrx_word' id='word_1_389' title='bbox 995 4252 1280 4324; x_wconf 78' lang='grc' dir='ltr'>ςωηφόρον</span> <span class='ocrx_word' id='word_1_390' title='bbox 1312 4249 1580 4312; x_wconf 84' lang='grc' dir='ltr'>τείνοντες</span> <span class='ocrx_word' id='word_1_391' title='bbox 1613 4248 1825 4318; x_wconf 80' lang='grc' dir='ltr'>μνῆμα,</span> <span class='ocrx_word' id='word_1_392' title='bbox 1850 4249 1946 4320; x_wconf 77' lang='grc' dir='ltr'>τὴν</span> 
     </span>
    </p>
   </div>
   <div class='ocr_carea' id='block_1_39' title="bbox 342 4344 1948 4424">
    <p class='ocr_par' dir='ltr' id='par_1_39' title="bbox 342 4344 1948 4424">
     <span class='ocr_line' id='line_1_39' title="bbox 342 4344 1948 4424; baseline -0.004 -18"><span class='ocrx_word' id='word_1_393' title='bbox 342 4353 483 4406; x_wconf 77' lang='grc' dir='ltr'>εὐθὺ</span> <span class='ocrx_word' id='word_1_394' title='bbox 508 4353 650 4417; x_wconf 82' lang='grc' dir='ltr'>τέως</span> <span class='ocrx_word' id='word_1_395' title='bbox 680 4353 774 4406; x_wconf 78' lang='grc' dir='ltr'>τοῦ</span> <span class='ocrx_word' id='word_1_396' title='bbox 807 4351 1108 4424; x_wconf 72' lang='grc' dir='ltr'>μαρτυρίου</span> <span class='ocrx_word' id='word_1_397' title='bbox 1130 4350 1386 4422; x_wconf 79' lang='grc' dir='ltr'>ἀνῄεσαν.</span> <span class='ocrx_word' id='word_1_398' title='bbox 1417 4348 1526 4402; x_wconf 72' lang='grc' dir='ltr'>Καὶ</span> <span class='ocrx_word' id='word_1_399' title='bbox 1548 4347 1779 4418; x_wconf 77' lang='grc' dir='ltr'>ἐπείπερ</span> <span class='ocrx_word' id='word_1_400' title='bbox 1807 4344 1948 4400; x_wconf 82' lang='grc' dir='ltr'>αὐτὰ</span> 
     </span>
    </p>
   </div>
   <div class='ocr_carea' id='block_1_40' title="bbox 340 4436 1944 4516">
    <p class='ocr_par' dir='ltr' id='par_1_40' title="bbox 340 4436 1944 4516">
     <span class='ocr_line' id='line_1_40' title="bbox 340 4436 1944 4516; baseline -0.005 -18"><span class='ocrx_word' id='word_1_401' title='bbox 340 4443 412 4516; x_wconf 80' lang='grc' dir='ltr'><strong><em>δὴ</em></strong></span> <span class='ocrx_word' id='word_1_402' title='bbox 463 4444 590 4498; x_wconf 81' lang='grc' dir='ltr'>τότε</span> <span class='ocrx_word' id='word_1_403' title='bbox 636 4443 706 4495; x_wconf 82' lang='grc' dir='ltr'><strong><em>τὰ</em></strong></span> <span class='ocrx_word' id='word_1_404' title='bbox 737 4443 938 4515; x_wconf 80' lang='grc' dir='ltr'><strong><em>Τέμπη</em></strong></span> <span class='ocrx_word' id='word_1_405' title='bbox 976 4441 1237 4507; x_wconf 81' lang='grc' dir='ltr'>διεξιέναι</span> <span class='ocrx_word' id='word_1_406' title='bbox 1275 4439 1484 4502; x_wconf 85' lang='grc' dir='ltr'>τούτοις</span> <span class='ocrx_word' id='word_1_407' title='bbox 1518 4438 1673 4508; x_wconf 74' lang='grc' dir='ltr'>ἔτυχε</span> <span class='ocrx_word' id='word_1_408' title='bbox 1719 4438 1789 4491; x_wconf 81' lang='grc' dir='ltr'>τὰ</span> <span class='ocrx_word' id='word_1_409' title='bbox 1813 4436 1944 4490; x_wconf 83' lang='grc' dir='ltr'>Θετ-</span> 
     </span>
    </p>
   </div>
   <div class='ocr_carea' id='block_1_41' title="bbox 339 4527 1950 4604">
    <p class='ocr_par' dir='ltr' id='par_1_41' title="bbox 339 4527 1950 4604">
     <span class='ocr_line' id='line_1_41' title="bbox 339 4527 1950 4604; baseline -0.005 -17"><span class='ocrx_word' id='word_1_410' title='bbox 339 4534 578 4598; x_wconf 76' lang='grc' dir='ltr'>ταλικὰ,</span> <span class='ocrx_word' id='word_1_411' title='bbox 600 4534 744 4604; x_wconf 86' lang='grc' dir='ltr'>ἁνήρ</span> <span class='ocrx_word' id='word_1_412' title='bbox 769 4551 854 4597; x_wconf 84' lang='grc' dir='ltr'><strong><em>τις</em></strong></span> <span class='ocrx_word' id='word_1_413' title='bbox 877 4533 1156 4602; x_wconf 77' lang='grc' dir='ltr'>ἄγνωστος</span> <span class='ocrx_word' id='word_1_414' title='bbox 1178 4531 1362 4594; x_wconf 81' lang='grc' dir='ltr'>αὐτοῖς</span> <span class='ocrx_word' id='word_1_415' title='bbox 1391 4530 1658 4601; x_wconf 86' lang='grc' dir='ltr'>πρότερον</span> <span class='ocrx_word' id='word_1_416' title='bbox 1679 4530 1772 4583; x_wconf 78' lang='grc' dir='ltr'>καὶ</span> <span class='ocrx_word' id='word_1_417' title='bbox 1797 4527 1950 4581; x_wconf 73' lang='grc' dir='ltr'>οὔπω</span> 
     </span>
    </p>
   </div>
   <div class='ocr_carea' id='block_1_42' title="bbox 336 4621 1951 4698">
    <p class='ocr_par' dir='ltr' id='par_1_42' title="bbox 336 4621 1951 4698">
     <span class='ocr_line' id='line_1_42' title="bbox 336 4621 1951 4698; baseline -0.007 -12"><span class='ocrx_word' id='word_1_418' title='bbox 336 4627 718 4698; x_wconf 76' lang='grc' dir='ltr'>τεθεαμένος,</span> <span class='ocrx_word' id='word_1_419' title='bbox 773 4627 1095 4698; x_wconf 80' lang='grc' dir='ltr'>καθεωρᾶτο</span> <span class='ocrx_word' id='word_1_420' title='bbox 1147 4623 1582 4695; x_wconf 82' lang='grc' dir='ltr'>συνοδοιπορῶν,</span> <span class='ocrx_word' id='word_1_421' title='bbox 1619 4621 1807 4685; x_wconf 71' lang='grc' dir='ltr'>πολιὸς</span> <span class='ocrx_word' id='word_1_422' title='bbox 1852 4623 1951 4693; x_wconf 83' lang='grc' dir='ltr'>τὴν</span> 
     </span>
    </p>
   </div>
   <div class='ocr_carea' id='block_1_43' title="bbox 338 4714 1950 4795">
    <p class='ocr_par' dir='ltr' id='par_1_43' title="bbox 338 4714 1950 4795">
     <span class='ocr_line' id='line_1_43' title="bbox 338 4714 1950 4795; baseline -0.006 -18"><span class='ocrx_word' id='word_1_423' title='bbox 338 4723 543 4795; x_wconf 83' lang='grc' dir='ltr'>τρίχα,</span> <span class='ocrx_word' id='word_1_424' title='bbox 577 4721 678 4793; x_wconf 81' lang='grc' dir='ltr'><strong><em>τὴν</em></strong></span> <span class='ocrx_word' id='word_1_425' title='bbox 710 4721 835 4792; x_wconf 68' lang='grc' dir='ltr'>ὄψιν</span> <span class='ocrx_word' id='word_1_426' title='bbox 870 4721 1077 4792; x_wconf 82' lang='grc' dir='ltr'>ἱλαρὸς,</span> <span class='ocrx_word' id='word_1_427' title='bbox 1109 4719 1208 4789; x_wconf 79' lang='grc' dir='ltr'>τὴν</span> <span class='ocrx_word' id='word_1_428' title='bbox 1248 4717 1548 4789; x_wconf 76' lang='grc' dir='ltr'>περιϐολὴν</span> <span class='ocrx_word' id='word_1_429' title='bbox 1584 4716 1786 4788; x_wconf 82' lang='grc' dir='ltr'>σεμνός</span> <span class='ocrx_word' id='word_1_430' title='bbox 1806 4729 1820 4744; x_wconf 80' lang='lat'><strong>‘</strong></span> <span class='ocrx_word' id='word_1_431' title='bbox 1853 4714 1950 4769; x_wconf 78' lang='grc' dir='ltr'><strong><em>καὶ</em></strong></span> 
     </span>
    </p>
   </div>
   <div class='ocr_carea' id='block_1_44' title="bbox 336 4795 1953 4888">
    <p class='ocr_par' dir='ltr' id='par_1_44' title="bbox 336 4795 1953 4888">
     <span class='ocr_line' id='line_1_44' title="bbox 336 4795 1953 4888; baseline -0.006 -18"><span class='ocrx_word' id='word_1_432' title='bbox 336 4819 417 4888; x_wconf 77' lang='grc' dir='ltr'>τῇ</span> <span class='ocrx_word' id='word_1_433' title='bbox 479 4815 580 4885; x_wconf 77' lang='grc' dir='ltr'>Θὲα</span> <span class='ocrx_word' id='word_1_434' title='bbox 621 4815 785 4886; x_wconf 78' lang='grc' dir='ltr'>μόνῃ,</span> <span class='ocrx_word' id='word_1_435' title='bbox 830 4813 967 4868; x_wconf 83' lang='grc' dir='ltr'>πολὺ</span> <span class='ocrx_word' id='word_1_436' title='bbox 1019 4799 1081 4867; x_wconf 80' lang='grc' dir='ltr'>τδ</span> <span class='ocrx_word' id='word_1_437' title='bbox 1139 4810 1437 4882; x_wconf 76' lang='grc' dir='ltr'>σεϐάσμιον</span> <span class='ocrx_word' id='word_1_438' title='bbox 1489 4810 1807 4878; x_wconf 74' lang='grc' dir='ltr'>ὑποφαίνων</span> <span class='ocrx_word' id='word_1_439' title='bbox 1856 4795 1953 4861; x_wconf 65' lang='grc' dir='ltr'><strong><em>καὶ</em></strong></span> 
     </span>
    </p>
   </div>
   <div class='ocr_carea' id='block_1_45' title="bbox 340 4901 1951 4978">
    <p class='ocr_par' dir='ltr' id='par_1_45' title="bbox 340 4901 1951 4978">
     <span class='ocr_line' id='line_1_45' title="bbox 340 4901 1951 4978; baseline -0.007 -13"><span class='ocrx_word' id='word_1_440' title='bbox 340 4909 562 4976; x_wconf 80' lang='grc' dir='ltr'>πρᾶον.</span> <span class='ocrx_word' id='word_1_441' title='bbox 603 4903 740 4962; x_wconf 80' lang='grc' dir='ltr'>Εἶτα</span> <span class='ocrx_word' id='word_1_442' title='bbox 793 4906 983 4978; x_wconf 67' lang='grc' dir='ltr'>ἕτερός</span> <span class='ocrx_word' id='word_1_443' title='bbox 1028 4923 1111 4969; x_wconf 86' lang='grc' dir='ltr'><strong><em>τις</em></strong></span> <span class='ocrx_word' id='word_1_444' title='bbox 1155 4905 1410 4975; x_wconf 77' lang='grc' dir='ltr'>ἐφαίνετο</span> <span class='ocrx_word' id='word_1_445' title='bbox 1459 4901 1596 4974; x_wconf 73' lang='grc' dir='ltr'>πρὸς</span> <span class='ocrx_word' id='word_1_446' title='bbox 1645 4901 1843 4963; x_wconf 79' lang='grc' dir='ltr'>αὐτοὺς</span> <span class='ocrx_word' id='word_1_447' title='bbox 1887 4901 1951 4978; x_wconf 67' lang='grc' dir='ltr'><strong><em>ἐκ</em></strong></span> 
     </span>
    </p>
   </div>
   <div class='ocr_carea' id='block_1_46' title="bbox 337 4976 1950 5072">
    <p class='ocr_par' dir='ltr' id='par_1_46' title="bbox 337 4976 1950 5072">
     <span class='ocr_line' id='line_1_46' title="bbox 337 4976 1950 5072; baseline -0.007 -16"><span class='ocrx_word' id='word_1_448' title='bbox 337 5000 454 5058; x_wconf 76' lang='grc' dir='ltr'><strong><em>τοῦ</em></strong></span> <span class='ocrx_word' id='word_1_449' title='bbox 488 5001 683 5072; x_wconf 83' lang='grc' dir='ltr'>πρόσω</span> <span class='ocrx_word' id='word_1_450' title='bbox 721 4976 916 5064; x_wconf 73' lang='grc' dir='ltr'>ἐπιὼν,</span> <span class='ocrx_word' id='word_1_451' title='bbox 965 4999 1199 5068; x_wconf 79' lang='grc' dir='ltr'>ἱππότης</span> <span class='ocrx_word' id='word_1_452' title='bbox 1229 4996 1430 5068; x_wconf 84' lang='grc' dir='ltr'>ὡραῖος</span> <span class='ocrx_word' id='word_1_453' title='bbox 1479 4994 1578 5065; x_wconf 71' lang='grc' dir='ltr'>μὲν</span> <span class='ocrx_word' id='word_1_454' title='bbox 1602 4993 1701 5046; x_wconf 78' lang='grc' dir='ltr'>ὅσα</span> <span class='ocrx_word' id='word_1_455' title='bbox 1748 4976 1950 5048; x_wconf 56' lang='grc' dir='ltr'>θεάσαέ</span> 
     </span>
    </p>
   </div>
   <div class='ocr_carea' id='block_1_47' title="bbox 340 5081 1953 5154">
    <p class='ocr_par' dir='ltr' id='par_1_47' title="bbox 340 5081 1953 5154">
     <span class='ocr_line' id='line_1_47' title="bbox 340 5081 1953 5154; baseline -0.006 -11"><span class='ocrx_word' id='word_1_456' title='bbox 340 5089 514 5152; x_wconf 80' lang='grc' dir='ltr'>σθαι,</span> <span class='ocrx_word' id='word_1_457' title='bbox 553 5087 651 5141; x_wconf 74' lang='grc' dir='ltr'>καὶ</span> <span class='ocrx_word' id='word_1_458' title='bbox 693 5087 831 5141; x_wconf 77' lang='grc' dir='ltr'>πολὺ</span> <span class='ocrx_word' id='word_1_459' title='bbox 861 5086 922 5140; x_wconf 78' lang='grc' dir='ltr'>τὸ</span> <span class='ocrx_word' id='word_1_460' title='bbox 969 5088 1034 5139; x_wconf 81' lang='grc' dir='ltr'><strong><em>ὲκ</em></strong></span> <span class='ocrx_word' id='word_1_461' title='bbox 1084 5085 1299 5154; x_wconf 82' lang='grc' dir='ltr'>φύσεως</span> <span class='ocrx_word' id='word_1_462' title='bbox 1330 5082 1624 5154; x_wconf 79' lang='grc' dir='ltr'>ἐπιτερπὲς</span> <span class='ocrx_word' id='word_1_463' title='bbox 1674 5082 1813 5152; x_wconf 79' lang='grc' dir='ltr'>ἔχων</span> <span class='ocrx_word' id='word_1_464' title='bbox 1856 5081 1953 5134; x_wconf 75' lang='grc' dir='ltr'>καὶ</span> 
     </span>
    </p>
   </div>
   <div class='ocr_carea' id='block_1_48' title="bbox 339 5175 1950 5253">
    <p class='ocr_par' dir='ltr' id='par_1_48' title="bbox 339 5175 1950 5253">
     <span class='ocr_line' id='line_1_48' title="bbox 339 5175 1950 5253; baseline -0.006 -17"><span class='ocrx_word' id='word_1_465' title='bbox 339 5179 590 5253; x_wconf 79' lang='grc' dir='ltr'>χαρίεν·</span> <span class='ocrx_word' id='word_1_466' title='bbox 626 5180 882 5250; x_wconf 75' lang='grc' dir='ltr'>κατηφὴς</span> <span class='ocrx_word' id='word_1_467' title='bbox 923 5179 981 5233; x_wconf 84' lang='grc' dir='ltr'><strong><em>δὲ</em></strong></span> <span class='ocrx_word' id='word_1_468' title='bbox 1025 5180 1120 5232; x_wconf 67' lang='grc' dir='ltr'><strong><em>καὶ</em></strong></span> <span class='ocrx_word' id='word_1_469' title='bbox 1153 5177 1556 5250; x_wconf 82' lang='grc' dir='ltr'>μαραινόμενον</span> <span class='ocrx_word' id='word_1_470' title='bbox 1586 5175 1646 5231; x_wconf 85' lang='grc' dir='ltr'>τὺ</span> <span class='ocrx_word' id='word_1_471' title='bbox 1683 5176 1782 5244; x_wconf 80' lang='grc' dir='ltr'>τῆς</span> <span class='ocrx_word' id='word_1_472' title='bbox 1823 5191 1950 5242; x_wconf 81' lang='grc' dir='ltr'>φαι-</span> 
     </span>
    </p>
   </div>
   <div class='ocr_carea' id='block_1_49' title="bbox 342 5265 1953 5345">
    <p class='ocr_par' dir='ltr' id='par_1_49' title="bbox 342 5265 1953 5345">
     <span class='ocr_line' id='line_1_49' title="bbox 342 5265 1953 5345; baseline -0.006 -15"><span class='ocrx_word' id='word_1_473' title='bbox 342 5273 628 5345; x_wconf 76' lang='grc' dir='ltr'>δρότητος</span> <span class='ocrx_word' id='word_1_474' title='bbox 653 5272 938 5342; x_wconf 79' lang='grc' dir='ltr'>ὑποδηλῶν</span> <span class='ocrx_word' id='word_1_475' title='bbox 968 5270 1236 5342; x_wconf 83' lang='grc' dir='ltr'>χαροπόν,</span> <span class='ocrx_word' id='word_1_476' title='bbox 1263 5269 1358 5323; x_wconf 73' lang='grc' dir='ltr'>καὶ</span> <span class='ocrx_word' id='word_1_477' title='bbox 1392 5268 1584 5338; x_wconf 85' lang='grc' dir='ltr'>ὥσπερ</span> <span class='ocrx_word' id='word_1_478' title='bbox 1614 5266 1723 5322; x_wconf 72' lang='grc' dir='ltr'>τινὶ</span> <span class='ocrx_word' id='word_1_479' title='bbox 1763 5265 1953 5320; x_wconf 84' lang='grc' dir='ltr'>πένθει</span> 
     </span>
    </p>
   </div>
   <div class='ocr_carea' id='block_1_50' title="bbox 342 5359 1950 5437">
    <p class='ocr_par' dir='ltr' id='par_1_50' title="bbox 342 5359 1950 5437">
     <span class='ocr_line' id='line_1_50' title="bbox 342 5359 1950 5437; baseline -0.007 -13"><span class='ocrx_word' id='word_1_480' title='bbox 342 5365 738 5437; x_wconf 78' lang='grc' dir='ltr'>ἁπαρακλήτῳ</span> <span class='ocrx_word' id='word_1_481' title='bbox 759 5365 1070 5435; x_wconf 76' lang='grc' dir='ltr'>καταϐεὸλη</span> <span class='ocrx_word' id='word_1_482' title='bbox 1081 5364 1241 5436; x_wconf 82' lang='grc' dir='ltr'>μένον</span> <span class='ocrx_word' id='word_1_483' title='bbox 1266 5364 1360 5419; x_wconf 67' lang='grc' dir='ltr'>καὶ</span> <span class='ocrx_word' id='word_1_484' title='bbox 1387 5359 1918 5432; x_wconf 80' lang='grc' dir='ltr'>ὲπιστυγναζόμενον</span> <span class='ocrx_word' id='word_1_485' title='bbox 1935 5374 1950 5388; x_wconf 79' lang='lat'>&#39;</span> 
     </span>
    </p>
   </div>
   <div class='ocr_carea' id='block_1_51' title="bbox 345 5451 1953 5529">
    <p class='ocr_par' dir='ltr' id='par_1_51' title="bbox 345 5451 1953 5529">
     <span class='ocr_line' id='line_1_51' title="bbox 345 5451 1953 5529; baseline -0.003 -19"><span class='ocrx_word' id='word_1_486' title='bbox 345 5459 439 5526; x_wconf 80' lang='grc' dir='ltr'>ὃς,</span> <span class='ocrx_word' id='word_1_487' title='bbox 471 5458 669 5527; x_wconf 83' lang='grc' dir='ltr'>ὁμοίαν</span> <span class='ocrx_word' id='word_1_488' title='bbox 709 5460 774 5529; x_wconf 80' lang='grc' dir='ltr'>τῇ</span> <span class='ocrx_word' id='word_1_489' title='bbox 803 5457 924 5528; x_wconf 59' lang='grc' dir='ltr'>ὕψει</span> <span class='ocrx_word' id='word_1_490' title='bbox 959 5457 1055 5512; x_wconf 65' lang='grc' dir='ltr'>καὶ</span> <span class='ocrx_word' id='word_1_491' title='bbox 1086 5456 1270 5528; x_wconf 79' lang='grc' dir='ltr'>φωνὴν</span> <span class='ocrx_word' id='word_1_492' title='bbox 1314 5456 1497 5524; x_wconf 73' lang='grc' dir='ltr'>ἀφεὶς,</span> <span class='ocrx_word' id='word_1_493' title='bbox 1538 5451 1953 5526; x_wconf 85' lang='grc' dir='ltr'>προσηγόρευσέ</span> 
     </span>
    </p>
   </div>
   <div class='ocr_carea' id='block_1_52' title="bbox 348 5542 1955 5622">
    <p class='ocr_par' dir='ltr' id='par_1_52' title="bbox 348 5542 1955 5622">
     <span class='ocr_line' id='line_1_52' title="bbox 348 5542 1955 5622; baseline -0.006 -16"><span class='ocrx_word' id='word_1_494' title='bbox 348 5567 418 5606; x_wconf 77' lang='grc' dir='ltr'><strong><em>τε</em></strong></span> <span class='ocrx_word' id='word_1_495' title='bbox 454 5549 726 5622; x_wconf 85' lang='grc' dir='ltr'>πρότερον</span> <span class='ocrx_word' id='word_1_496' title='bbox 756 5549 848 5602; x_wconf 74' lang='grc' dir='ltr'>τὸν</span> <span class='ocrx_word' id='word_1_497' title='bbox 887 5547 1227 5621; x_wconf 69' lang='grc' dir='ltr'>πρεσϐύτην,</span> <span class='ocrx_word' id='word_1_498' title='bbox 1257 5544 1553 5615; x_wconf 73' lang='grc' dir='ltr'>’Δχίλλειον</span> <span class='ocrx_word' id='word_1_499' title='bbox 1593 5542 1783 5598; x_wconf 78' lang='grc' dir='ltr'>τοῦτον</span> <span class='ocrx_word' id='word_1_500' title='bbox 1821 5560 1955 5597; x_wconf 81' lang='grc' dir='ltr'>κατ-</span> 
     </span>
    </p>
   </div>
   <div class='ocr_carea' id='block_1_53' title="bbox 351 5634 1954 5717">
    <p class='ocr_par' dir='ltr' id='par_1_53' title="bbox 351 5634 1954 5717">
     <span class='ocr_line' id='line_1_53' title="bbox 351 5634 1954 5717; baseline -0.005 -20"><span class='ocrx_word' id='word_1_501' title='bbox 351 5645 670 5717; x_wconf 77' lang='grc' dir='ltr'>ονομάσας,</span> <span class='ocrx_word' id='word_1_502' title='bbox 723 5644 840 5706; x_wconf 80' lang='grc' dir='ltr'>καὶ,</span> <span class='ocrx_word' id='word_1_503' title='bbox 897 5641 1023 5700; x_wconf 87' lang='grc' dir='ltr'><strong><em>Ποῦ</em></strong></span> <span class='ocrx_word' id='word_1_504' title='bbox 1076 5640 1343 5710; x_wconf 67' lang='lat' dir='ltr'><strong><em>rrcpszip;</em></strong></span> <span class='ocrx_word' id='word_1_505' title='bbox 1377 5639 1634 5711; x_wconf 74' lang='grc' dir='ltr'>ἐπήρετο.</span> <span class='ocrx_word' id='word_1_506' title='bbox 1698 5637 1841 5706; x_wconf 80' lang='grc' dir='ltr'><strong><em>Ἐγὼ</em></strong></span> <span class='ocrx_word' id='word_1_507' title='bbox 1883 5634 1954 5690; x_wconf 84' lang='grc' dir='ltr'><strong><em>δὲ</em></strong></span> 
     </span>
    </p>
   </div>
   <div class='ocr_carea' id='block_1_54' title="bbox 355 5729 1954 5804">
    <p class='ocr_par' dir='ltr' id='par_1_54' title="bbox 355 5729 1954 5804">
     <span class='ocr_line' id='line_1_54' title="bbox 355 5729 1954 5804; baseline -0.004 -16"><span class='ocrx_word' id='word_1_508' title='bbox 355 5734 482 5803; x_wconf 78' lang='grc' dir='ltr'><strong><em>τὴν</em></strong></span> <span class='ocrx_word' id='word_1_509' title='bbox 510 5734 664 5804; x_wconf 78' lang='grc' dir='ltr'>πρὸς</span> <span class='ocrx_word' id='word_1_510' title='bbox 697 5734 795 5800; x_wconf 86' lang='grc' dir='ltr'><strong><em>σὲ,</em></strong></span> <span class='ocrx_word' id='word_1_511' title='bbox 841 5735 922 5802; x_wconf 84' lang='grc' dir='ltr'>ὡς</span> <span class='ocrx_word' id='word_1_512' title='bbox 954 5731 1120 5804; x_wconf 79' lang='grc' dir='ltr'>ὁρᾷς,</span> <span class='ocrx_word' id='word_1_513' title='bbox 1153 5732 1374 5797; x_wconf 74' lang='grc' dir='ltr'>διεξίω.</span> <span class='ocrx_word' id='word_1_514' title='bbox 1415 5732 1526 5785; x_wconf 68' lang='grc' dir='ltr'>Καὶ</span> <span class='ocrx_word' id='word_1_515' title='bbox 1566 5732 1593 5783; x_wconf 89' lang='grc' dir='ltr'><strong><em>ό</em></strong></span> <span class='ocrx_word' id='word_1_516' title='bbox 1639 5729 1954 5802; x_wconf 76' lang='grc' dir='ltr'>πρεσϐύτης</span> 
     </span>
    </p>
   </div>
   <div class='ocr_carea' id='block_1_55' title="bbox 359 5822 1958 5901">
    <p class='ocr_par' dir='ltr' id='par_1_55' title="bbox 359 5822 1958 5901">
     <span class='ocr_line' id='line_1_55' title="bbox 359 5822 1958 5901; baseline -0.004 -19"><span class='ocrx_word' id='word_1_517' title='bbox 359 5827 690 5901; x_wconf 77' lang='grc' dir='ltr'>περιχαρῶς</span> <span class='ocrx_word' id='word_1_518' title='bbox 735 5827 1250 5896; x_wconf 81' lang='grc' dir='ltr'>ἀντασπασάμενος,</span> <span class='ocrx_word' id='word_1_519' title='bbox 1284 5826 1596 5896; x_wconf 78' lang='grc' dir='ltr'>Δημήτριον</span> <span class='ocrx_word' id='word_1_520' title='bbox 1637 5822 1825 5878; x_wconf 77' lang='grc' dir='ltr'>τοῦτον</span> <span class='ocrx_word' id='word_1_521' title='bbox 1857 5838 1958 5881; x_wconf 80' lang='grc' dir='ltr'><strong><em>κα-</em></strong></span> 
     </span>
    </p>
   </div>
   <div class='ocr_carea' id='block_1_56' title="bbox 695 5926 1348 5990">
    <p class='ocr_par' dir='ltr' id='par_1_56' title="bbox 695 5926 1348 5990">
     <span class='ocr_line' id='line_1_56' title="bbox 695 5926 1348 5990; baseline -0.008 0"><span class='ocrx_word' id='word_1_522' title='bbox 695 5930 969 5990; x_wconf 68' lang='grc' dir='ltr'>Ρλτιιοι..</span> <span class='ocrx_word' id='word_1_523' title='bbox 1018 5929 1136 5988; x_wconf 75' lang='lat' dir='ltr'><strong><em>Gn.</em></strong></span> <span class='ocrx_word' id='word_1_524' title='bbox 1186 5926 1348 5988; x_wconf 75' lang='lat' dir='ltr'><strong><em>CIX.</em></strong></span> 
     </span>
    </p>
   </div>
   <div class='ocr_carea' id='block_1_57' title="bbox 2051 3033 3643 3111">
    <p class='ocr_par' dir='ltr' id='par_1_57' title="bbox 2051 3033 3643 3111">
     <span class='ocr_line' id='line_1_57' title="bbox 2051 3033 3643 3111; baseline 0.003 -19"><span class='ocrx_word' id='word_1_525' title='bbox 2051 3056 2171 3111; x_wconf 66' lang='lat' dir='ltr'><strong><em>quae</em></strong></span> <span class='ocrx_word' id='word_1_526' title='bbox 2191 3040 2335 3096; x_wconf 85' lang='lat' dir='ltr'><strong><em>dicta</em></strong></span> <span class='ocrx_word' id='word_1_527' title='bbox 2359 3045 2511 3105; x_wconf 88' lang='lat' dir='ltr'><strong><em>sunt,</em></strong></span> <span class='ocrx_word' id='word_1_528' title='bbox 2541 3033 2679 3092; x_wconf 84' lang='lat' dir='ltr'><strong><em>nulli</em></strong></span> <span class='ocrx_word' id='word_1_529' title='bbox 2706 3037 2941 3093; x_wconf 77' lang='lat' dir='ltr'><strong><em>forsitan</em></strong></span> <span class='ocrx_word' id='word_1_530' title='bbox 2964 3036 3160 3092; x_wconf 86' lang='lat' dir='ltr'><strong><em>cedere</em></strong></span> <span class='ocrx_word' id='word_1_531' title='bbox 3186 3037 3465 3096; x_wconf 81' lang='lat' dir='ltr'><strong><em>videatur.</em></strong></span> <span class='ocrx_word' id='word_1_532' title='bbox 3497 3041 3643 3096; x_wconf 88' lang='lat' dir='ltr'><strong><em>Sane</em></strong></span> 
     </span>
    </p>
   </div>
   <div class='ocr_carea' id='block_1_58' title="bbox 2051 3131 3644 3206">
    <p class='ocr_par' dir='ltr' id='par_1_58' title="bbox 2051 3131 3644 3206">
     <span class='ocr_line' id='line_1_58' title="bbox 2051 3131 3644 3206; baseline 0.003 -20"><span class='ocrx_word' id='word_1_533' title='bbox 2051 3149 2212 3206; x_wconf 89' lang='lat' dir='ltr'><strong><em>quem</em></strong></span> <span class='ocrx_word' id='word_1_534' title='bbox 2246 3134 2301 3188; x_wconf 91' lang='lat' dir='ltr'><strong><em>in</em></strong></span> <span class='ocrx_word' id='word_1_535' title='bbox 2337 3133 2561 3188; x_wconf 88' lang='lat' dir='ltr'><strong><em>modum</em></strong></span> <span class='ocrx_word' id='word_1_536' title='bbox 2594 3140 2722 3186; x_wconf 82' lang='lat' dir='ltr'><strong><em>ante</em></strong></span> <span class='ocrx_word' id='word_1_537' title='bbox 2746 3146 2923 3186; x_wconf 80' lang='lat' dir='ltr'><strong><em>annos</em></strong></span> <span class='ocrx_word' id='word_1_538' title='bbox 2959 3131 3146 3201; x_wconf 87' lang='lat' dir='ltr'><strong><em>plures</em></strong></span> <span class='ocrx_word' id='word_1_539' title='bbox 3188 3131 3322 3187; x_wconf 87' lang='lat' dir='ltr'><strong><em>urbs</em></strong></span> <span class='ocrx_word' id='word_1_540' title='bbox 3350 3133 3644 3190; x_wconf 78' lang='lat' dir='ltr'><strong><em>Thessalo~</em></strong></span> 
     </span>
    </p>
   </div>
   <div class='ocr_carea' id='block_1_59' title="bbox 2053 3222 3645 3297">
    <p class='ocr_par' dir='ltr' id='par_1_59' title="bbox 2053 3222 3645 3297">
     <span class='ocr_line' id='line_1_59' title="bbox 2053 3222 3645 3297; baseline 0 -17"><span class='ocrx_word' id='word_1_541' title='bbox 2053 3226 2199 3292; x_wconf 88' lang='lat' dir='ltr'><strong><em>nica,</em></strong></span> <span class='ocrx_word' id='word_1_542' title='bbox 2221 3225 2290 3280; x_wconf 79' lang='lat' dir='ltr'><strong><em>ab</em></strong></span> <span class='ocrx_word' id='word_1_543' title='bbox 2320 3225 2534 3279; x_wconf 63' lang='lat' dir='ltr'><strong><em>ancillae</em></strong></span> <span class='ocrx_word' id='word_1_544' title='bbox 2557 3222 2684 3278; x_wconf 82' lang='lat' dir='ltr'><strong><em>ﬁliis</em></strong></span> <span class='ocrx_word' id='word_1_545' title='bbox 2722 3223 2805 3294; x_wconf 85' lang='lat' dir='ltr'><strong><em>(i.</em></strong></span> <span class='ocrx_word' id='word_1_546' title='bbox 2836 3238 2886 3278; x_wconf 76' lang='grc' dir='ltr'><strong><em>ο.</em></strong></span> <span class='ocrx_word' id='word_1_547' title='bbox 2923 3222 3104 3295; x_wconf 78' lang='lat' dir='ltr'><strong><em>Agar)</em></strong></span> <span class='ocrx_word' id='word_1_548' title='bbox 3135 3231 3298 3294; x_wconf 84' lang='lat' dir='ltr'><strong><em>capta</em></strong></span> <span class='ocrx_word' id='word_1_549' title='bbox 3331 3223 3496 3280; x_wconf 77' lang='lat' dir='ltr'><strong><em>fuerit</em></strong></span> <span class='ocrx_word' id='word_1_550' title='bbox 3527 3227 3645 3297; x_wconf 84' lang='lat' dir='ltr'><strong><em>gla-</em></strong></span> 
     </span>
    </p>
   </div>
   <div class='ocr_carea' id='block_1_60' title="bbox 2052 3315 3646 3391">
    <p class='ocr_par' dir='ltr' id='par_1_60' title="bbox 2052 3315 3646 3391">
     <span class='ocr_line' id='line_1_60' title="bbox 2052 3315 3646 3391; baseline -0.001 -17"><span class='ocrx_word' id='word_1_551' title='bbox 2052 3319 2256 3391; x_wconf 90' lang='lat' dir='ltr'><strong><em>dioque</em></strong></span> <span class='ocrx_word' id='word_1_552' title='bbox 2285 3318 2495 3384; x_wconf 83' lang='lat' dir='ltr'><strong><em>excisa,</em></strong></span> <span class='ocrx_word' id='word_1_553' title='bbox 2549 3315 2734 3372; x_wconf 85' lang='lat' dir='ltr'><strong><em>Leone</em></strong></span> <span class='ocrx_word' id='word_1_554' title='bbox 2785 3315 3005 3386; x_wconf 88' lang='lat' dir='ltr'><strong><em>imperii</em></strong></span> <span class='ocrx_word' id='word_1_555' title='bbox 3058 3323 3271 3387; x_wconf 88' lang='lat' dir='ltr'><strong><em>sceptra</em></strong></span> <span class='ocrx_word' id='word_1_556' title='bbox 3321 3317 3646 3373; x_wconf 83' lang='lat' dir='ltr'><strong><em>moderante</em></strong></span> 
     </span>
    </p>
   </div>
   <div class='ocr_carea' id='block_1_61' title="bbox 2054 3405 3646 3484">
    <p class='ocr_par' dir='ltr' id='par_1_61' title="bbox 2054 3405 3646 3484">
     <span class='ocr_line' id='line_1_61' title="bbox 2054 3405 3646 3484; baseline 0 -18"><span class='ocrx_word' id='word_1_557' title='bbox 2054 3411 2278 3484; x_wconf 87' lang='lat' dir='ltr'><strong><em>(quibus</em></strong></span> <span class='ocrx_word' id='word_1_558' title='bbox 2309 3417 2368 3465; x_wconf 89' lang='lat' dir='ltr'><strong><em>tu</em></strong></span> <span class='ocrx_word' id='word_1_559' title='bbox 2401 3411 2556 3466; x_wconf 91' lang='lat' dir='ltr'><strong><em>solus</em></strong></span> <span class='ocrx_word' id='word_1_560' title='bbox 2584 3409 2703 3480; x_wconf 86' lang='lat' dir='ltr'><strong><em>ipse</em></strong></span> <span class='ocrx_word' id='word_1_561' title='bbox 2731 3405 3227 3476; x_wconf 86' lang='lat' dir='ltr'><strong><em>inenarrabilibus,</em></strong></span> <span class='ocrx_word' id='word_1_562' title='bbox 3255 3406 3509 3475; x_wconf 86' lang='lat' dir='ltr'><strong><em>Domine,</em></strong></span> <span class='ocrx_word' id='word_1_563' title='bbox 3547 3426 3646 3466; x_wconf 88' lang='lat' dir='ltr'><strong><em>no-</em></strong></span> 
     </span>
    </p>
   </div>
   <div class='ocr_carea' id='block_1_62' title="bbox 2054 3501 3647 3576">
    <p class='ocr_par' dir='ltr' id='par_1_62' title="bbox 2054 3501 3647 3576">
     <span class='ocr_line' id='line_1_62' title="bbox 2054 3501 3647 3576; baseline -0.002 -15"><span class='ocrx_word' id='word_1_564' title='bbox 2054 3507 2123 3561; x_wconf 90' lang='lat' dir='ltr'><strong><em>sti</em></strong></span> <span class='ocrx_word' id='word_1_565' title='bbox 2159 3504 2410 3576; x_wconf 76' lang='lat' dir='ltr'><strong><em>iudiciis,</em></strong></span> <span class='ocrx_word' id='word_1_566' title='bbox 2446 3503 2580 3558; x_wconf 88' lang='lat' dir='ltr'><strong><em>talia</em></strong></span> <span class='ocrx_word' id='word_1_567' title='bbox 2629 3501 2722 3557; x_wconf 86' lang='lat' dir='ltr'><strong><em>illa</em></strong></span> <span class='ocrx_word' id='word_1_568' title='bbox 2775 3501 3109 3571; x_wconf 85' lang='lat' dir='ltr'><strong><em>despiciens,</em></strong></span> <span class='ocrx_word' id='word_1_569' title='bbox 3154 3502 3321 3573; x_wconf 88' lang='lat' dir='ltr'><strong><em>inque</em></strong></span> <span class='ocrx_word' id='word_1_570' title='bbox 3350 3519 3474 3557; x_wconf 88' lang='lat' dir='ltr'><strong><em>cum</em></strong></span> <span class='ocrx_word' id='word_1_571' title='bbox 3527 3520 3647 3558; x_wconf 58' lang='lat' dir='ltr'><strong><em>mo-</em></strong></span> 
     </span>
    </p>
   </div>
   <div class='ocr_carea' id='block_1_63' title="bbox 2055 3594 3643 3666">
    <p class='ocr_par' dir='ltr' id='par_1_63' title="bbox 2055 3594 3643 3666">
     <span class='ocr_line' id='line_1_63' title="bbox 2055 3594 3643 3666; baseline -0.003 -10"><span class='ocrx_word' id='word_1_572' title='bbox 2055 3601 2206 3666; x_wconf 86' lang='lat' dir='ltr'><strong><em>dum,</em></strong></span> <span class='ocrx_word' id='word_1_573' title='bbox 2239 3607 2395 3654; x_wconf 85' lang='lat' dir='ltr'><strong><em>certa</em></strong></span> <span class='ocrx_word' id='word_1_574' title='bbox 2425 3594 2648 3652; x_wconf 86' lang='lat' dir='ltr'><strong><em>consilii</em></strong></span> <span class='ocrx_word' id='word_1_575' title='bbox 2690 3595 2928 3659; x_wconf 88' lang='lat' dir='ltr'><strong><em>ratione,</em></strong></span> <span class='ocrx_word' id='word_1_576' title='bbox 2959 3594 3032 3649; x_wconf 85' lang='lat' dir='ltr'><strong><em>ob</em></strong></span> <span class='ocrx_word' id='word_1_577' title='bbox 3062 3595 3271 3650; x_wconf 88' lang='lat' dir='ltr'><strong><em>scelera</em></strong></span> <span class='ocrx_word' id='word_1_578' title='bbox 3307 3602 3523 3659; x_wconf 81' lang='lat' dir='ltr'><strong><em>nostra,</em></strong></span> <span class='ocrx_word' id='word_1_579' title='bbox 3553 3613 3643 3652; x_wconf 83' lang='lat' dir='ltr'><strong><em>res</em></strong></span> 
     </span>
    </p>
   </div>
   <div class='ocr_carea' id='block_1_64' title="bbox 2053 3685 3647 3759">
    <p class='ocr_par' dir='ltr' id='par_1_64' title="bbox 2053 3685 3647 3759">
     <span class='ocr_line' id='line_1_64' title="bbox 2053 3685 3647 3759; baseline -0.004 -11"><span class='ocrx_word' id='word_1_580' title='bbox 2053 3691 2273 3747; x_wconf 85' lang='lat' dir='ltr'><strong><em>evenire</em></strong></span> <span class='ocrx_word' id='word_1_581' title='bbox 2303 3689 2650 3759; x_wconf 82' lang='lat' dir='ltr'><strong><em>disponens),</em></strong></span> <span class='ocrx_word' id='word_1_582' title='bbox 2681 3694 2794 3741; x_wconf 92' lang='lat' dir='ltr'><strong><em>tum</em></strong></span> <span class='ocrx_word' id='word_1_583' title='bbox 2821 3685 2918 3740; x_wconf 85' lang='lat' dir='ltr'><strong><em>alii</em></strong></span> <span class='ocrx_word' id='word_1_584' title='bbox 2945 3686 3170 3741; x_wconf 90' lang='lat' dir='ltr'><strong><em>omnino</em></strong></span> <span class='ocrx_word' id='word_1_585' title='bbox 3197 3687 3494 3756; x_wconf 83' lang='lat' dir='ltr'><strong><em>conscripti</em></strong></span> <span class='ocrx_word' id='word_1_586' title='bbox 3520 3687 3647 3742; x_wconf 74' lang='lat' dir='ltr'><strong><em>libri</em></strong></span> 
     </span>
    </p>
   </div>
   <div class='ocr_carea' id='block_1_65' title="bbox 2055 3763 3646 3848">
    <p class='ocr_par' dir='ltr' id='par_1_65' title="bbox 2055 3763 3646 3848">
     <span class='ocr_line' id='line_1_65' title="bbox 2055 3763 3646 3848; baseline -0.004 -10"><span class='ocrx_word' id='word_1_587' title='bbox 2055 3785 2277 3848; x_wconf 84' lang='lat' dir='ltr'><strong><em>docent,</em></strong></span> <span class='ocrx_word' id='word_1_588' title='bbox 2309 3789 2423 3835; x_wconf 90' lang='lat' dir='ltr'><strong><em>tum</em></strong></span> <span class='ocrx_word' id='word_1_589' title='bbox 2450 3763 2718 3835; x_wconf 84' lang='lat' dir='ltr'><strong><em>memoria</em></strong></span> <span class='ocrx_word' id='word_1_590' title='bbox 2750 3776 3030 3840; x_wconf 82' lang='lat' dir='ltr'><strong><em>dillluens,</em></strong></span> <span class='ocrx_word' id='word_1_591' title='bbox 3055 3793 3118 3832; x_wconf 84' lang='lat' dir='ltr'><strong><em>ea</em></strong></span> <span class='ocrx_word' id='word_1_592' title='bbox 3147 3792 3269 3847; x_wconf 63' lang='lat' dir='ltr'><strong><em>quae</em></strong></span> <span class='ocrx_word' id='word_1_593' title='bbox 3307 3787 3439 3832; x_wconf 88' lang='lat' dir='ltr'><strong><em>tunc</em></strong></span> <span class='ocrx_word' id='word_1_594' title='bbox 3464 3780 3646 3832; x_wconf 71' lang='lat' dir='ltr'><strong><em>conti~</em></strong></span> 
     </span>
    </p>
   </div>
   <div class='ocr_carea' id='block_1_66' title="bbox 2055 3867 3287 3945">
    <p class='ocr_par' dir='ltr' id='par_1_66' title="bbox 2055 3867 3287 3945">
     <span class='ocr_line' id='line_1_66' title="bbox 2055 3867 3287 3945; baseline -0.006 -16"><span class='ocrx_word' id='word_1_595' title='bbox 2055 3881 2276 3945; x_wconf 85' lang='lat' dir='ltr'><strong><em>gerunt,</em></strong></span> <span class='ocrx_word' id='word_1_596' title='bbox 2302 3873 2606 3927; x_wconf 86' lang='lat' dir='ltr'><strong><em>etiamnum</em></strong></span> <span class='ocrx_word' id='word_1_597' title='bbox 2643 3868 3077 3925; x_wconf 87' lang='lat' dir='ltr'><strong><em>lamentabillter</em></strong></span> <span class='ocrx_word' id='word_1_598' title='bbox 3106 3867 3287 3923; x_wconf 79' lang='lat' dir='ltr'><strong><em>deﬂet.</em></strong></span> 
     </span>
    </p>
   </div>
   <div class='ocr_carea' id='block_1_67' title="bbox 2123 3962 3644 4035">
    <p class='ocr_par' dir='ltr' id='par_1_67' title="bbox 2123 3962 3644 4035">
     <span class='ocr_line' id='line_1_67' title="bbox 2123 3962 3644 4035; baseline 0.001 -17"><span class='ocrx_word' id='word_1_599' title='bbox 2123 3965 2179 4020; x_wconf 79' lang='lat'><strong><em>‘2.</em></strong></span> <span class='ocrx_word' id='word_1_600' title='bbox 2217 3965 2342 4035; x_wconf 88' lang='lat' dir='ltr'><strong><em>Ipso</em></strong></span> <span class='ocrx_word' id='word_1_601' title='bbox 2371 3964 2541 4033; x_wconf 82' lang='lat' dir='ltr'><strong><em>igitur</em></strong></span> <span class='ocrx_word' id='word_1_602' title='bbox 2571 3971 2820 4031; x_wconf 86' lang='lat' dir='ltr'><strong><em>tempore</em></strong></span> <span class='ocrx_word' id='word_1_603' title='bbox 2842 3975 2953 4032; x_wconf 84' lang='lat' dir='ltr'><strong><em>quo</em></strong></span> <span class='ocrx_word' id='word_1_604' title='bbox 2979 3971 3138 4032; x_wconf 86' lang='lat' dir='ltr'><strong><em>capta</em></strong></span> <span class='ocrx_word' id='word_1_605' title='bbox 3168 3962 3301 4017; x_wconf 84' lang='lat' dir='ltr'><strong><em>urbs</em></strong></span> <span class='ocrx_word' id='word_1_606' title='bbox 3343 3978 3408 4018; x_wconf 86' lang='lat' dir='ltr'><strong><em>ac</em></strong></span> <span class='ocrx_word' id='word_1_607' title='bbox 3434 3963 3644 4034; x_wconf 86' lang='lat' dir='ltr'><strong><em>direpta</em></strong></span> 
     </span>
    </p>
   </div>
   <div class='ocr_carea' id='block_1_68' title="bbox 2053 4051 3648 4127">
    <p class='ocr_par' dir='ltr' id='par_1_68' title="bbox 2053 4051 3648 4127">
     <span class='ocr_line' id='line_1_68' title="bbox 2053 4051 3648 4127; baseline -0.002 -15"><span class='ocrx_word' id='word_1_608' title='bbox 2053 4067 2162 4120; x_wconf 87' lang='lat' dir='ltr'><strong><em>est,</em></strong></span> <span class='ocrx_word' id='word_1_609' title='bbox 2194 4057 2298 4124; x_wconf 59' lang='lat' dir='ltr'><strong><em>vgiri</em></strong></span> <span class='ocrx_word' id='word_1_610' title='bbox 2334 4057 2560 4127; x_wconf 88' lang='lat' dir='ltr'><strong><em>quidam</em></strong></span> <span class='ocrx_word' id='word_1_611' title='bbox 2623 4053 2765 4118; x_wconf 90' lang='lat' dir='ltr'><strong><em>Itali,</em></strong></span> <span class='ocrx_word' id='word_1_612' title='bbox 2809 4051 2925 4107; x_wconf 85' lang='lat' dir='ltr'><strong><em>voti</em></strong></span> <span class='ocrx_word' id='word_1_613' title='bbox 2969 4067 3161 4118; x_wconf 88' lang='lat' dir='ltr'><strong><em>causa,</em></strong></span> <span class='ocrx_word' id='word_1_614' title='bbox 3191 4067 3223 4108; x_wconf 76' lang='grc' dir='ltr'><strong>θ</strong></span> <span class='ocrx_word' id='word_1_615' title='bbox 3252 4053 3370 4108; x_wconf 91' lang='lat' dir='ltr'><strong><em>suis</em></strong></span> <span class='ocrx_word' id='word_1_616' title='bbox 3423 4052 3648 4109; x_wconf 83' lang='lat' dir='ltr'><strong><em>sedibus</em></strong></span> 
     </span>
    </p>
   </div>
   <div class='ocr_carea' id='block_1_69' title="bbox 2055 4133 3647 4222">
    <p class='ocr_par' dir='ltr' id='par_1_69' title="bbox 2055 4133 3647 4222">
     <span class='ocr_line' id='line_1_69' title="bbox 2055 4133 3647 4222; baseline 0 -19"><span class='ocrx_word' id='word_1_617' title='bbox 2055 4151 2346 4222; x_wconf 87' lang='lat' dir='ltr'><strong><em>patriaque</em></strong></span> <span class='ocrx_word' id='word_1_618' title='bbox 2377 4145 2635 4218; x_wconf 82' lang='lat' dir='ltr'><strong><em>profecti,</em></strong></span> <span class='ocrx_word' id='word_1_619' title='bbox 2661 4147 2796 4200; x_wconf 84' lang='lat' dir='ltr'><strong><em>etad</em></strong></span> <span class='ocrx_word' id='word_1_620' title='bbox 2825 4133 3166 4211; x_wconf 85' lang='lat' dir='ltr'><strong><em>lustrandas,</em></strong></span> <span class='ocrx_word' id='word_1_621' title='bbox 3197 4160 3321 4215; x_wconf 68' lang='lat' dir='ltr'><strong><em>quae</em></strong></span> <span class='ocrx_word' id='word_1_622' title='bbox 3337 4147 3461 4200; x_wconf 82' lang='lat' dir='ltr'><strong><em>aliis</em></strong></span> <span class='ocrx_word' id='word_1_623' title='bbox 3487 4148 3647 4204; x_wconf 88' lang='lat' dir='ltr'><strong><em>aliis-</em></strong></span> 
     </span>
    </p>
   </div>
   <div class='ocr_carea' id='block_1_70' title="bbox 2053 4237 3643 4314">
    <p class='ocr_par' dir='ltr' id='par_1_70' title="bbox 2053 4237 3643 4314">
     <span class='ocr_line' id='line_1_70' title="bbox 2053 4237 3643 4314; baseline -0.001 -18"><span class='ocrx_word' id='word_1_624' title='bbox 2053 4258 2161 4314; x_wconf 90' lang='lat' dir='ltr'><strong><em>que</em></strong></span> <span class='ocrx_word' id='word_1_625' title='bbox 2210 4241 2349 4296; x_wconf 87' lang='lat' dir='ltr'><strong><em>locis</em></strong></span> <span class='ocrx_word' id='word_1_626' title='bbox 2397 4247 2660 4306; x_wconf 84' lang='lat' dir='ltr'><strong><em>exstant,</em></strong></span> <span class='ocrx_word' id='word_1_627' title='bbox 2697 4238 3044 4294; x_wconf 79' lang='lat' dir='ltr'><strong><em>venerandas</em></strong></span> <span class='ocrx_word' id='word_1_628' title='bbox 3101 4237 3247 4294; x_wconf 70' lang='lat' dir='ltr'><strong><em>sedes</em></strong></span> <span class='ocrx_word' id='word_1_629' title='bbox 3292 4253 3357 4294; x_wconf 88' lang='lat' dir='ltr'><strong><em>ac</em></strong></span> <span class='ocrx_word' id='word_1_630' title='bbox 3417 4241 3643 4312; x_wconf 90' lang='lat' dir='ltr'><strong><em>templa.</em></strong></span> 
     </span>
    </p>
   </div>
   <div class='ocr_carea' id='block_1_71' title="bbox 2055 4329 3644 4405">
    <p class='ocr_par' dir='ltr' id='par_1_71' title="bbox 2055 4329 3644 4405">
     <span class='ocr_line' id='line_1_71' title="bbox 2055 4329 3644 4405; baseline -0.004 -15"><span class='ocrx_word' id='word_1_631' title='bbox 2055 4335 2442 4405; x_wconf 55' lang='lat' dir='ltr'><strong><em>lliquczadeo,</em></strong></span> <span class='ocrx_word' id='word_1_632' title='bbox 2491 4347 2616 4387; x_wconf 90' lang='lat' dir='ltr'><strong><em>cum</em></strong></span> <span class='ocrx_word' id='word_1_633' title='bbox 2667 4329 2944 4386; x_wconf 78' lang='lat' dir='ltr'><strong><em>viviﬁcum</em></strong></span> <span class='ocrx_word' id='word_1_634' title='bbox 2999 4330 3178 4400; x_wconf 89' lang='lat' dir='ltr'><strong><em>ipsum</em></strong></span> <span class='ocrx_word' id='word_1_635' title='bbox 3223 4338 3644 4390; x_wconf 87' lang='lat' dir='ltr'><strong><em>monumentum</em></strong></span> 
     </span>
    </p>
   </div>
   <div class='ocr_carea' id='block_1_72' title="bbox 2057 4421 3646 4493">
    <p class='ocr_par' dir='ltr' id='par_1_72' title="bbox 2057 4421 3646 4493">
     <span class='ocr_line' id='line_1_72' title="bbox 2057 4421 3646 4493; baseline -0.001 -13"><span class='ocrx_word' id='word_1_636' title='bbox 2057 4427 2244 4481; x_wconf 78' lang='lat' dir='ltr'><strong><em>animo</em></strong></span> <span class='ocrx_word' id='word_1_637' title='bbox 2301 4424 2700 4491; x_wconf 85' lang='lat' dir='ltr'><strong><em>destinassent,</em></strong></span> <span class='ocrx_word' id='word_1_638' title='bbox 2757 4429 2910 4477; x_wconf 86' lang='lat' dir='ltr'><strong><em>recta</em></strong></span> <span class='ocrx_word' id='word_1_639' title='bbox 2954 4423 3222 4476; x_wconf 83' lang='lat' dir='ltr'><strong><em>hactenus</em></strong></span> <span class='ocrx_word' id='word_1_640' title='bbox 3270 4421 3335 4474; x_wconf 87' lang='lat' dir='ltr'><strong><em>ad</em></strong></span> <span class='ocrx_word' id='word_1_641' title='bbox 3385 4423 3646 4493; x_wconf 82' lang='lat' dir='ltr'><strong><em>martyris</em></strong></span> 
     </span>
    </p>
   </div>
   <div class='ocr_carea' id='block_1_73' title="bbox 2053 4513 3644 4585">
    <p class='ocr_par' dir='ltr' id='par_1_73' title="bbox 2053 4513 3644 4585">
     <span class='ocr_line' id='line_1_73' title="bbox 2053 4513 3644 4585; baseline -0.004 -9"><span class='ocrx_word' id='word_1_642' title='bbox 2053 4520 2249 4585; x_wconf 74' lang='lat' dir='ltr'><strong><em>sedem,</em></strong></span> <span class='ocrx_word' id='word_1_643' title='bbox 2279 4519 2385 4574; x_wconf 88' lang='lat' dir='ltr'><strong><em>iter</em></strong></span> <span class='ocrx_word' id='word_1_644' title='bbox 2409 4515 2836 4574; x_wconf 85' lang='lat' dir='ltr'><strong><em>centendebant.</em></strong></span> <span class='ocrx_word' id='word_1_645' title='bbox 2869 4513 3142 4585; x_wconf 84' lang='lat' dir='ltr'><strong><em>Quodque</em></strong></span> <span class='ocrx_word' id='word_1_646' title='bbox 3173 4514 3288 4584; x_wconf 84' lang='lat' dir='ltr'><strong><em>jam</em></strong></span> <span class='ocrx_word' id='word_1_647' title='bbox 3321 4513 3644 4570; x_wconf 84' lang='lat' dir='ltr'><strong><em>Thessalica</em></strong></span> 
     </span>
    </p>
   </div>
   <div class='ocr_carea' id='block_1_74' title="bbox 2055 4607 3643 4686">
    <p class='ocr_par' dir='ltr' id='par_1_74' title="bbox 2055 4607 3643 4686">
     <span class='ocr_line' id='line_1_74' title="bbox 2055 4607 3643 4686; baseline -0.004 -18"><span class='ocrx_word' id='word_1_648' title='bbox 2055 4614 2173 4686; x_wconf 90' lang='lat' dir='ltr'><strong><em>ipsa</em></strong></span> <span class='ocrx_word' id='word_1_649' title='bbox 2205 4611 2410 4682; x_wconf 84' lang='lat' dir='ltr'><strong><em>Tempe</em></strong></span> <span class='ocrx_word' id='word_1_650' title='bbox 2447 4611 2720 4665; x_wconf 84' lang='lat' dir='ltr'><strong><em>transisse</em></strong></span> <span class='ocrx_word' id='word_1_651' title='bbox 2757 4622 2853 4664; x_wconf 89' lang='lat' dir='ltr'><strong><em>eos</em></strong></span> <span class='ocrx_word' id='word_1_652' title='bbox 2905 4610 3236 4678; x_wconf 81' lang='lat' dir='ltr'><strong><em>contigerat,</em></strong></span> <span class='ocrx_word' id='word_1_653' title='bbox 3277 4608 3363 4661; x_wconf 84' lang='lat' dir='ltr'><strong><em>vir</em></strong></span> <span class='ocrx_word' id='word_1_654' title='bbox 3396 4607 3643 4678; x_wconf 88' lang='lat' dir='ltr'><strong><em>quidam,</em></strong></span> 
     </span>
    </p>
   </div>
   <div class='ocr_carea' id='block_1_75' title="bbox 2056 4699 3643 4776">
    <p class='ocr_par' dir='ltr' id='par_1_75' title="bbox 2056 4699 3643 4776">
     <span class='ocr_line' id='line_1_75' title="bbox 2056 4699 3643 4776; baseline -0.004 -16"><span class='ocrx_word' id='word_1_655' title='bbox 2056 4705 2192 4776; x_wconf 86' lang='lat' dir='ltr'><strong><em>ipsis</em></strong></span> <span class='ocrx_word' id='word_1_656' title='bbox 2244 4704 2400 4773; x_wconf 86' lang='lat' dir='ltr'><strong><em>prius</em></strong></span> <span class='ocrx_word' id='word_1_657' title='bbox 2449 4703 2691 4773; x_wconf 75' lang='lat' dir='ltr'><strong><em>ignotus,</em></strong></span> <span class='ocrx_word' id='word_1_658' title='bbox 2738 4714 2804 4755; x_wconf 88' lang='lat' dir='ltr'><strong><em>ac</em></strong></span> <span class='ocrx_word' id='word_1_659' title='bbox 2855 4714 3020 4771; x_wconf 87' lang='lat' dir='ltr'><strong><em>quem</em></strong></span> <span class='ocrx_word' id='word_1_660' title='bbox 3075 4699 3320 4754; x_wconf 90' lang='lat' dir='ltr'><strong><em>nondum</em></strong></span> <span class='ocrx_word' id='word_1_661' title='bbox 3369 4701 3643 4763; x_wconf 86' lang='lat' dir='ltr'><strong><em>viderant,</em></strong></span> 
     </span>
    </p>
   </div>
   <div class='ocr_carea' id='block_1_76' title="bbox 2057 4793 3640 4868">
    <p class='ocr_par' dir='ltr' id='par_1_76' title="bbox 2057 4793 3640 4868">
     <span class='ocr_line' id='line_1_76' title="bbox 2057 4793 3640 4868; baseline -0.004 -12"><span class='ocrx_word' id='word_1_662' title='bbox 2057 4816 2165 4856; x_wconf 86' lang='lat' dir='ltr'><strong><em>una</em></strong></span> <span class='ocrx_word' id='word_1_663' title='bbox 2201 4802 2281 4856; x_wconf 90' lang='lat' dir='ltr'><strong><em>eis</em></strong></span> <span class='ocrx_word' id='word_1_664' title='bbox 2311 4801 2413 4854; x_wconf 77' lang='lat' dir='ltr'><strong><em>vise</em></strong></span> <span class='ocrx_word' id='word_1_665' title='bbox 2443 4814 2630 4854; x_wconf 86' lang='lat' dir='ltr'><strong><em>comes</em></strong></span> <span class='ocrx_word' id='word_1_666' title='bbox 2653 4796 2879 4868; x_wconf 83' lang='lat' dir='ltr'><strong><em>adjungi</em></strong></span> <span class='ocrx_word' id='word_1_667' title='bbox 2905 4793 3267 4864; x_wconf 86' lang='lat' dir='ltr'><strong><em>conspicitur,</em></strong></span> <span class='ocrx_word' id='word_1_668' title='bbox 3297 4793 3414 4864; x_wconf 89' lang='lat' dir='ltr'><strong><em>ipse</em></strong></span> <span class='ocrx_word' id='word_1_669' title='bbox 3444 4809 3640 4855; x_wconf 82' lang='lat' dir='ltr'><strong><em>canus,</em></strong></span> 
     </span>
    </p>
   </div>
   <div class='ocr_carea' id='block_1_77' title="bbox 2055 4886 3643 4962">
    <p class='ocr_par' dir='ltr' id='par_1_77' title="bbox 2055 4886 3643 4962">
     <span class='ocr_line' id='line_1_77' title="bbox 2055 4886 3643 4962; baseline -0.004 -13"><span class='ocrx_word' id='word_1_670' title='bbox 2055 4894 2218 4950; x_wconf 87' lang='lat' dir='ltr'><strong><em>hilari</em></strong></span> <span class='ocrx_word' id='word_1_671' title='bbox 2252 4893 2426 4954; x_wconf 82' lang='lat' dir='ltr'><strong><em>vultu.</em></strong></span> <span class='ocrx_word' id='word_1_672' title='bbox 2463 4889 2614 4962; x_wconf 89' lang='lat' dir='ltr'><strong><em>gravi</em></strong></span> <span class='ocrx_word' id='word_1_673' title='bbox 2643 4889 3003 4957; x_wconf 88' lang='lat' dir='ltr'><strong><em>modestoque</em></strong></span> <span class='ocrx_word' id='word_1_674' title='bbox 3034 4886 3238 4940; x_wconf 89' lang='lat' dir='ltr'><strong><em>amictu</em></strong></span> <span class='ocrx_word' id='word_1_675' title='bbox 3267 4902 3281 4952; x_wconf 91' lang='lat'>;</span> <span class='ocrx_word' id='word_1_676' title='bbox 3335 4899 3398 4939; x_wconf 83' lang='lat' dir='ltr'><strong><em>ac</em></strong></span> <span class='ocrx_word' id='word_1_677' title='bbox 3440 4886 3536 4957; x_wconf 85' lang='lat' dir='ltr'><strong><em>qui</em></strong></span> <span class='ocrx_word' id='word_1_678' title='bbox 3575 4902 3643 4943; x_wconf 82' lang='lat' dir='ltr'><strong><em>ex</em></strong></span> 
     </span>
    </p>
   </div>
   <div class='ocr_carea' id='block_1_78' title="bbox 2055 4976 3644 5056">
    <p class='ocr_par' dir='ltr' id='par_1_78' title="bbox 2055 4976 3644 5056">
     <span class='ocr_line' id='line_1_78' title="bbox 2055 4976 3644 5056; baseline -0.006 -16"><span class='ocrx_word' id='word_1_679' title='bbox 2055 4986 2177 5056; x_wconf 91' lang='lat' dir='ltr'><strong><em>ipso</em></strong></span> <span class='ocrx_word' id='word_1_680' title='bbox 2206 4998 2300 5040; x_wconf 88' lang='lat' dir='ltr'><strong><em>ore</em></strong></span> <span class='ocrx_word' id='word_1_681' title='bbox 2337 4980 2705 5040; x_wconf 70' lang='lat' dir='ltr'><strong><em>venerabilem</em></strong></span> <span class='ocrx_word' id='word_1_682' title='bbox 2738 4980 3034 5036; x_wconf 89' lang='lat' dir='ltr'><strong><em>admodum</em></strong></span> <span class='ocrx_word' id='word_1_683' title='bbox 3084 4978 3383 5047; x_wconf 88' lang='lat' dir='ltr'><strong><em>mitemque</em></strong></span> <span class='ocrx_word' id='word_1_684' title='bbox 3414 4976 3644 5049; x_wconf 61' lang='lat' dir='ltr'><strong><em>prafer-</em></strong></span> 
     </span>
    </p>
   </div>
   <div class='ocr_carea' id='block_1_79' title="bbox 2056 5069 3644 5146">
    <p class='ocr_par' dir='ltr' id='par_1_79' title="bbox 2056 5069 3644 5146">
     <span class='ocr_line' id='line_1_79' title="bbox 2056 5069 3644 5146; baseline -0.004 -13"><span class='ocrx_word' id='word_1_685' title='bbox 2056 5090 2160 5133; x_wconf 88' lang='lat' dir='ltr'><strong><em>ret.</em></strong></span> <span class='ocrx_word' id='word_1_686' title='bbox 2195 5075 2448 5146; x_wconf 89' lang='lat' dir='ltr'><strong><em>Tumque</em></strong></span> <span class='ocrx_word' id='word_1_687' title='bbox 2501 5075 2646 5131; x_wconf 89' lang='lat' dir='ltr'><strong><em>alius</em></strong></span> <span class='ocrx_word' id='word_1_688' title='bbox 2690 5072 2915 5145; x_wconf 88' lang='lat' dir='ltr'><strong><em>quidam</em></strong></span> <span class='ocrx_word' id='word_1_689' title='bbox 2945 5085 3116 5144; x_wconf 88' lang='lat' dir='ltr'><strong><em>eques</em></strong></span> <span class='ocrx_word' id='word_1_690' title='bbox 3141 5069 3408 5133; x_wconf 87' lang='lat' dir='ltr'><strong><em>cernitur,</em></strong></span> <span class='ocrx_word' id='word_1_691' title='bbox 3447 5069 3585 5145; x_wconf 90' lang='lat' dir='ltr'><strong><em>ipsis</em></strong></span> <span class='ocrx_word' id='word_1_692' title='bbox 3614 5085 3644 5126; x_wconf 74' lang='grc' dir='ltr'><strong><em>ιι</em></strong></span> 
     </span>
    </p>
   </div>
   <div class='ocr_carea' id='block_1_80' title="bbox 2056 5161 3644 5236">
    <p class='ocr_par' dir='ltr' id='par_1_80' title="bbox 2056 5161 3644 5236">
     <span class='ocr_line' id='line_1_80' title="bbox 2056 5161 3644 5236; baseline -0.006 -14"><span class='ocrx_word' id='word_1_693' title='bbox 2056 5169 2240 5223; x_wconf 82' lang='lat' dir='ltr'><strong><em>fronte</em></strong></span> <span class='ocrx_word' id='word_1_694' title='bbox 2275 5181 2581 5222; x_wconf 86' lang='lat' dir='ltr'><strong><em>occurrens</em></strong></span> <span class='ocrx_word' id='word_1_695' title='bbox 2611 5182 2626 5232; x_wconf 88' lang='lat'><strong>;</strong></span> <span class='ocrx_word' id='word_1_696' title='bbox 2658 5165 2780 5236; x_wconf 88' lang='lat' dir='ltr'><strong><em>ipse</em></strong></span> <span class='ocrx_word' id='word_1_697' title='bbox 2809 5161 3056 5235; x_wconf 89' lang='lat' dir='ltr'><strong><em>quidem,</em></strong></span> <span class='ocrx_word' id='word_1_698' title='bbox 3090 5169 3358 5231; x_wconf 89' lang='lat' dir='ltr'><strong><em>quantum</em></strong></span> <span class='ocrx_word' id='word_1_699' title='bbox 3385 5167 3644 5234; x_wconf 75' lang='lat' dir='ltr'><strong><em>aSpcctus</em></strong></span> 
     </span>
    </p>
   </div>
   <div class='ocr_carea' id='block_1_81' title="bbox 2057 5255 3646 5330">
    <p class='ocr_par' dir='ltr' id='par_1_81' title="bbox 2057 5255 3646 5330">
     <span class='ocr_line' id='line_1_81' title="bbox 2057 5255 3646 5330; baseline -0.006 -11"><span class='ocrx_word' id='word_1_700' title='bbox 2057 5263 2308 5328; x_wconf 80' lang='lat' dir='ltr'><strong><em>ferebat,</em></strong></span> <span class='ocrx_word' id='word_1_701' title='bbox 2358 5261 2639 5318; x_wconf 82' lang='lat' dir='ltr'><strong><em>formosus</em></strong></span> <span class='ocrx_word' id='word_1_702' title='bbox 2667 5302 2682 5328; x_wconf 90' lang='lat'><strong><em>,</em></strong></span> <span class='ocrx_word' id='word_1_703' title='bbox 2730 5274 2907 5330; x_wconf 79' lang='lat' dir='ltr'><strong><em>exque</em></strong></span> <span class='ocrx_word' id='word_1_704' title='bbox 2948 5257 3133 5313; x_wconf 87' lang='lat' dir='ltr'><strong><em>indole</em></strong></span> <span class='ocrx_word' id='word_1_705' title='bbox 3160 5257 3442 5324; x_wconf 88' lang='lat' dir='ltr'><strong><em>jucundus</em></strong></span> <span class='ocrx_word' id='word_1_706' title='bbox 3485 5255 3646 5310; x_wconf 83' lang='lat' dir='ltr'><strong><em>valde</em></strong></span> 
     </span>
    </p>
   </div>
   <div class='ocr_carea' id='block_1_82' title="bbox 2058 5348 3641 5428">
    <p class='ocr_par' dir='ltr' id='par_1_82' title="bbox 2058 5348 3641 5428">
     <span class='ocr_line' id='line_1_82' title="bbox 2058 5348 3641 5428; baseline -0.006 -16"><span class='ocrx_word' id='word_1_707' title='bbox 2058 5357 2373 5428; x_wconf 87' lang='lat' dir='ltr'><strong><em>multasque</em></strong></span> <span class='ocrx_word' id='word_1_708' title='bbox 2400 5355 2608 5427; x_wconf 81' lang='lat' dir='ltr'><strong><em>gratias</em></strong></span> <span class='ocrx_word' id='word_1_709' title='bbox 2633 5354 2882 5421; x_wconf 86' lang='lat' dir='ltr'><strong><em>habens;</em></strong></span> <span class='ocrx_word' id='word_1_710' title='bbox 2924 5369 3050 5408; x_wconf 90' lang='lat' dir='ltr'><strong><em>cum</em></strong></span> <span class='ocrx_word' id='word_1_711' title='bbox 3077 5351 3202 5422; x_wconf 83' lang='lat' dir='ltr'><strong><em>ejus</em></strong></span> <span class='ocrx_word' id='word_1_712' title='bbox 3233 5351 3414 5404; x_wconf 82' lang='lat' dir='ltr'><strong><em>vultus</em></strong></span> <span class='ocrx_word' id='word_1_713' title='bbox 3433 5348 3641 5417; x_wconf 85' lang='lat' dir='ltr'><strong><em>jucun-</em></strong></span> 
     </span>
    </p>
   </div>
   <div class='ocr_carea' id='block_1_83' title="bbox 2058 5445 3647 5516">
    <p class='ocr_par' dir='ltr' id='par_1_83' title="bbox 2058 5445 3647 5516">
     <span class='ocr_line' id='line_1_83' title="bbox 2058 5445 3647 5516; baseline -0.008 -10"><span class='ocrx_word' id='word_1_714' title='bbox 2058 5450 2287 5506; x_wconf 87' lang='lat' dir='ltr'><strong><em>ditatem</em></strong></span> <span class='ocrx_word' id='word_1_715' title='bbox 2351 5447 2524 5507; x_wconf 72' lang='lat' dir='ltr'><strong><em>ollusa</em></strong></span> <span class='ocrx_word' id='word_1_716' title='bbox 2552 5446 2874 5503; x_wconf 72' lang='lat' dir='ltr'><strong><em>mmslitudo</em></strong></span> <span class='ocrx_word' id='word_1_717' title='bbox 2907 5445 3184 5516; x_wconf 81' lang='lat' dir='ltr'><strong><em>obtegeret</em></strong></span> <span class='ocrx_word' id='word_1_718' title='bbox 3233 5457 3512 5515; x_wconf 81' lang='lat' dir='ltr'><strong><em>propeque</em></strong></span> <span class='ocrx_word' id='word_1_719' title='bbox 3559 5457 3647 5494; x_wconf 79' lang='lat' dir='ltr'><strong><em>ex-</em></strong></span> 
     </span>
    </p>
   </div>
   <div class='ocr_carea' id='block_1_84' title="bbox 2063 5535 3645 5614">
    <p class='ocr_par' dir='ltr' id='par_1_84' title="bbox 2063 5535 3645 5614">
     <span class='ocr_line' id='line_1_84' title="bbox 2063 5535 3645 5614; baseline -0.006 -15"><span class='ocrx_word' id='word_1_720' title='bbox 2063 5544 2388 5614; x_wconf 87' lang='lat' dir='ltr'><strong><em>stingueret,</em></strong></span> <span class='ocrx_word' id='word_1_721' title='bbox 2411 5557 2474 5597; x_wconf 82' lang='lat' dir='ltr'><strong><em>ac</em></strong></span> <span class='ocrx_word' id='word_1_722' title='bbox 2500 5542 2650 5597; x_wconf 86' lang='lat' dir='ltr'><strong><em>velut</em></strong></span> <span class='ocrx_word' id='word_1_723' title='bbox 2673 5541 2822 5597; x_wconf 86' lang='lat' dir='ltr'><strong><em>luctu</em></strong></span> <span class='ocrx_word' id='word_1_724' title='bbox 2855 5538 3089 5608; x_wconf 88' lang='lat' dir='ltr'><strong><em>quodam</em></strong></span> <span class='ocrx_word' id='word_1_725' title='bbox 3113 5535 3517 5602; x_wconf 71' lang='lat' dir='ltr'><strong><em>inconsolabili,</em></strong></span> <span class='ocrx_word' id='word_1_726' title='bbox 3553 5550 3645 5613; x_wconf 82' lang='lat' dir='ltr'><strong><em>ge-</em></strong></span> 
     </span>
    </p>
   </div>
   <div class='ocr_carea' id='block_1_85' title="bbox 2061 5631 3647 5706">
    <p class='ocr_par' dir='ltr' id='par_1_85' title="bbox 2061 5631 3647 5706">
     <span class='ocr_line' id='line_1_85' title="bbox 2061 5631 3647 5706; baseline -0.007 -12"><span class='ocrx_word' id='word_1_727' title='bbox 2061 5637 2264 5694; x_wconf 85' lang='lat' dir='ltr'><strong><em>mentis</em></strong></span> <span class='ocrx_word' id='word_1_728' title='bbox 2289 5635 2481 5693; x_wconf 83' lang='lat' dir='ltr'><strong><em>habitu</em></strong></span> <span class='ocrx_word' id='word_1_729' title='bbox 2517 5643 2786 5706; x_wconf 82' lang='lat' dir='ltr'><strong><em>gestuque</em></strong></span> <span class='ocrx_word' id='word_1_730' title='bbox 2824 5633 3000 5704; x_wconf 86' lang='lat' dir='ltr'><strong><em>ipsius</em></strong></span> <span class='ocrx_word' id='word_1_731' title='bbox 3034 5634 3126 5687; x_wconf 83' lang='lat' dir='ltr'><strong><em>lux</em></strong></span> <span class='ocrx_word' id='word_1_732' title='bbox 3167 5631 3405 5702; x_wconf 80' lang='lat' dir='ltr'><strong><em>collapsa</em></strong></span> <span class='ocrx_word' id='word_1_733' title='bbox 3448 5639 3594 5686; x_wconf 81' lang='lat' dir='ltr'><strong><em>esset</em></strong></span> <span class='ocrx_word' id='word_1_734' title='bbox 3627 5643 3647 5685; x_wconf 84' lang='lat'><strong>:</strong></span> 
     </span>
    </p>
   </div>
   <div class='ocr_carea' id='block_1_86' title="bbox 2059 5723 3652 5792">
    <p class='ocr_par' dir='ltr' id='par_1_86' title="bbox 2059 5723 3652 5792">
     <span class='ocr_line' id='line_1_86' title="bbox 2059 5723 3652 5792; baseline -0.008 -7"><span class='ocrx_word' id='word_1_735' title='bbox 2059 5729 2150 5788; x_wconf 87' lang='lat' dir='ltr'><strong><em>cui</em></strong></span> <span class='ocrx_word' id='word_1_736' title='bbox 2175 5737 2227 5784; x_wconf 91' lang='lat' dir='ltr'><strong><em>et</em></strong></span> <span class='ocrx_word' id='word_1_737' title='bbox 2261 5727 2474 5783; x_wconf 80' lang='lat' dir='ltr'><strong><em>amnem</em></strong></span> <span class='ocrx_word' id='word_1_738' title='bbox 2507 5741 2699 5782; x_wconf 83' lang='lat' dir='ltr'><strong><em>vocem</em></strong></span> <span class='ocrx_word' id='word_1_739' title='bbox 2727 5725 2918 5790; x_wconf 90' lang='lat' dir='ltr'><strong><em>edens,</em></strong></span> <span class='ocrx_word' id='word_1_740' title='bbox 2950 5733 3075 5779; x_wconf 83' lang='lat' dir='ltr'><strong><em>ante</em></strong></span> <span class='ocrx_word' id='word_1_741' title='bbox 3105 5724 3286 5778; x_wconf 89' lang='lat' dir='ltr'><strong><em>omnia</em></strong></span> <span class='ocrx_word' id='word_1_742' title='bbox 3313 5723 3464 5792; x_wconf 80' lang='lat' dir='ltr'><strong><em>gravi</em></strong></span> <span class='ocrx_word' id='word_1_743' title='bbox 3489 5731 3652 5776; x_wconf 78' lang='lat' dir='ltr'><strong><em>aunto</em></strong></span> 
     </span>
    </p>
   </div>
   <div class='ocr_carea' id='block_1_87' title="bbox 2065 5811 3650 5892">
    <p class='ocr_par' dir='ltr' id='par_1_87' title="bbox 2065 5811 3650 5892">
     <span class='ocr_line' id='line_1_87' title="bbox 2065 5811 3650 5892; baseline -0.007 -13"><span class='ocrx_word' id='word_1_744' title='bbox 2065 5835 2251 5879; x_wconf 89' lang='lat' dir='ltr'><strong><em>senem</em></strong></span> <span class='ocrx_word' id='word_1_745' title='bbox 2302 5819 2455 5877; x_wconf 85' lang='lat' dir='ltr'><strong><em>illum</em></strong></span> <span class='ocrx_word' id='word_1_746' title='bbox 2492 5818 2840 5892; x_wconf 72' lang='lat' dir='ltr'><strong><em>(Ach‘illeum</em></strong></span> <span class='ocrx_word' id='word_1_747' title='bbox 2878 5817 3111 5888; x_wconf 84' lang='lat' dir='ltr'><strong><em>vocans)</em></strong></span> <span class='ocrx_word' id='word_1_748' title='bbox 3147 5832 3210 5870; x_wconf 87' lang='lat' dir='ltr'><strong><em>ac</em></strong></span> <span class='ocrx_word' id='word_1_749' title='bbox 3255 5830 3494 5886; x_wconf 80' lang='lat' dir='ltr'><strong><em>quonam</em></strong></span> <span class='ocrx_word' id='word_1_750' title='bbox 3543 5811 3650 5874; x_wconf 77' lang='lat' dir='ltr'><strong><em>iret</em></strong></span> 
     </span>
    </p>
   </div>
   <div class='ocr_carea' id='block_1_88' title="bbox 3215 5914 3292 5975">
    <p class='ocr_par' dir='ltr' id='par_1_88' title="bbox 3215 5914 3292 5975">
     <span class='ocr_line' id='line_1_88' title="bbox 3215 5914 3292 5975; baseline 0.026 -2"><span class='ocrx_word' id='word_1_751' title='bbox 3215 5914 3292 5975; x_wconf 78' lang='lat'><strong><em>17</em></strong></span> 
     </span>
    </p>
   </div>
  </div>
