4136 6422
493 317 597 383 52⁸1

493 523 633 579 Tum
662 534 829 577 senex
879 515 1126 573 vicissim
1184 512 1385 585 gaudio
1435 507 1790 567 exosculatus
1846 505 2069 575 (Deme-

494 617 660 673 trium
720 614 898 682 ipsum
957 623 1185 676 vocans,
1256 604 1576 672 addensque
1622 596 1973 671 praemiorum
2004 609 2072 651 ac

494 701 1147 775 certaminum-positoris
1180 712 1441 769 magnum
1469 692 1755 755 athletam)
1792 690 1909 760 ipse
1933 702 2071 759 quo-

493 814 601 870 quc
649 797 835 853 statim
865 794 1351 860 sciscitatur,-qua2
1367 801 1535 842 eausa
1559 784 1631 839 sit
1662 783 1744 837 sic
1768 781 1962 836 oll‘usae
1989 780 2071 834 ori

496 887 775 953 maestitiae
804 885 1111 954 delectique
1128 881 1296 937 auimi
1318 894 1381 935 ac
1404 876 1662 932 immanis
1692 873 1952 928 tristitiae.
1988 871 2100 957 Ad.

500 995 663 1050 quem
700 987 949 1046 martyr:
984 972 1180 1037 Periit,
1210 970 1413 1040 inquit,
1454 966 1586 1021 mihi
1610 965 1811 1035 patria,
1855 963 2074 1033 jamque

500 1072 566 1126 ab
591 1071 960 1123 universorum
992 1062 1183 1117 Judice
1209 1060 1493 1131 reprobata
1530 1064 1609 1112 est
1641 1065 1796 1126 atque
1821 1054 2075 1122 projecta.

502 1164 750 1217 Cruenta:
774 1174 984 1222 manus,
1013 1153 1331 1223 barbarique
1370 1167 1433 1205 ac
1463 1149 1669 1215 sicarii,
1695 1163 1836 1201 meos
1859 1146 2075 1199 clientes

501 1272 564 1307 ac
588 1252 804 1306 tribules
826 1250 1057 1317 captivos
1085 1245 1353 1299 abduxere
1378 1259 1395 1297 :
1420 1258 1592 1297 meum
1642 1256 1779 1295 nunc
1800 1238 2077 1292 delubrum

500 1345 691 1399 civium
715 1339 993 1395 cruoribus
1040 1336 1407 1392 circumluitur
1435 1349 1454 1389 :
1486 1332 1705 1402 impuris
1739 1332 2079 1402 profanisque

499 1434 719 1505 pedibus
753 1439 939 1486 sancta
988 1428 1269 1482 calcantur
1320 1424 1746 1494 contemptuique
1794 1422 2075 1476 habemur.

499 1526 662 1599 485
694 1526 767 1579 Ac
798 1540 889 1594 ego
928 1521 1164 1593 quidem,
1197 1518 1338 1591 quod
1369 1520 1446 1572 ita
1472 1516 1677 1586 pridem
1702 1515 1894 1570 solitus
1934 1529 2072 1577 sum,

500 1617 827 1686 supplicibus
858 1616 990 1669 votis
1018 1612 1188 1667 Deum
1219 1614 1531 1672 exorabant,
1556 1610 1715 1663 etiam
1739 1617 1891 1679 atque
1916 1606 2078 1660 etiam

1722 304 1753 362 J
1761 302 1961 365 OANN
1969 300 2058 367 ES
2088 298 2518 360 CAMENIATA

397 484 417 492 ..
493 428 895 489 sciscitabatur.
924 422 1044 495 Ego
1079 435 1218 489 uero,
1248 427 1309 474 ut
1334 418 1501 481 uides,
1545 414 1612 487 ad
1653 425 1700 473 te
1737 414 2065 485 proﬁciscor.

2189 413 2358 475 ιέσας,
2390 411 2483 466 καὶ
2534 410 2710 480 μέγαν
2750 409 2844 464 τοῦ
2896 411 3186 466 ἀθλοθέτου
3229 412 3534 483 ἀγωνιστὴν
3577 430 3750 484 προσ-

3643 298 3751 363 διε

2170 502 2364 565 ειπὼν,
2390 502 2490 574 τὴν
2517 503 2614 556 σὺν
2647 502 2851 573 σπουδῇ
2881 505 2975 557 καὶ
3002 504 3163 568 αὐτὸς
3191 504 3468 576 ἀνηρώτα,
3505 507 3533 558 ὅ
3561 522 3616 558 τι
3653 507 3742 576 εἴη

2171 596 2233 650 τὸ
2277 598 2449 650 αἴτιον
2505 595 2600 650 τοῦ
2653 594 3106 666 σκυθρωπασμοῦ
3179 597 3274 650 καὶ
3323 596 3426 664 τῆς
3482 598 3755 669 τοσαύτης

2176 689 2477 758 κατηφείας
2513 690 2603 741 καὶ
2634 688 2834 759 λύπης.
2875 689 2984 742 Καὶ
3020 672 3309 761 δ’μάρτυς,
3361 690 3600 759 οἴχεταί
3626 710 3754 761 μοι,

2174 781 2396 851 ἔφησεν,
2437 780 2474 847 ἡ
2530 780 2765 848 πατρὶς.
2827 780 2929 833 καὶ
2982 794 3146 848 παρα
3196 779 3278 846 τῷ
3326 781 3588 851 δικαστῇ
3634 781 3759 836 τῶν

2176 871 2334 927 ὅλων
2375 869 2491 937 ἤδη
2528 870 2957 939 κατέγνωσται.
3008 870 3210 939 Χεῖρες
3248 872 3614 941 ἀνδροφόνοι
3654 873 3758 927 καὶ

2170 961 2463 1030 βάρϐαροι
2504 961 2647 1026 τοὺς
2678 959 2945 1030 φυλέτας
2985 961 3536 1029 ἠνδραποδίσαντο.
3570 964 3759 1032 Αἵμα-

2178 1071 2283 1109 σιν
2311 1056 2644 1125 ὁμοφύλοις
2669 1055 3029 1124 περιῤῥεῒταί
3052 1074 3153 1126 μοι
3184 1056 3302 1111 νῦν
3326 1060 3360 1112 ό
3393 1059 3589 1125 σηκός
3610 1072 3626 1088 ⁸
3654 1058 3762 1122 βε-

2178 1147 2387 1214 ϐήλοις
2428 1147 2527 1201 καὶ
2566 1147 2854 1216 ἀνάγνοις
2884 1147 3032 1201 ποσὶ
3086 1148 3357 1202 πατεῗται
3392 1149 3465 1202 τὰ
3500 1149 3625 1217 ἱερά
3659 1148 3761 1201 καὶ

2178 1240 2607 1305 ἐξουδένωταιο
2655 1239 2817 1310 κάγὼ
2862 1241 2981 1307 μὲν
3018 1240 3085 1294 τὸ
3140 1240 3313 1294 Beier
3358 1239 3764 1309 ἐξελιπάρουν

2178 1333 2482 1402 συνήθως,
2521 1337 2609 1401 εις
2649 1333 2827 1388 ἔλεον
2868 1334 2988 1388 τῶν
3028 1324 3423 1403 ἠτυχηκότων
3466 1333 3765 1388 ἐκκαλού-

2175 1445 2382 1499 μενος,
2446 1427 2544 1480 καὶ
2607 1424 2812 1482 obiter
2862 1421 3035 1493 αὖθις
3086 1426 3292 1481 λαϐεῖν
3346 1426 3759 1495 παρῃτούμην,

2180 1520 2341 1577 ἀλλὰ
2363 1520 2449 1591 μὴ
2476 1518 2558 1589 ἣν
2582 1506 2777 1588 οἰκείῳ
2804 1522 3003 1591 αἵματι
3028 1518 3117 1593 [Ρ.
3136 1519 3262 1592 516]
3293 1520 3764 1587 περιεποιήσατο

2193 1613 2591 1680 Ἐκκλησίαν,
2620 1615 2937 1683 Βαρϐάρων
2970 1613 3339 1682 Ισχύϊμόνον
3368 1612 3762 1673 πεποιθότων,

500 1715 569 1767 ad
606 1715 923 1767 miserorum
957 1707 1383 1763 misericordiam
1434 1719 1752 1774 provocans;
1788 1711 1837 1756 et
1862 1710 1916 1754 ut
1953 1717 2076 1753 rur-

2189 1704 2398 1759 ἀλλὀὐ
2419 1703 2557 1769 Θεῷ,
2591 1704 2863 1771 παριδεῖν
2881 1704 3334 1772 διασπασθῆναι
3365 1701 3595 1773 χερσίν.
3619 1701 3672 1754 '0
3694 1700 3767 1754 δὲ

500 1823 590 1859 sus
622 1803 966 1858 miseratione
997 1801 1299 1863 duceretur,
1356 1796 1709 1868 efﬂagitabant
1739 1812 1755 1849 :
1792 1811 1882 1848 nec
1920 1810 2080 1865 quam

2189 1793 2308 1868 (καί
2341 1795 2450 1865 γὰρ
2474 1795 2544 1848 τὰ
2564 1795 2782 1849 ἑαυτοῦ
2813 1795 3257 1864 ἀνεξερεύνητα
3287 1795 3560 1862 κρίματα)
3592 1793 3768 1846 εἴασε

501 1913 598 1952 suo
620 1897 732 1964 ipse
762 1895 1019 1965 sanguine
1039 1892 1430 1962 acquisivisset,
1461 1888 1778 1950 Ecclesium,
1811 1884 2083 1940 Barbaro-

2189 1887 2296 1955 τὴν
2325 1888 2541 1941 τούτου
2583 1888 2990 1956 κληρονομίαν
3042 1887 3418 1958 βαρϐαρικῆς
3449 1887 3766 1953 ἀπανθρω-

502 2004 620 2042 rum
658 1988 903 2040 manibus
933 1984 1117 2039 diuelli
1157 1985 1352 2037 sineret
1391 1990 1545 2051 atque
1584 1979 1834 2046 distrahi,
1885 1978 1975 2048 qui
2016 1978 2075 2033 in

2189 1979 2322 2045 νῆας
2351 1978 2565 2047 πεῖραν
2586 1979 2814 2033 λαϐεῖν.
2841 1980 3026 2033 Ταῦτα
3054 1981 3152 2050 μὲν
3170 1980 3197 2032 6
3227 1982 3437 2051 μάρτυς
3470 1977 3766 2048 ἐκδιηγού-

501 2097 598 2134 suo
628 2080 896 2132 duntaxat
943 2077 1148 2141 robore,
1182 2093 1285 2130 non
1321 2075 1375 2129 in
1432 2074 1541 2128 Deo
1575 2072 1872 2141 conﬁdunt.
1917 2069 2077 2125 Secus

2189 2087 2374 2141 μενος,
2420 2071 2514 2124 καὶ
2565 2070 2656 2123 τὸν
2726 2071 2987 2143 ἱεράρχην
3044 2071 3200 2142 ἔσχεν
3260 2070 3554 2141 Ἀχίλλειον
3639 2087 3770 2122 συν-

498 2173 612 2241 ipse
642 2171 832 2240 (cujus
854 2173 1021 2240 plane
1073 2166 1563 2235 imperscrutabilia
1609 2165 1821 2235 judicia
1870 2161 2075 2232 sunt!)

2189 2161 2564 2230 επικλώμενδν
2589 2177 2645 2213 τε
2672 2163 2784 2226 τοῖς
2812 2162 3011 2216 πάθεσι
3033 2205 3051 2230 ,
3081 2164 3196 2228 καὶ,
3218 2163 3464 2232 Μεγάλη
3484 2178 3623 2226 σου,
3656 2162 3775 2214 Κύ-

499 2262 1041 2317 htereditutemsuam
1078 2258 1452 2313 Barbarorum
1485 2257 1878 2311 immanitatem
1923 2268 2079 2321 expe-

2189 2271 2309 2322 pts,
2376 2253 2827 2324 ὲπεϐόωνρμοῦ,
2890 2254 2963 2307 τὰ
3015 2253 3351 2323 θαυμάσια,
3406 2255 3505 2309 καὶ
3566 2254 3773 2320 οὐδεὶς

499 2358 599 2411 riri
643 2356 903 2423 permisit.
942 2354 1076 2408 Haec
1133 2360 1428 2423 perorante
1486 2357 1746 2419 martyre,
1796 2359 2081 2402 sacrorum

501 2450 734 2505 antistes
766 2447 1047 2501 Achilleus
1082 2445 1402 2500 miserantis
1427 2442 1595 2496 animi
1621 2442 1812 2495 dolore
1835 2437 2084 2502 fractus;

2187 2342 2397 2410 ἱκανὸς
2444 2345 2530 2410 είς
2582 2344 2828 2399 ἔννοιαν
2874 2344 3198 2413 ἀφικέσθαι
3261 2346 3374 2414 τῆς
3422 2344 3772 2413 οἰκονομίας

2190 2450 2329 2490 σου.

502 2551 575 2607 ct,
611 2539 808 2611 Magna
841 2549 957 2605 tua,
995 2540 1215 2597 Domine
1247 2536 1579 2610 (clamabant
1603 2533 1812 2604 ambo),
1850 2529 2145 2594 mirabilia,
2197 2546 2289 2584 nec
2325 2530 2507 2585 nullus
2562 2539 2663 2598 est,
2706 2532 2797 2600 qui
2863 2532 3073 2603 assequi
3118 2538 3286 2586 mente
3354 2530 3581 2600 suﬁiciat
3644 2546 3778 2601 pro-

502 2637 745 2693 sitientia:
778 2647 884 2689 tute
912 2634 1138 2687 consilia
1164 2633 1185 2685 ί

571 2731 627 2785 5.
668 2728 792 2783 Haec
820 2726 975 2781 Italis
1009 2725 1278 2779 immenso
1310 2722 1549 2793 quodam
1598 2732 1821 2791 stupore
1856 2733 2088 2775 cernen-

500 2822 672 2886 tibus,
705 2837 847 2875 unus
870 2819 996 2889 quis
1025 2818 1300 2874 submissa
1334 2831 1488 2884 voce,
1512 2815 1716 2871 Graeca:
1744 2815 1944 2884 linguae
1976 2826 2085 2867 non

505 2918 729 2985 ignarus
764 2931 777 2967 :
815 2912 919 2967 Sed
950 2928 1089 2966 nunc
1114 2927 1228 2981 age,
1255 2928 1284 2965 ο
1309 2911 1482 2976 miles,
1525 2909 1725 2980 inquit,
1748 2908 1856 2971 dic,
1880 2921 2078 2983 quaso,

502 3006 569 3062 de
591 3020 694 3076 qua
730 3004 839 3058 hazc
864 3003 1140 3073 loquimini
1188 3003 1402 3061 civitate
1422 3041 1437 3067 ,
1468 3018 1529 3055 ac
1554 3016 1797 3070 quamam
1836 2999 1933 3052 illa
1957 2998 2082 3051 urbs

2263 2724 2330 2785 γ’.
2370 2716 2493 2769 Τῶν
2510 2717 2569 2770 δὲ
2610 2717 2934 2772 Ἰταλιωτῶν
2970 2720 3141 2774 ταῦτα
3198 2720 3294 2775 σὺν
3333 2721 3593 2793 ἐκπλήξει
3626 2723 3772 2792 ἀμη-

2194 2810 2342 2879 χάνῳ
2372 2810 2934 2880 καταθεωρουμένων,
2967 2809 3047 2875 εἷς
3081 2830 3164 2876 τις
3202 2815 3386 2885 ἡρέμα
3422 2832 3537 2878 πως
3576 2814 3765 2886 Ἐλλη-

2189 2904 2343 2974 νικῆς
2362 2903 2578 2972 ὁμιλίας
2607 2904 2707 2956 οὐκ
2733 2904 3040 2975 ἀλλότριος,
3061 2905 3247 2971 Ἀλλ’,
3277 2908 3382 2976 dre
3401 2906 3500 2976 δὴ,
3520 2909 3697 2977 φησὶν,
3723 2902 3771 2958 ὦ

2190 2994 2543 3063 στρατιῶτα,
2578 2995 2709 3048 εἰπέ
2740 3012 2862 3064 μοι,
2888 2996 3021 3064 περὶ
3057 2999 3235 3063 ποίας
3264 2998 3451 3052 ταῦτα
3481 2998 3623 3068 ὑμῖν
3672 3000 3775 3052 λέ-

502 3113 618 3167 qua:
640 3095 903 3150 Barbaris
936 3094 1136 3148 tradita
1161 3096 1280 3149 est?
1310 3092 1409 3147 Cui
1450 3107 1681 3163 magnus
1724 3090 2033 3146 Demetrius
2067 3105 2081 3142 :

2192 3104 2353 3155 γεται
2385 3088 2638 3153 πόλεως,
2663 3086 2759 3141 καὶ
2784 3089 2876 3154 τίς
2914 3089 2951 3157 ἡ
2988 3089 3112 3156 τοῖς
3144 3089 3471 3158 Βαρϐάροις
3510 3090 3777 3159 παραδο-

508 3190 627 3244 Mea
684 3189 851 3256 ipsius
907 3187 1399 3256 infortunatissima
1468 3187 1655 3239 civitas
1714 3182 2082 3237 Thessalonica

505 3278 764 3333 Barbari:
820 3276 1023 3330 tradita
1070 3284 1168 3349 est.
1218 3276 1451 3353 Moxque
1484 3274 1667 3339 ambo,
1714 3281 1827 3327 tum
1874 3272 2087 3327 scilicet

505 3371 656 3442 gravi
682 3371 773 3423 illa
804 3376 965 3424 tetate
994 3384 1167 3423 senex
1205 3374 1318 3420 tum
1354 3382 1584 3437 magnus
1637 3354 1941 3420 Demetrius
1971 3362 2087 3416 dis-

509 3468 830 3533 paruerunt,
864 3476 965 3515 ucc
998 3461 1143 3514 ultra
1172 3462 1404 3515 comites
1436 3459 1516 3513 ire
1542 3458 1643 3513 visi
1679 3464 1830 3513 sunt.
1862 3456 1945 3509 illi
1982 3470 2087 3508 au-

508 3561 618 3606 tem
666 3565 918 3606 seorsum
965 3549 1209 3621 (idcirco
1251 3549 1397 3619 quod
1437 3548 1554 3602 Itali
1605 3546 1797 3616 erant)
1854 3544 2084 3600 alterum

508 3642 962 3715 sciscitabantur,
1001 3640 1134 3709 quid
1167 3642 1385 3717 tandem
1424 3655 1491 3695 ex
1537 3639 1646 3693 illis
1702 3637 1973 3705 audisset,
2024 3651 2088 3691 ac

509 3734 734 3803 quinam
773 3735 849 3787 illi
876 3740 1084 3795 esSent,
1105 3732 1199 3802 qui
1236 3732 1317 3787 sic
1352 3730 1567 3788 itineris
1597 3730 1732 3785 socii
1764 3730 1897 3800 ipsis
1919 3728 2088 3784 crsti-

517 3827 743 3879 tissenl.
772 3823 987 3889 Quibus
1020 3822 1109 3877 ille
1152 3821 1433 3876 admirans
1479 3835 1544 3874 ac
1598 3827 1826 3888 stupens
1873 3817 2089 3887 singula

510 3931 760 3984 narrare,
793 3916 1089 3986 utaguique
1124 3912 1383 3968 Demetrii
1438 3911 1843 3983 apparitionem
1880 3909 2092 3978 signiﬁ-

504 4025 659 4081 care,
692 4010 785 4081 qui
815 4018 869 4063 ct
919 4008 1107 4078 patriae
1139 4007 1281 4062 mala
1317 4006 1465 4062 clare
1517 4005 1870 4077 explicasset,
1904 4011 1958 4058 et
1989 4017 2088 4059 sua

512 4103 567 4156 in
602 4110 718 4157 tuto
750 4116 956 4173 ponere
988 4086 1397 4155 admonuisset.

583 4288 636 4342 ι.
673 4286 751 4341 Ne
781 4300 911 4342 vero
942 4284 1045 4355 ipsi
1076 4300 1295 4357 quoque
1327 4281 1583 4337 Barbaris
1608 4282 1790 4353 praeda
1813 4282 2089 4347 cederent,

512 4396 542 4433 a
576 4378 971 4434 Thessalonica
991 4376 1185 4446 procul
1205 4376 1584 4439 abscedentes,
1610 4360 1716 4429 non
1746 4376 1917 4429 multo
1944 4382 2089 4445 post,

511 4474 583 4528 ab
614 4473 682 4527 iis
722 4471 815 4539 qui
854 4469 1129 4523 excidium
1168 4467 1447 4539 fugerant,
1496 4483 1619 4538 quae
1652 4470 1707 4521 in
1742 4482 1806 4522 ea
1841 4467 2090 4537 contige-

515 4571 661 4620 rant.
703 4559 919 4628 singula
949 4574 1180 4629 quaeque
1224 4557 1489 4623 didicere,
1537 4557 1831 4629 palamque
1888 4557 2096 4612 intelle-

514 4669 665 4720 xere,
693 4668 946 4722 magnum
981 4653 1132 4705 illum
1162 4652 1493 4706 Demetrium
1520 4650 1713 4714 fuisse,
1744 4651 1835 4721 qui
1856 4650 2093 4720 patriam

418 4770 421 4773 ·
514 4747 876 4809 deseruisset,
910 4744 1141 4815 ejusque
1166 4743 1342 4819 clade,
1377 4744 1583 4812 ingenti
1634 4744 1881 4813 dejectus
1922 4742 2094 4797 tristi-

516 4840 588 4892 tia
615 4848 783 4900 esset,
813 4839 1144 4908 graviusque
1173 4838 1350 4906 ipsius
1383 4837 1543 4893 malis
1567 4837 1794 4891 doleret.
1833 4835 1891 4889 lu
1919 4836 2092 4905 ipsam

515 4940 695 4983 autem
741 4931 947 4998 regiam
980 4929 1174 4982 urbem
1208 4927 1446 4995 reducti,
1501 4944 1798 4983 narravere
1832 4944 2095 4999 quaecun-

514 5034 619 5086 que
652 5017 828 5071 oculis
882 5018 1155 5083 viderant,
1203 5018 1575 5088 martyrisque
1624 5020 1815 5088 patria:
1863 5018 2095 5071 misera-

510 5112 720 5167 tionem
758 5125 819 5162 ac
870 5111 1182 5180 impensum
1214 5109 1419 5163 civium
1453 5124 1696 5163 amorem
1732 5122 2041 5177 exposuere
2074 5122 2091 5161 :

514 5216 624 5269 quo
658 5216 805 5254 nunc
838 5202 1001 5253 etiam
1026 5200 1281 5270 prmaidio
1296 5200 1503 5254 munita
1528 5215 1591 5255 ac
1622 5200 1941 5254 muneribus
1961 5198 2091 5263 fota,

515 5294 636 5362 ipso
698 5292 871 5347 altero
904 5293 1026 5363 ejus
1089 5291 1378 5348 conditore
1409 5308 1471 5347 ac
1492 5301 1767 5359 curatore,
1800 5292 2091 5362 prisﬁnam

515 5383 828 5438 felicitatem
882 5385 1113 5454 recepit.
1174 5384 1279 5441 Hic
1331 5401 1570 5456 namque
1599 5384 1899 5439 etiamnum
1943 5384 2093 5438 velut

514 5476 811 5531 infractum
855 5477 1189 5547 ﬁrmumque
1247 5478 1589 5547 praesidium,
1624 5477 2091 5545 ncquissimorum

513 5565 839 5637 Scytharum
893 5567 1103 5623 inhibet
1150 5568 1429 5639 impetum,
1484 5568 1963 5639 inexpugnabilem
2012 5565 2093 5621 eis

513 5659 813 5724 dexteram,
865 5673 1080 5712 murum
1120 5660 1406 5729 objiciens,
1448 5677 1715 5732 suamque
1733 5662 2008 5716 civitatem
2028 5673 2093 5713 ac

517 5744 745 5812 patriam
769 5746 1369 5807 ahilloruminvasioue
1391 5753 1738 5819 incolumem,
1776 5752 1953 5822 iisque
1992 5766 2088 5811 su—

519 5835 816 5903 periorem,
852 5848 1137 5907 praestans.

2123 4440 2170 4496 D

2190 3177 2407 3242 θεῖσα’;
2440 3178 2551 3231 Καὶ
2595 3181 2623 3230 ὁ
2678 3179 2851 3249 μέγας
2899 3182 3227 3251 Δημήτριος.
3275 3183 3338 3238 Ἠ
3389 3182 3527 3253 ἐμὴ,
3579 3182 3778 3253 ἔφησε,

2188 3268 2651 3341 δυστυχεστάτη
2686 3272 2897 3340 πατρὶς
2922 3276 2960 3342 ἡ
2991 3276 3433 3344 Θεσσαλονίκη,
3465 3276 3589 3342 τοῖς
3620 3279 3780 3345 Βαρ-

2190 3363 2389 3430 ϐάροις
2443 3360 2683 3431 ἐγένετο
2714 3362 2981 3429 ἔκδοτος.
3024 3366 3136 3419 Καὶ
3166 3367 3362 3419 αὐτίκα
3427 3369 3475 3421 οἱ
3513 3368 3632 3437 μὲν,
3662 3370 3691 3423 ὅ
3718 3387 3780 3423 τε

2190 3453 2435 3524 πρέσϐυς
2460 3453 2553 3505 καὶ
2584 3453 2610 3504 6
2657 3452 2829 3523 μέγας
2872 3457 3202 3527 Δημήτριος,
3252 3457 3440 3511 οὐκέτι
3486 3461 3600 3523 τοῖς
3647 3478 3782 3513 συν-

2191 3544 2492 3615 οδοιπόροις
2551 3545 3025 3619 κατεθεωροῦντοο
3080 3549 3237 3602 αὐτοὶ
3292 3550 3345 3603 δὲ
3391 3552 3532 3605 κατά
3584 3555 3781 3623 μόνας,

2192 3638 2425 3710 ἐπείπερ
2455 3639 2502 3691 oi
2555 3637 2854 3692 Ἰταλιῶται
2892 3638 3166 3708 ἐγένοντο,
3195 3642 3287 3694 τοῦ
3330 3644 3517 3715 ἐτέρου
3552 3645 3783 3698 διεπυιιη

2193 3731 2439 3795 θάνοντο,
2474 3731 2528 3782 τί
2572 3748 2700 3783 ποτε
2739 3731 2847 3800 ἄρα
2886 3734 3023 3805 πρὸς
3067 3734 3293 3789 ἐκείνων
3328 3738 3614 3807 διήκουσε·
3684 3743 3785 3794 καὶ

2192 3823 2386 3885 οἵτινες
2406 3822 2454 3874 οἱ
2486 3822 3019 3893 συνωδοιπορηκότες
3048 3822 3175 3882 εἷεν.
3219 3828 3276 3881 '0
3310 3830 3365 3882 δὲ
3396 3832 3491 3883 σὺν
3536 3831 3784 3903 θαύματι

2192 3913 2287 3968 καὶ
2329 3912 2589 3984 ἐκπλήξει
2616 3915 2824 3969 ἕκαστα
2851 3917 3111 3989 διηγεῖτο,
3145 3919 3241 3974 καὶ
3283 3922 3383 3993 τὴν
3412 3922 3503 3975 τοῦ
3540 3926 3785 3995 μεγαλο-

2196 4006 2478 4078 μάρτυρος
2543 4007 2735 4078 ἐδήλου
2806 4010 3148 4079 ἐπιφάνειαν,
3198 4013 3266 4066 τά
3292 4030 3350 4067 τε
3385 4014 3485 4084 τῆς
3512 4017 3784 4087 πατρίδος

2193 4099 2338 4155 δεινά
2364 4103 2822 4175 διασαφήσαντας,
2857 4104 2951 4156 καὶ
2984 4105 3050 4158 τὰ
3074 4104 3193 4157 κατ’
3222 4106 3417 4169 αὐτοὺς
3453 4109 3510 4160 ἐν
3543 4108 3787 4177 ἀσφαλεῖ

2196 4193 2387 4248 θέσθαι
2418 4196 2879 4268 διασημήναντες.

2265 4282 2329 4338 δ’.
2372 4286 2460 4347 Ὠς
2502 4282 2595 4338 οὖν
2638 4286 2692 4338 δὲ
2728 4286 2803 4355 μὴ
2834 4286 3076 4355 λάφυρον
3112 4288 3204 4339 καὶ
3238 4287 3391 4341 αὐτοὶ
3429 4288 3535 4342 τῶν
3565 4288 3783 4359 ἐχθρῶν

2198 4376 2483 4443 γένωνται,
2500 4378 2689 4449 πόρρω
2708 4378 2936 4440 ἑαυτοὺς
2954 4377 3357 4451 Θεσσαλονίκης
3372 4382 3780 4449 ἀπαγαγόντες,

2199 4468 2258 4520 οὐ
2293 4467 2430 4537 μετά
2457 4470 2653 4539 μικρὸν
2682 4468 2835 4539 παρὰ
2868 4469 2977 4521 τῶν
3007 4468 3340 4535 διαδράντων
3363 4472 3570 4525 ἕκαστά
3592 4490 3649 4525 τε
3670 4473 3784 4526 τῶν

2199 4561 2583 4631 γεγενημένων
2614 4562 2939 4631 κατήκουον,
2970 4560 3066 4615 καὶ¹
3112 4561 3356 4631 συνῆκαν
3403 4564 3453 4615 oi
3500 4563 3783 4635 ἄνθρωποι

2200 4653 2469 4723 ἐναργῶς,
2502 4652 2577 4716 ὡς
2620 4655 2647 4707 6
2680 4657 2853 4725 μέγας
2903 4656 3112 4719 ἐκεῖνος
3137 4656 3449 4727 Δημήτριος
3481 4654 3783 4725 ἐτύγχανεν

2199 4742 2295 4809 ὢν,
2324 4744 2424 4812 τῆς
2457 4745 2715 4814 πατρίδος
2748 4746 3088 4812 ἀπαναστὰς,
3123 4747 3214 4798 ἐπὶ
3244 4748 3355 4809 τοῖς
3384 4745 3625 4817 συμὸἆσι
3655 4763 3788 4799 σκιε-

2201 4835 2508 4905 θρωπάζων
2534 4837 2628 4889 καὶ
2655 4835 2976 4907 ἀνιώμενος.
3024 4838 3118 4901 El;
3162 4838 3333 4906 αὐτὴν
3380 4836 3437 4889 δὲ
3483 4838 3583 4907 τὴν
3625 4836 3789 4909 βασι-

2198 4924 2462 4977 λεύουσαν
2504 4927 2857 4997 ἀναχθέντες,
2907 4929 3009 4981 ὅσα
3060 4944 3120 4979 τε
3180 4928 3376 4991 αὑταῖς
3432 4924 3574 4981 εἶδον
3621 4929 3784 4997 ὄψεσι

2203 5015 2589 5085 περιηγοῦντο,
2626 5017 2718 5069 καὶ
2777 5017 2876 5087 τὴν
2905 5015 3000 5069 τοῦ
3032 5016 3309 5089 μάρτυρος
3341 5018 3435 5071 ἐπὶ
3461 5020 3526 5089 τῇ
3557 5018 3781 5089 πατρίδι

2200 5106 2547 5175 συμπάθειαν
2570 5124 2582 5137 ·
2609 5109 2782 5162 καὶτὸ
2810 5108 2999 5163 τούτου
3035 5110 3328 5181 φιλόπατρι
3355 5111 3448 5164 καὶ
3486 5110 3785 5179 φιλοίκειον

2200 5199 2605 5287 ἐπεδείκνυντο,
2637 5200 2728 5269 ὑφ’
2777 5194 2837 5254 οὗ
2892 5201 2988 5254 καὶ
3035 5201 3130 5256 νῦν
3186 5201 3265 5255 ἔτι
3326 5203 3784 5273 περιφρουρεῖταί

2196 5307 2256 5344 τε
2283 5292 2373 5343 καὶ
2408 5291 2825 5362 περιθάλπεται,
2861 5295 2955 5348 καὶ
3011 5294 3103 5348 ἐπὶ
3133 5295 3233 5365 τῆς
3286 5296 3564 5366 προτέρας
3596 5296 3782 5350 εὐδαιο

2202 5382 2391 5453 μονίας
2444 5381 2537 5435 ὑπ’
2582 5384 2776 5455 ἐκείνῳ
2829 5384 3068 5456 δευτέρῳ
3141 5386 3333 5457 πολίτῃ
3375 5386 3469 5438 καὶ
3520 5387 3783 5456 κηδεμόνι

2198 5477 2523 5548 ἀνέδραμεν.
2557 5472 2727 5540 Οὗτος
2752 5478 2846 5531 καὶ
2866 5477 2996 5548 γὰρ,
3023 5472 3110 5531 οἷά
3133 5495 3215 5541 τις
3235 5478 3458 5546 ἀκλινὴς
3488 5477 3781 5545 περίϐολος

2197 5571 2291 5623 καὶ
2346 5570 2607 5642 στερρὸς,
2646 5569 2743 5634 τὰς
2796 5570 2904 5623 τῶν
2952 5570 3248 5641 ἀλιτηρίων
3298 5568 3521 5623 Σκυθῶν
3555 5569 3635 5622 ἔτι
3677 5569 3774 5621 καὶ

2168 5661 2292 5731 ,νῦν
2335 5662 2519 5733 ἐπέχει
2570 5664 2769 5735 ὁρμὰς,
2827 5664 2927 5733 τὴν
2954 5664 3167 5734 ἄμαχον
3200 5665 3383 5726 αὐτοῖς
3424 5661 3776 5731 έπιτειχίζων

2199 5754 2401 5821 δεξιὰν,
2438 5757 2532 5809 καὶ
2556 5757 2834 5829 ἁνωτέραν
2858 5756 2954 5811 τὶν
2981 5756 3172 5811 ἑαυτοῦ
3200 5755 3299 5827 τῆς
3328 5756 3553 5810 ἐκείνων
3580 5754 3777 5809 διασώ·

2199 5846 2306 5909 ζων
2329 5846 2651 5917 ἐπιδρομῆς.
