4136 6422
342 356 457 417 595

1422 353 1522 412 DE
1563 349 1882 410 EXCIDIO
1909 348 2531 411 THESSALONICHE.

3540 351 3646 415 526

3238 505 3465 515 -α--ιι-σ-ί

3476 504 3627 517 m

348 497 3631 531 mm

352 501 1149 512 *συ-*φυῇ*

733 694 1237 784 ΙΩΑΝΝΟΥ
1316 693 1907 781 ΚΛΗΡΙΚΟΥ
1981 682 2173 780 ΚΑΙ
2254 691 3257 785 ΚΟΥΒΟΥΚΛΕΙΣΙΟΥ

1690 878 1828 933 ΤΟΥ
1854 875 2321 932 ΚᾹΜΕΝΙΛΤΟΥ

1307 1040 1437 1095 ΕΙΣ
1476 1040 1615 1097 MN
1643 1038 1916 1094 ΑΛΩΣΙΝ
1948 1039 2080 1093 ῚΗΣ
2111 1039 2689 1097 ΘΕΣΣΑΛΟΝΙΚΗΣ.

1171 1383 1794 1477 JOANNIS
1931 1348 2807 1479 CAMENIATJE

1594 1600 1833 1645 CLERKH

1904 1600 1983 1645 AC
2063 1597 2404 1646 CAPELLAN!

1318 1765 1435 1825 DE
1478 1760 1851 1826 EXCIDIO
1894 1760 2713 1829 THESSALONICENSI.

416 2089 508 2164 [P.
544 2088 677 2162 517]
716 2096 787 2144 α’.
834 2088 923 2155 Ὣς
946 2091 1146 2163 ἀρίστη
1182 2089 1293 2145 τῶν
1349 2087 1576 2158 ἀγαθῶν
1622 2090 1657 2160 ὴ
1719 2089 1944 2160 φιλοπο-

2120 2082 2485 2160 486-487
2530 2087 2578 2140 l.
2616 2086 2790 2151 Quam
2819 2086 3090 2156 optimum
3123 2095 3209 2142 cst
3243 2100 3430 2143 rerum
3454 2087 3650 2142 lauda-

344 2183 457 2247 νῖα,
475 2184 572 2235 καὶ
603 2183 788 2254 πάσης
818 2183 1020 2254 ἀρετῆς
1047 2185 1243 2255 κτῆσιν
1273 2183 1330 2235 ὲν
1356 2183 1527 2253 ἑαυτῇ
1551 2180 1941 2253 μαρτυροῦσαι

347 2272 449 2326 Σοῦ
482 2273 543 2326 δὲ
585 2273 731 2343 μετά
774 2274 886 2327 τῶν
941 2276 1117 2329 ἄλλων
1170 2273 1671 2345 πλεονεκτημάτων
1720 2272 1946 2345 ἔκδηλον

344 2366 440 2419 καὶ
462 2367 526 2418 ἐν
557 2365 735 2435 τούτῳ
761 2366 1073 2438 καθέστηκε
1099 2368 1143 2400 ⁸⁸
1176 2367 1237 2421 τὸ
1267 2368 1581 2436 φιλόπονον,
1626 2358 1671 2420 ὦ
1732 2366 1947 2438 ἀνδρῶν

346 2458 593 2529 βέλτιστε
634 2460 730 2515 καὶ
755 2460 1208 2532 πολυμαθέστατε
1235 2462 1532 2532 Γρηγόριε,
1565 2454 1648 2525 οἷς
1690 2479 1749 2514 τε
1808 2460 1946 2531 πρὸς

345 2554 497 2624 ἡμᾶς
535 2554 772 2626 γράφεις
810 2555 908 2609 καὶ
955 2549 1038 2619 οἷς
1089 2555 1220 2627 παρ’
1270 2555 1453 2625 ἡμῶν“
1502 2554 1783 2627 ἐπιζητεῖς
1853 2554 1946 2608 διὰ

342 2648 698 2718 γραμμάτων
727 2648 940 2718 μαθεῖν.
973 2648 1087 2701 Οὐκ
1127 2648 1318 2719 ὀλίγης
1348 2647 1458 2721 γὰρ
1494 2648 1700 2719 ἀρετῆς
1730 2648 1824 2701 καὶ
1852 2666 1944 2717 φι-

342 2739 577 2793 λοπόνου
610 2740 851 2810 σπουδῆς
904 2740 1166 2806 ἐπίδειξιν
1205 2740 1320 2813 ἔχει
1367 2740 1431 2794 τὸ
1467 2741 1678 2794 πολλῶν
1741 2740 1945 2793 ἐθέλειν

340 2829 636 2899 εἰληφέναι
664 2832 1009 2902 πραγμάτων
1046 2831 1273 2900 γνῶσιν,
1308 2830 1390 2903 [Ρ.
1424 2831 1554 2897 ⁵518]
1582 2833 1678 2886 καὶ
1707 2832 1943 2904 μάλιστα

338 2923 413 2976 δι’
459 2918 537 2977 ὧν
588 2923 623 2994 ἡ
689 2924 838 2996 ψυχὴ
869 2926 959 2978 τὸν
983 2923 1125 2978 θεῖον
1171 2924 1334 2994 φόϐον
1367 2926 1666 2995 ὲγκυμονεῖ
1710 2918 1945 2978 καὶοῗον

339 3014 630 3085 χρειώδεις
662 3016 815 3078 τινὰς
846 3015 1105 3087 ἀφορμὰς
1136 3018 1202 3069 ὲκ
1237 3015 1430 3070 τούτου
1475 3017 1555 3086 τῷ
1622 3014 1945 3087 θεωρητικῷ

341 3108 507 3177 μέρει
536 3108 634 3161 τοῦ
660 3108 781 3173 νοὸς
802 3108 1115 3179 ἐμϐιϐάζει,
1146 3108 1208 3175 ἐξ
1258 3102 1334 3163 ὧν
1372 3109 1685 3164 διδάσκεται
1714 3108 1812 3179 τῆς
1845 3106 1944 3179 μὲν

339 3201 629 3272 ἁμαρτίας
668 3200 939 3256 ἐκκλίνειν
1001 3202 1079 3267 ὡς
1133 3202 1474 3274 δημιουργοῦ
1526 3202 1623 3256 τοῦ
1683 3203 1940 3265 θανάτου,

336 3294 565 3365 ἔχεσθαι
594 3296 651 3348 δὲ
681 3296 781 3366 τῆς
810 3296 1035 3367 ἀρετῆς,
1064 3291 1132 3370 ἦς
1169 3298 1231 3351 τὸ
1252 3297 1404 3361 τέλος
1432 3296 1546 3368 ζωὴ
1580 3296 1798 3361 αἰώνιος
1831 3297 1945 3359 τοῖς

336 3388 695 3460 αἱρουμένοις
719 3390 913 3459 αὑτήν.
951 3388 1096 3459 Ἐγὼ
1144 3391 1201 3443 δὲ
1234 3390 1335 3461 τὴν
1384 3390 1656 3462 ἐπιταγὴν
1716 3390 1943 3462 πληρώ-

340 3498 454 3533 σειν
489 3479 895 3534 ἀναϐἁλλεσθαι
921 3480 965 3511 ’⁸
990 3480 1132 3545 τέως
1166 3481 1385 3536 ἐδόκουν
1425 3483 1574 3537 δυοῖν
1612 3484 1824 3550 ἕνεκεν,
1880 3486 1941 3539 τό

337 3591 397 3628 τε
429 3574 573 3645 πρὸς
612 3574 673 3627 σὲ
702 3573 832 3643 περὶ
862 3572 1122 3628 τοιούτων
1152 3574 1387 3645 γράφειν
1418 3575 1663 3646 ἐπαχθὲς
1709 3578 1938 3648 κρίνων,

334 3669 511 3739 ἄνδρα
532 3664 815 3734 τοσοῦτον,
846 3662 907 3722 οῦ
929 3667 1077 3737 λόγοι
1113 3668 1214 3740 μὲν
1242 3668 1343 3731 τὰς
1388 3668 1624 3739 πράξεις
1673 3668 1939 3735 ίθὺνουσι,

338 3758 577 3831 πράξεις
606 3761 661 3813 δὲ
694 3759 1087 3831 συμφωνοῦσαι
1114 3762 1229 3825 τοῖς
1250 3760 1429 3829 λόγοις
1460 3760 1523 3814 τὸ
1563 3760 1791 3832 ἀκριϐὲς
1843 3762 1941 3815 ἀλ-

340 3855 528 3923 λήλοις
556 3853 922 3907 ἀντιδιδόασιν
963 3853 1088 3925 (ἤδη
1115 3852 1229 3924 γὰρ
1260 3854 1293 3925 ἡ
1319 3854 1480 3925 φήμη
1542 3853 1643 3925 βοᾷ
1690 3853 1788 3925 τὴν
1840 3854 1941 3928 σὴν

353 3947 414 4000 ἓν
436 3947 601 3999 ’ἅπασι
624 3944 967 4015 τελειότητα,
1021 3946 1118 3999 καὶ
1152 3944 1434 3999 σιωπῶντι
1474 3946 1598 4009 ταῖς
1638 3946 1940 4017 ἡμετέραις

351 4033 641 4103 ἐγνώρισεν
674 4034 916 4106 ἀκοαῖς),
949 4033 1134 4089 καὶ’τδ
1167 4034 1243 4106 μὴ
1271 4033 1539 4089 δύνασθαι
1572 4035 1706 4103 περὶ
1734 4028 1811 4089 ὧν
1840 4037 1940 4109 τὴν

350 4124 581 4196 ζήτησιν
615 4124 865 4195 ἐποιήσω
895 4125 1079 4188 καλῶς
1123 4125 1523 4196 ἐξηγήσασθαι,
1576 4127 1677 4198 τὴν
1729 4128 1940 4183 οἰκείαν

334 4215 585 4285 ἀμαθίαν
617 4217 694 4279 ὡς
726 4216 1091 4289 εὐπρόσωπον
1138 4218 1579 4290 προϐαλλόμενος
1616 4219 1937 4290 ἀπολογίαν,

330 4306 482 4359 ὥστε
520 4297 598 4377 μὴ
631 4307 965 4379 καθυϐρίσαι
1022 4308 1161 4380 μηδὲ
1213 4310 1514 4381 σμικρῦναι
1567 4311 1647 4383 τῷ
1700 4312 1846 4383 λόγῳ
1878 4314 1940 4367 τὸ

332 4399 647 4470 περιφανὲς
676 4399 789 4453 τῶν
846 4399 1000 4472 παρά
1037 4401 1134 4455 σοῦ
1173 4401 1524 4475 ζητηθέντων
1568 4405 1936 4477 πραγμάτων,

332 4490 433 4543 καὶ
473 4490 826 4561 πραγμάτων
870 4492 1097 4547 ἐκείνων
1161 4495 1272 4547 τῶν
1317 4496 1517 4568 μικροῦ
1557 4496 1669 4552 δεῖν
1717 4498 1939 4553 ἃπασαν

329 4584 754 4655 πληρωσάντων
781 4588 847 4659 τῇ
880 4588 1019 4659 ἀκοῇ
1046 4588 1147 4656 τὴν
1179 4587 1269 4657 ὑφ’
1300 4588 1470 4658 ἥλιον.
1544 4589 1685 4643 Ἀλλ’
1748 4589 1938 4663 ἐπειδὴ

330 4680 434 4734 καὶ
464 4679 628 4734 τοῦτό
656 4697 746 4749 μοι
786 4682 924 4752 μετὰ
962 4680 1074 4735 τῶν
1100 4681 1201 4752 ἤδη
1233 4681 1537 4751 λεχθέντων
1592 4681 1823 4753 ἐπῆλθε,
1860 4683 1938 4756 μὴ

2054 2187 2232 2234 tarum
2260 2181 2529 2241 studium,
2560 2192 2893 2248 omnemque
2922 2177 3025 2233 sibi
3063 2178 3350 2234 vindicare
3380 2178 3641 2234 virtutem

2052 2271 2262 2342 liquido
2295 2277 2663 2326 monstratur.
2697 2270 2877 2325 Tuum
2910 2284 3043 2326 vero
3085 2284 3212 2326 cum
3253 2270 3398 2337 aliis,
3432 2271 3646 2341 quibus

2051 2364 2346 2435 magniﬁce
2375 2374 2629 2433 praestas,
2659 2362 2745 2417 vir
2767 2361 2974 2432 optime
3006 2378 3069 2417 ac
3101 2363 3478 2419 eruditissime
3507 2363 3647 2418 Grc-

2052 2456 2193 2527 gori,
2224 2454 2449 2511 dotibus
2498 2471 2561 2511 ea
2597 2470 2823 2526 quoque
2864 2457 3080 2511 ratione
3136 2455 3487 2512 manifestum
3525 2465 3648 2512 stu—

2050 2546 2203 2601 dium
2260 2557 2346 2602 est
2404 2556 2567 2617 atque
2601 2560 2790 2616 opera,
2824 2554 2939 2600 tum
2980 2547 3123 2616 quod
3156 2547 3225 2601 ad
3262 2563 3362 2605 nos
3421 2548 3643 2613 scribis,

2051 2644 2165 2691 tum
2194 2637 2345 2708 quod
2377 2652 2475 2707 per
2506 2636 2723 2692 litteras
2756 2650 2787 2689 a
2816 2635 2980 2690 nobis
3006 2635 3183 2692 dehis
3204 2636 3393 2691 doceri
3421 2636 3643 2708 quaeris.

2050 2729 2171 2784 Non
2204 2730 2352 2785 enim
2392 2728 2611 2800 pusillae
2655 2728 2880 2782 virtutis
2925 2734 3033 2792 est,
3073 2728 3407 2799 solertlsque
3462 2743 3646 2799 operae

2051 2821 2323 2876 indicium
2360 2821 2547 2887 habet,
2583 2820 2885 2875 multarum
2920 2835 3104 2875 rerum
3127 2821 3501 2891 cognitionem
3537 2822 3643 2876 sibi

2049 2913 2411 2984 conquirere,
2448 2927 2513 2967 ac
2547 2911 2898 2982 potissimum
2938 2912 2982 2967 si
3015 2927 3113 2983 per
3145 2911 3268 2968 illas
3300 2913 3517 2969 animus
3546 2913 3641 2969 Dei

2048 3006 2308 3061 timerent
2361 3006 2644 3075 concipit,
2699 3003 2940 3075 indeque
2999 3004 3153 3059 velut
3198 3013 3645 3076 peropportunas

2048 3098 2315 3169 quasdam
2344 3097 2669 3153 occasiones
2700 3097 2844 3167 parti
2889 3097 3113 3164 mentis,
3154 3097 3325 3169 488
3366 3099 3527 3169 cujus
3557 3110 3643 3155 est

2049 3189 2372 3261 speculandi
2411 3189 2518 3254 vis,
2556 3188 2828 3253 innectit;
2887 3188 3091 3259 quibus
3134 3203 3165 3242 a
3216 3198 3466 3260 peccato,
3516 3198 3643 3245 tan-

2048 3299 2213 3354 quam
2252 3283 2449 3338 mortis
2499 3294 2760 3349 anetore,
2809 3282 3090 3338 declinare
3125 3282 3436 3351 condiscit,
3476 3293 3643 3355 atque

2048 3376 2236 3432 virtuti
2269 3376 2612 3440 incumbere,
2640 3375 2801 3446 cujus
2848 3374 2974 3430 linis
3014 3376 3129 3431 vita
3163 3384 3390 3445 aeterna,
3421 3377 3510 3434 his
3546 3381 3640 3449 qui

2046 3483 2167 3523 eam
2192 3469 2580 3538 amplexantur
2614 3476 2781 3538 atque
2808 3466 3073 3539 diligunt,
3098 3472 3190 3525 sit.
3216 3468 3514 3526 Enimvero
3538 3486 3642 3543 ego

2045 3562 2338 3628 hactenus,
2372 3562 2519 3632 quod
2554 3561 2751 3631 jussus
2778 3575 2954 3626 cram,
2987 3561 3193 3632 duplici
3233 3576 3302 3618 ex
3331 3578 3500 3621 causa
3532 3567 3641 3621 dif-

2046 3654 2194 3711 ferre
2224 3654 2471 3720 videbar,
2508 3661 2625 3708 tum
2664 3652 2931 3707 nimirum
2969 3654 3114 3726 quod
3162 3656 3457 3712 molestum
3488 3658 3640 3728 judi-

2044 3748 2234 3803 cabant
2271 3748 2337 3802 ad
2401 3757 2453 3803 te
2502 3747 2772 3814 scribere,
2801 3749 2982 3804 virum
3032 3757 3276 3817 tantum,
3308 3752 3470 3823 cujus
3523 3770 3640 3810 scr-

2045 3856 2239 3896 mones
2275 3841 2524 3898 actiones
2573 3841 2845 3914 dirigunt,
2892 3852 2947 3898 et
2996 3845 3247 3901 actiones
3289 3847 3639 3903 sermonibus

2044 3937 2347 3991 concordes
2380 3936 2484 3990 sibi
2529 3945 2724 3991 mutuo
2756 3945 3025 4005 praestant
3070 3938 3216 4008 quod
3250 3940 3551 4008 perrectum
3584 3952 3638 3995 et

2043 4036 2296 4084 exactum
2342 4038 2423 4082 est
2461 4028 2593 4097 (jam
2642 4029 2786 4082 enim
2830 4026 2975 4083 fama
3032 4037 3184 4082 tuam
3240 4032 3635 4103 perfectionem

2044 4121 2264 4176 cunctis
2292 4121 2518 4185 clamat,
2569 4130 2622 4175 et
2675 4120 2804 4174 licet
2847 4121 2966 4190 ipse
3017 4128 3224 4187 taceas,
3272 4123 3479 4179 nostris
3515 4139 3635 4179 can-

2047 4214 2235 4268 intnlit
2277 4213 2555 4283 auribus),
2607 4214 2720 4266 tum
2755 4212 2935 4283 quod,
2986 4211 3056 4267 de
3104 4214 3308 4283 quibus
3342 4216 3633 4284 quaesiisti,

2044 4323 2150 4363 non
2181 4323 2250 4363 ex
2292 4322 2351 4361 re
2397 4306 2536 4361 satis
2570 4305 2851 4361 disserere
2885 4305 3123 4371 valeam,
3152 4308 3247 4377 qui
3304 4324 3479 4363 meam
3517 4311 3635 4379 ipso

2044 4403 2320 4459 inscitiam
2355 4402 2499 4456 velut
2531 4401 2952 4457 convenientem
2988 4400 3401 4458 excusationem
3436 4406 3634 4459 obten-

2042 4501 2188 4561 dam,
2214 4516 2285 4553 ne
2309 4514 2448 4569 pene
2474 4498 2684 4554 violare
2707 4498 2920 4564 videar,
2945 4513 3254 4570 earumque
3277 4516 3461 4556 rerum
3493 4518 3631 4574 quas

2041 4608 2109 4646 ex
2148 4607 2233 4647 me
2282 4590 2591 4646 sciscitaris
2639 4590 2990 4661 splendorem
3045 4592 3401 4661 imminuam,
3448 4612 3631 4653 rerum

2042 4683 2253 4739 scilicet
2301 4680 2573 4751 ejusmodi
2611 4690 2672 4736 ut
2713 4682 2900 4737 auditu
2934 4691 3101 4753 atque
3146 4699 3370 4741 rumore
3410 4701 3629 4742 omnem

331 4774 477 4846 πρὸς
510 4777 626 4839 τοῖς
658 4774 841 4838 ἄλλοις
866 4774 1147 4846 ὀφλήμασι
1190 4774 1288 4828 καὶ
1336 4774 1626 4846 παρακοῆς
1692 4776 1935 4847 ἀπαιτη-

2044 4791 2214 4846 prope
2245 4783 2520 4829 terrarum
2569 4773 2759 4829 orbem
2822 4773 3176 4845 repleverint.
3236 4777 3629 4835 Verumtamen

330 4866 493 4938 θείην
543 4866 723 4932 δίκας,
784 4864 957 4922 τᾶλλα
999 4868 1100 4939 μὲν
1152 4868 1315 4938 φύσει
1366 4868 1541 4924 δεινοῦ
1592 4868 1800 4935 πάθους
1833 4874 1928 4926 καὶ

2044 4884 2164 4923 cum
2211 4867 2265 4922 id
2302 4882 2520 4938 quoque
2575 4865 2731 4933 mihi,
2766 4881 2890 4921 cum
2927 4867 2993 4923 iis
3034 4883 3158 4938 quas
3191 4868 3340 4924 dicta
3389 4880 3541 4938 sunt,
3578 4874 3629 4926 in

327 4960 606 5032 ὀλεθρίου,
632 4960 727 5014 καὶ
756 4960 923 5016 αὐτοῦ
948 4962 1008 5016 δὲ
1044 4961 1140 5015 τοῦ
1167 4962 1314 5016 θείου
1339 4962 1507 5032 νόμου
1528 4965 1930 5035 περιφρονῆσαι

324 5054 461 5117 τοὺς
516 5053 786 5125 γενάρχας
815 5054 976 5126 ἡμῶν
1031 5054 1088 5122 ἒξ
1142 5055 1320 5126 ἀρχῆς
1363 5057 1778 5123 ἀναπείσαντος,
1807 5058 1929 5130 ἥκω

327 5147 646 5219 πληρώσων
678 5148 741 5200 τὸ
768 5147 1015 5219 αἰτηθὲν,
1053 5150 1120 5220 τῇ
1165 5150 1232 5219 σῇ
1282 5147 1570 5221 θαρρήσας
1619 5149 1926 5221 εὐγνώμονι

325 5239 427 5291 καὶ
461 5232 897 5311 συμπαθεστάτῃ
923 5240 1099 5311 φιλίᾳ.
1139 5238 1338 5312 Εὗγὰρ
1369 5237 1489 5295 οἶδα
1516 5242 1656 5312 μήτε
1687 5246 1809 5305 ταῖς
1833 5244 1927 5296 σοῦ

324 5332 615 5399 τεχνικαῖς
653 5330 899 5400 μεθόδοις
925 5331 993 5397 ³⁷,
1029 5334 1169 5403 μήτε
1199 5333 1306 5405 μὴν
1329 5335 1450 5398 ταῖς
1470 5334 1666 5406 ὲπιστη
1678 5338 1929 5406 μονικαῑς

323 5424 628 5494 τρυτάναις
662 5424 763 5495 τῆς
789 5425 890 5494 σῆς
915 5425 1269 5496 ἀκραιφνοῦς
1303 5428 1401 5481 καὶ
1444 5427 1688 5498 μεγάλης
1735 5428 1930 5498 σοφίας

320 5516 393 5569 τὸ
445 5514 683 5582 ἀκαλλὲς
726 5515 824 5569 τοῦ
872 5519 1001 5590 τῇδε
1028 5517 1195 5589 λόγου
1246 5520 1345 5574 καὶ¹
1368 5520 1717 5593 ἀνάρμοστον
1748 5521 1781 5591 ἢ
1816 5523 1927 5574 τῶν

323 5608 644 5678 λεγομένων
669 5607 762 5661 τὸν
784 5607 909 5662 νοῦν
932 5610 1460 5680 ἀποδοκιμάζεσθαι,
1488 5611 1669 5683 ἀληθῆ
1707 5611 1765 5665 δὲ
1797 5614 1928 5682 μᾶλ-

2038 4968 2275 5016 mentem
2336 4960 2571 5024 veniret,
2604 4975 2672 5015 ne
2725 4968 2924 5029 praeter
2960 4961 3067 5015 alia
3107 4959 3293 5016 debita
3344 4962 3510 5018 etiam
3547 4965 3631 5017 in.

2036 5052 2363 5108 ohedientite
2417 5052 2693 5108 obnoxius
2755 5053 2961 5115 ﬁerem,
3022 5052 3154 5107 dirzc
3204 5054 3410 5125 alioqui
3465 5066 3629 5127 atque

2038 5145 2217 5202 noxiae
2266 5152 2461 5215 suapte
2520 5145 2706 5201 indole
2752 5144 3097 5216 aegritudinis
3126 5144 3376 5215 vitiique,
3411 5161 3522 5216 quo
3573 5158 3627 5201 ct

2039 5239 2261 5294 adducti
2314 5238 2477 5310 primi
2538 5245 2797 5308 parentes
2834 5246 2893 5292 ut
2919 5236 3166 5290 divinam
3218 5236 3395 5307 ipsam
3450 5238 3624 5310 legem

2035 5341 2476 5397 contemnerent,
2516 5332 2722 5388 accedo
2769 5331 2938 5403 petita
2975 5330 3351 5401 praestitutus,
3386 5330 3623 5385 candida

2033 5439 2126 5481 tua
2186 5426 2656 5497 humanitatisque
2715 5424 3039 5495 plenissima
3114 5424 3358 5478 amicitia
3420 5422 3619 5478 fretus.

2033 5519 2210 5573 Probe
2232 5518 2380 5573 enim
2410 5517 2535 5574 novi
2565 5531 2668 5572 nec
2698 5530 2794 5587 per
2824 5514 3156 5570 artiﬁciosas
3185 5524 3307 5569 tuas
3332 5513 3622 5569 methodns

2036 5626 2139 5669 nec
2168 5628 2265 5684 per
2288 5612 2673 5682 argutissimas
2697 5623 2837 5667 verae
2863 5624 3184 5682 magnaeque
3209 5607 3493 5678 sapientia:
3516 5618 3622 5661 tua:

1619 5722 1857 5778 VARIAE
1898 5723 2311 5781 LECTIONES.

424 5812 469 5841 ’⁸
509 5810 815 5884 καθέστηκε
846 5829 953 5869 mn.
992 5813 1050 5868 Ρ.

320 5898 440 5941 om.
462 5884 528 5937 A.

1150 5815 1194 5847 ²⁶
1224 5814 1591 5871 ἀναϐαλέσθαι
1626 5819 1661 5870 A
1701 5817 1737 5872 i.
1763 5834 1811 5873 e.
1888 5818 2057 5874 editio
2113 5818 2404 5874 Allatiana.

2518 5820 2561 5851 *7
2602 5817 2741 5890 μήτε
2771 5818 2893 5881 ταῖς
2919 5832 3013 5871 σου
3070 5820 3346 5888 τεχνικατς
3379 5814 3622 5889 μεθόδοις
