4136 6484
473 362 575 428 527

1733 347 2070 415 JUANNES
2104 350 2539 412 CAMENIATA

3667 344 3773 411 5'28

470 474 735 537 trutinas,
784 469 931 541 quod
966 466 1246 523 orationis
1293 465 1462 536 hujus
1507 462 1828 518 indecorum
1878 469 1964 518 est
2000 474 2063 515 ac

2168 460 2258 515 λον
2288 463 2383 515 καὶ
2415 461 2616 523 παντὸς
2648 458 2941 532 ἀλλοτρίαν
2976 458 3069 514 καὶ
3092 459 3322 529 ψεύδους
3356 460 3451 514 καὶ
3508 460 3769 529 πλάσμα-

469 567 893 628 incon‘einnum,
949 562 1118 635 489
1177 558 1444 629 rejeetum
1484 556 1576 621 iri,
1629 568 1893 610 eorumve
1944 566 2069 623 quae

470 670 604 719 sunt
636 657 870 715 dicenda
901 653 1258 718 sententiam,
1309 651 1405 707 sed
1449 650 1632 718 potius
1680 661 1868 701 veram
1906 651 1962 701 et
1997 645 2067 700 ab

2176 572 2267 620 τος
2307 554 2541 626 τὴντῶν
2580 553 2974 623 ῥηθησομένων
2996 554 3406 625 προϐαίνουσαν
3445 556 3775 625 συγγραφὴν

2174 644 2396 716 ἀπάσης
2424 643 2689 716 μέμψεως
2719 646 3074 701 ἀπολύεσθαι.

469 755 622 814 omni
674 749 967 808 mendacio
1006 747 1374 819 ﬁgmentoque
1419 744 1655 800 alienam
1700 740 2062 798 dicendorum
2101 740 2481 797 narrationem
2519 739 2671 796 omni
2695 741 2797 797 abs
2824 748 2879 797 te
2898 743 3134 800 crimine
3164 757 3230 798 ac
3256 742 3381 801 labe
3450 741 3568 803 fore
3629 745 3777 801 libe-

413 846 421 860 ⁵
470 851 722 908 randam.

540 949 597 1001 2.
634 948 768 1001 Data
796 942 1030 1015 epistola
1064 940 1280 996 discere
1312 934 1579 1009 qumsiisti
1613 934 1863 1001 modum,
1900 932 2067 1003 cujus

469 1041 648 1111 gratia
703 1052 985 1094 carcerem
1056 1044 1308 1089 tenemus
1359 1028 1842 1095 Barbarorumque
1900 1025 2072 1081 dediti

470 1132 730 1187 manibus
786 1143 1005 1193 smnus,
1046 1141 1110 1181 ac
1161 1139 1269 1195 qua
1323 1122 1539 1176 ratione
1588 1119 1831 1174 alienum
1890 1118 2070 1173 solum

466 1226 650 1297 patrio
684 1219 1185 1284 commutavimus;
1217 1230 1327 1287 qua
1358 1215 1488 1269 item
1521 1212 1627 1266 orti
1662 1211 1842 1283 patria
1876 1210 2070 1277 simus,

467 1326 525 1373 et
575 1332 698 1388 quae
731 1315 881 1370 illius
928 1328 1019 1367 res
1056 1311 1253 1381 quisve
1298 1317 1498 1365 status.
1536 1304 1750 1361 Etenim
1798 1303 2072 1372 conjicere

470 1412 658 1466 aiebas
687 1425 754 1465 ex
805 1408 957 1464 brevi
1002 1406 1095 1460 illa
1133 1402 1474 1460 fabulatione
1502 1416 1635 1472 qua,
1676 1414 1799 1454 cum
1835 1412 1933 1468 per
1970 1396 2073 1452 vias

468 1502 821 1558 occasionem
873 1498 1143 1569 Tripolim
1205 1493 1551 1558 devenisses,
1608 1490 1892 1563 paululum
1938 1504 2075 1544 con-

467 1594 644 1665 gressi
703 1605 919 1654 sumus,
978 1603 1145 1659 quam
1209 1586 1371 1657 longa
1425 1582 1749 1638 narratione
1808 1588 2068 1636 onustum

469 1692 667 1754 pectus
726 1694 1068 1753 gereremus,
1142 1677 1376 1745 diraque
1439 1674 1689 1744 qua'dam
1752 1681 1807 1727 et
1863 1671 2072 1740 tragico

469 1777 622 1831 omni
656 1774 930 1830 eethurno
960 1768 1401 1842 lacrymabiliora
1431 1781 1554 1823 esse
1588 1773 1702 1820 tum
1732 1779 1793 1819 ea
1820 1777 1943 1834 quae
1963 1763 2073 1834 jam

468 1868 633 1923 nobis
672 1871 998 1927 evenerant,
1057 1870 1172 1916 tum
1229 1874 1349 1929 quae
1411 1857 1775 1928 imposterum
1838 1862 2073 1909 ventura

469 1957 962 2028 exspectabantur.
988 1952 1129 2007 Nam
1175 1961 1231 2006 tu
1272 1962 1493 2022 quoque
1538 1948 1658 2018 pari
1691 1945 1852 2000 nobis
1898 1943 2074 1999 infor-

470 2053 628 2107 tunio
657 2047 1009 2107 errabundus
1042 2055 1097 2102 et
1126 2059 1253 2101 cum
1308 2041 1637 2114 quibusdam
1669 2037 1902 2110 captivis
1942 2038 2071 2091 illuc

468 2143 854 2208 abducebaris,
891 2155 1033 2212 quos
1075 2140 1229 2194 cives
1283 2151 1408 2192 esse
1444 2145 1570 2190 tuos
1619 2133 1908 2189 asserebas
1931 2130 2072 2201 Cap-

468 2236 732 2307 padoces,
762 2248 888 2289 cum
920 2232 1127 2303 quibus
1154 2228 1319 2285 etiam
1348 2226 1701 2282 Antiochiam
1732 2223 2066 2287 mittebaris,

468 2329 721 2385 referens
756 2326 964 2382 nullam
997 2323 1244 2395 requiem
1278 2321 1550 2376 malorum
1584 2317 1854 2385 invenire,
1887 2332 2067 2387 quan-

468 2420 541 2475 do
562 2435 667 2475 nos
708 2430 931 2489 quoque
988 2413 1241 2480 videbas,
1292 2420 1352 2466 ut
1392 2420 1447 2466 et
1484 2411 1601 2481 ipse
1652 2408 1911 2471 testaris,
1952 2414 2065 2460 tum

468 2514 750 2565 recentem
784 2505 993 2561 luetqu
1026 2510 1140 2558 tum
1176 2500 1439 2573 praeteriti
1485 2499 1701 2554 timoris
1749 2496 1979 2567 vestigia
2010 2495 2065 2549 in

468 2599 613 2654 faeie
676 2610 939 2668 expressa
988 2594 1156 2660 ferre,
1216 2600 1277 2646 ut
1329 2602 1384 2647 et
1432 2590 1687 2657 tacendo,
1722 2590 1908 2644 vultus
1944 2588 2064 2659 ipso

466 2691 653 2746 colore
706 2688 835 2743 mali
883 2685 1287 2741 immanitatem
1339 2684 1728 2738 elamaremus.
1764 2679 1967 2735 Verum
2015 2680 2062 2736 si

467 2782 537 2837 de
587 2782 674 2837 his
725 2779 944 2850 singula
988 2791 1283 2833 recensere
1325 2775 1512 2840 velim,
1564 2774 1779 2845 longior
1809 2773 1942 2827 mihi
1987 2783 2064 2827 te-

467 2873 646 2929 xenda
686 2887 795 2927 nec
831 2871 999 2941 iustae
1047 2869 1185 2924 satis
1215 2867 1568 2924 necessitatis
1623 2866 1802 2921 oratio
1850 2874 1954 2930 est,
1999 2873 2060 2919 ut

465 2981 591 3036 qua:
630 2962 1033 3020 mediocritatis
1072 2961 1245 3031 legem
1297 2960 1367 3015 sit
1419 2974 1748 3026 excessura;
1780 2973 1848 3012 ne
1877 2956 2057 3010 dicam

461 3056 629 3129 490
677 3054 799 3111 fore
865 3062 926 3108 ut
968 3066 1259 3124 nunquam
1305 3051 1560 3107 socordia
1614 3047 2058 3120 torpescentibus

2245 936 2315 1010 β’.
2350 938 2659 1011 Ἐζήτησας
2690 939 2887 1011 μαθεῖν
2913 939 3003 994 διὰ
3036 940 3136 1011 τῆς
3166 938 3463 1009 ἐπιστολῆς
3499 936 3593 992 τὸν
3643 920 3775 1007 τρό-

2172 1048 2275 1085 πον
2302 1030 2370 1084 δι’
2392 1030 2451 1085 ὃν
2479 1032 2581 1101 τὴν
2612 1031 2860 1102 φρουράν
2906 1031 3167 1101 οἰκοῦμεν
3212 1030 3510 1102 βαρϐάρων
3582 1028 3780 1099 χερσὶν

2172 1122 2508 1188 ἐκδοθέντες,
2535 1124 2628 1176 καὶ
2658 1123 2775 1187 πῶς
2815 1123 2914 1195 τὴν
2954 1123 3247 1195 ἀλλοτρίαν
3309 1125 3433 1179 ἀντὶ
3481 1122 3581 1192 τῆς
3635 1122 3778 1185 ἰδίας

2171 1213 2609 1284 διημειψάμεθα,
2640 1214 2802 1277 ποίας
2830 1214 2891 1266 τέ
2917 1215 3086 1284 ἐσμεν
3111 1214 3395 1285 πατρίδος,
3426 1214 3521 1267 καὶ
3544 1212 3667 1266 τίνα
3700 1212 3775 1266 τὰ

2175 1308 2296 1359 κατ’
2325 1305 2517 1375 αὐτήν.
2551 1304 2964 1376 Τεκμαίρεσθαι
2997 1306 3108 1376 γὰρ
3143 1304 3279 1376 ἔφης
3307 1308 3372 1359 ἐκ
3409 1306 3509 1375 τῆς
3565 1304 3776 1373 μικρᾶς

2174 1398 2391 1469 ἐκείνης
2413 1397 2652 1469 ὁμιλίας,
2693 1397 2761 1450 δι’
2790 1392 2859 1470 ἦς
2887 1395 3243 1470 παροδεύοντί
3272 1414 3356 1451 σοι
3383 1396 3481 1467 τὴν
3507 1392 3780 1466 Τρίπολιν

2173 1492 2353 1561 ὀλίγον
2412 1490 2843 1560 σννεγενόμεθα,
2902 1491 3136 1561 πλήρεις
3183 1490 3283 1562 μὲν
3336 1484 3554 1543 sint”
3621 1490 3779 1560 ήμᾶς

2178 1587 2397 1657 μακρᾶς
2427 1584 2762 1656 ἐξηγήσεως,
2792 1585 3007 1655 μεγάλα
3023 1584 3081 1639 δέ
3113 1601 3237 1637 τινα
3269 1583 3362 1638 καί¹
3389 1583 3572 1652 πάσης
3599 1598 3776 1653 τραγ-

2174 1680 2338 1749 ῳδίας
2386 1679 2648 1733 ἐπέκεινα
2691 1679 2761 1732 τά
2803 1695 2863 1731 τε
2900 1678 3004 1749 ήδη
3058 1676 3450 1748 συμϐεϐηκότα
3485 1677 3620 1747 ήμῖν
3676 1674 3775 1727 καὶ

2178 1771 2248 1825 τὰ
2285 1772 2344 1835 ἐς
2373 1770 2601 1841 ὕστερον
2639 1769 3092 1841 προσδοκώμενα.
3130 1770 3240 1823 Καὶ
3266 1769 3378 1840 γὰρ
3400 1767 3593 1837 ἔτυχες
3643 1766 3776 1819 τότε

2177 1866 2273 1920 καλ⁸
2303 1864 2467 1928 αὐτὸς
2500 1863 2786 1935 ἀλητεύων
2817 1862 2961 1917 κατὰ
2982 1862 3081 1934 τὴν
3108 1862 3280 1931 αὐτὴν
3311 1862 3355 1894 ¹⁹
3414 1861 3575 1931 ἡμῶν
3623 1876 3777 1929 συμ-

2175 1958 2374 2029 φοράν,
2410 1956 2493 2029 [Ρ.
2518 1955 2646 2028 519]
2681 1955 2774 2009 καί
2805 1972 2947 2009 τισιν
2976 1953 3351 2026 αἰχμαλώτοις
3390 1954 3571 2007 ἐκεῖσε
3634 1968 3775 2005 συν-

2174 2049 2535 2120 επαγόμενος,
2561 2047 2654 2111 οὓς
2674 2046 2857 2115 ἔλεγες
2876 2046 3247 2118 ὁμοπατρίους
3269 2039 3410 2098 εἶναί
3436 2061 3517 2097 σοι
3531 2042 3765 2097 Καππά-

2171 2146 2358 2210 δοκας,
2396 2142 2517 2213 μεθ’
2543 2135 2619 2196 ὧν
2654 2140 2748 2195 καὶ
2777 2140 2877 2211 τὴν
2908 2138 3046 2212 πρὸς
3077 2139 3175 2211 τὴν
3205 2139 3251 2172 ³⁰
3300 2138 3579 2207 Ἀντιόχου
3610 2136 3775 2190 πόλιν

2171 2237 2449 2303 ὲστέλλου,
2485 2231 2741 2308 μηδαμοῦ
2774 2233 2970 2303 στῆναι
3002 2232 3111 2290 τῶν
3150 2230 3420 2301 ἀλγεινῶν
3458 2229 3777 2301 ἐξηγούμε-

2169 2344 2262 2391 νος
2291 2343 2305 2358 °
2347 2325 2511 2379 ὁπότε
2533 2327 2627 2378 καὶ
2652 2325 2803 2395 ἡμᾶς
2831 2323 3029 2393 ἐώρας,
3064 2321 3139 2387 ὡς
3194 2322 3287 2375 καὶ
3323 2321 3486 2385 αὐτὸς
3554 2337 3776 2392 μαρτυ-

2173 2422 2308 2491 ρεῖς,
2333 2418 2393 2472 τό
2427 2435 2487 2471 τε
2512 2417 2708 2489 νεαρὸν
2733 2418 2828 2471 τοῦ
2848 2415 3079 2479 πένθους
3110 2414 3337 2486 ἔχοντας
3371 2415 3468 2468 καὶ
3515 2413 3585 2467 τὰ
3644 2413 3774 2485 ἴχνη

2167 2511 2262 2565 τοῦ
2288 2511 2655 2582 προλαϐόντος
2684 2508 2853 2581 φόϐου
2877 2510 2990 2572 τοῖς
3020 2507 3335 2577 προσώποις
3357 2506 3515 2577 ήμῶν
3555 2505 3776 2575 ἐγκαθ-

2168 2604 2370 2675 ήμενα,
2425 2604 2501 2667 ώς
2521 2603 2615 2657 καὶ
2651 2600 2973 2666 σιωπῶντας
3018 2602 3149 2672 βοᾷν
3187 2599 3289 2670 τὴν
3344 2599 3637 2668 συμφορὰν
3696 2599 3772 2651 ἐκ

2168 2697 2260 2749 τοῦ
2301 2696 2614 2768 χρώματος.
2662 2696 2826 2749 Ἀλλὰ
2859 2695 2989 2766 περὶ
3022 2693 3228 2747 τούτων
3274 2695 3321 2745 εί
3353 2692 3478 2746 καθ’
3531 2692 3773 2745 ἕκαστον

2165 2789 2445 2855 ἐπεξιέναι
2478 2787 2820 2860 βουληθείην,
2859 2788 3071 2859 μακρὸν
3101 2788 3169 2840 ἂν
3219 2787 3304 2856 εἴη
3330 2786 3424 2837 καὶ
3473 2787 3541 2855 τῇ
3599 2786 3762 2854 χρείᾳ

2168 2882 2242 2954 μὴ
2267 2882 2603 2953 κατάλληλον
2630 2880 2718 2933 τὸν
2748 2880 2907 2949 λόγον
2931 2874 3388 2949 ποιήσομαι,“τῆς
3411 2874 3758 2947 συμμετρίας

2162 2974 2254 3028 τὸν
2284 2974 2449 3045 νόμον
2483 2970 2943 3043 καθυπερϐαίνων
2969 2985 2983 3001 ⁸
3018 2971 3107 3024 ἵνα
3128 2970 3204 3040 μὴ
3231 2968 3377 3036 λέγω
3410 2969 3492 3020 ὅτι
3520 2967 3616 3020 καὶ
3660 2966 3762 3035 τὴν

2166 3066 2267 3137 σὴν
2297 3065 2618 3138 ἀρρᾴθυμον
2652 3065 2822 3135 ἀκοὴν
2853 3062 3193 3125 ἀποκναίσω,
3218 3062 3266 3113 εί
3298 3060 3393 3113 καὶ
3423 3059 3591 3112 ὃτιδι*
3628 3058 3766 3127 ἐφέ-

464 3150 695 3205 auribus
726 3146 973 3204 audienti
1014 3145 1111 3202 tibi
1143 3145 1467 3211 obtundam,
1496 3143 1622 3199 licet
1653 3141 1910 3198 audiendi
1945 3141 2058 3195 avi-

2168 3178 2306 3221 σεως
2359 3159 2506 3229 ἔχεις
2561 3161 2673 3222 τοῖς
2723 3157 3045 3228 λεγομένοις
3089 3152 3567 3225 ἐπακροάσασθαι.
3617 3151 3768 3205 Ἀλλ’

464 3241 632 3297 ditate
686 3241 754 3296 ad
812 3255 876 3296 ea
929 3252 1052 3310 quae
1099 3237 1330 3293 dicenda
1392 3251 1421 3289 a
1481 3252 1569 3290 me
1635 3244 1765 3291 sunt
1818 3234 2060 3287 animum

464 3336 742 3390 advertas.
806 3330 1039 3398 Quando
1099 3331 1268 3401 igitur
1320 3330 1432 3399 jam
1494 3328 1652 3382 initio
1722 3334 2065 3396 perattentas

465 3442 629 3481 aures
672 3424 960 3495 pollicitus
1006 3438 1099 3489 es,
1134 3422 1199 3478 ad
1235 3430 1425 3478 nostra
1483 3418 1798 3475 enarranda
1831 3417 1882 3473 in
1918 3418 2063 3472 hunc

467 3519 692 3573 modum
747 3517 1056 3587 aggredior.

535 3605 591 3659 ‘5.
660 3603 883 3669 Nostra,
932 3618 964 3659 ο
1013 3602 1209 3670 amice,
1262 3601 1464 3673 patria,
1504 3598 1904 3655 Thessalonica
1957 3607 2061 3653 est.

465 3692 618 3747 llanc
657 3690 803 3747 enim
864 3692 1101 3762 primum
1129 3689 1229 3745 tibi
1267 3699 1452 3744 notam
1496 3686 1719 3755 faciam,
1762 3702 1857 3758 per
1894 3702 2061 3757 quant

465 3785 600 3840 mihi
651 3785 825 3838 multa
883 3798 1220 3855 cognoscere
1256 3782 1410 3837 licuit
1466 3798 1589 3853 quae
1656 3793 1815 3837 antea
1878 3781 2064 3837 nullus

467 3890 727 3931 noveram
756 3893 771 3942 ;
806 3882 860 3930 et
899 3875 993 3946 qui
1024 3874 1080 3931 in
1112 3874 1189 3929 tui
1227 3875 1343 3946 jam
1384 3874 1759 3945 cognitionem
1793 3874 2061 3940 venerim,

464 3969 585 4038 ejus
660 3968 833 4038 ipsius
914 3979 1163 4021 exactam
1233 3966 1398 4021 edere
1467 3966 1839 4036 cognitionem
1902 3964 2065 4039 cilicii

464 4061 625 4131 quasi
678 4058 802 4131 jure
846 4059 957 4113 tuis
989 4060 1133 4114 votis
1178 4057 1501 4127 compellor.
1530 4055 1738 4128 Nempe
1783 4056 1916 4113 urbs
1945 4071 2065 4111 ma-

464 4167 569 4223 gna
612 4150 748 4205 mihi
782 4149 1132 4220 explicanda,
1166 4158 1221 4203 et
1276 4163 1399 4218 qua:
1453 4148 1636 4220 gentis
1702 4146 2061 4203 Macedonum

463 4244 723 4313 primaria
781 4244 1032 4299 exsistat.
1095 4240 1240 4298 L‘rbs
1290 4243 1455 4297 rebus
1502 4243 1650 4308 aliis,
1710 4244 1909 4313 quibus
1958 4238 2061 4296 sibi

464 4338 693 4392 nimium
731 4345 961 4391 sumunt
1012 4336 1269 4391 civitates
1312 4336 1789 4400 achonestantur,
1843 4336 2064 4407 conspi-

462 4445 587 4495 cua,
626 4436 682 4484 et
715 4444 839 4497 qua:
878 4427 1016 4482 nulli
1060 4427 1369 4482 vicinarum
1407 4427 1716 4492 civitatum,
1760 4427 1879 4496 pari
1931 4442 2057 4483 cum

2167 3247 2358 3318 ἐπειδὴ
2388 3248 2572 3301 τοίνυν
2599 3247 2758 3301 τοῦτο
2783 3246 2904 3300 κατ’
2921 3246 3096 3317 ἀρχὰς
3123 3245 3386 3313 ὑπέσχου,
3405 3242 3469 3296 τὸ
3492 3243 3766 3311 νουνεχῶς

2168 3340 2407 3405 ἀκούειν,
2446 3338 2682 3408 ἄρχομαι
2717 3335 2827 3390 τῶν
2856 3336 2990 3389 καθ’
3012 3337 3160 3406 ἡμᾶς
3190 3327 3313 3389 ὦδε.

2238 3624 2307 3675 γ.
2354 3606 2565 3675 Ἢμεις,
2601 3604 2645 3657 ω
2690 3604 2864 3672 φίλος,
2902 3601 3162 3673 πατρίδος
3215 3599 3382 3669 ἐσμὲν
3434 3597 3767 3652 Θεσσαλονί-

2167 3698 2510 3772 κηςοαύτὴν
2559 3700 2669 3767 γὰρ
2726 3694 2955 3767 πρώτην
3007 3690 3356 3763 γνωριοῦμαί
3409 3707 3512 3755 σοι,
3558 3689 3627 3742 δι’
3692 3685 3768 3762 ἧς

2166 3793 2338 3861 ἔγνων
2357 3784 2432 3845 ὧν
2461 3789 2614 3844 οῦπω
2648 3788 2910 3857 ἐγνώκειν
2929 3785 3100 3840 πολλά
3123 3803 3137 3818 ο
3157 3786 3252 3839 καὶ
3286 3784 3369 3838 σοί
3403 3801 3466 3853 γε
3492 3784 3715 3853 γνωσθε¹
3735 3803 3766 3848 ς

2164 3885 2288 3957 ἄρτι
2309 3883 2409 3955 τὴν
2440 3884 2571 3954 περὶ
2602 3882 2771 3952 αὐτῆς
2800 3881 3017 3951 ἐκείνης
3064 3878 3269 3948 γνῶσιν
3316 3881 3759 3949 εἰσπράττομαι,

2166 3978 2375 4040 πόλεως
2416 3973 2661 4045 μεγάλης
2696 3973 2793 4025 καὶ
2811 3970 3038 4043 πρώτης
3062 3970 3172 4024 τῶν
3203 3970 3555 4037 Μακεδόνων,
3582 3966 3763 4024 τᾶλλα

2169 4068 2267 4139 μὲν
2298 4065 2635 4138 περιφανοῦς
2666 4058 2750 4128 οἷς
2780 4062 3108 4133 σεμνύνεται
3149 4060 3325 4123 πόλις,
3359 4061 3455 4112 καὶ
3513 4060 3764 4131 μηδεμιᾷ

2163 4160 2273 4214 τῶν
2335 4159 2565 4228 ἔγγιστα
2632 4154 3074 4227 παραχωρούσης
3147 4153 3221 4223 μὴ
3270 4153 3353 4207 ὃτι
3406 4152 3526 4207 κατ’
3581 4153 3763 4222 αὐτὴν

2163 4252 2418 4324 ὀφθῆναι,
2459 4248 2938 4320 περιφανεστέρας
2984 4246 3043 4299 δὲ
3080 4245 3181 4317 τὴν
3220 4244 3523 4311 εὐσέϐειαν,
3574 4244 3642 4314 ἢν
3697 4245 3761 4311 ἐξ

2162 4345 2338 4416 ἀρχῆς
2363 4343 2584 4410 ἐδέξατο
2610 4341 2705 4395 καὶ
2733 4340 3004 4409 δεξαμένη
3037 4339 3202 4408 μέχρι
3260 4338 3359 4391 τοῦ
3408 4338 3503 4391 νῦν
3557 4337 3760 4390 διεσώ-

2166 4453 2317 4490 σατο.
2376 4434 2551 4489 Αὐτὸν
2594 4434 2703 4501 γὰρ
2753 4432 2914 4501 αὐχεῖ
2972 4428 3346 4501 Θεσσαλονίκη
3396 4430 3487 4483 τὸν
3535 4429 3758 4482 Παῦλον

463 4523 722 4577 erunibus
753 4534 975 4577 certans
1002 4520 1276 4585 claritate,
1314 4521 1494 4586 cedat,
1528 4520 1731 4590 pietate
1757 4535 1887 4576 vero
1918 4537 2056 4576 cun-

2167 4530 2309 4600 ἔχειν
2335 4529 2437 4593 τῆς
2469 4525 2753 4588 εὐσεϐείας
2784 4522 3129 4589 διδάσκαλον,
3178 4522 3240 4575 τὸ
3280 4522 3476 4586 σκεῦος
3521 4523 3621 4591 τῆς
3656 4524 3757 4575 ὲκ·-

463 4615 570 4669 etis
607 4613 875 4668 illustrior
923 4612 1175 4677 exsistat,
1210 4627 1374 4683 quam
1423 4626 1454 4666 a
1492 4612 1763 4683 principio
1812 4614 2059 4683 suscepit

2167 4622 2343 4693 λογῆς,
2371 4621 2428 4685 ὃς
2460 4619 2569 4674 ἀπὺ
2600 4610 2603 4611 ν
2641 4618 3001 4692 Ἰερουσαλὴμ
3060 4616 3249 4687 κύκλῳ
3305 4614 3401 4670 καὶ
3455 4615 3616 4687 μέχρι
3653 4616 3754 4670 τοῦ

462 4714 888 4776 susceptamque
922 4705 1189 4760 hactenus
1226 4704 1558 4760 incolumem
1586 4705 1847 4760 servavit.
1872 4702 2055 4774 ipsum

462 4802 606 4854 enim
647 4797 898 4865 Paulum,
926 4812 1024 4852 vas
1053 4797 1362 4863 electionis,
1394 4798 1611 4866 pietatis
1641 4797 1748 4852 sibi
1791 4796 2061 4867 gloriatur

464 4891 823 4960 magistrum;
852 4890 942 4959 qui
982 4886 1237 4943 videlicet
1268 4888 1335 4943 ab
1360 4886 1663 4946 Jerusalem
1694 4888 1750 4943 in
1788 4888 2047 4955 circuitu,
2092 4942 2098 4947 .

460 4994 516 5035 et
582 4995 755 5049 usque
831 4980 887 5033 in
954 4978 1229 5050 Illyricum
1291 4980 1609 5050 evangelica
1660 4980 2051 5049 praedicatione

461 5075 782 5128 universum
851 5072 1045 5127 orbem
1107 5072 1449 5142 complexus.
1507 5072 1584 5127 illi
1643 5088 1755 5142 prae
1818 5073 2048 5145 reliquis

2168 4713 2465 4785 Ἰλλυρικοῦ
2498 4713 2576 4784 τῷ
2608 4711 2956 4782 εὐαγγελικῷ
2979 4708 3293 4781 περιλαϐὼν
3340 4708 3441 4779 τήν
3490 4709 3756 4779 οἰκουμέ-

2157 4824 2254 4876 νην
2281 4804 2622 4878 κηρύγματι,
2656 4806 2714 4859 ἐν
2750 4805 2889 4875 αὐτῇ
2928 4802 3131 4874 μᾶλλον
3168 4802 3257 4853 τὸν
3283 4800 3383 4870 τῆς
3418 4801 3759 4868 θεογνωσίας

2158 4895 2361 4967 σπόρον
2397 4895 2665 4950 κατέϐαλε
2700 4896 2798 4949 καὶ
2829 4893 3100 4964 πολύχουν
3140 4890 3491 4946 ἀποδίδοσθαι
3521 4892 3610 4945 τὸν
3648 4892 3759 4961 τῆς

2156 4988 2396 5052 πίστεως
2426 4988 2642 5059 καρπὸν
2690 4986 3049 5040 διεσπούδασε
3083 5002 3096 5018 ·
3132 4986 3250 5055 μετ’
3281 4985 3493 5038 ἐκεῖνον
3542 4983 3602 5037 δὲ
3658 4982 3755 5036 τὸν

2156 5080 2332 5151 μέγαν
2371 5081 2430 5134 ἐν
2450 5080 2691 5150 μάρτυσι
2719 5078 2814 5131 καὶ
2859 5076 3300 5148 ἀξιοθαύμαστον
3332 5078 3389 5129 ἐν
3420 5074 3751 5145 ἁθλοφόροις

459 5163 657 5221 divinae
730 5164 1061 5235 cognitionis
1124 5179 1313 5220 semen
1381 5164 1678 5230 commisit,
1747 5181 1813 5221 ex
1873 5181 2051 5237 eoque

2167 5173 2467 5244 lqpﬁrptov
2491 5171 2584 5224 τὸν
2614 5168 2981 5241 μυροϐλύτην,
3012 5168 3179 5221 πολὺν
3210 5167 3399 5236 ἀγῶνα
3430 5167 3552 5237 καις
3582 5166 3752 5219 αὐτὸν

460 5256 771 5312 uberrimos
838 5255 963 5311 fidei
1013 5255 1227 5311 fruetus
1281 5271 1507 5327 surgere
1558 5258 1708 5311 omni
1765 5257 2050 5327 diligentia

2167 5264 2291 5335 ὅπερ
2320 5262 2421 5332 τῆς
2449 5261 2734 5324 εὐσεϐείας
2765 5260 3216 5331 καταϐαλόμενον
3256 5260 3299 5291 ³⁸
3335 5258 3452 5329 (καὶ
3506 5258 3618 5328 γὰρ
3677 5253 3750 5328 ἦν

458 5349 696 5403 curavit.
730 5348 862 5405 Post
891 5347 1121 5403 Paulum
1153 5365 1283 5405 vero
1314 5350 1461 5405 inter
1488 5360 1758 5423 martyres
1787 5367 2045 5423 magnum

460 5443 717 5515 interque
770 5444 1010 5500 victores
1075 5453 1374 5501 coronatos
1444 5445 1604 5517 digne
1662 5445 2046 5502 admirandum

459 5539 825 5610 myroblytam
857 5536 1174 5608 (unguentis
1206 5539 1420 5594 scilicet
1468 5540 1807 5611 manantem)
1851 5540 2046 5597 Deme~

459 5631 649 5698 trium,
694 5632 787 5701 qui
814 5639 867 5686 et
892 5632 1010 5701 ipse
1044 5646 1146 5702 pro
1177 5632 1380 5702 pietate
1412 5633 1712 5703 plurimum
1737 5633 2047 5690 desudavit.

2152 5354 2289 5423 πρὸς
2310 5355 2421 5413 τοῖς
2454 5351 2632 5414 ἄλλοις
2663 5350 2764 5421 τῆς
2793 5351 2995 5421 ἀρετῆς
3016 5350 3330 5420 αὐχήμασιν
3362 5347 3443 5401 ἐτι
3468 5348 3563 5401 καὶ
3579 5346 3749 5411 θείοις

2157 5446 2460 5517 ἐμπρέπων
2509 5444 2838 5515 διδάγμασιν
2877 5446 2975 5498 καὶ
3023 5447 3091 5515 τῇ
3124 5445 3256 5516 περὶ
3294 5442 3404 5497 τῶν
3453 5441 3748 5512 δογμάτων

2156 5539 2417 5611 ἀκριϐείᾳ
2458 5539 2892 5610 κεκοσμημένος,
2944 5538 3004 5603 ἐξ
3031 5532 3091 5591 οὗ
3116 5539 3209 5591 καὶ
3245 5537 3446 5609 μᾶλλον
3495 5535 3558 5589 τὸ
3614 5534 3746 5601 περὶ

2163 5632 2326 5687 αὐτοῦ
2362 5630 2571 5702 διεδόθη
2599 5631 2753 5695 κλέος
2783 5633 2895 5694 τοῖς
2925 5630 3179 5702 πέρασιν)
3218 5646 3231 5662 ⁸
3264 5627 3384 5683 εἶτα
3440 5628 3567 5693 τούς
3613 5623 3733 5681 καθ.

1790 5722 2021 5778 VARle
2066 5722 2469 5779 LECTIONES.

543 5808 589 5840 ³⁸
615 5804 778 5881 εἶναι]
808 5811 966 5875 ὄντας
992 5812 1058 5867 Α.
1136 5816 1180 5847 ²⁹
1213 5814 1382 5886 αὐτὴν
1417 5830 1528 5869 om.
1572 5813 1632 5869 P.
1709 5816 1754 5847 ³ο
1777 5814 1875 5886 τὴν
1904 5826 2026 5885 post
2050 5816 2185 5886 πρὸς
2216 5832 2327 5871 om.
2360 5815 2422 5869 Δ.
2504 5814 2544 5846 ³⁸
2579 5813 3135 5884 καταϐαλλόμενονΑ.

1161 6406 1541 6422 -ἪῊ

1544 6421 1726 6430 —-——
