4136 6418
349 338 467 406 529

1442 354 1538 416 DE
1574 357 1894 419 EXCIDIO
1927 360 2545 426 THESSALONIC/E.

3552 381 3658 446 530

341 458 482 529 εξῆς
511 457 794 531 ἀρχιερεῖς
818 458 1026 524 πάντας
1064 460 1160 514 τοῦ
1206 465 1478 535 σωτηρίου
1513 465 1676 535 λόγου
1708 470 1934 541 στερρῶς

2057 471 2110 528 Is
2149 488 2408 545 namque,
2438 484 2640 548 praeter
2670 477 2914 551 reliquas
2962 480 3084 552 ejus
3142 487 3376 545 eximias
3436 492 3658 552 virtutis

340 549 769 619 ἀντεχομένους,
798 550 859 616 ἐξ
886 547 963 606 ὧν
988 552 1077 606 ἀεὶ
1105 554 1547 628 καταρτιξομένη
1584 559 1683 613 καὶ
1735 562 1940 614 παιδα-

337 646 681 717 γωγουμένη
731 648 831 715 τὴν
881 647 1162 720 θειοτέραν
1216 651 1502 705 παίδευσιν
1562 653 1941 725 δαιμονιώδεις

336 740 443 792 καὶ
478 740 738 810 μυσαρὰς
772 738 856 811 [Ρ.
890 740 1020 812 520]
1042 741 1251 805 πλάνας
1283 743 1378 796 καὶ
1405 744 1564 811 δόξας
1597 748 1691 802 καὶ
1725 748 1939 804 εἱδωλι-

335 827 450 893 κάς
475 831 858 902 εὶκαιομυθίας
884 836 996 897 τοῖς
1022 834 1228 904 τιμῶσι
1253 837 1380 898 τοὺς
1400 836 1660 908 δαίμονας
1686 842 1942 913 ἀπεπέμ-

334 922 508 989 ψατο,
549 922 822 996 όρθοδόξῳ
872 925 928 979 δὲ
961 927 1149 998 διδαχῇ
1190 927 1289 999 τὴν
1335 928 1520 983 πίστιν
1564 934 1936 1003 σφραγίσασα,

334 1015 440 1067 καὶ
468 1016 575 1068 πᾶν
606 1014 924 1082 ξιξανιῶδες
954 1020 1124 1087 φυτὸν
1154 1022 1248 1075 καὶ
1275 1022 1554 1093 αἱρετικδν
1585 1028 1680 1080 καὶ
1704 1028 1940 1099 ἀλλόφυ-

332 1105 432 1159 λον
454 1107 722 1174 οὐμενοῦν
762 1110 1022 1164 οὐδέποτε
1055 1112 1134 1180 τῷ
1184 1112 1314 1185 θείῳ
1356 1115 1544 1187 σπόρῳ
1590 1122 1935 1193 συγκαταμί-

331 1199 480 1265 ξασα
504 1200 569 1266 ³³,
594 1200 847 1272 καθαρὰν
870 1204 965 1257 καὶ
990 1203 1283 1274 ἀκίϐδηλον
1301 1206 1602 1264 διεσώσατο
1632 1212 1732 1281 τὴν
1775 1214 1935 1268 εὐσέ-

332 1284 630 1357 ϐειαν.’Ἦς
649 1293 826 1351 πολλά
853 1294 954 1363 μὲν
969 1297 1063 1350 καὶ
1087 1296 1223 1352 ἄλλα
1235 1301 1617 1372 γνωρίσματα.
1651 1303 1711 1371 ἐξ
1732 1305 1778 1337 ³³
1804 1299 1880 1360 ὧν
1904 1309 1937 1368 ἡ

333 1386 502 1455 φήμη
563 1386 663 1449 τὰς
716 1386 973 1458 ἀτορμάς
1030 1388 1387 1456 λαμϐάνουσα
1415 1392 1672 1465 λαμπρὸν
1718 1396 1780 1451 τὸ
1809 1400 1939 1472 περὶ

330 1477 513 1547 αὖτῆς
535 1479 833 1549 ἐκήρυττεν
846 1480 1040 1551 ὄνομα,
1065 1481 1123 1536 ἓν
1147 1483 1202 1537 δὲ
1220 1484 1381 1539 τοῦτο
1410 1487 1627 1559 πρῶτον
1657 1491 1752 1545 καὶ
1783 1493 1941 1547 ίδιαί-

329 1587 505 1623 τατον
545 1571 901 1637 διεδείκνυτο,
920 1574 980 1628 τὸ
1013 1574 1294 1646 όρθόδοξον
1326 1579 1499 1652 αὐτὴν
1554 1583 1650 1635 καὶ
1676 1579 1817 1638 εἶναι
1843 1587 1939 1640 καὶ

2052 564 2268 633 laudes,
2305 566 2509 623 divinte
2543 569 2709 624 etiam
2766 571 3037 630 doctrinze
3090 577 3213 634 luce
3284 579 3527 653 fulgebat
3565 603 3659 642 ex-

2052 667 2286 728 actaque
2341 658 2659 731 dogmatum
2709 666 3027 736 cognitione
3077 681 3309 729 ornatus
3357 686 3506 744 erat,
3545 697 3657 748 quo

2048 748 2207 821 491
2248 757 2303 806 et
2344 754 2520 823 magis
2556 755 2675 825 ejus
2712 758 2956 815 nominis
2983 761 3211 820 claritas
3239 768 3292 822 in
3324 770 3477 827 Orbis
3521 772 3657 829 fines

2049 843 2216 897 didita
2266 854 2373 902 est.
2410 844 2550 902 Tum
2589 849 2682 919 qui
2729 850 2989 924 deinceps
3026 860 3203 912 secuti
3262 872 3414 925 sunt,
3453 878 3651 922 omnes

2050 936 2338 1005 praesules,
2376 940 2639 996 salutaris
2672 943 2937 1001 doctrinae
2986 948 3090 1019 ipsi
3119 949 3261 1005 firmi
3304 965 3612 1013 assertores
3634 1000 3651 1025 ,

2049 1043 2284 1099 quorum
2333 1046 2523 1103 opera,
2580 1034 2709 1090 dum
2767 1037 3042 1097 diviniore
3099 1058 3319 1114 semper
3362 1048 3653 1117 perﬁcitur

2048 1138 2330 1195 manuque
2384 1126 2613 1182 ducitur
2654 1143 2718 1185 ac
2764 1133 3022 1187 eruditur
3068 1135 3396 1206 disciplina,‘
3440 1140 3651 1207 daemo-

2048 1214 2242 1272 niaeos
2298 1218 2663 1291 impurosque
2718 1238 2939 1280 errores
2992 1241 3058 1282 ae
3107 1229 3403 1298 opiniones
3463 1234 3647 1290 idolo.

2047 1321 2279 1379 rumque
2344 1326 2588 1382 nugaces
2644 1314 2875 1372 fabellas
2935 1332 3000 1374 ac
3060 1322 3336 1379 vanitates
3401 1325 3652 1395 ipsorum

2047 1400 2358 1459 cultoribus
2414 1404 2652 1472 dimisit,
2705 1416 2980 1481 rectaeque
3041 1413 3322 1483 opinionis
3396 1416 3654 1475 doctrina

2050 1494 2208 1551 fidem
2245 1498 2565 1570 obsignans,
2609 1516 2673 1556 ac
2704 1505 2973 1575 quidquid
3008 1507 3351 1564 zizaniorum
3380 1518 3434 1566 et
3469 1513 3649 1568 hrere-

2047 1589 2286 1643 ticorum
2340 1591 2893 1667 alienigenarumque
2952 1600 3315 1669 plantationis
3372 1612 3477 1672 est,
3513 1605 3652 1660 nihil

329 1662 729 1732 ὀνομάζεσθαι,
753 1665 847 1719 καὶ
867 1666 1048 1739 τούτῳ
1075 1667 1118 1703 ³⁷⁵
1150 1669 1353 1740 μᾶλλον
1381 1672 1527 1744 ἥπερ
1585 1676 1703 1739 τοῖς
1755 1677 1934 1744 ἄλλοις

2048 1696 2279 1750 usquam
2336 1682 2538 1740 divinae
2599 1690 2834 1743 sementi
2897 1691 3258 1761 conjunctum
3329 1694 3650 1761 admittens,

331 1755 732 1823 σεμνύνεσθαι.
767 1758 907 1812 Ἀλλ’
943 1760 1134 1832 ἐπειδὴ
1160 1763 1253 1816 καὶ
1282 1763 1353 1818 τά
1384 1767 1508 1820 κατ’
1564 1768 1738 1839 αὐτὴν
1794 1772 1934 1825 ὲκεί-

2047 1787 2242 1841 puram
2294 1774 2677 1850 illibatamque
2727 1755 3019 1853 pietatem-
3049 1789 3419 1844 conservavit.
3477 1789 3650 1860 Cujus

329 1864 435 1913 νην
468 1849 571 1917 τὴν
593 1849 748 1903 πόλιν
778 1850 1084 1919 φιλοπόνως
1122 1855 1319 1924 μαθεῖν
1365 1858 1734 1930 ὲπεζήτησας,
1776 1864 1934 1918 τοῦτο

2043 1880 2169 1920 eum
2196 1877 2249 1921 et
2282 1870 2389 1925 alia
2420 1870 2658 1943 insignia
2697 1890 2760 1932 ae
2783 1886 2926 1933 nota!
2957 1890 3280 1951 suppetunt,
3321 1884 3468 1939 unde
3501 1883 3665 1938 fama‘

316 1935 387 1992 ,δὲ
409 1937 864 2011 δυσεπιχείρητόν
892 1959 951 1995 τε
985 1944 1061 2008 ὡς
1092 1945 1137 1977 ³⁸
1158 1946 1283 2016 ἐμοὶ
1306 1949 1369 2018 τῇ
1402 1964 1462 2001 τε
1489 1951 1742 2023 παρούσῃ
1784 1955 1932 2028 ὁρμῇ

2042 1963 2372 2018 occasiones
2402 1977 2567 2021 nacta
2617 1968 2767 2026 illius
2816 1972 3030 2028 clarum
3076 1989 3278 2030 nomen
3304 1975 3507 2038 effecit,
3536 1987 3647 2031 tum

328 2026 429 2081 τοῦ
453 2027 619 2096 λόγου
656 2032 808 2103 παρά
842 2034 1040 2104 μικρὸν
1073 2036 1455 2103 ἀνακόλουθον,
1484 2040 1645 2110 ὀλίγα
1679 2043 1821 2113 τινὰ,

2041 2066 2213 2108 unum
2245 2056 2379 2112 illud
2420 2056 2661 2129 primum
2705 2078 2770 2119 ac
2818 2066 3327 2136 singularissimum
3370 2079 3648 2127 monstra-

329 2113 408 2183 οἷς
450 2122 690 2190 μάλιστα
720 2125 899 2190 ἔξεστι
928 2127 1108 2181 δοκεῖν
1140 2130 1276 2201 ὁρᾷν
1306 2148 1367 2184 σε
1400 2133 1511 2187 τῶν
1531 2134 1842 2207 λεγομένων
1869 2138 1934 2194 τὰ

2422 2113 2436 2129 ,
2707 2113 2769 2119 _-
2819 2113 3327 2136 ,.,.οη.-..υ.,,........
3371 2113 3615 2127 ...υ...,....

2041 2153 2156 2215 tur,
2210 2151 2357 2220 quod
2394 2162 2559 2210 recta:
2590 2156 2713 2212 fidei
2751 2165 2919 2214 tenax
2956 2161 3188 2216 exsistat
3218 2177 3282 2218 ae
3308 2163 3642 2231 celebretur,

334 2213 666 2284 πράγματα,
709 2219 776 2288 τῇ
803 2216 1058 2291 διηγήσει
1105 2222 1366 2292 προσθεὶς
1430 2226 1474 2258 ³⁸
1522 2226 1617 2282 ἐπὶ
1670 2229 1769 2300 τὴν
1812 2231 1934 2287 καθ’

2041 2238 2255 2310 hocque
2306 2246 2485 2316 magis
2547 2263 2713 2317 quam
2765 2251 2893 2307 ullis
2946 2252 3072 2307 aliis
3127 2255 3471 2311 ornamentis
3528 2255 3641 2311 sibi

333 2304 484 2373 ἠμῖς
520 2308 721 2373 αὐτοὺς
743 2312 1099 2383 τραπήσομαι
1123 2318 1432 2388 συμφοράν.

2041 2304 2253 2403 placeat
2285 2304 2453 2408 atquve
2491 2304 2783 2398 clarescat.
2832 2341 2940 2399 Sed
2977 2346 3106 2415 quia
3137 2345 3255 2413 ejus
3283 2347 3461 2417 ipsius
3500 2347 3642 2401 civi-

328 2401 464 2454 tatis
512 2418 599 2458 res
644 2415 901 2463 accurate
952 2424 1019 2464 ex
1067 2425 1155 2467 me
1182 2411 1397 2470 discere
1424 2417 1717 2486 quaesiisti,
1765 2421 1932 2494 idque
1969 2436 2031 2482 ut
2084 2442 2341 2501 praestem
2382 2436 2616 2492 arduum
2667 2441 2800 2496 mihi
2837 2457 2941 2497 nec
3009 2445 3298 2514 praesentis
3369 2447 3646 2505 sermonis

332 2493 598 2550 instituto
651 2496 948 2555 admodum
999 2514 1436 2564 consentaneum
1467 2511 1712 2580 exsistit,
1745 2517 1939 2584 paucis
1977 2493 2285 2588 non-nullis,
2310 2538 2374 2580 ae
2404 2528 2610 2596 quibus
2642 2532 2879 2587 maxime
2912 2547 2977 2588 ea
3010 2493 3148 2603 rqum
3214 2534 3447 2588 dicenda
3514 2544 3645 2590 sunt

331 2591 513 2645 oculis
544 2595 948 2663 usurparextibi
999 2597 1118 2669 ipse
1164 2600 1341 2658 videri
1382 2605 1588 2675 possis,
1621 2610 1930 2667 narrationi
1971 2613 2272 2688 adjunctis,
2346 2621 2414 2677 ad
2467 2632 2716 2681 nostram
2740 2611 3013 2698 ripsorum
3062 2628 3435 2685 calamitatem
3522 2641 3650 2683 ora-

329 2688 544 2741 tionem
597 2700 945 2746 convertam.

402 2782 468 2835 δ’.
510 2782 698 2836 Ἔστιν
725 2784 819 2838 οὖν
848 2788 881 2857 ἠ
910 2787 1085 2852 πόλις.
1106 2788 1182 2854 ὡς
1209 2791 1451 2863 εἴρηται,
1491 2795 1705 2868 μεγάλη
1749 2817 1807 2852 τε
1842 2801 1939 2855 καὶ

328 2877 545 2944 εὖρεῖα,
576 2877 785 2948 τείχεσι
809 2882 906 2934 καὶ
930 2881 1219 2951 προϐόλοις
1249 2890 1466 2956 συχνοῖς
1483 2893 1931 2965 κατωχυρωμένη

327 2969 428 3019 καὶ
462 2968 524 3021 τὸ
545 2970 792 3038 ἀσφαλὲς
824 2975 939 3037 τοῖς
978 2976 1298 3047 οἰκήτορσιν
1318 2978 1442 3032 ὅσον
1475 2981 1540 3034 ἐκ
1587 2984 1688 3053 τῆς
1727 2985 1939 3040 τούτων

323 3060 625 3131 οἰκοδομῆς
649 3065 1030 3137 παρεχομένη,
1070 3068 1365 3124 θαλάσσιον
1400 3071 1603 3143 ἔχουσα
1641 3077 1844 3131 κόλπον
1873 3082 1938 3135 ὲκ

325 3154 487 3208 νότου
526 3156 984 3229 καθηπλωμένον,
1039 3156 1083 3232 ᾧ
1117 3164 1214 3219 καὶ
1266 3169 1706 3244 περικλυζομένη
1745 3174 1846 3247 τὴν
1875 3179 1940 3232 ἐκ

2119 2808 2173 2862 ι.
2208 2807 2283 2861 Ea
2324 2807 2515 2879 igitur,
2550 2808 2629 2862 uti
2660 2808 2868 2864 dictum
2911 2817 3019 2874 est,
3051 2824 3247 2879 magna
3280 2809 3472 2864 civitas
3505 2809 3647 2863 lato-

2044 2911 2154 2967 que
2200 2897 2327 2952 fusa
2366 2899 2595 2963 ambitu,
2632 2913 2695 2953 ae
2752 2899 3031 2955 moenibus
3090 2902 3413 2969 crebrisque
3443 2915 3647 2969 propu-

2046 2986 2299 3057 gnacnlis
2342 2996 2504 3057 atque
2562 2987 2785 3043 arcibus
2831 2990 3063 3050 munita.
3117 2989 3390 3059 ejusmodi
3428 2989 3645 3043 scilicet

2047 3092 2170 3148 qua:
2200 3076 2437 3144 civibus,
2486 3085 2755 3149 quantum
2793 3080 2859 3133 ad
2891 3081 3088 3133 horum
3149 3089 3479 3135 structuram
3510 3082 3643 3135 atti-

2047 3176 2165 3233 net,
2196 3176 2372 3223 tutum
2409 3169 2789 3225 habitaculum
2836 3170 3001 3243 592
3047 3173 3312 3242 praebeat.
3365 3170 3639 3226 Marinum

322 3246 565 3313 πλαγίου
602 3247 848 3320 πλευράν
881 3254 1002 3316 ταῖς
1037 3236 1417 3325 ἁπανταχόθεν
1446 3236 1934 3333 εἰσρεούσαιξεὸλ-

2049 3264 2235 3317 sinum
2282 3262 2351 3316 ad
2402 3271 2593 3316 notum
2648 3236 2972 3332 protensum
3030 3263 3216 3329 habet,
3251 3278 3380 3333 quo,
3417 3264 3643 3335 obliquo

323 3341 496 3394 κάσιν
522 3342 853 3400 εὐεπίϐατον
876 3346 977 3417 τὴν
1008 3347 1145 3419 πρὸς
1164 3349 1334 3422 αὐτὴν
1360 3353 1587 3422 πορείαν
1611 3355 1934 3429 παρέχεται.

334 3432 814 3492 Ὕποκοιλαίνεται
857 3440 966 3511 γάρ
1018 3457 1105 3505 τις
1145 3442 1327 3496 ἐκεῖσε
1367 3444 1684 3515 θαυμαστὸς
1734 3449 1925 3520 λιμὴν,

324 3526 591 3596 ἀσφαλῶς
624 3530 907 3597 ὑπτιάζων
937 3535 1052 3598 τοῖς
1081 3534 1368 3607 πλωτῆρσι
1406 3537 1506 3609 τὴν
1552 3540 1778 3605 εἴσοδον,
1814 3544 1937 3606 ταῖς

327 3622 391 3673 ὲκ
418 3622 754 3691 πνευμάτων
784 3614 1065 3690 παντελῶς
1095 3628 1394 3700 ἀπείρατος
1429 3635 1697 3703 ταραχαῖς
1721 3634 1817 3688 καὶ
1844 3634 1936 3689 τὸν

323 3714 503 3782 ὅρμον
534 3715 793 3786 ἀκύμονα
820 3717 1118 3775 καθιστῶν.
1160 3722 1258 3775 Ὃν
1286 3723 1352 3776 ὲκ
1377 3723 1479 3793 τῆς
1503 3724 1699 3795 λοιπῆς
1731 3726 1934 3780 θαλάσ-

332 3821 435 3875 σης
470 3808 501 3858 ὀ
526 3807 786 3879 τεχνίτης
817 3810 1064 3880 ἀπέτεμε
1106 3826 1122 3842 ⁶
1171 3812 1339 3883 μέσον
1379 3816 1489 3886 γὰρ
1516 3816 1789 3889 ἀπείρξας
1847 3819 1935 3875 διά

338 3911 486 3957 τινος
513 3899 722 3969 τείχους
744 3900 844 3972 τὴν
868 3902 979 3955 τῶν
1000 3903 1211 3958 ὑδάτων
1241 3906 1549 3977 ὲπίρῤοιαν,
1575 3911 1934 3982 συναπεῖρξεν

344 3984 411 4036 ἐκ
454 3985 543 4039 τοῦ
578 3991 712 4059 πρὸς
740 3991 1016 4047 θάλασσαν
1045 3995 1139 4049 καὶ
1168 3995 1281 4049 τῶν
1316 3998 1653 4067 πνευμάτων
1680 4001 1772 4054 τὸν
1797 4002 1933 4054 κλύ-

336 4074 501 4131 δωνα.
544 4078 607 4134 Ἡ
634 4081 882 4137 θάλασσα
921 4085 1032 4157 γάρ
1059 4086 1137 4154 τῷ
1174 4086 1323 4158 βυθῷ
1366 4091 1663 4162 φυσωμένη
1704 4092 1798 4145 καὶ
1832 4094 1934 4163 τὴν

326 4170 609 4246 ἐκδρομήν
645 4177 786 4248 πρὸς
809 4178 908 4251 τὴν
939 4180 1137 4251 χέρσον
1164 4183 1528 4258 ὲρευγομένη,
1591 4187 1669 4259 τῷ
1698 4188 1932 4262 διαφρά-

326 4280 508 4331 γματι
533 4266 631 4320 τοῦ
651 4269 777 4340 τῇδε
816 4272 1032 4341 τείχους
1054 4275 1397 4348 κωλυομένη,
1430 4279 1505 4348 μὴ
1564 4280 1767 4350 ἔχουσα
1821 4285 1929 4336 τίνι

320 4360 425 4427 τὴν
449 4360 687 4432 ἀπειλὴν
712 4363 1011 4435 ἑπαφήσει,
1045 4369 1214 4436 χωρεῖ
1231 4372 1344 4431 τοῖς
1401 4370 1486 4440 ἐφ’
1542 4373 1780 4445 ἑκάτερα
1835 4378 1930 4430 τοῦ

318 4452 546 4521 τείχους
589 4454 802 4525 μέρεσι,
830 4459 926 4511 καὶ
969 4458 1033 4511 τὸ
1052 4458 1197 4529 ὓδωρ
1220 4461 1412 4531 ἠρέμα
1463 4481 1582 4525 πως
1633 4451 1931 4539 ὀλισθῆσαν

2047 3353 2217 3408 latere
2266 3352 2623 3419 circumluta,
2673 3354 2910 3409 navibus
2964 3354 3204 3424 undique
3240 3370 3461 3409 versum
3502 3370 3642 3409 con-

2043 3444 2341 3502 ﬂuentibus
2390 3445 2606 3501 facilem
2654 3446 2710 3503 in
2764 3455 2940 3502 semet
3001 3455 3227 3516 praestat
3272 3447 3501 3502 aditum.
3540 3446 3642 3503 Hie

2042 3539 2189 3593 enim
2227 3546 2420 3609 portus
2466 3539 2690 3609 quidam
2724 3539 2998 3596 mirabilis
3029 3555 3166 3595 cavo
3198 3555 3419 3597 recessu
3452 3539 3641 3595 fundi-

2042 3639 2153 3695 tur,
2201 3646 2489 3701 pronoque
2519 3633 2573 3686 in
2603 3647 2664 3687 se
2691 3632 2844 3687 aditu
2880 3633 3272 3703 navigantibus
3308 3641 3428 3688 tuto
3476 3648 3639 3689 resu-

2040 3722 2285 3793 pinatur,
2318 3736 2350 3776 a
2395 3731 2688 3777 ventorum
2746 3723 2970 3792 injuriis
3020 3738 3254 3794 prorsus
3294 3724 3557 3779 innoxius
3584 3732 3640 3779 et

2039 3814 2265 3869 navium
2330 3815 2556 3870 stationi
2622 3815 2875 3886 placidus
2927 3830 2993 3871 ac
3065 3817 3422 3887 tranquillus.
3476 3815 3637 3870 Hune

2038 3905 2234 3971 artifex
2269 3922 2298 3960 a
2322 3907 2538 3977 reliquo
2566 3908 2704 3963 mari
2724 3909 2937 3972 divisit,
2973 3910 3161 3964 medio
3178 3909 3450 3981 siquidem
3476 3926 3638 3965 muro

2037 4012 2305 4067 aquarum
2352 3996 2561 4053 inﬂuxu
2609 4001 2872 4065 coercito,
2913 4015 3020 4053 una
3080 4016 3307 4071 quoque
3354 4003 3637 4070 praeclusit

2037 4104 2161 4161 quae
2210 4104 2277 4145 ex
2319 4090 2505 4145 vicino
2564 4092 2701 4145 mari
2745 4100 3151 4165 ventorumque
3196 4093 3326 4147 flatu
3366 4092 3633 4148 ﬂuctuum

2037 4185 2121 4239 vis
2164 4184 2513 4253 procellaque
2539 4184 2794 4239 illiditur.
2826 4183 2975 4240 Mare
3001 4200 3244 4255 namque
3277 4186 3390 4239 alto
3418 4186 3634 4255 gurgite

2038 4275 2288 4329 inﬂatum
2348 4278 2721 4338 continentem
2758 4291 3084 4345 excurrens,
3114 4292 3274 4332 muro
3306 4277 3633 4349 interposito

2037 4367 2436 4437 prmpeditum,
2484 4383 2611 4423 cum
2673 4384 2782 4424 non
2849 4371 3049 4426 habeat
3109 4386 3218 4440 quo
3269 4372 3449 4427 minas
3500 4386 3632 4427 suas

2036 4469 2323 4525 exoneret,
2381 4462 2439 4517 in
2486 4461 2658 4517 latera
2721 4464 2863 4518 muri
2923 4465 3317 4529 convolvitur;
3374 4471 3429 4519 et
3488 4478 3630 4534 aqua

317 4545 502 4616 ζάλης
531 4546 755 4620 ἀπάσης
799 4551 958 4617 ἐκτὸς
1002 4554 1096 4606 τὸν
1151 4555 1393 4609 τοιοῦτον
1432 4558 1605 4628 ὅρμον
1651 4561 1920 4634 διατηρεῖ.

2041 4552 2186 4607 lento
2239 4554 2479 4624 quodam
2515 4556 2679 4610 modo
2709 4558 2915 4612 sensim
2948 4556 3202 4613 dilabens
3226 4558 3307 4650 abl
3324 4559 3475 4613 omni
3511 4558 3631 4613 salo

335 4637 400 4691 Ὀ
421 4639 479 4691 δὲ
508 4640 573 4710 δὴ
602 4641 805 4705 κόλπος
826 4644 890 4696 ἐκ
916 4645 1016 4714 τῆς
1053 4647 1298 4717 μεγάλης
1342 4648 1622 4720 θαλάσσης
1658 4655 1925 4726 ’ἀποτμη-

318 4729 442 4793 θεὶς
468 4730 561 4784 διά
591 4749 736 4797 τινος
769 4734 1019 4805 αὐχένος,
1046 4737 1296 4805 ἀγκῶνος
1337 4739 1493 4811 δίκην
1536 4744 1925 4816 προϐεϐλημέ-

317 4841 420 4875 νου
449 4824 548 4877 καὶ
575 4827 668 4879 ἐπὶ
701 4828 966 4897 μήκιστον
991 4832 1104 4893 τοῖς
1156 4830 1315 4884 ὕδασι
1343 4832 1743 4904 διικνουμένου,
1778 4839 1839 4892 ὃν
1875 4842 1926 4894 οἱ

321 4916 472 4970 κατά
501 4917 691 4989 χώραν
712 4921 756 4953 ³⁷
810 4921 1075 4975 Ἐκϐολον
1104 4923 1434 4994 ὀνομάζουσι
1491 4927 1582 4980 διά
1631 4929 1695 4982 τὸ
1735 4931 1927 5003 ττόρρω

320 5025 432 5062 που
455 5012 574 5073 τοῖς
606 5009 796 5067 ὕδασιν
845 5014 1241 5086 ἐκϐεϐλῆσθαι,
1285 5018 1647 5089 στενούμενός
1682 5040 1743 5077 τε
1790 5026 1928 5097 πρὸς
1972 5041 1977 5047 '

321 5100 425 5170 τὴν
455 5101 652 5170 ἑτέραν
682 5103 741 5169 ἐξ
777 5107 1031 5171 ἐναντίας
1056 5108 1250 5179 χέρσον
1282 5108 1363 5180 [Ρ.
1397 5110 1526 5183 521]
1575 5116 1641 5184 τῇ
1685 5116 1780 5169 τοῦ
1828 5119 1937 5171 ab?

322 5192 487 5260 χένος
538 5194 734 5249 τούτου
780 5199 1139 5271 καινοτομίᾳ,
1199 5201 1389 5273 ἕτερος
1444 5203 1610 5276 λιμὴν
1666 5207 1927 5277 πελάγιος

321 5282 539 5349 γίνεται
572 5300 586 5312 ·
618 5282 679 5349 ἐξ
697 5278 759 5339 οὗ
788 5285 851 5357 δή
872 5304 977 5356 περ
995 5289 1246 5357 ἀγκῶνος
1272 5289 1469 5363 μέχρις
1498 5291 1664 5347 αὑτοῦ
1684 5294 1779 5348 τοῦ
1813 5296 1929 5349 τεί-

330 5393 455 5449 χους
469 5377 572 5445 τῆς
605 5378 815 5441 πόλεως
845 5379 1046 5434 κύκλον
1074 5385 1440 5455 πανευπρεπῆ
1474 5386 1537 5439 τὸ
1566 5386 1711 5460 ὕδωρ
1735 5392 1923 5460 μιμεῖ-

328 5484 440 5530 ται,
467 5473 582 5532 τοῖς
600 5470 687 5539 ἐφ’
714 5471 951 5542 ἑκάτερα
987 5473 1212 5545 μέρεσιν
1261 5477 1358 5529 ἐπὶ
1416 5477 1553 5531 πολὺ
1604 5482 1923 5552 ἐκτεινόμε-

332 5574 418 5613 νον
452 5559 499 5593 ³⁸
522 5561 620 5615 καὶ
646 5563 783 5635 πρὸς
806 5565 906 5637 τὴν
933 5565 1089 5620 πόλιν
1109 5566 1251 5621 κατά
1273 5567 1450 5641 βραχὺ
1473 5571 1920 5643 συστελλόμενον.

2031 4655 2281 4713 αεειυίιυε
2345 4646 2581 4700 liberum
2644 4657 2935 4704 conservat
3004 4636 3315 4705 istiusmodi
3381 4659 3627 4719 portum.

2034 4734 2205 4792 Sinus
2257 4753 2426 4807 porro
2474 4753 2506 4792 a
2558 4754 2762 4810 magno
2819 4742 2954 4795 mari
3012 4743 3228 4797 cervice
3278 4743 3517 4814 quadam
3566 4758 3630 4798 ac

2034 4830 2289 4885 faucibus
2349 4832 2519 4886 cubiti
2590 4832 2771 4887 instar
2832 4834 3281 4903 prominentibus
3346 4849 3405 4888 at
3461 4850 3627 4905 quam

2032 4923 2357 4989 longissime
2381 4924 2495 4977 alto
2516 4939 2740 4994 aequore
2766 4927 3226 4995 procurrentibus
3265 4926 3406 4999 (eam
3425 4926 3629 4981 accolae

2029 5016 2302 5071 cervicem
2337 5017 2604 5072 Ecbolum
2644 5019 2941 5089 appellant,
2967 5019 3113 5090 quod
3145 5020 3199 5073 in
3234 5033 3386 5073 mare
3432 5020 3625 5089 procul

2034 5107 2281 5176 projecta
2344 5108 2675 5181 effunditur)
2727 5111 3042 5174 abscissus,
3102 5110 3269 5179 inque
3333 5109 3623 5165 adversam

2034 5202 2255 5269 sibique
2328 5202 2639 5272 oppositam
2715 5204 3091 5258 continentem
3159 5202 3392 5256 cervicis
3456 5202 3625 5271 hujus

2036 5295 2275 5348 artificio
2305 5310 2369 5348 ae
2399 5296 2683 5349 molimine
2716 5304 3019 5359 coartatus,
3040 5294 3206 5347 alium
3234 5304 3450 5364 portum
3480 5296 3623 5351 intra

2036 5387 2264 5455 pelagus
2290 5387 2447 5441 efficit
2472 5405 2487 5454 ;
2516 5406 2581 5444 ex
2615 5405 2725 5461 quo
2750 5388 3003 5443 videlicet
3047 5388 3234 5443 cubitu
3277 5387 3531 5457 flexuque
3554 5389 3623 5445 ad

2032 5481 2211 5551 ipsum
2242 5482 2396 5537 urbis
2427 5498 2647 5537 murum
2684 5484 2871 5537 orbem
2894 5480 3345 5552 pulcherrimum,
3370 5481 3622 5550 partibus

2032 5574 2295 5643 utrinque
2335 5574 2441 5631 late
2480 5574 2621 5631 fusis
2672 5590 2977 5645 versusque
3028 5574 3219 5629 urbem
3251 5576 3455 5629 sensim
3496 5591 3621 5631 sese

1590 5686 1825 5742 VARI/E
1859 5686 2266 5744 LEGTIONES.

394 5769 440 5802 ⁹²
466 5770 917 5841 συγκαταδέξασα
936 5771 995 5825 Ρ.
1105 5774 1150 5806 ³³
1180 5775 1240 5841 ἐξ
1271 5790 1378 5833 om.
1410 5780 1469 5835 P.

326 5855 427 5909 ρας
460 5840 565 5896 AP.
644 5841 688 5875 ³⁸
717 5842 1087 5914 ἐπιτεινόμενον
1116 5843 1177 5900 Ρ.

1577 5780 1622 5815 λδ
1657 5781 1813 5836 τοῦτο
1849 5780 1957 5839 AI‘.

2036 5782 2079 5815 ”
2107 5783 2243 5849 τέως
2272 5784 2378 5839 AP.
2496 5785 2538 5817 "
2562 5784 2785 5854 προθεὶς
2816 5784 3107 5842 Combefis.
3147 5801 3320 5859 marg.
3436 5782 3480 5815 ³⁷
3510 5782 3617 5854 χώ-
