4094 6414
516 328 613 392 531

1741 342 2078 404 JOANNES
2134 346 2575 409 CAMENIATA

3696 356 3805 419 532

517 454 998 516 contrahentibus.
1024 453 1320 512 eﬂ‘ormare
1361 456 1602 512 videtur.
1640 457 1704 529 Et
1732 460 1958 529 respicit
1986 458 2111 530 qui-

2216 465 2324 517 Καὶ
2357 467 2541 538 ἀφορᾷ
2574 465 2721 534 μὲνό
2753 466 2950 531 κόλπος
2976 468 3039 519 ὲκ
3065 467 3219 520 νότου
3251 468 3352 539 τὴν
3384 470 3575 539 λοιπὴν
3597 468 3803 523 Θάλασ-

516 547 637 601 dcm
669 544 830 617 593
864 546 1021 602 sinus
1053 547 1122 602 ab
1159 555 1350 603 austro
1378 550 1653 619 reliquum
1698 566 1873 633 mare,
1906 561 2099 622 portus

515 640 722 702 simitu,
772 639 905 693 urbs
934 647 1176 707 portum.
1228 640 1306 697 Ac
1352 652 1545 712 portus
1585 643 1806 713 quidem
1864 655 2103 713 quatuor

514 734 732 801 angulis
774 734 1283 803 comprehenditur,
1339 735 1497 792 sinus
1558 738 1758 792 ﬂexum
1833 737 1887 791 in
1912 739 2098 793 orbem

514 828 671 881 alveo
719 844 881 897 quam
954 828 1191 883 maxime
1240 829 1511 895 profundo
1576 832 1793 901 agitur;
1838 832 2102 887 extremis

406 921 441 937 "
517 921 739 986 ﬁnibus,
784 930 836 974 et
883 922 1043 991 longe
1091 938 1119 976 a
1152 922 1492 990 continente,
1536 940 1732 995 magna
1764 934 1917 995 parte
1948 941 2103 995 aqua:

515 1015 859 1069 minuuntur.

585 1110 640 1161 5.
702 1108 767 1162 Et
824 1108 927 1163 hoc
976 1110 1140 1165 modo
1183 1124 1242 1163 se
1287 1109 1450 1163 habet
1498 1125 1627 1179 pars
1673 1110 1826 1165 urbis
1873 1127 1997 1181 quae
2036 1112 2103 1167 ad

520 1210 705 1256 notum
760 1212 1009 1271 spectat:
1044 1218 1166 1271 qua:
1218 1218 1350 1257 vero
1394 1204 1459 1257 ad
1517 1203 1855 1272 aquilonem,
1913 1221 2103 1274 asper—

518 1294 652 1347 rima
710 1301 793 1348 est
844 1301 899 1347 et
948 1308 1117 1364 prope
1164 1293 1454 1364 impervia.
1504 1295 1661 1350 Mons
1709 1294 1858 1349 enim
1914 1297 2106 1352 altiore

516 1386 813 1453 supercilio
857 1387 1087 1441 tumulis
1134 1388 1518 1457 superpositus
1557 1388 1783 1452 eminet,
1819 1404 1927 1444 non
1981 1378 2107 1461 pari

517 1490 636 1528 vam
688 1476 933 1532 civitatis
973 1484 1186 1546 partem
1241 1494 1271 1532 a
1313 1478 1523 1548 reliqua
1574 1479 1745 1541 humo
1784 1482 2104 1546 sustollens,

513 1569 651 1622 adeo
696 1575 755 1621 ut
813 1583 939 1637 pars
976 1568 1125 1623 illius
1173 1568 1226 1622 in
1277 1569 1504 1639 planitie
1545 1572 1860 1626 accolarum
1914 1573 2106 1628 usibus

512 1667 763 1730 coaptata
790 1660 994 1729 jaceat,
1038 1678 1166 1731 pars
1201 1663 1255 1717 iu
1287 1663 1522 1719 collibus
1554 1664 1933 1734 montiumque
1959 1665 2107 1736 jugis

517 1767 640 1807 sese
678 1751 961 1807 extendat.
1002 1752 1151 1807 Nihil
1200 1764 1382 1810 tamen
1436 1756 1621 1810 damni
1659 1771 1724 1812 ea
1768 1756 1974 1813 montis
2012 1773 2108 1813 ex-

2214 574 2334 625 σαν,
2385 558 2567 628 ἀφορᾷ
2590 556 2647 611 δὲ
2674 556 2865 611 τοῦτον
2896 558 3098 628 ὁμοίως
3118 561 3146 613 ό
3169 560 3334 630 λιμὴν
3360 561 3453 613 καὶ
3487 561 3579 613 τὸν
3604 560 3805 631 λιμένα

2208 653 2241 721 ἠ
2279 650 2452 713 πόλις.
2502 647 2644 702 ’Δλλ’
2666 651 2694 703 ό
2724 650 2822 719 μὲν
2852 650 3020 720 λιμὴν
3048 651 3273 722 τέτρασι
3305 653 3530 719 γωνίαις
3564 655 3805 722 ἐμπερι-

2214 743 2490 813 είληπται,
2527 741 2556 793 ό
2585 742 2641 795 δὲ
2658 742 2858 805 κόλπος
2891 742 3009 801 ἐστὶ
3043 744 3371 814 περιφερὴς,
3391 745 3450 797 τὸ
3482 745 3644 808 κύτος
3662 746 3806 815 ἔχων

2211 836 2299 889 διὰ
2325 836 2582 888 πλείστου
2623 834 2822 905 βάθους
2851 836 3085 906 χωροῦν,
3116 838 3185 890 τὰ
3237 838 3448 909 πέρατα
3475 838 3533 891 δὲ
3572 840 3668 892 καὶ
3694 840 3810 909 πρὸ

2214 925 2410 979 πολλοῦ
2456 925 2555 995 τῆς
2612 926 2810 997 χέρσου
2877 925 2946 978 τὰ
3004 926 3174 980 πολλὰ
3209 927 3318 980 τῶν
3348 928 3560 982 ὑδάτων
3592 929 3809 982 συστεί-

2212 1020 2398 1072 λαντα.

2283 1118 2345 1165 ε’.
2387 1111 2527 1164 Ἀλλ’
2551 1112 2609 1164 ὲν
2630 1111 2843 1175 τούτοις
2868 1112 2930 1165 τὸ
2972 1111 3113 1165 κατὰ
3144 1113 3294 1165 νότον
3339 1114 3506 1183 μέρος
3548 1115 3652 1183 τῆς
3710 1114 3811 1167 πό-

2212 1204 2349 1267 λεως
2376 1203 2608 1272 βάσιμον
2636 1203 2703 1267 ³⁸,
2726 1204 2788 1257 τὸ
2813 1202 2951 1274 πρὸς
2990 1203 3196 1275 βορρᾶν
3253 1204 3310 1257 δὲ
3352 1204 3430 1267 ὡς
3474 1203 3596 1257 λίαν
3628 1204 3815 1275 τραχὺ

2214 1296 2309 1347 καὶ
2356 1294 2641 1349 δύσϐατον.
2685 1294 2853 1366 Ὅρος
2907 1296 3017 1366 γὰρ
3072 1295 3415 1367 ὑπερκύπτει
3442 1298 3569 1360 τοὺς
3606 1296 3814 1364 λόφους

2216 1388 2688 1460 ὑπερανεστηκὸς,
2714 1389 2816 1442 οὐκ
2856 1388 3039 1457 ὀλίγον
3070 1389 3235 1461 μέρος
3285 1387 3456 1458 αὐτῆς
3482 1388 3582 1459 τῆς
3616 1389 3663 1421 ⁸ο
3709 1390 3815 1441 πό-

2215 1481 2352 1545 λεως
2406 1482 2505 1552 τῆς
2549 1480 2745 1548 λοιπῆς
2789 1481 3091 1552 ὑπεραῖρον
3134 1481 3258 1549 γῆς,
3302 1480 3377 1542 ὼς
3411 1479 3473 1531 τὸ
3503 1480 3601 1548 μὲν
3637 1478 3816 1545 αὐτῆς

2216 1572 2537 1644 πεδιάσιμον
2565 1569 2707 1627 εἶναι
2731 1573 2825 1627 καὶ
2862 1576 2983 1637 ταῖς
3022 1574 3236 1645 χρείαις
3284 1573 3394 1627 τῶν
3444 1573 3817 1626 ἐνοικούντων

2216 1666 2576 1737 κατάλληλον,
2604 1666 2666 1720 τὸ
2687 1666 2744 1721 δὲ
2786 1668 2901 1731 τοῖς
2926 1666 2970 1700 δι
3008 1666 3219 1736 βουνοῖς
3241 1667 3337 1720 καὶ
3366 1668 3488 1730 ταῖς
3524 1666 3635 1719 τῶν
3667 1667 3821 1736 ὀρῶν

2215 1761 2515 1831 ἀκρότησιν
2537 1757 2941 1813 ἀνατείνεσθαι.
2992 1758 3132 1812 Ἀλλ’
3170 1759 3329 1813 οὐδὲν
3356 1758 3536 1812 ἀδικεῖ
3576 1758 3675 1828 τὴν
3715 1760 3820 1810 πό-

514 1846 696 1903 tcusio
726 1846 1022 1917 oppidanis
1057 1847 1341 1917 importat,
1367 1855 1629 1919 tanquam
1659 1865 1689 1904 a
1724 1850 2106 1921 superioribus

2216 1855 2359 1925 λινή
2406 1854 2503 1907 τοῦ
2548 1854 2712 1924 ὅρους
2745 1853 3059 1922 παράτασις
3108 1852 3185 1915 ὡς
3244 1852 3586 1922 ἐμπαρέχειν
3626 1852 3819 1905 ἄδειαν

516 1956 615 2006 per
672 1955 796 1995 eum
851 1941 1072 1997 assilire
1126 1958 1425 2013 murosque
1483 1958 1801 2013 Oppugnare
1858 1944 2135 2020 hostibus.
2167 1960 2182 1970 ’

517 2035 697 2088 liceat.
742 2031 981 2087 Parvum
1039 2034 1187 2089 enim
1250 2035 1318 2091 ad
1362 2035 1704 2092 amoliendas
1751 2050 2112 2106 quascunque

516 2127 770 2192 insidias,
804 2128 1137 2198 interposito
1182 2143 1400 2198 campo,
1454 2128 1609 2183 hicce
1653 2129 2113 2187 tttmulus'relin-

512 2221 633 2291 quit
680 2222 945 2291 spatium,
978 2237 1089 2291 quo
1126 2221 1251 2276 inde
1287 2224 1437 2277 cives
1475 2221 1690 2277 facilem
1726 2222 1941 2292 possint
1982 2235 2112 2291 pro-

514 2316 739 2383 pulsare
767 2315 1062 2371 assultum.
1094 2314 1308 2375 Exinde
1362 2331 1523 2371 mons
1559 2316 1719 2386 longe
1767 2315 2114 2386 pre-tenditur

507 2408 755 2479 jugoque
810 2409 1072 2480 assurgit,
1106 2409 1343 2464 collibus
1388 2419 1556 2477 atque
1590 2410 1825 2465 vallibus
1879 2424 2114 2477 exaspe-

516 2510 696 2568 ratus,
748 2503 803 2557 in
866 2503 1107 2557 medium
1154 2502 1347 2572 procul
1399 2517 1460 2558 se
1513 2503 1781 2556 orientem
1842 2500 2110 2565 inferens,

512 2606 779 2666 quantum
841 2596 1103 2665 utrinque
1155 2595 1390 2665 subjecti
1442 2596 1544 2651 soli
1608 2595 1836 2671 agrique
1891 2595 2115 2665 oblique

512 2688 862 2743 subducitur.
906 2688 963 2742 In
1006 2689 1213 2759 duplici
1275 2705 1515 2757 namque
1560 2687 1875 2744 istiusmodi
1911 2688 2113 2741 montis

514 2782 704 2845 latere,
730 2789 844 2835 tum
873 2781 1084 2836 scilicet
1115 2780 1236 2849 ejus
1271 2781 1417 2849 quod
1445 2779 1511 2833 ad
1540 2788 1788 2834 austrum
1822 2787 1936 2833 tum
1964 2777 2110 2847 quod

513 2876 580 2929 ad
637 2874 953 2944 aquilonem
1009 2882 1113 2939 est,
1161 2873 1342 2942 campi
1397 2872 1755 2927 eilunduntur
1801 2870 1904 2941 ipsi
1937 2870 2107 2941 pervii

512 2974 679 3034 atque
741 2965 926 3030 utilvs,
982 2964 1189 3035 quique
1238 2964 1453 3019 civibus
1506 2962 1673 3034 494
1720 2962 1988 3033 quidquid
2042 2962 2109 3015 ad

512 3058 683 3111 vitam
752 3057 1047 3112 commode
1125 3056 1549 3112 sustentandam
1615 3055 1877 3110 conducit
1945 3054 2111 3108 ubere

513 3158 785 3217 proventu
819 3150 1114 3206 sulliciant.
1150 3148 1355 3203 Horum
1398 3149 1558 3214 alter,
1597 3149 1802 3217 quippe
1845 3147 1911 3201 ad
1952 3163 2108 3201 mon-

514 3242 585 3295 tis
636 3250 887 3295 austrum
931 3257 1165 3312 vergens
1201 3240 1470 3310 urbisque
1521 3240 1826 3304 meridiem,
1869 3239 1974 3293 dici
2000 3254 2106 3292 non

513 3342 695 3401 potest
724 3350 888 3401 quam
922 3333 993 3388 sit
1021 3348 1274 3388 amoenus
1321 3341 1672 3401 quantasque
1707 3331 1935 3387 delicias
1974 3346 2111 3400 prte-

517 3426 661 3479 beat.
707 3422 1008 3478 Frondosis
1045 3424 1192 3478 enim
1254 3424 1553 3491 densisque
1593 3422 1997 3477 condecoratnr
2024 3437 2111 3474 ar-

516 3516 768 3581 boribus,
816 3516 991 3569 hortis
1050 3515 1188 3569 varii
1238 3516 1458 3585 generis
1511 3524 1564 3568 et
1639 3514 1886 3578 vivariis,
1946 3514 2111 3583 aquis

518 3622 659 3666 nene
721 3607 1051 3671 innumeris,
1099 3607 1300 3679 partim
1352 3606 1584 3662 fontium
1638 3606 1771 3661 rivis
1810 3606 2010 3676 partim
2061 3612 2113 3658 et

518 3702 726 3763 lluviis,
796 3699 1002 3769 quibus
1074 3708 1350 3755 montanae
1414 3700 1565 3755 silva:
1633 3699 1855 3767 lucique
1918 3713 2114 3769 campo

515 3792 891 3857 gratiﬁcantes
945 3793 1124 3861 ipsum
1183 3808 1338 3849 mare
1390 3794 1695 3861 accipiunt.
1759 3792 1912 3847 Vites
1965 3793 2112 3846 enim

518 3885 750 3942 alternis
783 3886 1012 3939 consita:
1035 3900 1165 3941 arva
1192 3894 1488 3947 coronant,
1514 3887 1841 3955 pulchrique
1869 3895 2115 3940 amantes

514 3981 710 4033 oculos
782 3978 1065 4033 fructuum
1134 3980 1474 4033 abundantia
1549 3979 1614 4033 ad
1682 3979 2116 4047 jncnndissimas

516 4072 824 4139 voluptates
861 4071 1114 4124 invitant.
1148 4069 1545 4125 Monachornm
1590 4069 1749 4139 plura
1799 4070 2113 4139 spissaquc,

517 4161 772 4231 religiosa
834 4162 1111 4230 palaestra,
1162 4160 1426 4231 hospitia,
1459 4170 1573 4215 tum
1648 4161 1851 4215 montis
1908 4159 2119 4216 declive

518 4262 634 4305 tum
685 4253 797 4320 agri
830 4252 1024 4319 reliqui
1075 4251 1322 4320 subjecta
1376 4251 1635 4315 colentia,
1670 4251 1919 4320 locisque
1952 4266 2122 4306 ama:-

519 4343 767 4397 nissimis
834 4344 1050 4412 posita.
1106 4357 1309 4396 novum
1383 4343 1660 4411 quoddam
1735 4343 2116 4411 spectaculum

521 4434 828 4502 peregrinis
882 4433 1130 4502 ipsisque
1180 4434 1319 4487 adeo
1362 4434 1579 4489 civibus
1632 4431 1965 4502 offeruntur.
2011 4434 2119 4488 Sed

2212 1949 2326 2011 τοῖς
2355 1945 2640 2016 πολεμίοις
2667 1946 2763 2015 ἀφ’
2803 1945 2975 2015 ὕψους
3006 1944 3367 2014 ἐπεμϐαίνειν
3398 1944 3496 1997 καὶ⁸
3542 1942 3641 1997 τοῦ
3700 1943 3820 1995 τεί-

2214 2058 2343 2113 χους
2368 2038 2860 2111 κατεπαμύνεσθαι
2899 2056 2911 2069 ο
2942 2039 3110 2093 ἔδωκε
3134 2040 3242 2108 γὰρ
3281 2037 3471 2109 ὀλίγην
3526 2037 3655 2091 τινά
3696 2054 3823 2107 σχο-

2213 2136 2313 2205 λὴν
2350 2135 2379 2187 ὸ
2408 2134 2598 2204 βουνὸς
2631 2133 2838 2196 ἐκεῖνος
2865 2131 2910 2163 ⁸³
2952 2132 3091 2201 πρὸς
3119 2131 3179 2185 τὸ
3208 2129 3574 2198 φυλάττεσθαι
3627 2130 3821 2182 πᾶσαν

2214 2227 2530 2298 ἐπιϐουλὴν,
2564 2225 2642 2296 τῷ
2669 2225 2756 2278 διά
2786 2223 2953 2294 μέσου
2974 2222 3138 2293 χώρῳ
3173 2223 3273 2292 τὴν
3309 2223 3526 2292 ιεὐχερῆ
3571 2222 3821 2291 προσεο-

2213 2321 2310 2392 λὴν
2328 2317 2702 2389 ἀποκρούσας.
2747 2315 2822 2370 Τὸ
2865 2316 2911 2371 δ’
2944 2315 3197 2369 ἐντεῦθεν
3244 2314 3587 2369 ἀνατείνεται
3646 2315 3824 2384 μέχρι

2213 2411 2410 2467 πολλοῦ
2441 2411 2501 2464 τὸ
2524 2410 2650 2481 ὄρος
2671 2410 2766 2461 καὶ
2802 2408 3185 2481 ὑπερίδρυται,
3210 2411 3325 2471 τοῖς
3354 2406 3541 2476 λόφοις
3564 2409 3665 2459 καὶ
3691 2409 3827 2470 ταῖς

2212 2504 2516 2577 χαράδραις
2550 2502 3044 2573 ὲντραχυνόμενον,
3093 2501 3195 2573 τὴν
3240 2498 3581 2570 μεσαιτάτην
3615 2500 3824 2552 ἀνατο-

2212 2595 2311 2666 λὴν
2340 2594 2700 2664 ὲπειγόμενον
2732 2609 2749 2625 ’
2780 2592 3040 2648 τοσοῦτον
3066 2593 3131 2649 ὲκ
3162 2591 3395 2659 πλαγίου
3421 2591 3514 2659 ἀφ’
3546 2590 3594 2622 ⁸³
3620 2589 3823 2643 ἑκατέο

2217 2707 2311 2759 ρου
2354 2688 2555 2762 μέρους
2578 2686 2942 2756 ὑποκείμενον
2975 2685 3262 2754 διαφεύγει
3286 2683 3387 2753 τῆς
3419 2683 3546 2753 γῆς.
3586 2682 3676 2735 Ἐν
3704 2682 3822 2752 γάρ

2212 2786 2336 2847 ταῖς
2356 2782 2476 2836 δυσὶ
2509 2781 2776 2852 πλευραῖς
2800 2778 2955 2833 τοῦδε
2990 2778 3086 2831 τοῦ
3119 2778 3302 2849 ὅρους,
3356 2774 3451 2829 τοῦ
3485 2792 3543 2828 τε
3575 2774 3620 2806 ⁸⁸
3671 2772 3818 2842 πρὸς

2213 2874 2390 2938 νότον,
2415 2872 2580 2942 φημὶ,
2597 2871 2692 2924 καὶ
2711 2867 2807 2923 τοῦ
2834 2868 2970 2940 πρὸς
2995 2868 3218 2939 βορῤἄν,
3244 2865 3403 2920 πεδία
3418 2863 3741 2936 ἀφήπλωται
3762 2860 3815 2893 ⁸³

2216 2965 2424 3038 βάσιμά
2447 2981 2508 3018 τε
2555 2963 2651 3018 καὶ
2696 2962 2969 3033 χρήσιμα,
3029 2961 3213 3014 πᾶσαν
3267 2958 3528 3029 ἀφορμὴν
3581 2955 3817 3018 eorum;

2212 3061 2327 3123 τοῖς
2350 3059 2598 3121 πολίταις
2624 3053 2947 3127 δωρούμενα
2975 3070 2988 3083 ·
3021 3046 3097 3106 ὧν
3118 3052 3179 3105 τὸ
3210 3051 3311 3122 μὲν
3345 3051 3423 3114 ὡς
3470 3049 3608 3121 πρὸς
3662 3049 3827 3104 νότον

2211 3153 2307 3206 τοῦ
2328 3152 2512 3223 ὅρους,
2551 3149 2688 3221 πρὸς
2730 3146 2999 3216 ἀνατολὴν
3020 3145 3079 3198 δὲ
3130 3144 3233 3215 τῆς
3284 3144 3519 3209 πόλεως,
3574 3143 3649 3206 ὡς
3693 3141 3825 3195 λίαν

2214 3244 2333 3298 ἐστὶ
2362 3240 2680 3311 παγκαλλὲς
2710 3239 2807 3293 καὶ
2822 3238 3110 3309 ἐράσμιον.
3146 3236 3507 3307 Κεκόσμηται
3540 3235 3654 3306 γὰρ
3693 3235 3820 3290 δέν-

2212 3337 2397 3407 δρεσιν
2452 3332 2825 3403 ἀμφιλαφέσι,
2876 3329 3233 3401 παραδείσοις
3284 3328 3577 3393 ποικίλοις,
3628 3327 3823 3381 ὕδασιν

2213 3428 2488 3498 ἀπείροις,
2528 3427 2643 3489 τοῖς
2695 3426 2793 3496 μὲν
2829 3424 3093 3494 πηγαίοις
3126 3425 3242 3487 τοῖς
3284 3422 3341 3476 δὲ
3376 3420 3692 3491 ποταμίοις,
3736 3415 3824 3485 οἷς

2214 3521 2269 3573 αί
2304 3518 2617 3589 λόχμαιτοῦ
2648 3518 2809 3589 ὅρους
2844 3517 2921 3587 τῷ
2949 3516 3118 3587 πεδίῳ
3149 3515 3470 3587 χαρίζονται
3499 3514 3595 3567 καὶ
3646 3513 3826 3585 αὐτὴν

2215 3612 2272 3665 δὲ
2311 3610 2615 3676 δεξιοῦνται
2641 3609 2742 3681 τὴν
2772 3609 3050 3664 Θάλασσαν
3067 3608 3134 3664 ⁸⁵.
3163 3608 3435 3678 Ἀμπελοι
3478 3607 3587 3679 γὰρ
3651 3609 3825 3679 ἀλλή-

2216 3707 2337 3768 λαις
2378 3702 2946 3775 παραπεφυτευμέναι
2990 3700 3059 3755 τὰ
3111 3700 3291 3771 χωρία
3335 3700 3668 3771 στεφανοῦσι
3726 3702 3818 3755 καὶ

2217 3799 2308 3851 τὸν
2359 3797 2650 3867 φιλόκαλον
2699 3796 2979 3867 ὀφθαλμὸν
3031 3798 3097 3866 τῇ
3156 3794 3362 3866 πληϐύῖ
3423 3794 3534 3848 τῶν
3585 3795 3821 3867 καρπῶν

2219 3894 2300 3952 εἰς
2336 3890 2683 3962 εὐφροσύνην
2727 3889 3168 3962 προτρέπονταιο
3230 3887 3391 3957 μοναὶ
3448 3886 3508 3939 δὲ
3565 3887 3824 3957 μοναχῶν

2221 3980 2417 4035 πολλαὶ
2449 3982 2543 4035 καὶ
2567 3982 2760 4050 συχναὶ
2807 3980 2869 4033 τό
2904 3996 2962 4032 τε
3004 3979 3270 4043 ύπτιάζον
3298 3976 3394 4030 τοῦ
3422 3976 3583 4047 ὅρους
3611 3978 3707 4029 καὶ
3760 3978 3822 4029 τὸ

2218 4076 2319 4147 τῆς
2352 4076 2550 4146 λοιπῆς
2585 4077 2688 4145 γῆς
2731 4075 3097 4144 ὑποκείμενον
3137 4071 3512 4139 κατοικοῦσαι,
3566 4070 3664 4124 καί
3704 4088 3823 4123 τισι

2221 4169 2611 4240 τερπνοτάτοις
2667 4167 2891 4238 χωρίοις
2948 4166 3407 4235 ὲγκαθεζόμιναι,
3456 4164 3644 4217 καινόν
3670 4164 3714 4197 ⁸⁷
3770 4181 3827 4218 τι

2223 4260 2414 4329 χρῆμα
2442 4261 2553 4321 τοῖς
2582 4275 2639 4311 τε
2666 4258 2868 4318 όδίταις
2904 4256 2999 4310 καὶ
3048 4256 3235 4319 αὐτοῖς
3256 4256 3370 4318 τοῖς
3427 4252 3681 4315 πολίταις
3716 4268 3827 4303 πε-

2226 4351 2455 4419 φύκασι.
2501 4348 2583 4420 [Ρ.
2626 4349 2755 4418 322]
2829 4350 2901 4401 Τὸ
2931 4347 2987 4400 δὲ
3029 4348 3171 4400 κατὰ
3216 4347 3379 4400 λαιὰν
3417 4345 3661 4416 πλευρὰν
3718 4345 3823 4397 τοῦ

2228 4442 2390 4513 ὅρους
2421 4442 2605 4495 πεδίον
2637 4441 2754 4494 ἔστι
2788 4441 2883 4493 καί⁸
2914 4440 3048 4493 αὐτὸ
3074 4440 3381 4509 τεταμένον
3402 4441 3483 4500 εἰς
3512 4441 3685 4508 μῆκος
3716 4455 3825 4490 πο-

517 4538 572 4581 et
616 4543 846 4597 campus
893 4544 922 4581 a
981 4529 1184 4582 montis
1238 4529 1392 4594 laeva,
1443 4517 1561 4597 ipse
1605 4542 1827 4597 quoque
1859 4528 2112 4598 longissi-

2226 4535 2311 4599 λὺ,
2350 4533 2638 4605 εὐρύνεται
2666 4532 2721 4585 δὲ
2751 4531 2946 4604 μέχρις
2987 4531 3165 4589 ἄλλων
3215 4530 3390 4601 ὀρέων
3420 4548 3435 4563 ο
3496 4523 3707 4591 οὗτινος
3764 4530 3829 4581 ὲν

520 4634 606 4674 me
654 4617 833 4686 fusus,
863 4619 929 4673 ad
976 4619 1116 4675 alios
1164 4635 1340 4689 usque
1374 4628 1595 4674 montes
1617 4620 1919 4687 dilatatur;
1954 4620 2118 4688 cujus

522 4710 705 4766 medio
738 4712 851 4768 duo
893 4714 1001 4766 late
1046 4715 1555 4784 stagnanteslacus
1605 4716 1876 4785 potiorem
1910 4723 2118 4786 partem

520 4812 819 4874 occupant,
867 4805 960 4874 qui
1029 4805 1133 4875 ipsi
1187 4818 1298 4861 n0n
1352 4808 1741 4862 contemnendi
1782 4823 1920 4862 usus
1967 4808 2118 4863 exsi-

521 4905 688 4951 stant.
741 4895 909 4951 Alunt
937 4898 1082 4952 enim
1138 4907 1251 4953 tum
1287 4914 1488 4968 parvos
1521 4907 1633 4953 tum
1677 4914 1904 4970 magnos
1930 4900 2116 4955 diver-

524 4990 682 5059 sique
716 4992 933 5060 generis
965 5000 1019 5047 et
1058 4993 1213 5063 copia
1265 5010 1402 5063 pone
1430 4994 1861 5052 innumerabiles
1907 4998 2111 5067 pisces,

525 5082 618 5151 qui
651 5090 765 5136 tum
820 5084 1023 5140 vicinis
1074 5085 1295 5155 oppidis
1345 5095 1459 5141 tum
1500 5086 1605 5158 ipsi
1652 5089 1859 5143 civitati
1896 5089 2111 5145 uberri-

526 5190 611 5228 me
661 5175 892 5237 obsouia
948 5176 1264 5247 victuraque
1309 5177 1607 5233 sulﬁciant.
1648 5179 1915 5234 Videntur
1963 5181 2110 5234 enim

526 5267 647 5320 lzice
675 5268 829 5323 lacus
869 5270 985 5324 suis
1016 5269 1395 5338 largitionibus
1435 5286 1557 5324 cum
1600 5272 1735 5325 mari
1788 5287 1955 5341 prope
1981 5287 2112 5327 con-

525 5359 749 5449 teudere
804 5372 1105 5431 mutuoque
1140 5371 1374 5429 certare.
1427 5372 1549 5418 utra
1604 5364 1760 5433 plura
1795 5364 2111 5421 exhibeant.

521 5452 767 5505 Alterum
816 5462 997 5508 tamen
1050 5455 1119 5507 ab
1167 5454 1343 5510 altero
1374 5455 1633 5520 vincitur,
1679 5472 1779 5511 nec
1823 5457 1985 5526 cujus
2035 5456 2117 5509 vi-

2229 4628 2379 4698 μέσῳ
2402 4626 2791 4695 πελαγίζονται
2829 4625 2924 4679 δύο
2939 4626 3081 4690 τινὲς
3112 4625 3319 4696 εὐρεῖαι
3346 4624 3556 4694 λίμναι,
3584 4622 3646 4676 τὸ
3670 4621 3821 4675 πλεῖ-

2227 4736 2353 4773 στον
2407 4719 2599 4773 τούτου
2652 4719 3082 4790 διακατέχουσαι
3128 4718 3224 4772 καί
3261 4736 3384 4772 τινα
3440 4716 3686 4788 μεγάλην
3722 4715 3825 4767 καὶ

2224 4803 2387 4863 αὗται
2426 4810 2883 4880 συνεισφέρουσαι
2912 4804 3127 4879 χρείαν.
3160 4808 3437 4877 Τρὲφουσι
3463 4808 3573 4875 γὰρ
3627 4806 3821 4875 ἰχθύας

2224 4902 2317 4954 καὶ
2348 4901 2577 4971 μικροὺς
2608 4902 2704 4953 καὶ
2736 4901 3031 4970 μεγάλους,
3065 4899 3159 4952 καὶ
3187 4904 3299 4961 τοῖς
3324 4898 3491 4951 εἴδεσι
3520 4898 3823 4968 διαφόρους

2223 4995 2317 5049 καὶ
2346 4996 2577 5057 πολλοὺς
2608 4994 2687 5065 τῷ
2724 4993 2943 5063 πλήθει,
2975 4995 3094 5055 ταῖς
3119 5009 3178 5044 τε
3204 4991 3414 5059 γείτοσι
3471 4989 3690 5061 κώμαις
3720 4988 3823 5043 καὶ

2221 5087 2360 5157 αὐτῇ
2396 5086 2451 5139 δὲ
2476 5089 2542 5157 τῇ
2578 5087 2731 5139 πόλει
2770 5084 3171 5154 δαψιλεστάτην
3199 5082 3658 5153 ἀποπληροῦντας
3686 5083 3823 5151 τρά-

2223 5179 2415 5243 πεζαν.
2446 5180 2559 5231 Καὶ
2608 5178 2716 5248 γὰρ
2739 5173 2851 5231 οἷον
2908 5176 3309 5246 φιλονεικοῦσιν
3362 5176 3420 5229 ai
3469 5174 3661 5245 λίμναι
3695 5176 3821 5235 ταῖς

2221 5270 2426 5325 τούτων
2448 5270 2727 5324 ὲπιδόσεσι
2745 5270 2882 5341 πρὸς
2899 5271 3001 5340 τὴν
3024 5269 3324 5335 Θάλασσαν,
3354 5270 3447 5323 καὶ
3475 5266 3819 5337 ἁμιλλῶνται

2222 5364 2306 5426 τίς
2328 5363 2511 5417 αὐτῶν
2542 5364 2604 5416 τὸ
2637 5363 2821 5417 πλεῖον
2849 5363 3223 5435 παράσχηται.
3256 5362 3403 5432 Πλὴν
3437 5360 3703 5430 ἑκάτεραι
3732 5375 3820 5410 νι-

2224 5452 2428 5506 κῶνται
2454 5453 2517 5517 ἐξ
2541 5454 2843 5524 ἑκατέρων,
2877 5455 3027 5527 καὶὴ
3052 5454 3260 5510 νικῶσα
3288 5454 3390 5509 οὐκ
3420 5455 3535 5523 ἔχει
3565 5454 3671 5506 τίνι
3716 5450 3820 5521 τὴν

1848 5593 2084 5648 ΥΑΙΗΑΞ
2124 5592 2531 5648 LECTIONES.
2974 5626 2981 5632 -

592 5682 918 5760 ’ἶβάςῖεμον
951 5690 1159 5759 sumpsi
1183 5707 1209 5743 ιι
1239 5690 1342 5745 Li.
1374 5707 1422 5746 e.
1451 5691 1632 5746 Leone
1661 5693 1858 5745 Allatio
1911 5692 1963 5742 in
2021 5690 2112 5744 Ge.

2216 5690 2456 5760 :ropolit.
2506 5696 2709 5760 nntap.
2740 5687 2848 5760 225
2879 5687 2963 5741 ed.
3002 5684 3177 5742 Paris.
3238 5688 3316 5760 __‘°
3358 5682 3524 5752 αὐτῆς
3563 5682 3685 5760 τῆς]
3725 5681 3815 5760 καί

528 5749 698 5848 finite"
725 5749 831 5835 A‘IL.
909 5758 964 5848 ιζ
994 5749 1100 5821 τοῖς
1132 5776 1240 5848 orm.
1278 5761 1338 5813 L.
1414 5763 1457 5792 ⁸³
1486 5765 1662 5815 ἐκεῖσε
1695 5762 1802 5814 AL.

612 5836 911 5848 .,.--...__,
1086 5832 1126 5848 ιι
1466 5832 1483 5848 .

610 5821 1003 5887 ὲφήπλωταιῐλ.
1084 5832 1126 5862 δέ
1158 5830 1423 5885 Θάλατταί
1466 5832 1527 5887 1..
1602 5831 1644 5865 ³⁷
1688 5835 1861 5885 κοινόν
1895 5832 1955 5886 L.

1908 5764 1950 5791 ‘3
1984 5762 2048 5813 τΞι
2108 5765 2166 5813 ἐκ
2224 5758 2454 5829 πλαγίου
2520 5761 2603 5829 ἐφ’
2634 5759 2693 5812 L.
2722 5758 2805 5829 ἐφ’
2839 5760 3001 5814 etiam
3061 5760 3123 5810 A.

3234 5758 3276 5787 “
3316 5760 3376 5827 τῇ
3419 5773 3475 5808 τε
3504 5785 3561 5792 ηρ
3599 5752 3689 5806 καὶ
3718 5752 3818 5823 τῇῒ
