4094 6410
360 354 464 418 533

1426 356 1529 419 DE
1555 356 1872 419 EXCIDIO
1907 357 2527 420 THESSALONIC/E.

3539 359 3645 425 5'34

352 470 1018 545 ἦττανκατσψηφίσεται.
1050 473 1125 528 Tb
1152 472 1211 528 δι
1257 471 1448 528 λοιπὸν
1476 474 1570 528 τοῦ
1599 473 1783 529 πεδίου
1810 473 1957 529 ἀνετ-

2067 472 2237 529 ctoria
2268 479 2374 539 est,
2400 471 2512 527 utri
2546 468 2677 527 victi
2707 454 2948 530 dedecus
2980 472 3283 537 adscribat,
3306 472 3470 547 595
3499 475 3657 530 valet-

348 583 445 619 ται
468 568 578 629 τοῖς
606 569 895 638 γεωργοῖς.
926 567 1339 639 παραχωρεῖται
1366 568 1482 631 τοῖς
1515 566 1696 632 ζώοις,
1728 569 1842 631 τοῖς
1882 584 1943 621 τε

350 655 704 726 πειθομένοις
734 658 855 719 ταῖς
891 658 1002 711 τῶν
1059 655 1365 731 ἀνθρώπων
1418 658 1639 730 τέχναις
1684 658 1780 711 καὶ
1829 660 1945 721 τοῖς

349 747 645 820 ἐλεύθερον
671 749 877 817 ἀφιεῖσι
909 750 969 803 τὺ
1006 752 1148 821 ἴχνος
1176 752 1291 815 τοῖς
1316 751 1521 822 ὄρεσιν.
1562 750 1796 821 Ἐλαφοι
1833 751 1944 823 γὰρ

348 842 424 896 τὰ
458 842 561 913 ὅρη
584 841 840 897 λιποῦσαι
861 844 955 897 καὶ
996 843 1118 907 ταῖς
1160 843 1383 915 λίμναις
1419 843 1609 915 ῶσπερ
1659 845 1770 898 τῶν
1814 843 1945 898 ὑδάο

345 951 465 988 των
487 936 916 1006 ἑπιτερπόμεναι
944 934 1079 1006 ὁμοῦ
1099 952 1160 989 τε
1180 935 1395 1006 ἔχουσιν
1412 936 1641 1006 ἄφθονον
1666 936 1727 990 τὸ
1760 936 1944 1003 ποτὸν,

356 1028 456 1082 καί⁹
476 1029 601 1090 ταῖς
626 1027 815 1097 βουσὶν
848 1030 906 1083 ὲν
944 1027 1095 1101 αύτῷ
1140 1027 1640 1099 συναγελαζόμεναι
1680 1029 1838 1085 κοινὰ
1878 1028 1947 1084 τὰ

355 1122 483 1173 σῖτα
512 1119 935 1191 προσφέρονται.
1381 1130 1392 1140 ’

431 1212 509 1280 ς’.
547 1213 690 1267 Ἀλλ’
726 1214 930 1279 ίκανῶς
956 1215 1014 1270 ἂν
1030 1214 1245 1278 τούτοις
1274 1213 1340 1269 τά
1373 1233 1432 1268 τε
1484 1215 1621 1285 πρὸς
1683 1216 1949 1289 ἀνατολὴν

351 1306 456 1361 καὶ
490 1306 695 1379 βορρᾶν
722 1309 825 1378 τῆς
851 1308 1079 1374 πόλεως,
1111 1308 1270 1378 ἔτιγε
1306 1311 1412 1380 μὴν
1443 1308 1534 1362 καὶ
1563 1310 1629 1364 τὰ
1668 1308 1805 1382 πρὸς
1859 1311 1946 1365 νό-

350 1415 450 1451 τον
479 1398 918 1469 διαγραψάμσνοι
940 1400 1041 1471 τὴν
1071 1401 1208 1472 πρδς
1235 1400 1391 1455 δύσιν
1430 1401 1599 1473 αὐτῆς
1623 1402 1669 1436 ⁸⁸
1723 1402 1816 1456 τοῦ
1842 1421 1950 1475 χω-

357 1489 475 1560 ρίου
506 1489 657 1545 θέσιν
687 1490 831 1545 κατά
850 1491 913 1545 τὸ
940 1492 1166 1547 δυνατὸν
1193 1492 1591 1565 ἱστορήσωμεν.
1630 1493 1817 1548 Ἔστιν
1832 1495 1953 1550 ἓτε-

354 1598 454 1651 ρον
503 1582 706 1645 πεδίον,
763 1583 861 1636 ἀπ’
899 1582 1067 1637 αὑτοῦ
1120 1583 1215 1638 τοῦ
1254 1585 1470 1655 τείχους
1531 1584 1631 1656 τῆς
1690 1585 1953 1657 Ἐκδολῆς

351 1675 764 1746 ἀπαρχόμενον,
810 1677 875 1749 τῇ
932 1675 1084 1748 δεξιᾷ
1138 1675 1234 1730 τοῦ
1291 1677 1453 1749 ὅρους
1502 1677 1829 1748 ἁπτόμενον,
1883 1681 1950 1750 τῇ

350 1765 487 1836 λαιᾷ
519 1766 576 1819 δὲ
612 1768 677 1837 τῇ
721 1766 968 1840 θαλάσσῃ
1004 1765 1366 1839 συνομοροῦν,
1423 1767 1705 1841 ἀμύθητον
1763 1768 1953 1824 κάλλει

348 1834 480 1921 ταῖς
508 1858 620 1912 τῶν
652 1834 908 1929 δρώντων
940 1834 1325 1930 -ῦποκείμενον
1368 1834 1607 1930 ὄψεσιν..
1628 1861 1787 1916 Ἐστι
1844 1862 1951 1933 γὰρ
1980 1834 2029 1899 Β

348 1950 416 2003 τδ
448 1950 552 2019 μὲν
587 1949 754 2005 αὐτοῦ
780 1950 1072 2022 διάϐροχον
1114 1950 1326 2019 ὕδασιν,
1382 1952 1507 2007 ὅσον
1557 1952 1718 2023 αύχεῑ
1750 1953 1854 2025 τήν
1891 1971 1953 2008 τε

353 2044 515 2096 πόλιν
545 2043 695 2114 ἔχειν
721 2044 816 2097 καὶ
846 2044 947 2113 τὴν
972 2044 1254 2099 θάλασσαν
1282 2044 1525 2113 γείτονα,
1558 2046 1828 2117 ἀμπέλοις
1857 2046 1954 2100 καλ⁵

349 2135 603 2207 δένδρεσι
648 2137 987 2207 κατακόμοις
1033 2138 1127 2192 καὶ
1169 2138 1517 2208 παραδείσοις
1573 2138 1955 2211 κατεστεμμέ-

356 2236 467 2295 νον,
495 2229 850 2300 οίκήμασίτε
890 2229 986 2284 καί
1012 2247 1122 2283 τισι
1164 2230 1444 2294 πλείστοις
1481 2229 1807 2301 σεϐασμίοις
1853 2248 1955 2302 ση-

357 2324 476 2388 κοῖς
506 2322 955 2395 κεκοσμημένον,
985 2317 1061 2377 ὧν
1094 2323 1223 2388 τοὺς
1247 2324 1501 2388 πλείονας
1536 2324 1790 2396 μοναχῶν
1829 2324 1956 2394 ἀγέ-

354 2414 445 2467 λαι
474 2413 762 2482 διείλοντο,
812 2416 920 2471 πᾶν
948 2410 1086 2480 εἶδος
1109 2416 1313 2488 ἀρετῆς
1352 2414 1650 2479 ἀσκοῦντες
1710 2416 1805 2470 καὶ
1838 2415 1959 2487 Θεῷ

360 2504 512 2574 μόνῳ
540 2504 765 2569 ζῶντες,
806 2504 944 2576 πρὸς
973 2504 1031 2558 ὃν
1060 2504 1374 2573 ἐπείγονται
1411 2504 1506 2558 καὶ
1530 2502 1600 2557 δι’
1626 2502 1688 2556 δν
1732 2503 1835 2567 τὰς
1864 2518 1960 2556 πο-

354 2596 576 2660 λιτικὰς
598 2596 847 2670 ταραχὰς
874 2596 1128 2661 λιπόντες
1174 2596 1273 2668 τὴν
1297 2596 1436 2669 πρὸς
1462 2596 1627 2651 αὐτὸν
1660 2595 1754 2650 καὶ
1799 2594 1959 2667 μόνον

357 2688 639 2759 σὲρουσαν
680 2688 870 2758 τρίόον
917 2688 1212 2743 ἀνείλοντο.
1266 2687 1342 2741 Τὸ
1391 2687 1438 2741 δ’
1498 2686 1750 2741 ἐντεῦθεν
1793 2684 1959 2741 αὐτοῦ

352 2780 633 2850 διαχεῖται
663 2783 729 2852 τῇ
754 2780 939 2853 χέρσῳ
980 2781 1144 2852 μέχρι
1179 2778 1402 2847 πολλοῦ,
1437 2780 1634 2848 ἄξυλον
1661 2780 1760 2851 μὲν
1796 2778 1873 2844 ὡς
1901 2779 1963 2833 τὰ

356 2873 534 2927 πολλὰ
553 2872 651 2944 τὴν
683 2872 924 2945 βλάστην
943 2871 1086 2943 ἕχον,
1119 2873 1300 2945 πάσης
1326 2873 1382 2927 δὲ
1415 2874 1731 2945 γεωργικῆς
1769 2873 1966 2943 ἐπιμε-

2051 576 2317 624 statucre.
2363 562 2496 636 Agri
2559 579 2690 637 pars
2749 564 2964 636 reliqua
3014 565 3387 637 agricolarum
3447 566 3655 622 usibus.

2050 660 2224 727 cedit;
2275 656 2646 713 animantibus
2693 673 2912 730 quoque
2960 658 3296 733 indulgetur,
3346 666 3462 715 tum
3521 675 3644 731 quas

2052 749 2313 805 humanis
2346 759 2543 819 parent
2575 749 2790 806 artibus
2826 764 2891 805 ac
2922 760 3344 817 mansuescunt,
3378 760 3494 807 tum
3521 765 3647 823 qua

2053 859 2152 915 per
2203 852 2465 898 montana
2498 843 2673 898 libero
2705 843 2842 914 pede
2886 850 3179 915 vagantur.
3210 844 3370 901 Cervi
3408 859 3645 914 namque

2055 934 2262 989 relictis
2294 933 2599 999 montibus,
2642 934 2898 1005 velutqee
2930 933 3149 990 lacuum
3187 935 3347 1009 aquis
3383 934 3642 997 recreati,

2056 1037 2171 1082 tum
2217 1026 2389 1082 ubere
2438 1026 2700 1081 fruuntur
2750 1033 2902 1098 potu,
2935 1035 3051 1082 tum
3092 1026 3158 1082 ad
3203 1028 3382 1099 ipsum
3444 1041 3647 1084 conve-

2054 1121 2268 1176 nientes
2314 1119 2594 1175 communi
2625 1134 2749 1174 cum
2804 1119 2977 1175 bobus
3004 1120 3207 1191 pabulo
3248 1120 3573 1177 vescuntur.

2122 1212 2178 1268 6.
2217 1210 2454 1284 Sedjam
2489 1212 2627 1269 satis
2652 1212 2709 1266 in
2742 1211 2888 1278 istis,
2918 1226 3041 1282 quae
3078 1212 3146 1266 ad
3183 1220 3367 1266 ortum
3399 1219 3455 1266 et
3486 1209 3648 1281 aqui-

2054 1306 2239 1361 lonem
2306 1320 2370 1360 ac
2420 1320 2541 1374 quae
2600 1305 2731 1361 item
2764 1304 2833 1359 ad
2898 1311 3149 1359 austrum
3175 1303 3333 1359 urbis
3366 1310 3519 1368 sunt,
3546 1303 3646 1358 de-

2056 1400 2306 1471 scriptis,
2340 1399 2507 1454 situm
2540 1399 2646 1453 loci
2682 1400 2777 1470 qui
2811 1399 2875 1453 ad
2902 1412 3161 1453 occasum
3189 1395 3487 1467 vergit,uti
3528 1394 3647 1450 fieri

2057 1494 2279 1564 poterit,
2346 1491 2752 1548 enarrabimus.
2810 1490 2968 1547 Alius
3017 1505 3246 1561 campus
3296 1501 3381 1545 est
3426 1488 3496 1545 ab
3526 1488 3675 1558 ipso~

2056 1584 2245 1641 Ecboli
2280 1600 2439 1640 muro
2474 1585 2744 1657 incipiens
2767 1584 3079 1655 dextraeque
3102 1582 3309 1638 montis
3335 1581 3643 1645 adhaerens,

2057 1679 2192 1733 laeva
2217 1694 2347 1736 vero
2375 1678 2515 1734 mari
2535 1679 3035 1748 contiguus,quam
3078 1689 3243 1730 nemo
3270 1674 3413 1747 satis
3444 1672 3647 1743 capiat,

2058 1771 2472 1844 pulchritudine
2535 1771 2840 1827 videntium
2889 1769 3085 1825 oculos
3144 1765 3212 1822 ad
3266 1782 3328 1823 se
3377 1766 3648 1821 alliciens.

2059 1866 2156 1922 Est
2195 1865 2343 1920 enim
2380 1863 2539 1935 aquis
2568 1862 2831 1934 irriguus,
2857 1876 2966 1932 qua
3001 1869 3158 1932 parte
3181 1858 3333 1915 urbis
3371 1857 3653 1926 marisque

2058 1958 2344 2013 vicinitate
2370 1956 2663 2027 gloriatur,
2693 1954 3016 2026 vitibusque
3045 1961 3099 2009 et
3144 1951 3330 2008 densis
3360 1949 3679 2005 arboribus

2060 2068 2125 2109 ac
2142 2051 2372 2109 vivariis
2433 2051 2725 2121 hortisque
2760 2057 3082 2113 coronatus,
3140 2062 3246 2102 nec
3286 2059 3395 2100 non
3441 2042 3681 2099 aedibus-

2061 2146 2424 2216 plurimisque
2509 2143 2925 2201 venerabilibus
2992 2140 3241 2199 delubris
3312 2136 3652 2203 decoratus;

2060 2252 2295 2308 quorum
2324 2237 2587 2307 pleraque
2615 2236 3012 2293 monachorum
3042 2234 3261 2305 agmina
3288 2232 3435 2287 inter
3452 2246 3511 2287 se
3525 2244 3658 2300 par-

2062 2329 2149 2383 titi
2185 2334 2335 2393 sunt,
2374 2327 2658 2386 viriomue
2714 2328 2983 2384 virtutum
3018 2341 3194 2399 genus
3240 2324 3485 2382 colentes
3525 2321 3659 2378 soli~

2063 2438 2170 2493 que
2221 2420 2334 2478 Deo
2398 2421 2682 2487 viventes,
2731 2419 2799 2476 ad
2832 2434 2995 2492 quem
3043 2428 3099 2475 et
3148 2417 3450 2481 festinant,
3497 2412 3657 2487 cujus

2062 2513 2230 2569 etiam
2267 2526 2437 2569 causa
2488 2511 2702 2568 relictis
2755 2510 2947 2567 saeculi
2988 2508 3168 2565 turbis
3210 2522 3402 2571 uuam,
3444 2520 3566 2576 qua:
3591 2504 3659 2558 ad

2064 2605 2244 2677 ipsum
2291 2604 2471 2660 tendit
2532 2612 2699 2677 atque
2740 2603 2867 2670 fert,
2898 2602 3154 2660 semitam
3205 2601 3507 2671 elegerunt.
3538 2597 3677 2665 Qua.

2064 2714 2199 2755 vero
2221 2698 2353 2755 inde
2373 2698 2521 2754 intra
2554 2707 2757 2754 terram
2781 2696 3115 2768 longissimo
3142 2694 3436 2751 intervallo
3465 2692 3662 2748 diffun-

2066 2792 2234 2859 ditur,
2267 2792 2418 2847 nullo
2442 2790 2558 2847 fere
2588 2790 2854 2847 silvarum
2892 2797 2987 2844 aut
3018 2789 3377 2845 arbustorqu
3394 2788 3662 2855 opacatur

2065 2884 2334 2956 germine,
2373 2881 2470 2939 sed
2514 2882 2609 2954 qui
2636 2882 2897 2938 idoneum
2946 2878 3125 2939 solum
3164 2879 3425 2935 exhibeat
3454 2876 3665 2948 agrico-.

357 2967 520 3032 λείας
552 2968 911 3040 ἐπιτήδευσιν
931 2967 1331 3040 παρεχόμενον.
1354 2969 1546 3038 Διὴκει
1578 2967 1637 3021 δὲ
1680 2967 1779 3039 τὴν
1808 2966 1962 3039 ἡλίου

2069 2980 2244 3034 larum
2278 2977 2590 3035 industria.
2637 2975 2939 3033 Procurrit
2981 2989 3114 3031 vero
3166 2988 3363 3030 versus
3405 2972 3542 3028 solis
3573 2986 3662 3027 or-

353 3060 518 3114 δύσιν
549 3060 924 3128 ἀποσκοποῦν,
952 3061 1059 3125 ἕως
1084 3059 1250 3115 τινῶν
1282 3061 1461 3116 ἄλλων
1519 3060 1693 3143 ὁρέων
1741 3058 1962 3131 ὑψηλῶν

2071 3080 2206 3137 tum,
2230 3069 2399 3143 496
2432 3069 2499 3126 ad
2534 3068 2675 3125 alios
2707 3082 2884 3139 usque
2913 3067 3162 3123 excelsos
3214 3080 3277 3120 ac
3307 3064 3662 3135 praegrandes

356 3154 459 3207 καὶ
516 3152 772 3223 μεγάλων
818 3152 1324 3225 παρατεινόμενον·
1375 3152 1507 3207 ἔνθα
1552 3154 1646 3207 καὶ
1676 3141 1836 3217 πόλις
1878 3168 1962 3217 τις

2069 3141 2286 3221 moutcs
2317 3141 2637 3236 protensus,
2693 3161 2786 3217 ubi
2838 3168 2894 3217 et
2918 3159 3113 3217 civitas
3158 3157 3250 3212 cui
3292 3170 3493 3211 nomen
3530 3154 3662 3210 Ber-

354 3244 599 3317 Βέρροια
628 3245 942 3317 καλουμένη
968 3244 1327 3317 κατῴκισται,
1354 3247 1451 3300 καὶ
1483 3245 1623 3315 αὐτὴ
1660 3262 1963 3317 περιφανε-

358 3339 535 3409 στάτη
571 3341 684 3401 τοῖς
711 3340 995 3411 οίκήτορσί
1017 3357 1078 3392 τε
1110 3339 1208 3394 καὶ
1232 3342 1367 3395 πᾶσι
1399 3341 1512 3405 τοῖς
1541 3339 1721 3404 ἄλλοις
1757 3336 1837 3404 οἷς
1867 3341 1967 3394 αῠο

354 3435 445 3501 χεῖ
488 3432 642 3495 πόλις
659 3430 756 3503 τὴν
786 3432 1069 3489 σύστασιν.
1103 3434 1456 3506 Ἐμπεριέχει
1486 3435 1544 3488 δὲ
1570 3434 1649 3506 τῷ
1682 3435 1770 3489 διὰ
1796 3435 1963 3507 μέσου

357 3528 525 3599 χώρῳ
565 3526 628 3579 τὸ
652 3526 835 3581 πεδίον
866 3526 1028 3581 τοῦτο
1084 3528 1184 3582 καὶ
1229 3528 1610 3598 ἀμφιμίκτους
1655 3528 1810 3591 τινὰς
1856 3526 1966 3582 κώ-

361 3636 496 3686 μας,
522 3611 602 3672 ὧν
634 3619 690 3672 αξ
723 3620 820 3690 μὲν
849 3621 985 3692 πρὸς
1009 3622 1077 3691 τῇ
1116 3621 1270 3675 πόλει
1300 3621 1540 3688 τελοῦσι,
1574 3621 1965 3693 Δρουγουϐῖταί

354 3728 508 3775 τινες
542 3714 639 3765 καὶ
664 3711 994 3781 Σαγουδάτοι
1029 3713 1132 3785 τὴν
1181 3712 1380 3783 κλῆσιν
1437 3713 1858 3784 ὀνομαζόμενοι,
1908 3712 1966 3767 αἱ

359 3806 422 3857 δι
463 3804 541 3875 τῷ
580 3804 978 3875 συνομοροῦντι
1022 3806 1137 3859 τῶν
1173 3804 1397 3859 Σκυθῶν
1451 3802 1599 3859 εθνει
1644 3805 1706 3858 ού
1744 3804 1966 3876 μακράν

371 3890 489 3948 θντι
509 3898 635 3961 τοὺς
665 3898 872 3970 φόρους
894 3897 1229 3952 ἀποδιδόασι.
1263 3896 1349 3969 [Ρ.
1386 3896 1519 3968 523]
1546 3896 1692 3967 Πλὴν
1722 3895 1967 3965 γειτνιά-

377 3983 559 4046 (cum!
582 3988 843 4058 ἀλλήλαις
863 3988 919 4041 ai
951 3985 1138 4059 κῶμαι
1161 3987 1264 4058 τὴν
1289 3984 1526 4057 οἴκησιν,
1558 3985 1655 4039 καὶ
1699 3985 1821 4039 ἔστι
1871 3986 1967 4039 καὶ

373 4075 529 4131 τοῦτο
560 4081 700 4151 πρὸς
718 4083 833 4145 τοῖς
864 4081 1048 4146 ἄλλοις
1092 4078 1589 4135 Θεσσαλονικεῦσιν
1629 4078 1692 4132 ού
1751 4079 1968 4151 μικρῶς

367 4172 842 4245 συμὸαλλόμενον,
880 4174 943 4228 τὸ
972 4173 1111 4246 πρὸς
1132 4174 1262 4237 τοὺς
1295 4171 1510 4236 Σκύθας
1530 4172 1623 4226 διὰ
1652 4170 1763 4224 τῶν
1791 4171 1968 4243 ἔμπο-

363 4270 539 4341 ρικῶν
572 4271 815 4341 μεθόδων
866 4270 1399 4343 συναναμίγνυσθαι,
1445 4271 1543 4324 καὶ
1590 4268 1811 4340 μάλισθ’
1836 4269 1969 4323 ὅταν

359 4363 533 4434 ἔχωσι
557 4365 697 4435 πρὺς
721 4364 986 4435 ἀλλήλους
1044 4363 1228 4429 καλῶς
1280 4363 1378 4417 καὶ¹
1422 4362 1499 4433 μὴ
1550 4361 1778 4416 κινῶσιν
1826 4358 1970 4414 ὅπλα

358 4459 466 4526 τὴν
496 4457 679 4527 μάχην
713 4456 1133 4529 ὲξαγριαίνοντα
1163 4472 1180 4489 °
1212 4455 1242 4509 δ
1275 4455 1340 4527 δὴ
1372 4454 1468 4509 καὶ
1520 4452 1703 4522 πολλῷ
1735 4470 1847 4508 τινι
1890 4452 1967 4524 τῷ

2072 3256 2239 3311 τῐιοεαι
2279 3254 2506 3311 condita
2558 3263 2664 3321 est,
2721 3254 2841 3326 ipsa
2893 3247 3116 3323 quoque
3145 3250 3522 3306 habitatorum
3550 3248 3664 3304 fre-

2069 3348 2295 3419 quentia
2328 3363 2393 3404 ac
2415 3348 2646 3419 reliquis
2676 3345 3165 3417 omnibusqnibus
3187 3358 3247 3400 se
3274 3343 3664 3412 Urbesjactare

2069 3442 2250 3498 solent
2276 3440 2681 3498 illustrissima.
2737 3438 3011 3496 Planities
3068 3437 3256 3494 medio
3304 3450 3407 3492 suo
3453 3434 3663 3490 ambitu

2070 3532 2268 3605 oppida
2312 3536 2631 3606 promiscue
2686 3533 2954 3597 continet,
3013 3545 3251 3603 quorum
3292 3530 3477 3601 aliqua
3506 3528 3664 3584 urbis

2070 3627 2295 3683 ditionis
2351 3636 2481 3685 sunt
2533 3627 2697 3698 eique
2744 3627 3202 3691 contribuuntur,
3255 3624 3569 3697 Drugubila:
3612 3632 3667 3678 et

2070 3719 2334 3792 Sagudati
2365 3720 2608 3786 nomine,
2636 3720 2822 3790 aliqua
2854 3719 3105 3775 ﬁnitimas
3129 3720 3465 3791 Scytharum
3490 3717 3662 3788 genti,

2071 3829 2180 3869 non
2204 3814 2366 3884 longe
2392 3813 2625 3879 dissitce,
2651 3814 2862 3869 tributa
2895 3814 3138 3870 solvunt.
3159 3813 3428 3869 Cteterum
3463 3812 3666 3882 oppida

2071 3905 2384 3975 eproximo
2428 3904 2769 3972 habitantur,
2801 3904 2949 3976 quod
2998 3905 3180 3976 ipsum
3234 3913 3434 3976 praeter
3462 3903 3568 3957 alia
3611 3903 3681 3956 in.

2072 3997 2663 4053 'l‘bessalonicensiu‘m
2688 4010 2804 4055 rem
2848 4012 2955 4054 non
2987 4012 3185 4069 parum
3216 3997 3502 4063 conducit,
3537 3999 3665 4053 dlltll

2070 4097 2387 4162 quaestuosa
2411 4098 2732 4147 mercatura
2792 4090 3128 4163 Scytharum
3183 4090 3521 4145 commercia
3553 4103 3668 4142 am—

2072 4183 2269 4249 biunt;
2306 4190 2423 4238 tum
2458 4184 2769 4253 praesertim
2790 4195 2924 4263 cum
2974 4182 3195 4253 utrique
3223 4182 3370 4253 genti
3426 4181 3569 4235 inter
3608 4195 3683 4235 se

2073 4278 2215 4333 bene
2244 4276 2585 4341 convenerit,
2620 4290 2725 4331 nec
2784 4275 2992 4347 quibus
3026 4272 3095 4330 ad
3126 4274 3314 4346 praelia
3366 4271 3681 4328 efferantur»

2074 4384 2235 4426 arma
2265 4370 2541 4425 moverint
2573 4368 2741 4441 (quod
2774 4368 2965 4439 utique
2998 4367 3069 4423 ab
3096 4366 3339 4436 antiquis
3366 4364 3501 4420 olim
3530 4371 3670 4417 tem-

2074 4463 2302 4534 poribus
2330 4463 2399 4519 iis
2426 4462 2720 4534 diligenter
2747 4461 3087 4533 quaesitum),
3119 4459 3527 4516 communibus.
3545 4455 3676 4509 vitae

363 4550 540 4604 πάλαι
569 4550 749 4621 χρόνῳ
779 4551 925 4623 παρ’
958 4550 1241 4622 ἑκατέρων
1295 4546 1617 4621 μελετηθὲν,
1685 4549 1962 4617 κοινότητα

2082 4555 2390 4610 rationibus
2415 4570 2627 4610 merces
2658 4554 2797 4610 alias
2841 4553 2967 4610 aliis
2995 4561 3362 4620 commutant;
3394 4551 3674 4608 admiran-

364 4642 520 4712 ζωῆς
540 4643 641 4708 τὰς
668 4644 861 4714 χρείας
887 4643 1138 4715 ἀλλήλοις
1168 4642 1484 4714 ἀμείϐουσι,
1508 4641 1819 4712 θαυμασίαν
1847 4640 1969 4695 τινὰ

366 4734 466 4787 καὶ
516 4733 743 4803 βαθεῖαν
786 4735 1010 4806 είρήνην
1064 4736 1127 4802 ἐν
1154 4732 1200 4766 δ’
1236 4734 1455 4797 ἑαυτοῖς
1512 4732 1965 4804 συντηρούμενοι.

369 4826 621 4896 Ποταμοῖ
637 4825 696 4879 δέ
716 4842 864 4890 τινες
898 4823 1286 4896 παμμεγέθεις
1314 4825 1403 4891 ὲκ,
1426 4824 1528 4894 τῆς
1554 4823 1779 4877 Σκυθῶν
1814 4824 1970 4897 ἐξορ-

372 4917 624 4988 μώμενοι
652 4917 748 4970 καὶ
784 4918 848 4971 τὸ
899 4917 1201 4989 προλεχθὲν
1230 4916 1416 4973 πεδίον
1465 4916 1588 4970 καθ’
1616 4917 1848 4980 ἑαυτοὺς
1894 4918 1974 4972 δι-

367 5013 622 5083 ελόμενοι
657 5013 857 5086 πολλὴν
902 5014 1184 5085 δαψίλειαν
1214 5013 1311 5068 καί¹
1340 5013 1494 5067 αὐτοὶ
1522 5015 1589 5085 τῇ
1637 5012 1791 5066 πόλει
1831 5030 1974 5084 παρρ

367 5106 592 5174 ἐχονται
621 5107 737 5167 ταῖς
762 5122 821 5158 τε
851 5106 1141 5178 χορηγίαις
1175 5108 1297 5171 ταῖς
1341 5107 1451 5161 ἀπὸ
1478 5106 1588 5160 τῶν
1622 5105 1825 5176 ἰχθύων
1877 5106 1974 5159 καὶ

368 5198 497 5259 ταῖς
521 5195 589 5248 δι’
618 5196 799 5249 αὐτῶν
829 5197 941 5250 ἀπὸ
962 5197 1063 5261 τῆς
1093 5196 1375 5268 θαλάσσης
1401 5194 1511 5252 τῶν
1542 5200 1687 5269 νηῶν
1745 5198 1975 5267 ἀναδρο-

374 5290 529 5365 μαίς,
587 5288 655 5342 δι’
713 5282 789 5342 ὧν
824 5290 1124 5343 ἐπινοεῖται
1159 5291 1380 5361 ποικίλη
1424 5307 1509 5354 τις
1551 5290 1812 5362 πρόσοδος
1859 5292 1970 5345 τῶν

374 5379 581 5450 χρειῶν
613 5380 724 5435 τῶν
751 5381 964 5437 ὑδάτων
993 5382 1221 5437 ἐκείνων
1241 5385 1755 5457 συγκαταρρέουσα.

446 5472 515 5538 ζ’.
556 5474 718 5528 Ἀλλὰ
740 5476 850 5548 γάρ
881 5476 1072 5531 ἔλαθον
1096 5477 1333 5548 ἐμαυτὸν
1362 5478 1582 5548 μακρὰν
1606 5479 1676 5545 ⁵⁶,
1709 5478 1741 5550 ἢ
1768 5479 1842 5542 ὡς
1880 5480 1975 5532 ἀπ’

372 5565 557 5636 ἀρχῆς
597 5566 944 5639 ὑπεσχόμην,
974 5568 1067 5622 τὸν
1101 5567 1231 5641 περὶ
1259 5569 1470 5626 τούτων
1504 5571 1848 5643 παρατείνας
1883 5572 1975 5626 λό-

374 5671 496 5721 γον.
527 5656 803 5728 Πεποίηκε
826 5656 881 5712 δὲ
910 5657 1071 5713 τοῦτο
1100 5661 1127 5713 ὁ
1148 5662 1276 5729 περὶ
1336 5661 1437 5732 τὴν
1496 5663 1728 5735 πατρίδα
1774 5664 1959 5730 πόθος,

2081 4649 2204 4703 dam
2225 4648 2520 4718 quamdam
2552 4649 2832 4719 altamque
2880 4647 3031 4703 inter
3058 4662 3118 4703 se
3136 4656 3427 4705 servantes
3457 4662 3671 4719 pacem.

2078 4739 2211 4798 item
2245 4740 2420 4809 ﬂuvii,
2458 4742 2608 4813 iique
2637 4742 2914 4813 ingentes,
2946 4758 3015 4799 ex
3057 4741 3393 4815 Scytharum
3451 4743 3677 4814 regione

2081 4842 2433 4905 erumpentes
2454 4842 2532 4902 et,
2562 4849 2727 4905 quem
2754 4835 3029 4903 dicebam,
3074 4849 3294 4906 agrum,
3331 4833 3477 4889 inter
3503 4849 3564 4889 se
3589 4833 3677 4888 di-

2081 4929 2353 4995 videntes,
2388 4929 2495 5001 ipsi
2546 4945 2771 5001 quoque
2832 4930 3057 4986 uberem
3109 4927 3235 4983 urbi
3284 4937 3545 4997 prastant
3576 4941 3675 4981 an-

2084 5036 2311 5087 nonam,
2339 5030 2453 5077 tum
2482 5023 2716 5096 piscium
2778 5021 3252 5095 praestatiouibus,
3297 5028 3413 5073 tum
3449 5019 3674 5074 navium
3767 5014 3772 5019 ’

2086 5130 2183 5184 per
2209 5128 2307 5169 cos
2355 5131 2386 5171 e
2445 5116 2582 5171 mari
2621 5116 3041 5173 ascendentium
3079 5120 3332 5177 vectura,
3364 5111 3568 5181 quibus
3594 5126 3677 5164 re-

2085 5219 2207 5255 rum
2233 5204 2300 5258 ad
2346 5206 2471 5259 vitae
2523 5220 2681 5261 usum
2724 5205 3185 5269 conducentium,
3216 5216 3325 5257 una
3368 5216 3491 5257 cum
3517 5204 3676 5266 aquis

2085 5295 2194 5351 illis
2225 5299 2533 5361 continens,
2586 5299 2775 5354 varius
2840 5299 3191 5369 excogitatus
3231 5302 3317 5351 est
3351 5302 3675 5366 proventus.

2165 5480 2215 5533 7.
2244 5477 2538 5536 Enimvero
2594 5479 2919 5550 imprudens
2982 5490 3082 5533 nec
3124 5474 3287 5531 nimis
3330 5480 3491 5528 caute
3513 5472 3651 5543 proli

2093 5572 2219 5630 xius
2247 5573 2332 5630 his
2356 5573 2427 5630 de
2450 5574 2615 5630 rebus
2661 5570 2827 5646 5,97
2889 5572 3197 5629 orationem
3249 5567 3478 5640 produxi
3511 5580 3676 5636 quam

2074 5664 2193 5735 ipse
2234 5665 2393 5723 initio
2442 5666 2497 5723 in
2553 5681 2640 5721 me
2689 5680 3027 5735 receperam.
3071 5664 3127 5718 lu
3162 5678 3329 5718 causa
3376 5659 3478 5715 fuit
3525 5662 3679 5712 ιιιιὶοτ

1656 5756 1892 5815 νΑΒΙᾹΞ
1927 5758 2331 5819 LECTIONES.

455 5847 503 5880 "
531 5847 711 5913 αὐτοῖς
744 5848 852 5905 AL.
936 5854 975 5884 δ’
1016 5853 1072 5905 ἐν
1100 5868 1208 5909 om.
1248 5852 1307 5908 L.
1380 5852 1422 5883 ⁵⁰
1456 5853 1665 5927 μακρὸν
1696 5856 1804 5912 AL.
