4094 6424
511 296 617 378 535

1778 319 1811 381 J
1816 320 2022 383 OANN
2028 321 2118 384 ES
2157 323 2597 390 CAMENIATA

3707 338 3813 403 536

454 442 455 445 ‘
511 430 723 499 patriae,
763 444 869 484 non
921 429 1229 486 insuaviter
1276 446 1400 486 cum
1466 432 1731 488 memoria
1776 435 2092 504 distractus,

2209 440 2382 510 ἡδέως
2411 445 2476 514 τῇ
2513 461 2571 497 τε
2603 444 2796 518 μνήμῃ
2832 448 3319 519 συνεφελκόμενος,
3357 452 3450 505 καὶ
3501 453 3622 516 ταῖς
3672 454 3811 507 ἀνα-

513 540 805 594 rcrumque
839 524 1197 597 imaginibus,
1235 542 1391 597 aeque
1443 541 1508 581 ac
1556 543 1823 599 praesens,
1866 528 1935 583 iis
1962 529 2100 599 ipsis

509 618 870 690 dicendisque
902 620 1127 685 inﬁxus,
1164 635 1265 676 nec
1307 637 1418 676 non
1466 629 1735 691 promptae
1764 637 1829 678 ac
1854 622 2101 693 explora-

509 712 677 767 trices
712 720 817 767 tum
852 714 1173 769 sedulitatis
1191 731 1376 779 aures,
1399 729 1539 786 quas
1558 703 1720 771 nobis
1739 717 2094 784 concredere,

508 805 661 861 nullo
698 807 807 860 alio
841 821 936 863 eas
984 807 1347 863 subtrahente
1393 823 1496 863 nec
1538 809 1608 862 ab
1644 811 1748 863 ista
1780 812 2101 867 narratione

508 898 802 963 avellente,
849 900 1010 955 initio
1062 901 1344 972 pollicitus
1386 918 1466 957 es.
1508 902 1572 956 Et
1602 902 1719 957 haec
1748 903 1968 971 quidem
2025 905 2100 960 ita

507 1008 569 1048 se
607 993 833 1048 habent.
866 993 942 1048 Ea
973 995 1121 1050 enim
1157 1010 1278 1064 quae
1306 995 1481 1050 amori
1534 994 1825 1050 habentur-
1854 1010 1918 1050 ac
1950 996 2100 1052 desi-

507 1085 800 1151 derantur,
835 1093 889 1142 et
946 1094 1263 1142 narrantem
1306 1095 1361 1142 et
1399 1088 1716 1142 audientem
1750 1088 2101 1145 necessitatis

506 1177 745 1234 vinculis
774 1179 1038 1234 continuo
1059 1179 1240 1234 solent
1262 1178 1547 1247 colligare,
1579 1188 1639 1233 ut
1668 1196 1776 1235 non
1810 1181 1885 1234 ita
1937 1181 2101 1238 facile

505 1286 688 1342 neque
716 1273 869 1327 visus
900 1287 929 1325 a
951 1272 1373 1341 jucundissimis
1400 1274 1737 1344 spectaculis
1772 1291 1953 1345 neque
1998 1290 2100 1329 au-

506 1363 584 1418 ris
630 1379 663 1419 a
717 1364 1064 1419 suavissimis
1120 1365 1504 1423 auditionibus
1564 1369 1854 1432 avellatur,
1923 1384 2102 1439 neque

504 1454 683 1510 dulcis
735 1455 1007 1511 orationis
1076 1454 1316 1526 impetus
1380 1457 1840 1528 interrumpatur,
1923 1459 2100 1515 donec

506 1550 801 1605 terminum
838 1551 1088 1622 attigerit
1120 1552 1187 1605 ad
1241 1566 1404 1621 quem
1468 1552 1536 1607 ab
1586 1552 1745 1606 initio
1791 1553 2095 1609 contendit.

501 1638 900 1708 Nihilominus,
928 1643 974 1697 si
1026 1642 1199 1708 lubet,
1254 1642 1323 1696 ad
1384 1642 1634 1697 eamdem
1688 1644 1866 1714 ipsam
1904 1645 2095 1701 urbem

502 1751 887 1793 recurramus.
922 1736 1226 1806 Quousque
1258 1736 1404 1790 enim
1441 1737 1589 1790 velut
1624 1736 1677 1790 in
1716 1724 1943 1806 speculo
1985 1746 2099 1794 sta-

503 1835 654 1881 tuam
682 1827 991 1898 ellingimus
1018 1835 1074 1882 et
1118 1827 1287 1882 variis
1340 1826 1564 1882 aliunde
1612 1827 1860 1897 quaesitis
1902 1829 2099 1883 colori-

500 1921 606 1975 bus
639 1920 877 1991 primum
904 1919 1183 1990 exemplar
1204 1916 1445 1988 eiligiare
1470 1934 1761 1985 conamur,
1782 1934 1907 1973 cum
1937 1919 2101 1975 liceat

501 2011 597 2068 illa
640 2012 760 2083 ipsa
801 2027 900 2083 per
953 2026 1138 2066 rerum
1170 2009 1654 2081 jnecessariarum
1708 2011 2093 2066 narrationem

503 2105 676 2169 adire,
738 2112 799 2159 ut
840 2104 1086 2175 apertius
1153 2104 1473 2161 innotescat
1547 2103 1696 2175 quod
1760 2104 2101 2161 subobscure

500 2197 912 2268 quodammodo
936 2197 1254 2253 indicatur?
1285 2197 1739 2253 Thessalonicam
1794 2198 2097 2267 siquidem,

500 2292 683 2362 qualis
712 2299 817 2356 est,
863 2291 1117 2345 oratione
1176 2290 1517 2355 describere,
1545 2288 1693 2359 quod
1736 2290 1851 2345 ﬁeri
1894 2298 2094 2359 potest,

500 2385 679 2440 initio'
701 2383 953 2454 polliciti,
1008 2391 1060 2438 et
1091 2383 1271 2453 qualis
1302 2398 1427 2437 cum
1473 2392 1621 2437 esset
1653 2389 1836 2445 antea,
1871 2382 1923 2436 in
1963 2382 2096 2453 quid

498 2487 695 2547 postea
734 2478 955 2533 redacta
982 2477 1078 2542 sit,
1116 2470 1363 2547 pulchris
1391 2475 1594 2545 quibus
1619 2476 1711 2530 illa
1741 2476 1948 2531 circum
1983 2491 2100 2530 am-

500 2572 619 2626 bitu
642 2570 940 2627 decoratur
967 2569 1203 2639 abrepti,
1240 2574 1296 2624 et
1342 2568 1397 2622 in
1425 2567 1804 2623 exterioribus
1831 2583 2099 2623 enarran-

499 2665 610 2729 dis,
641 2672 702 2718 ut
731 2663 1007 2733 quispiam
1030 2661 1256 2728 dixerit,
1275 2662 1547 2717 hactenus
1572 2662 1873 2727 immorati,
1900 2678 2095 2734 parum

499 2766 586 2816 est
617 2764 676 2813 ut
703 2758 771 2814 iis
797 2772 917 2828 qua:
941 2757 1217 2828 praecipua
1250 2763 1382 2811 sunt
1412 2770 1475 2811 ac
1493 2755 1809 2811 necessaria
1831 2770 2097 2811 enarran-

498 2851 587 2907 dis
615 2861 837 2921 torpere
875 2849 1182 2904 videamur.
1213 2847 1405 2919 Opera:
1441 2848 1680 2919 pretium
1711 2847 1883 2919 igitur
1924 2855 2008 2903 est
2036 2858 2095 2903 ut

498 2952 553 2999 et
586 2944 653 2998 ad
683 2942 859 3013 ipsam
890 2942 1088 2998 iterum
1123 2956 1381 2998 sermone
1405 2941 1720 3007 redeamus,
1750 2940 2097 3011 primamque

497 3036 669 3109 499
699 3035 849 3091 illius
905 3033 1379 3106 pulchritudinem
1433 3049 1496 3089 ac
1533 3034 1843 3089 claritatem
1895 3049 2095 3089 nosca-

2206 533 2520 589 τυπώσεσιν
2540 532 2653 592 οἷον
2685 537 2860 593 δοκῶν
2906 543 3150 596 συνεῖναι
3180 545 3292 607 τοῖς
3328 543 3668 614 λεγομένοις,
3716 542 3813 600 καὶ

2203 626 2265 679 τὸ
2285 626 2565 699 πρόθυμον
2581 630 2678 683 καὶ
2696 627 2990 700 ζητητικὸν
3006 634 3108 704 τῆς
3122 634 3221 704 σῆς
3242 635 3581 706 φιλομαθοῦς
3604 637 3801 708 ἀκοῆς,

2202 719 2268 789 ἦν
2283 717 2343 783 ἐξ
2367 720 2544 790 ἀρχῆς
2563 722 2907 794 παραθέσθαι
2928 726 3108 780 πᾶσαν
3126 728 3262 796 ἡμῖν
3291 728 3671 800 καθυπέσχου,
3701 747 3813 800 μη-

2201 806 2351 874 δενὸς
2370 812 2534 866 άλλου
2558 815 2944 885 περισπῶντος
2964 818 3137 889 αὐτὴν
3164 819 3195 889 ἢ
3225 820 3381 873 τοῦδε
3406 820 3505 874 τοῦ
3532 821 3815 893 διηγήμα-

2204 922 2294 969 τος
2318 905 2707 977 ὑποσύροντος.
2738 905 2925 962 Ταῦτα
2970 908 3026 969 δὲ
3061 909 3237 975 οὕτως
3272 910 3406 981 ἔχει.
3441 912 3660 967 Φιλοῦσι
3702 913 3815 982 γάρ

2203 995 2295 1050 ἀεὶ
2323 997 2392 1050 τὰ
2426 997 2745 1069 ποθούμενα
2777 1000 2888 1054 τῶν
2906 1002 3256 1073 πραγμάτων
3301 1004 3553 1077 ἀνάγκης
3580 1006 3812 1074 δεσμοῖς

2206 1084 2302 1137 καὶ
2324 1086 2417 1140 τὸν
2447 1086 2681 1156 λέγοντα
2712 1090 2843 1161 περὶ
2863 1091 3046 1145 αὐτῶν
3081 1082 3336 1163 κατέχειν
3358 1096 3455 1149 καὶ
3476 1096 3568 1152 τὴν
3585 1097 3816 1152 ἀκούον-

2202 1196 2273 1232 τα
2307 1194 2320 1210 ·
2381 1179 2477 1233 καὶ
2531 1180 2632 1233 οὐκ
2682 1180 2749 1234 ἂν
2802 1180 2978 1244 οὕτως
3029 1182 3273 1256 εὐχερῶς
3305 1186 3402 1241 καὶ
3447 1188 3649 1259 ῥᾳδίως
3683 1191 3815 1245 οὔτε

2204 1270 2327 1341 ὄψις
2346 1271 2455 1326 τῶν
2476 1272 2712 1343 ἡδίστων
2734 1274 3027 1346 θεαμάτων
3056 1276 3181 1331 οὔτε
3205 1278 3344 1351 ἀκοὴ
3392 1280 3503 1335 τῶν
3557 1284 3817 1353 τερπνῶν

2204 1366 2575 1437 ἀποστήσεται
2592 1368 2985 1438 ἀκουσμάτων,
3014 1368 3139 1424 οὔτε
3165 1371 3325 1441 λόγος
3354 1373 3486 1444 ἡδὺς
3501 1374 3603 1445 τῆς
3630 1377 3817 1446 ὁρμῆς

2203 1458 2636 1531 ἁνακοπήσεται,
2698 1461 2895 1533 μέχρις
2932 1463 3001 1516 ἂν
3038 1463 3221 1536 φθάσῃ
3274 1464 3336 1519 τὺ
3384 1466 3561 1537 πέρας
3599 1469 3744 1538 πρὸς
3789 1468 3818 1522 ὂ

2204 1553 2325 1604 κατ’
2350 1551 2527 1623 ἀρχὰς
2553 1552 2856 1622 ἐπείγεται.
2886 1555 3035 1627 Πλὴν
3074 1558 3124 1609 εἰ
3161 1558 3330 1625 δοκεῖ,
3363 1560 3527 1613 πάλιν
3556 1561 3818 1631 ἀναδρά-

2206 1660 2401 1714 μωμεν
2442 1644 2581 1715 πρὸς
2627 1645 2797 1716 αὐτὴν
2833 1646 3053 1717 ἐκείνην
3085 1649 3187 1719 τὴν
3212 1650 3371 1704 πόλιν
3400 1668 3415 1683 ·
3475 1653 3637 1725 μέχρι
3697 1654 3819 1723 γὰρ

2202 1736 2347 1799 τίνος
2379 1735 2456 1799 ὡς
2495 1737 2551 1789 ἐν
2578 1736 2878 1809 κατόπτρῳ
2898 1738 2990 1793 τὸν
3021 1740 3319 1811 ἀνδριάντα
3364 1742 3815 1816 διαμορφοῦμεν,

2204 1829 2299 1881 καὶ
2319 1830 2442 1891 ταῖς
2465 1827 2666 1894 ἔξωθεν
2703 1831 2813 1885 τῶν
2840 1833 3152 1904 χρωμάτων
3183 1836 3483 1903 ποικιλίαις
3526 1840 3820 1895 άπεικονί-

2204 1922 2318 1987 ζειν
2350 1924 2671 1995 πειρώμεθα
2703 1924 2763 1979 τὸ
2794 1926 3124 1997 ἀρχέτυπον,
3173 1930 3296 1995 ἐξὸν
3343 1932 3528 1997 αὐτοῖς
3577 1934 3819 2000 ἐκείνοις

2204 2018 2448 2086 ἐντυχεῖν
2474 2017 2561 2071 διὰ
2593 2018 2703 2071 τῶν
2730 2020 2963 2091 καιρίων
2994 2022 3354 2093 διηγημάτων
3394 2026 3509 2089 τοῖς
3539 2027 3818 2098 πράγμαο

2206 2125 2310 2173 σιν,
2340 2109 2416 2172 ὡς
2439 2108 2506 2162 ἂν
2530 2108 2961 2181 γνωριμώτερον
2987 2114 3073 2182 εῑη
3105 2113 3165 2166 τὸ
3193 2114 3455 2185 ἀμυδρῶς
3492 2134 3608 2181 πως
3630 2135 3821 2189 παρα-

2202 2199 2570 2270 δηλούμενον;
2603 2201 3014 2273 Θεσσαλονίκην
3054 2205 3186 2277 γὰρ,
3209 2206 3371 2261 ὁποία
3411 2209 3694 2279 τυγχάνει,
3732 2210 3822 2282 τῷ

2202 2290 2346 2359 λόγῳ
2385 2290 2685 2363 διαγράψαι
2714 2294 2835 2346 καθ’
2868 2294 2992 2348 ὅσον
3012 2290 3124 2348 οἷόν
3156 2312 3215 2348 τε
3272 2297 3399 2349 κατ’
3433 2296 3614 2368 ἀρχάς
3669 2297 3818 2351 ὑπο⁶

2206 2382 2483 2452 σχόμενοι,
2505 2383 2703 2448 καὶτίς
2731 2383 2868 2438 οὖσα
2919 2387 3187 2459 πρότερον
3238 2388 3320 2453 εἰς
3363 2388 3416 2442 τί
3478 2388 3821 2461 κεχώρηκεν

2206 2474 2456 2546 ὕστερον,
2480 2477 2593 2541 τοῖς
2611 2477 2744 2548 περὶ
2773 2477 2947 2548 αὐτὴν
2990 2477 3178 2550 ῶσπερ
3222 2481 3662 2548 ὑποκλαπέντες,
3713 2483 3819 2537 καὶ

2203 2568 2315 2628 τοῖς
2340 2565 2562 2633 ἔξωθεν,
2588 2566 2663 2632 ὡς
2692 2568 2759 2623 ἂν
2791 2569 2934 2623 ετποι
2968 2588 3077 2635 τις,
3105 2573 3275 2644 μέχρι
3298 2573 3456 2627 τοῦδε
3503 2575 3814 2645 σχολάσαν-

2202 2678 2291 2724 τες
2319 2661 2645 2732 διηγήμασι,
2696 2662 3089 2735 κινδυνεύομεν
3140 2665 3499 2738 βραδύνοντες
3553 2669 3654 2738 τὴν
3695 2669 3813 2723 τῶν

2203 2752 2436 2825 καιρίων
2455 2753 2950 2827 διήγησιν.Χρεὼν
2999 2757 3093 2811 οὖν
3118 2759 3238 2812 ἐστι
3298 2760 3396 2813 καὶ
3455 2760 3622 2815 πάλιν
3660 2761 3808 2831 πρὸς

2201 2846 2374 2916 αὐτὴν
2406 2848 2691 2902 ἐπανιέναι
2709 2848 2787 2919 τῷ
2845 2850 2989 2920 λόγῳ
3050 2850 3136 2923 [Ρ.
3167 2852 3296 2925 524]
3342 2853 3439 2907 καὶ
3478 2854 3543 2907 τὸ
3581 2852 3803 2924 πρῶτον

2203 2957 2268 2993 πε
2279 2940 2332 3010 pl.
2360 2940 2529 3011 αὐτὴν
2557 2941 2902 3012 καταμαθεῖν
2923 2943 3143 3011 κάλλος,
3166 2942 3289 3000 εἶτα
3317 2945 3462 3001 οὕτω
3489 2964 3551 3016 γε
3572 2946 3668 3000 τοῦ
3692 2946 3805 3002 πά·-

2204 3033 2330 3096 θους
2362 3034 2602 3100 ἐξειπεῖν
2635 3038 2693 3090 ἐν
2721 3036 2937 3110 ὑστέρῳ
2960 3039 3022 3093 τὸ
3056 3039 3308 3109 μέγεθος,
3338 3041 3425 3094 ἵνα
3453 3042 3580 3095 ὅσον
3604 3040 3806 3111 φανείη

501 3144 648 3195 mus,
681 3143 746 3183 ac
806 3135 920 3183 tum
971 3126 1234 3197 deinceps
1288 3127 1430 3196 ejus,
1481 3140 1647 3197 quam
1706 3141 1964 3196 perpessa
1989 3134 2092 3189 est,

2201 3124 2310 3177 τῶν
2344 3124 2521 3178 ἄλλων
2545 3127 2755 3180 πόλεων
2792 3129 3145 3200 ἀσυγκρίτως
3180 3131 3656 3202 ὑπερτερεύουσα,
3711 3149 3810 3184 το-

390 3246 403 3253 s
496 3222 675 3278 ruinae
703 3236 769 3277 ac
793 3219 1437 3289 cladiszmagnitudinem
1458 3218 1790 3282 referamus,
1830 3227 1889 3272 ut
1914 3233 2094 3289 quan-

496 3324 613 3371 tum
650 3312 883 3385 reliquis
918 3312 1150 3367 urbibus
1198 3311 1626 3382 incomparabili
1685 3326 1921 3368 excessu
1959 3326 2097 3381 pra:-

2208 3215 2401 3271 σοῦτον
2450 3219 2577 3284 ἀξία
2623 3221 2840 3293 κριθείη
2894 3224 3051 3295 παρὰ
3092 3224 3283 3277 πασῶν
3338 3224 3662 3295 θρηνεῖσθαι
3708 3227 3811 3280 καὶ

2208 3311 2681 3377 κατοικτίζεσθαι.

497 3419 648 3466 stare
713 3409 1029 3476 videbatur,
1084 3417 1298 3465 tantum
1353 3408 1518 3480 digna
1572 3407 1859 3479 judicetur
1917 3424 2084 3479 quam
2125 3409 2407 3464 communi
2434 3424 2630 3466 omnes
2693 3413 2847 3469 luctu
2910 3424 3321 3486 prosequantur
3385 3419 3625 3491 ejusque
3700 3419 3811 3477 ml-

496 3504 774 3562 seratione
794 3503 1089 3560 ducantur.

568 3599 623 3656 8.
648 3599 901 3657 Diximus
952 3616 1118 3670 quam
1158 3601 1288 3656 latis
1336 3598 1603 3671 pomeriis
1657 3605 1823 3668 atque
1880 3598 2090 3654 ambitu

496 3708 810 3765 magnaque
830 3693 1052 3758 civitas,
1076 3704 1127 3749 et
1150 3710 1272 3764 qua:
1301 3702 1516 3749 vastum
1562 3693 1800 3748 limitem
1826 3707 1891 3748 eo
1915 3692 2089 3772 inter-

496 3788 724 3845 cludat:
761 3788 855 3844 sed
897 3804 1092 3846 murus
1128 3788 1503 3844 continentem
1527 3802 1723 3843 versus
1772 3787 2090 3842 tutissimus

493 3894 580 3939 est
607 3895 661 3938 et
690 3889 988 3939 structura:
1014 3883 1269 3940 crassitie
1306 3880 1720 3936 munitissimus
1740 3920 1755 3944 ,
1802 3879 2086 3935 exteriori-

495 3992 605 4047 que
637 3990 800 4032 muro
819 3991 883 4032 ac
916 3976 1334 4048 propugnaculo
1364 3982 1481 4030 tuta
1515 3974 1762 4041 undique
1779 3973 2089 4029 munitione

494 4073 783 4143 obseptus,
818 4070 1257 4143 propugnaculis
1286 4077 1351 4125 let
1391 4069 1578 4141 pinnis
1618 4068 1769 4123 omni
1800 4081 1929 4123 area
1956 4081 2092 4122 con-

494 4165 759 4234 stipatus,
784 4180 887 4220 nec
910 4165 1079 4219 ullam
1124 4163 1418 4235 oppidanis
1439 4161 1577 4233 justi
1605 4161 1823 4217 timoris
1846 4161 2089 4217 necessic

492 4237 659 4312 tatem
717 4240 989 4327 praebens.
1015 4256 1153 4312 Pars
1201 4256 1350 4311 illius
1400 4254 1465 4310 ad
1495 4260 1687 4309 notum
1731 4251 1956 4308 humilis
2000 4257 2089 4308 est

492 4365 559 4406 ac
594 4364 828 4419 prorsus
872 4348 1138 4419 depressa
1195 4348 1451 4416 belloque
1485 4347 1650 4417 plane
1687 4343 1920 4399 inutilis.
1945 4341 2086 4398 Nam

492 4458 620 4499 reor
669 4442 962 4507 artiﬁcem,
1024 4440 1173 4512 quod
1213 4438 1423 4494 nullam
1479 4438 1784 4507 antiquitus
1815 4451 1878 4491 ex
1911 4435 2084 4491 maris

2251 3606 2345 3671 ιη’.
2375 3599 2621 3672 Εἴπομεν
2640 3601 2714 3665 ὡς
2738 3603 2929 3675 εὐρεῖά
2958 3623 3044 3669 τις
3064 3606 3159 3659 καὶ
3184 3605 3396 3677 μεγάλη
3426 3606 3461 3676 ἡ
3490 3604 3670 3670 πόλις,
3707 3603 3811 3659 καὶ

2202 3692 2279 3764 τῷ
2307 3693 2621 3767 περιέχοντι
2660 3696 2831 3751 πολὺν
2864 3698 2958 3752 τὸν
2994 3698 3254 3769 διαμὲσον
3287 3699 3330 3730 ⁸¹
3374 3698 3556 3770 χῶρον
3601 3700 3808 3754 ἐναπο-

2202 3789 2488 3844 κλείσασα.
2555 3790 2699 3843 Ἀλλ’
2745 3792 2872 3845 ὅσον
2936 3792 3035 3862 μὲν
3064 3793 3161 3845 τοῦ
3213 3791 3429 3862 τείχους
3472 3790 3573 3862 τὴν
3603 3790 3805 3863 χέρσον

2200 3883 2927 3955 ἀποσκοπεῖ,ἐρυμνότατόν
2965 3884 3024 3938 τέ
3055 3886 3174 3937 ἐστι
3216 3883 3313 3938 καὶ⁸
3361 3882 3441 3952 τῷ
3495 3883 3665 3954 πάχει
3701 3883 3808 3952 τῆς

2198 3973 2491 4045 οἰκοδομῆς
2525 3975 3025 4048 κατωχυρωμένον,
3047 3974 3127 4046 τῷ
3177 3974 3379 4041 ἔξωθέν
3418 3992 3479 4029 τε
3519 3974 3807 4045 προτειχί-

2199 4084 2370 4138 σματι
2399 4066 2463 4120 τὸ
2490 4067 2734 4137 ἀσφαλὲς
2760 4068 3030 4123 πάντοθεν
3056 4070 3102 4100 δ’
3133 4068 3461 4139 συντηροῦν,
3508 4067 3807 4139 προϐόλοις

2197 4160 2294 4214 καὶ
2323 4158 2613 4224 ἐπάλξεσιν
2646 4159 2793 4213 ἆπαν
2823 4158 3427 4229 καταπετωκνωμένον,
3479 4158 3574 4211 καὶ
3630 4155 3806 4226 μηδες-

2202 4252 2333 4322 μίαν
2352 4252 2601 4323 ἀνάγκην
2635 4253 2802 4322 φόϐου
2832 4252 2880 4283 ⁸³
2912 4254 3025 4315 τοῖς
3058 4253 3343 4322 οἰκήτορσι
3391 4249 3802 4321 παρεχόμενον.

2197 4346 2271 4400 Τὸ
2298 4346 2356 4399 δὲ
2387 4347 2524 4417 πρὸς
2548 4347 2700 4401 νότον
2724 4346 2891 4399 αὐτοῦ
2921 4344 3201 4417 χθαμαλὸν
3229 4346 3290 4398 τέ
3336 4346 3454 4398 ἐστι
3512 4341 3803 4405 παντελῶς

2197 4438 2293 4492 καὶ
2324 4438 2462 4509 πρὸς
2490 4438 2728 4509 πόλεμον
2760 4439 3156 4510 ἀπαράσκευον
3183 4452 3197 4467 ·
3231 4434 3388 4509 οἶμαι
3423 4435 3532 4508 γὰρ
3564 4433 3642 4505 τῷ
3685 4451 3801 4505 μη-

490 4550 590 4589 ora
634 4534 877 4591 hostium
940 4532 1357 4603 aggressionem
1408 4539 1706 4592 metueret,
1747 4538 2087 4584 structuram

2200 4531 2388 4601 δεμίαν
2413 4530 2726 4601 ὑφορᾶσθαι
2775 4529 3087 4602 προσϐολὴν
3145 4530 3350 4601 βλάϐης
3396 4531 3462 4582 ἐκ
3492 4524 3601 4580 τοῦ
3656 4526 3801 4596 πρὸς

490 4627 823 4711 neglexisse.
877 4627 1077 4684 Fertur
1127 4641 1258 4683 vero
1305 4626 1540 4697 antiquo
1593 4640 1840 4689 rumore,
1869 4624 1963 4696 qui
2014 4623 2083 4677 ad

490 4730 683 4778 nostra
708 4722 825 4777 haec
866 4729 1114 4793 tempora
1168 4720 1444 4791 pervenit,
1477 4719 1671 4775 urbem
1702 4735 1768 4774 ex
1829 4733 1893 4773 ea
1929 4724 2085 4787 parte

487 4830 585 4885 per
622 4814 828 4871 multos
863 4829 1040 4870 annos
1068 4809 1243 4869 omni
1274 4828 1435 4868 muro
1487 4818 1753 4881 septoque
1803 4809 2078 4871 caruisse,

487 4923 554 4963 ac
577 4907 755 4963 donec
784 4907 986 4963 Xerxis
1012 4907 1292 4978 quondam
1339 4905 1623 4962 Medorum
1676 4904 1824 4971 regis
1880 4901 2078 4955 timore

488 4997 636 5068 (ejus
693 5000 909 5055 scilicet
942 5000 1036 5069 qui
1099 5008 1301 5055 terram
1363 4997 1733 5068 navigabilem
1794 4994 2083 5050 fecerat'ct

484 5087 729 5157 copiosis
759 5090 1071 5158 agminibus
1099 5090 1325 5146 Graeciaa
1375 5089 1576 5144 bellum
1623 5088 1918 5158 indixerat)
1970 5087 2081 5143 Ro-

484 5194 778 5234 manorum
814 5198 997 5236 rerum
1056 5182 1374 5237 dominator
1410 5180 1637 5250 pusillo,
1668 5188 1722 5233 et
1753 5188 1814 5234 ut
1846 5196 1967 5235 sese
1997 5196 2083 5235 oc-

486 5271 643 5326 casio
676 5273 901 5336 tulerat,
937 5289 1135 5343 aggere
1153 5289 1273 5328 eam
1293 5280 1502 5344 partem
1528 5273 1924 5342 circumsepsit
1947 5289 1960 5336 ;
1990 5274 2081 5341 qui

487 5364 607 5434 ipse
647 5380 814 5436 agger
839 5382 905 5421 ex
937 5382 1003 5422 eo
1058 5374 1308 5437 tempore
1358 5366 1425 5421 ad
1493 5366 1597 5420 hoc
1645 5366 1745 5420 agvi
1802 5366 2078 5431 subsistit,

486 5458 696 5512 nullam
757 5458 885 5514 inde
925 5475 1128 5514 noxam
1192 5459 1511 5530 atrocisque
1576 5459 1653 5513 rei
1705 5459 2079 5527 suspicionem

485 5568 729 5622 unquam
758 5553 880 5608 fore
911 5555 1258 5610 existimans.
1298 5553 1453 5608 Licet
1485 5553 1654 5625 A99
1694 5555 1841 5609 enim
1898 5554 2081 5623 plera-

485 5660 595 5715 que
622 5648 825 5719 saepius
845 5648 1008 5713 bella,
1040 5664 1217 5720 eaque
1250 5648 1657 5716 crudelissima,
1692 5648 1909 5706 civitas.
1961 5654 2075 5700 tum

2195 4622 2476 4677 θάλασσαν
2502 4624 2530 4675 ὀ
2558 4622 2818 4693 τεχνίτης
2861 4621 3032 4678 πάλαι
3062 4622 3163 4692 τῆς
3202 4622 3497 4692 οἰκοδομῆς
3543 4618 3798 4690 κατημέη

2189 4712 2345 4784 λησε.
2366 4713 2599 4785 Φέρεται
2622 4713 2680 4767 δέ
2702 4731 2786 4778 τις
2811 4714 2905 4768 καὶ
2936 4713 3170 4777 παλαιὸς
3199 4713 3361 4782 λόγος
3403 4712 3599 4782 μέχρις
3622 4710 3791 4782 ἡμῶν

2191 4804 2430 4875 φθάσας,
2468 4806 2546 4868 ὡς
2578 4804 2887 4876 ἀτείχιστος
2908 4800 3060 4876 ἦνέξ
3087 4805 3298 4858 ἐκείνου
3352 4802 3445 4856 τοῦ
3504 4802 3709 4873 μέρους
3758 4803 3791 4871 ἡ

2189 4898 2344 4961 πόλις
2370 4898 2598 4969 χρόνους
2627 4897 2881 4962 πολλοὺς,
2912 4900 2961 4951 εί
2994 4896 3069 4968 μὴ
3099 4897 3177 4968 τῷ
3221 4897 3332 4950 δέει
3363 4896 3497 4950 ποτέ
3531 4894 3628 4948 τοῦ
3662 4897 3791 4966 Μή-

2182 4990 2542 5061 δων’Ξέρξου,
2576 4990 2801 5063 πλωτὴν
2822 4993 2925 5060 γῆν
2952 4989 3362 5060 τεκτηναμένου
3397 4990 3493 5042 καὶ
3521 4988 3666 5043 κατά
3684 4989 3790 5057 τῆς

2195 5083 2450 5146 Ἑλλάδος
2496 5083 3066 5153 στρατοπεδεύσαντος
3134 5083 3233 5137 καὶ
3282 5082 3496 5135 πολλῶν
3573 5081 3789 5152 πληθὺν

2185 5175 2609 5245 ἐπιφερομένου,
2650 5178 2677 5230 ὁ
2726 5177 2836 5229 τῶν
2894 5176 3184 5247 Ῥωμαίων
3238 5175 3307 5229 τὰ
3348 5175 3608 5245 σκῆπτρα
3662 5175 3785 5228 κατ’

2184 5269 2430 5334 ἐκείνους
2459 5272 2589 5335 τοὺς
2624 5273 2854 5343 καιροὺς
2891 5271 3086 5326 ἰθύνων
3119 5272 3318 5342 μικράν
3341 5289 3463 5324 τινα
3490 5273 3587 5325 καὶ
3612 5272 3689 5335 ὼς
3719 5274 3785 5323 ἐκ

2189 5362 2284 5416 τοῦ
2317 5365 2727 5435 παρατυχόντος
2763 5364 3020 5435 φραγμὸν
3060 5364 3138 5434 τῷ
3165 5364 3293 5435 τῇδε
3341 5364 3642 5434 περιέθηκε
3685 5365 3784 5433 μέ-

2192 5474 2297 5525 ρει.
2347 5457 2466 5527 Ἀφ’
2496 5452 2558 5512 οὗ
2588 5458 2652 5528 δὴ
2679 5458 2870 5529 χρόνον
2902 5458 2997 5511 καὶ
3023 5458 3186 5528 μέχρι
3220 5457 3314 5511 τοῦ
3346 5457 3508 5527 δεῦρο
3537 5457 3599 5508 τὸ
3651 5456 3785 5510 αὐτὸ

2187 5551 2347 5604 τοῦτο
2372 5552 2798 5623 διαμεμένηκεν,
2830 5551 3091 5605 οὐδέποτε
3120 5552 3222 5622 τῆς
3283 5550 3492 5605 ἐκεῖθεν
3551 5550 3779 5620 βλάϐης,

2187 5643 2264 5707 ὡς
2294 5643 2454 5714 ᾠετο,
2475 5644 2577 5699 κᾶν
2611 5645 2667 5698 ἐν
2702 5644 2927 5717 ὑπονοίᾳ
2957 5644 3100 5700 τισὶν
3126 5643 3413 5715 ἐσομένης.
3445 5644 3507 5697 Et
3548 5642 3659 5714 γὰρ
3687 5644 3781 5698 καὶ

1784 5742 2022 5797 VARI/l3
2056 5740 2460 5796 LECTIONES.

561 5830 606 5863 ⁵¹
633 5833 720 5887 διὰ
753 5834 975 5904 μέσονΑ
1012 5856 1021 5893 :
1062 5854 1129 5894 an
1156 5839 1241 5893 διὰ
1276 5838 1485 5912 μέσονῖ
1561 5841 1604 5872 ⁵³
1637 5838 1864 5893 πάντοτε
1901 5836 1959 5893 Ρ.
2040 5838 2085 5867 ⁸³
2109 5835 2271 5906 φόϐον
2306 5838 2371 5890 A.
