  <div class='ocr_page' id='page_1' title='image "/cluster/home/n/w/nwhite01/storage/ocr_20150623/109/coo.31924054870138/276.png"; bbox 0 0 4094 6450; ppageno 0'>
   <div class='ocr_carea' id='block_1_1' title="bbox 348 356 462 423">
    <p class='ocr_par' dir='ltr' id='par_1_1' title="bbox 348 356 462 423">
     <span class='ocr_line' id='line_1_1' title="bbox 348 356 462 423; baseline -0.009 0"><span class='ocrx_word' id='word_1_1' title='bbox 348 356 462 423; x_wconf 79' lang='lat'><strong>531</strong></span> 
     </span>
    </p>
   </div>
   <div class='ocr_carea' id='block_1_2' title="bbox 1432 353 2531 421">
    <p class='ocr_par' dir='ltr' id='par_1_2' title="bbox 1432 353 2531 421">
     <span class='ocr_line' id='line_1_2' title="bbox 1432 353 2531 421; baseline -0.001 -3"><span class='ocrx_word' id='word_1_2' title='bbox 1432 357 1531 418; x_wconf 87' lang='lat' dir='ltr'><strong>DE</strong></span> <span class='ocrx_word' id='word_1_3' title='bbox 1561 354 1878 419; x_wconf 79' lang='lat' dir='ltr'><strong>EXCIDIO</strong></span> <span class='ocrx_word' id='word_1_4' title='bbox 1915 353 2531 421; x_wconf 56' lang='lat' dir='ltr'><strong>THESSALONlCiE.</strong></span> 
     </span>
    </p>
   </div>
   <div class='ocr_carea' id='block_1_3' title="bbox 3538 355 3648 420">
    <p class='ocr_par' dir='ltr' id='par_1_3' title="bbox 3538 355 3648 420">
     <span class='ocr_line' id='line_1_3' title="bbox 3538 355 3648 420; baseline -0.018 0"><span class='ocrx_word' id='word_1_5' title='bbox 3538 355 3648 420; x_wconf 78' lang='lat'><strong>538</strong></span> 
     </span>
    </p>
   </div>
   <div class='ocr_carea' id='block_1_4' title="bbox 344 462 1947 541">
    <p class='ocr_par' dir='ltr' id='par_1_4' title="bbox 344 465 1945 541">
     <span class='ocr_line' id='line_1_4' title="bbox 344 465 1945 541; baseline 0.002 -20"><span class='ocrx_word' id='word_1_6' title='bbox 344 468 586 532; x_wconf 63' lang='grc' dir='ltr'>πολλοὺς</span> <span class='ocrx_word' id='word_1_7' title='bbox 615 467 875 532; x_wconf 75' lang='grc' dir='ltr'><strong>πολλάκις</strong></span> <span class='ocrx_word' id='word_1_8' title='bbox 904 465 1105 538; x_wconf 82' lang='grc' dir='ltr'>ἀνέτλη</span> <span class='ocrx_word' id='word_1_9' title='bbox 1138 467 1411 539; x_wconf 79' lang='grc' dir='ltr'>πολέμους</span> <span class='ocrx_word' id='word_1_10' title='bbox 1439 469 1534 522; x_wconf 74' lang='grc' dir='ltr'>καὶ</span> <span class='ocrx_word' id='word_1_11' title='bbox 1562 468 1685 524; x_wconf 91' lang='grc' dir='ltr'>λίαν</span> <span class='ocrx_word' id='word_1_12' title='bbox 1713 471 1945 541; x_wconf 84' lang='grc' dir='ltr'>σφοδρο-</span> 
     </span>
    </p>
   </div>
   <div class='ocr_carea' id='block_1_5' title="bbox 2052 462 3657 541">
    <p class='ocr_par' dir='ltr' id='par_1_5' title="bbox 2052 462 3657 538">
     <span class='ocr_line' id='line_1_5' title="bbox 2052 462 3657 538; baseline -0.001 -17"><span class='ocrx_word' id='word_1_13' title='bbox 2052 466 2423 523; x_wconf 87' lang='lat' dir='ltr'><strong>Barbarorum</strong></span> <span class='ocrx_word' id='word_1_14' title='bbox 2456 474 2573 520; x_wconf 90' lang='lat' dir='ltr'><strong>tum</strong></span> <span class='ocrx_word' id='word_1_15' title='bbox 2623 462 2983 519; x_wconf 82' lang='lat' dir='ltr'><strong>finitimorum</strong></span> <span class='ocrx_word' id='word_1_16' title='bbox 3033 464 3388 538; x_wconf 78' lang='lat' dir='ltr'><strong>Scytharum,</strong></span> <span class='ocrx_word' id='word_1_17' title='bbox 3443 467 3657 521; x_wconf 80' lang='lat' dir='ltr'><strong>machi-</strong></span> 
     </span>
    </p>
   </div>
   <div class='ocr_carea' id='block_1_6' title="bbox 349 560 1952 634">
    <p class='ocr_par' dir='ltr' id='par_1_6' title="bbox 349 560 1952 634">
     <span class='ocr_line' id='line_1_6' title="bbox 349 560 1952 634; baseline 0.002 -20"><span class='ocrx_word' id='word_1_18' title='bbox 349 564 555 625; x_wconf 80' lang='grc' dir='ltr'>τάτους</span> <span class='ocrx_word' id='word_1_19' title='bbox 586 564 619 631; x_wconf 78' lang='grc' dir='ltr'>ἡ</span> <span class='ocrx_word' id='word_1_20' title='bbox 656 560 833 629; x_wconf 85' lang='grc' dir='ltr'>πόλις,</span> <span class='ocrx_word' id='word_1_21' title='bbox 864 561 993 626; x_wconf 77' lang='grc' dir='ltr'>τούς</span> <span class='ocrx_word' id='word_1_22' title='bbox 1024 580 1084 616; x_wconf 81' lang='grc' dir='ltr'><strong>τε</strong></span> <span class='ocrx_word' id='word_1_23' title='bbox 1111 563 1176 616; x_wconf 83' lang='grc' dir='ltr'>ἐκ</span> <span class='ocrx_word' id='word_1_24' title='bbox 1195 562 1304 616; x_wconf 86' lang='grc' dir='ltr'><strong>τῶν</strong></span> <span class='ocrx_word' id='word_1_25' title='bbox 1335 562 1643 634; x_wconf 81' lang='grc' dir='ltr'>Βαρϐάρων</span> <span class='ocrx_word' id='word_1_26' title='bbox 1691 565 1786 616; x_wconf 71' lang='grc' dir='ltr'>καὶ</span> <span class='ocrx_word' id='word_1_27' title='bbox 1848 564 1952 617; x_wconf 74' lang='grc' dir='ltr'>αύ-</span> 
     </span>
    </p>
   </div>
   <div class='ocr_carea' id='block_1_7' title="bbox 346 652 1954 727">
    <p class='ocr_par' dir='ltr' id='par_1_7' title="bbox 346 652 1954 727">
     <span class='ocr_line' id='line_1_7' title="bbox 346 652 1954 727; baseline 0.002 -20"><span class='ocrx_word' id='word_1_28' title='bbox 346 655 467 709; x_wconf 84' lang='grc' dir='ltr'><strong>τῶν</strong></span> <span class='ocrx_word' id='word_1_29' title='bbox 496 656 553 709; x_wconf 70' lang='grc' dir='ltr'>δὲ</span> <span class='ocrx_word' id='word_1_30' title='bbox 581 655 692 709; x_wconf 90' lang='grc' dir='ltr'><strong>τῶν</strong></span> <span class='ocrx_word' id='word_1_31' title='bbox 716 655 1166 727; x_wconf 81' lang='grc' dir='ltr'>συνομορούντων</span> <span class='ocrx_word' id='word_1_32' title='bbox 1196 655 1445 722; x_wconf 86' lang='grc' dir='ltr'><strong>Σκυθῶν,</strong></span> <span class='ocrx_word' id='word_1_33' title='bbox 1471 656 1580 709; x_wconf 82' lang='grc' dir='ltr'>πᾶν</span> <span class='ocrx_word' id='word_1_34' title='bbox 1607 652 1746 720; x_wconf 77' lang='grc' dir='ltr'>εἶδος</span> <span class='ocrx_word' id='word_1_35' title='bbox 1778 656 1954 727; x_wconf 88' lang='grc' dir='ltr'>ἀμυν-</span> 
     </span>
    </p>
   </div>
   <div class='ocr_carea' id='block_1_8' title="bbox 345 746 1953 820">
    <p class='ocr_par' dir='ltr' id='par_1_8' title="bbox 345 746 1953 820">
     <span class='ocr_line' id='line_1_8' title="bbox 345 746 1953 820; baseline 0.001 -21"><span class='ocrx_word' id='word_1_36' title='bbox 345 746 563 817; x_wconf 85' lang='grc' dir='ltr'>τηρίων</span> <span class='ocrx_word' id='word_1_37' title='bbox 584 747 707 801; x_wconf 79' lang='grc' dir='ltr'>κατ’</span> <span class='ocrx_word' id='word_1_38' title='bbox 727 748 900 819; x_wconf 80' lang='grc' dir='ltr'>αὐτῆς</span> <span class='ocrx_word' id='word_1_39' title='bbox 924 748 1331 820; x_wconf 80' lang='grc' dir='ltr'>ὲπινοουμένων</span> <span class='ocrx_word' id='word_1_40' title='bbox 1385 748 1481 803; x_wconf 70' lang='grc' dir='ltr'><strong>καὶ</strong></span> <span class='ocrx_word' id='word_1_41' title='bbox 1510 747 1741 820; x_wconf 78' lang='grc' dir='ltr'><strong>ψάμμου</strong></span> <span class='ocrx_word' id='word_1_42' title='bbox 1796 748 1953 819; x_wconf 89' lang='grc' dir='ltr'>δίκην</span> 
     </span>
    </p>
   </div>
   <div class='ocr_carea' id='block_1_9' title="bbox 344 838 1953 914">
    <p class='ocr_par' dir='ltr' id='par_1_9' title="bbox 344 838 1953 914">
     <span class='ocr_line' id='line_1_9' title="bbox 344 838 1953 914; baseline 0.004 -23"><span class='ocrx_word' id='word_1_43' title='bbox 344 839 434 909; x_wconf 83' lang='grc' dir='ltr'>τῷ</span> <span class='ocrx_word' id='word_1_44' title='bbox 498 838 696 911; x_wconf 81' lang='grc' dir='ltr'>πλήθει</span> <span class='ocrx_word' id='word_1_45' title='bbox 756 840 858 910; x_wconf 84' lang='grc' dir='ltr'><strong>τῆς</strong></span> <span class='ocrx_word' id='word_1_46' title='bbox 918 843 1182 913; x_wconf 81' lang='grc' dir='ltr'>στρατιᾶς</span> <span class='ocrx_word' id='word_1_47' title='bbox 1231 841 1557 914; x_wconf 83' lang='grc' dir='ltr'><strong>εἰσρεόντων</strong></span> <span class='ocrx_word' id='word_1_48' title='bbox 1615 842 1710 895; x_wconf 70' lang='grc' dir='ltr'>καὶ</span> <span class='ocrx_word' id='word_1_49' title='bbox 1741 843 1879 914; x_wconf 74' lang='grc' dir='ltr'>μηδὲ</span> <span class='ocrx_word' id='word_1_50' title='bbox 1906 842 1953 875; x_wconf 71' lang='grc'><strong><em>⁸⁵</em></strong></span> 
     </span>
    </p>
   </div>
   <div class='ocr_carea' id='block_1_10' title="bbox 347 930 1954 1003">
    <p class='ocr_par' dir='ltr' id='par_1_10' title="bbox 347 930 1954 1003">
     <span class='ocr_line' id='line_1_10' title="bbox 347 930 1954 1003; baseline 0.001 -19"><span class='ocrx_word' id='word_1_51' title='bbox 347 930 658 1002; x_wconf 58' lang='grc' dir='ltr'>ὑποφέρειν</span> <span class='ocrx_word' id='word_1_52' title='bbox 687 931 789 1003; x_wconf 80' lang='grc' dir='ltr'>τὴν</span> <span class='ocrx_word' id='word_1_53' title='bbox 816 933 1048 1002; x_wconf 84' lang='grc' dir='ltr'>ἀπειλὴν</span> <span class='ocrx_word' id='word_1_54' title='bbox 1090 932 1271 986; x_wconf 84' lang='grc' dir='ltr'>αὐτῶν</span> <span class='ocrx_word' id='word_1_55' title='bbox 1325 933 1779 1001; x_wconf 78' lang='grc' dir='ltr'><strong>φιλονεικούντων</strong></span> <span class='ocrx_word' id='word_1_56' title='bbox 1836 933 1954 1003; x_wconf 71' lang='grc' dir='ltr'>(καὶ</span> 
     </span>
    </p>
   </div>
   <div class='ocr_carea' id='block_1_11' title="bbox 348 1020 1955 1096">
    <p class='ocr_par' dir='ltr' id='par_1_11' title="bbox 348 1020 1955 1096">
     <span class='ocr_line' id='line_1_11' title="bbox 348 1020 1955 1096; baseline 0.001 -21"><span class='ocrx_word' id='word_1_57' title='bbox 348 1022 468 1095; x_wconf 68' lang='grc' dir='ltr'><strong>γὰρ</strong></span> <span class='ocrx_word' id='word_1_58' title='bbox 496 1023 573 1087; x_wconf 84' lang='grc' dir='ltr'>ὡς</span> <span class='ocrx_word' id='word_1_59' title='bbox 602 1022 817 1095; x_wconf 84' lang='grc' dir='ltr'>ἀληθῶς</span> <span class='ocrx_word' id='word_1_60' title='bbox 840 1020 980 1096; x_wconf 82' lang='grc' dir='ltr'>ἦσαν</span> <span class='ocrx_word' id='word_1_61' title='bbox 1009 1023 1308 1079; x_wconf 75' lang='grc' dir='ltr'>ἀκάθεκτοι</span> <span class='ocrx_word' id='word_1_62' title='bbox 1336 1025 1458 1087; x_wconf 83' lang='grc' dir='ltr'>ταῖς</span> <span class='ocrx_word' id='word_1_63' title='bbox 1487 1025 1688 1096; x_wconf 81' lang='grc' dir='ltr'>ὁρμαῖς</span> <span class='ocrx_word' id='word_1_64' title='bbox 1716 1026 1807 1080; x_wconf 78' lang='grc' dir='ltr'>καὶ</span> <span class='ocrx_word' id='word_1_65' title='bbox 1834 1041 1955 1078; x_wconf 89' lang='grc' dir='ltr'>ποι-</span> 
     </span>
    </p>
   </div>
   <div class='ocr_carea' id='block_1_12' title="bbox 348 1113 1956 1189">
    <p class='ocr_par' dir='ltr' id='par_1_12' title="bbox 348 1113 1956 1189">
     <span class='ocr_line' id='line_1_12' title="bbox 348 1113 1956 1189; baseline 0.001 -20"><span class='ocrx_word' id='word_1_66' title='bbox 348 1117 484 1189; x_wconf 79' lang='grc' dir='ltr'>κίλῃ</span> <span class='ocrx_word' id='word_1_67' title='bbox 512 1115 622 1169; x_wconf 75' lang='grc' dir='ltr'>τινὶ</span> <span class='ocrx_word' id='word_1_68' title='bbox 643 1117 919 1188; x_wconf 71' lang='grc' dir='ltr'>πανοπλίᾳ</span> <span class='ocrx_word' id='word_1_69' title='bbox 955 1115 1384 1188; x_wconf 79' lang='grc' dir='ltr'>πεφραγμένοι),</span> <span class='ocrx_word' id='word_1_70' title='bbox 1418 1116 1533 1170; x_wconf 87' lang='grc' dir='ltr'>ἀλλ’</span> <span class='ocrx_word' id='word_1_71' title='bbox 1563 1113 1633 1189; x_wconf 82' lang='grc' dir='ltr'>ἦν</span> <span class='ocrx_word' id='word_1_72' title='bbox 1658 1118 1766 1189; x_wconf 83' lang='grc' dir='ltr'>ἄρα</span> <span class='ocrx_word' id='word_1_73' title='bbox 1799 1118 1956 1189; x_wconf 89' lang='grc' dir='ltr'>περί·-</span> 
     </span>
    </p>
   </div>
   <div class='ocr_carea' id='block_1_13' title="bbox 348 1206 1957 1280">
    <p class='ocr_par' dir='ltr' id='par_1_13' title="bbox 348 1206 1957 1280">
     <span class='ocr_line' id='line_1_13' title="bbox 348 1206 1957 1280; baseline 0.001 -18"><span class='ocrx_word' id='word_1_74' title='bbox 348 1225 505 1279; x_wconf 83' lang='grc' dir='ltr'>γειος</span> <span class='ocrx_word' id='word_1_75' title='bbox 533 1206 726 1278; x_wconf 86' lang='grc' dir='ltr'>ῶσπερ</span> <span class='ocrx_word' id='word_1_76' title='bbox 767 1210 802 1278; x_wconf 80' lang='grc' dir='ltr'><strong>ἡ</strong></span> <span class='ocrx_word' id='word_1_77' title='bbox 831 1210 1006 1280; x_wconf 80' lang='grc' dir='ltr'>μάχη,</span> <span class='ocrx_word' id='word_1_78' title='bbox 1025 1209 1119 1263; x_wconf 81' lang='grc' dir='ltr'>καὶ</span> <span class='ocrx_word' id='word_1_79' title='bbox 1150 1209 1404 1277; x_wconf 80' lang='grc' dir='ltr'><strong>διέφευγε</strong></span> <span class='ocrx_word' id='word_1_80' title='bbox 1433 1210 1529 1274; x_wconf 85' lang='grc' dir='ltr'>τὰς</span> <span class='ocrx_word' id='word_1_81' title='bbox 1561 1209 1858 1274; x_wconf 76' lang='grc' dir='ltr'>ἐπιϐουλὰς</span> <span class='ocrx_word' id='word_1_82' title='bbox 1876 1208 1957 1279; x_wconf 81' lang='grc' dir='ltr'>τῷ</span> 
     </span>
    </p>
   </div>
   <div class='ocr_carea' id='block_1_14' title="bbox 349 1301 1956 1373">
    <p class='ocr_par' dir='ltr' id='par_1_14' title="bbox 349 1301 1956 1373">
     <span class='ocr_line' id='line_1_14' title="bbox 349 1301 1956 1373; baseline 0.001 -19"><span class='ocrx_word' id='word_1_83' title='bbox 349 1301 597 1371; x_wconf 81' lang='grc' dir='ltr'>ἀσφαλεῖ</span> <span class='ocrx_word' id='word_1_84' title='bbox 620 1301 716 1354; x_wconf 82' lang='grc' dir='ltr'><strong>τοῦ</strong></span> <span class='ocrx_word' id='word_1_85' title='bbox 762 1302 978 1371; x_wconf 77' lang='grc' dir='ltr'><strong>τείχους</strong></span> <span class='ocrx_word' id='word_1_86' title='bbox 1018 1303 1118 1373; x_wconf 80' lang='grc' dir='ltr'><strong>τὴν</strong></span> <span class='ocrx_word' id='word_1_87' title='bbox 1179 1305 1368 1372; x_wconf 70' lang='grc' dir='ltr'>ἔφοδον</span> <span class='ocrx_word' id='word_1_88' title='bbox 1396 1302 1792 1369; x_wconf 83' lang='grc' dir='ltr'>ὑπεκκλίνασα,</span> <span class='ocrx_word' id='word_1_89' title='bbox 1862 1301 1956 1357; x_wconf 74' lang='grc' dir='ltr'>καὶ</span> 
     </span>
    </p>
   </div>
   <div class='ocr_carea' id='block_1_15' title="bbox 348 1393 1955 1468">
    <p class='ocr_par' dir='ltr' id='par_1_15' title="bbox 348 1393 1955 1468">
     <span class='ocr_line' id='line_1_15' title="bbox 348 1393 1955 1468; baseline 0.001 -20"><span class='ocrx_word' id='word_1_90' title='bbox 348 1394 432 1465; x_wconf 80' lang='grc' dir='ltr'>τῷ</span> <span class='ocrx_word' id='word_1_91' title='bbox 459 1394 707 1464; x_wconf 83' lang='grc' dir='ltr'><strong>συνήθως</strong></span> <span class='ocrx_word' id='word_1_92' title='bbox 732 1395 870 1465; x_wconf 82' lang='grc' dir='ltr'>αὐτῇ</span> <span class='ocrx_word' id='word_1_93' title='bbox 898 1394 995 1449; x_wconf 77' lang='grc' dir='ltr'><strong>καὶ</strong></span> <span class='ocrx_word' id='word_1_94' title='bbox 1044 1393 1263 1467; x_wconf 85' lang='grc' dir='ltr'>θερμῶς</span> <span class='ocrx_word' id='word_1_95' title='bbox 1322 1394 1761 1468; x_wconf 78' lang='grc' dir='ltr'>ὑπερμαχοῦντι,</span> <span class='ocrx_word' id='word_1_96' title='bbox 1808 1395 1955 1465; x_wconf 85' lang='grc' dir='ltr'>λέγω</span> 
     </span>
    </p>
   </div>
   <div class='ocr_carea' id='block_1_16' title="bbox 345 1487 1954 1561">
    <p class='ocr_par' dir='ltr' id='par_1_16' title="bbox 345 1487 1954 1561">
     <span class='ocr_line' id='line_1_16' title="bbox 345 1487 1954 1561; baseline 0.001 -21"><span class='ocrx_word' id='word_1_97' title='bbox 345 1487 418 1557; x_wconf 84' lang='grc' dir='ltr'>δὴ</span> <span class='ocrx_word' id='word_1_98' title='bbox 467 1487 547 1559; x_wconf 83' lang='grc' dir='ltr'><strong>τῷ</strong></span> <span class='ocrx_word' id='word_1_99' title='bbox 602 1488 912 1557; x_wconf 81' lang='grc' dir='ltr'>πανενδόξῳ</span> <span class='ocrx_word' id='word_1_100' title='bbox 962 1488 1205 1560; x_wconf 82' lang='grc' dir='ltr'>μάρτυρι</span> <span class='ocrx_word' id='word_1_101' title='bbox 1262 1489 1590 1561; x_wconf 83' lang='grc' dir='ltr'><strong>Δημητρίῳ,</strong></span> <span class='ocrx_word' id='word_1_102' title='bbox 1618 1489 1716 1560; x_wconf 83' lang='grc' dir='ltr'>τὴν</span> <span class='ocrx_word' id='word_1_103' title='bbox 1750 1489 1954 1559; x_wconf 73' lang='grc' dir='ltr'>ἑαυτῆς</span> 
     </span>
    </p>
   </div>
   <div class='ocr_carea' id='block_1_17' title="bbox 348 1576 1953 1649">
    <p class='ocr_par' dir='ltr' id='par_1_17' title="bbox 348 1576 1953 1649">
     <span class='ocr_line' id='line_1_17' title="bbox 348 1576 1953 1649; baseline 0.001 -21"><span class='ocrx_word' id='word_1_104' title='bbox 348 1576 641 1648; x_wconf 75' lang='grc' dir='ltr'>σωτηρίαν</span> <span class='ocrx_word' id='word_1_105' title='bbox 669 1577 1173 1635; x_wconf 89' lang='grc' dir='ltr'>καταπιστεύουσα.</span> <span class='ocrx_word' id='word_1_106' title='bbox 1224 1581 1320 1634; x_wconf 84' lang='grc' dir='ltr'>Ἐκ</span> <span class='ocrx_word' id='word_1_107' title='bbox 1366 1579 1581 1633; x_wconf 82' lang='grc' dir='ltr'>πολλῶν</span> <span class='ocrx_word' id='word_1_108' title='bbox 1628 1579 1740 1649; x_wconf 84' lang='grc' dir='ltr'>γὰρ</span> <span class='ocrx_word' id='word_1_109' title='bbox 1781 1577 1953 1647; x_wconf 80' lang='grc' dir='ltr'>αὐτὴν</span> 
     </span>
    </p>
   </div>
   <div class='ocr_carea' id='block_1_18' title="bbox 344 1666 1955 1744">
    <p class='ocr_par' dir='ltr' id='par_1_18' title="bbox 344 1666 1955 1744">
     <span class='ocr_line' id='line_1_18' title="bbox 344 1666 1955 1744; baseline 0.001 -22"><span class='ocrx_word' id='word_1_110' title='bbox 344 1669 623 1724; x_wconf 78' lang='grc' dir='ltr'>κινδύνων</span> <span class='ocrx_word' id='word_1_111' title='bbox 682 1673 712 1724; x_wconf 88' lang='grc' dir='ltr'><strong>ό</strong></span> <span class='ocrx_word' id='word_1_112' title='bbox 753 1671 800 1704; x_wconf 82' lang='grc'>⁸⁸</span> <span class='ocrx_word' id='word_1_113' title='bbox 851 1671 1190 1743; x_wconf 88' lang='grc' dir='ltr'>σωσίπατρις</span> <span class='ocrx_word' id='word_1_114' title='bbox 1219 1666 1376 1739; x_wconf 75' lang='grc' dir='ltr'>οὗτος</span> <span class='ocrx_word' id='word_1_115' title='bbox 1427 1672 1722 1744; x_wconf 76' lang='grc' dir='ltr'>ὲρρύσατο,</span> <span class='ocrx_word' id='word_1_116' title='bbox 1766 1670 1955 1725; x_wconf 76' lang='grc' dir='ltr'>καὶτὸ</span> 
     </span>
    </p>
   </div>
   <div class='ocr_carea' id='block_1_19' title="bbox 343 1763 1954 1837">
    <p class='ocr_par' dir='ltr' id='par_1_19' title="bbox 343 1763 1954 1837">
     <span class='ocr_line' id='line_1_19' title="bbox 343 1763 1954 1837; baseline 0.001 -22"><span class='ocrx_word' id='word_1_117' title='bbox 343 1765 512 1835; x_wconf 78' lang='grc' dir='ltr'>νικᾷν</span> <span class='ocrx_word' id='word_1_118' title='bbox 533 1763 672 1835; x_wconf 76' lang='grc' dir='ltr'>αὐτῇ</span> <span class='ocrx_word' id='word_1_119' title='bbox 712 1764 809 1819; x_wconf 79' lang='grc' dir='ltr'>καὶ</span> <span class='ocrx_word' id='word_1_120' title='bbox 843 1766 1013 1836; x_wconf 81' lang='grc' dir='ltr'>μήπω</span> <span class='ocrx_word' id='word_1_121' title='bbox 1040 1765 1137 1821; x_wconf 80' lang='grc' dir='ltr'>τοῦ</span> <span class='ocrx_word' id='word_1_122' title='bbox 1167 1765 1408 1837; x_wconf 88' lang='grc' dir='ltr'>πολέμου</span> <span class='ocrx_word' id='word_1_123' title='bbox 1440 1764 1770 1836; x_wconf 83' lang='grc' dir='ltr'>πειραθείσῃ</span> <span class='ocrx_word' id='word_1_124' title='bbox 1822 1763 1954 1817; x_wconf 83' lang='grc' dir='ltr'>πολ-</span> 
     </span>
    </p>
   </div>
   <div class='ocr_carea' id='block_1_20' title="bbox 342 1861 1220 1936">
    <p class='ocr_par' dir='ltr' id='par_1_20' title="bbox 342 1861 1220 1936">
     <span class='ocr_line' id='line_1_20' title="bbox 342 1861 1220 1936; baseline 0.005 -21"><span class='ocrx_word' id='word_1_125' title='bbox 342 1862 512 1925; x_wconf 77' lang='grc' dir='ltr'>λάκις</span> <span class='ocrx_word' id='word_1_126' title='bbox 550 1861 856 1932; x_wconf 82' lang='grc' dir='ltr'><strong>συμπαθῶς</strong></span> <span class='ocrx_word' id='word_1_127' title='bbox 887 1862 1220 1936; x_wconf 79' lang='grc' dir='ltr'>ἐδωρήσατο.</span> 
     </span>
    </p>
   </div>
   <div class='ocr_carea' id='block_1_21' title="bbox 338 1954 1874 2028">
    <p class='ocr_par' dir='ltr' id='par_1_21' title="bbox 338 1954 1874 2028">
     <span class='ocr_line' id='line_1_21' title="bbox 338 1954 1874 2028; baseline -0.002 -17"><span class='ocrx_word' id='word_1_128' title='bbox 338 1974 440 2021; x_wconf 78' lang='grc' dir='ltr'>τες</span> <span class='ocrx_word' id='word_1_129' title='bbox 472 1957 589 2019; x_wconf 81' lang='grc' dir='ltr'>τοῖς</span> <span class='ocrx_word' id='word_1_130' title='bbox 612 1954 743 2026; x_wconf 77' lang='grc' dir='ltr'>ἑξῆς</span> <span class='ocrx_word' id='word_1_131' title='bbox 770 1957 936 2027; x_wconf 80' lang='grc' dir='ltr'>ἡμεῖς</span> <span class='ocrx_word' id='word_1_132' title='bbox 959 1956 1071 2011; x_wconf 85' lang='grc' dir='ltr'><strong>τῶν</strong></span> <span class='ocrx_word' id='word_1_133' title='bbox 1098 1956 1201 2028; x_wconf 72' lang='grc' dir='ltr'>ἥδη</span> <span class='ocrx_word' id='word_1_134' title='bbox 1235 1955 1541 2027; x_wconf 80' lang='grc' dir='ltr'>λεχθέντων</span> <span class='ocrx_word' id='word_1_135' title='bbox 1569 1954 1874 2027; x_wconf 75' lang='grc' dir='ltr'>προΐωμεν.</span> 
     </span>
    </p>
   </div>
   <div class='ocr_carea' id='block_1_22' title="bbox 2060 558 3656 633">
    <p class='ocr_par' dir='ltr' id='par_1_22' title="bbox 2060 558 3656 633">
     <span class='ocr_line' id='line_1_22' title="bbox 2060 558 3656 633; baseline 0.001 -18"><span class='ocrx_word' id='word_1_136' title='bbox 2060 567 2321 615; x_wconf 88' lang='lat' dir='ltr'><strong>namenta</strong></span> <span class='ocrx_word' id='word_1_137' title='bbox 2348 567 2402 614; x_wconf 90' lang='lat' dir='ltr'><strong>et</strong></span> <span class='ocrx_word' id='word_1_138' title='bbox 2429 558 2869 629; x_wconf 74' lang='lat' dir='ltr'><strong>oppugnantium</strong></span> <span class='ocrx_word' id='word_1_139' title='bbox 2919 568 3076 616; x_wconf 87' lang='lat' dir='ltr'><strong>astus</strong></span> <span class='ocrx_word' id='word_1_140' title='bbox 3124 560 3310 616; x_wconf 91' lang='lat' dir='ltr'><strong>varios</strong></span> <span class='ocrx_word' id='word_1_141' title='bbox 3335 561 3656 633; x_wconf 77' lang='lat' dir='ltr'><strong>excogitan-</strong></span> 
     </span>
    </p>
   </div>
   <div class='ocr_carea' id='block_1_23' title="bbox 2058 651 3655 723">
    <p class='ocr_par' dir='ltr' id='par_1_23' title="bbox 2058 651 3655 723">
     <span class='ocr_line' id='line_1_23' title="bbox 2058 651 3655 723; baseline 0.001 -16"><span class='ocrx_word' id='word_1_142' title='bbox 2058 654 2192 707; x_wconf 91' lang='lat' dir='ltr'><strong>tium</strong></span> <span class='ocrx_word' id='word_1_143' title='bbox 2249 667 2542 722; x_wconf 81' lang='lat' dir='ltr'><strong>aremeque</strong></span> <span class='ocrx_word' id='word_1_144' title='bbox 2595 651 2901 720; x_wconf 66' lang='lat' dir='ltr'><strong>exaequatis</strong></span> <span class='ocrx_word' id='word_1_145' title='bbox 2959 654 3135 723; x_wconf 84' lang='lat' dir='ltr'><strong>copiis</strong></span> <span class='ocrx_word' id='word_1_146' title='bbox 3182 655 3531 712; x_wconf 78' lang='lat' dir='ltr'><strong>intluentium</strong></span> <span class='ocrx_word' id='word_1_147' title='bbox 3589 670 3655 709; x_wconf 86' lang='lat' dir='ltr'><strong>ac</strong></span> 
     </span>
    </p>
   </div>
   <div class='ocr_carea' id='block_1_24' title="bbox 2056 744 3658 818">
    <p class='ocr_par' dir='ltr' id='par_1_24' title="bbox 2056 744 3658 818">
     <span class='ocr_line' id='line_1_24' title="bbox 2056 744 3658 818; baseline 0.002 -18"><span class='ocrx_word' id='word_1_148' title='bbox 2056 754 2290 801; x_wconf 86' lang='lat' dir='ltr'><strong>cunctos</strong></span> <span class='ocrx_word' id='word_1_149' title='bbox 2323 745 2491 801; x_wconf 87' lang='lat' dir='ltr'><strong>minis</strong></span> <span class='ocrx_word' id='word_1_150' title='bbox 2519 745 2842 799; x_wconf 89' lang='lat' dir='ltr'><strong>terrentium</strong></span> <span class='ocrx_word' id='word_1_151' title='bbox 2886 744 3067 818; x_wconf 85' lang='lat' dir='ltr'><strong>(erant</strong></span> <span class='ocrx_word' id='word_1_152' title='bbox 3112 763 3349 818; x_wconf 83' lang='lat' dir='ltr'><strong>namque</strong></span> <span class='ocrx_word' id='word_1_153' title='bbox 3384 747 3658 804; x_wconf 77' lang='lat' dir='ltr'><strong>effrenato</strong></span> 
     </span>
    </p>
   </div>
   <div class='ocr_carea' id='block_1_25' title="bbox 2058 837 3656 916">
    <p class='ocr_par' dir='ltr' id='par_1_25' title="bbox 2058 837 3656 916">
     <span class='ocr_line' id='line_1_25' title="bbox 2058 837 3656 916; baseline 0.002 -25"><span class='ocrx_word' id='word_1_154' title='bbox 2058 837 2264 907; x_wconf 89' lang='lat' dir='ltr'><strong>impetu</strong></span> <span class='ocrx_word' id='word_1_155' title='bbox 2288 846 2340 893; x_wconf 89' lang='lat' dir='ltr'><strong>et</strong></span> <span class='ocrx_word' id='word_1_156' title='bbox 2370 852 2651 916; x_wconf 71' lang='lat' dir='ltr'><strong>armorum</strong></span> <span class='ocrx_word' id='word_1_157' title='bbox 2675 838 2826 893; x_wconf 89' lang='lat' dir='ltr'><strong>omni</strong></span> <span class='ocrx_word' id='word_1_158' title='bbox 2854 854 3056 909; x_wconf 86' lang='lat' dir='ltr'><strong>genere</strong></span> <span class='ocrx_word' id='word_1_159' title='bbox 3088 840 3275 910; x_wconf 82' lang='lat' dir='ltr'><strong>septi),</strong></span> <span class='ocrx_word' id='word_1_160' title='bbox 3300 840 3656 907; x_wconf 74' lang='lat' dir='ltr'><strong>sustinuerit,</strong></span> 
     </span>
    </p>
   </div>
   <div class='ocr_carea' id='block_1_26' title="bbox 2059 931 3655 997">
    <p class='ocr_par' dir='ltr' id='par_1_26' title="bbox 2059 931 3655 997">
     <span class='ocr_line' id='line_1_26' title="bbox 2059 931 3655 997; baseline 0.001 -12"><span class='ocrx_word' id='word_1_161' title='bbox 2059 945 2185 985; x_wconf 92' lang='lat' dir='ltr'><strong>cum</strong></span> <span class='ocrx_word' id='word_1_162' title='bbox 2229 939 2376 987; x_wconf 87' lang='lat' dir='ltr'><strong>esset</strong></span> <span class='ocrx_word' id='word_1_163' title='bbox 2406 931 2691 986; x_wconf 87' lang='lat' dir='ltr'><strong>terrestris</strong></span> <span class='ocrx_word' id='word_1_164' title='bbox 2736 931 3049 997; x_wconf 82' lang='lat' dir='ltr'><strong>conﬂictus,</strong></span> <span class='ocrx_word' id='word_1_165' title='bbox 3094 933 3327 989; x_wconf 76' lang='lat' dir='ltr'><strong>insidias</strong></span> <span class='ocrx_word' id='word_1_166' title='bbox 3376 933 3655 995; x_wconf 75' lang='lat' dir='ltr'><strong>eludebat,</strong></span> 
     </span>
    </p>
   </div>
   <div class='ocr_carea' id='block_1_27' title="bbox 2057 1021 3655 1094">
    <p class='ocr_par' dir='ltr' id='par_1_27' title="bbox 2057 1021 3655 1094">
     <span class='ocr_line' id='line_1_27' title="bbox 2057 1021 3655 1094; baseline 0.001 -17"><span class='ocrx_word' id='word_1_167' title='bbox 2057 1021 2226 1092; x_wconf 82' lang='lat' dir='ltr'><strong>hujus</strong></span> <span class='ocrx_word' id='word_1_168' title='bbox 2254 1023 2396 1077; x_wconf 86' lang='lat' dir='ltr'><strong>muri</strong></span> <span class='ocrx_word' id='word_1_169' title='bbox 2428 1023 2729 1079; x_wconf 75' lang='lat' dir='ltr'><strong>securitate</strong></span> <span class='ocrx_word' id='word_1_170' title='bbox 2776 1024 3143 1094; x_wconf 89' lang='lat' dir='ltr'><strong>irruptionem</strong></span> <span class='ocrx_word' id='word_1_171' title='bbox 3168 1025 3478 1090; x_wconf 88' lang='lat' dir='ltr'><strong>declinans,</strong></span> <span class='ocrx_word' id='word_1_172' title='bbox 3517 1026 3655 1080; x_wconf 90' lang='lat' dir='ltr'><strong>soli-</strong></span> 
     </span>
    </p>
   </div>
   <div class='ocr_carea' id='block_1_28' title="bbox 2058 1116 3661 1187">
    <p class='ocr_par' dir='ltr' id='par_1_28' title="bbox 2058 1116 3661 1187">
     <span class='ocr_line' id='line_1_28' title="bbox 2058 1116 3661 1187; baseline 0.001 -15"><span class='ocrx_word' id='word_1_173' title='bbox 2058 1126 2225 1186; x_wconf 87' lang='lat' dir='ltr'><strong>toque</strong></span> <span class='ocrx_word' id='word_1_174' title='bbox 2260 1124 2427 1187; x_wconf 90' lang='lat' dir='ltr'><strong>atque</strong></span> <span class='ocrx_word' id='word_1_175' title='bbox 2455 1116 2692 1173; x_wconf 80' lang='lat' dir='ltr'><strong>ferventi</strong></span> <span class='ocrx_word' id='word_1_176' title='bbox 2747 1133 2851 1173; x_wconf 92' lang='lat' dir='ltr'><strong>suo</strong></span> <span class='ocrx_word' id='word_1_177' title='bbox 2904 1117 3211 1182; x_wconf 76' lang='lat' dir='ltr'><strong>defensori,</strong></span> <span class='ocrx_word' id='word_1_178' title='bbox 3254 1118 3661 1186; x_wconf 73' lang='lat' dir='ltr'><strong>gloriosissimo</strong></span> 
     </span>
    </p>
   </div>
   <div class='ocr_carea' id='block_1_29' title="bbox 2057 1210 3660 1280">
    <p class='ocr_par' dir='ltr' id='par_1_29' title="bbox 2057 1210 3660 1280">
     <span class='ocr_line' id='line_1_29' title="bbox 2057 1210 3660 1280; baseline -0.001 -14"><span class='ocrx_word' id='word_1_179' title='bbox 2057 1225 2258 1280; x_wconf 87' lang='lat' dir='ltr'><strong>nempe</strong></span> <span class='ocrx_word' id='word_1_180' title='bbox 2314 1211 2550 1280; x_wconf 84' lang='lat' dir='ltr'><strong>martyri</strong></span> <span class='ocrx_word' id='word_1_181' title='bbox 2596 1210 2902 1277; x_wconf 86' lang='lat' dir='ltr'><strong>Demetrio,</strong></span> <span class='ocrx_word' id='word_1_182' title='bbox 2945 1227 3102 1267; x_wconf 88' lang='lat' dir='ltr'><strong>suam</strong></span> <span class='ocrx_word' id='word_1_183' title='bbox 3136 1211 3483 1267; x_wconf 88' lang='lat' dir='ltr'><strong>concredens</strong></span> <span class='ocrx_word' id='word_1_184' title='bbox 3509 1213 3660 1267; x_wconf 80' lang='lat' dir='ltr'><strong>salu-</strong></span> 
     </span>
    </p>
   </div>
   <div class='ocr_carea' id='block_1_30' title="bbox 2058 1306 3660 1378">
    <p class='ocr_par' dir='ltr' id='par_1_30' title="bbox 2058 1306 3660 1378">
     <span class='ocr_line' id='line_1_30' title="bbox 2058 1306 3660 1378; baseline 0 -15"><span class='ocrx_word' id='word_1_185' title='bbox 2058 1315 2190 1363; x_wconf 90' lang='lat' dir='ltr'><strong>tem.</strong></span> <span class='ocrx_word' id='word_1_186' title='bbox 2221 1307 2301 1361; x_wconf 80' lang='lat' dir='ltr'><strong>Ex</strong></span> <span class='ocrx_word' id='word_1_187' title='bbox 2331 1307 2526 1362; x_wconf 86' lang='lat' dir='ltr'><strong>multis</strong></span> <span class='ocrx_word' id='word_1_188' title='bbox 2553 1306 2701 1362; x_wconf 88' lang='lat' dir='ltr'><strong>enim</strong></span> <span class='ocrx_word' id='word_1_189' title='bbox 2744 1307 3008 1378; x_wconf 87' lang='lat' dir='ltr'><strong>periculis</strong></span> <span class='ocrx_word' id='word_1_190' title='bbox 3043 1316 3295 1363; x_wconf 78' lang='lat' dir='ltr'><strong>servator</strong></span> <span class='ocrx_word' id='word_1_191' title='bbox 3346 1307 3437 1362; x_wconf 89' lang='lat' dir='ltr'><strong>hic</strong></span> <span class='ocrx_word' id='word_1_192' title='bbox 3466 1310 3660 1378; x_wconf 75' lang='lat' dir='ltr'><strong>patriae</strong></span> 
     </span>
    </p>
   </div>
   <div class='ocr_carea' id='block_1_31' title="bbox 2056 1399 3658 1469">
    <p class='ocr_par' dir='ltr' id='par_1_31' title="bbox 2056 1399 3658 1469">
     <span class='ocr_line' id='line_1_31' title="bbox 2056 1399 3658 1469; baseline 0 -16"><span class='ocrx_word' id='word_1_193' title='bbox 2056 1401 2236 1469; x_wconf 88' lang='lat' dir='ltr'><strong>ipsam</strong></span> <span class='ocrx_word' id='word_1_194' title='bbox 2267 1399 2539 1468; x_wconf 82' lang='lat' dir='ltr'><strong>liberavit,</strong></span> <span class='ocrx_word' id='word_1_195' title='bbox 2576 1414 2679 1455; x_wconf 82' lang='lat' dir='ltr'><strong>nec</strong></span> <span class='ocrx_word' id='word_1_196' title='bbox 2711 1414 2861 1463; x_wconf 91' lang='lat' dir='ltr'><strong>raro,</strong></span> <span class='ocrx_word' id='word_1_197' title='bbox 2886 1414 3014 1453; x_wconf 91' lang='lat' dir='ltr'><strong>cum</strong></span> <span class='ocrx_word' id='word_1_198' title='bbox 3068 1400 3305 1455; x_wconf 87' lang='lat' dir='ltr'><strong>necdum</strong></span> <span class='ocrx_word' id='word_1_199' title='bbox 3333 1400 3499 1455; x_wconf 87' lang='lat' dir='ltr'><strong>etiam</strong></span> <span class='ocrx_word' id='word_1_200' title='bbox 3537 1400 3658 1456; x_wconf 84' lang='lat' dir='ltr'><strong>bel-</strong></span> 
     </span>
    </p>
   </div>
   <div class='ocr_carea' id='block_1_32' title="bbox 2059 1490 3653 1562">
    <p class='ocr_par' dir='ltr' id='par_1_32' title="bbox 2059 1490 3653 1562">
     <span class='ocr_line' id='line_1_32' title="bbox 2059 1490 3653 1562; baseline -0.001 -16"><span class='ocrx_word' id='word_1_201' title='bbox 2059 1494 2172 1546; x_wconf 89' lang='lat' dir='ltr'><strong>lum</strong></span> <span class='ocrx_word' id='word_1_202' title='bbox 2201 1498 2431 1562; x_wconf 81' lang='lat' dir='ltr'><strong>experta</strong></span> <span class='ocrx_word' id='word_1_203' title='bbox 2455 1500 2625 1555; x_wconf 86' lang='lat' dir='ltr'><strong>esset,</strong></span> <span class='ocrx_word' id='word_1_204' title='bbox 2648 1491 2941 1545; x_wconf 84' lang='lat' dir='ltr'><strong>victoriam</strong></span> <span class='ocrx_word' id='word_1_205' title='bbox 2980 1492 3321 1559; x_wconf 90' lang='lat' dir='ltr'><strong>perhumane</strong></span> <span class='ocrx_word' id='word_1_206' title='bbox 3349 1490 3653 1546; x_wconf 85' lang='lat' dir='ltr'><strong>concessit.</strong></span> 
     </span>
    </p>
   </div>
   <div class='ocr_carea' id='block_1_33' title="bbox 2058 1582 3659 1655">
    <p class='ocr_par' dir='ltr' id='par_1_33' title="bbox 2058 1582 3659 1655">
     <span class='ocr_line' id='line_1_33' title="bbox 2058 1582 3659 1655; baseline -0.003 -17"><span class='ocrx_word' id='word_1_207' title='bbox 2058 1583 2264 1639; x_wconf 80' lang='lat' dir='ltr'><strong>Verum</strong></span> <span class='ocrx_word' id='word_1_208' title='bbox 2314 1584 2433 1639; x_wconf 67' lang='lat' dir='ltr'><strong>haac</strong></span> <span class='ocrx_word' id='word_1_209' title='bbox 2481 1585 2643 1640; x_wconf 82' lang='lat' dir='ltr'><strong>libris</strong></span> <span class='ocrx_word' id='word_1_210' title='bbox 2685 1584 2780 1655; x_wconf 89' lang='lat' dir='ltr'><strong>qui</strong></span> <span class='ocrx_word' id='word_1_211' title='bbox 2819 1584 2888 1639; x_wconf 90' lang='lat' dir='ltr'><strong>de</strong></span> <span class='ocrx_word' id='word_1_212' title='bbox 2925 1584 3072 1638; x_wconf 90' lang='lat' dir='ltr'><strong>illius</strong></span> <span class='ocrx_word' id='word_1_213' title='bbox 3110 1582 3396 1638; x_wconf 84' lang='lat' dir='ltr'><strong>miraculis</strong></span> <span class='ocrx_word' id='word_1_214' title='bbox 3436 1590 3659 1637; x_wconf 73' lang='lat' dir='ltr'><strong>exstant</strong></span> 
     </span>
    </p>
   </div>
   <div class='ocr_carea' id='block_1_34' title="bbox 2057 1667 3655 1744">
    <p class='ocr_par' dir='ltr' id='par_1_34' title="bbox 2057 1667 3655 1744">
     <span class='ocr_line' id='line_1_34' title="bbox 2057 1667 3655 1744; baseline -0.004 -17"><span class='ocrx_word' id='word_1_215' title='bbox 2057 1674 2340 1729; x_wconf 90' lang='lat' dir='ltr'><strong>narranda</strong></span> <span class='ocrx_word' id='word_1_216' title='bbox 2374 1674 2776 1744; x_wconf 89' lang='lat' dir='ltr'><strong>permittentes,</strong></span> <span class='ocrx_word' id='word_1_217' title='bbox 2801 1688 2863 1729; x_wconf 90' lang='lat' dir='ltr'><strong>ea</strong></span> <span class='ocrx_word' id='word_1_218' title='bbox 2897 1685 3296 1744; x_wconf 81' lang='lat' dir='ltr'><strong>prosequamur</strong></span> <span class='ocrx_word' id='word_1_219' title='bbox 3345 1684 3466 1741; x_wconf 68' lang='lat' dir='ltr'><strong>qua:</strong></span> <span class='ocrx_word' id='word_1_220' title='bbox 3488 1667 3655 1723; x_wconf 84' lang='lat' dir='ltr'><strong>dein-</strong></span> 
     </span>
    </p>
   </div>
   <div class='ocr_carea' id='block_1_35' title="bbox 2060 1772 2566 1835">
    <p class='ocr_par' dir='ltr' id='par_1_35' title="bbox 2060 1772 2566 1835">
     <span class='ocr_line' id='line_1_35' title="bbox 2060 1772 2566 1835; baseline 0.002 -16"><span class='ocrx_word' id='word_1_221' title='bbox 2060 1779 2192 1834; x_wconf 87' lang='lat' dir='ltr'><strong>ceps</strong></span> <span class='ocrx_word' id='word_1_222' title='bbox 2232 1772 2566 1835; x_wconf 84' lang='lat' dir='ltr'><strong>sequuntur.</strong></span> 
     </span>
    </p>
   </div>
   <div class='ocr_carea' id='block_1_36' title="bbox 1304 1858 3658 1932">
    <p class='ocr_par' dir='ltr' id='par_1_36' title="bbox 1304 1858 3658 1932">
     <span class='ocr_line' id='line_1_36' title="bbox 1304 1858 3658 1932; baseline -0.004 -14"><span class='ocrx_word' id='word_1_223' title='bbox 1304 1863 1469 1918; x_wconf 83' lang='grc' dir='ltr'>Ἀλλά</span> <span class='ocrx_word' id='word_1_224' title='bbox 1497 1862 1674 1916; x_wconf 84' lang='grc' dir='ltr'>ταῦτα</span> <span class='ocrx_word' id='word_1_225' title='bbox 1696 1864 1815 1925; x_wconf 87' lang='grc' dir='ltr'>ταῖς</span> <span class='ocrx_word' id='word_1_226' title='bbox 1838 1860 1949 1914; x_wconf 89' lang='grc' dir='ltr'><strong>τῶν</strong></span> <span class='ocrx_word' id='word_1_227' title='bbox 1988 1859 2284 1931; x_wconf 81' lang='grc' dir='ltr'>θαυμάτων</span> <span class='ocrx_word' id='word_1_228' title='bbox 2337 1860 2506 1914; x_wconf 79' lang='grc' dir='ltr'>αὐτοῦ</span> <span class='ocrx_word' id='word_1_229' title='bbox 2536 1860 2743 1932; x_wconf 79' lang='grc' dir='ltr'>βίϐλοις</span> <span class='ocrx_word' id='word_1_230' title='bbox 2791 1859 3061 1931; x_wconf 78' lang='grc' dir='ltr'>ὲξηγῆσαι</span> <span class='ocrx_word' id='word_1_231' title='bbox 3088 1859 3133 1891; x_wconf 79' lang='grc'>⁸⁸</span> <span class='ocrx_word' id='word_1_232' title='bbox 3214 1858 3658 1930; x_wconf 78' lang='grc' dir='ltr'>παραχωρήσαν-</span> 
     </span>
    </p>
   </div>
   <div class='ocr_carea' id='block_1_37' title="bbox 417 2046 1947 2123">
    <p class='ocr_par' dir='ltr' id='par_1_37' title="bbox 417 2049 1947 2123">
     <span class='ocr_line' id='line_1_37' title="bbox 417 2049 1947 2123; baseline -0.004 -15"><span class='ocrx_word' id='word_1_233' title='bbox 417 2050 603 2110; x_wconf 84' lang='grc' dir='ltr'>θ’.Ἦν</span> <span class='ocrx_word' id='word_1_234' title='bbox 634 2049 730 2107; x_wconf 77' lang='grc' dir='ltr'>οὖν</span> <span class='ocrx_word' id='word_1_235' title='bbox 745 2055 864 2115; x_wconf 88' lang='grc' dir='ltr'>ταῖς</span> <span class='ocrx_word' id='word_1_236' title='bbox 894 2053 1175 2123; x_wconf 78' lang='grc' dir='ltr'>ῥηθείσαις</span> <span class='ocrx_word' id='word_1_237' title='bbox 1200 2053 1404 2117; x_wconf 72' lang='grc' dir='ltr'>αἰτίαις</span> <span class='ocrx_word' id='word_1_238' title='bbox 1418 2050 1670 2123; x_wconf 81' lang='grc' dir='ltr'>ἀνωτέρα</span> <span class='ocrx_word' id='word_1_239' title='bbox 1697 2051 1947 2105; x_wconf 77' lang='grc' dir='ltr'>κινδύνου</span> 
     </span>
    </p>
   </div>
   <div class='ocr_carea' id='block_1_38' title="bbox 2052 2046 3657 2123">
    <p class='ocr_par' dir='ltr' id='par_1_38' title="bbox 2129 2046 3657 2122">
     <span class='ocr_line' id='line_1_38' title="bbox 2129 2046 3657 2122; baseline -0.005 -17"><span class='ocrx_word' id='word_1_240' title='bbox 2129 2050 2184 2105; x_wconf 87' lang='grc'>9.</span> <span class='ocrx_word' id='word_1_241' title='bbox 2214 2049 2421 2106; x_wconf 86' lang='lat' dir='ltr'><strong>Civitas</strong></span> <span class='ocrx_word' id='word_1_242' title='bbox 2466 2049 2750 2122; x_wconf 86' lang='lat' dir='ltr'><strong>igitur&#39;ob</strong></span> <span class='ocrx_word' id='word_1_243' title='bbox 2808 2063 2903 2105; x_wconf 89' lang='lat' dir='ltr'><strong>eas</strong></span> <span class='ocrx_word' id='word_1_244' title='bbox 2958 2063 3096 2118; x_wconf 89' lang='lat' dir='ltr'><strong>quas</strong></span> <span class='ocrx_word' id='word_1_245' title='bbox 3149 2046 3400 2102; x_wconf 89' lang='lat' dir='ltr'><strong>dicebam</strong></span> <span class='ocrx_word' id='word_1_246' title='bbox 3455 2058 3657 2099; x_wconf 83' lang='lat' dir='ltr'><strong>causas</strong></span> 
     </span>
    </p>
   </div>
   <div class='ocr_carea' id='block_1_39' title="bbox 339 2143 1945 2217">
    <p class='ocr_par' dir='ltr' id='par_1_39' title="bbox 339 2143 1945 2217">
     <span class='ocr_line' id='line_1_39' title="bbox 339 2143 1945 2217; baseline -0.002 -17"><span class='ocrx_word' id='word_1_247' title='bbox 339 2146 552 2211; x_wconf 74' lang='grc' dir='ltr'>παντὸς</span> <span class='ocrx_word' id='word_1_248' title='bbox 581 2148 615 2215; x_wconf 85' lang='grc' dir='ltr'><strong>ἡ</strong></span> <span class='ocrx_word' id='word_1_249' title='bbox 668 2146 846 2209; x_wconf 84' lang='grc' dir='ltr'>πόλις.</span> <span class='ocrx_word' id='word_1_250' title='bbox 879 2145 969 2212; x_wconf 80' lang='grc' dir='ltr'><strong>Ἐξ</strong></span> <span class='ocrx_word' id='word_1_251' title='bbox 1002 2147 1129 2200; x_wconf 79' lang='grc' dir='ltr'>ὅτου</span> <span class='ocrx_word' id='word_1_252' title='bbox 1178 2145 1289 2217; x_wconf 84' lang='grc' dir='ltr'>γὰρ</span> <span class='ocrx_word' id='word_1_253' title='bbox 1351 2148 1384 2217; x_wconf 82' lang='grc' dir='ltr'>ὴ</span> <span class='ocrx_word' id='word_1_254' title='bbox 1429 2144 1790 2216; x_wconf 86' lang='grc' dir='ltr'>κολυμϐήθρα</span> <span class='ocrx_word' id='word_1_255' title='bbox 1849 2143 1945 2196; x_wconf 83' lang='grc' dir='ltr'><strong>τοῦ</strong></span> 
     </span>
    </p>
   </div>
   <div class='ocr_carea' id='block_1_40' title="bbox 343 2231 1946 2307">
    <p class='ocr_par' dir='ltr' id='par_1_40' title="bbox 343 2231 1946 2307">
     <span class='ocr_line' id='line_1_40' title="bbox 343 2231 1946 2307; baseline 0.001 -21"><span class='ocrx_word' id='word_1_256' title='bbox 343 2231 494 2286; x_wconf 82' lang='grc' dir='ltr'>θείου</span> <span class='ocrx_word' id='word_1_257' title='bbox 510 2232 555 2266; x_wconf 83' lang='grc'><strong>⁸⁷</strong></span> <span class='ocrx_word' id='word_1_258' title='bbox 570 2231 953 2303; x_wconf 82' lang='grc' dir='ltr'><strong>βαπτίσματος</strong></span> <span class='ocrx_word' id='word_1_259' title='bbox 978 2233 1037 2287; x_wconf 84' lang='grc' dir='ltr'>τὸ</span> <span class='ocrx_word' id='word_1_260' title='bbox 1058 2233 1167 2288; x_wconf 82' lang='grc' dir='ltr'><strong>τῶν</strong></span> <span class='ocrx_word' id='word_1_261' title='bbox 1196 2232 1422 2288; x_wconf 82' lang='grc' dir='ltr'>Σκυθῶν</span> <span class='ocrx_word' id='word_1_262' title='bbox 1457 2234 1611 2299; x_wconf 73' lang='grc' dir='ltr'>ἔθνος</span> <span class='ocrx_word' id='word_1_263' title='bbox 1646 2234 1727 2306; x_wconf 83' lang='grc' dir='ltr'><strong>τῷ</strong></span> <span class='ocrx_word' id='word_1_264' title='bbox 1757 2252 1946 2307; x_wconf 83' lang='grc' dir='ltr'>χριστ-</span> 
     </span>
    </p>
   </div>
   <div class='ocr_carea' id='block_1_41' title="bbox 337 2322 1945 2397">
    <p class='ocr_par' dir='ltr' id='par_1_41' title="bbox 337 2322 1945 2397">
     <span class='ocr_line' id='line_1_41' title="bbox 337 2322 1945 2397; baseline 0 -18"><span class='ocrx_word' id='word_1_265' title='bbox 337 2325 547 2397; x_wconf 81' lang='grc' dir='ltr'>ωνύμῳ</span> <span class='ocrx_word' id='word_1_266' title='bbox 605 2323 720 2395; x_wconf 87' lang='grc' dir='ltr'>λαῷ</span> <span class='ocrx_word' id='word_1_267' title='bbox 762 2322 845 2396; x_wconf 82' lang='grc' dir='ltr'><strong>[Ρ.</strong></span> <span class='ocrx_word' id='word_1_268' title='bbox 872 2324 1001 2396; x_wconf 72' lang='grc'><strong>525]</strong></span> <span class='ocrx_word' id='word_1_269' title='bbox 1029 2325 1421 2397; x_wconf 77' lang='grc' dir='ltr'>συνεμόρφωσε</span> <span class='ocrx_word' id='word_1_270' title='bbox 1479 2326 1575 2380; x_wconf 76' lang='grc' dir='ltr'>καὶ</span> <span class='ocrx_word' id='word_1_271' title='bbox 1630 2326 1690 2380; x_wconf 78' lang='grc' dir='ltr'>τὸ</span> <span class='ocrx_word' id='word_1_272' title='bbox 1718 2327 1821 2397; x_wconf 80' lang='grc' dir='ltr'><strong>τῆς</strong></span> <span class='ocrx_word' id='word_1_273' title='bbox 1851 2326 1945 2379; x_wconf 77' lang='grc' dir='ltr'>εύ-</span> 
     </span>
    </p>
   </div>
   <div class='ocr_carea' id='block_1_42' title="bbox 339 2418 1945 2489">
    <p class='ocr_par' dir='ltr' id='par_1_42' title="bbox 339 2418 1945 2489">
     <span class='ocr_line' id='line_1_42' title="bbox 339 2418 1945 2489; baseline 0 -16"><span class='ocrx_word' id='word_1_274' title='bbox 339 2418 563 2483; x_wconf 85' lang='grc' dir='ltr'>αεϐείας</span> <span class='ocrx_word' id='word_1_275' title='bbox 593 2418 735 2488; x_wconf 83' lang='grc' dir='ltr'>γάλα</span> <span class='ocrx_word' id='word_1_276' title='bbox 764 2419 960 2482; x_wconf 84' lang='grc' dir='ltr'>κοινῶς</span> <span class='ocrx_word' id='word_1_277' title='bbox 1000 2418 1334 2489; x_wconf 81' lang='grc' dir='ltr'><strong>ἀμφοτέροις</strong></span> <span class='ocrx_word' id='word_1_278' title='bbox 1368 2418 1597 2474; x_wconf 84' lang='grc' dir='ltr'>διείλετο</span> <span class='ocrx_word' id='word_1_279' title='bbox 1620 2461 1634 2486; x_wconf 91' lang='grc'><strong>,</strong></span> <span class='ocrx_word' id='word_1_280' title='bbox 1695 2419 1945 2474; x_wconf 82' lang='grc' dir='ltr'>πέπαυτο</span> 
     </span>
    </p>
   </div>
   <div class='ocr_carea' id='block_1_43' title="bbox 344 2510 1946 2584">
    <p class='ocr_par' dir='ltr' id='par_1_43' title="bbox 344 2510 1946 2584">
     <span class='ocr_line' id='line_1_43' title="bbox 344 2510 1946 2584; baseline 0.001 -20"><span class='ocrx_word' id='word_1_281' title='bbox 344 2513 448 2581; x_wconf 85' lang='grc' dir='ltr'>μὲν</span> <span class='ocrx_word' id='word_1_282' title='bbox 481 2513 516 2581; x_wconf 83' lang='grc' dir='ltr'><strong>ή</strong></span> <span class='ocrx_word' id='word_1_283' title='bbox 543 2510 655 2565; x_wconf 91' lang='grc' dir='ltr'><strong>τῶν</strong></span> <span class='ocrx_word' id='word_1_284' title='bbox 686 2510 896 2565; x_wconf 89' lang='grc' dir='ltr'>πόλεων</span> <span class='ocrx_word' id='word_1_285' title='bbox 927 2510 1119 2576; x_wconf 86' lang='grc' dir='ltr'>στάσις</span> <span class='ocrx_word' id='word_1_286' title='bbox 1140 2510 1210 2584; x_wconf 81' lang='grc'><strong>⁵⁸,</strong></span> <span class='ocrx_word' id='word_1_287' title='bbox 1232 2511 1416 2565; x_wconf 83' lang='grc' dir='ltr'>ἀνεῖτο</span> <span class='ocrx_word' id='word_1_288' title='bbox 1439 2511 1498 2565; x_wconf 81' lang='grc' dir='ltr'>δὲ</span> <span class='ocrx_word' id='word_1_289' title='bbox 1522 2512 1624 2583; x_wconf 81' lang='grc' dir='ltr'><strong>τῆς</strong></span> <span class='ocrx_word' id='word_1_290' title='bbox 1660 2512 1946 2584; x_wconf 76' lang='grc' dir='ltr'>ἐνεργείας</span> 
     </span>
    </p>
   </div>
   <div class='ocr_carea' id='block_1_44' title="bbox 339 2602 1947 2677">
    <p class='ocr_par' dir='ltr' id='par_1_44' title="bbox 339 2602 1947 2677">
     <span class='ocr_line' id='line_1_44' title="bbox 339 2602 1947 2677; baseline 0.002 -21"><span class='ocrx_word' id='word_1_291' title='bbox 339 2606 377 2673; x_wconf 75' lang='grc' dir='ltr'>ἡ</span> <span class='ocrx_word' id='word_1_292' title='bbox 409 2603 514 2667; x_wconf 83' lang='grc' dir='ltr'>τὰς</span> <span class='ocrx_word' id='word_1_293' title='bbox 546 2602 764 2673; x_wconf 75' lang='grc' dir='ltr'>σφαγὰς</span> <span class='ocrx_word' id='word_1_294' title='bbox 799 2602 1203 2673; x_wconf 79' lang='grc' dir='ltr'>ὲπιτηδεύουσα</span> <span class='ocrx_word' id='word_1_295' title='bbox 1236 2603 1508 2675; x_wconf 86' lang='grc' dir='ltr'>μάχαιρα,</span> <span class='ocrx_word' id='word_1_296' title='bbox 1545 2605 1640 2658; x_wconf 74' lang='grc' dir='ltr'><strong>καὶ</strong></span> <span class='ocrx_word' id='word_1_297' title='bbox 1690 2606 1759 2659; x_wconf 83' lang='grc' dir='ltr'>τὰ</span> <span class='ocrx_word' id='word_1_298' title='bbox 1808 2623 1947 2677; x_wconf 72' lang='grc' dir='ltr'>προσ</span> 
     </span>
    </p>
   </div>
   <div class='ocr_carea' id='block_1_45' title="bbox 338 2694 1942 2770">
    <p class='ocr_par' dir='ltr' id='par_1_45' title="bbox 338 2694 1942 2770">
     <span class='ocr_line' id='line_1_45' title="bbox 338 2694 1942 2770; baseline 0 -20"><span class='ocrx_word' id='word_1_299' title='bbox 338 2694 610 2767; x_wconf 76' lang='grc' dir='ltr'>λεχθέντα</span> <span class='ocrx_word' id='word_1_300' title='bbox 624 2695 701 2766; x_wconf 81' lang='grc' dir='ltr'><strong>τῷ</strong></span> <span class='ocrx_word' id='word_1_301' title='bbox 720 2696 1226 2766; x_wconf 71' lang='grc' dir='ltr'>μεγαλοφωνοτάτῳ</span> <span class='ocrx_word' id='word_1_302' title='bbox 1239 2696 1349 2750; x_wconf 90' lang='grc' dir='ltr'><strong>τῶν</strong></span> <span class='ocrx_word' id='word_1_303' title='bbox 1372 2697 1671 2767; x_wconf 83' lang='grc' dir='ltr'>προφητῶν</span> <span class='ocrx_word' id='word_1_304' title='bbox 1686 2696 1884 2770; x_wconf 78' lang='grc' dir='ltr'>Ἡσαΐᾳ</span> <span class='ocrx_word' id='word_1_305' title='bbox 1897 2699 1942 2731; x_wconf 81' lang='grc'><strong>⁸⁸</strong></span> 
     </span>
    </p>
   </div>
   <div class='ocr_carea' id='block_1_46' title="bbox 338 2786 1945 2860">
    <p class='ocr_par' dir='ltr' id='par_1_46' title="bbox 338 2786 1945 2860">
     <span class='ocr_line' id='line_1_46' title="bbox 338 2786 1945 2860; baseline 0.003 -20"><span class='ocrx_word' id='word_1_306' title='bbox 338 2786 600 2859; x_wconf 68' lang='grc' dir='ltr'>ιναργῶς</span> <span class='ocrx_word' id='word_1_307' title='bbox 654 2787 742 2856; x_wconf 71' lang='grc' dir='ltr'><strong>ιφν</strong></span> <span class='ocrx_word' id='word_1_308' title='bbox 783 2788 914 2857; x_wconf 77' lang='grc' dir='ltr'>ἡμῖν</span> <span class='ocrx_word' id='word_1_309' title='bbox 985 2786 1291 2859; x_wconf 70' lang='grc' dir='ltr'>ἐπληροῦτο</span> <span class='ocrx_word' id='word_1_310' title='bbox 1318 2805 1333 2821; x_wconf 79' lang='grc' dir='ltr'><strong>ο</strong></span> <span class='ocrx_word' id='word_1_311' title='bbox 1382 2790 1439 2841; x_wconf 81' lang='grc' dir='ltr'>αἱ</span> <span class='ocrx_word' id='word_1_312' title='bbox 1515 2790 1782 2860; x_wconf 84' lang='grc' dir='ltr'>μάχαιραι</span> <span class='ocrx_word' id='word_1_313' title='bbox 1835 2790 1945 2860; x_wconf 86' lang='grc' dir='ltr'>γὰρ</span> 
     </span>
    </p>
   </div>
   <div class='ocr_carea' id='block_1_47' title="bbox 341 2878 1945 2955">
    <p class='ocr_par' dir='ltr' id='par_1_47' title="bbox 341 2878 1945 2955">
     <span class='ocr_line' id='line_1_47' title="bbox 341 2878 1945 2955; baseline 0.004 -23"><span class='ocrx_word' id='word_1_314' title='bbox 341 2880 511 2951; x_wconf 84' lang='grc' dir='ltr'>ήμῶν</span> <span class='ocrx_word' id='word_1_315' title='bbox 537 2879 807 2951; x_wconf 84' lang='grc' dir='ltr'>μετῆλθον</span> <span class='ocrx_word' id='word_1_316' title='bbox 844 2881 923 2945; x_wconf 85' lang='grc' dir='ltr'><strong>εἰς</strong></span> <span class='ocrx_word' id='word_1_317' title='bbox 951 2880 1197 2952; x_wconf 81' lang='grc' dir='ltr'>δρέπανα</span> <span class='ocrx_word' id='word_1_318' title='bbox 1228 2881 1324 2934; x_wconf 75' lang='grc' dir='ltr'>καὶ</span> <span class='ocrx_word' id='word_1_319' title='bbox 1350 2882 1408 2934; x_wconf 86' lang='grc' dir='ltr'><strong>αί</strong></span> <span class='ocrx_word' id='word_1_320' title='bbox 1432 2878 1650 2945; x_wconf 79' lang='grc' dir='ltr'>ζιϐύναι</span> <span class='ocrx_word' id='word_1_321' title='bbox 1700 2885 1781 2947; x_wconf 88' lang='grc' dir='ltr'><strong>είς</strong></span> <span class='ocrx_word' id='word_1_322' title='bbox 1812 2885 1945 2955; x_wconf 82' lang='grc' dir='ltr'>ἀρο-</span> 
     </span>
    </p>
   </div>
   <div class='ocr_carea' id='block_1_48' title="bbox 338 2967 1945 3048">
    <p class='ocr_par' dir='ltr' id='par_1_48' title="bbox 338 2967 1945 3048">
     <span class='ocr_line' id='line_1_48' title="bbox 338 2967 1945 3048; baseline 0.003 -23"><span class='ocrx_word' id='word_1_323' title='bbox 338 2990 477 3044; x_wconf 83' lang='grc' dir='ltr'>τρα,</span> <span class='ocrx_word' id='word_1_324' title='bbox 526 2972 621 3026; x_wconf 86' lang='grc' dir='ltr'>καὶ</span> <span class='ocrx_word' id='word_1_325' title='bbox 681 2973 918 3044; x_wconf 85' lang='grc' dir='ltr'>πόλεμος</span> <span class='ocrx_word' id='word_1_326' title='bbox 966 2967 1036 3044; x_wconf 80' lang='grc' dir='ltr'>ἧν</span> <span class='ocrx_word' id='word_1_327' title='bbox 1065 2972 1329 3043; x_wconf 80' lang='grc' dir='ltr'><strong>οὐδαμοῦ,</strong></span> <span class='ocrx_word' id='word_1_328' title='bbox 1377 2974 1471 3027; x_wconf 79' lang='grc' dir='ltr'>καὶ</span> <span class='ocrx_word' id='word_1_329' title='bbox 1502 2973 1601 3045; x_wconf 82' lang='grc' dir='ltr'>τὴν</span> <span class='ocrx_word' id='word_1_330' title='bbox 1633 2975 1945 3048; x_wconf 81' lang='grc' dir='ltr'>περίχωρον</span> 
     </span>
    </p>
   </div>
   <div class='ocr_carea' id='block_1_49' title="bbox 338 3055 1943 3141">
    <p class='ocr_par' dir='ltr' id='par_1_49' title="bbox 338 3055 1943 3141">
     <span class='ocr_line' id='line_1_49' title="bbox 338 3055 1943 3141; baseline 0.003 -23"><span class='ocrx_word' id='word_1_331' title='bbox 338 3055 570 3119; x_wconf 69' lang='grc' dir='ltr'>ἃπασαν</span> <span class='ocrx_word' id='word_1_332' title='bbox 593 3064 785 3136; x_wconf 81' lang='grc' dir='ltr'>είρήνη</span> <span class='ocrx_word' id='word_1_333' title='bbox 811 3066 1280 3137; x_wconf 83' lang='grc' dir='ltr'>κατεπρυτάνευε,</span> <span class='ocrx_word' id='word_1_334' title='bbox 1317 3066 1416 3121; x_wconf 72' lang='grc' dir='ltr'><strong>καὶ</strong></span> <span class='ocrx_word' id='word_1_335' title='bbox 1449 3067 1681 3137; x_wconf 83' lang='grc' dir='ltr'>οὐδεμία</span> <span class='ocrx_word' id='word_1_336' title='bbox 1730 3065 1800 3141; x_wconf 83' lang='grc' dir='ltr'>ἦν</span> <span class='ocrx_word' id='word_1_337' title='bbox 1847 3070 1943 3124; x_wconf 84' lang='grc' dir='ltr'>εὑ-</span> 
     </span>
    </p>
   </div>
   <div class='ocr_carea' id='block_1_50' title="bbox 340 3151 1940 3235">
    <p class='ocr_par' dir='ltr' id='par_1_50' title="bbox 340 3151 1940 3235">
     <span class='ocr_line' id='line_1_50' title="bbox 340 3151 1940 3235; baseline 0.005 -25"><span class='ocrx_word' id='word_1_338' title='bbox 340 3156 519 3221; x_wconf 77' lang='grc' dir='ltr'>ζωῖας</span> <span class='ocrx_word' id='word_1_339' title='bbox 537 3156 767 3228; x_wconf 84' lang='grc' dir='ltr'>ἀφορμὴ</span> <span class='ocrx_word' id='word_1_340' title='bbox 793 3151 864 3229; x_wconf 77' lang='grc' dir='ltr'>ἧς</span> <span class='ocrx_word' id='word_1_341' title='bbox 893 3158 995 3212; x_wconf 87' lang='grc' dir='ltr'>οὐκ</span> <span class='ocrx_word' id='word_1_342' title='bbox 1026 3159 1105 3221; x_wconf 86' lang='grc' dir='ltr'><strong>είς</strong></span> <span class='ocrx_word' id='word_1_343' title='bbox 1141 3158 1304 3228; x_wconf 86' lang='grc' dir='ltr'>κόρον</span> <span class='ocrx_word' id='word_1_344' title='bbox 1352 3161 1516 3231; x_wconf 78' lang='grc' dir='ltr'>ἡμεῖς</span> <span class='ocrx_word' id='word_1_345' title='bbox 1567 3162 1940 3235; x_wconf 82' lang='grc' dir='ltr'>ἀπελαύομεν,</span> 
     </span>
    </p>
   </div>
   <div class='ocr_carea' id='block_1_51' title="bbox 339 3248 1944 3327">
    <p class='ocr_par' dir='ltr' id='par_1_51' title="bbox 339 3248 1944 3327">
     <span class='ocr_line' id='line_1_51' title="bbox 339 3248 1944 3327; baseline 0.004 -26"><span class='ocrx_word' id='word_1_346' title='bbox 339 3248 501 3302; x_wconf 75' lang='grc' dir='ltr'>Ξνθεν</span> <span class='ocrx_word' id='word_1_347' title='bbox 530 3248 708 3318; x_wconf 80' lang='grc' dir='ltr'>αἱτῆς</span> <span class='ocrx_word' id='word_1_348' title='bbox 738 3250 1014 3322; x_wconf 85' lang='grc' dir='ltr'>γεωργίας</span> <span class='ocrx_word' id='word_1_349' title='bbox 1044 3249 1326 3320; x_wconf 83' lang='grc' dir='ltr'>ἀφθονίαι,</span> <span class='ocrx_word' id='word_1_350' title='bbox 1358 3252 1573 3308; x_wconf 75' lang='grc' dir='ltr'>ἐκεῖθεν</span> <span class='ocrx_word' id='word_1_351' title='bbox 1617 3253 1674 3309; x_wconf 87' lang='grc' dir='ltr'><strong>αί</strong></span> <span class='ocrx_word' id='word_1_352' title='bbox 1708 3256 1808 3327; x_wconf 80' lang='grc' dir='ltr'>τῆς</span> <span class='ocrx_word' id='word_1_353' title='bbox 1838 3256 1944 3327; x_wconf 73' lang='grc' dir='ltr'><strong>ἑμ-</strong></span> 
     </span>
    </p>
   </div>
   <div class='ocr_carea' id='block_1_52' title="bbox 340 3341 1944 3419">
    <p class='ocr_par' dir='ltr' id='par_1_52' title="bbox 340 3341 1944 3419">
     <span class='ocr_line' id='line_1_52' title="bbox 340 3341 1944 3419; baseline 0.005 -24"><span class='ocrx_word' id='word_1_354' title='bbox 340 3342 548 3413; x_wconf 88' lang='grc' dir='ltr'>πορίας</span> <span class='ocrx_word' id='word_1_355' title='bbox 573 3341 855 3413; x_wconf 83' lang='grc' dir='ltr'>χορηγίαι.</span> <span class='ocrx_word' id='word_1_356' title='bbox 893 3343 969 3412; x_wconf 85' lang='grc' dir='ltr'>Γῆ</span> <span class='ocrx_word' id='word_1_357' title='bbox 1002 3342 1113 3415; x_wconf 77' lang='grc' dir='ltr'><strong>γὰρ</strong></span> <span class='ocrx_word' id='word_1_358' title='bbox 1171 3345 1268 3399; x_wconf 75' lang='grc' dir='ltr'>καὶ</span> <span class='ocrx_word' id='word_1_359' title='bbox 1307 3344 1553 3400; x_wconf 84' lang='grc' dir='ltr'>θάλασσα</span> <span class='ocrx_word' id='word_1_360' title='bbox 1605 3347 1944 3419; x_wconf 85' lang='grc' dir='ltr'>λειτουργεῖν</span> 
     </span>
    </p>
   </div>
   <div class='ocr_carea' id='block_1_53' title="bbox 340 3432 1946 3511">
    <p class='ocr_par' dir='ltr' id='par_1_53' title="bbox 340 3432 1946 3511">
     <span class='ocr_line' id='line_1_53' title="bbox 340 3432 1946 3511; baseline 0.005 -25"><span class='ocrx_word' id='word_1_361' title='bbox 340 3434 478 3504; x_wconf 75' lang='grc' dir='ltr'>ἡμῖν</span> <span class='ocrx_word' id='word_1_362' title='bbox 497 3432 560 3498; x_wconf 77' lang='grc' dir='ltr'>ἐξ</span> <span class='ocrx_word' id='word_1_363' title='bbox 586 3433 765 3504; x_wconf 79' lang='grc' dir='ltr'>ἀρχῆς</span> <span class='ocrx_word' id='word_1_364' title='bbox 786 3432 1069 3505; x_wconf 86' lang='grc' dir='ltr'>ταχθεῖσαι</span> <span class='ocrx_word' id='word_1_365' title='bbox 1102 3434 1365 3489; x_wconf 89' lang='grc' dir='ltr'>πλουσίαν</span> <span class='ocrx_word' id='word_1_366' title='bbox 1404 3437 1498 3489; x_wconf 73' lang='grc' dir='ltr'>καὶ</span> <span class='ocrx_word' id='word_1_367' title='bbox 1525 3436 1801 3492; x_wconf 74' lang='grc' dir='ltr'>ἀδάπανον</span> <span class='ocrx_word' id='word_1_368' title='bbox 1846 3438 1946 3511; x_wconf 80' lang='grc' dir='ltr'>τὴν</span> 
     </span>
    </p>
   </div>
   <div class='ocr_carea' id='block_1_54' title="bbox 343 3520 1943 3605">
    <p class='ocr_par' dir='ltr' id='par_1_54' title="bbox 343 3520 1943 3605">
     <span class='ocr_line' id='line_1_54' title="bbox 343 3520 1943 3605; baseline 0.006 -27"><span class='ocrx_word' id='word_1_369' title='bbox 343 3526 478 3600; x_wconf 75' lang='grc' dir='ltr'>περὶ</span> <span class='ocrx_word' id='word_1_370' title='bbox 530 3524 765 3580; x_wconf 71' lang='grc' dir='ltr'>ἕκαστον</span> <span class='ocrx_word' id='word_1_371' title='bbox 812 3526 1212 3598; x_wconf 76' lang='grc' dir='ltr'>ὲδωροφόρουν.</span> <span class='ocrx_word' id='word_1_372' title='bbox 1268 3520 1370 3581; x_wconf 78' lang='grc' dir='ltr'>Ὧν</span> <span class='ocrx_word' id='word_1_373' title='bbox 1409 3528 1522 3599; x_wconf 84' lang='grc' dir='ltr'><strong>γὰρ</strong></span> <span class='ocrx_word' id='word_1_374' title='bbox 1577 3527 1647 3602; x_wconf 85' lang='grc' dir='ltr'>ἦν</span> <span class='ocrx_word' id='word_1_375' title='bbox 1682 3531 1943 3605; x_wconf 77' lang='grc' dir='ltr'>ἐνδεῶςῆ</span> 
     </span>
    </p>
   </div>
   <div class='ocr_carea' id='block_1_55' title="bbox 344 3615 1948 3696">
    <p class='ocr_par' dir='ltr' id='par_1_55' title="bbox 344 3615 1948 3696">
     <span class='ocr_line' id='line_1_55' title="bbox 344 3615 1948 3696; baseline 0.007 -26"><span class='ocrx_word' id='word_1_376' title='bbox 344 3620 441 3674; x_wconf 73' lang='grc' dir='ltr'>καὶ</span> <span class='ocrx_word' id='word_1_377' title='bbox 463 3616 867 3688; x_wconf 82' lang='grc' dir='ltr'>ἀνεπιτηδείως</span> <span class='ocrx_word' id='word_1_378' title='bbox 917 3615 1120 3688; x_wconf 78' lang='grc' dir='ltr'>ἔχουσα</span> <span class='ocrx_word' id='word_1_379' title='bbox 1164 3619 1305 3690; x_wconf 84' lang='grc' dir='ltr'>πρὸς</span> <span class='ocrx_word' id='word_1_380' title='bbox 1347 3621 1721 3691; x_wconf 83' lang='grc' dir='ltr'>καρπογονίαν</span> <span class='ocrx_word' id='word_1_381' title='bbox 1766 3625 1800 3695; x_wconf 78' lang='grc' dir='ltr'><strong>η</strong></span> <span class='ocrx_word' id='word_1_382' title='bbox 1850 3624 1948 3696; x_wconf 81' lang='grc' dir='ltr'><strong>γῆ,</strong></span> 
     </span>
    </p>
   </div>
   <div class='ocr_carea' id='block_1_56' title="bbox 340 3708 1949 3787">
    <p class='ocr_par' dir='ltr' id='par_1_56' title="bbox 340 3708 1949 3787">
     <span class='ocr_line' id='line_1_56' title="bbox 340 3708 1949 3787; baseline 0.004 -21"><span class='ocrx_word' id='word_1_383' title='bbox 340 3710 555 3767; x_wconf 86' lang='grc' dir='ltr'>τούτων</span> <span class='ocrx_word' id='word_1_384' title='bbox 593 3708 729 3782; x_wconf 87' lang='grc' dir='ltr'>παρ’</span> <span class='ocrx_word' id='word_1_385' title='bbox 763 3711 967 3782; x_wconf 79' lang='grc' dir='ltr'>ἑαυτῆς</span> <span class='ocrx_word' id='word_1_386' title='bbox 997 3711 1032 3782; x_wconf 79' lang='grc' dir='ltr'><strong>ἡ</strong></span> <span class='ocrx_word' id='word_1_387' title='bbox 1057 3709 1305 3767; x_wconf 81' lang='grc' dir='ltr'>θάλασσα</span> <span class='ocrx_word' id='word_1_388' title='bbox 1324 3713 1426 3785; x_wconf 78' lang='grc' dir='ltr'><strong>τὴν</strong></span> <span class='ocrx_word' id='word_1_389' title='bbox 1448 3718 1645 3787; x_wconf 85' lang='grc' dir='ltr'>κτῆσιν</span> <span class='ocrx_word' id='word_1_390' title='bbox 1686 3733 1949 3787; x_wconf 88' lang='grc' dir='ltr'>μηχανω-</span> 
     </span>
    </p>
   </div>
   <div class='ocr_carea' id='block_1_57' title="bbox 350 3803 1951 3876">
    <p class='ocr_par' dir='ltr' id='par_1_57' title="bbox 350 3803 1951 3876">
     <span class='ocr_line' id='line_1_57' title="bbox 350 3803 1951 3876; baseline 0.004 -19"><span class='ocrx_word' id='word_1_391' title='bbox 350 3806 491 3875; x_wconf 81' lang='grc' dir='ltr'>μένη</span> <span class='ocrx_word' id='word_1_392' title='bbox 518 3803 616 3858; x_wconf 65' lang='grc' dir='ltr'><strong>καὶ¹</strong></span> <span class='ocrx_word' id='word_1_393' title='bbox 638 3806 763 3868; x_wconf 87' lang='grc' dir='ltr'>ταῖς</span> <span class='ocrx_word' id='word_1_394' title='bbox 799 3804 994 3859; x_wconf 83' lang='grc' dir='ltr'>ὁλκάσι</span> <span class='ocrx_word' id='word_1_395' title='bbox 1030 3806 1527 3876; x_wconf 79' lang='grc' dir='ltr'>συνεισκομίζουσα</span> <span class='ocrx_word' id='word_1_396' title='bbox 1590 3808 1838 3873; x_wconf 82' lang='grc' dir='ltr'>ἀνενδεὲς</span> <span class='ocrx_word' id='word_1_397' title='bbox 1887 3810 1951 3864; x_wconf 79' lang='grc' dir='ltr'><strong>τὸ</strong></span> 
     </span>
    </p>
   </div>
   <div class='ocr_carea' id='block_1_58' title="bbox 350 3894 1951 3971">
    <p class='ocr_par' dir='ltr' id='par_1_58' title="bbox 350 3894 1951 3971">
     <span class='ocr_line' id='line_1_58' title="bbox 350 3894 1951 3971; baseline 0.007 -26"><span class='ocrx_word' id='word_1_398' title='bbox 350 3895 533 3949; x_wconf 71' lang='grc' dir='ltr'>λεῖπον</span> <span class='ocrx_word' id='word_1_399' title='bbox 559 3894 734 3949; x_wconf 70' lang='grc' dir='ltr'>ἐδίδου</span> <span class='ocrx_word' id='word_1_400' title='bbox 763 3897 876 3959; x_wconf 90' lang='grc' dir='ltr'>τοῖς</span> <span class='ocrx_word' id='word_1_401' title='bbox 914 3896 1202 3969; x_wconf 73' lang='grc' dir='ltr'>χρῄζουσι.</span> <span class='ocrx_word' id='word_1_402' title='bbox 1233 3896 1298 3951; x_wconf 86' lang='grc' dir='ltr'>Τί</span> <span class='ocrx_word' id='word_1_403' title='bbox 1327 3897 1385 3951; x_wconf 80' lang='grc' dir='ltr'>δὲ</span> <span class='ocrx_word' id='word_1_404' title='bbox 1407 3897 1516 3952; x_wconf 91' lang='grc' dir='ltr'><strong>τῶν</strong></span> <span class='ocrx_word' id='word_1_405' title='bbox 1567 3899 1951 3971; x_wconf 82' lang='grc' dir='ltr'>ἁπανταχόθεν</span> 
     </span>
    </p>
   </div>
   <div class='ocr_carea' id='block_1_59' title="bbox 361 3984 1950 4059">
    <p class='ocr_par' dir='ltr' id='par_1_59' title="bbox 361 3984 1950 4059">
     <span class='ocr_line' id='line_1_59' title="bbox 361 3984 1950 4059; baseline 0.004 -21"><span class='ocrx_word' id='word_1_406' title='bbox 361 3986 765 4057; x_wconf 67' lang='grc' dir='ltr'>ἐπιδημούντων</span> <span class='ocrx_word' id='word_1_407' title='bbox 791 3986 1006 4058; x_wconf 78' lang='grc' dir='ltr'>εἴποιμι</span> <span class='ocrx_word' id='word_1_408' title='bbox 1034 3987 1276 4059; x_wconf 90' lang='grc' dir='ltr'>πρῶτον,</span> <span class='ocrx_word' id='word_1_409' title='bbox 1310 3988 1406 4043; x_wconf 74' lang='grc' dir='ltr'><strong>καὶ</strong></span> <span class='ocrx_word' id='word_1_410' title='bbox 1436 3987 1672 4058; x_wconf 83' lang='grc' dir='ltr'>μάλιστα</span> <span class='ocrx_word' id='word_1_411' title='bbox 1697 3984 1780 4052; x_wconf 77' lang='grc' dir='ltr'><strong>οἷς</strong></span> <span class='ocrx_word' id='word_1_412' title='bbox 1829 3993 1950 4059; x_wconf 72' lang='grc' dir='ltr'><strong>ἔφι-</strong></span> 
     </span>
    </p>
   </div>
   <div class='ocr_carea' id='block_1_60' title="bbox 354 4074 1950 4150">
    <p class='ocr_par' dir='ltr' id='par_1_60' title="bbox 354 4074 1950 4150">
     <span class='ocr_line' id='line_1_60' title="bbox 354 4074 1950 4150; baseline 0.002 -21"><span class='ocrx_word' id='word_1_413' title='bbox 354 4074 671 4147; x_wconf 81' lang='grc' dir='ltr'>λοτιμοῦντο</span> <span class='ocrx_word' id='word_1_414' title='bbox 700 4078 829 4141; x_wconf 82' lang='grc' dir='ltr'>τοὺς</span> <span class='ocrx_word' id='word_1_415' title='bbox 853 4076 1082 4140; x_wconf 89' lang='grc' dir='ltr'>πολίτας</span> <span class='ocrx_word' id='word_1_416' title='bbox 1108 4077 1280 4150; x_wconf 78' lang='grc' dir='ltr'>ἡμᾶς,</span> <span class='ocrx_word' id='word_1_417' title='bbox 1310 4076 1379 4131; x_wconf 84' lang='grc' dir='ltr'>τὰ</span> <span class='ocrx_word' id='word_1_418' title='bbox 1417 4079 1549 4148; x_wconf 84' lang='grc' dir='ltr'>παρ’</span> <span class='ocrx_word' id='word_1_419' title='bbox 1597 4077 1810 4132; x_wconf 78' lang='grc' dir='ltr'>ἑαυτῶν</span> <span class='ocrx_word' id='word_1_420' title='bbox 1867 4078 1950 4132; x_wconf 84' lang='grc' dir='ltr'>δι-</span> 
     </span>
    </p>
   </div>
   <div class='ocr_carea' id='block_1_61' title="bbox 346 4168 1949 4241">
    <p class='ocr_par' dir='ltr' id='par_1_61' title="bbox 346 4168 1949 4241">
     <span class='ocr_line' id='line_1_61' title="bbox 346 4168 1949 4241; baseline 0.002 -20"><span class='ocrx_word' id='word_1_421' title='bbox 346 4168 528 4233; x_wconf 81' lang='grc' dir='ltr'>δόντες</span> <span class='ocrx_word' id='word_1_422' title='bbox 555 4170 739 4224; x_wconf 75' lang='grc' dir='ltr'>καὶτὰ</span> <span class='ocrx_word' id='word_1_423' title='bbox 768 4170 900 4239; x_wconf 87' lang='grc' dir='ltr'>παρ’</span> <span class='ocrx_word' id='word_1_424' title='bbox 949 4168 1111 4240; x_wconf 84' lang='grc' dir='ltr'>ήμῶν</span> <span class='ocrx_word' id='word_1_425' title='bbox 1154 4168 1653 4241; x_wconf 83' lang='grc' dir='ltr'>ἀντιλαμϐάνοντες</span> <span class='ocrx_word' id='word_1_426' title='bbox 1680 4186 1695 4238; x_wconf 87' lang='grc'>;</span> <span class='ocrx_word' id='word_1_427' title='bbox 1723 4171 1949 4241; x_wconf 80' lang='grc' dir='ltr'>Λεωφό-</span> 
     </span>
    </p>
   </div>
   <div class='ocr_carea' id='block_1_62' title="bbox 342 4258 1951 4335">
    <p class='ocr_par' dir='ltr' id='par_1_62' title="bbox 342 4258 1951 4335">
     <span class='ocr_line' id='line_1_62' title="bbox 342 4258 1951 4335; baseline 0.004 -22"><span class='ocrx_word' id='word_1_428' title='bbox 342 4276 447 4331; x_wconf 70' lang='lat' dir='ltr'><strong>pou</strong></span> <span class='ocrx_word' id='word_1_429' title='bbox 473 4260 585 4331; x_wconf 80' lang='grc' dir='ltr'>γὰρ</span> <span class='ocrx_word' id='word_1_430' title='bbox 606 4260 874 4331; x_wconf 85' lang='grc' dir='ltr'>δημοσίας</span> <span class='ocrx_word' id='word_1_431' title='bbox 899 4258 1001 4331; x_wconf 84' lang='grc' dir='ltr'><strong>τῆς</strong></span> <span class='ocrx_word' id='word_1_432' title='bbox 1048 4260 1188 4331; x_wconf 82' lang='grc' dir='ltr'>πρὸς</span> <span class='ocrx_word' id='word_1_433' title='bbox 1234 4261 1503 4332; x_wconf 76' lang='grc' dir='ltr'>ἀνατολὴν</span> <span class='ocrx_word' id='word_1_434' title='bbox 1559 4262 1802 4335; x_wconf 86' lang='grc' dir='ltr'>ἀγούσης</span> <span class='ocrx_word' id='word_1_435' title='bbox 1839 4265 1951 4319; x_wconf 78' lang='grc' dir='ltr'>ἀπὸ</span> 
     </span>
    </p>
   </div>
   <div class='ocr_carea' id='block_1_63' title="bbox 339 4348 1946 4426">
    <p class='ocr_par' dir='ltr' id='par_1_63' title="bbox 339 4348 1946 4426">
     <span class='ocr_line' id='line_1_63' title="bbox 339 4348 1946 4426; baseline 0.006 -24"><span class='ocrx_word' id='word_1_436' title='bbox 339 4349 445 4420; x_wconf 79' lang='grc' dir='ltr'><strong>τῆς</strong></span> <span class='ocrx_word' id='word_1_437' title='bbox 472 4348 681 4413; x_wconf 77' lang='grc' dir='ltr'>δύσεως</span> <span class='ocrx_word' id='word_1_438' title='bbox 707 4350 798 4405; x_wconf 82' lang='grc' dir='ltr'>διὰ</span> <span class='ocrx_word' id='word_1_439' title='bbox 833 4350 1001 4423; x_wconf 89' lang='grc' dir='ltr'>μέσου</span> <span class='ocrx_word' id='word_1_440' title='bbox 1046 4351 1209 4420; x_wconf 76' lang='grc' dir='ltr'>τῆσδε</span> <span class='ocrx_word' id='word_1_441' title='bbox 1245 4352 1533 4426; x_wconf 85' lang='grc' dir='ltr'>χωρούσης</span> <span class='ocrx_word' id='word_1_442' title='bbox 1578 4354 1681 4424; x_wconf 81' lang='grc' dir='ltr'>τῆς</span> <span class='ocrx_word' id='word_1_443' title='bbox 1715 4355 1946 4425; x_wconf 83' lang='grc' dir='ltr'>πόλεως,</span> 
     </span>
    </p>
   </div>
   <div class='ocr_carea' id='block_1_64' title="bbox 342 4442 1950 4519">
    <p class='ocr_par' dir='ltr' id='par_1_64' title="bbox 342 4442 1950 4519">
     <span class='ocr_line' id='line_1_64' title="bbox 342 4442 1950 4519; baseline 0.003 -23"><span class='ocrx_word' id='word_1_444' title='bbox 342 4443 442 4497; x_wconf 80' lang='grc' dir='ltr'><strong>καὶ</strong></span> <span class='ocrx_word' id='word_1_445' title='bbox 472 4442 793 4510; x_wconf 82' lang='grc' dir='ltr'>ἀναγκαίως</span> <span class='ocrx_word' id='word_1_446' title='bbox 852 4442 1152 4516; x_wconf 84' lang='grc' dir='ltr'>πειθούσης</span> <span class='ocrx_word' id='word_1_447' title='bbox 1193 4445 1322 4509; x_wconf 83' lang='grc' dir='ltr'>τοὺς</span> <span class='ocrx_word' id='word_1_448' title='bbox 1367 4446 1771 4517; x_wconf 88' lang='grc' dir='ltr'>παροδεύοντας</span> <span class='ocrx_word' id='word_1_449' title='bbox 1794 4449 1950 4519; x_wconf 64' lang='grc' dir='ltr'>,πρὸς</span> 
     </span>
    </p>
   </div>
   <div class='ocr_carea' id='block_1_65' title="bbox 2054 2142 3657 2216">
    <p class='ocr_par' dir='ltr' id='par_1_65' title="bbox 2054 2142 3657 2216">
     <span class='ocr_line' id='line_1_65' title="bbox 2054 2142 3657 2216; baseline -0.006 -15"><span class='ocrx_word' id='word_1_450' title='bbox 2054 2147 2236 2201; x_wconf 89' lang='lat' dir='ltr'><strong>omnis</strong></span> <span class='ocrx_word' id='word_1_451' title='bbox 2268 2145 2499 2216; x_wconf 83' lang='lat' dir='ltr'><strong>periculi</strong></span> <span class='ocrx_word' id='word_1_452' title='bbox 2527 2158 2724 2202; x_wconf 89' lang='lat' dir='ltr'><strong>secura</strong></span> <span class='ocrx_word' id='word_1_453' title='bbox 2749 2142 3108 2213; x_wconf 83' lang='lat' dir='ltr'><strong>agebat.Quo</strong></span> <span class='ocrx_word' id='word_1_454' title='bbox 3138 2142 3285 2197; x_wconf 86' lang='lat' dir='ltr'><strong>enim</strong></span> <span class='ocrx_word' id='word_1_455' title='bbox 3310 2156 3373 2195; x_wconf 78' lang='lat' dir='ltr'><strong>ex</strong></span> <span class='ocrx_word' id='word_1_456' title='bbox 3409 2149 3657 2207; x_wconf 88' lang='lat' dir='ltr'><strong>tempore</strong></span> 
     </span>
    </p>
   </div>
   <div class='ocr_carea' id='block_1_66' title="bbox 2053 2229 3652 2310">
    <p class='ocr_par' dir='ltr' id='par_1_66' title="bbox 2053 2229 3652 2310">
     <span class='ocr_line' id='line_1_66' title="bbox 2053 2229 3652 2310; baseline -0.006 -17"><span class='ocrx_word' id='word_1_457' title='bbox 2053 2237 2385 2310; x_wconf 82' lang='lat' dir='ltr'><strong>Scytharum</strong></span> <span class='ocrx_word' id='word_1_458' title='bbox 2414 2253 2571 2309; x_wconf 85' lang='lat' dir='ltr'><strong>gens,</strong></span> <span class='ocrx_word' id='word_1_459' title='bbox 2607 2236 2754 2293; x_wconf 86' lang='lat' dir='ltr'><strong>sacri</strong></span> <span class='ocrx_word' id='word_1_460' title='bbox 2792 2236 2964 2293; x_wconf 87' lang='lat' dir='ltr'><strong>fontis</strong></span> <span class='ocrx_word' id='word_1_461' title='bbox 3000 2236 3161 2306; x_wconf 88' lang='lat' dir='ltr'><strong>aquis</strong></span> <span class='ocrx_word' id='word_1_462' title='bbox 3184 2234 3374 2288; x_wconf 90' lang='lat' dir='ltr'><strong>abluta</strong></span> <span class='ocrx_word' id='word_1_463' title='bbox 3408 2247 3471 2286; x_wconf 87' lang='lat' dir='ltr'><strong>ac</strong></span> <span class='ocrx_word' id='word_1_464' title='bbox 3489 2229 3652 2285; x_wconf 78' lang='lat' dir='ltr'><strong>Chii-</strong></span> 
     </span>
    </p>
   </div>
   <div class='ocr_carea' id='block_1_67' title="bbox 2050 2324 3655 2405">
    <p class='ocr_par' dir='ltr' id='par_1_67' title="bbox 2050 2324 3655 2405">
     <span class='ocr_line' id='line_1_67' title="bbox 2050 2324 3655 2405; baseline -0.007 -16"><span class='ocrx_word' id='word_1_465' title='bbox 2050 2335 2233 2389; x_wconf 79' lang='lat' dir='ltr'><strong>3tiano</strong></span> <span class='ocrx_word' id='word_1_466' title='bbox 2273 2332 2478 2405; x_wconf 90' lang='lat' dir='ltr'><strong>populo</strong></span> <span class='ocrx_word' id='word_1_467' title='bbox 2508 2331 2747 2392; x_wconf 90' lang='lat' dir='ltr'><strong>sociata,</strong></span> <span class='ocrx_word' id='word_1_468' title='bbox 2784 2331 2901 2402; x_wconf 90' lang='lat' dir='ltr'><strong>pari</strong></span> <span class='ocrx_word' id='word_1_469' title='bbox 2934 2330 3010 2384; x_wconf 92' lang='lat' dir='ltr'><strong>illi</strong></span> <span class='ocrx_word' id='word_1_470' title='bbox 3045 2344 3274 2383; x_wconf 89' lang='lat' dir='ltr'><strong>munere</strong></span> <span class='ocrx_word' id='word_1_471' title='bbox 3317 2324 3540 2396; x_wconf 88' lang='lat' dir='ltr'><strong>pietatis</strong></span> <span class='ocrx_word' id='word_1_472' title='bbox 3571 2324 3655 2378; x_wconf 89' lang='lat' dir='ltr'><strong>Iac</strong></span> 
     </span>
    </p>
   </div>
   <div class='ocr_carea' id='block_1_68' title="bbox 2051 2414 3651 2493">
    <p class='ocr_par' dir='ltr' id='par_1_68' title="bbox 2051 2414 3651 2493">
     <span class='ocr_line' id='line_1_68' title="bbox 2051 2414 3651 2493; baseline -0.009 -13"><span class='ocrx_word' id='word_1_473' title='bbox 2051 2438 2250 2493; x_wconf 75' lang='lat' dir='ltr'><strong>Sugere</strong></span> <span class='ocrx_word' id='word_1_474' title='bbox 2304 2423 2719 2486; x_wconf 82' lang='lat' dir='ltr'><strong>destinaverat,</strong></span> <span class='ocrx_word' id='word_1_475' title='bbox 2768 2420 2990 2475; x_wconf 89' lang='lat' dir='ltr'><strong>urbium</strong></span> <span class='ocrx_word' id='word_1_476' title='bbox 3043 2418 3418 2475; x_wconf 86' lang='lat' dir='ltr'><strong>desolatioucs</strong></span> <span class='ocrx_word' id='word_1_477' title='bbox 3483 2414 3651 2468; x_wconf 87' lang='lat' dir='ltr'><strong>finem</strong></span> 
     </span>
    </p>
   </div>
   <div class='ocr_carea' id='block_1_69' title="bbox 2049 2507 3650 2583">
    <p class='ocr_par' dir='ltr' id='par_1_69' title="bbox 2049 2507 3650 2583">
     <span class='ocr_line' id='line_1_69' title="bbox 2049 2507 3650 2583; baseline -0.007 -11"><span class='ocrx_word' id='word_1_478' title='bbox 2049 2518 2387 2583; x_wconf 85' lang='lat' dir='ltr'><strong>habuerant;</strong></span> <span class='ocrx_word' id='word_1_479' title='bbox 2409 2516 2475 2570; x_wconf 88' lang='lat' dir='ltr'><strong>ad</strong></span> <span class='ocrx_word' id='word_1_480' title='bbox 2504 2515 2680 2571; x_wconf 66' lang='lat' dir='ltr'><strong>caedes</strong></span> <span class='ocrx_word' id='word_1_481' title='bbox 2712 2513 2966 2571; x_wconf 88' lang='lat' dir='ltr'><strong>instructi</strong></span> <span class='ocrx_word' id='word_1_482' title='bbox 2988 2512 3140 2569; x_wconf 85' lang='lat' dir='ltr'><strong>ensis</strong></span> <span class='ocrx_word' id='word_1_483' title='bbox 3160 2525 3351 2565; x_wconf 89' lang='lat' dir='ltr'><strong>mucro</strong></span> <span class='ocrx_word' id='word_1_484' title='bbox 3377 2507 3650 2562; x_wconf 82' lang='lat' dir='ltr'><strong>inhibitus</strong></span> 
     </span>
    </p>
   </div>
   <div class='ocr_carea' id='block_1_70' title="bbox 2047 2601 3657 2680">
    <p class='ocr_par' dir='ltr' id='par_1_70' title="bbox 2047 2601 3657 2680">
     <span class='ocr_line' id='line_1_70' title="bbox 2047 2601 3657 2680; baseline -0.009 -15"><span class='ocrx_word' id='word_1_485' title='bbox 2047 2618 2168 2665; x_wconf 88' lang='lat' dir='ltr'><strong>erat</strong></span> <span class='ocrx_word' id='word_1_486' title='bbox 2215 2619 2575 2680; x_wconf 89' lang='lat' dir='ltr'><strong>retusumque</strong></span> <span class='ocrx_word' id='word_1_487' title='bbox 2638 2607 2884 2675; x_wconf 84' lang='lat' dir='ltr'><strong>ferrum,</strong></span> <span class='ocrx_word' id='word_1_488' title='bbox 2912 2622 2977 2661; x_wconf 89' lang='lat' dir='ltr'><strong>ac</strong></span> <span class='ocrx_word' id='word_1_489' title='bbox 3026 2620 3150 2675; x_wconf 66' lang='lat' dir='ltr'><strong>quae</strong></span> <span class='ocrx_word' id='word_1_490' title='bbox 3203 2604 3334 2658; x_wconf 91' lang='lat' dir='ltr'><strong>olim</strong></span> <span class='ocrx_word' id='word_1_491' title='bbox 3371 2601 3657 2671; x_wconf 75' lang='lat' dir='ltr'><strong>propheta&#39;</strong></span> 
     </span>
    </p>
   </div>
   <div class='ocr_carea' id='block_1_71' title="bbox 2048 2694 3652 2769">
    <p class='ocr_par' dir='ltr' id='par_1_71' title="bbox 2048 2694 3652 2769">
     <span class='ocr_line' id='line_1_71' title="bbox 2048 2694 3652 2769; baseline -0.009 -10"><span class='ocrx_word' id='word_1_492' title='bbox 2048 2718 2171 2759; x_wconf 85' lang='lat' dir='ltr'><strong>rum</strong></span> <span class='ocrx_word' id='word_1_493' title='bbox 2241 2702 2633 2760; x_wconf 80' lang='lat' dir='ltr'><strong>vocalissimus</strong></span> <span class='ocrx_word' id='word_1_494' title='bbox 2677 2700 2849 2757; x_wconf 82' lang='lat' dir='ltr'><strong>Isaias</strong></span> <span class='ocrx_word' id='word_1_495' title='bbox 2887 2700 3057 2769; x_wconf 65' lang='lat'><strong>(2,4)</strong></span> <span class='ocrx_word' id='word_1_496' title='bbox 3097 2698 3274 2752; x_wconf 78' lang='lat' dir='ltr'><strong>fuerat</strong></span> <span class='ocrx_word' id='word_1_497' title='bbox 3302 2694 3652 2756; x_wconf 82' lang='lat' dir='ltr'><strong>vaticinatus,</strong></span> 
     </span>
    </p>
   </div>
   <div class='ocr_carea' id='block_1_72' title="bbox 2048 2787 3651 2863">
    <p class='ocr_par' dir='ltr' id='par_1_72' title="bbox 2048 2787 3651 2863">
     <span class='ocr_line' id='line_1_72' title="bbox 2048 2787 3651 2863; baseline -0.009 -13"><span class='ocrx_word' id='word_1_498' title='bbox 2048 2802 2243 2850; x_wconf 87' lang='lat' dir='ltr'><strong>nostro</strong></span> <span class='ocrx_word' id='word_1_499' title='bbox 2295 2793 2403 2849; x_wconf 88' lang='lat' dir='ltr'><strong>hoc</strong></span> <span class='ocrx_word' id='word_1_500' title='bbox 2452 2808 2570 2849; x_wconf 58' lang='lat' dir='ltr'><strong>aevo</strong></span> <span class='ocrx_word' id='word_1_501' title='bbox 2604 2792 2767 2863; x_wconf 82' lang='lat'><strong>500</strong></span> <span class='ocrx_word' id='word_1_502' title='bbox 2805 2792 3104 2861; x_wconf 87' lang='lat' dir='ltr'><strong>adimpleta</strong></span> <span class='ocrx_word' id='word_1_503' title='bbox 3140 2787 3651 2858; x_wconf 81' lang='lat' dir='ltr'><strong>conspiciebantur.</strong></span> 
     </span>
    </p>
   </div>
   <div class='ocr_carea' id='block_1_73' title="bbox 2045 2880 3658 2958">
    <p class='ocr_par' dir='ltr' id='par_1_73' title="bbox 2045 2880 3658 2958">
     <span class='ocr_line' id='line_1_73' title="bbox 2045 2880 3658 2958; baseline -0.009 -14"><span class='ocrx_word' id='word_1_504' title='bbox 2045 2887 2235 2944; x_wconf 83' lang='lat' dir='ltr'><strong>Nostri</strong></span> <span class='ocrx_word' id='word_1_505' title='bbox 2264 2886 2411 2942; x_wconf 89' lang='lat' dir='ltr'><strong>enim</strong></span> <span class='ocrx_word' id='word_1_506' title='bbox 2442 2885 2613 2958; x_wconf 78' lang='lat' dir='ltr'><strong>gladii</strong></span> <span class='ocrx_word' id='word_1_507' title='bbox 2667 2884 3004 2938; x_wconf 84' lang='lat' dir='ltr'><strong>transierant</strong></span> <span class='ocrx_word' id='word_1_508' title='bbox 3050 2885 3105 2938; x_wconf 91' lang='lat' dir='ltr'><strong>in</strong></span> <span class='ocrx_word' id='word_1_509' title='bbox 3148 2882 3319 2935; x_wconf 78' lang='lat' dir='ltr'><strong>falces</strong></span> <span class='ocrx_word' id='word_1_510' title='bbox 3358 2888 3413 2933; x_wconf 85' lang='lat' dir='ltr'><strong>et.</strong></span> <span class='ocrx_word' id='word_1_511' title='bbox 3447 2880 3658 2932; x_wconf 83' lang='lat' dir='ltr'><strong>lanceae</strong></span> 
     </span>
    </p>
   </div>
   <div class='ocr_carea' id='block_1_74' title="bbox 2048 2974 3655 3046">
    <p class='ocr_par' dir='ltr' id='par_1_74' title="bbox 2048 2974 3655 3046">
     <span class='ocr_line' id='line_1_74' title="bbox 2048 2974 3655 3046; baseline -0.01 -11"><span class='ocrx_word' id='word_1_512' title='bbox 2048 2980 2108 3036; x_wconf 90' lang='lat' dir='ltr'><strong>in</strong></span> <span class='ocrx_word' id='word_1_513' title='bbox 2134 2993 2411 3042; x_wconf 87' lang='lat' dir='ltr'><strong>vomeres,</strong></span> <span class='ocrx_word' id='word_1_514' title='bbox 2454 2991 2559 3032; x_wconf 90' lang='lat' dir='ltr'><strong>nec</strong></span> <span class='ocrx_word' id='word_1_515' title='bbox 2611 2990 2847 3046; x_wconf 88' lang='lat' dir='ltr'><strong>usquam</strong></span> <span class='ocrx_word' id='word_1_516' title='bbox 2896 2974 3099 3028; x_wconf 88' lang='lat' dir='ltr'><strong>bellum</strong></span> <span class='ocrx_word' id='word_1_517' title='bbox 3153 2978 3308 3037; x_wconf 89' lang='lat' dir='ltr'><strong>erat;</strong></span> <span class='ocrx_word' id='word_1_518' title='bbox 3347 2981 3655 3035; x_wconf 85' lang='lat' dir='ltr'><strong>omnesque</strong></span> 
     </span>
    </p>
   </div>
   <div class='ocr_carea' id='block_1_75' title="bbox 2046 3060 3643 3144">
    <p class='ocr_par' dir='ltr' id='par_1_75' title="bbox 2046 3060 3643 3144">
     <span class='ocr_line' id='line_1_75' title="bbox 2046 3060 3643 3144; baseline -0.012 -16"><span class='ocrx_word' id='word_1_519' title='bbox 2046 3072 2257 3144; x_wconf 89' lang='lat' dir='ltr'><strong>ubique</strong></span> <span class='ocrx_word' id='word_1_520' title='bbox 2276 3069 2525 3125; x_wconf 70' lang='lat' dir='ltr'><strong>finitimae.</strong></span> <span class='ocrx_word' id='word_1_521' title='bbox 2563 3075 2755 3138; x_wconf 87' lang='lat' dir='ltr'><strong>gentes</strong></span> <span class='ocrx_word' id='word_1_522' title='bbox 2804 3065 2860 3121; x_wconf 91' lang='lat' dir='ltr'><strong>in</strong></span> <span class='ocrx_word' id='word_1_523' title='bbox 2892 3080 3029 3135; x_wconf 89' lang='lat' dir='ltr'><strong>pace</strong></span> <span class='ocrx_word' id='word_1_524' title='bbox 3074 3064 3347 3134; x_wconf 78' lang='lat' dir='ltr'><strong>agebant;</strong></span> <span class='ocrx_word' id='word_1_525' title='bbox 3379 3060 3643 3127; x_wconf 85' lang='lat' dir='ltr'><strong>nullaque</strong></span> 
     </span>
    </p>
   </div>
   <div class='ocr_carea' id='block_1_76' title="bbox 2045 3152 3648 3220">
    <p class='ocr_par' dir='ltr' id='par_1_76' title="bbox 2045 3152 3648 3220">
     <span class='ocr_line' id='line_1_76' title="bbox 2045 3152 3648 3220; baseline -0.011 -2"><span class='ocrx_word' id='word_1_526' title='bbox 2045 3174 2166 3220; x_wconf 89' lang='lat' dir='ltr'><strong>erat</strong></span> <span class='ocrx_word' id='word_1_527' title='bbox 2199 3158 2600 3218; x_wconf 89' lang='lat' dir='ltr'><strong>commodioris</strong></span> <span class='ocrx_word' id='word_1_528' title='bbox 2647 3158 2777 3213; x_wconf 66' lang='lat' dir='ltr'><strong>vita:</strong></span> <span class='ocrx_word' id='word_1_529' title='bbox 2815 3157 2960 3211; x_wconf 85' lang='lat' dir='ltr'><strong>ratio</strong></span> <span class='ocrx_word' id='word_1_530' title='bbox 3006 3170 3071 3209; x_wconf 92' lang='lat' dir='ltr'><strong>ac</strong></span> <span class='ocrx_word' id='word_1_531' title='bbox 3102 3152 3347 3214; x_wconf 87' lang='lat' dir='ltr'><strong>occasio,</strong></span> <span class='ocrx_word' id='word_1_532' title='bbox 3378 3165 3486 3220; x_wconf 86' lang='lat' dir='ltr'><strong>qua</strong></span> <span class='ocrx_word' id='word_1_533' title='bbox 3533 3164 3648 3204; x_wconf 89' lang='lat' dir='ltr'><strong>non</strong></span> 
     </span>
    </p>
   </div>
   <div class='ocr_carea' id='block_1_77' title="bbox 2047 3239 3652 3317">
    <p class='ocr_par' dir='ltr' id='par_1_77' title="bbox 2047 3239 3652 3317">
     <span class='ocr_line' id='line_1_77' title="bbox 2047 3239 3652 3317; baseline -0.01 -8"><span class='ocrx_word' id='word_1_534' title='bbox 2047 3253 2257 3310; x_wconf 76' lang='lat' dir='ltr'><strong>affatim</strong></span> <span class='ocrx_word' id='word_1_535' title='bbox 2309 3253 2647 3308; x_wconf 88' lang='lat' dir='ltr'><strong>frueremur.</strong></span> <span class='ocrx_word' id='word_1_536' title='bbox 2719 3248 2855 3304; x_wconf 87' lang='lat' dir='ltr'><strong>Inde</strong></span> <span class='ocrx_word' id='word_1_537' title='bbox 2912 3246 3126 3317; x_wconf 86' lang='lat' dir='ltr'><strong>frugum</strong></span> <span class='ocrx_word' id='word_1_538' title='bbox 3181 3245 3453 3307; x_wconf 89' lang='lat' dir='ltr'><strong>ubertas,</strong></span> <span class='ocrx_word' id='word_1_539' title='bbox 3516 3239 3652 3295; x_wconf 89' lang='lat' dir='ltr'><strong>inde</strong></span> 
     </span>
    </p>
   </div>
   <div class='ocr_carea' id='block_1_78' title="bbox 2055 3332 3656 3403">
    <p class='ocr_par' dir='ltr' id='par_1_78' title="bbox 2055 3332 3656 3403">
     <span class='ocr_line' id='line_1_78' title="bbox 2055 3332 3656 3403; baseline -0.012 0"><span class='ocrx_word' id='word_1_540' title='bbox 2055 3354 2383 3403; x_wconf 70' lang='lat' dir='ltr'><strong>mercatum</strong></span> <span class='ocrx_word' id='word_1_541' title='bbox 2430 3343 2831 3400; x_wconf 89' lang='lat' dir='ltr'><strong>emolumenta.</strong></span> <span class='ocrx_word' id='word_1_542' title='bbox 2868 3340 3042 3396; x_wconf 89' lang='lat' dir='ltr'><strong>Terra</strong></span> <span class='ocrx_word' id='word_1_543' title='bbox 3089 3337 3236 3394; x_wconf 86' lang='lat' dir='ltr'><strong>enim</strong></span> <span class='ocrx_word' id='word_1_544' title='bbox 3292 3344 3347 3390; x_wconf 88' lang='lat' dir='ltr'><strong>et</strong></span> <span class='ocrx_word' id='word_1_545' title='bbox 3396 3348 3544 3388; x_wconf 88' lang='lat' dir='ltr'><strong>mare</strong></span> <span class='ocrx_word' id='word_1_546' title='bbox 3584 3332 3656 3385; x_wconf 86' lang='lat' dir='ltr'><strong>ab</strong></span> 
     </span>
    </p>
   </div>
   <div class='ocr_carea' id='block_1_79' title="bbox 2054 3427 3645 3507">
    <p class='ocr_par' dir='ltr' id='par_1_79' title="bbox 2054 3427 3645 3507">
     <span class='ocr_line' id='line_1_79' title="bbox 2054 3427 3645 3507; baseline -0.011 -11"><span class='ocrx_word' id='word_1_547' title='bbox 2054 3440 2216 3496; x_wconf 90' lang='lat' dir='ltr'><strong>initio</strong></span> <span class='ocrx_word' id='word_1_548' title='bbox 2243 3438 2311 3493; x_wconf 88' lang='lat' dir='ltr'><strong>ad</strong></span> <span class='ocrx_word' id='word_1_549' title='bbox 2362 3435 2734 3507; x_wconf 85' lang='lat' dir='ltr'><strong>praestandum</strong></span> <span class='ocrx_word' id='word_1_550' title='bbox 2766 3434 2929 3489; x_wconf 89' lang='lat' dir='ltr'><strong>nobis</strong></span> <span class='ocrx_word' id='word_1_551' title='bbox 2972 3430 3300 3501; x_wconf 84' lang='lat' dir='ltr'><strong>obsequium</strong></span> <span class='ocrx_word' id='word_1_552' title='bbox 3339 3427 3645 3482; x_wconf 85' lang='lat' dir='ltr'><strong>constituta</strong></span> 
     </span>
    </p>
   </div>
   <div class='ocr_carea' id='block_1_80' title="bbox 2052 3526 3654 3603">
    <p class='ocr_par' dir='ltr' id='par_1_80' title="bbox 2052 3526 3654 3603">
     <span class='ocr_line' id='line_1_80' title="bbox 2052 3526 3654 3603; baseline -0.012 -12"><span class='ocrx_word' id='word_1_553' title='bbox 2052 3535 2279 3592; x_wconf 90' lang='lat' dir='ltr'><strong>uberem</strong></span> <span class='ocrx_word' id='word_1_554' title='bbox 2314 3541 2623 3603; x_wconf 87' lang='lat' dir='ltr'><strong>sponteque</strong></span> <span class='ocrx_word' id='word_1_555' title='bbox 2669 3538 2919 3601; x_wconf 83' lang='lat' dir='ltr'><strong>paratam</strong></span> <span class='ocrx_word' id='word_1_556' title='bbox 2968 3526 3301 3597; x_wconf 88' lang='lat' dir='ltr'><strong>quandoque</strong></span> <span class='ocrx_word' id='word_1_557' title='bbox 3338 3537 3494 3578; x_wconf 89' lang='lat' dir='ltr'><strong>suam</strong></span> <span class='ocrx_word' id='word_1_558' title='bbox 3526 3535 3654 3590; x_wconf 79' lang='lat' dir='ltr'><strong>gra-</strong></span> 
     </span>
    </p>
   </div>
   <div class='ocr_carea' id='block_1_81' title="bbox 2053 3614 3656 3697">
    <p class='ocr_par' dir='ltr' id='par_1_81' title="bbox 2053 3614 3656 3697">
     <span class='ocr_line' id='line_1_81' title="bbox 2053 3614 3656 3697; baseline -0.009 -14"><span class='ocrx_word' id='word_1_559' title='bbox 2053 3629 2185 3683; x_wconf 88' lang='lat' dir='ltr'><strong>tiam</strong></span> <span class='ocrx_word' id='word_1_560' title='bbox 2206 3639 2525 3697; x_wconf 88' lang='lat' dir='ltr'><strong>munusque</strong></span> <span class='ocrx_word' id='word_1_561' title='bbox 2546 3623 2928 3681; x_wconf 88' lang='lat' dir='ltr'><strong>conferebant.</strong></span> <span class='ocrx_word' id='word_1_562' title='bbox 2954 3620 3091 3687; x_wconf 63' lang='lat' dir='ltr'><strong>Qum</strong></span> <span class='ocrx_word' id='word_1_563' title='bbox 3112 3620 3262 3675; x_wconf 82' lang='lat' dir='ltr'><strong>enim</strong></span> <span class='ocrx_word' id='word_1_564' title='bbox 3298 3625 3445 3673; x_wconf 90' lang='lat' dir='ltr'><strong>terra</strong></span> <span class='ocrx_word' id='word_1_565' title='bbox 3468 3614 3656 3669; x_wconf 80' lang='lat' dir='ltr'><strong>minus</strong></span> 
     </span>
    </p>
   </div>
   <div class='ocr_carea' id='block_1_82' title="bbox 2050 3706 3655 3788">
    <p class='ocr_par' dir='ltr' id='par_1_82' title="bbox 2050 3706 3655 3788">
     <span class='ocr_line' id='line_1_82' title="bbox 2050 3706 3655 3788; baseline -0.011 -14"><span class='ocrx_word' id='word_1_566' title='bbox 2050 3717 2444 3788; x_wconf 83' lang='lat' dir='ltr'><strong>suppeditabat</strong></span> <span class='ocrx_word' id='word_1_567' title='bbox 2490 3723 2587 3771; x_wconf 90' lang='lat' dir='ltr'><strong>aut</strong></span> <span class='ocrx_word' id='word_1_568' title='bbox 2648 3729 2716 3771; x_wconf 83' lang='lat' dir='ltr'><strong>ex</strong></span> <span class='ocrx_word' id='word_1_569' title='bbox 2771 3729 2834 3770; x_wconf 90' lang='lat' dir='ltr'><strong>se</strong></span> <span class='ocrx_word' id='word_1_570' title='bbox 2893 3711 3143 3784; x_wconf 88' lang='lat' dir='ltr'><strong>proferre</strong></span> <span class='ocrx_word' id='word_1_571' title='bbox 3192 3724 3300 3765; x_wconf 90' lang='lat' dir='ltr'><strong>non</strong></span> <span class='ocrx_word' id='word_1_572' title='bbox 3347 3706 3485 3762; x_wconf 80' lang='lat' dir='ltr'><strong>satis</strong></span> <span class='ocrx_word' id='word_1_573' title='bbox 3535 3710 3655 3758; x_wconf 84' lang='lat' dir='ltr'><strong>erat</strong></span> 
     </span>
    </p>
   </div>
   <div class='ocr_carea' id='block_1_83' title="bbox 2050 3800 3658 3878">
    <p class='ocr_par' dir='ltr' id='par_1_83' title="bbox 2050 3800 3658 3878">
     <span class='ocr_line' id='line_1_83' title="bbox 2050 3800 3658 3878; baseline -0.01 -11"><span class='ocrx_word' id='word_1_574' title='bbox 2050 3811 2270 3878; x_wconf 89' lang='lat' dir='ltr'><strong>idonea,</strong></span> <span class='ocrx_word' id='word_1_575' title='bbox 2308 3810 2425 3865; x_wconf 83' lang='lat' dir='ltr'><strong>haec</strong></span> <span class='ocrx_word' id='word_1_576' title='bbox 2452 3824 2628 3875; x_wconf 91' lang='lat' dir='ltr'><strong>mare,</strong></span> <span class='ocrx_word' id='word_1_577' title='bbox 2652 3805 3142 3863; x_wconf 88' lang='lat' dir='ltr'><strong>mercimoniorum</strong></span> <span class='ocrx_word' id='word_1_578' title='bbox 3182 3800 3405 3859; x_wconf 86' lang='lat' dir='ltr'><strong>solertia</strong></span> <span class='ocrx_word' id='word_1_579' title='bbox 3435 3811 3658 3867; x_wconf 76' lang='lat' dir='ltr'><strong>compa-</strong></span> 
     </span>
    </p>
   </div>
   <div class='ocr_carea' id='block_1_84' title="bbox 2052 3894 3652 3975">
    <p class='ocr_par' dir='ltr' id='par_1_84' title="bbox 2052 3894 3652 3975">
     <span class='ocr_line' id='line_1_84' title="bbox 2052 3894 3652 3975; baseline -0.011 -14"><span class='ocrx_word' id='word_1_580' title='bbox 2052 3914 2174 3961; x_wconf 84' lang='lat' dir='ltr'><strong>rata</strong></span> <span class='ocrx_word' id='word_1_581' title='bbox 2202 3911 2371 3975; x_wconf 86' lang='lat' dir='ltr'><strong>atque</strong></span> <span class='ocrx_word' id='word_1_582' title='bbox 2400 3903 2639 3958; x_wconf 86' lang='lat' dir='ltr'><strong>navibus</strong></span> <span class='ocrx_word' id='word_1_583' title='bbox 2663 3901 2907 3964; x_wconf 80' lang='lat' dir='ltr'><strong>invecta,</strong></span> <span class='ocrx_word' id='word_1_584' title='bbox 2936 3898 3080 3970; x_wconf 89' lang='lat' dir='ltr'><strong>quod</strong></span> <span class='ocrx_word' id='word_1_585' title='bbox 3111 3896 3405 3967; x_wconf 88' lang='lat' dir='ltr'><strong>egentibus</strong></span> <span class='ocrx_word' id='word_1_586' title='bbox 3434 3894 3652 3956; x_wconf 86' lang='lat' dir='ltr'><strong>deerat,</strong></span> 
     </span>
    </p>
   </div>
   <div class='ocr_carea' id='block_1_85' title="bbox 2052 3985 3655 4065">
    <p class='ocr_par' dir='ltr' id='par_1_85' title="bbox 2052 3985 3655 4065">
     <span class='ocr_line' id='line_1_85' title="bbox 2052 3985 3655 4065; baseline -0.01 -13"><span class='ocrx_word' id='word_1_587' title='bbox 2052 3995 2272 4052; x_wconf 85' lang='lat' dir='ltr'><strong>abunde</strong></span> <span class='ocrx_word' id='word_1_588' title='bbox 2329 3994 2642 4065; x_wconf 86' lang='lat' dir='ltr'><strong>supplebat.</strong></span> <span class='ocrx_word' id='word_1_589' title='bbox 2671 3992 2815 4059; x_wconf 85' lang='lat' dir='ltr'><strong>Quid</strong></span> <span class='ocrx_word' id='word_1_590' title='bbox 2847 4007 2979 4047; x_wconf 83' lang='lat' dir='ltr'><strong>vero</strong></span> <span class='ocrx_word' id='word_1_591' title='bbox 3025 3990 3394 4059; x_wconf 84' lang='lat' dir='ltr'><strong>undequaque</strong></span> <span class='ocrx_word' id='word_1_592' title='bbox 3446 3985 3655 4038; x_wconf 86' lang='lat' dir='ltr'><strong>adven-</strong></span> 
     </span>
    </p>
   </div>
   <div class='ocr_carea' id='block_1_86' title="bbox 2052 4077 3654 4157">
    <p class='ocr_par' dir='ltr' id='par_1_86' title="bbox 2052 4077 3654 4157">
     <span class='ocr_line' id='line_1_86' title="bbox 2052 4077 3654 4157; baseline -0.009 -14"><span class='ocrx_word' id='word_1_593' title='bbox 2052 4088 2285 4143; x_wconf 87' lang='lat' dir='ltr'><strong>tantium</strong></span> <span class='ocrx_word' id='word_1_594' title='bbox 2315 4086 2553 4157; x_wconf 89' lang='lat' dir='ltr'><strong>primum</strong></span> <span class='ocrx_word' id='word_1_595' title='bbox 2607 4084 2869 4148; x_wconf 82' lang='lat' dir='ltr'><strong>dixerim,</strong></span> <span class='ocrx_word' id='word_1_596' title='bbox 2913 4098 2979 4138; x_wconf 92' lang='lat' dir='ltr'><strong>ac</strong></span> <span class='ocrx_word' id='word_1_597' title='bbox 3006 4082 3209 4151; x_wconf 87' lang='lat' dir='ltr'><strong>quibus</strong></span> <span class='ocrx_word' id='word_1_598' title='bbox 3243 4077 3521 4150; x_wconf 62' lang='lat' dir='ltr'><strong>praecipue</strong></span> <span class='ocrx_word' id='word_1_599' title='bbox 3548 4088 3654 4129; x_wconf 87' lang='lat' dir='ltr'><strong>nos</strong></span> 
     </span>
    </p>
   </div>
   <div class='ocr_carea' id='block_1_87' title="bbox 2052 4169 3655 4247">
    <p class='ocr_par' dir='ltr' id='par_1_87' title="bbox 2052 4169 3655 4247">
     <span class='ocr_line' id='line_1_87' title="bbox 2052 4169 3655 4247; baseline -0.011 -11"><span class='ocrx_word' id='word_1_600' title='bbox 2052 4180 2203 4236; x_wconf 85' lang='lat' dir='ltr'><strong>cives</strong></span> <span class='ocrx_word' id='word_1_601' title='bbox 2229 4178 2409 4233; x_wconf 87' lang='lat' dir='ltr'><strong>amice</strong></span> <span class='ocrx_word' id='word_1_602' title='bbox 2432 4176 2803 4247; x_wconf 87' lang='lat' dir='ltr'><strong>accipiebant,</strong></span> <span class='ocrx_word' id='word_1_603' title='bbox 2837 4190 2937 4230; x_wconf 84' lang='lat' dir='ltr'><strong>sua</strong></span> <span class='ocrx_word' id='word_1_604' title='bbox 2992 4173 3301 4227; x_wconf 86' lang='lat' dir='ltr'><strong>tribuentes</strong></span> <span class='ocrx_word' id='word_1_605' title='bbox 3361 4176 3527 4237; x_wconf 84' lang='lat' dir='ltr'><strong>atque</strong></span> <span class='ocrx_word' id='word_1_606' title='bbox 3571 4169 3655 4219; x_wconf 82' lang='lat' dir='ltr'><strong>vi-</strong></span> 
     </span>
    </p>
   </div>
   <div class='ocr_carea' id='block_1_88' title="bbox 2051 4257 3655 4338">
    <p class='ocr_par' dir='ltr' id='par_1_88' title="bbox 2051 4257 3655 4338">
     <span class='ocr_line' id='line_1_88' title="bbox 2051 4257 3655 4338; baseline -0.009 -11"><span class='ocrx_word' id='word_1_607' title='bbox 2051 4271 2241 4328; x_wconf 77' lang='lat' dir='ltr'><strong>cissim</strong></span> <span class='ocrx_word' id='word_1_608' title='bbox 2271 4279 2459 4325; x_wconf 86' lang='lat' dir='ltr'><strong>nostra</strong></span> <span class='ocrx_word' id='word_1_609' title='bbox 2483 4266 2856 4338; x_wconf 85' lang='lat' dir='ltr'><strong>recipientes?</strong></span> <span class='ocrx_word' id='word_1_610' title='bbox 2887 4264 3022 4319; x_wconf 83' lang='lat' dir='ltr'><strong>Nam</strong></span> <span class='ocrx_word' id='word_1_611' title='bbox 3054 4277 3182 4318; x_wconf 91' lang='lat' dir='ltr'><strong>cum</strong></span> <span class='ocrx_word' id='word_1_612' title='bbox 3214 4260 3300 4314; x_wconf 86' lang='lat' dir='ltr'><strong>via</strong></span> <span class='ocrx_word' id='word_1_613' title='bbox 3330 4258 3553 4330; x_wconf 88' lang='lat' dir='ltr'><strong>publica</strong></span> <span class='ocrx_word' id='word_1_614' title='bbox 3581 4257 3655 4312; x_wconf 90' lang='lat' dir='ltr'><strong>ab</strong></span> 
     </span>
    </p>
   </div>
   <div class='ocr_carea' id='block_1_89' title="bbox 2051 4350 3653 4430">
    <p class='ocr_par' dir='ltr' id='par_1_89' title="bbox 2051 4350 3653 4430">
     <span class='ocr_line' id='line_1_89' title="bbox 2051 4350 3653 4430; baseline -0.013 -9"><span class='ocrx_word' id='word_1_615' title='bbox 2051 4379 2254 4421; x_wconf 87' lang='lat' dir='ltr'><strong>occasu</strong></span> <span class='ocrx_word' id='word_1_616' title='bbox 2281 4362 2349 4416; x_wconf 88' lang='lat' dir='ltr'><strong>ad</strong></span> <span class='ocrx_word' id='word_1_617' title='bbox 2380 4373 2561 4417; x_wconf 88' lang='lat' dir='ltr'><strong>ortum</strong></span> <span class='ocrx_word' id='word_1_618' title='bbox 2599 4375 2697 4430; x_wconf 91' lang='lat' dir='ltr'><strong>per</strong></span> <span class='ocrx_word' id='word_1_619' title='bbox 2726 4359 2964 4414; x_wconf 87' lang='lat' dir='ltr'><strong>mediam</strong></span> <span class='ocrx_word' id='word_1_620' title='bbox 3003 4356 3144 4411; x_wconf 92' lang='lat' dir='ltr'><strong>hanc</strong></span> <span class='ocrx_word' id='word_1_621' title='bbox 3169 4355 3356 4407; x_wconf 89' lang='lat' dir='ltr'><strong>urbem</strong></span> <span class='ocrx_word' id='word_1_622' title='bbox 3401 4350 3653 4414; x_wconf 81' lang='lat' dir='ltr'><strong>duceret,</strong></span> 
     </span>
    </p>
   </div>
   <div class='ocr_carea' id='block_1_90' title="bbox 2050 4447 3652 4527">
    <p class='ocr_par' dir='ltr' id='par_1_90' title="bbox 2050 4447 3652 4527">
     <span class='ocr_line' id='line_1_90' title="bbox 2050 4447 3652 4527; baseline -0.011 -15"><span class='ocrx_word' id='word_1_623' title='bbox 2050 4464 2383 4527; x_wconf 81' lang='lat' dir='ltr'><strong>cogeretque</strong></span> <span class='ocrx_word' id='word_1_624' title='bbox 2410 4454 2651 4508; x_wconf 83' lang='lat' dir='ltr'><strong>viatores</strong></span> <span class='ocrx_word' id='word_1_625' title='bbox 2676 4452 2730 4506; x_wconf 90' lang='lat' dir='ltr'><strong>in</strong></span> <span class='ocrx_word' id='word_1_626' title='bbox 2756 4466 2822 4507; x_wconf 90' lang='lat' dir='ltr'><strong>ea</strong></span> <span class='ocrx_word' id='word_1_627' title='bbox 2854 4464 3038 4504; x_wconf 85' lang='lat' dir='ltr'><strong>moras</strong></span> <span class='ocrx_word' id='word_1_628' title='bbox 3062 4447 3413 4515; x_wconf 90' lang='lat' dir='ltr'><strong>interponere</strong></span> <span class='ocrx_word' id='word_1_629' title='bbox 3452 4450 3652 4510; x_wconf 73' lang='lat' dir='ltr'><strong>etquae</strong></span> 
     </span>
    </p>
   </div>
   <div class='ocr_carea' id='block_1_91' title="bbox 340 4533 1947 4612">
    <p class='ocr_par' dir='ltr' id='par_1_91' title="bbox 340 4534 1947 4612">
     <span class='ocr_line' id='line_1_91' title="bbox 340 4534 1947 4612; baseline 0.004 -25"><span class='ocrx_word' id='word_1_630' title='bbox 340 4536 497 4607; x_wconf 74' lang='grc' dir='ltr'>ἡμᾶς</span> <span class='ocrx_word' id='word_1_631' title='bbox 530 4534 894 4605; x_wconf 71' lang='grc' dir='ltr'>ἐνδιατρίϐειν</span> <span class='ocrx_word' id='word_1_632' title='bbox 925 4536 1022 4590; x_wconf 78' lang='grc' dir='ltr'>καὶ</span> <span class='ocrx_word' id='word_1_633' title='bbox 1064 4535 1136 4589; x_wconf 85' lang='grc' dir='ltr'>τὰ</span> <span class='ocrx_word' id='word_1_634' title='bbox 1168 4537 1308 4609; x_wconf 80' lang='grc' dir='ltr'>πρὸς</span> <span class='ocrx_word' id='word_1_635' title='bbox 1338 4536 1440 4609; x_wconf 80' lang='grc' dir='ltr'>τὴν</span> <span class='ocrx_word' id='word_1_636' title='bbox 1474 4539 1669 4611; x_wconf 86' lang='grc' dir='ltr'>χρείαν</span> <span class='ocrx_word' id='word_1_637' title='bbox 1729 4539 1947 4612; x_wconf 81' lang='grc' dir='ltr'>πορίζε-</span> 
     </span>
    </p>
   </div>
   <div class='ocr_carea' id='block_1_92' title="bbox 2052 4533 3653 4612">
    <p class='ocr_par' dir='ltr' id='par_1_92' title="bbox 2052 4533 3653 4609">
     <span class='ocr_line' id='line_1_92' title="bbox 2052 4533 3653 4609; baseline -0.007 -10"><span class='ocrx_word' id='word_1_638' title='bbox 2052 4544 2108 4599; x_wconf 89' lang='lat' dir='ltr'><strong>in</strong></span> <span class='ocrx_word' id='word_1_639' title='bbox 2134 4559 2296 4599; x_wconf 89' lang='lat' dir='ltr'><strong>usum</strong></span> <span class='ocrx_word' id='word_1_640' title='bbox 2331 4558 2493 4598; x_wconf 90' lang='lat' dir='ltr'><strong>suum</strong></span> <span class='ocrx_word' id='word_1_641' title='bbox 2528 4549 2716 4595; x_wconf 84' lang='lat' dir='ltr'><strong>essent</strong></span> <span class='ocrx_word' id='word_1_642' title='bbox 2767 4554 2986 4609; x_wconf 88' lang='lat' dir='ltr'><strong>parare,</strong></span> <span class='ocrx_word' id='word_1_643' title='bbox 3014 4535 3282 4608; x_wconf 85' lang='lat' dir='ltr'><strong>quidquid</strong></span> <span class='ocrx_word' id='word_1_644' title='bbox 3315 4533 3440 4604; x_wconf 84' lang='lat' dir='ltr'><strong>quis</strong></span> <span class='ocrx_word' id='word_1_645' title='bbox 3485 4533 3653 4587; x_wconf 88' lang='lat' dir='ltr'><strong>bono-</strong></span> 
     </span>
    </p>
   </div>
   <div class='ocr_carea' id='block_1_93' title="bbox 342 4625 1947 4712">
    <p class='ocr_par' dir='ltr' id='par_1_93' title="bbox 342 4625 1947 4712">
     <span class='ocr_line' id='line_1_93' title="bbox 342 4625 1947 4712; baseline 0.002 -30"><span class='ocrx_word' id='word_1_646' title='bbox 342 4629 503 4712; x_wconf 66' lang='grc' dir='ltr'>αθαι,</span> <span class='ocrx_word' id='word_1_647' title='bbox 523 4628 634 4681; x_wconf 81' lang='grc' dir='ltr'>πᾶν</span> <span class='ocrx_word' id='word_1_648' title='bbox 668 4628 847 4682; x_wconf 83' lang='grc' dir='ltr'>ὁτιοῦν</span> <span class='ocrx_word' id='word_1_649' title='bbox 879 4627 947 4681; x_wconf 84' lang='grc' dir='ltr'>ἂν</span> <span class='ocrx_word' id='word_1_650' title='bbox 978 4625 1125 4681; x_wconf 86' lang='grc' dir='ltr'>είποι</span> <span class='ocrx_word' id='word_1_651' title='bbox 1156 4645 1243 4692; x_wconf 90' lang='grc' dir='ltr'><strong>τις</strong></span> <span class='ocrx_word' id='word_1_652' title='bbox 1272 4627 1382 4684; x_wconf 91' lang='grc' dir='ltr'><strong>τῶν</strong></span> <span class='ocrx_word' id='word_1_653' title='bbox 1417 4630 1604 4685; x_wconf 87' lang='grc' dir='ltr'>καλῶν</span> <span class='ocrx_word' id='word_1_654' title='bbox 1656 4630 1716 4696; x_wconf 77' lang='grc' dir='ltr'><strong>ἐξ</strong></span> <span class='ocrx_word' id='word_1_655' title='bbox 1769 4631 1947 4685; x_wconf 80' lang='grc' dir='ltr'>αὐτῶν</span> 
     </span>
    </p>
   </div>
   <div class='ocr_carea' id='block_1_94' title="bbox 2052 4625 3651 4712">
    <p class='ocr_par' dir='ltr' id='par_1_94' title="bbox 2052 4628 3651 4700">
     <span class='ocr_line' id='line_1_94' title="bbox 2052 4628 3651 4700; baseline -0.008 -10"><span class='ocrx_word' id='word_1_656' title='bbox 2052 4650 2175 4690; x_wconf 84' lang='lat' dir='ltr'><strong>rum</strong></span> <span class='ocrx_word' id='word_1_657' title='bbox 2208 4634 2378 4697; x_wconf 88' lang='lat' dir='ltr'><strong>dicat,</strong></span> <span class='ocrx_word' id='word_1_658' title='bbox 2416 4649 2484 4688; x_wconf 76' lang='lat' dir='ltr'><strong>ex</strong></span> <span class='ocrx_word' id='word_1_659' title='bbox 2538 4633 2651 4686; x_wconf 91' lang='lat' dir='ltr'><strong>illis</strong></span> <span class='ocrx_word' id='word_1_660' title='bbox 2680 4633 3168 4700; x_wconf 87' lang='lat' dir='ltr'><strong>consequebamur</strong></span> <span class='ocrx_word' id='word_1_661' title='bbox 3218 4628 3491 4695; x_wconf 87' lang='lat' dir='ltr'><strong>nobisque</strong></span> <span class='ocrx_word' id='word_1_662' title='bbox 3522 4639 3651 4694; x_wconf 78' lang='lat' dir='ltr'><strong>pro-</strong></span> 
     </span>
    </p>
   </div>
   <div class='ocr_carea' id='block_1_95' title="bbox 339 4719 1947 4807">
    <p class='ocr_par' dir='ltr' id='par_1_95' title="bbox 339 4719 1947 4794">
     <span class='ocr_line' id='line_1_95' title="bbox 339 4719 1947 4794; baseline 0.002 -19"><span class='ocrx_word' id='word_1_663' title='bbox 339 4719 747 4794; x_wconf 70' lang='grc' dir='ltr'>ὶκαρπούμεθά</span> <span class='ocrx_word' id='word_1_664' title='bbox 796 4737 856 4774; x_wconf 86' lang='grc' dir='ltr'><strong>τε</strong></span> <span class='ocrx_word' id='word_1_665' title='bbox 924 4720 1022 4774; x_wconf 75' lang='grc' dir='ltr'>καὶ</span> <span class='ocrx_word' id='word_1_666' title='bbox 1078 4721 1541 4792; x_wconf 87' lang='grc' dir='ltr'>προσεκτώμεθα.</span> <span class='ocrx_word' id='word_1_667' title='bbox 1598 4724 1790 4780; x_wconf 85' lang='grc' dir='ltr'>Ἔνθεν</span> <span class='ocrx_word' id='word_1_668' title='bbox 1852 4725 1947 4779; x_wconf 74' lang='grc' dir='ltr'><strong>καὶ</strong></span> 
     </span>
    </p>
   </div>
   <div class='ocr_carea' id='block_1_96' title="bbox 2052 4719 3653 4807">
    <p class='ocr_par' dir='ltr' id='par_1_96' title="bbox 2054 4721 3653 4795">
     <span class='ocr_line' id='line_1_96' title="bbox 2054 4721 3653 4795; baseline -0.008 -12"><span class='ocrx_word' id='word_1_669' title='bbox 2054 4726 2368 4783; x_wconf 77' lang='lat' dir='ltr'><strong>veniebant.</strong></span> <span class='ocrx_word' id='word_1_670' title='bbox 2446 4725 2589 4779; x_wconf 84' lang='lat' dir='ltr'><strong>Hinc</strong></span> <span class='ocrx_word' id='word_1_671' title='bbox 2644 4726 2963 4795; x_wconf 87' lang='lat' dir='ltr'><strong>promiscua</strong></span> <span class='ocrx_word' id='word_1_672' title='bbox 3030 4738 3095 4778; x_wconf 83' lang='lat' dir='ltr'><strong>ex</strong></span> <span class='ocrx_word' id='word_1_673' title='bbox 3163 4722 3315 4778; x_wconf 90' lang='lat' dir='ltr'><strong>omni</strong></span> <span class='ocrx_word' id='word_1_674' title='bbox 3364 4721 3653 4774; x_wconf 85' lang='lat' dir='ltr'><strong>hominum</strong></span> 
     </span>
    </p>
   </div>
   <div class='ocr_carea' id='block_1_97' title="bbox 340 4813 1947 4892">
    <p class='ocr_par' dir='ltr' id='par_1_97' title="bbox 340 4813 1947 4891">
     <span class='ocr_line' id='line_1_97' title="bbox 340 4813 1947 4891; baseline 0.002 -23"><span class='ocrx_word' id='word_1_675' title='bbox 340 4814 646 4885; x_wconf 72' lang='grc' dir='ltr'>παμμιγὴς</span> <span class='ocrx_word' id='word_1_676' title='bbox 669 4829 756 4877; x_wconf 93' lang='grc' dir='ltr'>τις</span> <span class='ocrx_word' id='word_1_677' title='bbox 783 4813 938 4884; x_wconf 71' lang='grc' dir='ltr'>ὄχλος</span> <span class='ocrx_word' id='word_1_678' title='bbox 966 4814 1056 4867; x_wconf 72' lang='grc' dir='ltr'><strong>ἀεὶ</strong></span> <span class='ocrx_word' id='word_1_679' title='bbox 1084 4815 1579 4886; x_wconf 63' lang='grc' dir='ltr'>περιεστοίχειξτὰς</span> <span class='ocrx_word' id='word_1_680' title='bbox 1609 4818 1810 4886; x_wconf 83' lang='grc' dir='ltr'>ἀγυιὰς</span> <span class='ocrx_word' id='word_1_681' title='bbox 1839 4818 1947 4891; x_wconf 74' lang='grc' dir='ltr'><strong>τῶν</strong></span> 
     </span>
    </p>
   </div>
   <div class='ocr_carea' id='block_1_98' title="bbox 2052 4813 3654 4892">
    <p class='ocr_par' dir='ltr' id='par_1_98' title="bbox 2052 4817 3654 4892">
     <span class='ocr_line' id='line_1_98' title="bbox 2052 4817 3654 4892; baseline -0.006 -15"><span class='ocrx_word' id='word_1_682' title='bbox 2052 4835 2251 4892; x_wconf 85' lang='lat' dir='ltr'><strong>genere</strong></span> <span class='ocrx_word' id='word_1_683' title='bbox 2302 4817 2617 4882; x_wconf 88' lang='lat' dir='ltr'><strong>multitudo,</strong></span> <span class='ocrx_word' id='word_1_684' title='bbox 2674 4825 2790 4871; x_wconf 92' lang='lat' dir='ltr'><strong>tum</strong></span> <span class='ocrx_word' id='word_1_685' title='bbox 2825 4817 3237 4886; x_wconf 67' lang='lat' dir='ltr'><strong>indigenarum</strong></span> <span class='ocrx_word' id='word_1_686' title='bbox 3284 4824 3398 4870; x_wconf 90' lang='lat' dir='ltr'><strong>tum</strong></span> <span class='ocrx_word' id='word_1_687' title='bbox 3429 4829 3654 4884; x_wconf 80' lang='lat' dir='ltr'><strong>quoquo</strong></span> 
     </span>
    </p>
   </div>
   <div class='ocr_carea' id='block_1_99' title="bbox 344 4906 1947 4982">
    <p class='ocr_par' dir='ltr' id='par_1_99' title="bbox 344 4906 1947 4979">
     <span class='ocr_line' id='line_1_99' title="bbox 344 4906 1947 4979; baseline 0.002 -18"><span class='ocrx_word' id='word_1_688' title='bbox 344 4923 407 4961; x_wconf 87' lang='grc' dir='ltr'>τε</span> <span class='ocrx_word' id='word_1_689' title='bbox 438 4906 782 4977; x_wconf 84' lang='grc' dir='ltr'>αὐτοχθόνων</span> <span class='ocrx_word' id='word_1_690' title='bbox 813 4906 1039 4962; x_wconf 72' lang='grc' dir='ltr'>καὶτῶν</span> <span class='ocrx_word' id='word_1_691' title='bbox 1078 4908 1256 4972; x_wconf 75' lang='grc' dir='ltr'>ἄλλως</span> <span class='ocrx_word' id='word_1_692' title='bbox 1308 4907 1772 4979; x_wconf 79' lang='grc' dir='ltr'>ὲπιξενουμένων,</span> <span class='ocrx_word' id='word_1_693' title='bbox 1805 4909 1882 4975; x_wconf 84' lang='grc' dir='ltr'><strong>ὡς</strong></span> <span class='ocrx_word' id='word_1_694' title='bbox 1903 4911 1947 4943; x_wconf 76' lang='grc'><strong>⁸⁸</strong></span> 
     </span>
    </p>
   </div>
   <div class='ocr_carea' id='block_1_100' title="bbox 2052 4906 3654 4982">
    <p class='ocr_par' dir='ltr' id='par_1_100' title="bbox 2052 4908 3654 4982">
     <span class='ocr_line' id='line_1_100' title="bbox 2052 4908 3654 4982; baseline -0.006 -12"><span class='ocrx_word' id='word_1_695' title='bbox 2052 4914 2217 4970; x_wconf 90' lang='lat' dir='ltr'><strong>modo</strong></span> <span class='ocrx_word' id='word_1_696' title='bbox 2257 4912 2504 4982; x_wconf 89' lang='lat' dir='ltr'><strong>hospitio</strong></span> <span class='ocrx_word' id='word_1_697' title='bbox 2526 4919 2906 4982; x_wconf 87' lang='lat' dir='ltr'><strong>receptorum,</strong></span> <span class='ocrx_word' id='word_1_698' title='bbox 2942 4912 3158 4981; x_wconf 82' lang='lat' dir='ltr'><strong>plateas</strong></span> <span class='ocrx_word' id='word_1_699' title='bbox 3193 4924 3413 4979; x_wconf 86' lang='lat' dir='ltr'><strong>semper</strong></span> <span class='ocrx_word' id='word_1_700' title='bbox 3459 4908 3654 4961; x_wconf 85' lang='lat' dir='ltr'><strong>circui-</strong></span> 
     </span>
    </p>
   </div>
   <div class='ocr_carea' id='block_1_101' title="bbox 341 4995 1947 5076">
    <p class='ocr_par' dir='ltr' id='par_1_101' title="bbox 341 4995 1945 5074">
     <span class='ocr_line' id='line_1_101' title="bbox 341 4995 1945 5074; baseline 0.002 -21"><span class='ocrx_word' id='word_1_701' title='bbox 341 4998 740 5071; x_wconf 81' lang='grc' dir='ltr'>εὐχερέστερον</span> <span class='ocrx_word' id='word_1_702' title='bbox 767 4995 912 5053; x_wconf 70' lang='grc' dir='ltr'>εἶναι</span> <span class='ocrx_word' id='word_1_703' title='bbox 948 5000 1180 5072; x_wconf 81' lang='grc' dir='ltr'>ψάμμον</span> <span class='ocrx_word' id='word_1_704' title='bbox 1225 5001 1496 5073; x_wconf 83' lang='grc' dir='ltr'>παράλιον</span> <span class='ocrx_word' id='word_1_705' title='bbox 1545 5001 1868 5072; x_wconf 79' lang='grc' dir='ltr'>ἐξαριθμεῖν</span> <span class='ocrx_word' id='word_1_706' title='bbox 1912 5002 1945 5074; x_wconf 79' lang='grc' dir='ltr'>ἢ</span> 
     </span>
    </p>
   </div>
   <div class='ocr_carea' id='block_1_102' title="bbox 2052 4995 3650 5076">
    <p class='ocr_par' dir='ltr' id='par_1_102' title="bbox 2052 5005 3650 5076">
     <span class='ocr_line' id='line_1_102' title="bbox 2052 5005 3650 5076; baseline -0.009 -9"><span class='ocrx_word' id='word_1_707' title='bbox 2052 5010 2224 5076; x_wconf 88' lang='lat' dir='ltr'><strong>bant;</strong></span> <span class='ocrx_word' id='word_1_708' title='bbox 2267 5015 2327 5062; x_wconf 91' lang='lat' dir='ltr'><strong>ut</strong></span> <span class='ocrx_word' id='word_1_709' title='bbox 2352 5006 2574 5062; x_wconf 85' lang='lat' dir='ltr'><strong>facilius</strong></span> <span class='ocrx_word' id='word_1_710' title='bbox 2600 5006 2673 5062; x_wconf 90' lang='lat' dir='ltr'><strong>sit</strong></span> <span class='ocrx_word' id='word_1_711' title='bbox 2720 5020 2923 5061; x_wconf 87' lang='lat' dir='ltr'><strong>arenas</strong></span> <span class='ocrx_word' id='word_1_712' title='bbox 2959 5005 3128 5059; x_wconf 88' lang='lat' dir='ltr'><strong>maris</strong></span> <span class='ocrx_word' id='word_1_713' title='bbox 3156 5015 3449 5057; x_wconf 85' lang='lat' dir='ltr'><strong>numerare</strong></span> <span class='ocrx_word' id='word_1_714' title='bbox 3483 5014 3650 5070; x_wconf 88' lang='lat' dir='ltr'><strong>quam</strong></span> 
     </span>
    </p>
   </div>
   <div class='ocr_carea' id='block_1_103' title="bbox 341 5092 1947 5168">
    <p class='ocr_par' dir='ltr' id='par_1_103' title="bbox 341 5092 1947 5166">
     <span class='ocr_line' id='line_1_103' title="bbox 341 5092 1947 5166; baseline 0.002 -18"><span class='ocrx_word' id='word_1_715' title='bbox 341 5095 475 5157; x_wconf 80' lang='grc' dir='ltr'>τοὺς</span> <span class='ocrx_word' id='word_1_716' title='bbox 503 5092 603 5163; x_wconf 75' lang='grc' dir='ltr'>τὴν</span> <span class='ocrx_word' id='word_1_717' title='bbox 627 5092 838 5163; x_wconf 76' lang='grc' dir='ltr'>ἀγορὰν</span> <span class='ocrx_word' id='word_1_718' title='bbox 866 5093 1230 5161; x_wconf 83' lang='grc' dir='ltr'>διοδεύοντας,</span> <span class='ocrx_word' id='word_1_719' title='bbox 1280 5097 1377 5149; x_wconf 78' lang='grc' dir='ltr'><strong>καὶ</strong></span> <span class='ocrx_word' id='word_1_720' title='bbox 1416 5094 1526 5149; x_wconf 90' lang='grc' dir='ltr'><strong>τῶν</strong></span> <span class='ocrx_word' id='word_1_721' title='bbox 1554 5096 1947 5166; x_wconf 81' lang='grc' dir='ltr'>συναλλαγμά-</span> 
     </span>
    </p>
   </div>
   <div class='ocr_carea' id='block_1_104' title="bbox 2052 5092 3653 5168">
    <p class='ocr_par' dir='ltr' id='par_1_104' title="bbox 2052 5092 3653 5168">
     <span class='ocr_line' id='line_1_104' title="bbox 2052 5092 3653 5168; baseline -0.007 -10"><span class='ocrx_word' id='word_1_722' title='bbox 2052 5116 2244 5158; x_wconf 86' lang='lat' dir='ltr'><strong>eorum</strong></span> <span class='ocrx_word' id='word_1_723' title='bbox 2273 5098 2366 5165; x_wconf 90' lang='lat' dir='ltr'><strong>qui</strong></span> <span class='ocrx_word' id='word_1_724' title='bbox 2397 5097 2577 5153; x_wconf 90' lang='lat' dir='ltr'><strong>forum</strong></span> <span class='ocrx_word' id='word_1_725' title='bbox 2636 5099 2983 5168; x_wconf 87' lang='lat' dir='ltr'><strong>occupabant</strong></span> <span class='ocrx_word' id='word_1_726' title='bbox 3039 5111 3103 5151; x_wconf 91' lang='lat' dir='ltr'><strong>ac</strong></span> <span class='ocrx_word' id='word_1_727' title='bbox 3151 5095 3245 5165; x_wconf 88' lang='lat' dir='ltr'><strong>qui</strong></span> <span class='ocrx_word' id='word_1_728' title='bbox 3294 5092 3653 5148; x_wconf 86' lang='lat' dir='ltr'><strong>commerciis</strong></span> 
     </span>
    </p>
   </div>
   <div class='ocr_carea' id='block_1_105' title="bbox 342 5185 1947 5261">
    <p class='ocr_par' dir='ltr' id='par_1_105' title="bbox 342 5186 1945 5261">
     <span class='ocr_line' id='line_1_105' title="bbox 342 5186 1945 5261; baseline 0 -18"><span class='ocrx_word' id='word_1_729' title='bbox 342 5204 458 5243; x_wconf 87' lang='grc' dir='ltr'><strong>των</strong></span> <span class='ocrx_word' id='word_1_730' title='bbox 480 5186 841 5256; x_wconf 87' lang='grc' dir='ltr'>ποιουμένους</span> <span class='ocrx_word' id='word_1_731' title='bbox 880 5187 924 5218; x_wconf 76' lang='grc'><strong>⁸³</strong></span> <span class='ocrx_word' id='word_1_732' title='bbox 949 5186 1050 5258; x_wconf 87' lang='grc' dir='ltr'><strong>τὴν</strong></span> <span class='ocrx_word' id='word_1_733' title='bbox 1080 5188 1326 5258; x_wconf 87' lang='grc' dir='ltr'>μέθοδον.</span> <span class='ocrx_word' id='word_1_734' title='bbox 1389 5189 1671 5244; x_wconf 78' lang='grc' dir='ltr'>Ἐντεῦθεν</span> <span class='ocrx_word' id='word_1_735' title='bbox 1718 5191 1945 5261; x_wconf 85' lang='grc' dir='ltr'>χρυσίου</span> 
     </span>
    </p>
   </div>
   <div class='ocr_carea' id='block_1_106' title="bbox 2052 5185 3655 5261">
    <p class='ocr_par' dir='ltr' id='par_1_106' title="bbox 2053 5185 3655 5255">
     <span class='ocr_line' id='line_1_106' title="bbox 2053 5185 3655 5255; baseline -0.007 -7"><span class='ocrx_word' id='word_1_736' title='bbox 2053 5192 2435 5249; x_wconf 87' lang='lat' dir='ltr'><strong>miscebantur</strong></span> <span class='ocrx_word' id='word_1_737' title='bbox 2471 5206 2699 5246; x_wconf 90' lang='lat' dir='ltr'><strong>censum</strong></span> <span class='ocrx_word' id='word_1_738' title='bbox 2756 5190 2918 5246; x_wconf 89' lang='lat' dir='ltr'><strong>inire.</strong></span> <span class='ocrx_word' id='word_1_739' title='bbox 2974 5188 3114 5242; x_wconf 87' lang='lat' dir='ltr'><strong>llinc</strong></span> <span class='ocrx_word' id='word_1_740' title='bbox 3144 5187 3287 5252; x_wconf 89' lang='lat' dir='ltr'><strong>auri,</strong></span> <span class='ocrx_word' id='word_1_741' title='bbox 3330 5185 3542 5255; x_wconf 78' lang='lat' dir='ltr'><strong>argenti</strong></span> <span class='ocrx_word' id='word_1_742' title='bbox 3599 5190 3655 5238; x_wconf 87' lang='lat' dir='ltr'><strong>et</strong></span> 
     </span>
    </p>
   </div>
   <div class='ocr_carea' id='block_1_107' title="bbox 344 5273 1947 5355">
    <p class='ocr_par' dir='ltr' id='par_1_107' title="bbox 344 5280 1947 5355">
     <span class='ocr_line' id='line_1_107' title="bbox 344 5280 1947 5355; baseline 0.001 -20"><span class='ocrx_word' id='word_1_743' title='bbox 344 5282 446 5335; x_wconf 69' lang='grc' dir='ltr'>καὶ</span> <span class='ocrx_word' id='word_1_744' title='bbox 473 5281 737 5350; x_wconf 85' lang='grc' dir='ltr'>ἀργυρίου</span> <span class='ocrx_word' id='word_1_745' title='bbox 768 5281 864 5334; x_wconf 81' lang='grc' dir='ltr'>καὶ</span> <span class='ocrx_word' id='word_1_746' title='bbox 885 5280 1051 5334; x_wconf 79' lang='grc' dir='ltr'>λίθων</span> <span class='ocrx_word' id='word_1_747' title='bbox 1080 5281 1278 5352; x_wconf 86' lang='grc' dir='ltr'>τιμίων</span> <span class='ocrx_word' id='word_1_748' title='bbox 1329 5284 1683 5355; x_wconf 79' lang='grc' dir='ltr'>παμπληθεῖς</span> <span class='ocrx_word' id='word_1_749' title='bbox 1743 5284 1947 5355; x_wconf 87' lang='grc' dir='ltr'>θησαυ-</span> 
     </span>
    </p>
   </div>
   <div class='ocr_carea' id='block_1_108' title="bbox 2052 5273 3650 5355">
    <p class='ocr_par' dir='ltr' id='par_1_108' title="bbox 2055 5273 3650 5355">
     <span class='ocr_line' id='line_1_108' title="bbox 2055 5273 3650 5355; baseline -0.007 -18"><span class='ocrx_word' id='word_1_750' title='bbox 2055 5284 2426 5355; x_wconf 87' lang='lat' dir='ltr'><strong>pretiosorum</strong></span> <span class='ocrx_word' id='word_1_751' title='bbox 2465 5280 2707 5351; x_wconf 89' lang='lat' dir='ltr'><strong>lapidum</strong></span> <span class='ocrx_word' id='word_1_752' title='bbox 2767 5281 3018 5351; x_wconf 86' lang='lat' dir='ltr'><strong>ingentes</strong></span> <span class='ocrx_word' id='word_1_753' title='bbox 3045 5292 3109 5332; x_wconf 88' lang='lat' dir='ltr'><strong>ac</strong></span> <span class='ocrx_word' id='word_1_754' title='bbox 3138 5277 3349 5347; x_wconf 89' lang='lat' dir='ltr'><strong>copiosi</strong></span> <span class='ocrx_word' id='word_1_755' title='bbox 3403 5273 3650 5329; x_wconf 87' lang='lat' dir='ltr'><strong>thesauri</strong></span> 
     </span>
    </p>
   </div>
   <div class='ocr_carea' id='block_1_109' title="bbox 350 5370 1947 5452">
    <p class='ocr_par' dir='ltr' id='par_1_109' title="bbox 350 5370 1947 5445">
     <span class='ocr_line' id='line_1_109' title="bbox 350 5370 1947 5445; baseline 0.003 -22"><span class='ocrx_word' id='word_1_756' title='bbox 350 5371 438 5440; x_wconf 80' lang='grc' dir='ltr'>ροὶ</span> <span class='ocrx_word' id='word_1_757' title='bbox 502 5372 614 5435; x_wconf 85' lang='grc' dir='ltr'>τοῖς</span> <span class='ocrx_word' id='word_1_758' title='bbox 669 5370 887 5433; x_wconf 85' lang='grc' dir='ltr'>πολλοῖς</span> <span class='ocrx_word' id='word_1_759' title='bbox 956 5370 1221 5438; x_wconf 79' lang='grc' dir='ltr'>ἐγίνοντο,</span> <span class='ocrx_word' id='word_1_760' title='bbox 1250 5374 1343 5425; x_wconf 80' lang='grc' dir='ltr'>καὶ</span> <span class='ocrx_word' id='word_1_761' title='bbox 1382 5373 1450 5428; x_wconf 86' lang='grc' dir='ltr'>τὰ</span> <span class='ocrx_word' id='word_1_762' title='bbox 1478 5374 1543 5425; x_wconf 85' lang='grc' dir='ltr'>ὲκ</span> <span class='ocrx_word' id='word_1_763' title='bbox 1582 5373 1773 5445; x_wconf 87' lang='grc' dir='ltr'>Σηρῶν</span> <span class='ocrx_word' id='word_1_764' title='bbox 1806 5374 1947 5441; x_wconf 80' lang='grc' dir='ltr'><strong>ὑφά-</strong></span> 
     </span>
    </p>
   </div>
   <div class='ocr_carea' id='block_1_110' title="bbox 2052 5370 3654 5452">
    <p class='ocr_par' dir='ltr' id='par_1_110' title="bbox 2058 5373 3654 5452">
     <span class='ocr_line' id='line_1_110' title="bbox 2058 5373 3654 5452; baseline -0.006 -18"><span class='ocrx_word' id='word_1_765' title='bbox 2058 5382 2224 5452; x_wconf 86' lang='lat' dir='ltr'><strong>vulgo</strong></span> <span class='ocrx_word' id='word_1_766' title='bbox 2255 5382 2685 5447; x_wconf 84' lang='lat' dir='ltr'><strong>accrescebant;</strong></span> <span class='ocrx_word' id='word_1_767' title='bbox 2711 5390 3000 5448; x_wconf 86' lang='lat' dir='ltr'><strong>vestesque</strong></span> <span class='ocrx_word' id='word_1_768' title='bbox 3021 5378 3213 5432; x_wconf 68' lang='lat' dir='ltr'><strong>serica:</strong></span> <span class='ocrx_word' id='word_1_769' title='bbox 3237 5373 3462 5445; x_wconf 85' lang='lat' dir='ltr'><strong>perinde</strong></span> <span class='ocrx_word' id='word_1_770' title='bbox 3488 5381 3654 5441; x_wconf 84' lang='lat' dir='ltr'><strong>atque</strong></span> 
     </span>
    </p>
   </div>
   <div class='ocr_carea' id='block_1_111' title="bbox 349 5461 1947 5544">
    <p class='ocr_par' dir='ltr' id='par_1_111' title="bbox 349 5461 1947 5539">
     <span class='ocr_line' id='line_1_111' title="bbox 349 5461 1947 5539; baseline 0.003 -24"><span class='ocrx_word' id='word_1_771' title='bbox 349 5477 538 5532; x_wconf 83' lang='grc' dir='ltr'>σματα</span> <span class='ocrx_word' id='word_1_772' title='bbox 584 5462 659 5526; x_wconf 82' lang='grc' dir='ltr'>ὡς</span> <span class='ocrx_word' id='word_1_773' title='bbox 695 5464 766 5516; x_wconf 70' lang='grc' dir='ltr'>τα</span> <span class='ocrx_word' id='word_1_774' title='bbox 804 5461 865 5526; x_wconf 76' lang='grc' dir='ltr'>ἐξ</span> <span class='ocrx_word' id='word_1_775' title='bbox 892 5462 1057 5533; x_wconf 79' lang='grc' dir='ltr'>ἐρίων</span> <span class='ocrx_word' id='word_1_776' title='bbox 1089 5468 1204 5529; x_wconf 88' lang='grc' dir='ltr'>τοῖς</span> <span class='ocrx_word' id='word_1_777' title='bbox 1234 5466 1415 5530; x_wconf 81' lang='grc' dir='ltr'>ἄλλοις</span> <span class='ocrx_word' id='word_1_778' title='bbox 1452 5468 1790 5539; x_wconf 73' lang='grc' dir='ltr'>ἑπινενόητο.</span> <span class='ocrx_word' id='word_1_779' title='bbox 1818 5468 1947 5539; x_wconf 70' lang='grc' dir='ltr'>Περὶ</span> 
     </span>
    </p>
   </div>
   <div class='ocr_carea' id='block_1_112' title="bbox 2052 5461 3655 5544">
    <p class='ocr_par' dir='ltr' id='par_1_112' title="bbox 2064 5467 3655 5544">
     <span class='ocr_line' id='line_1_112' title="bbox 2064 5467 3655 5544; baseline -0.004 -20"><span class='ocrx_word' id='word_1_780' title='bbox 2064 5470 2188 5527; x_wconf 88' lang='lat' dir='ltr'><strong>aliis</strong></span> <span class='ocrx_word' id='word_1_781' title='bbox 2234 5472 2404 5528; x_wconf 71' lang='lat' dir='ltr'><strong>laneas</strong></span> <span class='ocrx_word' id='word_1_782' title='bbox 2470 5473 2629 5544; x_wconf 82' lang='lat'><strong>501</strong></span> <span class='ocrx_word' id='word_1_783' title='bbox 2684 5470 3163 5543; x_wconf 79' lang='lat' dir='ltr'><strong>excogitabantur.</strong></span> <span class='ocrx_word' id='word_1_784' title='bbox 3217 5467 3463 5523; x_wconf 81' lang='lat' dir='ltr'><strong>Aliarum</strong></span> <span class='ocrx_word' id='word_1_785' title='bbox 3522 5478 3655 5518; x_wconf 77' lang='lat' dir='ltr'><strong>rem</strong></span> 
     </span>
    </p>
   </div>
   <div class='ocr_carea' id='block_1_113' title="bbox 1668 5650 2361 5709">
    <p class='ocr_par' dir='ltr' id='par_1_113' title="bbox 1668 5650 2361 5709">
     <span class='ocr_line' id='line_1_113' title="bbox 1668 5650 2361 5709; baseline 0.004 -4"><span class='ocrx_word' id='word_1_786' title='bbox 1668 5650 1904 5706; x_wconf 76' lang='lat' dir='ltr'><strong>VARle</strong></span> <span class='ocrx_word' id='word_1_787' title='bbox 1945 5650 2246 5709; x_wconf 80' lang='lat' dir='ltr'><strong>LECTION</strong></span> <span class='ocrx_word' id='word_1_788' title='bbox 2255 5652 2361 5708; x_wconf 83' lang='lat' dir='ltr'><strong>ES.</strong></span> 
     </span>
    </p>
   </div>
   <div class='ocr_carea' id='block_1_114' title="bbox 447 5767 3653 5846">
    <p class='ocr_par' dir='ltr' id='par_1_114' title="bbox 447 5767 3653 5846">
     <span class='ocr_line' id='line_1_114' title="bbox 447 5767 3653 5846; baseline -0.001 -21"><span class='ocrx_word' id='word_1_789' title='bbox 447 5773 697 5846; x_wconf 38' lang='lat' dir='ltr'><strong>&quot;prditi:</strong></span> <span class='ocrx_word' id='word_1_790' title='bbox 730 5775 791 5846; x_wconf 88' lang='lat' dir='ltr'><strong>A_.</strong></span> <span class='ocrx_word' id='word_1_791' title='bbox 871 5775 916 5808; x_wconf 80' lang='grc'><strong><em>⁵⁵</em></strong></span> <span class='ocrx_word' id='word_1_792' title='bbox 942 5774 1052 5846; x_wconf 75' lang='grc' dir='ltr'><strong>γὰρ</strong></span> <span class='ocrx_word' id='word_1_793' title='bbox 1078 5774 1259 5828; x_wconf 75' lang='grc' dir='ltr'>αὐτῶν</span> <span class='ocrx_word' id='word_1_794' title='bbox 1289 5773 1549 5846; x_wconf 71' lang='grc' dir='ltr'>κινδύνων</span> <span class='ocrx_word' id='word_1_795' title='bbox 1570 5773 1739 5841; x_wconf 65' lang='grc' dir='ltr'>αὐτὴν</span> <span class='ocrx_word' id='word_1_796' title='bbox 1764 5774 1791 5825; x_wconf 85' lang='grc' dir='ltr'>ὁ</span> <span class='ocrx_word' id='word_1_797' title='bbox 1826 5772 1885 5846; x_wconf 66' lang='grc' dir='ltr'>Ρ.</span> <span class='ocrx_word' id='word_1_798' title='bbox 1965 5771 2025 5846; x_wconf 71' lang='lat'><strong>“_</strong></span> <span class='ocrx_word' id='word_1_799' title='bbox 2043 5773 2405 5846; x_wconf 73' lang='grc' dir='ltr'>ἐξηγεῖσθαιῖ</span> <span class='ocrx_word' id='word_1_800' title='bbox 2481 5777 2522 5809; x_wconf 66' lang='grc'><strong>⁸⁷⁷</strong></span> <span class='ocrx_word' id='word_1_801' title='bbox 2547 5772 2704 5845; x_wconf 86' lang='grc' dir='ltr'>ἁγίου</span> <span class='ocrx_word' id='word_1_802' title='bbox 2736 5771 2798 5827; x_wconf 83' lang='lat' dir='ltr'><strong>P.</strong></span> <span class='ocrx_word' id='word_1_803' title='bbox 2897 5772 2941 5806; x_wconf 81' lang='grc'><strong>⁸⁸</strong></span> <span class='ocrx_word' id='word_1_804' title='bbox 2990 5773 3045 5825; x_wconf 81' lang='grc' dir='ltr'>αἱ</span> <span class='ocrx_word' id='word_1_805' title='bbox 3088 5771 3193 5827; x_wconf 90' lang='grc' dir='ltr'><strong>τῶν</strong></span> <span class='ocrx_word' id='word_1_806' title='bbox 3258 5767 3466 5824; x_wconf 72' lang='grc' dir='ltr'>πόλεων</span> <span class='ocrx_word' id='word_1_807' title='bbox 3524 5767 3653 5823; x_wconf 80' lang='grc' dir='ltr'>στά-</span> 
     </span>
    </p>
   </div>
   <div class='ocr_carea' id='block_1_115' title="bbox 356 5841 2052 5919">
    <p class='ocr_par' dir='ltr' id='par_1_115' title="bbox 356 5841 2052 5919">
     <span class='ocr_line' id='line_1_115' title="bbox 356 5841 2052 5919; baseline -0.001 -20"><span class='ocrx_word' id='word_1_808' title='bbox 356 5861 474 5913; x_wconf 52' lang='grc' dir='ltr'>σεις</span> <span class='ocrx_word' id='word_1_809' title='bbox 499 5843 559 5899; x_wconf 80' lang='grc' dir='ltr'>Ρ.</span> <span class='ocrx_word' id='word_1_810' title='bbox 592 5841 599 5843; x_wconf 40' lang='lat'>&#39;</span> <span class='ocrx_word' id='word_1_811' title='bbox 638 5846 683 5878; x_wconf 81' lang='lat'><strong>&quot;</strong></span> <span class='ocrx_word' id='word_1_812' title='bbox 736 5843 901 5919; x_wconf 71' lang='grc' dir='ltr'>Ἰσαῖᾳ</span> <span class='ocrx_word' id='word_1_813' title='bbox 935 5845 997 5900; x_wconf 80' lang='grc' dir='ltr'>Α.</span> <span class='ocrx_word' id='word_1_814' title='bbox 1026 5841 1031 5843; x_wconf 41' lang='grc'>⁷</span> <span class='ocrx_word' id='word_1_815' title='bbox 1076 5848 1122 5879; x_wconf 68' lang='grc' dir='ltr'><strong>⁸ο</strong></span> <span class='ocrx_word' id='word_1_816' title='bbox 1156 5846 1230 5910; x_wconf 79' lang='grc' dir='ltr'><strong>ὡς</strong></span> <span class='ocrx_word' id='word_1_817' title='bbox 1265 5861 1373 5901; x_wconf 86' lang='lat' dir='ltr'><strong>om.</strong></span> <span class='ocrx_word' id='word_1_818' title='bbox 1404 5844 1465 5899; x_wconf 81' lang='grc' dir='ltr'>Α.</span> <span class='ocrx_word' id='word_1_819' title='bbox 1546 5846 1585 5876; x_wconf 71' lang='grc' dir='ltr'>θ’</span> <span class='ocrx_word' id='word_1_820' title='bbox 1622 5842 1963 5914; x_wconf 78' lang='grc' dir='ltr'>ποιουμένων</span> <span class='ocrx_word' id='word_1_821' title='bbox 1992 5841 2052 5898; x_wconf 88' lang='grc' dir='ltr'>Ρ.</span> 
     </span>
    </p>
   </div>
  </div>
