4094 6430
461 336 571 402 με

1704 341 2048 407 JOANNES
2086 341 2527 409 CAMENIATA

3638 344 3749 408 544

453 448 664 506 nostris
699 450 1140 518 ambulabamus,
1170 452 1238 509 ad
1295 454 1483 510 omnia
1539 456 1775 514 licenter
1826 458 2040 514 scelera

2155 460 2452 533 χωροῦντες
2480 460 2575 515 καὶ
2626 458 2726 529 τῆς
2757 458 2893 531 πρὸς
2926 458 3130 532 ἀρετὴν
3162 430 3420 530 ¹ἀγούσης
3468 460 3749 531 μηδεμίαν

452 552 863 612 procurrentes,
898 550 954 598 et
995 544 1142 599 viam
1170 561 1295 617 qua:
1327 545 1397 602 ad
1425 547 1687 604 virtutem
1739 548 1905 605 ducat
1945 564 2047 620 pro

454 634 630 687 nihilo
662 634 950 691 habentes.

526 726 689 798 505
724 728 815 784 15.
847 727 1006 796 Quod
1036 730 1183 786 enim
1225 733 1451 788 malitia:
1502 749 1699 805 genus.
1743 743 1803 791 ut
1848 751 2043 793 verum

450 818 726 884 dicamus,
750 820 805 874 in
843 822 1005 877 nobis
1039 838 1148 877 non
1173 826 1575 881 exercebatur?
1603 825 2042 896 Fornicationes,

451 912 748 977 adulteria,
783 914 1168 983 immunditiaa,
1198 917 1345 984 odia,
1373 920 1679 986 mendacia,
1704 920 1869 985 furta,
1894 922 2043 990 lites,

450 1006 865 1073 contentiones,
898 1008 1173 1072 convicia,
1209 1010 1324 1075 irae,
1362 1012 1589 1081 rapinae,
1625 1013 1912 1084 injustitite
1938 1034 1955 1084 ;
1985 1026 2042 1070 et

453 1097 727 1152 malorum
752 1098 1000 1153 omnium
1030 1114 1218 1165 causa,
1249 1099 1577 1169 invidentia,
1605 1117 1901 1160 commune
1926 1120 2045 1160 om-

452 1190 606 1244 nium
643 1190 887 1245 studium
921 1199 974 1245 et
1007 1192 1390 1261 quotidianum
1426 1204 1595 1264 atque
1636 1194 1879 1253 forensis
1930 1213 2045 1253 me-

452 1279 651 1335 ditatio
688 1291 830 1337 erat.
865 1280 1056 1353 Neque
1084 1283 1232 1339 enim
1272 1283 1417 1340 ullus
1446 1294 1701 1342 nostrum
1746 1289 1851 1343 hoc
1889 1296 2044 1344 sata-

454 1374 710 1442 gebatut
746 1375 817 1430 de
866 1376 1120 1446 proximo
1152 1376 1293 1432 bene
1342 1387 1675 1446 mereretur,
1717 1382 1814 1437 sed
1855 1391 1915 1437 ut
1963 1383 2042 1438 illi

455 1465 692 1521 invisum
726 1467 935 1537 aliquid
969 1468 1287 1540 malumque
1330 1470 1565 1527 inferret
1594 1474 1792 1538 stolide
1828 1476 2042 1530 machi-

452 1557 710 1615 nabatur.
751 1558 864 1614 Nec
897 1570 956 1613 ut
989 1576 1054 1615 ex
1082 1576 1185 1618 suo
1231 1564 1412 1633 egenti
1463 1565 1752 1631 tribueret,
1809 1567 2043 1639 implens

449 1651 595 1717 quod
635 1650 1033 1707 misericordiae
1063 1661 1169 1719 est,
1204 1655 1389 1709 animo
1419 1658 1729 1726 reputabat,
1758 1661 1852 1713 sed
1890 1669 1947 1714 ut
1976 1661 2044 1716 de

449 1740 631 1795 alieno
661 1743 1027 1799 substantiam
1068 1756 1312 1816 angeret,
1344 1748 1640 1817 gentilibus
1680 1751 1796 1806 suis
1829 1768 2038 1823 pugna-

2151 552 2469 623 ποιούμενοι
2499 550 2845 622 ἐπιμέλειαν.

2220 730 2309 801 ιγ’.
2326 732 2485 786 Ποῖον
2502 730 2609 801 γὰρ
2633 725 2774 795 εἶδος
2790 730 3014 794 κακίας,
3036 732 3085 784 εί
3103 730 3188 785 δεῖ
3212 729 3448 801 τάληθὲς
3469 732 3669 798 εἰπεῖν,
3690 732 3753 785 ἐν

2146 823 2279 893 ἡμῖν
2299 823 2400 877 οὐκ
2424 823 2730 892 ἐπράττετο
2751 841 2764 887 ;
2787 825 3064 894 Πορνεῖαι,
3093 826 3357 895 μοιχεῖαι,
3377 822 3751 899 ἀκαθαρσίαι,

2152 917 2307 986 μίση,
2337 914 2530 984 ψεύδη,
2560 914 2784 980 κλοπαὶ,
2824 914 3025 987 ἔριδες,
3057 915 3409 985 φιλονεικίαι,
3461 916 3751 987 λοιδορίαι,

2149 1006 2339 1076 θυμοὶ,
2374 1006 2704 1073 πλεονεξίαι,
2726 1007 2952 1061 ἀδικίαι·
2981 1007 3073 1060 καὶ
3103 1010 3130 1061 ὁ
3160 1008 3404 1077 ἀρχηγὸς
3427 1007 3534 1059 τῶν
3559 1007 3756 1060 κακῶν

2149 1097 2348 1167 φθόνος
2379 1099 2559 1153 κοινὸν
2582 1099 2947 1171 ἐμμελέτημα
2971 1100 3094 1153 καθ’
3126 1101 3298 1155 ἐκάστ
3310 1119 3369 1171 ην
3397 1103 3445 1133 ⁷⁸
3474 1102 3570 1154 καὶ
3618 1103 3757 1169 ἁγο-

2151 1193 2302 1260 ραῖον
2324 1184 2412 1261 ἦν.
2438 1192 2514 1244 Οὐ
2538 1191 2648 1262 γὰρ
2668 1192 2816 1255 ὅστις
2835 1193 2992 1262 ἡμῶν
3012 1191 3088 1263 τῷ
3105 1193 3333 1264 πλησίον
3353 1193 3548 1265 πράξει
3567 1194 3755 1259 καλῶς

2145 1284 2237 1338 διὰ
2274 1283 2516 1354 σπουδῆς
2553 1279 2722 1354 εἶχεν,
2748 1284 2863 1337 ἀλλ’
2906 1284 3057 1350 ὅστις
3089 1284 3239 1355 αύτῷ
3281 1286 3392 1340 τῶν
3427 1286 3752 1357 ἀϐουλήτων

2147 1372 2471 1441 ἐπενεγκεῖν
2498 1391 2552 1427 τι
2596 1374 2984 1445 φρενοϐλαϐῶς
3020 1376 3395 1429 ἐτεκταίνετο·
3452 1377 3562 1430 οὐδ’
3597 1378 3757 1441 ὅστις

2147 1466 2212 1517 ἐκ
2247 1463 2343 1517 τοῦ
2377 1465 2583 1518 οἰκείου
2617 1465 2941 1535 μεταδοῦναι
2974 1466 3052 1539 τῷ
3086 1466 3345 1538 χρῄζοντι
3376 1469 3435 1521 τὸ
3463 1469 3757 1539 συμπαθὲς

2146 1556 2376 1627 πληρῶν
2400 1556 2753 1627 ἐϐεϐούλητο,
2782 1557 2898 1610 ἀλλ’
2925 1559 3078 1622 ὅστις
3112 1561 3176 1612 ἐκ
3216 1559 3312 1612 τοῦ
3366 1561 3653 1629 ἀλλοτρίου
3690 1563 3753 1616 τὸ

2146 1652 2347 1703 οἰκεῖον
2392 1650 2689 1704 πλεονάσαι
2727 1650 2867 1721 πρὸς
2899 1652 2992 1703 τὸν
3045 1652 3091 1683 ⁷³
3122 1651 3395 1721 ὁμόφυλον
3434 1652 3756 1724 διεμάχετο,

2149 1742 2273 1795 κατ’
2308 1738 2559 1811 ἀλλήλων
2605 1741 3047 1811 εἰρωνευόμενοι,
3086 1741 3356 1813 ἀλλήλους
3396 1743 3754 1815 πλήττοντες,

450 1832 563 1895 bat,
600 1847 725 1887 cum
759 1849 818 1889 se
850 1834 1088 1891 invicem
1115 1838 1457 1905 deriderent,
1496 1853 1692 1897 mutuo
1744 1845 2038 1914 caederent,

2155 1832 2418 1903 ἀλλήλους
2456 1831 2843 1896 διαϐάλλοντες
2883 1833 2952 1900 ⁸ο,
2975 1835 3085 1888 πᾶν
3106 1834 3288 1889 ὁτιοῦν
3321 1834 3494 1888 κακὸν
3527 1837 3585 1888 ἐν
3625 1838 3759 1889 ἐαυ-

451 1926 590 1980 alter
617 1926 771 1981 alteri
804 1927 1143 1983 calumniam
1180 1937 1419 1987 strueret
1451 1947 1515 1986 ac
1550 1934 1889 2002 detraheret,
1922 1940 2041 1993 nul-

450 2018 564 2072 lum
602 2034 710 2074 non
745 2021 948 2075 malum
984 2035 1172 2077 secum
1218 2024 1326 2094 ipsi
1360 2026 1758 2097 excogitarent,
1802 2032 2040 2101 pupillos

452 2110 811 2179 snﬂ‘ocarent,
846 2113 1138 2169 viduarum
1173 2114 1313 2172 lines
1341 2117 1685 2187 invaderent,
1723 2123 2042 2183 inimicitias

450 2211 752 2261 necterent.
791 2206 1085 2264 Enimvero
1114 2210 1240 2279 quis
1271 2212 1475 2267 horum
1528 2216 1777 2270 omnium
1814 2218 2044 2274 exitus?

449 2297 659 2368 Torpet
691 2300 909 2356 animus
931 2316 1229 2373 rerumque
1254 2306 1616 2375 magnitudini
1642 2308 1885 2379 linguam
1917 2310 2045 2380 inji-

449 2407 578 2447 cere
598 2392 826 2461 horret;
859 2409 963 2449 nec
989 2410 1187 2451 rursus
1218 2397 1513 2465 malorum,
1546 2399 1751 2469 quibus
1772 2401 1885 2469 jam
1918 2418 2044 2472 per-

450 2483 631 2538 functi
655 2500 872 2550 sumus,
897 2485 1223 2541 meminisse
1252 2488 1623 2543 sustinebam.
1675 2489 1817 2555 Quia
1858 2499 2042 2547 tamen

453 2573 571 2629 fleri
603 2589 715 2629 non
750 2583 934 2645 potest
959 2584 1018 2630 ut
1045 2576 1360 2633 istiusmodi
1412 2580 1800 2635 narrationum
1840 2598 2046 2637 memo-

450 2665 593 2720 riam
620 2664 881 2735 vitemus,
924 2682 1032 2737 qua
1070 2662 1284 2725 ratione
1328 2684 1470 2724 nova
1507 2672 1756 2740 quaedam
1786 2688 1847 2727 ac
1880 2674 2045 2728 terri-

452 2757 583 2811 bilis
617 2766 863 2813 narratio
892 2760 1099 2815 mundo
1130 2761 1309 2816 relicti
1364 2776 1580 2827 sumus,
1646 2764 1880 2833 periculi
1929 2782 2047 2821 ma-

451 2849 792 2917 gnitudinem
827 2860 1157 2908 narraturus
1181 2853 1411 2920 accedo,
1440 2862 1501 2909 ut
1525 2862 1579 2908 et
1602 2854 1717 2924 ipse
1742 2870 2046 2927 cognoscas

450 2957 701 3013 quamam
734 2945 847 3000 sint
906 2947 1118 3015 peccati
1155 2947 1383 3003 obsonia
1412 2956 1577 3015 atque
1610 2949 1832 3019 praemia
1864 2949 2038 3022 (Rom.

448 3048 526 3098 Vt,
552 3034 823 3106 23).Cum
854 3039 999 3092 enim
1037 3039 1167 3093 luxu
1216 3039 1414 3109 perditi
1456 3056 1727 3106 essemus,
1756 3043 2041 3113 voluptate

453 3126 892 3197 liquesceremus
922 3145 986 3185 ac
1010 3131 1242 3186 mollitie
1266 3129 1589 3198 ﬂueremus,
1621 3133 1894 3203 malisque
1924 3149 2042 3189 om-

2151 1928 2264 1989 τοῖς
2291 1924 2726 1995 ἐξευρίσκοντες,
2754 1925 3336 1997 ὁρφανοὺς’ἀγχοντες,
3371 1926 3538 1997 ὁρίοις
3562 1929 3755 1999 χηρῶν

2152 2015 2602 2086 ἐπεμϐαίνοντες,
2664 2014 2867 2087 ἔχθρας
2915 2016 3301 2081 συνάπτοντες.
3361 2019 3476 2073 Καὶ
3510 2019 3562 2073 τί
3593 2020 3658 2090 δὴ
3688 2019 3755 2073 τὸ

2152 2107 2305 2170 τέλος
2335 2107 2543 2159 τούτων
2570 2104 2863 2173 ἀπάντων;
2914 2106 3090 2160 Ὀκνῶ
3132 2108 3232 2179 μὲν
3256 2108 3355 2178 τὴν
3387 2108 3639 2177 γλῶτταν
3676 2111 3756 2182 τῷ

2156 2201 2378 2273 μεγέθει
2412 2199 2521 2253 τῶν
2550 2198 2897 2268 πραγμάτων
2929 2202 3249 2270 ἐπαφιέναι,
3281 2203 3377 2256 καὶ
3408 2203 3508 2256 οὐκ
3538 2202 3604 2256 ἂν
3656 2206 3759 2274 ὴν-

2152 2297 2395 2369 εσχὸμην
2419 2298 2528 2351 τῶν
2574 2297 2844 2366 ἀλγεινῶν
2877 2294 3102 2349 ἐκείνων
3139 2288 3214 2348 ὧν
3246 2296 3346 2367 ἤδη
3395 2295 3759 2367 πεπόνθαμεν

2153 2393 2249 2446 καὶ
2279 2391 2440 2445 πάλιν
2476 2390 2924 2461 ἐπιμνησθῆναι·
2960 2388 3075 2442 ἀλλ’
3119 2388 3310 2459 ἐπειδὴ
3342 2388 3449 2442 τῶν
3490 2390 3762 2446 τοιούτων

2152 2482 2513 2553 διηγημάτων
2536 2482 2637 2535 οὐκ
2666 2480 2813 2533 ἔστιν
2843 2480 2993 2543 ὅπως
3022 2478 3348 2533 ύπεκκλῖναι
3374 2480 3470 2550 τὴν
3502 2482 3756 2553 μνήμην,

2152 2575 2220 2630 δι’
2252 2569 2327 2630 ὧν
2364 2575 2442 2646 τῷ
2476 2575 2574 2644 βίῳ
2606 2573 2793 2627 καινόν
2846 2591 2898 2626 τι
2926 2571 3021 2625 καὶ
3057 2572 3289 2641 φοϐερδν
3340 2572 3759 2644 ύπελείφθημεν

2153 2668 2430 2737 ἄκουσμα,
2465 2666 2636 2731 λέξων
2673 2665 2909 2736 ἔρχομαι
2952 2663 3047 2717 τοῦ
3099 2663 3351 2719 κινδύνου
3389 2664 3448 2718 τὸ
3496 2664 3751 2735 μέγεθος,

2155 2762 2224 2815 ἵν’
2250 2761 2399 2831 είδῇς
2421 2758 2517 2812 καὶ
2541 2757 2703 2819 adeo;
2734 2758 2898 2836 ὁποῖα
2932 2757 3030 2828 τῆς
3063 2756 3345 2829 ἁμαρτίας
3381 2757 3492 2809 είσλ⁵
3517 2758 3581 2810 τὰ
3604 2757 3750 2826 ὀψώ-

2154 2874 2263 2910 νια.
2305 2854 2393 2906 Ἐν
2424 2851 2534 2923 ὅσῳ
2565 2851 2671 2921 γὰρ
2714 2848 3062 2920 ὲτρυφῶμεν,
3120 2852 3176 2902 ὲν
3208 2849 3318 2918 ὅσῳ
3354 2851 3748 2919 ἐσπαταλῶμεν

2156 2944 2252 3000 καὶ
2276 2946 2445 2998 πᾶσιν
2474 2943 2701 3003 ἀτόποις
2732 2940 2997 3011 διεζῶμεν
3019 2939 3474 3010 ἐπιτηδεύμασιν,
3497 2942 3583 2994 ὅτε
3613 2942 3755 2995 κατὰ

2154 3041 2215 3094 τὸ
2236 3037 2527 3109 ψαλμικῶς
2558 3034 2718 3107 ῥηθὲν
2750 3032 2974 3098 πάντες
2990 3032 3337 3100 ἐξέκλιναν,
3360 3034 3479 3102 ἅμα
3506 3034 3759 3104 ἠχρειὼ-

2157 3136 2378 3199 θησαν,
2418 3129 2517 3185 καί
2550 3129 2663 3182 οὐκ
2687 3120 2768 3198 ἦν
2793 3129 2826 3181 ό
2863 3123 3123 3194 ἐκζητῶν
3166 3126 3275 3179 τὸν
3306 3128 3475 3191 Θεὸν,
3502 3128 3623 3180 τότε
3650 3129 3757 3199 τῆς

453 3220 620 3277 nibus
662 3221 931 3278 institutis
960 3223 1128 3279 vitam
1156 3224 1486 3281 duceremus
1513 3243 1528 3293 ;
1558 3243 1705 3291 cum,
1750 3238 1807 3283 ut
1832 3227 2045 3287 Psaltcs

2155 3196 2392 3296 φοϐερᾶς
2429 3221 2645 3291 ἐκείνης
2697 3196 3074 3291 ἐπειράθημεν
3130 3219 3381 3289 ἀπειλῆς,
3435 3220 3639 3290 μᾶλλον
3694 3196 3758 3274 δὲ

450 3313 693 3369 concinit
719 3314 895 3385 (Psal.
938 3330 1059 3381 xm,
1086 3315 1174 3386 5),
1205 3331 1399 3374 omnes
1430 3317 1825 3385 declinassent,
1868 3323 2032 3377 simul

452 3401 677 3461 inutiles
701 3405 828 3461 facti
861 3417 1066 3474 essent,
1089 3423 1190 3464 nec
1214 3417 1362 3466 esset
1382 3411 1475 3480 qui
1510 3410 1677 3466 Deum
1705 3416 2031 3484 requireret,

2151 3314 2563 3388 καταστροφῆς,
2599 3312 2667 3367 ἵν’
2689 3312 3021 3385 οἰκειότερον
3051 3309 3214 3378 εἴπω,
3255 3309 3287 3383 ἢ
3318 3309 3537 3375 δικαίας
3584 3311 3764 3365 ἀνταο

2145 3415 2437 3474 ποδὸσεως.

453 3494 769 3567 506mm
797 3500 1141 3554 tremendum
1177 3500 1312 3557 illud
1360 3503 1662 3583 minarum.
1685 3506 1905 3580 pondus
1943 3524 2045 3580 exp

2155 3521 2406 3573 sumus,
2436 3502 2568 3574 quin
2594 3500 2729 3563 imo,
2802 3506 2861 3552 ut
2922 3496 3110 3553 verius
3172 3496 3377 3563 dicam,
3445 3498 3766 3553 eversionis

452 3604 552 3644 seu
570 3590 734 3659 justaa
760 3592 1161 3650 retributionis.

528 3681 613 3737 14.
656 3681 722 3736 Ει
753 3683 1041 3739 considera
1070 3685 1160 3743 hic
1201 3702 1422 3759 quoque
1476 3688 1574 3745 Dei
1624 3690 2047 3759 humanitatem,

454 3774 548 3844 qui
577 3776 842 3853 nonvult
886 3785 1119 3834 mortem
1151 3783 1489 3849 peccatoris,
1529 3783 1624 3839 sed
1656 3795 1715 3838 ut
1753 3797 2047 3842 converta-

454 3873 547 3917 tur
576 3871 629 3919 et
657 3864 805 3920 vivat
859 3864 1079 3938 (Ezech.
1110 3886 1306 3937 xxxur,
1335 3871 1459 3943 ll).
1504 3872 1644 3929 Cum
1686 3876 1834 3932 enim
1882 3879 2051 3935 sciret

456 3957 757 4028 projectam
790 3960 1362 4034 scelestissimamque
1394 3966 1563 4022 animi
1589 3970 1766 4023 nostri
1801 3969 1869 4025 ad
1904 3970 2047 4025 mala

456 4047 815 4115 pronitatem,
861 4049 995 4121 quid
1044 4051 1396 4108 machinatur
1443 4069 1509 4109 ac
1561 4055 1778 4110 consilii
1832 4056 1955 4125 init,
1989 4064 2050 4111 ut

455 4140 728 4207 perditum
761 4140 916 4197 illum
954 4141 1195 4199 furorem
1221 4145 1468 4202 inhibeat
1513 4156 1568 4203 et
1605 4148 1674 4203 ad
1729 4150 2048 4205 conversio-

458 4247 580 4285 nem
616 4231 843 4287 inducat
878 4233 903 4287 ἲ
930 4232 1177 4291 Primum
1207 4238 1454 4308 quidem,
1483 4255 1606 4311 quae
1635 4240 1783 4295 dicta
1816 4256 1846 4295 a
1885 4242 2048 4298 nobis

454 4335 559 4386 est,
595 4320 955 4393 Berrbocam,
982 4325 1177 4383 urbem
1210 4327 1525 4394 finitimam,
1548 4345 1672 4384 cum
1706 4337 1822 4384 tota
1844 4331 2048 4387 vicinia

457 4425 779 4473 terraemotu
848 4419 1157 4488 quassavit,
1207 4420 1346 4475 adeo
1378 4430 1437 4475 ut
1475 4420 1630 4475 multi
1683 4437 1750 4477 eo
1796 4424 2047 4493 oppressi

2237 3687 2321 3741 ιδ’.
2348 3685 2461 3740 Καὶ
2502 3684 2697 3738 σκόπει
2750 3680 3035 3736 κάνταῦθα
3071 3681 3167 3734 τοῦ
3206 3679 3344 3733 Θεοῦ
3375 3680 3416 3713 ⁸¹
3452 3679 3512 3733 τὸ
3570 3680 3771 3750 φιλάν-

2162 3781 2406 3853 θρωπον,
2436 3777 2531 3833 τοῦ
2570 3777 2647 3847 μὴ
2678 3774 3006 3847 βουλομένου
3060 3773 3152 3827 τὸν
3183 3773 3420 3828 θάνατον
3451 3773 3542 3827 τοῦ
3575 3774 3770 3845 ἀμαρ-

2154 3872 2355 3937 τωλοῦ,
2383 3873 2459 3934 ὠς
2484 3870 2545 3923 τὸ
2577 3866 2911 3939 ἐπιστρέψαι
2946 3866 3041 3921 καὶ
3088 3866 3189 3938 ζῇν
3215 3866 3401 3921 αὐτόν.
3450 3865 3619 3929 Εἰδὼς
3650 3868 3765 3938 γὰρ

2149 3969 2211 4023 τὸ
2235 3965 2545 4022 ἀκάθεκτον
2570 3963 2665 4018 καὶ
2692 3961 2972 4033 μοχθηρὸν
2999 3961 3095 4031 τῆς
3123 3960 3353 4031 γνώμης
3381 3960 3539 4031 ἡμῶν
3566 3961 3661 4014 ἐπὶ
3690 3961 3770 4013 τὰ

2155 4058 2391 4129 πονηρὰ,
2448 4056 2502 4110 τί
2538 4055 2852 4127 μηχανᾶται
2893 4053 3031 4123 πρὸς
3060 4052 3120 4108 τὸ
3156 4052 3255 4124 τὴν
3304 4053 3483 4125 ὁρμὴν
3509 4053 3768 4123 ἐπισχεῖν

2159 4149 2392 4225 [R1529]
2426 4149 2527 4219 τῆς
2552 4146 2751 4211 κακίας
2792 4145 2886 4199 καὶ
2922 4145 3263 4216 ἐπιστροφῆς
3295 4144 3454 4216 ἡμῶν
3496 4144 3763 4214 ἐμὸαλεῖν

2158 4246 2377 4311 αἰτίαν;
2408 4244 2634 4314 Πρῶτον
2672 4240 2773 4313 μὲν
2805 4240 2906 4311 τὴν
2956 4241 3058 4311 ἤδη
3094 4238 3382 4311 λεχθεῖσαν
3414 4240 3627 4309 γείτονα
3661 4240 3769 4293 πό-

2159 4338 2265 4403 λιν,
2290 4338 2389 4409 τὴν
2410 4337 2678 4409 Βέρῤοιαν
2701 4334 2865 4401 λέγω,
2906 4333 3438 4403 ἐπικατασεισθῆναι
3488 4333 3764 4405 πεποίηκε

2158 4432 2271 4492 τοῖς
2297 4427 2601 4499 περιοίκοις
2634 4424 2711 4486 ὼς
2742 4422 2969 4485 πολλοὺς
2995 4420 3041 4451 ⁸²
3073 4422 3182 4475 τῶν
3212 4423 3393 4475 ἐκεῖσε
3427 4421 3767 4492 συλληφθέν-

458 4511 749 4577 perierint.
784 4512 927 4577 Quid
970 4512 1098 4567 inde
1142 4511 1445 4580 disponens
1494 4529 1558 4569 ac
1594 4517 1943 4585 procurans?
1974 4517 2045 4573 Ut

2155 4540 2260 4575 των
2281 4517 2643 4584 ἐξαναλῶσαι,
2663 4516 2713 4569 τί
2734 4514 3106 4583 διοικούμενος
3137 4516 3200 4602 ἐκ
3225 4514 3415 4568 τούτου
3437 4533 3450 4582 ;
3478 4516 3575 4567 ”Ῑν’
3594 4518 3767 4586 ἡμεῖς

460 4617 563 4657 nos
585 4601 823 4668 scilicet,
857 4602 1129 4658 malorum
1174 4602 1365 4661 divina
1407 4606 1618 4662 ultione
1650 4607 1775 4663 aliis
1807 4606 2045 4663 inﬂicto-

458 4709 582 4748 rum
617 4712 781 4751 sensu
821 4704 1102 4767 percepto,
1143 4699 1365 4754 tandem
1412 4700 1713 4771 aliquando
1745 4717 1773 4755 a
1808 4704 2052 4772 propriis

460 4788 567 4857 ipsi
602 4790 764 4846 malis
810 4790 1218 4847 abstineremus
1254 4802 1544 4865 laetusque
1590 4804 1812 4851 nostros
1846 4798 1912 4850 ad
1948 4795 2056 4850 vir-

460 4888 634 4935 tutem
675 4879 1063 4953 dirigerentus.
1099 4882 1331 4951 Deinde,
1375 4887 1503 4956 quia
1564 4902 1633 4943 ne
1681 4887 1774 4942 illo
1828 4888 2048 4959 quidem

458 4988 594 5029 casu
618 4975 685 5030 de
714 4977 883 5032 veteri
908 4977 1128 5048 vigente
1158 4979 1213 5034 in
1247 4979 1413 5035 nobis
1450 4980 1852 5035 consuetudine
1885 4980 2051 5050 quid-

458 5082 625 5135 quam
663 5078 1071 5136 remtseramus,
1092 5069 1159 5124 ad
1193 5069 1339 5124 aliud
1370 5070 1639 5124 machinae
1670 5086 1841 5141 genus
1862 5078 2052 5125 trans-

460 5158 525 5222 it,
562 5160 617 5214 in
646 5160 770 5216 aliis
799 5168 924 5217 ante
951 5163 1227 5233 specimen
1251 5162 1420 5218 edens
1442 5162 1564 5233 ejus
1581 5163 1915 5220 calamitatis
1938 5177 2061 5233 quin

462 5256 621 5311 nobis
654 5255 790 5325 ipsis
829 5256 1136 5310 obventura
1165 5264 1335 5321 esset,
1364 5255 1492 5310 dum
1529 5256 1677 5309 nulla
1710 5255 2055 5326 paenitudine

462 5362 843 5418 peecaremus.
880 5345 1185 5400 Demetrias
1217 5361 1453 5415 namque
1483 5346 1565 5401 sic
1597 5347 1771 5414 dicta,
1825 5345 2057 5401 Graeciaa

464 5441 569 5493 alia
604 5440 757 5506 urbs,
788 5439 935 5493 haud
968 5440 1128 5510 longe
1156 5454 1186 5492 a
1230 5439 1393 5494 nobis
1426 5439 1647 5505 dissita,
1676 5448 1793 5493 tum
1836 5440 2055 5493 accola-

464 5548 588 5587 rum
626 5532 969 5604 frequentia,
1007 5540 1124 5587 tum
1153 5532 1321 5589 rebus
1366 5533 1513 5600 aliis,
1540 5532 1741 5603 quibus
1768 5531 1935 5586 urbes
1969 5530 2052 5583 al-

466 5630 579 5674 lum
614 5639 808 5694 sapere
838 5639 903 5681 ac
929 5623 1154 5695 gloriari
1212 5624 1413 5692 solent,
1443 5638 1614 5693 supra
1646 5622 1912 5678 ﬁnitimas
1944 5621 2051 5675 alte

2154 4616 2372 4676 πάντως
2398 4614 2507 4665 τῶν
2539 4610 2753 4681 ἑτέροις
2788 4590 3201 4679 ἀπειλουμένωῦ
3238 4608 3338 4673 τὴν
3364 4608 3618 4677 αἴσθησιν
3661 4609 3765 4661 λα-

2156 4706 2367 4770 ϐόντες,
2390 4704 2499 4758 τῶν
2533 4703 2677 4756 ἰδίων
2704 4701 2893 4757 κακῶν
2924 4701 3138 4771 ἀποχὴν
3173 4701 3272 4754 κᾶν
3308 4700 3407 4770 ὁψὲ
3441 4701 3572 4769 γοῦν
3599 4720 3767 4774 ποιη-

2160 4798 2386 4869 σώμεθα
2444 4796 2539 4850 καὶ¹
2586 4794 2723 4863 πρὸς
2784 4794 2986 4862 ἀρετὴν
3016 4792 3114 4855 τὰς
3164 4792 3397 4861 πράξεις
3461 4793 3763 4864 ἰθύνωμεν.

2166 4889 2299 4946 Εἶτα
2326 4890 2512 4961 ἐπειδὴ
2550 4888 2742 4942 τούτου
2794 4884 3090 4955 γενομένου
3127 4888 3228 4937 οὐκ
3257 4885 3611 4955 ἐνεδώκαμεν
3661 4887 3767 4957 τῆς

2161 4970 2474 5055 κρατούσης
2505 4983 2563 5035 ἐν
2611 4982 2746 5051 ἡμῖν
2790 4978 3029 5040 παλαιᾶς
3074 4976 3386 5047 συνηθείας,
3433 4978 3518 5045 ἐφ’
3566 4980 3761 5051 ἕτερον

2162 5072 2302 5138 εἶδος
2334 5072 2586 5144 μηχανῆς
2620 5067 2972 5141 μεταϐαίνει,
2996 5067 3093 5122 καὶ
3116 5068 3213 5138 τὴν
3243 5070 3376 5139 ἡμῖν
3429 5070 3614 5134 αὐτοῖς
3640 5072 3760 5124 ἔσε-

2165 5164 2291 5218 σΟαι
2325 5164 2629 5233 μέλλουσαν
2663 5160 3062 5231 ἀμεταμέλητα
3120 5160 3421 5230 πράττουσι
3468 5166 3760 5235 συμφορὰν

2167 5256 2225 5307 ἐν
2280 5253 2461 5317 ἄλλοις
2498 5252 2920 5324 προῦποεείξας.
2972 5253 3297 5322 Δημητριάς
3338 5253 3447 5324 γὰρ
3483 5254 3627 5309 οὕτω
3661 5274 3763 5309 κα..

2165 5344 2404 5415 λουμένη
2436 5346 2533 5414 τῆς
2571 5344 2822 5406 Ἑλλάδος
2856 5341 3028 5414 ἑτέρα
3072 5344 3249 5410 πόλις,
3274 5345 3334 5397 οὐ
3363 5346 3579 5417 μακράν
3603 5349 3762 5418 ἡμῶν

2166 5436 2553 5507 ἀπῳκισμένη,
2583 5435 2765 5506 πολλῷ
2796 5434 2990 5505 πλήθει
3020 5434 3131 5487 τῶν
3167 5436 3470 5507 οἰκητόρων
3515 5441 3611 5491 καὶ
3652 5444 3762 5503 τοῖς

2168 5528 2348 5593 ἄλλοις
2377 5527 2457 5594 οἷς
2483 5530 2625 5599 μέγα
2648 5526 2963 5598 καυχῶνται
2994 5526 3179 5590 πόλεις
3200 5528 3312 5581 τῶν
3339 5530 3567 5597 ἔγγιστα
3593 5532 3765 5603 ὑπερ-

2159 5622 2426 5692 αιρομένη
2454 5621 2523 5687 ",
2552 5623 2612 5674 οὐ
2638 5621 2745 5693 πρὸ
2779 5618 2972 5672 πολλοῦ
3002 5620 3099 5689 τῆς
3128 5620 3161 5691 ή
3172 5619 3289 5689 μῶν
3313 5620 3567 5685 ἁλώσεως
3592 5622 3755 5693 ἔργον

1786 5713 2016 5769 ἾΛΒΙᾸΕ
2054 5712 2460 5769 LECTIONES.

540 5805 584 5836 τ’
614 5807 838 5861 ἕκαστον
863 5808 920 5863 Ρ.
984 5811 1025 5841 ⁷³
1060 5806 1172 5880 τὸν]
1202 5809 1258 5863 ab
1284 5808 1344 5865 l".
1416 5810 1460 5842 ⁸ο
1490 5808 1924 5870 ὲνδιαδσίλλοντες
1952 5805 2015 5861 Α.
2095 5806 2133 5837 θ’
2181 5805 2237 5860 τὸ
2271 5803 2359 5859 τοῦ
2392 5802 2526 5859 Θεοῦ
2559 5804 2618 5859 Ρ.
2700 5804 2741 5835 ⁸³
2778 5802 2981 5857 πολλῶν
3010 5801 3067 5859 Ρ.
3097 5801 3139 5831 ⁸³
3172 5802 3615 5875 ὑπεραίρει-,μέλη
3648 5803 3751 5858 ΑΡ.
