4094 6412
324 318 434 383 545

1389 318 1486 379 DE
1518 318 1835 379 EXCIDIO
1871 319 2485 381 THESSALONICEE.

3486 318 3596 386 546

319 430 541 496 ἐγένετο
569 426 679 480 τῶν
736 424 1059 499 Βαρϐάρων.
1098 425 1534 498 Πολιορκηθεῖσα
1572 427 1682 496 γάρ
1720 427 1797 490 ὡς
1827 444 1903 498 μι-

2020 430 2378 500 supercilium
2411 430 2634 497 tollens,
2668 430 2814 486 haud
2850 432 3023 489 multo
3049 439 3177 490 ante
3209 442 3415 490 nostra:
3443 439 3596 492 urbis

318 521 457 591 κροῦ
504 520 617 573 δεῖν
649 519 871 574 πάντων
904 520 950 551 ⁸⁸
979 519 1091 573 τῶν
1121 520 1214 572 ὑπ’
1239 520 1408 591 αὐτὴν
1441 521 1500 572 ἐν
1529 520 1779 591 μαχαίρᾳ
1810 538 1910 572 πε-

318 616 457 677 σεῖν,
484 613 639 666 οὐδὲν
666 612 753 665 ἒτε
764 629 855 682 ρον
885 614 1117 683 παρεῖχε
1160 614 1301 664 νοεῖν
1322 611 1359 680 ἢ
1388 615 1499 674 τοῖς
1539 613 1730 675 κακοῖς
1758 614 1911 683 ἡμᾶς

314 706 687 777 ἐπιμένοντας
715 704 816 775 τὴν
848 704 1044 774 ὁμοίαν
1071 706 1271 774 πεῖραν
1305 703 1411 757 τῶν
1433 704 1781 774 πραγμάτων
1816 706 1910 757 ἐκ-

309 797 569 867 δέχεσθαι
602 797 695 851 καὶ
735 795 992 868 καθάπερ
1025 797 1105 859 είς
1161 795 1406 866 ἔμψυχον
1437 796 1640 867 στήλην
1673 797 1732 849 ἐν
1766 797 1907 868 αὐτῇ

306 890 385 944 τὰ
414 889 880 961 κεχρεωστημένα
908 891 1045 960 ἡμῖν
1078 886 1479 957 ἀναγινώσκειν
1506 887 1832 958 παθήματα.

386 1156 471 1214 ιε’.
512 1159 674 1213 Ἀλλά
707 1158 900 1229 μηδεὶς
930 1157 1372 1229 ἀποφαινόμενον
1415 1175 1482 1230 με
1509 1158 1708 1213 οἰέσθω
1733 1157 1905 1214 ταῦτα

310 1253 547 1322 λέγοντα
576 1253 623 1284 ⁸⁸
653 1254 733 1305 ὄτι
754 1252 821 1305 δι’
850 1253 997 1324 ἡμᾶς
1027 1255 1083 1307 αἱ
1112 1252 1300 1315 πόλεις
1325 1245 1486 1306 αὗται
1512 1250 1626 1304 τῶν
1657 1251 1905 1323 φοϐερῶν

312 1345 416 1416 τὴν
462 1348 658 1415 πεῖραν
707 1345 976 1411 ἐδέξαντο.
1052 1345 1329 1413 Ὤφείλετο
1377 1344 1487 1414 γὰρ
1552 1345 1769 1409 αὐταῖς,
1827 1345 1903 1409 ώς

312 1435 495 1506 οἶμαι,
523 1438 616 1488 καὶ
641 1436 710 1490 δι’
740 1437 949 1491 οἰκείαν
990 1436 1291 1508 μοχθηρίαν
1333 1438 1361 1490 ὁ
1403 1437 1666 1503 κίνδυνος,
1699 1438 1775 1503 ώς
1808 1440 1904 1494 καὶ

313 1532 452 1601 ἡμῖν
478 1529 600 1599 μετ’
633 1529 872 1593 ἐκείνας,
904 1529 1061 1595 ἀξίας
1093 1529 1203 1582 τῶν
1233 1530 1646 1601 ἡμαρτημένων
1685 1533 1903 1605 ἑκάστῳ

311 1624 416 1688 τάς
448 1622 720 1692 τιμωρίας
744 1621 1043 1690 ἐπάγοντος
1070 1621 1163 1676 τοῦ
1191 1620 1350 1676 Θεοῦ.
1404 1623 1545 1677 Ἀλλ’
1592 1626 1650 1677 ἐν
1690 1627 1905 1690 τούτοις

313 1716 410 1766 καὶ
435 1713 583 1784 ἡμᾶς
600 1713 661 1765 οὐ
689 1711 790 1783 τὴν
818 1711 1090 1782 τυχοῦσαν
1114 1712 1371 1785 ἀφορμὴν
1394 1714 1491 1784 τῆς
1519 1715 1613 1768 ἐπὶ
1633 1715 1697 1768 τὸ
1716 1719 1902 1787 κρεῖτ-

2014 522 2284 576 excidium
2316 520 2370 574 in
2398 519 2765 575 Barbarorum
2797 530 3124 593 potestatem
3156 526 3328 581 venit.
3358 522 3596 582 Obsessa

2012 611 2159 666 enim
2190 625 2255 664 ac
2290 617 2471 680 capta,
2503 619 2564 665 ut
2591 625 2731 681 pene
2756 627 2947 669 omnes
2981 615 3077 679 qui
3108 616 3163 670 in
3189 630 3253 671 ea
3281 624 3440 672 erant
3473 619 3593 688 gla-

2012 702 2105 756 dio
2139 699 2465 766 ceciderint,
2496 700 2634 755 nihil
2657 701 2808 756 aliud
2832 700 2993 773 507
3016 704 3368 775 cogitandum
3393 707 3594 762 animis

2011 794 2297 863 ingerebat
2311 808 2475 864 quam
2500 792 2615 849 fore
2633 805 2689 849 ut
2707 794 2803 865 qui
2834 795 2890 849 in
2914 796 3073 850 malis
3095 812 3598 866 perseverat-emus,
3666 812 3669 815 λ

2011 900 2196 955 parem
2234 885 2298 939 in
2331 900 2429 941 eos
2456 885 2720 942 ultionem
2759 886 3163 957 exciperemus,
3193 898 3248 944 et
3276 897 3336 944 ut
3361 890 3510 945 velut
3540 890 3595 946 in

2009 978 2253 1033 animata
2325 980 2585 1034 columna
2645 994 2711 1036 ac
2767 981 2950 1051 cippo,
3015 997 3137 1052 qua:
3203 984 3363 1038 nobis
3416 984 3593 1041 debita

2008 1081 2196 1127 essent
2225 1072 2368 1125 mala
2424 1072 2685 1143 diraque,
2715 1074 3018 1144 perscripta
3056 1074 3381 1145 legeremus.

2082 1163 2173 1219 15.
2206 1163 2402 1218 Nullus
2454 1170 2638 1219 tamen
2684 1163 2987 1231 existimet,
3032 1165 3162 1221 dum
3199 1166 3318 1223 haec
3351 1167 3428 1223 ita
3470 1184 3594 1237 ιιι-οι

2006 1256 2225 1323 nuntio,
2256 1271 2341 1311 me
2362 1256 2502 1311 velle
2533 1256 2701 1311 hasce
2735 1256 2904 1311 urbes
2925 1257 3101 1312 nostri
3125 1272 3292 1313 causa
3314 1260 3594 1317 tremenda

2006 1346 2120 1402 haec
2152 1356 2411 1418 expertas
2440 1346 2617 1402 fuisse
2651 1347 2873 1418 illisque
2896 1348 3057 1403 malis
3089 1348 3268 1406 factas
3295 1349 3592 1406 obnoxias.

2003 1437 2139 1493 Nam
2180 1450 2234 1494 et
2280 1439 2411 1506 illis,
2451 1440 2669 1510 opinor,
2703 1440 2774 1495 ob
2805 1439 2978 1510 ipsam
3005 1455 3193 1496 earum
3223 1443 3583 1510 pravitatem,

2004 1545 2160 1600 aeque
2190 1546 2255 1585 ac
2281 1531 2445 1587 nobis
2477 1541 2603 1602 post
2632 1531 2806 1601 ipsas,
2837 1532 3245 1588 animadversio
3267 1533 3591 1601 debebatur,

2010 1620 2123 1677 Deo
2155 1623 2370 1678 scilicet
2397 1625 2614 1693 singula
2664 1638 2896 1695 quaeque
2950 1625 3159 1681 scelera
3241 1624 3407 1695 digne
3450 1626 3589 1681 ulcio

2002 1720 2213 1768 scente.
2235 1712 2437 1768 Verum
2465 1714 2521 1768 in
2545 1714 2613 1770 iis
2636 1730 2739 1771 nos
2769 1730 2987 1787 quoque
3004 1714 3147 1769 haud
3162 1715 3333 1791 levem
3348 1717 3592 1772 occasio-

313 1824 407 1861 τον
463 1805 803 1877 ἐπιστροφῆς
834 1808 929 1858 καὶ
965 1806 1243 1877 σωτηρίας
1282 1804 1505 1860 εὔκολον
1539 1801 1607 1877 ἦν
1633 1805 1895 1879 ἐξευρεῖν,

2005 1821 2125 1860 nem
2158 1805 2593 1877 meliorisﬂrugis
2613 1808 2865 1864 ineundae
2884 1816 3050 1878 atque
3071 1790 3270 1864 salutis
3306 1808 3468 1864 facile
3488 1808 3592 1862 fuit

311 1897 416 1968 τὴν
459 1897 684 1951 ἐκείνων
714 1897 1104 1969 καταστροφὴν
1138 1897 1350 1951 οίκείάν
1378 1898 1684 1967 ἀσφάλειαν
1718 1917 1904 1954 ποιου-

316 1989 539 2059 μένους.
594 1988 790 2058 Ὅμως
819 1986 1007 2059 ἐπειδὴ
1041 1988 1131 2041 τὸν
1162 1988 1286 2042 νοῦν
1314 1990 1472 2059 ἡμῶν
1499 1983 1641 2042 εἶδεν
1672 1987 1718 2021 ⁸⁸
1742 1989 1771 2041 ό
1800 1988 1904 2054 τὰς

315 2082 554 2153 καρδίας
609 2080 850 2152 ἐρευνῶν
898 2082 1049 2153 πάσῃ
1089 2080 1292 2153 σπουδῇ
1347 2080 1449 2151 τῆς
1511 2082 1599 2135 ἐπ’
1654 2082 1904 2155 ἀπωλείᾳ

313 2173 562 2244 ἀγούσης
602 2160 887 2245 ἐχόμενον,
937 2172 1215 2245 μηδεμίαν
1262 2173 1309 2205 ⁸⁷
1345 2173 1445 2244 μὲν
1475 2173 1583 2228 τῶν
1617 2173 1903 2244 σωτηρίων

315 2266 549 2319 ἐντολῶν
580 2265 674 2319 καὶ
712 2264 1082 2318 παιδευτικῶν
1133 2265 1428 2336 ἐνεργειῶν
1459 2265 1900 2334 ὑπολειφθεῖσαν,

315 2355 377 2420 ἐξ
397 2348 476 2409 ὧν
504 2354 801 2426 αἰσθητικὴ
846 2355 943 2409 καὶ
967 2356 1215 2427 νήφουσα
1247 2357 1394 2428 ψυχὴ
1436 2357 1500 2411 τὸ
1538 2357 1703 2411 καλὸν
1735 2374 1903 2429 μετασ-

320 2446 608 2517 μανθέινει,
638 2445 1011 2515 διαφεύγουσα
1043 2448 1154 2503 τῶν
1204 2450 1467 2519 χειρόνων
1491 2450 1591 2512 τὰς
1649 2450 1899 2520 πράξεις,

315 2539 383 2591 δι’
418 2538 485 2602 ἃς
516 2540 811 2611 ἐπέρχεται
846 2541 879 2611 ἡ
934 2541 1070 2613 ὀργὴ
1102 2540 1196 2595 ἐπὶ
1238 2542 1366 2606 τοὺς
1416 2544 1567 2607 υἱοὺς
1609 2545 1712 2616 τῆς
1746 2546 1905 2600 ἀπει-

317 2633 490 2695 θείας,
539 2631 615 2694 ῶς
673 2649 839 2705 φησιν
869 2635 896 2687 ὁ
920 2632 1269 2701 ’Δπόστολος,
1329 2636 1438 2689 ἔδει
1466 2636 1525 2690 δὲ
1555 2637 1653 2708 τὴν
1702 2639 1902 2693 κακίαν

316 2723 667 2796 ἐκτριόἦναι,
705 2725 791 2778 ἴνα
833 2726 908 2797 μὴ
963 2728 1030 2798 τῇ
1059 2728 1152 2780 ἐπὶ
1198 2727 1384 2783 πλεῖον
1418 2731 1632 2802 προόδῳ
1659 2734 1754 2787 καὶ
1782 2733 1904 2787 ἐτέ-

318 2831 452 2883 ρους
480 2812 819 2884 λυμαίνοιτο,
849 2815 939 2868 διά
960 2815 1117 2869 τοῦτο
1140 2816 1354 2885 ἀφῆκεν
1384 2819 1516 2889 ἡμῖν
1542 2822 1903 2893 ἐπενεχθῆναι

316 2906 423 2973 τὴν
459 2906 698 2978 φοϐερὰν
728 2907 947 2980 ἐκείνην
983 2910 1077 2963 καὶ
1104 2910 1350 2982 φρικώδη
1388 2911 1601 2985 πληγὴν
1627 2954 1643 2977 ,
1677 2915 1740 2969 ἵν’
1764 2917 1903 2986 ὅπερ

317 2999 500 3053 ἀλλων
554 3001 876 3071 πασχόντων
930 3003 1097 3073 ἡμεῖς
1148 3002 1250 3057 οὐκ
1297 3004 1709 3077 ἐδιδασκόμεθα,
1745 3009 1904 3064 τοῦτο

312 3094 481 3165 ἡμεῖς
510 3093 773 3158 παθόντες
795 3094 973 3159 ἄλλοις
1002 3094 1309 3167 ὑπόδειγμα
1348 3098 1732 3171 ποιησώμεθα.

388 3358 476 3435 [Ρ.
512 3358 645 3430 550]
673 3357 769 3424 ις’.
809 3359 972 3414 Ἀλλά
1020 3358 1075 3413 τί
1133 3361 1215 3415 δεῖ
1277 3361 1673 3433 μακρολογεῖνς
1712 3363 1902 3435 καιρὸς

313 3454 425 3525 γὰρ
448 3452 551 3524 ἤδη
587 3452 692 3505 τῶν
747 3452 979 3523 καιρίων
1030 3452 1393 3524 διηγημάτων
1435 3455 1769 3525 ἐφάψασθαι,
1808 3457 1903 3510 καὶ

319 3546 467 3606 ὅπως
516 3544 622 3615 τὴν
677 3544 946 3617 ὀδυνηρὰν
997 3545 1212 3616 ἐκείνην
1246 3546 1566 3618 πολιορκίαν
1591 3548 1905 3618 ὑπέστημεν

318 3636 675 3708 παραστῆσαι
696 3636 773 3708 τῷ
802 3636 965 3708 λόγῳ,
990 3639 1064 3699 ὡς
1095 3633 1370 3703 εἶναιτοῖς
1393 3639 1686 3709 μετέπειτα
1717 3640 1903 3694 νουθε-

315 3732 441 3794 σίας
472 3728 734 3782 ὑπόθεσιν
759 3728 853 3780 καὶ
882 3727 1149 3800 ἐναργοῦς
1169 3727 1522 3794 διδασκαλίας
1554 3730 1899 3801 παραίνεσιν.

327 3825 420 3876 Ἐν
457 3822 672 3884 τούτοις
710 3821 821 3893 γὰρ
854 3820 1024 3875 ὄντων
1058 3819 1217 3891 ἡμῶν
1275 3816 1379 3892 ἧκέ
1417 3839 1502 3885 τις
1560 3822 1904 3893 ταχυδρόμος

329 3912 553 3982 ἅγγελος
587 3911 697 3965 ἀπὸ
722 3910 816 3965 τοῦ
846 3910 1177 3981 κρατοῦντος
1206 3909 1274 3963 τὰ
1299 3909 1407 3964 τῶν
1450 3911 1737 3983 Ῥωμαίων
1771 3911 1905 3981 σκῆ-

330 4022 496 4076 πτρα,
528 4006 753 4067 Λέοντος
782 4003 874 4057 τοῦ
903 4001 1255 4073 φιλευσεϐοῦς
1288 4002 1537 4069 ἄνακτος,
1593 4003 1692 4075 τὴν
1716 4003 1903 4073 ἐεροδον

323 4101 435 4153 τῶν
463 4099 782 4171 Βαρϐάρων,
809 4095 953 4165 λέγω
976 4095 1040 4164 δὴ
1065 4094 1173 4148 τῶν
1202 4094 1533 4165 δυσωνύμων
1561 4094 1899 4167 ’Λγαρηνῶν,

318 4192 689 4264 καταμηνύων
738 4191 831 4244 καὶ
889 4189 963 4253 ὼς
994 4188 1137 4259 τάχα
1190 4186 1532 4253 ὁπλίζεσθαι,
1582 4190 1902 4259 πρόσφυγάς

312 4306 467 4351 τινας
515 4286 612 4340 ἀπ’
669 4283 850 4337 αὐτῶν
882 4282 1109 4336 ἐκείνων
1158 4281 1267 4335 τῶν
1325 4280 1624 4353 Βαρϐάρων
1678 4281 1900 4351 ἀφῖχθαι

310 4382 514 4451 λέγων,
538 4378 634 4431 καὶ
654 4375 751 4447 τὴν
782 4374 979 4447 βουλὴν
998 4373 1197 4437 αὐτῶν,
1220 4374 1343 4445 ἥτις
1374 4374 1512 4439 ἐστὶ,
1540 4374 1902 4445 προειπόντας

2006 1899 2275 1964 invenire,
2324 1899 2401 1954 ita
2431 1900 2695 1979 nimirum
2732 1908 2792 1955 ut
2828 1916 3017 1957 carum
3051 1915 3187 1956 casu
3222 1916 3474 1972 noxaque
3502 1917 3591 1957 res

2003 2001 2225 2048 nostras
2248 1993 2302 2046 in
2329 2000 2449 2047 tuto
2466 1992 2887 2048 collocaremus.
2919 1992 3404 2047 Verumcnimvero
3457 1993 3589 2062 quia

2004 2081 2051 2137 is
2089 2082 2183 2152 qui
2213 2082 2378 2137 corda
2406 2089 2690 2138 scrutatur
2715 2081 2735 2153 (
2753 2081 2907 2137 Psal.
2938 2096 3038 2148 vn,
3074 2080 3171 2151 10)
3212 2080 3455 2136 animum
3485 2098 3587 2136 no-

2005 2182 2185 2228 strum
2218 2174 2369 2229 omni
2404 2174 2589 2229 studio
2617 2174 2828 2229 haerere
2861 2180 3092 2230 noverat
3135 2173 3234 2228 vim
3274 2188 3397 2244 quae
3433 2173 3589 2228 ducit

2005 2265 2074 2320 ad
2103 2267 2409 2333 interitum,
2440 2281 2566 2322 cum
2599 2266 2741 2323 nihil
2765 2265 2814 2322 ei
2841 2266 3167 2321 salutarium
3202 2264 3586 2321 mandatorum

2006 2359 2548 2430 castigationumque
2584 2359 2829 2425 deesset,
2874 2374 3112 2430 quorum
3162 2373 3331 2413 sensu
3383 2357 3453 2412 ad
3497 2372 3589 2413 so-

2005 2450 2300 2508 brietatem
2334 2452 2598 2508 reductus
2639 2452 2859 2508 animus
2889 2460 3103 2507 mutato
3155 2451 3409 2517 consilio,
3440 2450 3589 2522 quod

2006 2543 2298 2598 honestum
2331 2558 2397 2599 ac
2438 2544 2601 2599 officii
2636 2551 2751 2610 est,
2805 2543 3097 2611 condiscit,
3153 2544 3333 2598 vitans
3382 2543 3590 2599 scelera

2006 2636 2080 2691 ob
2115 2650 2237 2705 quae
2266 2636 2344 2691 ira
2393 2636 2599 2708 ingruit
2648 2636 2702 2691 in
2758 2635 2900 2692 ﬁlios
2955 2634 3360 2701 inobcdicntiae,
3414 2643 3475 2687 ut
3512 2632 3591 2688 ait

2003 2727 2301 2798 Apostolus
2363 2727 2604 2799 (Epiros.
2644 2744 2713 2791 ν,
2773 2727 2867 2797 6),
2934 2727 3272 2798 docebatque
3321 2726 3588 2781 malitiam

2004 2820 2132 2876 elidi
2157 2835 2222 2875 ac
2248 2820 2478 2888 aboleri,
2516 2836 2586 2876 ne
2618 2820 2799 2890 majus
2841 2820 3236 2875 incrementum
3267 2818 3473 2873 faceret
3500 2828 3586 2871 at-

2005 2924 2111 2980 que
2145 2909 2270 2964 aliis
2302 2924 2501 2963 noxam
2534 2907 2785 2971 inferret,
2823 2907 3033 2963 idcirco
3058 2906 3393 2962 tremendam
3439 2905 3584 2960 illam

2007 3009 2174 3071 atque
2216 2999 2550 3055 horrendam
2584 3000 2803 3070 plagam
2850 2999 3011 3054 nobis
3063 2997 3282 3063 inﬂixit,
3330 3006 3388 3053 ut
3440 2996 3587 3066 quod

1928 3128 1972 3188 ο
2008 3094 2241 3148 aliorum
2270 3092 2431 3146 malis
2454 3091 2760 3162 praemoniti
2787 3106 2894 3145 non
2918 3091 3306 3155 didiceramus,
3333 3089 3455 3158 ejus
3484 3102 3588 3143 nos

2007 3184 2153 3250 aliis,
2189 3190 2378 3238 nostro
2407 3180 2512 3251 ipsi
2546 3180 2822 3252 periculo,
2849 3180 3100 3248 exemplo
3129 3193 3375 3234 essemus
3406 3193 3470 3232 ac
3492 3177 3588 3233 do-

2007 3276 2202 3329 cumet)
2212 3284 2285 3329 to.
3310 3262 3311 3265 η

2078 3364 2242 3436 508
2268 3365 2354 3419 16.
2390 3364 2496 3421 Sed
2525 3364 2659 3436 quid
2687 3379 2909 3421 necesse
2964 3364 3270 3419 orationem
3319 3361 3539 3418 trahere
3565 3362 3588 3415 ἲ

2006 3454 2125 3511 Jam
2164 3452 2320 3513 enim'
2345 3468 2561 3529 tempus
2593 3468 2677 3514 est
2722 3460 3037 3514 necessaria
3092 3472 3277 3512 rerum
3309 3467 3587 3511 momenta

2008 3550 2250 3621 aggredi,
2284 3565 2348 3605 ac
2385 3552 2603 3608 modum
2645 3565 2756 3621 quo
2812 3550 2987 3605 diram
3042 3548 3191 3603 illam
3243 3547 3586 3603 obsidionem

2011 3642 2333 3713 pertulimus
2375 3658 2635 3700 sermone
2665 3642 2891 3706 referre,
2916 3657 3025 3712 quo
3050 3642 3265 3697 scilicet
3304 3640 3432 3695 inde
3482 3654 3587 3710 po-

2007 3733 2172 3789 steris
2204 3734 2597 3790 admonitionis
2639 3745 3021 3806 argumentum
3048 3750 3109 3788 ac
3144 3733 3285 3789 ratio
3317 3732 3588 3803 claraeque

2005 3824 2270 3879 doctrinae
2298 3823 2613 3879 adhortatio
2642 3826 2735 3881 sit.
2798 3824 3015 3881 Etenim
3068 3839 3194 3878 cum
3245 3839 3335 3879 res
3382 3830 3589 3879 nostra:

2007 3917 2084 3970 ita
2121 3932 2181 3970 se
2209 3916 2499 3982 baberent,
2550 3916 2700 3970 celer
2752 3916 2977 3985 quidam
3036 3930 3234 3970 cursor
3295 3900 3521 3967 nuntius
3556 3928 3585 3967 a

2004 4005 2207 4075 Leone,
2237 4007 2485 4077 piissimo
2510 4006 2844 4077 imperatore
2902 4015 3016 4060 tum
3080 4008 3296 4076 imperii
3349 3994 3585 4061 Romani

2006 4111 2222 4171 sceptra
2252 4099 2592 4165 moderante,
2619 4099 2767 4154 venit
2794 4115 2809 4153 :
2834 4099 3202 4153 Barbarorum
3235 4098 3584 4168 (inauspicati

2005 4194 2211 4251 scilicet
2240 4193 2476 4248 nominis
2498 4201 2659 4262 atque
2679 4192 2879 4247 ominis
2902 4191 3297 4261 Agarenoruni)
3326 4189 3589 4258 irruptio-

2006 4301 2126 4341 nem
2158 4284 2511 4351 denuntians,
2555 4286 2623 4338 ad
2648 4299 2799 4338 arma
2850 4284 3035 4339 statim
3066 4281 3364 4337 convolare
3403 4280 3585 4350 jubet.

2007 4378 2237 4434 Venisse
2269 4378 2532 4449 profugos
2565 4376 2835 4448 quosdam
2863 4391 2928 4431 ex
2982 4375 3117 4444 ipsis
3164 4373 3443 4439 Barbaris,
3488 4385 3588 4426 cor

311 4474 391 4543 τῷ
428 4470 669 4542 βασιλεῖ,
693 4467 788 4520 καὶ
825 4466 908 4519 ὅτι
940 4466 1121 4518 πᾶσαν
1149 4463 1248 4533 τὴν
1278 4464 1456 4535 ὁρμὴν
1500 4464 1594 4517 ἐπὶ
1623 4463 1778 4534 τήνδε
1806 4480 1902 4516 πε-

2011 4488 2240 4542 rumque
2271 4470 2488 4525 consilii
2540 4471 2928 4540 imperatorem
2992 4465 3387 4538 praemonuisse
3425 4483 3438 4519 :
3485 4462 3590 4516 in:-

309 4564 599 4633 ποίηνται,
627 4559 731 4613 ὑπὸ
765 4556 974 4611 πολλῶν
1009 4556 1110 4626 ἤδη
1130 4555 1240 4607 τῶν
1268 4556 1359 4607 ὑπ’
1380 4555 1559 4608 αὐτῶν
1594 4572 1903 4627 προχειρω-

310 4658 524 4711 θέντων
585 4649 975 4723 βεϐαιωθέντες
1025 4648 1101 4711 ὡς
1151 4647 1459 4717 ἀτείχιστός
1510 4648 1658 4701 ἐστιν
1706 4648 1771 4701 ἐκ
1805 4647 1898 4700 τοῦ

312 4748 457 4819 πρὸς
485 4745 764 4800 θάλασσαν
791 4741 992 4813 μέρους
1008 4740 1104 4793 καὶ
1127 4740 1247 4802 ταῖς
1266 4738 1372 4791 ἀπὸ
1393 4738 1501 4791 τῶν
1527 4739 1671 4809 νηῶν
1700 4739 1900 4809 μάχαις

312 4839 753 4911 εὐεπιχείρητος.
788 4836 1004 4906 Ταύτης
1023 4832 1115 4887 οὖν
1148 4832 1509 4903 ἀγγελθείσης
1531 4834 1631 4903 τῆς
1658 4835 1902 4903 πονηρᾶς

315 4930 607 5001 ἀγγελίας,
642 4927 806 4998 θροῦς
838 4927 938 4997 μὲν
968 4925 1185 4993 ἐγένετο
1230 4923 1374 4977 κατὰ
1405 4924 1589 4975 πᾶσαν
1612 4923 1710 4993 τὴν
1746 4924 1901 4977 πόλιν

315 5022 417 5078 καὶ
446 5020 612 5090 φόϐος
648 5019 745 5072 καὶ
773 5018 1034 5090 τάραχος,
1088 5014 1395 5085 ἀσυνήθους
1427 5012 1755 5084 πράγματος
1808 5012 1903 5067 καὶ

318 5111 564 5185 φοϐεροῦ
588 5113 708 5175 ταῖς
728 5111 923 5173 ἀκοαῖς
952 5107 1110 5180 ἡμῶν
1144 5108 1203 5161 ἐν
1242 5107 1442 5177 ἀρχαῖς
1476 5105 1898 5175 προσπεσόντος,

319 5203 772 5275 ἐϐουλευσάμεθα
792 5203 872 5269 δὲ,
895 5201 1065 5272 οἷμοιί
1088 5200 1187 5271 τὴν
1206 5200 1413 5253 οἰκείαν
1438 5199 1903 5269 περιποιήσασθαι

320 5299 626 5371 σωτηρίαν,
659 5297 754 5351 καὶ
788 5294 1055 5365 ὅσαλπρδς
1101 5292 1200 5364 τὴν
1239 5292 1347 5346 τῶν
1380 5291 1641 5347 ἐναντίων
1688 5292 1902 5361 ἄμυναν

318 5391 698 5463 καταρτίζειν,
733 5388 830 5443 καὶ
878 5387 1016 5460 πρὸς
1045 5386 1136 5439 τὸν
1164 5384 1287 5439 κατ’
1328 5383 1508 5437 αὐτῶν
1549 5383 1786 5454 πόλεμον
1820 5384 1902 5436 δι-

317 5483 658 5557 εγείρεσθαι.
719 5480 866 5552 Πλὴν
921 5479 1127 5548 ἔκαμνε
1165 5477 1265 5547 μὲν
1309 5476 1340 5529 ὁ
1380 5475 1640 5546 λογισμὸς
1669 5475 1902 5528 ἑκάστου

317 5582 418 5634 καὶ
453 5580 574 5639 ταῖς
608 5575 794 5639 ἄλλαις
829 5572 1125 5646 μερίμναις
1185 5569 1283 5640 τῆς
1312 5567 1574 5638 ἀπειρίας
1607 5565 1703 5620 τοῦ
1733 5566 1903 5637 μάχε-

2011 4572 2196 4635 petum
2249 4577 2466 4617 omnem
2502 4577 2695 4616 versus
2748 4559 3203 4615 Thessalonicam
3236 4566 3470 4623 vertere,
3522 4570 3585 4609 ca

2010 4657 2220 4711 scilicet
2258 4655 2493 4719 ratione,
2525 4652 2672 4724 quod
2702 4668 2764 4707 ex
2805 4652 3052 4722 pluribus
3083 4650 3194 4721 jam
3229 4650 3296 4704 ab
3334 4648 3415 4704 eis
3447 4647 3588 4703 bello

2012 4747 2188 4818 captis
2218 4761 2283 4800 ac
2334 4744 2645 4816 subjugatis
2699 4754 2850 4799 certo
2912 4742 3231 4807 didicerint,
3274 4756 3379 4812 qua
3435 4749 3589 4811 parte

2008 4840 2237 4909 respicit
2268 4854 2441 4903 mare,
2478 4838 2648 4892 nullis
2687 4852 2809 4892 eam
2859 4837 3005 4907 cingi
3075 4835 3349 4891 mmnibus
3411 4848 3589 4902 Cthte

2010 4935 2246 4989 navibus
2294 4938 2549 4986 conserta
2602 4943 2784 5001 pugna
2835 4927 2996 4982 facile
3054 4924 3355 4997 expugnari
3404 4936 3583 4991 posse.

2010 5025 2151 5079 Malo
2203 5024 2309 5079 hoc
2359 5022 2528 5093 igitur
2586 5022 2752 5076 allato
2796 5020 2991 5074 nuntio
3039 5032 3135 5086 per
3172 5024 3339 5068 totam
3391 5010 3583 5065 urbem

2011 5131 2202 5171 rumor
2235 5114 2468 5179 diditur,
2504 5114 2776 5184 timorque
2811 5126 2875 5167 ac
2903 5107 3161 5165 titubatio
3191 5121 3384 5160 omnes
3415 5118 3584 5158 occu-

2013 5217 2124 5277 pat,
2146 5207 2362 5263 insueta
2396 5206 2555 5278 plane
2592 5222 2649 5261 re
2686 5214 2851 5275 atque
2888 5199 3170 5256 tremenda
3203 5204 3317 5249 tum
3345 5193 3581 5264 primum

2010 5300 2216 5355 nostris
2282 5300 2509 5356 auribus
2572 5299 2787 5369 illapsa.
2842 5295 2920 5350 Eo
2971 5291 3130 5346 nobis
3179 5286 3388 5361 (heu!)
3425 5299 3584 5341 versa

2011 5391 2264 5457 consilia,
2299 5399 2359 5444 ut
2408 5391 2640 5446 salutem
2696 5394 2941 5441 nostram
2992 5391 3321 5444 tutarentur,
3369 5392 3432 5432 ac
3460 5392 3585 5447 qua:

2010 5479 2248 5533 arcendo
2281 5481 2468 5536 hostes
2501 5489 2688 5536 essent
2721 5477 2904 5533 omnia
2943 5485 3284 5545 pararemus,
3316 5476 3479 5538 amne
3515 5466 3582 5520 ad

2009 5570 2212 5625 bellum
2254 5573 2640 5629 sustinendum
2693 5568 2894 5625 animis
2943 5566 3327 5623 ekeitammur.
3380 5557 3582 5614 Verum

1589 5656 1826 5713 ἾΑΒΙᾹΞ
1860 5660 2152 5717 LECTION
2159 5664 2263 5720 ES.

388 5762 440 5793 “
462 5757 719 5821 πάνταςῗ
793 5755 839 5789 ⁸⁸
860 5754 1039 5824 λέγειν
1066 5752 1090 5804 ?
1179 5753 1225 5787 “
1242 5750 1383 5809 οἶδεν
1414 5751 1522 5808 AP.
1600 5751 1647 5785 ⁸⁷
1672 5751 1968 5825 μηδεμίαν]
1992 5755 2087 5808 καὶ
2110 5755 2381 5827 μηδεμίαν
2401 5756 2424 5799 Ῥ
