4094 6418
447 330 552 393 ξιτ
644 314 647 315 ⁷

1686 318 2027 381 JOANNES
2052 311 2494 377 CAMENIATA

3629 293 3734 358 ΜΒ

446 445 772 502 concidebat
827 444 1098 515 cujusque
1139 432 1399 505 animus,
1434 453 1557 494 cum
1602 436 1726 492 aliis
1769 435 2071 505 disiectus.

2179 431 2289 494 θαι,
2324 430 2491 499 μήπω
2517 423 2611 478 τοῦ
2639 424 2966 495 πράγματος
3015 419 3090 472 ὢν
3120 419 3179 470 ὲν
3211 415 3397 486 πείρᾳ,
3432 412 3554 484 μηδ’
3581 412 3737 473 ὅπως

447 539 621 603 curis,
650 538 795 609 quod
826 538 968 591 bello
1025 535 1302 605 inexperti
1355 547 1581 587 eramus
1638 531 1905 600 nulloque
1957 527 2036 584 rei

450 648 577 697 usu,
609 636 707 686 nec
736 641 796 685 ut
825 632 944 701 ipsa
976 629 1099 700 eius
1128 628 1377 682 ducenda
1409 626 1633 682 exordia
1668 638 2037 689 noveramus;

451 735 564 778 tum
594 739 728 779 vero
762 723 937 794 magis
980 722 1128 792 quod
1187 735 1383 775 murus
1431 719 1570 774 nihil
1621 717 1853 773 idoneus
1901 714 2040 780 erat,

450 826 562 884 quo
609 820 666 868 et
730 812 897 883 509
954 813 1194 866 hostium
1249 810 1516 880 impetum
1562 806 2042 877 exspectabamus,

451 905 699 958 ornnium
744 905 960 959 animos
991 903 1382 973 desperatione
1415 899 1726 969 mergebat.
1783 898 1863 954 Ac
1910 912 2045 952 sane

454 1012 539 1052 res
576 1005 835 1066 suspecta
865 1006 1004 1058 erat,
1043 1012 1152 1050 non
1211 996 1388 1050 solum
1454 992 1615 1046 nobis
1683 990 1831 1045 bello
1892 989 2045 1045 inex-

456 1090 627 1158 pertis
682 1105 745 1144 ac
806 1088 1136 1151 inermibus,
1190 1086 1286 1142 sed
1347 1094 1400 1140 et
1458 1085 1503 1140 si
1559 1084 1652 1153 qui
1717 1083 1830 1151 jam
1892 1097 2051 1138 exer-

456 1183 607 1236 citati
658 1182 972 1237 istiusmodi
1029 1196 1215 1235 rerum
1306 1186 1506 1234 causas
1583 1178 1834 1249 apprime
1884 1176 2051 1232 calle-

457 1281 602 1327 rent.

538 1364 628 1418 17.
658 1362 849 1433 Itaque
876 1363 928 1416 in
960 1376 1081 1416 eam
1137 1360 1468 1415 sententiam
1521 1360 1744 1423 ivimus,
1807 1359 1853 1414 si
1920 1358 2052 1429 quid

460 1463 611 1511 esset
640 1455 1004 1514 moliendum,
1040 1453 1094 1508 id
1116 1467 1242 1507 esse
1278 1452 1331 1507 in
1360 1454 1483 1523 ipso
1512 1468 1673 1508 muro
1717 1455 2051 1518 conandum,

457 1554 511 1600 et
537 1553 664 1600 ante
707 1546 897 1599 omnia
950 1544 1104 1600 illius
1167 1544 1459 1599 securitati
1493 1552 1547 1600 et
1579 1545 1634 1599 in
1661 1545 1860 1599 melius
1911 1544 2057 1600 refe-

458 1636 627 1691 ctioni
657 1634 1127 1705 prospiciendum.
1162 1634 1411 1706 Cogitata
1440 1650 1547 1689 non
1575 1633 1833 1690 laudabat
1860 1636 1955 1706 qui
1990 1636 2059 1690 ab

461 1731 796 1798 imperatore
828 1729 1082 1781 nuntium
1126 1728 1289 1783 nobis
1334 1729 1596 1783 attulerat
1637 1728 1912 1800 (Petronae
1962 1744 2059 1784 no-

2142 524 2241 594 τὴν
2267 520 2441 592 ἀρχὴν
2465 518 2735 589 λαμὸάνει
2789 513 3173 582 δεδιδαγμένος
3196 526 3211 540 ’
3257 509 3422 562 πλέον
3467 506 3527 560 δὲ
3564 504 3628 558 τὸ
3657 502 3737 574 μὴ

2145 614 2452 684 ἐπιτήδειον
2478 606 2619 664 εἶναι
2650 609 2710 662 τὸ
2733 608 2780 640 ⁸⁸
2810 610 2988 676 τεῖχος
3016 603 3147 658 ἔνθα
3175 602 3270 657 καὶ
3297 601 3398 672 τὴν
3425 595 3743 669 προσϐολὴν

2146 702 2510 774 ἐσκοποῦμεν,
2545 701 2645 765 τὰς
2706 700 2967 755 ἁπάντων
3002 698 3184 768 ψυχὰς
3235 690 3567 755 κατεῦύθιζε
3589 705 3603 721 ·
3641 690 3745 742 καὶ

2145 796 2257 869 γὰρ
2278 792 2349 869 ἦν
2373 794 2447 859 ὡς
2468 793 2686 865 άληθῶς
2710 793 2978 855 ὕποπτον,
3008 792 3070 844 ού
3105 790 3267 861 μόνον
3290 790 3405 851 τοῖς
3437 788 3747 855 ἀπειροπο-

2146 888 2335 960 λέμοις
2361 888 2455 941 καὶ⁷
2481 887 2703 951 ἀόπλοις
2732 888 2883 957 ἡμῖν,
2917 884 3150 956 ἀλλ’ἦδη
3182 884 3276 937 κοιλ⁵
3296 882 3480 944 αὐτοῖς
3504 880 3616 941 τοῖς
3648 892 3751 945 γε·-

2151 985 2564 1054 γυμνασμένοις
2589 981 2684 1035 καὶ
2720 979 3197 1052 προαποκειμένας
3225 977 3407 1048 ἔχουσι
3434 976 3480 1008 ⁸⁸
3498 971 3595 1034 τὰς
3633 970 3750 1023 τῶν

2149 1077 2411 1130 τοιούτων
2444 1076 2795 1147 πραγμάτων
2827 1074 3031 1136 αἰτίας.

2232 1341 2317 1408 ιζ’.
2368 1341 2848 1412 Ἐϐουλευσάμεθα
2877 1338 2923 1392 δ’
2961 1333 3078 1405 οὖν,
3114 1340 3169 1391 εί
3208 1354 3263 1391 τι
3291 1336 3384 1392 καὶ
3426 1335 3535 1391 δέοι
3568 1335 3758 1407 πράτ-

2156 1458 2293 1502 τειν,
2317 1441 2375 1492 ἐν
2394 1439 2543 1507 αὐτῷ
2573 1438 2834 1508 πράττειν
2858 1435 2938 1507 τῷ
2963 1435 3138 1505 τείχει
3160 1434 3252 1488 καὶ
3274 1430 3501 1505 πρώτης
3529 1429 3756 1501 ῐχεσθαι

2158 1534 2258 1603 τῆς
2283 1531 2449 1587 αὐτοῦ
2475 1530 2781 1599 ἀσφαλείας
2805 1529 2901 1582 καὶ
2931 1527 3068 1599 πρὸς
3093 1526 3155 1579 τὸ
3174 1528 3425 1597 κρεῖττον
3450 1525 3761 1596 μεταποιή-

2164 1642 2322 1689 σεως.
2359 1624 2433 1677 Οὐ
2476 1621 2833 1676 συνεϐούλευε
2868 1619 2912 1673 δ’
2946 1623 3081 1690 ἡμῖν
3111 1618 3270 1673 τοῦτο
3299 1619 3441 1681 τέως
3486 1618 3514 1670 ό
3541 1614 3759 1685 ταύτην

2161 1721 2297 1790 ἡμῖν
2326 1716 2428 1788 τὴν
2460 1716 2723 1785 ἀγγελίαν
2748 1715 2887 1788 πρὸς
2917 1715 3009 1768 τοῦ
3042 1713 3327 1786 ,βασιλέως
3359 1711 3596 1783 κομίσας
3619 1711 3758 1779 (Πε-

462 1835 587 1874 men
615 1820 781 1891 erat),
815 1821 901 1874 vir
948 1820 1518 1890 protospatbariorum
1581 1822 1857 1890 ascriptus
1902 1831 2057 1876 cata-

2176 1812 2373 1882 τρωνᾶς
2402 1809 2459 1865 δὲ
2490 1802 2647 1873 οὗτος
2678 1809 2951 1874 ἐκαλεῖτο,
2984 1806 3062 1878 τῷ
3094 1805 3382 1876 καταλόγῳ
3405 1803 3514 1858 τῶν
3539 1820 3763 1873 πρωτο-

464 1914 625 1983 logo;
660 1914 746 1968 cui
811 1921 932 1968 erat
990 1914 1309 1983 impositum
1379 1922 1438 1968 ut
1486 1913 1771 1979 paululum
1834 1913 1889 1968 in
1922 1913 2062 1968 urbe

461 2015 905 2060 commoraretur
950 2020 1223 2076 opemque
1271 2014 1427 2061 suam
1487 2005 1765 2061 conferret
1810 2013 1863 2060 et
1896 2004 2061 2060 rebus

464 2098 653 2153 debita
690 2098 940 2153 subsidia
981 2099 1451 2154 subministraret.
1486 2097 1536 2154 ls
1563 2097 1710 2152 aliud
1761 2098 2061 2167 sapientis-

463 2191 661 2244 simum
700 2191 1019 2257 consilium,
1063 2192 1267 2262 quippe
1297 2192 1455 2247 valde
1477 2190 1669 2247 elﬁcax
1702 2207 1767 2247 ac
1798 2178 2060 2258 salutare,

469 2299 531 2338 se
569 2284 848 2339 invenisse
876 2284 1081 2349 aiebat,
1116 2284 1225 2339 nisi
1259 2283 1390 2338 illud
1432 2299 1650 2355 quoque
1709 2286 1919 2340 scelera
1969 2300 2066 2341 no-

466 2384 581 2430 stra
610 2377 994 2442 dissipassent,
1060 2390 1185 2445 quae
1230 2385 1424 2431 nostro
1475 2376 1691 2433 excidio
1750 2378 2068 2434 sternebant

468 2468 634 2523 viam.
666 2467 917 2537 Namque
953 2482 1082 2522 cum
1115 2469 1241 2524 aliis
1273 2470 1357 2524 vir
1395 2469 1509 2535 ille,
1557 2468 1655 2525 sed
1690 2470 1929 2527 maxime
1975 2487 2067 2527 rc-

471 2575 593 2613 rnm
626 2560 966 2629 experientia
997 2566 1305 2629 praestaret,
1352 2562 1496 2615 intra
1534 2575 1593 2615 se
1626 2562 1809 2631 ipsum
1865 2564 2071 2617 exami-

471 2665 630 2713 nans,
668 2652 715 2705 si
767 2650 821 2704 in
852 2652 1222 2707 exstruendis
1274 2652 1447 2707 muris
1508 2666 1642 2707 cura
1696 2653 2067 2718 adhiberetur,

477 2745 715 2797 maxima
753 2744 877 2799 urbi
911 2744 1169 2799 adfutura
1202 2745 1574 2811 incommoda,
1604 2754 1659 2801 et
1691 2744 1866 2801 nihilo
1900 2747 2071 2818 magis

476 2836 543 2890 iis
569 2850 628 2891 se
662 2836 1046 2908 profecturum
1079 2837 1170 2907 qui
1202 2846 1333 2891 ante
1367 2839 1546 2907 ipsum
1586 2838 1773 2893 simile
1809 2852 1948 2908 opus
1976 2851 2072 2909 ag-

475 2930 647 2999 gressi
679 2936 889 2995 essent,
918 2929 986 2984 ad
1015 2929 1165 2984 aliud
1199 2930 1519 2984 securitatis
1571 2944 1746 3000 genus
1801 2929 1893 3001 (et
1940 2936 2071 2983 nota

475 3034 642 3090 quam
668 3029 853 3088 aptum
888 3033 953 3074 ac
984 3016 1501 3089 peropportunum)
1535 3020 1779 3074 animum
1815 3018 2068 3074 advertit.

476 3110 876 3166 Considerabat
917 3112 1086 3175 enim,
1121 3126 1246 3165 cum
1301 3127 1431 3182 pars
1466 3111 1620 3167 urbis
1666 3122 1801 3166 noto
1846 3111 2072 3166 adversa

476 3205 707 3259 marinis
739 3206 902 3275 aquis
927 3212 1041 3260 tota
1071 3205 1555 3272 circumlueretur,
1587 3205 1635 3261 si
1678 3204 1809 3260 inde
1849 3203 2077 3259 Barbari

478 3311 630 3351 arma
660 3299 982 3363 movissent,
1011 3298 1277 3367 quidquid
1302 3298 1641 3364 libuisset,in
1667 3284 1920 3353 ea‘l‘acile
1947 3296 2078 3352 οπο-

479 3400 690 3456 cturos,
748 3404 872 3444 cum
929 3404 1089 3445 nemo
1149 3391 1392 3459 ipsorum
1450 3390 1704 3446 ascensui
1776 3390 1831 3453 in
1892 3404 2079 3445 muros

483 3482 504 3551 (
529 3483 683 3552 ipsos
737 3481 975 3538 humiles
1006 3497 1071 3537 ac
1103 3489 1264 3538 terrae
1300 3482 1631 3553 contiguos)
1681 3480 2080 3549 impedimento

483 3574 647 3646 510
674 3592 799 3632 esse
831 3582 1018 3643 posset
1046 3592 1061 3629 :
1108 3589 1234 3629 nam
1262 3575 1485 3630 navium
1520 3574 1720 3645 puppis
1756 3575 1831 3628 ita
1859 3572 2073 3629 emine-

485 3669 599 3732 bat,
635 3676 694 3721 ut
732 3683 797 3723 ex
828 3682 890 3721 ca
940 3676 1202 3737 tanquam
1240 3681 1306 3722 ex
1341 3667 1466 3722 loco
1511 3666 1788 3737 superiori
1840 3667 1895 3721 in
1953 3681 2084 3738 pro-

486 3758 815 3833 pugnaculis
845 3762 1207 3815 immorantes
1239 3760 1483 3817 hostium
1506 3758 1711 3831 ‘jaculis
1739 3760 1964 3815 obnoxii
1988 3774 2082 3815 es-

486 3863 630 3910 sent.
705 3854 910 3908 Statuit
966 3854 1133 3927 igitur
1186 3866 1439 3924 aggerem
1499 3853 1791 3924 quemdam
1858 3860 2085 3922 arteque

487 3946 772 4009 factitatas
796 3945 1032 4003 insidias
1065 3948 1120 4001 in
1160 3948 1319 4017 aquis
1373 3946 1508 4016 ipsis
1546 3946 1846 4011 occultare,
1881 3944 2084 4015 quibus

489 4040 763 4095 securitas
794 4041 915 4095 urbi
944 4041 1220 4111 simulque
1252 4041 1509 4095 hostibus
1540 4040 1887 4094 obstacnlum
1924 4036 2083 4093 foret.

488 4130 661 4187 Erant
691 4148 927 4203 namque
966 4134 1021 4187 in
1057 4142 1232 4188 tractu
1262 4133 1416 4188 urbis
1456 4131 1524 4186 ad
1561 4130 1839 4186 Orientem
1886 4146 1950 4185 ac
1988 4129 2089 4185 Oc-

490 4227 761 4283 cidentem
795 4237 1055 4298 vergente
1096 4227 1338 4298 plurima
1372 4242 1439 4279 ex
1470 4240 1579 4280 uno
1611 4225 1789 4295 lapide
1823 4233 2087 4278 excavata

491 4320 771 4391 sepulcra,
830 4321 1032 4389 quibus
1081 4321 1385 4389 antiquitus
1434 4320 1682 4390 gentiles,
1725 4318 1819 4387 qui
1851 4331 1971 4372 eam
2000 4318 2088 4371 in-

492 4413 897 4475 babitarerant,
931 4427 1062 4468 suos
1101 4420 1346 4467 mortuos
1380 4410 1713 4465 condebant.
1747 4410 1875 4465 Haec
1899 4410 1988 4467 ille
2016 4412 2071 4465 in

2164 1903 2484 1974 σπαθαρίων
2541 1888 3034 1973 ἐναριθμούμενος,
3094 1900 3152 1965 δς
3183 1896 3252 1972 ἦν
3283 1897 3763 1969 ἐπιτετραμμένος

2164 1994 2479 2067 ὲγχρονίσαι
2514 1995 2713 2066 μικρὸν
2737 1997 2802 2065 τῇ
2834 1995 2987 2048 πόλει
3022 1994 3115 2048 καί
3151 2010 3296 2056 τινος
3320 1992 3459 2063 αὐτῇ
3496 1988 3767 2061 μεταδοῦ-

2164 2106 2251 2142 ναι
2283 2087 2538 2159 βοηθείας
2564 2089 2661 2142 καὶ
2690 2087 2919 2156 δεούσης
2947 2089 3006 2141 ὲν
3055 2089 3167 2150 τοῖς
3206 2085 3500 2155 πράγμασι
3560 2098 3766 2154 συνερ-

2167 2180 2364 2251 γείας),
2393 2180 2561 2252 ἄλλην
2588 2180 2645 2233 δὲ
2669 2180 2992 2250 σοφωτάτην
3018 2177 3201 2247 ἔλεγεν
3229 2175 3472 2248 ἐξευρεῖν
3493 2174 3767 2235 ἐπίνοιαν,

2167 2272 2242 2334 ὼς
2275 2272 2395 2325 λίαν
2443 2271 2644 2342 ὲνεργῆ
2691 2270 2787 2325 καὶ
2827 2268 3117 2341 σωτήριον,
3155 2269 3203 2321 εί
3238 2266 3314 2337 μὴ
3336 2266 3432 2319 καὶ
3466 2263 3677 2332 ταύτης
3706 2262 3771 2315 αι

2170 2364 2625 2438 προοδοποιοῦσαι
2653 2362 2753 2434 τὴν
2804 2362 2929 2416 καθ’
2963 2360 3125 2431 ἡμῶν
3174 2358 3456 2412 ἀπώλειαν
3489 2355 3772 2426 ἁμαρτίαι

2170 2459 2453 2530 ἀναίρεσιν
2504 2454 2912 2511 καθυπέϐαλον.
2954 2452 3276 2523 Ἑλλόγιμος
3306 2450 3417 2521 γὰρ
3440 2449 3516 2503 ὢν
3547 2450 3574 2502 ό
3623 2446 3773 2517 ἀνὴρ

2172 2552 2267 2605 καὶ
2291 2549 2493 2621 πολλὴν
2525 2548 2871 2620 πραγμάτων
2896 2545 3150 2617 ἐσχηκὼς
3174 2548 3392 2615 πεῖραν,
3424 2541 3547 2596 καθ’
3572 2541 3773 2594 ἑαυτὸν

2176 2642 2404 2697 συνιδὼν
2438 2643 2513 2707 ὡς
2543 2644 2592 2695 εί
2618 2641 2838 2712 θελήσοι
2868 2639 2953 2713 [Ρ.
2980 2638 3107 2712 ⁸551]
3130 2636 3225 2692 τοῦ
3247 2635 3464 2708 τείχους
3495 2635 3597 2707 τῆς
3622 2635 3776 2687 οἱκο-

2172 2738 2345 2807 δομῆς
2393 2735 2820 2807 ἐπιμεληθῆναι,
2854 2736 2953 2789 καὶ
3010 2733 3215 2795 κόπους
3246 2730 3475 2802 παρέξει
3520 2730 3583 2799 τῇ
3613 2725 3770 2781 πόλει

2176 2830 2269 2882 καὶ
2301 2827 2462 2882 πλέον
2481 2826 2635 2880 οὐδὲν
2660 2826 2773 2880 τῶν
2808 2826 2914 2896 πρὸ
2961 2822 3128 2879 αὑτοῦ
3173 2822 3305 2893 περὶ
3328 2820 3522 2875 τούτου
3548 2834 3766 2889 φροντι-

2180 2922 2391 2976 σάντων
2440 2920 2715 2992 ὀνήσειεν,
2772 2917 2861 2989 ἐφ’
2885 2918 3076 2987 ἕτερον
3114 2913 3256 2977 εἶδος
3302 2913 3604 2984 ἀσφαλείας
3640 2909 3771 2984 (καὶ

2180 3015 2373 3068 σκόπει
2421 3013 2539 3077 πῶς
2570 3012 2770 3080 εὐφυὲς
2821 3011 2913 3064 καὶ
2945 3007 3227 3084 ἁρμόδιον)
3256 3008 3349 3062 τὸν
3370 3005 3498 3061 νοῦν
3526 3004 3774 3076 μετηγά-

2105 3156 2146 3213 C
2178 3124 2327 3175 γετο.
2353 3106 2525 3170 Εἰδὼς
2544 3105 2653 3176 γὰρ
2673 3106 2748 3167 ὼς
2773 3103 2921 3158 ἅπαν
2950 3099 3344 3173 περικλύξεται
3369 3099 3432 3153 τὸ
3460 3096 3603 3152 κατὰ
3622 3095 3780 3150 νότον

2186 3203 2350 3274 μέρος
2377 3204 2478 3271 τῆς
2512 3203 2724 3266 πόλεως
2775 3200 2882 3254 ὑπὸ
2913 3200 2961 3234 ⁹⁰
3004 3200 3116 3254 τῶν
3174 3198 3488 3253 θαλασσίων
3540 3197 3779 3262 ὑδάτων,

2183 3296 2393 3350 ἐκεῖθεν
2425 3296 2481 3349 δὲ
2505 3293 2946 3365 προσπίπτοντος
2970 3292 3063 3346 τοῦ
3094 3292 3333 3363 πολέμου
3362 3290 3602 3364 εὐχερῶς
3632 3290 3784 3361 ἔχειν

2182 3391 2309 3453 τοὺς
2337 3389 2657 3460 Βαρθὰρους
2684 3389 2793 3442 πᾶν
2817 3386 2995 3442 ὁτιοῦν
3027 3386 3285 3457 βούλοιντ’
3308 3385 3373 3440 ἂν
3395 3389 3453 3439 ὲν
3482 3383 3635 3454 αύτῷ
3664 3384 3786 3438 δια·

2186 3481 2524 3553 πράξασθαι,
2561 3480 2792 3551 μηδενὸς
2817 3478 3124 3543 κωλύοντος
3165 3478 3362 3542 αὐτοὺς
3392 3476 3655 3549 ὑπεράνω
3681 3476 3786 3548 τῆς

2188 3573 2480 3644 οἰκοδομῆς
2544 3572 2801 3641 γενέσθαι
2833 3572 2931 3625 τοῦ
2992 3572 3209 3643 τείχους
3241 3571 3329 3627 διὰ
3376 3571 3439 3625 τὸ
3488 3564 3789 3643 πρόσγειον

2187 3664 2282 3719 καὶ
2303 3664 2735 3737 χθαμαλώτατον
2764 3665 2809 3696 ⁹¹
2839 3657 2980 3718 εἶναι
3005 3665 3102 3728 τάς
3131 3682 3191 3717 τε
3221 3664 3353 3734 νῆας
3384 3662 3588 3734 μᾶλλον
3613 3664 3793 3736 ὑπερ·-

2187 3754 2400 3826 ανέχειν
2465 3754 2529 3808 ἐκ
2585 3754 2679 3807 τοῦ
2718 3757 2860 3811 κατὰ
2922 3754 3180 3827 πρύμναν
3237 3755 3461 3827 μέρους,
3523 3754 3622 3808 καὶ
3678 3752 3785 3807 ἀπὺ

2192 3847 2470 3921 μετεώρου
2533 3848 2794 3904 δύνασθαι
2844 3850 2971 3913 τοὺς
3024 3849 3083 3902 ὲν
3115 3849 3236 3912 ταῖς
3289 3846 3582 3915 ἐπάλξεσιν
3622 3847 3792 3913 ὄντας

2190 3943 2681 4013 κατατιτρώσκειν,
2717 3941 3077 3996 ἐϐουλεύσατο
3106 3941 3362 4015 φραγμὸν
3392 3959 3515 3995 τινα
3561 3940 3658 3994 καὶ
3696 3960 3794 3995 τε·

2189 4034 2536 4106 τεχνημένην
2572 4035 2793 4107 ἐνέδραν
2820 4036 2877 4087 ἐν
2902 4037 3085 4098 αὐτοῖς
3113 4034 3386 4105 ἐγκρύψαι
3416 4034 3531 4099 τοῖς
3568 4032 3793 4101 ὕδασιν,

2198 4128 2272 4191 ὡς
2307 4128 2373 4181 ἂν
2403 4128 2497 4181 καὶ
2528 4128 2593 4197 τῇ
2626 4127 2778 4181 πόλει
2805 4127 2865 4180 τὸ
2895 4126 3135 4198 ἀσφαλὲς
3168 4128 3263 4181 καὶ
3292 4130 3404 4193 τοῖς
3436 4128 3652 4199 ἐχθροῖς
3682 4129 3796 4201 ὲμ-

2193 4222 2378 4274 πόδιον
2401 4220 2522 4274 κατ’
2550 4220 2681 4273 αὐτὸ
2710 4220 2957 4291 γένηται.
2998 4219 3192 4273 Πολλοὶ
3218 4220 3326 4290 γὰρ
3354 4216 3497 4292 ἦσαν
3529 4223 3592 4274 ὲκ
3628 4240 3797 4292 μονο-

2192 4312 2343 4366 λίθου
2372 4313 2745 4383 γεγλυμμένοι
2768 4313 2830 4365 τύ
2842 4312 2967 4381 μϐοι
3003 4313 3143 4366 κατά
3181 4331 3240 4365 τε
3261 4314 3321 4367 τὸ
3360 4313 3498 4383 πρὸς
3520 4313 3799 4387 ἀνατολὴν

2196 4409 2293 4461 καὶ
2315 4407 2467 4460 δύσιν
2501 4406 2664 4477 μέρος
2710 4405 2809 4474 τῆς
2841 4402 3071 4471 πόλεως,
3099 4406 3155 4459 ὲν
3178 4399 3260 4472 οἷς
3298 4406 3466 4460 πάλαι
3503 4408 3633 4471 τοὺς
3664 4408 3801 4461 ἐαυ-

500 4518 669 4557 υιιιιιιι
707 4503 1047 4567 οοιινριιοης,
1083 4519 1148 4557 ac
1184 4504 1423 4558 mirabili
1451 4504 1687 4573 quodam
1712 4504 1967 4572 artiﬁcio,
1990 4520 2071 4559 cu-

2194 4500 2303 4552 τῶν
2329 4500 2560 4567 νεκροὺς
2596 4500 2644 4552 οἱ
2668 4496 2827 4566 τήνδε
2858 4496 3239 4562 κατοικοῦντες
3269 4498 3626 4568 ὲνεταφίαζον
3661 4501 3802 4554 Ἐλ-

491 4592 581 4663 jus
614 4596 730 4664 ipse
768 4596 919 4650 solus
966 4597 1317 4653 sibi.auctor
1356 4597 1669 4665 exstiterat,
1720 4598 1774 4651 in
1807 4614 1958 4652 mare
1996 4596 2092 4653 de-

501 4702 781 4757 mcrgens,
818 4694 872 4742 et
907 4704 1175 4759 perparvo
1207 4689 1495 4744 intervallo
1537 4705 1569 4745 a
1618 4706 1678 4746 se
1713 4690 1969 4763 dissitos,
2012 4706 2095 4744 or-

496 4780 624 4835 dine
643 4790 822 4835 tamen
840 4780 1084 4852 digestos
1110 4783 1257 4837 inter
1279 4798 1454 4854 aquas
1478 4793 1793 4855 contegens,
1818 4785 2093 4838 marinum

494 4874 774 4944 quoddam
808 4891 869 4930 ac
897 4892 1036 4946 pene
1064 4877 1380 4933 inauditum
1416 4879 1847 4944 munimentum,
1875 4894 1941 4934 eo
1972 4878 2095 4948 ipso

496 4981 655 5021 muro
690 4968 781 5037 qui
819 4968 885 5023 ad
939 4969 1311 5025 continentem
1348 4970 1545 5026 altiore
1575 4979 1855 5026 structura
1888 4971 2097 5027 emine-

497 5060 588 5114 bat
614 5059 849 5117 validius
881 5076 945 5117 ac
977 5063 1255 5131 securius,
1298 5062 1599 5119 artiﬁciosa
1633 5078 1765 5120 vere
1805 5064 2096 5120 sedulitate

496 5152 790 5207 condebat.
831 5151 898 5208 Et
938 5154 1051 5225 jam
1080 5171 1244 5227 opcre
1280 5156 1584 5227 praestitum
1620 5154 1837 5223 fuisset,
1875 5172 2094 5212 omnem

500 5246 624 5301 urbi
658 5249 1012 5303 securitatem
1045 5260 1342 5319 praestans,
1375 5265 1500 5303 cum
1528 5265 1640 5304 non
1664 5260 1893 5319 possent
1924 5265 2092 5306 naves

500 5342 775 5410 appellere
822 5357 1078 5412 noxaque
1115 5342 1307 5397 urbem
1340 5340 1578 5407 allicere,
1626 5343 1682 5397 ni
1732 5343 1835 5397 hoc
1871 5358 2093 5414 quoque

500 5442 727 5505 propter
769 5443 1019 5490 uestram
1052 5435 1462 5507 improbitatem
1498 5436 1866 5508 interruptum
1913 5437 1965 5491 in
2009 5436 2093 5491 ni-

501 5526 672 5585 hilum
698 5524 1007 5585 recidisset.

2193 4594 2386 4664 ληνεςο
2415 4592 2508 4657 οὒς
2536 4592 2630 4646 καὶ
2666 4593 2920 4661 συνάγων
2951 4592 3046 4646 καί
3078 4610 3186 4647 τινι
3231 4592 3521 4665 παραδόξῳ
3556 4590 3796 4667 μεθόδῳ,

2194 4688 2260 4759 ἣν
2287 4687 2449 4751 αὐτὸς
2486 4687 2647 4757 μόνος
2684 4686 2896 4759 ἐξεῦρε,
2928 4689 2993 4758 τῇ
3023 4686 3268 4758 θαλάσσῃ
3306 4686 3562 4757 βυθίζων,
3591 4688 3689 4741 καὶ
3720 4688 3802 4754 ὡς

2195 4781 2306 4835 ἀπὸ
2366 4779 2568 4853 μικροῦ
2622 4798 2773 4846 τινος
2831 4781 3206 4852 διαστήματος
3251 4782 3537 4853 στοιχηδὸν
3563 4781 3799 4846 τούτους

2196 4877 2309 4938 τοῖς
2338 4874 2906 4945 ὕδασινσάποκρύὸων,
2932 4874 3225 4928 θαλάσσιόν
3242 4892 3294 4928 τι
3312 4876 3406 4929 καὶ
3435 4874 3587 4940 ξένον
3612 4875 3803 4947 ἔρυμα

2198 4968 2296 5023 καὶ
2323 4967 2416 5022 τοῦ
2454 4968 2589 5040 πρὸς
2620 4968 2751 5039 ὕψος
2780 4971 2845 5040 τῇ
2876 4969 3057 5039 χέρσῳ
3096 4968 3548 5041 προϐεϐλημένου
3579 4968 3803 5039 τείχους

2198 5061 2540 5132 ὀχυρώτερον
2566 5078 2627 5115 τε
2652 5059 2745 5116 καὶ
2777 5062 3185 5133 ἀσφαλέστερον
3213 5061 3279 5132 τῇ
3302 5060 3532 5132 ἀληθείᾳ
3570 5078 3804 5115 κατετεο

2199 5154 2451 5227 χνάζετο.
2485 5153 2596 5209 Kal.
2616 5154 2681 5225 δὴ
2710 5153 2805 5207 καὶ
2833 5156 2912 5218 εἰς
2940 5153 3101 5226 ἔργον
3125 5154 3190 5208 ἂν
3216 5153 3381 5223 ἐξέϐη
3404 5154 3585 5207 πᾶσαν
3618 5152 3803 5220 ἀσφά-

2198 5249 2351 5301 λειαν
2405 5249 2473 5318 τῇ
2522 5246 2685 5317 ,πόλει
2722 5246 3208 5317 περιποιούμενον,
3261 5246 3337 5309 ὼς
3367 5245 3501 5316 μηδὲ
3532 5244 3802 5299 δύνασθαι
3862 5273 3867 5277 -

2201 5342 2302 5406 τὰς
2355 5342 2489 5411 νῆας
2539 5340 2841 5411 πλησιάσαι
2901 5340 2964 5392 τὸ
2990 5340 3255 5410 παράπαν
3286 5339 3381 5393 καὶ
3430 5337 3532 5407 τῆς
3584 5336 3802 5390 ἑαυτῶν

2209 5432 2535 5506 μεταδοῦναι
2575 5431 2800 5502 βλάϐης,
2833 5434 2881 5485 εί
2915 5430 2991 5501 μὴ
3021 5432 3116 5484 καὶ
3148 5430 3309 5483 τοῦτο
3338 5428 3428 5483 διὰ
3459 5429 3559 5495 τὴν
3593 5428 3787 5498 μοχθη-

2210 5527 2334 5601 ρίαν
2373 5524 2532 5597 ήμῶν
2556 5524 2805 5594 ἐκωλύθη
2832 5526 2927 5577 καὶ
2955 5525 3036 5587 εἰς
3062 5525 3215 5579 οὐδὲν
3239 5522 3650 5595 προεχώρησεν.

1792 5661 2027 5718 VA‘RIIE
2066 5658 2471 5719 LECTIONES.

581 5800 627 5831 ⁸⁸
649 5800 709 5853 τὸ
724 5816 836 5855 om.
871 5803 933 5858 Ρ.
974 5804 1018 5838 ¹⁹
1045 5806 1229 5868 αὐτοῖς
1258 5806 1725 5877 γεγυμνασμένας
1746 5803 1931 5875 ἔχουσι
1959 5802 2021 5860 Ρ.
2093 5806 2136 5839 ⁹⁰
2166 5803 2273 5858 ἀπὸ
2300 5800 2407 5856 AP.
2481 5803 2519 5834 ’³
2546 5802 2638 5855 καὶ
2673 5801 3103 5872 χθαμαλώτατον
3136 5814 3245 5855 om.
3274 5798 3333 5852 Ρ.
