4094 6444
287 350 409 414 549

1362 344 1462 405 DE
1496 342 1810 406 EXCIDIO
1839 341 2458 407 THESSALONIC.’B.

3476 347 3582 410 5ἰο

362 462 458 533 ιη’.
490 462 631 532 Ἤδη
661 460 769 531 γὰρ
802 461 931 531 περὶ
954 459 1021 513 τὰ
1053 458 1191 531 μέσα
1246 477 1348 513 που
1373 459 1469 514 τοῦ
1519 459 1879 524 κινδυνώδους

2058 462 2145 518 l8.
2178 462 2314 517 Cum
2340 463 2487 518 enim
2520 477 2692 533 prope
2718 462 2833 533 jam
2869 464 3015 520 circa
3060 464 3300 521 medium
3337 466 3443 521 loci
3478 485 3581 538 pe—

280 559 460 614 τόπου
483 555 825 625 πεφθακότος
863 553 956 609 τοῦ
987 555 1232 608 τοιούτου
1254 553 1564 608 διαποντίου
1598 554 1876 625 φραγμοῦ,

278 653 386 706 καὶ
427 653 610 705 πᾶσαν
668 647 826 721 ἡμῶν
858 648 1117 702 ὑπόνοιαν
1168 648 1432 716 ἐπίφοϐον
1482 648 1578 701 καὶ
1634 648 1882 718 πονηρὰν

280 744 714 813 ὑποτέμνοντος,
739 739 889 794 ἵκετὸ
936 757 1019 804 τις
1048 739 1257 810 ἕτερος,
1284 739 1379 793 καὶ
1407 739 1572 802 αὐτὸς
1600 738 1737 809 πρὸς
1782 737 1880 791 τοῦ

282 834 564 908 βασιλέως
588 833 884 903 πεμφθεὶς,
902 832 994 886 τον
1022 833 1103 895 είς
1153 831 1314 885 τοῦτο
1340 832 1659 902 πεμφθέντα
1697 832 1745 865 ⁸⁸
1775 832 1881 886 Πε-

278 926 510 995 τρωνᾶν
559 923 869 987 σπουδαίως
912 923 1411 994 μεταπεμπόμενος
1461 924 1557 977 καὶ
1585 922 1684 995 τὴν
1716 940 1883 996 φρον-

278 1017 407 1071 τίδα
440 1018 624 1069 πᾶσαν
644 1016 745 1085 τῆς
780 1016 992 1078 πόλεως
1022 1018 1103 1078 είς
1127 1015 1323 1069 ἑαυτὸν
1353 1015 1687 1087 μετατιθείς.
1724 1018 1882 1070 Λέων

280 1110 345 1163 δὲ
378 1104 535 1171 οὗτος
567 1105 835 1173 ἐκαλεῖτο,
873 1108 1058 1179 πάσης
1079 1108 1180 1178 τῆς
1225 1106 1541 1179 περιχώρου
1596 1125 1880 1179 προχειρι-

286 1200 444 1263 σθεὶς
498 1200 807 1269 στρατηγὸς
865 1202 959 1254 καὶ
1014 1202 1197 1254 πᾶσαν
1227 1200 1554 1271 ἐπιμέλειαν
1604 1203 1715 1255 τῶν
1744 1203 1881 1274 πρὸς

284 1293 389 1362 τὴν
427 1292 475 1324 ⁸³
508 1292 690 1362 μάχην
712 1292 1190 1364 εὐτρεπιζομένων
1234 1294 1585 1364 πραγμάτων
1620 1294 1881 1361 ἀναδεξά-

288 1403 476 1455 μενος.
510 1379 582 1456 ᾯ
634 1386 729 1439 καὶ
756 1386 905 1452 ἔδοξε
931 1386 1030 1456 τὴν
1063 1387 1157 1439 τοῦ
1196 1386 1361 1457 ἔργου
1394 1387 1585 1440 τούτου
1619 1389 1883 1459 σχολάσαι

284 1477 433 1542 τέως
478 1478 759 1549 φροντίδα,
798 1481 893 1533 καὶ
915 1477 1009 1532 τοῦ
1044 1479 1261 1549 τείχους
1299 1479 1400 1551 τὴν
1464 1480 1757 1551 οἰκοδομὴν
1795 1481 1883 1548 ἐξ·

285 1569 578 1624 ανύεσθαι.
613 1570 767 1641 Ἅμα
808 1571 918 1641 γὰρ
968 1564 1095 1642 ἧκε,
1128 1573 1222 1624 καὶ
1245 1571 1563 1646 μεθίστησιν
1589 1574 1754 1637 εὐθὺς
1790 1574 1884 1629 τὸν

284 1662 465 1732 δῆμον
490 1662 710 1715 ἅπαντα
739 1662 831 1715 τὸν
861 1665 940 1725 είς
970 1661 1128 1717 τοῦτο
1154 1664 1495 1735 τεταγμένον
1526 1664 1664 1737 πρὸς
1694 1666 1755 1718 τὸ
1782 1667 1883 1730 τὰς

285 1753 571 1826 χρειώδεις
600 1752 735 1816 ὕλας
760 1757 875 1816 τοῖς
897 1755 1174 1825 τεχνίταις
1200 1755 1567 1827 ἐπικομίζειν,
1607 1757 1683 1820 ώς
1714 1756 1782 1811 ἂν
1813 1761 1878 1830 τῇ

1992 557 2221 613 riculosi
2249 573 2346 628 per
2392 573 2543 612 mare
2592 559 2821 637 ductum
2866 559 3231 630 sepimcntum
3265 561 3577 617 istiusmodi

1987 651 2349 718 pervenisset,
2398 666 2732 721 omnemque
2785 654 2946 708 nobis
2994 662 3200 708 metum
3257 670 3323 709 ac
3381 657 3578 709 malam

1985 744 2360 814 suspicionem
2394 744 2623 810 levaret,
2658 745 2810 800 venit
2846 746 2988 801 alius
3016 746 3085 801 ab
3117 746 3309 801 eodem
3341 748 3581 818 impera.

1983 840 2107 889 tore
2138 835 2364 899 missus,
2395 835 2508 891 Leo
2542 838 2787 904 nomine,
2824 838 2921 908 qui
2955 838 3008 893 in
3040 854 3159 893 eam
3192 856 3306 896 rem
3345 844 3576 898 missum

1984 922 2278 980 Petronam
2312 926 2425 980 cito
2460 940 2750 993 revocans,
2792 942 3011 983 omnem
3073 928 3232 999 511
3269 931 3322 984 in
3355 946 3416 987 se
3438 932 3581 987 ciri-

1983 1016 2115 1071 tatis
2147 1030 2340 1071 curam
2366 1019 2594 1087 recepit.
2635 1018 2748 1074 Leo
2778 1020 2965 1090 itaque
2996 1021 3243 1077 ﬁnitimae
3280 1025 3460 1079 omnis
3489 1040 3580 1080 re-

1985 1107 2165 1178 gionis
2191 1120 2255 1161 ac
2281 1108 2581 1176 provincize
2623 1118 2828 1179 praetor
2862 1121 3104 1177 creatus,
3140 1113 3432 1183 omnisque
3465 1115 3581 1170 bel-

1985 1198 2078 1253 lici
2107 1210 2403 1269 apparatus
2449 1214 2582 1255 cura
2646 1201 2699 1257 in
2749 1216 2810 1256 se
2855 1203 3146 1268 translata,
3199 1205 3367 1273 ccepti
3416 1204 3596 1275 hujus

1986 1290 2172 1360 operis
2222 1290 2467 1346 laborem
2536 1292 2757 1348 interim
2809 1293 3292 1350 intermittendum
3342 1298 3580 1366 putavit,

1987 1398 2272 1438 murorum
2302 1391 2499 1440 contra
2531 1384 2936 1443 exstructionis
2986 1400 3126 1457 opus
3158 1386 3576 1443 absolvendum.

1989 1475 2188 1530 Statim
2224 1477 2369 1531 enim
2401 1486 2568 1547 atque
2595 1478 2828 1548 appulit,
2859 1492 3077 1533 omnem
3107 1494 3233 1533 mox
3267 1479 3580 1535 multitudi-

1986 1583 2111 1623 nem
2144 1567 2198 1622 in
2232 1568 2336 1623 hoc
2360 1570 2722 1625 constitutam
2758 1571 2824 1625 ad
2872 1572 3242 1627 necessariam
3273 1572 3581 1630 artiﬁcibus

1987 1655 2272 1713 materiam
2299 1660 2708 1716 convehendam
2740 1662 3022 1728 transfert,
3050 1676 3160 1735 quo
3186 1664 3397 1720 scilicet
3427 1665 3582 1720 labo-

1987 1751 2229 1806 rantium
2289 1752 2645 1808 multitudine
2707 1762 2763 1808 et
2832 1756 3058 1825 copiosa
3129 1758 3577 1811 necessariarum

284 1844 613 1916 πολυχειρίᾳ
641 1847 806 1915 τυχὸν
818 1840 915 1900 καὶ
934 1849 1000 1918 τῇ
1023 1847 1133 1901 τῶν
1153 1847 1381 1901 δεόντων
1403 1848 1618 1918 δαψιλεῖ
1645 1850 1881 1922 χορηγίᾳ

1988 1859 2174 1898 rerum
2216 1844 2664 1913 suppeditatione
2694 1845 3125 1902 substructionis
3165 1861 3447 1901 murorum
3479 1847 3578 1902 de-

281 1937 352 1990 τὸ
380 1936 825 2008 σπουδαζόμενον
854 1937 938 2011 [Ρ.
977 1939 1104 2011 552]
1154 1943 1237 2004 είς
1281 1942 1444 2011 ἔργον
1489 1942 1697 2009 ἄγοιτο.
1738 1944 1880 2012 Ἤδη

287 2026 393 2097 μὲν
418 2022 519 2080 οὖν
558 2027 721 2081 πάλιν
746 2029 839 2093 ⁸’τὰ
883 2029 981 2100 τῆς
1035 2029 1325 2100 οἰκοδομῆς
1379 2026 1447 2101 ἦν
1475 2032 1696 2102 ὲνεργῆ.
1738 2031 1880 2085 Ἀλλ’

285 2121 411 2174 ὅσον
450 2121 631 2175 ἐδόκει
686 2120 747 2174 τὸ
784 2121 921 2192 πρὸς
957 2121 1092 2191 ὕψος
1145 2124 1498 2193 ἐγειρόμενον
1545 2124 1637 2177 τοῦ
1662 2124 1881 2195 τείχους

284 2213 387 2285 τὴν
450 2214 562 2267 τῶν
607 2214 867 2267 ἐναντίων
891 2215 1182 2287 ἀπείργειν
1244 2217 1577 2282 κακόνοιαν,
1620 2216 1883 2270 τοσοῦτον

290 2307 551 2377 ἐφαίνετο
584 2307 646 2361 τδ
677 2308 863 2362 λεῖπον
888 2310 1002 2371 τοῖς
1024 2308 1275 2371 πολίταις
1300 2309 1433 2379 ἡμῖν
1464 2309 1665 2372 παντὸς
1700 2309 1882 2363 κινδύ-

287 2417 382 2452 νου
430 2399 887 2470 καθυπεμφαίνον
927 2400 1207 2455 ὑπόνοιαν.
1244 2402 1383 2456 Οὔτε
1408 2403 1518 2475 γὰρ
1557 2404 1702 2458 ἅπαν
1730 2404 1881 2476 διορ-

288 2493 532 2563 θωθῑμναι
587 2493 834 2558 δυνατῶς
883 2490 996 2564 εἶχε
1050 2495 1235 2566 πολλῷ
1284 2497 1451 2567 μήκει
1476 2497 1882 2568 διατεινόμενον

291 2586 426 2657 πρὸς
457 2586 521 2637 τὸ
557 2585 754 2658 μηκέτι
792 2586 894 2656 τὴν
920 2587 982 2652 ἐξ
1015 2588 1183 2641 αὐτοῦ
1216 2590 1507 2660 συμφορὰν
1564 2592 1713 2663 ⁴ημᾶς
1777 2592 1881 2645 ὐπ-

285 2680 564 2744 οπτεύειν,
607 2682 700 2734 καὶ
748 2683 777 2734 ὁ
822 2681 1013 2751 χρόνος
1062 2681 1163 2753 τὴν
1213 2683 1325 2736 τῶν
1378 2674 1656 2754 πολεμίων
1691 2684 1880 2755 ἔφοδον

288 2772 587 2840 ἐφεστάναι
623 2772 1081 2842 προεμαρτύρατο
1116 2773 1286 2842 μήπω
1324 2772 1420 2826 τοῦ
1481 2774 1649 2843 μέσου
1699 2774 1879 2846 χώρου

284 2866 388 2935 τῆς
413 2864 706 2935 οἰκοδομῆς
734 2864 1044 2935 deanam,
1070 2865 1129 2931 ἐξ
1153 2856 1214 2918 οὗ
1246 2866 1340 2919 καὶ
1396 2866 1495 2937 τὴν
1538 2866 1744 2938 βλάϐην
1779 2869 1882 2921 ὑπ-

285 2956 679 3028 ωπτευόμεθα.
711 2955 991 3025 ’Λγγελίαι
1015 2957 1127 3029 γὰρ
1146 2958 1254 3012 τῶν
1274 2959 1558 3030 προτέρων
1577 2959 1706 3029 φοϐε
1716 2960 1882 3031 ρώτε-

287 3069 382 3124 ραι
410 3053 509 3105 καὶ
549 3053 775 3121 συχνύτε
788 3069 876 3123 ραι
910 3051 1008 3114 τὰς
1037 3053 1296 3106 ἁπάντων
1328 3053 1487 3123 ἡμῶν
1520 3054 1691 3117 ἀκοὰς
1723 3072 1879 3126 περι-

285 3145 575 3216 εθρύλουν,
603 3144 701 3199 καὶ
730 3146 854 3206 τοὺς
883 3144 1205 3216 Βαρϐάρους
1235 3144 1477 3213 ἐγγίζειν
1508 3146 1606 3218 ἤδη
1639 3147 1698 3200 τὸ
1733 3148 1882 3201 πλεῖ-

289 3253 414 3291 στον
463 3234 563 3289 τοῦ
601 3235 763 3297 πλοὸς
795 3234 1176 3299 διανύσαντας.
1219 3237 1332 3289 Οὐκ
1360 3232 1430 3308 ἦν
1478 3237 1586 3307 γὰρ
1615 3238 1749 3291 ὅπου
1784 3238 1881 3291 καὶ

287 3330 429 3401 πρὸς
459 3327 660 3400 μικρὸν
684 3329 883 3391 αὐτοὺς
910 3330 933 3380 ἐ
943 3328 1269 3399 μΰραδῦναι,
1298 3329 1389 3383 διὰ
1416 3329 1477 3382 τὺ
1506 3331 1606 3392 τὰς
1630 3331 1882 3395 πλείονας

290 3514 574 3568 θάλασσαν
594 3511 825 3581 ἐχούσας
857 3512 1043 3576 πόλεις
1066 3513 1170 3585 τὴν
1204 3513 1422 3585 οἴκησιν
1449 3517 1513 3585 τῇ
1542 3516 1884 3587 καταπλήξει

292 3606 569 3681 “sqq;
608 3607 781 3673 ἀκοῆς
808 3605 990 3657 αὐτῶν
1016 3606 1153 3676 πρὸς
1179 3605 1358 3676 φυγὴν
1398 3607 1762 3676 ἐκτραπῆναι,
1788 3609 1882 3662 καὶ

289 3696 768 3771 μηδένὺπάρχειν
794 3698 823 3750 ὃ
861 3697 960 3768 τὴν
976 3698 1157 3767 ὁρμὴν
1179 3699 1358 3752 αὐτῶν
1389 3699 1420 3769 ἢ
1445 3700 1541 3769 τὴν
1572 3699 1677 3752 τῶν
1702 3700 1889 3766 ὅπλων

289 3793 581 3864 συνέχειαν
610 3790 867 3862 ἐξαρκεῖν
898 3792 1210 3862 ὑπομεῖναι.
1261 3790 1542 3863 Τέτταρας
1599 3793 1708 3864 γὰρ
1741 3793 1880 3861 ὁμοῦ

297 3884 779 3956 παιάν-τήκοντα
827 3885 927 3948 τὰς
990 3885 1335 3956 βαρϐαρικὰς
1390 3882 1531 3939 εἶναι
1583 3887 1883 3957 προέλεγον

305 3972 630 4047 vix.“
651 3972 818 4049 ἦττον
841 3978 1051 4041 πόλεως
1084 3979 1322 4047 ἑκάστης
1348 3979 1528 4032 αὐτῶν
1556 3979 1634 4050 τῷ
1658 3980 1881 4051 μεγέθει

302 4066 402 4120 καὶ
432 4066 760 4133 ωῑςᾶλλαις
794 4070 1168 4129 κατασκευαῖς
1198 4067 1598 4139 τυγχανούσης,
1636 4070 1695 4121 ἐν
1727 4064 1815 4133 αἷς
1836 4070 1883 4103 ⁸⁸

290 4158 365 4232 ἦν
388 4163 685 4233 παμμιγὴς
718 4178 805 4224 τις
840 4160 998 4231 ὄχλος
1035 4160 1495 4231 ἀπονενοημένων
1546 4163 1641 4214 καὶ
1673 4178 1881 4231 μανιω-

285 4256 417 4322 δών,
451 4250 562 4309 τῶν
591 4271 652 4308 τε
678 4253 777 4320 τὴν
806 4255 1007 4325 Συρίαν
1034 4253 1346 4321 οἰκούντων,
1384 4254 1746 4324 Ἰσμαηλιτῶν
1785 4255 1881 4308 καὶ

284 4349 397 4401 τῶν
425 4348 778 4419 ὁμορούντων
807 4346 1130 4411 Αἰγυπτίοις
1156 4345 1456 4413 Αἰθιόπων,
1478 4348 1699 4400 πάντων
1719 4348 1881 4417 αἱμο-

284 4444 470 4511 εόρων
505 4439 607 4493 καὶ
635 4438 1095 4516 θηριογνωμόνων
1124 4438 1447 4508 ἀνθρώπων,
1471 4438 1675 4510 πολλὴν
1703 4439 1800 4510 τὴν
1822 4440 1882 4492 ὲν

1986 1936 2249 1991 stinatum
2285 1950 2426 2005 opus
2448 1934 2706 1992 efficeret.
2742 1935 2863 1990 Jam
2899 1937 3085 2007 itaque
3116 1937 3246 1992 huic
3274 1938 3428 2008 operi
3454 1937 3581 1992 dili—

1984 2029 2166 2100 gentia
2201 2029 2531 2095 habebatur,
2555 2030 2746 2099 reique
2780 2029 3076 2085 instabant.
3102 2028 3378 2096 Quantum
3403 2032 3580 2085 enim-

1983 2135 2117 2175 vero
2138 2120 2392 2176 sublatus
2441 2122 2496 2175 in
2531 2121 2704 2175 altum
2738 2136 2930 2176 murus
2972 2122 3212 2177 hostium
3242 2122 3577 2178 destinatam

1984 2212 2259 2267 malitiam.
2283 2229 2473 2269 arcere
2520 2213 2835 2278 videbatur,
2880 2220 3092 2268 tantum
3144 2215 3305 2270 nobis
3337 2216 3577 2277 civibus.

1984 2305 2133 2376 quod
2185 2307 2309 2376 ejus
2358 2308 2633 2376 reliquum
2677 2315 2821 2373 erat,
2853 2309 2983 2362 mali
3018 2308 3224 2363 ominis
3253 2324 3317 2363 ac
3346 2308 3576 2378 periculi

1984 2398 2359 2469 suspicionem
2391 2415 2730 2469 sensumque
2751 2399 3071 2468 conjectura
3114 2401 3259 2455 haud
3290 2401 3392 2455 levi
3427 2402 3583 2471 inge-

1984 2491 2162 2546 rebat.
2190 2489 2310 2545 Non
2333 2492 2476 2545 enim
2505 2499 2676 2558 totus,
2705 2492 2761 2545 in
2796 2491 3195 2563 longitudinem
3227 2493 3453 2546 nimiam
3480 2508 3579 2548 cx-

1983 2599 2214 2654 pansus,
2275 2585 2349 2638 ita
2381 2585 2629 2654 reparari
2662 2593 2881 2653 poterat
2930 2593 2989 2639 ut
3042 2599 3263 2638 omnem
3319 2584 3583 2654 deinceps

1984 2688 2314 2749 exspectata:
2341 2692 2407 2732 ex
2436 2692 2503 2733 eo
2536 2677 2710 2733 cladis
2739 2678 2993 2732 timorem
3023 2677 3300 2743 auferret;
3333 2685 3582 2747 tempus-

1984 2785 2090 2839 que
2121 2768 2232 2838 jam
2269 2783 2442 2839 pr0pe
2481 2768 2723 2823 hostium
2768 2769 3132 2839 irruptionem
3174 2770 3382 2823 instare
3409 2778 3582 2824 testa-

1982 2861 2168 2926 batur,
2200 2876 2325 2915 cum
2367 2860 2603 2916 necdum
2656 2868 2941 2915 structura
2970 2860 3212 2914 medium
3260 2861 3443 2930 ipsum
3491 2862 3577 2914 lo-

1985 2969 2110 3008 cum
2143 2954 2442 3024 attigisset,
2473 2969 2540 3009 ex
2577 2968 2689 3024 quo
2736 2955 2897 3009 nobis
2925 2960 3245 3023 suspectum
3280 2953 3484 3006 malum
3524 2962 3581 3006 et

1984 3046 2216 3102 exitium
2268 3047 2433 3101 foret.
2483 3046 2671 3102 Nuntii
2703 3046 2852 3102 enim
2895 3045 3174 3116 prioribus
3217 3044 3580 3099 lerrihiliorcs

1985 3153 2052 3193 ac
2072 3138 2383 3196 crebriores
2420 3149 2672 3195 nostrum
2704 3139 2951 3194 omnium
2985 3153 3147 3192 aures
3172 3135 3576 3201 obtundebam,

1982 3230 2209 3301 jamque
2258 3229 2527 3285 barbaros
2577 3245 2747 3301 prope
2793 3229 3105 3292 imminere,
3151 3230 3388 3281 maxima
3425 3236 3581 3297 parto

1986 3322 2356 3392 navigationis
2390 3322 2501 3378 illis
2554 3323 2790 3391 expleta.
2833 3320 3023 3391 Neque
3058 3321 3205 3375 enim
3255 3329 3378 3375 erat
3428 3320 3578 3389 quod

1986 3416 2072 3470 vel
2104 3415 2390 3469 minimum
2419 3415 2501 3471 eis
2535 3430 2718 3470 moras
2749 3414 3022 3480 injiceret,
3050 3428 3176 3469 cum
3209 3412 3321 3482 jam
3358 3413 3571 3482 pleras-

1987 3521 2095 3577 que
2146 3506 2360 3562 insulas
2416 3505 2661 3576 pepulati
2692 3514 2905 3571 essent,
2958 3507 3234 3574 urbesque
3289 3505 3579 3559 maritima:

1986 3599 2104 3654 sola
2129 3599 2353 3654 auditus
2384 3615 2575 3654 eorum
2611 3600 3062 3655 consternatione
3082 3598 3249 3668 512
3276 3613 3340 3653 ac
3374 3613 3579 3668 pavore

1985 3692 2170 3764 fuga'm
2207 3694 2592 3764 arripuissent,
2624 3695 2876 3764 nihilque
2896 3703 3046 3749 esset
3076 3693 3227 3763 quod
3250 3707 3444 3747 eorum
3475 3693 3579 3746 im-

1986 3798 2172 3857 petum
2204 3786 2512 3843 subsistere
2544 3800 2641 3842 aut
2677 3787 3052 3856 constipatam
3095 3787 3269 3840 aciem
3299 3788 3577 3840 sustinere

1985 3891 2192 3949 posset.
2238 3879 2489 3945 Quatuor
2533 3879 2684 3934 enim
2737 3894 2907 3949 supra
2960 3879 3364 3949 quinquaginta
3409 3879 3576 3933 simul

1985 3988 2110 4028 esse
2166 3972 2488 4026 barbaricas
2540 3986 2710 4025 naves
2765 3972 3120 4035 nuntiabant,
3173 3987 3297 4040 quae
3346 3971 3577 4040 singulae

1986 4063 2219 4119 urbibus
2251 4059 2631 4131 magnitudine
2661 4076 2727 4115 ac
2756 4062 2973 4131 reliquo
3019 4070 3283 4131 apparatu
3317 4076 3574 4130 exarqua-

1986 4158 2206 4224 bantur,
2244 4156 2299 4210 in
2334 4155 2538 4226 quibus
2573 4156 2887 4225 promiscua
2928 4169 3257 4209 vesanorum
3288 4155 3571 4208 hominum

1987 4265 2053 4305 ac
2082 4248 2382 4303 furentium
2434 4248 2594 4302 turba
2644 4247 2955 4313 veheretur,
2993 4258 3105 4302 tum
3145 4246 3570 4313 lsmaclitarum,

1985 4341 2081 4411 qui
2138 4339 2354 4411 Syriam
2407 4340 2742 4405 inhabitant,
2801 4351 2915 4394 tum
2970 4340 3290 4408 [Ethiopum
3339 4339 3572 4411 Attgyptu

1987 4436 2308 4501 confinium,
2338 4447 2699 4492 cruentorum
2740 4437 2990 4491 omnium
3027 4435 3329 4505 ferinisque
3371 4436 3571 4489 animis

282 4538 395 4597 τοῖς
460 4534 648 4604 φόνοις
700 4534 1017 4603 ἐπιστήμην
1077 4531 1471 4601 ἐξησκημένων
1504 4532 1600 4584 καὶ
1635 4534 1757 4595 ταῖς
1781 4531 1878 4602 λῃ-

1985 4538 2150 4599 atque
2179 4530 2365 4585 indole
2405 4530 2789 4599 praeditorum,
2825 4529 2920 4599 qui
2963 4527 3199 4583 caedium
3230 4543 3353 4583 arte
3393 4528 3570 4599 pluri~

286 4629 555 4699 στρικαῖςι
575 4625 842 4688 ἐπινοίαις
870 4625 970 4688 τὰς
998 4624 1226 4693 σφαγὰς
1265 4623 1780 4694 ἐμμελετησάντων,
1806 4624 1882 4688 ὡς

289 4722 367 4791 μὴ
388 4718 661 4773 δύνασθαί
696 4734 821 4771 τινα
851 4716 957 4771 κᾶν
1000 4716 1138 4787 ἀκοῇ
1177 4714 1275 4785 τὴν
1318 4715 1527 4768 τούτων
1558 4716 1880 4780 ἐκδέξασθαι

286 4819 511 4887 πεῖραν,
552 4812 690 4867 ἀλλὰ
717 4810 969 4867 σπεύδειν
993 4808 1222 4864 ἕκαστον
1255 4809 1563 4879 ὑποχωρεῖν
1599 4810 1702 4878 τῆς
1726 4812 1880 4879 ὲνεγ-

287 4907 559 4975 καμένης,
580 4904 826 4973 κρεῖττον
850 4900 1155 4972 ἡγούμενον
1173 4898 1271 4971 τὴν
1292 4899 1431 4969 μετὰ
1457 4898 1641 4971 θηρῶν
1671 4902 1880 4972 ἀγρίων

290 5001 345 5051 ἐν
376 5000 500 5060 τοῖς
533 4997 716 5067 ὄρεσιν
746 4994 960 5064 οίκησιν
991 4993 1023 5063 ἢ
1053 4993 1115 5046 τὸ
1144 4991 1237 5045 ὑπ’
1278 4989 1458 5046 αὐτῶν
1486 4990 1757 5062 ληφθῆναι
1789 4992 1881 5045 καὶ

291 5090 637 5145 πολυώδυνον
663 5086 1078 5157 ἀπενέγκασθαι
1100 5085 1353 5142 θάνατον.

360 5275 453 5330 ιθ’.
482 5273 630 5344 Πλὴν
660 5274 718 5327 ἐν
753 5272 966 5334 τούτοις
1015 5269 1223 5324 τούτων
1255 5270 1490 5339 ἐχόντων
1523 5267 1688 5321 πάλιν
1719 5266 1879 5337 φοϐε-

294 5366 534 5440 ρὼτερός
578 5383 660 5429 τις
690 5364 797 5418 τῶν
821 5364 921 5435 ἠδη
953 5361 1260 5433 λεχθέντων
1281 5359 1601 5430 ἐξελήλυθεν
1622 5359 1877 5428 ἄγγελος,

290 5461 399 5514 τῶν
439 5460 487 5492 ⁸⁵
542 5457 844 5528 Βαρϐάρων
888 5457 988 5523 τὴν
1037 5453 1225 5523 ἔφοδον
1274 5453 1665 5524 πλησιέστερον
1714 5451 1883 5506 οὖσαν

290 5551 467 5603 ἅπασι
522 5545 1092 5619 προδηλῶν.Νικήτας
1118 5544 1174 5597 δέ
1200 5536 1354 5606 οὗτος
1380 5543 1649 5608 ἐκαλεῖτο,
1680 5558 1884 5612 στρατ-

290 5644 425 5715 ηγδς
469 5643 570 5713 τὴν
607 5639 765 5706 ἀξίαν
821 5641 915 5694 καὶ
952 5638 1053 5709 τὴν
1084 5640 1142 5691 ἐν
1180 5640 1293 5700 τοῖς
1334 5636 1700 5707 βουλεύμασιν
1720 5636 1883 5689 εὐτα-

1986 4639 2134 4678 mum
2173 4622 2460 4677 exercitati
2497 4630 2704 4687 essent,
2750 4621 3176 4692 latrociniisque
3227 4622 3357 4675 olim
3398 4621 3572 4676 dediti

1986 4715 2093 4771 fusi
2128 4730 2325 4771 noxam
2354 4717 2567 4770 cruoris
2588 4716 2851 4785 necisque
2876 4715 3119 4770 studium
3154 4731 3319 4771 omne
3342 4717 3576 4773 habuis-

1986 4818 2129 4875 sent,
2163 4817 2222 4863 ut
2253 4824 2356 4863 nec
2385 4809 2469 4865 vel
2499 4808 2693 4864 auditu
2724 4824 2913 4865 eorum
2946 4810 3237 4880 quisquam
3272 4809 3575 4879 periculum

1986 4900 2265 4955 sustinere
2309 4908 2518 4969 posset,
2550 4899 2646 4955 sed
2679 4900 2887 4970 singuli
2926 4903 3131 4971 quique
3168 4900 3370 4956 festiue
3400 4902 3577 4969 patria

1987 4993 2337 5057 excederent,
2364 4991 2568 5062 quibus
2612 4994 2796 5062 potius
2837 5002 2985 5048 esset
3033 4993 3087 5046 in
3122 4993 3405 5046 montibus
3448 5009 3573 5046 cum

1988 5083 2123 5141 feris
2172 5085 2368 5141 bestiis
2400 5085 2647 5141 habitare
2681 5100 2848 5155 quam
2890 5095 2951 5141 ut
2985 5085 3054 5139 ab
3085 5086 3168 5140 eis
3200 5084 3346 5156 capti
3373 5100 3576 5141 atrum—

1989 5192 2125 5232 nosa
2158 5187 2338 5232 morte
2366 5178 2598 5249 diroque
2630 5180 2878 5235 cruciatu
2905 5180 3173 5250 perirent.
3530 5194 3533 5197 ·

2062 5270 2150 5325 19.
2205 5270 2472 5327 Caeterum
2527 5271 2693 5328 rebus
2745 5287 2804 5328 se
2850 5274 2925 5327 ita
2982 5271 3332 5337 habentibus,
3378 5282 3575 5330 rursus

1988 5361 2131 5415 alius
2163 5362 2391 5417 nuntius
2422 5362 2732 5432 dictusjam
2774 5376 2837 5416 ac
2861 5363 3238 5430 superioribus
3270 5360 3589 5414 terribilior

1986 5452 2154 5518 venit,
2183 5451 2455 5508 Barbaros
2489 5469 2654 5524 quam
2680 5455 2932 5524 proxime
2959 5454 3155 5510 adesse
3183 5452 3446 5508 omnibus
3482 5466 3575 5505 re-

1989 5542 2431 5600 ferent-Niceten
2489 5561 2685 5601 nomen
2731 5546 2873 5614 fuit;
2923 5548 3019 5617 qui
3068 5557 3128 5602 ut
3164 5547 3451 5618 dignitate,
3489 5547 3569 5600 sic

1990 5635 2240 5693 consiliis
2267 5640 2647 5707 componendo
2676 5635 2914 5696 civitatis
2944 5639 3137 5694 ordine
3160 5639 3271 5695 dux
3296 5648 3433 5696 erat.
3458 5638 3571 5692 Suo

1584 5722 1820 5782 VARMS
1876 5727 2289 5785 LECTIONES.

337 5828 389 5863 ’³
427 5827 700 5897 ταχθέντα
721 5828 786 5882 Α.
868 5822 1038 5911 ⁹³ςιὴν
1064 5822 1124 5879 Ρ.

1237 5814 1391 5902 “huic
1418 5819 1476 5877 Ρ.
1542 5824 1612 5901 ,⁸⁸
1633 5821 1742 5877 τῶν
1760 5830 1884 5878 ante
1911 5821 2082 5896 Βαρὸ.
2120 5835 2230 5878 om.
