4094 6458
533 322 643 393 551

1785 321 1817 381 J
1826 318 2126 380 OANNES
2162 316 2599 377 CAMENIATA

3717 313 3826 378 552

520 458 565 497 IS
602 453 827 495 accessu
874 452 1035 508 opem
1086 450 1145 491 se
1196 434 1318 489 urbi
1361 432 1659 487 allaturum
1691 431 2113 503 pollicebatur;

2226 427 2348 493 ξίαν
2379 428 2445 483 ⁸⁸.
2483 424 2653 493 οὗτος
2684 425 2854 481 ἐλθὼν
2894 424 3278 498 συνεπαμῦναι
3322 442 3389 497 τῃ
3420 425 3574 479 πόλει
3609 443 3823 498 κατηγ-

520 531 585 584 ad
624 530 727 582 hoc
756 530 903 582 enim
932 526 1113 581 aiebat
1146 540 1206 580 se
1234 524 1485 589 venisse;
1519 538 1583 576 ac
1606 522 1652 577 si
1675 523 1807 592 quid
1838 522 2112 593 agendum

518 632 686 685 esset,
738 620 808 675 ad
866 621 1053 674 omnia
1114 634 1174 673 se
1217 628 1467 688 paratum
1528 615 2113 670 aﬂirmabat.Verum-

517 713 801 767 enimvero
836 728 931 782 per
958 727 1078 767 eam
1113 711 1333 765 interim
1370 723 1693 778 suspensam
1735 707 1975 763 hostium
2020 723 2116 761 ex-

520 806 942 876 spectationem,
978 804 1367 861 scandalorum
1399 801 1643 856 auctoris
1676 815 1742 855 ac
1784 799 2113 869 nequissimi

521 897 685 968 513
736 897 1006 952 damonis
1050 878 1529 959 machinamento,
1581 893 1854 964 ejusmodi
1905 892 2115 963 aliquid

520 992 740 1053 accidit,
764 1002 826 1045 ut
848 1004 1045 1061 nempe
1079 991 1334 1045 laudatus
1350 978 1571 1058 praetor,
1598 988 1728 1043 dum
1765 987 1820 1041 in
1842 986 2113 1053 Nicetam,

519 1084 614 1153 qui
652 1098 829 1152 nuper
854 1082 1153 1136 advenerat
1183 1082 1201 1150 (
1232 1080 1322 1134 ubi
1359 1089 1475 1134 tum
1516 1082 1563 1135 is
1584 1080 1924 1136 exstruendo
1955 1094 2115 1135 muro

520 1190 742 1243 operam
779 1172 964 1243 dabat)
1004 1189 1148 1242 eqnu
1179 1173 1430 1227 insidens
1462 1170 1769 1237 incidisset,
1799 1180 1854 1226 et
1887 1187 2013 1227 cum
2050 1189 2116 1229 eo

520 1266 683 1335 quasi
704 1265 885 1319 amico
908 1274 1232 1319 consuetam
1261 1264 1466 1318 mutuis
1493 1264 1874 1334 complexibus
1902 1266 2114 1321 saluta-

519 1357 727 1413 tionem
778 1356 1056 1425 complere
1104 1356 1285 1411 visum
1328 1365 1496 1419 esset,
1542 1355 1663 1426 ipso
1712 1374 1934 1428 quoque
1969 1374 2114 1429 equo

520 1446 814 1513 insidente,
854 1462 957 1502 nec
985 1454 1148 1502 caute
1189 1447 1327 1502 satis
1373 1448 1528 1502 frena
1566 1458 1760 1504 tenens
1784 1489 1798 1513 ,
1831 1450 1952 1504 diro
1981 1467 2113 1505 casu

519 1539 820 1608 multisque
867 1538 1131 1609 lacrymis
1164 1536 1552 1608 prosequendo
1607 1536 1926 1592 laederetur.
1978 1537 2116 1592 Nam

519 1630 798 1685 obturbati
825 1631 976 1700 equi,
1011 1640 1066 1685 et
1091 1630 1387 1685 immanius
1422 1630 1467 1686 is
1508 1646 1619 1700 quo
1653 1630 1772 1700 ipse
1812 1631 2115 1697 ferebatur,

519 1722 755 1776 naturali
793 1722 981 1778 furore
1016 1722 1282 1794 percitus,
1320 1722 1546 1778 reducta
1592 1725 1805 1780 cervice
1844 1732 2010 1794 atque
2044 1725 2118 1778 ri-

520 1819 644 1889 gide
670 1830 854 1875 erecta
896 1820 1027 1890 juba
1056 1862 1071 1884 ,
1101 1828 1316 1875 rectum
1351 1834 1474 1875 sese
1498 1821 1798 1877 sustollens
1830 1836 1955 1876 eum
1987 1820 2119 1877 sede

519 1912 762 1981 expulit,
798 1911 890 1981 qui
919 1926 1013 1981 per
1033 1908 1265 1965 caudam
1298 1910 1594 1966 devolutus
1621 1919 1674 1966 et
1704 1911 1759 1965 in
1780 1909 1961 1967 solum
1994 1925 2120 1983 pro-

520 2014 750 2068 stratus,
782 2019 920 2058 coxa
953 2003 1148 2059 dextra
1175 2012 1230 2057 et
1257 2004 1408 2058 circa
1434 2004 1668 2075 cotylem
1700 2005 1962 2060 membris
1999 2005 2117 2061 col-

521 2095 663 2157 lisis,
691 2095 765 2149 ita
797 2096 996 2151 misere
1027 2095 1250 2150 habitus
1273 2102 1358 2149 est
1389 2104 1449 2150 ut
1474 2105 1528 2151 et
1557 2095 1624 2151 de
1645 2097 1751 2151 vita
1774 2097 1895 2167 ipsa
1916 2097 2118 2169 despe-

523 2196 687 2242 raret.
755 2186 891 2242 Eum
954 2187 1211 2243 militaris
1266 2188 1514 2243 cohortis
1559 2188 1867 2257 satellites,
1927 2190 2118 2244 statim

520 2281 775 2336 manilms
801 2281 1106 2346 sublatum,
1130 2281 1356 2336 domum
1391 2282 1761 2348 adduxerunt,
1791 2281 2019 2345 nullam,
2058 2288 2119 2335 ut

525 2389 624 2444 par
659 2383 781 2438 est,
819 2375 1081 2445 deinceps
1116 2390 1310 2429 corum
1354 2390 1477 2445 qua:
1516 2373 1571 2427 in
1625 2375 1880 2429 manibus
1926 2381 2119 2429 essent

520 2480 712 2519 curam
759 2466 1098 2520 habiturum.
1140 2464 1366 2521 Iacebat
1405 2465 1591 2536 itaque
1632 2466 1716 2520 vir
1755 2464 2118 2521 intolerandis

522 2558 752 2615 affectus
798 2560 1106 2625 doloribus,
1162 2560 1418 2615 nesciens
1461 2559 1552 2613 cui
1593 2559 1831 2630 primum
1871 2560 2116 2614 animum

522 2651 828 2706 adhiberet.
860 2651 1140 2707 Trahebat
1176 2653 1325 2706 enim
1360 2653 1544 2721 ipsum
1597 2654 1940 2708 imminentis
1974 2654 2116 2724 peri-

520 2744 630 2795 culi
678 2744 1020 2809 sollicitudo,
1049 2745 1326 2813 quomodo
1357 2760 1535 2814 quave
1573 2745 1787 2800 ratione
1822 2745 2013 2800 urbem
2049 2745 2121 2800 ab

522 2833 808 2891 invasione
839 2836 1210 2891 Barbarorum
1245 2846 1417 2892 tutam
1452 2846 1743 2906 servaret;
1777 2841 1951 2909 magis
1987 2854 2117 2893 vero

518 2935 713 2983 contra
745 2930 1001 2985 trahebat
1028 2930 1097 2985 ad
1124 2946 1294 3002 seque
1324 2932 1643 2988 retrahebat
1671 2934 1980 2988 acerrimus
2011 2932 2117 2987 do-

520 3018 605 3073 lor
632 3029 687 3075 et
722 3022 1095 3078 membrorum
1131 3022 1376 3078 fractura
1403 3063 1418 3085 ,
1452 3039 1578 3094 qua:
1617 3034 1849 3079 mortem
1887 3024 2113 3078 minita-

2217 523 2386 590 γυᾶτο
2422 523 2521 592 (είς
2547 522 2707 575 τοῦτο
2749 521 2857 592 γὰρ
2879 520 3078 590 ἔλεγεν
3126 520 3402 592 ἀφῖχθαι),
3425 521 3519 574 καὶ
3545 521 3600 573 εἷ
3623 539 3675 573 τι
3704 520 3823 575 δέοι

2218 617 2506 686 πράττειν,
2566 615 2802 685 ἑτοίμως
2858 615 3003 687 ἐχειν
3057 614 3478 671 καθυπετίθετο.
3540 615 3691 687 Πλὴν
3738 618 3824 670 ὅτι

2220 704 2424 773 συνέϐη
2444 723 2499 758 τι
2525 705 2618 759 καὶ
2642 706 2889 760 τοιοῦτον
2917 706 3177 775 γενέσθαι
3212 706 3419 777 μεταξὺ
3447 707 3549 775 τῆς
3583 707 3825 776 προσδο-

2218 795 2345 860 κίας
2384 796 2496 852 τῶν
2545 798 2823 868 πολεμίων
2855 798 2915 864 ἐξ
2945 799 3194 860 ἐπινοίας
3238 797 3333 850 τοῦ
3373 796 3822 868 σκανδαλουργοῦ

2219 891 2313 945 καὶ
2378 893 2752 962 πονηροτάτου
2799 889 3081 961 δαίμονος.
3152 890 3211 945 '0
3271 891 3384 961 γὰρ
3444 891 3547 961 ήδη
3602 889 3826 961 λεχθεὶς

2221 984 2528 1056 στρατηγὸς
2575 985 2753 1057 τούτῳ
2804 985 2869 1056 δὴ
2901 984 2980 1054 τῷ
3010 986 3208 1039 νεωστὶ⁸
3249 983 3685 1055 παραγενομένῳ
3720 984 3827 1038 Νι-

2220 1078 2362 1147 κήτᾳ
2413 1077 2580 1130 αὑτοῦ
2631 1077 2715 1149 [Ρ.
2745 1076 2876 1148 555]
2914 1094 3018 1130 που
3076 1076 3209 1146 περὶ
3257 1078 3357 1146 τὴν
3398 1075 3693 1147 οἰκοδομὴν
3720 1077 3824 1131 τοῦ

2218 1171 2433 1241 τείχους
2480 1169 2603 1224 κατ’
2665 1171 2841 1242 ἀρχὰς
2876 1169 3117 1241 ἐντυχὼν
3150 1171 3301 1241 ἵππῳ
3359 1169 3710 1240 ἐφεζόμενος,
3743 1170 3826 1235 ὡς

2218 1259 2319 1330 τὴν
2346 1259 2554 1331 συνήθη
2591 1260 2728 1332 πρὸς
2777 1261 2872 1316 τὸν
2933 1262 3088 1330 φίλον
3118 1261 3299 1327 ἔδοξεν
3353 1262 3711 1334 ἐκπληρῶσαι
3739 1262 3823 1329 τῷ

2220 1351 2500 1422 ἀσπασμῷ
2525 1355 2926 1424 προσηγορίαν,
2950 1354 3047 1409 καὶ
3079 1354 3243 1409 αὐτὸν
3272 1355 3424 1425 ἵππῳ
3455 1356 3498 1386 ⁸⁷
3523 1354 3825 1423 ἐγκαθεζό-

2224 1460 2405 1513 μενον,
2464 1444 2558 1497 τοῦ
2617 1447 2853 1515 ῥυτῆρος
2916 1446 3204 1517 ἀμελήσας
3265 1447 3442 1500 δεινόν
3490 1465 3543 1499 τι
3576 1448 3822 1501 πέπονθε

2220 1538 2454 1607 πρᾶγμα
2479 1536 2572 1589 καὶ
2604 1536 2817 1591 πολλῶν
2838 1538 3092 1609 δακρύων
3124 1539 3370 1605 ἐπάξιον.
3414 1538 3827 1610 Ἐκταραχθένο

2220 1642 2312 1691 τες
2361 1629 2411 1680 οἱ
2462 1628 2641 1695 ἵπποι,
2680 1630 2776 1684 καὶ
2815 1631 2984 1684 πλέον
3034 1625 3192 1696 οὗτος
3242 1631 3329 1701 ἐφ’
3362 1630 3471 1685 ὂνό
3511 1633 3827 1703 στρατηγός

2222 1722 2532 1788 κεκαθίκει,
2557 1724 2623 1794 τῇ
2660 1726 2865 1795 φυσικῇ
2902 1725 3075 1795 μανίᾳ
3124 1724 3359 1795 πληγεὶς
3384 1724 3477 1779 τόν
3506 1741 3566 1779 τε
3612 1725 3827 1795 αὐχένα

2150 1781 2193 1837 Β
2225 1814 2475 1883 (τιμώσας
2508 1781 2736 1888 καίιτῖὴν
2769 1781 2950 1889 κόμην
3004 1781 3439 1889 φρίξας,”δρθιον
3489 1781 3826 1889 spongea;

2221 1906 2383 1978 ἔδρας
2436 1908 2483 1940 ’⁸
2540 1907 2704 1963 αὑτὸν
2757 1908 3086 1974 ἀπεϐάλετο,
3123 1911 3216 1965 καὶ
3245 1912 3312 1964 ὲκ
3340 1910 3431 1964 τοῦ
3479 1912 3618 1982 πρὸς
3647 1910 3826 1980 οὐρὰν

2221 1998 2561 2071 κυϐιστήσας
2606 1999 2703 2054 καὶ
2756 2001 2893 2072 πρὸς
2917 2000 3183 2071 τοῦδαφος
3216 2004 3398 2072 ριφεὶς
3428 2002 3522 2055 τὸν
3552 2000 3731 2066 δεξιόν
3758 2019 3824 2055 τι

2223 2089 2402 2161 μηρὸν
2424 2090 2607 2145 καὶτὰ
2630 2091 2768 2162 πρὸς
2798 2092 2899 2163 τὴν
2937 2091 3174 2164 κοτύλην
3202 2091 3339 2163 μέλη
3364 2092 3620 2157 θλασθεὶς
3646 2093 3829 2147 ἐλεει-

2220 2181 2310 2246 νὸς
2340 2176 2408 2252 ἦν
2453 2182 2547 2249 καὶ
2595 2183 2770 2253 αὐτῆς
2798 2183 2899 2254 τῆς
2953 2185 3099 2255 ζωῆς
3136 2183 3392 2239 ἀπειπών
3415 2202 3427 2215 ·
3457 2185 3517 2239 ὃν
3550 2188 3600 2239 οἱ
3640 2189 3742 2257 τῆς
3773 2187 3825 2220 ⁸⁸

2222 2277 2627 2346 στρατιωτικῆς
2673 2275 2884 2341 τάξεως
2937 2277 3231 2348 δορυφόροι
3286 2279 3636 2351 παραχρῆμα
3697 2283 3830 2345 ταῖς

2219 2366 2408 2437 χερσὶν
2446 2367 2765 2439 ἀνελόμενοι
2806 2369 3018 2439 ἀπῆγον
3041 2369 3248 2435 οἴκαδε,
3280 2371 3466 2441 μηδὲν,
3486 2370 3563 2434 ὡς
3595 2372 3745 2435 είκδς
3776 2375 3827 2438 ⁸,

2220 2459 2351 2529 περὶ
2385 2458 2494 2514 τῶν
2520 2460 2902 2531 προκειμένων
2930 2463 3277 2533 πραγμάτων
3308 2466 3403 2517 τοῦ
3432 2464 3627 2519 λοιποῦ
3647 2482 3823 2534 φρον-

2219 2550 2336 2604 τιού
2346 2569 2529 2622 μενον.
2564 2554 2786 2607 Ἐκειτο
2812 2553 2878 2625 δὴ
2899 2555 2928 2607 ό
2956 2554 3096 2626 ἀνὴρ
3123 2555 3337 2619 ὀδύναις
3362 2558 3662 2629 ἀφορήτοις
3686 2559 3825 2630 βλη-

2221 2643 2355 2709 θεὶς,
2419 2644 2520 2697 οὐκ
2581 2644 2722 2716 ἔχων
2787 2639 2944 2714 ᾧτινι
2976 2646 3193 2717 πρῶτον
3232 2648 3322 2701 τὸν
3355 2650 3479 2703 νοῦν
3518 2651 3818 2722 ἑπαφήσει.

2220 2730 2387 2787 Εἷλκε
2444 2736 2543 2805 μὲν
2570 2738 2678 2807 γὰρ
2703 2738 2869 2791 αὐτὸν
2913 2739 2946 2807 ὴ
2978 2739 3201 2807 φροντὶς
3231 2738 3325 2792 τοῦ
3357 2739 3822 2811 προσδοκωμένου

2220 2828 2489 2893 κινδύνου,
2515 2828 2634 2892 πῶς
2666 2830 2761 2883 καὶ
2795 2830 2918 2883 τίνα
2946 2832 3150 2898 τρόπον
3182 2832 3486 2904 περισώσει
3526 2834 3619 2904 τὴν
3650 2833 3811 2887 πόλιν

2219 2921 2286 2974 ἐκ
2317 2923 2337 2953 ²
2360 2922 2457 2991 τῆς
2479 2922 2781 2994 ἐπιδρομῆς
2817 2924 2927 2977 τῶν
2959 2925 3259 2996 Βαρϐάρων
3283 2942 3293 2955 ·
3325 2925 3575 2980 ἀνθεῖλκε
3598 2927 3656 2981 δὲ
3682 2928 3776 2982 τοῦ
3799 2957 3814 2970 ο

2220 3032 2310 3068 τον
2339 3016 2476 3086 πρὸς
2500 3017 2694 3070 ἐαυτὸν
2717 3017 2881 3070 πλέον
2913 3020 2945 3088 ἡ
2981 3018 3204 3090 δριμεῖα
3238 3019 3400 3091 ὀδύνη
3433 3021 3529 3074 καὶ
3556 3020 3617 3074 τὸ
3644 3021 3818 3076 θάνα-

518 3112 702 3178 batur,
753 3115 1104 3185 propriazque
1150 3116 1311 3172 saluti
1363 3115 1573 3186 reliqua
1608 3117 1987 3185 posthabenda
2016 3116 2110 3181 _illi

2223 3124 2315 3161 τον
2368 3108 2614 3162 ἀπειλεῖν
2672 3110 2781 3162 τῶν
2836 3111 3157 3181 πληγέντων
3189 3112 3369 3181 μελῶν
3405 3113 3465 3168 τὸ
3492 3114 3684 3181 πάθος,
3722 3118 3822 3171 καὶ

517 3208 870 3277 suggerebat.
900 3206 993 3262 Sic
1030 3209 1084 3261 in
1116 3208 1297 3263 medio
1328 3206 1563 3262 duorum
1603 3209 1875 3263 malorum
1904 3210 2114 3279 positus

518 3314 583 3353 ac
634 3308 869 3370 utroque
911 3299 1200 3365 fatiscens,
1247 3301 1526 3373 quidquid
1560 3302 1889 3356 necessaria:
1934 3318 2118 3373 opera:

519 3390 884 3453 incumberet,
941 3391 1321 3460 ineptissimus
1379 3401 1519 3446 crat.
1580 3390 1952 3447 Nihilominus
2014 3410 2116 3450 nos

520 3491 752 3552 urgente
780 3500 968 3539 rerum
1002 3483 1166 3555 514
1208 3484 1473 3549 articulo,
1508 3485 1756 3536 turribus
1786 3484 2114 3553 quibusdam

516 3591 584 3629 ex
617 3575 764 3646 ligno
791 3576 1072 3645 congestis
1103 3576 1156 3630 in
1186 3584 1344 3646 parte
1373 3575 1517 3629 muri
1545 3578 1786 3646 collapsa
1815 3578 2116 3632 exstructis

516 3673 682 3735 atque
709 3668 971 3733 admotis,
1004 3667 1234 3722 leuioris
1260 3666 1421 3723 nobis
1451 3668 1567 3737 spei
1602 3669 1861 3738 pusillum
1892 3670 2117 3741 aliquod

518 3758 864 3829 refrigerium
907 3761 1327 3823 suscitavimus,
1365 3771 1625 3830 tanquam
1668 3763 1763 3832 qui
1793 3778 1825 3817 e
1860 3764 1979 3818 loco
2021 3779 2116 3818 su-

518 3852 718 3920 periori
750 3861 1052 3924 pugnatum
1075 3868 1107 3908 e
1126 3855 1263 3909 mari
1288 3854 1573 3909 venientes
1592 3869 1802 3920 arcere,
1826 3872 1929 3911 nec
1957 3873 2116 3913 muro

516 3943 777 3998 accedere
802 3943 1141 4014 sinistraque
1164 3945 1386 4014 explere
1410 3945 1644 4000 consilia
1675 3946 1855 4001 sinere
1888 3948 2117 4003 habere-

516 4052 662 4091 mus.
701 4035 808 4091 Sed
840 4045 997 4091 erant
1034 4037 1152 4092 haec
1189 4036 1570 4092 festinantium
1613 4037 1836 4093 subtilia
1868 4038 2112 4105 iuventa,

514 4143 638 4181 cum
670 4128 921 4183 videlicet
966 4136 1146 4185 metus
1186 4129 1489 4183 necessitas
1526 4128 1713 4183 inania
1744 4130 1858 4185 haec
1893 4132 2117 4200 επιεοεί-

514 4215 682 4272 tanda
714 4218 883 4273 menti
919 4218 1190 4287 ingereret
1230 4235 1247 4285 ;
1307 4218 1548 4286 tametsi,
1589 4221 1735 4289 quod
1776 4222 1851 4275 ait
1892 4223 2114 4291 sapiens

516 4310 764 4379 quidam,
798 4311 1145 4379 ingeniosum
1182 4322 1347 4381 atque
1377 4312 1552 4367 solers
1578 4322 1662 4367 est
1691 4314 1959 4385 quidquid
1990 4332 2113 4387 pre—

516 4404 703 4458 mitur.
730 4404 901 4459 Nemo
928 4404 1073 4458 enim
1097 4404 1153 4459 in
1169 4405 1328 4459 nobis
1351 4405 1575 4475 eratqni
1603 4406 1778 4463 ﬁrmis
1800 4410 2111 4467 rationibus

2220 3189 2474 3255 ἀνέπειθέ
2528 3203 2695 3272 μηδὲν
2727 3204 2916 3273 ἕτερον
2950 3208 3233 3277 προτιμᾷν
3280 3208 3378 3277 τῆς
3408 3208 3603 3262 ἑαυτοῦ
3636 3227 3822 3283 σωτη-

2222 3295 2364 3365 ρίας.
2395 3294 2506 3346 Καὶ
2528 3296 2548 3326 ³
2581 3294 2754 3360 οὕτως
2780 3296 2838 3349 ἐν
2872 3297 3112 3370 μεθορίῳ
3142 3299 3238 3352 δύο
3265 3299 3522 3369 χαλεπῶν
3561 3302 3823 3373 κείμενος

2219 3387 2314 3440 καὶ
2344 3386 2403 3451 ἐξ
2430 3387 2697 3459 ἐκατέρου
2726 3388 3032 3457 νικώμενος
3068 3392 3205 3463 πρὸς
3230 3395 3411 3446 πᾶσαν
3439 3394 3731 3467 ἐνέργειαν
3754 3393 3824 3468 ἦν

2218 3478 2325 3533 τῶν
2381 3479 2609 3534 δεόντων
2658 3482 3058 3553 ἀνεπιτήδειος.
3094 3484 3244 3554 Πλὴν
3272 3485 3360 3540 διά
3386 3486 3449 3541 τὸ
3488 3492 3825 3558 κατεπεῖγον

2218 3568 2312 3623 τοῦ
2340 3570 2545 3643 καιροῦ
2565 3572 2810 3644 πύργους
2830 3572 2982 3637 τινάς
3011 3574 3433 3641 ξυλοσυνθέτους
3448 3578 3528 3650 τῷ
3555 3580 3635 3634 διε
3644 3582 3822 3653 (5pm;-

2220 3661 2340 3715 κότι
2390 3666 2550 3734 μέρει
2605 3663 2699 3717 τοῦ
2752 3664 2969 3734 τείχους
3022 3667 3186 3737 ἡμεῖς
3215 3667 3588 3741 δομησάμενοί
3625 3690 3688 3725 τε
3725 3678 3823 3729 καὶ

2220 3757 2711 3825 προσπελάσαντες
2763 3759 2954 3829 ὀλίγην
3010 3761 3134 3814 τινὰ
3189 3763 3547 3837 παρέσχομεν
3597 3767 3812 3831 ἑαυτοῖς

2218 3852 2466 3923 χρηστῆς
2494 3853 2713 3917 ἐλπίδος
2744 3855 3050 3929 ἀναψυχὴν,
3079 3857 3155 3921 ὡς
3178 3856 3340 3926 δῆθεν
3363 3859 3457 3927 ἀφ’
3490 3857 3663 3928 ὕψους
3686 3864 3818 3924 τοὺς

2217 3943 2326 3996 ἀπὸ
2349 3944 2449 4013 τῆς
2474 3944 2750 4017 θαλάσσης
2781 3949 3113 4020 ἐρχομένους
3138 3950 3428 4021 ἀπείργειν
3464 3953 3561 4006 καὶ
3592 3953 3670 4025 μὴ
3705 3972 3820 4008 πα·

2220 4039 2493 4106 ραχωρεῖν
2524 4038 2708 4101 αὐτοῖς
2743 4040 2970 4110 πλησίον
2997 4041 3132 4097 ἱέναι
3157 4042 3179 4073 ⁸
3200 4042 3296 4096 τοῦ
3342 4042 3558 4113 τείχους
3594 4046 3689 4097 καὶ
3717 4047 3821 4109 τὰς

2219 4128 2586 4193 κακοϐουλίας
2618 4131 2799 4184 αὐτῶν
2850 4135 3119 4204 ἐνεργεῖν.
3167 4134 3352 4189 Ταῦτα
3376 4135 3434 4187 δὲ
3467 4136 3821 4192 σπευδόντων

2217 4215 2287 4290 ἦν
2316 4223 2680 4292 ὲφευρήματα
2715 4224 2758 4289 ⁸,
2805 4227 2904 4294 τῆς
2939 4227 3189 4295 ἀνάγκης
3234 4227 3329 4281 τοῦ
3359 4228 3527 4298 φόϐου
3554 4229 3654 4293 τάς
3684 4233 3820 4286 ἐπι-

2217 4316 2367 4377 νοίας
2396 4315 2505 4368 τῶν
2535 4316 2785 4384 ματαίων
2838 4318 3242 4392 ὑποϐαλούσης,
3278 4323 3327 4375 εί
3376 4325 3470 4377 καὶ
3493 4324 3593 4388 ὅτι,
3624 4325 3818 4389 καθώς

2217 4423 2299 4470 τις
2327 4407 2432 4477 ἔφη
2459 4409 2642 4485 σοφὸς,
2674 4409 2985 4479 εὐμήχανόν
3015 4413 3164 4466 ἐστιν
3192 4417 3339 4468 ἅπαν
3366 4417 3426 4470 τὸ
3456 4417 3818 4487 πιεζόμενον.

516 4500 782 4555 adversus
805 4500 1049 4555 futurum
1077 4500 1191 4557 sive
1224 4502 1370 4555 mala
1396 4516 1516 4571 qua:
1535 4510 1798 4560 eventura
1822 4516 2111 4576 exspecta-

2217 4499 2331 4552 Οὐκ
2463 4500 2572 4570 γὰρ
2593 4474 2753 4565 ὅστις
2770 4474 2832 4555 ἐν
2843 4474 2986 4573 *ἡμῖν
3019 4504 3256 4574 βεϐαίως
3277 4509 3422 4561 κατὰ
3450 4474 3818 4579 τοῦ-μέλλον-

515 4593 718 4647 bantur
752 4592 1110 4649 deliberaret.

585 4688 677 4741 20.
718 4687 917 4741 Verum
957 4690 1218 4757 quoniam
1261 4690 1391 4747 laeso
1442 4700 1675 4762 praetore
1714 4695 1887 4750 nostri
1929 4696 2111 4752 omnis

518 4794 652 4837 cura
684 4778 740 4832 in
771 4779 978 4832 dictum
1016 4778 1257 4835 Nicetam
1305 4784 1574 4838 translata
1602 4793 1721 4841 erat
1741 4826 1756 4849 ,
1786 4789 1952 4858 coepit
1989 4790 2111 4860 ipse

515 4884 733 4938 quoque
759 4884 857 4939 pro
895 4869 1060 4933 virili,
1090 4886 1209 4937 qua:
1233 4887 1454 4927 suarum
1481 4876 1719 4945 partium
1743 4887 1923 4946 erant,
1952 4881 2111 4935 exhi-

512 4960 666 5013 bere.
724 4958 920 5013 Aiebat
965 4974 1093 5014 vero
1148 4960 1453 5016 vicinorum
1515 4963 1940 5035 Sclavenorum,
1988 4979 2103 5024 tum

515 5064 705 5104 eorum
738 5050 831 5119 qui
886 5053 989 5106 sub
1019 5061 1204 5107 nostra
1237 5052 1446 5109 ditione
1484 5066 1662 5121 erant,
1706 5068 1822 5113 tum
1872 5061 1966 5130 qui
2001 5061 2107 5117 sub

516 5149 787 5211 potestate
816 5141 974 5197 ducis
1004 5140 1340 5214 Strymonis,
1370 5156 1428 5199 ut
1460 5148 1785 5217 imperatum
1818 5163 1959 5217 erat,
1994 5169 2106 5207 ma-

513 5248 675 5304 gnam
715 5231 1123 5287 multitudinem
1162 5235 1216 5287 in
1245 5235 1435 5289 urbem
1474 5252 1890 5308 concessuram,
1927 5242 2102 5312 sagit-

514 5325 660 5380 tandi
684 5337 800 5380 arte
831 5325 1342 5392 insrructissimam,
1362 5344 1427 5382 ne
1445 5329 1551 5400 ipsi
1579 5332 1718 5389 forte
1732 5350 1830 5403 pro
1860 5336 2102 5391 hostium

512 5425 790 5473 armatura
828 5433 891 5472 ac
928 5420 1167 5488 potentia
1204 5435 1314 5474 non
1361 5423 1498 5477 satis
1543 5422 1799 5481 instructi
1842 5429 2111 5485 invenire-

512 5525 656 5576 mur,
689 5509 787 5565 sed
817 5510 1144 5567 haberemus
1178 5511 1323 5568 unde
1354 5514 1586 5583 primam
1619 5518 1837 5574 illorum
1874 5535 2097 5591 aggres-

2211 4608 2303 4654 τος
2336 4592 2598 4662 σκέψεται
2624 4595 2657 4667 ἢ
2691 4595 2793 4665 τῆς
2823 4595 2933 4648 τῶν
2967 4598 3341 4671 ἐλπιζομένων
3372 4602 3675 4667 ἐκϐάσεως.

2285 4689 2355 4738 κ’.
2384 4684 2577 4755 Ὅμως
2607 4686 2797 4760 ἐπειδὴ
2820 4688 2915 4742 τοῦ
2943 4692 3254 4763 στρατηγοῦ
3288 4694 3591 4763 πληγέντος
3620 4698 3653 4767 ἡ
3678 4699 3817 4769 περ)⁵

2212 4777 2372 4849 ἡμῶν
2409 4777 2600 4834 ἅπασα
2654 4783 2879 4852 φροντὶς
2905 4784 2988 4847 είς
3018 4784 3110 4838 τὸν
3145 4785 3382 4857 ρηθέντα
3412 4789 3601 4861 μετῄει
3635 4791 3811 4863 Νικήο

2211 4887 2332 4935 ταν,
2369 4871 2568 4942 ήρχετο
2598 4874 2692 4926 καὶ
2722 4874 2884 4938 αὐτὸς
2908 4875 2979 4929 τὰ
2999 4876 3130 4947 παρ’
3151 4878 3347 4933 ἐαυτοῦ
3371 4880 3431 4934 τὸ
3465 4882 3607 4935 κατά
3636 4884 3809 4938 δύνα-

2219 4982 2311 5035 μιν
2364 4964 2796 5034 ἐπιδείκνυσθαι,
2832 4968 2989 5035 ἔλεγε
3036 4969 3095 5021 δὲ
3130 4972 3225 5025 καὶ
3259 4973 3367 5028 τῶν
3406 4974 3816 5049 πλησιοχώρων

2217 5056 2568 5129 Σκλαϐήνων,
2597 5058 2706 5113 τῶν
2729 5076 2789 5113 τε
2822 5059 2913 5127 ὑφ’
2936 5062 3087 5131 ἡμᾶς
3110 5063 3411 5121 τελούντων
3435 5069 3529 5121 καὶ
3560 5070 3671 5124 τῶν
3703 5072 3821 5126 ὑπὸ

2211 5155 2303 5209 τὸν
2335 5157 2640 5227 στρατηγὸν
2671 5158 2692 5188 ⁸
2723 5159 3058 5228 Στρυμόνος,
3085 5162 3290 5233 πλῆθος
3334 5165 3469 5218 πολὺ
3502 5171 3819 5237 προστετά-

2211 5246 2337 5317 χθαι
2362 5284 2365 5285 ν
2391 5248 2771 5319 συνελάσαιτῇ
2819 5251 2996 5317 πόλει,
3036 5250 3123 5323 [Ρ.
3169 5256 3297 5328 554]
3332 5258 3432 5327 τῆς
3459 5257 3684 5330 τοξικῆς
3708 5262 3823 5331 ἐμ-

2211 5340 2437 5409 πείρων,
2476 5342 2551 5403 ὠς
2585 5340 2652 5395 ἂν
2685 5343 2813 5414 μηδ’
2851 5346 3015 5415 ἡμεῖς
3042 5349 3204 5421 τυχὸν
3232 5352 3552 5424 εύρεθῶμεν
3572 5355 3673 5423 τῆς
3696 5356 3819 5408 τῶν

2213 5433 2477 5487 ἐναντίων
2511 5434 2785 5501 ἐνδέοντες
2842 5442 3170 5506 πανοπλίας,
3203 5444 3320 5497 ἀλλ’
3351 5446 3565 5517 ἔχωμεν
3595 5444 3675 5512 οἷς
3705 5450 3819 5515 τὴν

2213 5523 2439 5592 πρώτην
2455 5524 2636 5579 αὐτῶν
2656 5528 3116 5603 ἀποκρουσάμεθα
3139 5536 3469 5608 προσϐολήν.
3510 5540 3575 5591 Ὅ
3608 5540 3702 5592 καὶ
3724 5542 3819 5604 εἰς

1820 5633 2060 5691 VARUE
2103 5636 2511 5711 LECTIONES.

594 5722 907 5798 ξκεύταξίαν
928 5724 1293 5798 Comhefisius
1323 5744 1422 5798 pro
1447 5728 1696 5795 ἀταξίαν·

517 5787 663 5851 etab;
687 5787 810 5847 AP.
862 5795 882 5824 '
907 5797 970 5848 ἐκ
994 5810 1101 5852 om.
1135 5796 1195 5851 P.

1263 5743 1293 5830 ἕ,
1311 5734 1697 5837 Εἱρῆάἰαξῐξανί
1750 5799 1773 5837 τ
1806 5734 1851 5837 1’
1881 5734 2047 5837 ign-0‘:
2066 5736 2152 5837 ἃΑ.
2226 5736 2273 5837 9:
2302 5737 2397 5789 καὶ
2430 5735 2764 5837 τῂν-εὲδρας
2790 5755 2898 5796 om.
2926 5741 2987 5798 P.
3032 5746 3091 5828 ξ’
3258 5763 3366 5802 om.
3512 5756 3527 5787 ¹
3548 5752 3819 5837 ,μηδενὸς

1311 5800 1405 5853 καὶ
1430 5815 1539 5855 om.
1570 5803 1629 5855 Ρ.
1677 5803 1697 5833 ⁸
1721 5799 1860 5858 εἶναι
1892 5804 1953 5859 P.
2022 5808 2041 5838 '
2065 5808 2421 5880 ἐρευρέματα
2447 5799 2513 5862 Δ’.
2578 5812 2610 5886 ,⁸
2636 5799 3377 5896 τῶν-στρατηγῶνῧΑβεοῖιί.
