4094 6412
413 281 518 344 559

1634 285 1676 344 ·.Ῐ
1682 285 1885 344 ΟΛΝΝ
1892 287 1980 346 ES
2005 287 2274 346 CAMEN
2284 287 2456 348 ΙΑΤΑ

3582 290 3690 353 560

412 395 542 450 bilis
575 391 742 448 ardor
773 391 1038 448 l‘undemli
1083 393 1318 449 humani
1355 395 1594 461 cruoris,
1636 413 1700 452 ac
1729 399 1819 453 cui
1866 399 1980 454 nilii

2114 400 2281 472 μηδὲν
2319 400 2506 472 ἕτερον
2538 403 2810 473 προτιμᾷν
2864 403 2964 472 τῆς
3009 404 3116 458 τῶν
3151 407 3495 480 Χριστιανῶν
3539 411 3692 464 ἀναι-

412 486 640 557 maioris
671 485 745 540 sit
776 487 1062 557 plurisque
1093 487 1363 542 habeatur
1393 487 1836 547 Christianorum
1889 507 1996 551 cae-

412 578 599 633 dibus.
627 576 691 632 Id
718 579 866 633 enim
905 593 1030 633 cum
1063 587 1117 633 et
1149 579 1266 650 ipse
1309 579 1618 652 aliquando
1663 581 1880 648 £uisset,
1929 599 1994 640 ac

413 670 644 727 salutari
676 677 904 725 renatus
944 671 1276 741 baptismate
1308 686 1488 743 coque
1538 673 1813 729 formatus
1864 675 1994 730 reli-

412 762 592 834 gionis
623 774 834 820 nostra.
855 764 1114 834 mysteria
1145 763 1372 821 edoctus
1405 766 1670 831 esset,.ab
1695 765 1888 823 iisdem
1909 781 1996 823 ca-

415 866 540 926 ptus
571 854 1008 926 Barbarishpiam
1045 857 1207 912 ﬁdem
1255 858 1477 913 illorum
1535 858 1816 930 impietate
1840 874 1993 914 com-

414 945 666 1010 mutavit,
696 943 856 1015 521
890 945 1134 1016 nihilque
1161 946 1312 1001 aliud
1344 947 1456 1003 illis
1483 949 1697 1020 gratius
1731 960 1993 1018 praestare

411 1037 576 1094 habet
604 1053 774 1108 .quam
811 1039 1041 1110 utquod
1066 1047 1298 1094 vocatur
1321 1039 1486 1096 factis
1514 1041 1650 1110 ipsis
1685 1041 1993 1110 conﬁrmet,

410 1127 828 1198 desertorisque
858 1142 922 1182 ac
979 1127 1259 1199 praedonis
1292 1138 1524 1185 cruenta
1559 1129 1804 1186 facinora
1839 1131 1993 1186 exhi-

408 1217 544 1276 bens
578 1234 642 1272 ex
674 1218 742 1274 iis
772 1233 995 1288 quoque
1049 1217 1153 1273 sibi
1194 1219 1484 1290 magniﬁce
1513 1220 1730 1289 placeat
1779 1236 1842 1276 ac
1896 1237 1993 1277 su-

409 1310 645 1381 perbiat.
675 1309 774 1364 llic
821 1308 990 1380 igitur
1021 1309 1431 1367 immansuetus
1470 1313 1832 1382 desertorque
1883 1312 1994 1370 Leo

407 1403 545 1476 navi,
559 1418 658 1473 per
685 1417 836 1462 mare
858 1403 1267 1464 circumvectus
1295 1420 1515 1464 murum
1549 1405 1898 1477 dispiciebat,
1929 1423 1995 1461 ac

405 1513 514 1568 qua
534 1506 696 1568 parte
729 1498 993 1567 impetum
1024 1495 1181 1553 daret
1203 1498 1482 1557 malitiose
1511 1513 1576 1554 ac
1624 1499 1870 1555 maleﬁce
1895 1515 1993 1554 co,

405 1590 634 1662 gitabat.
659 1588 894 1660 Reliqua
926 1590 1128 1646 classis
1143 1591 1229 1649 ad
1259 1591 1845 1650 littoris.orientalem
1876 1591 1994 1660 pla-

405 1700 528 1756 gam
563 1683 833 1740 subducta
869 1685 1225 1754 inapparatu
1283 1684 1614 1740 instruendo
1661 1692 1801 1738 erat.
1829 1682 1993 1743 ,Cives

2101 493 2327 564 ρέσεως.
2361 490 2532 552 Τοῦτο
2558 492 2667 565 γὰρ
2699 495 2793 548 καὶ
2834 495 2996 559 αὐτὸς
3027 495 3102 551 ὢν
3153 516 3285 552 ποτε
3342 501 3438 556 καὶ
3474 505 3542 575 τῇ
3590 503 3689 556 τοῦ

2100 584 2369 656 σωτηρίου
2412 584 2789 655 βαπτίσματος
2827 587 3186 667 ἀναγεννῄσει
3244 595 3687 664 μεμορφωμένος

2097 676 2196 746 τήν
2224 692 2285 728 τε
2308 675 2587 746 ἡμετέραν
2625 674 2923 745 θρησκείαν
2958 679 2999 709 ²¹
3031 678 3433 751 δεδιδαγμένος,
3473 683 3565 737 ὑπ’
3589 687 3686 737 αὑ-

2096 766 2205 825 τῶν
2227 766 2513 838 χειρωθεὶς
2535 768 2642 819 τῶν
2673 767 2966 841 βαρϐάρων
2987 770 3086 841 τὴν
3114 773 3342 826 ἐκείνων
3364 775 3690 829 δυσσέϐειαν

2095 859 2196 926 τῆς
2221 856 2476 921 εὐσεϐοῦς
2503 857 2874 928 ἀντηλλάξατο
2908 860 3166 926 πίστεως,
3202 865 3295 916 καὶ
3330 863 3489 918 πλέον
3531 867 3688 919 οὐδὲν

2096 948 2281 1012 αὐτοῖς
2302 950 2390 1002 ἀεὶ
2421 950 2509 1003 διὰ
2536 950 2772 1019 σπουδῆς
2807 951 2921 1029 ἔχει
2949 952 3280 1023 χαρίσασθαι
3304 956 3336 1028 ἢ
3366 958 3465 1028 τὴν
3493 959 3688 1029 κλῆσιν

2097 1039 2344 1114 κυρῶσαι
2401 1040 2521 1111 ταῖς
2551 1039 2781 1110 πράξεσι
2835 1041 2930 1092 καὶ
2986 1043 3305 1112 παραϐάτου
3357 1046 3451 1099 καὶ
3482 1047 3685 1118 λῃστοῦ

2095 1127 2348 1199 δράματα
2370 1127 2780 1198 ἐνδεικνύμενος
2804 1129 2869 1181 ἐκ
2900 1127 3106 1182 τούτων
3162 1132 3258 1184 καί¹
3285 1131 3689 1204 φιλοτιμεῖσθαι

2095 1221 2192 1273 καὶ
2223 1219 2648 1290 ύπεραίρεσθαι.
2687 1215 2856 1285 Οὗτος
2889 1223 2954 1294 δὴ
3003 1219 3096 1278 οὖν
3123 1225 3150 1276 ὁ
3182 1224 3478 1288 άτίθασσος
3509 1226 3555 1256 ¹¹¹
3588 1228 3687 1278 καὶ

2096 1312 2422 1384 παραϐάτης
2444 1314 2596 1367 Λέων
2618 1312 2836 1386 περιῄει
2859 1318 2924 1387 τῇ
2956 1316 3047 1387 νηῒ
3072 1315 3158 1370 διά
3186 1316 3286 1388 τῆς
3318 1316 3596 1388 θαλάσσης
3626 1320 3690 1372 τὸ

2094 1408 2272 1474 τεῖχος
2289 1407 2625 1467 ἀποσκοπῶν
2652 1409 2746 1462 καὶ
2778 1408 2939 1462 πόθεν
2969 1409 3295 1480 ἀφορμήσας
3323 1411 3620 1480 προσϐάλοι
3640 1409 3690 1444 ’⁸

2096 1498 2421 1570 κακούργως
2479 1500 2817 1572 ἐμμελετῶν.
2855 1501 2922 1556 Αἱ
2973 1502 3030 1556 δὲ
3077 1502 3264 1556 λοιπαὶ
3300 1504 3427 1573 νῆες
3477 1504 3567 1572 ὑφ’
3603 1506 3688 1556 ἐνὶ

2095 1591 2258 1664 χώρῳ
2286 1593 2379 1645 τού
2411 1593 2545 1664 πρὸς
2573 1594 2838 1658 ἀνατολὰς
2883 1595 3134 1664 αἰγιαλοῦ
3186 1597 3684 1668 προσορμισθεῖσαι

2097 1685 2577 1750 συνεσκευάζοντο.
2623 1688 2686 1746 0i
2721 1687 2843 1750 καθ’
2870 1689 3020 1758 ἡμᾶς
3049 1689 3104 1741 δὲ
3145 1689 3362 1742 πολῖται
3394 1689 3488 1743 καὶ
3523 1691 3685 1743 αὐτοὶ
3743 1724 3746 1727 -

405 1777 510 1850 ipsi
539 1792 945 1848 quoquearma
979 1775 1182 1842 induti,
1216 1776 1644 1846 distributisque
1674 1792 1981 1848 propugna-

2087 1779 2210 1840 -τοῖς
2240 1777 2422 1842 ὅπλοις
2450 1779 2804 1848 ἐφράττοντο,
2833 1781 2934 1845 τὰς
2958 1781 3212 1846 ἐπάλξεις
3238 1781 3538 1854 διελόμενοι
3590 1783 3688 1836 καὶ

405 1864 570 1928 culis,
591 1865 1023 1936 adpropositum
1047 1873 1326 1922 certamen
1351 1874 1543 1920 mutuo
1570 1881 1703 1925 sese,
1723 1866 1992 1927 animare.

410 1955 548 2012 Vere
573 1966 1121 2026 namquecertamen
1160 1965 1300 2023 erat,
1330 1972 1397 2013 ac
1427 1957 1650 2028 quidem
1702 1957 1846 2012 inter
1879 1974 1993 2014 ma-

404 2064 511 2123 gna
537 2033 1074 2116 clarissimutn,.non
1109 2051 1425 2109 .luctaioris
1481 2051 1669 2117 ullius,
1691 2053 1992 2109 contentis

405 2144 462 2198 in
493 2143 872 2200 adversarium
905 2143 1122 2203 fortiter
1150 2144 1402 2214 corporis
1433 2143 1641 2199 viribus
1673 2143 1742 2199 ab
1770 2153 1990 2214 specta-

405 2237 621 2292 toribus
674 2236 903 2306 gloriam
941 2235 1274 2305 laudemque
1329 2235 1670 2302 ambientis;
1703 2251 1991 2309 non.pro~

402 2329 602 2400 positis
636 2330 684 2384 ei
714 2328 808 2398 qui
847 2328 1024 2382 victor
1055 2337 1216 2382 exeat
1248 2328 1386 2384 levis
1418 2329 1667 2385 materiae
1707 2328 1987 2389 modicum

403 2432 622 2492 tempus
653 2421 981 2476 oblectantis
1006 2420 1284 2490 prmmiis;
1311 2435 1414 2475 nec
1438 2436 1634 2478 rursus
1654 2436 1770 2493 quo
1786 2420 1988 2480 amissa

402 2512 654 2576 victoria,
684 2512 805 2582 ejus
826 2514 920 2584 qui
949 2528 1015 2568 ea
1055 2513 1318 2568 ceciderit
1351 2529 1522 2568 unum
1556 2513 1796 2572 dedecus
1827 2528 1986 2583 postia

401 2606 666 2677 labesque
713 2607 826 2661 sit:
859 2606 956 2662 sed
992 2605 1047 2660 in
1103 2621 1213 2677 quo
1269 2613 1367 2660 aut
1397 2613 1565 2660 tanta
1622 2606 1864 2661 civitatis
1919 2621 1986 2664 ex

402 2708 559 2757 tanto
586 2699 832 2768 periculo
881 2698 1213 2754 liberatione
1249 2697 1687 2768 incomparabile
1715 2698 1885 2754 decus
1919 2698 1988 2753 li-

400 2793 613 2850 beranti
647 2792 963 2852 accesserit,
994 2798 1090 2845 aut
1132 2806 1242 2861 quo
1285 2791 1664 2862 ingruentium
1715 2791 1984 2845 malorum

399 2884 606 2956 aliquid
639 2900 898 2956 mssa._ac
953 2883 1288 2941 labefactata
1348 2883 1749 2940 inconsolabile
1784 2883 1983 2940 vulnus

397 2977 631 3038 allatura
663 2977 756 3036 sit.

447 3071 558 3130 .25.
595 3069 732 3124 Cum
786 3085 1004 3128 mutum
1037 3084 1255 3126 omnem
1308 3068 1491 3126 bellua
1537 3069 1628 3124 illa
1691 3078 1746 3124 et
1788 3078 1982 3141 portus
2011 3111 2056 3168 α

2095 1869 2321 1933 ἑαυτοὺς
2337 1870 2471 1941 προς
2485 1871 2574 1924 τὸν
2588 1873 2949 1949 προκείμενον
2961 1873 3150 1943 ἀγῶνα
3164 1874 3439 1928 συναπαλε
3450 1875 3684 1942 ίφοντες.

2096 1965 2208 2018 Καὶ
2234 1965 2341 2035 γὰρ
2357 1961 2426 2036 ἦν
2443 1964 2595 2035 ἀγὼν
2612 1965 2859 2037 άληθῶς,
2881 1967 3102 2022 καὶτῶν
3122 1968 3374 2037 μεγάλων
3397 1967 3630 2036 ἀγώνων
3655 1969 3686 2020 δ

2092 2055 2396 2127 διαϐόητος,
2426 2055 2514 2127 [Ρ.
2556 2057 2684 2130 558]
2722 2058 2782 2112 οὐ
2816 2059 3118 2122 παλαιστοῦ
3148 2076 3298 2124 τινος
3330 2061 3572 2128 ἀγωνίαν
3625 2062 3686 2113 ἐν

2092 2148 2213 2210 ταῖς
2241 2149 2380 2218 πρὸς
2431 2148 2523 2202 τὸν
2558 2151 2853 2205 ἀντίπαλον
2884 2152 2979 2206 τοῦ
3036 2151 3292 2224 σώματος
3339 2153 3686 2224 ἀντερείσεσι

2091 2237 2184 2292 τὸν
2230 2238 2381 2309 παρὰ
2428 2239 2537 2292 τῶν
2577 2239 2830 2310 ὁρώντων
2869 2243 3092 2296 ἔπαινον
3123 2243 3424 2314 προξενῶν,
3457 2245 3556 2298 ούκ
3585 2245 3689 2297 επ-

2091 2328 2233 2383 αθλα
2259 2330 2538 2400 προτιθεὶς
2561 2331 2694 2402 ὕλης
2727 2334 2872 2399 τινὸς
2902 2335 3041 2405 πρὸς
3071 2335 3254 2404 ὀλίγον
3282 2335 3473 2406 τέρψιν
3493 2335 3568 2405 τῷ
3606 2353 3688 2386 νι-

2091 2421 2328 2491 σώσαντι¹
2349 2423 2719 2493 παρεχόμενα,
2764 2425 2886 2484 οὐδὲ
2939 2425 3105 2478 πάλιν
3150 2422 3322 2497 ἧτταν
3367 2425 3561 2497 μέχρις
3600 2429 3685 2477 αἳ-

2092 2511 2295 2583 σχύνης
2331 2514 2500 2587 μόνης
2530 2515 2620 2568 τὸν
2648 2516 2939 2587 νικηθέντα
2960 2517 3460 2585 καταϐιϐάζουσαν,
3505 2517 3620 2571 ἀλλ’
3649 2519 3682 2588 ἦ

2090 2605 2487 2682 περισωθεῖσαν
2537 2607 2811 2678 τοσαύτην
2866 2609 3021 2662 πόλιν
3048 2611 3112 2662 ἐκ
3137 2609 3395 2663 τοσούτου
3432 2609 3680 2664 κινδύνου

2089 2693 2259 2764 γέρας
2307 2694 2591 2770 ἀμίμητον
2627 2696 3026 2768 ἀναδήσασθαι,
3078 2698 3111 2769 ἢ
3152 2697 3433 2753 παθοῦσαν
3478 2716 3534 2753 τι
3569 2701 3677 2754 τῶν

2086 2786 2498 2859 ἀπειλουμένων
2534 2788 2580 2820 ⁸⁵
2625 2789 3054 2866 ἀπαρηγόρητον
3083 2791 3279 2863 ὀδύνην
3324 2791 3673 2860 ἐνέγκασθαι.

2159 3067 2257 3122 κε’.
2296 3068 2434 3122 Ἀλλ’
2465 3068 2653 3140 ἐπειδὴ
2679 3068 2740 3122 τὸ
2758 3069 2935 3140 τεῖχος
2953 3067 3099 3122 ἆπαν
3118 3068 3145 3120 ὁ
3169 3067 3272 3138 θὴρ
3303 3067 3511 3132 ἐκεῖνος
3544 3085 3679 3122 κατε

395 3164 601 3221 fretum
627 3163 803 3218 ferrea
836 3171 1033 3218 catena
1068 3163 1456 3232 immersisque
1481 3163 1711 3218 navibus
1740 3163 1981 3232 undique

2089 3160 2250 3223 εἶδεν,
2291 3160 2371 3213 ἐτι
2399 3160 2455 3213 δέ
2486 3161 2582 3213 καὶ
2624 3160 2716 3213 τὸν
2766 3159 3010 3229 πορθμὸν
3055 3157 3150 3218 τοῦ
3209 3157 3429 3228 λιμένος
3479 3158 3677 3211 ἁλύσει

396 3256 674 3312 munitum
705 3254 1211 3318 animadvertisset,
1242 3254 1373 3314 inde
1411 3253 1618 3309 adoriri
1652 3253 1842 3309 urbem
1884 3253 1982 3309 de-

393 3348 589 3414 crevit,
621 3346 765 3401 unde
812 3361 914 3402 nec
947 3354 1206 3403 externos
1242 3355 1370 3403 ante
1415 3345 1794 3402 demersorutu
1841 3346 1984 3400 inte-

391 3456 506 3513 grai
531 3440 691 3498 molis
714 3437 1145 3512 lapidum522
1161 3439 1737 3510 cuneosaggressioni
1761 3439 1979 3494 navium

381 3531 686 3594 obsistere,
743 3543 922 3601 neque
959 3544 991 3582 a
1027 3544 1185 3586 muro
1240 3538 1356 3582 tum
1417 3529 1635 3586 demum
1698 3527 1755 3582 in
1807 3529 1979 3582 altum

391 3634 675 3682 exstructo
729 3621 952 3682 easdem
988 3620 1271 3679 belli.astu
1332 3619 1539 3677 diutius
1573 3621 1761 3680 vexari
1818 3636 1979 3691 posse

391 3722 713 3788 agnoverat,
758 3714 854 3769 sed
889 3713 980 3768 ubi
1015 3713 1186 3769 maris
1219 3727 1382 3782 aqua,
1413 3712 1770 3782 ipsaaltiore
1810 3713 1974 3778 vado,

389 3805 673 3863 humiliori
702 3820 861 3860 muro
887 3804 1151 3858 alliditur.
1182 3803 1412 3872 Signato
1458 3802 1598 3869 loco,
1629 3818 1694 3860 ac
1742 3818 1864 3858 cum
1907 3803 1976 3856 ad

387 3901 574 3957 socios
603 3914 861 3955 reversus
916 3905 1083 3962 esset,
1125 3912 1322 3969 pugna:
1368 3904 1636 3956 tesseram
1671 3896 1843 3956 dedit.
1869 3895 1974 3965 Qui

388 3994 548 4050 ocius
580 4009 678 4064 per
715 3992 859 4047 dicta
889 3992 1007 4047 loca
1044 3991 1282 4045 navibus
1317 3988 1500 4056 cil'usi,
1536 3988 1830 4049 barbarico
1878 4004 1971 4044 as-

387 4101 631 4159 peroque
676 4085 895 4142 sublato
924 4083 1166 4138 clamore
1196 4098 1262 4137 ac
1310 4084 1519 4153 rugitu,
1551 4083 1849 4145 concitatis
1882 4099 1968 4138 re-

386 4180 532 4252 mige
558 4178 820 4243 navibus,
852 4191 917 4231 ac
949 4175 1226 4248 tympanis
1257 4190 1323 4230 ex
1365 4177 1520 4229 corio
1553 4173 1717 4234 factis
1747 4173 1971 4233 horride

386 4277 822 4344 perstrepentes,
856 4269 1160 4338 multisque
1202 4267 1327 4322 aliis
1361 4267 1828 4324 terriculamentis
1873 4282 1969 4328 eos

384 4364 480 4435 qui
508 4365 562 4418 in
583 4361 1030 4434 propugnaculis
1051 4370 1211 4413 erant
1241 4366 1634 4428 perterrentes,
1660 4357 1715 4413 in
1748 4375 1968 4417 murum

2088 3251 2286 3325 σιδηρᾷ
2320 3254 2412 3306 καί
2439 3270 2549 3306 τισι
2583 3253 2739 3306 ναυσὶ
2763 3249 3187 3321 βεϐυθισμέναις
3219 3251 3350 3309 ὄντα
3387 3251 3680 3321 κατάφρα-

2087 3364 2236 3410 κτον,
2293 3347 2496 3418 μᾶλλον
2545 3344 2756 3399 ἐκεῖθεν
2818 3345 2914 3417 τὴν
2974 3343 3281 3416 προσϐολὴν
3342 3343 3678 3414 ποιήσασθαι

2081 3439 2428 3508 διεσκὲψατο,
2487 3437 2608 3492 ὅθεν
2641 3438 2839 3508 διέγνω
2887 3438 3032 3510 ¹μήτε
3067 3436 3165 3500 τὰς
3211 3436 3411 3500 ἔξωθεν
3444 3435 3681 3490 κωλύειν

2079 3530 2190 3584 τῶν
2247 3529 2721 3601 προϐυθισθέντων
2775 3527 3072 3598 μονολίθων
3130 3527 3358 3597 ἐνέδρας
3406 3526 3504 3598 την
3563 3527 3680 3580 τῶν

2079 3623 2224 3693 νηῶν
2262 3622 2474 3692 ἔφοδον,
2508 3622 2646 3694 μήτε
2685 3623 2790 3692 μὴν
2820 3620 2913 3690 ἀφ’
2939 3619 3145 3692 ὑψηλοῦ
3175 3619 3269 3680 τοῦ
3298 3619 3400 3697 ήδη
3418 3620 3685 3691 δομηθέν-

2077 3733 2168 3779 τος
2196 3715 2410 3784 τείχους
2462 3713 2716 3768 ἐπίτασιν
2771 3713 3008 3785 πολέμου
3053 3713 3257 3778 ταύτας
3311 3713 3680 3782 ἐκδέχεσθαι·

2075 3807 2189 3860 ἀλλ’
2229 3805 2358 3860 ἔνθα
2413 3805 2782 3877 βαθυνόμενον
2842 3805 2904 3858 τὸ
2936 3806 3034 3875 τῆς
3091 3805 3370 3874 θαλάσσης
3401 3802 3550 3873 ὕδωρ
3592 3802 3680 3874 τῷ

2075 3897 2483 3970 χθαμαλωτέρῳ
2511 3899 2679 3970 τείχει
2723 3899 3160 3969 προσρήγνυται,
3184 3897 3311 3960 τοὺς
3340 3896 3540 3958 τόπους
3573 3911 3679 3965 ση-

2077 3989 2453 4061 μειωσάμενος
2480 3989 2571 4042 καὶ
2595 3988 2730 4059 πρὸς
2756 3988 2884 4052 τοὺς
2917 3987 3167 4057 ἑταίρους
3191 3985 3674 4057 άνθυποστρὲψας,

2072 4083 2306 4136 ἐνέδωκε
2333 4081 2427 4140 τὸν
2453 4082 2666 4150 ἀγῶνα.
2703 4082 2766 4134 Οἱ
2800 4080 2856 4133 δὲ
2888 4083 2934 4113 ’⁸
2956 4079 3018 4133 τὺ
3067 4081 3231 4149 τάχος
3277 4080 3390 4142 τοῖς
3424 4077 3673 4148 λεχθεῖσι

2069 4175 2258 4239 τόποις
2291 4177 2414 4237 ταῖς
2460 4173 2619 4228 ναυσὶ
2648 4173 3065 4244 διασπαρέντες.
3102 4170 3197 4241 βοῇ
3228 4187 3288 4224 τε
3322 4171 3670 4242 χρησάμενοι

2072 4265 2381 4344 βαρϐαρικῇ
2406 4265 2501 4319 καὶ
2523 4265 2772 4342 τραχεῖα,
2823 4261 3165 4334 ἐφώρμησαν
3192 4261 3272 4334 τῷ
3317 4263 3508 4331 τείχει,
3538 4263 3667 4323 ταῖς

2068 4357 2286 4418 κώπαις
2338 4353 2677 4417 ἐλαύνοντες,
2733 4353 2827 4406 καὶ
2859 4355 2971 4415 τοῖς
3003 4354 3066 4405 ἐκ
3099 4352 3210 4405 τῶν
3263 4351 3501 4429 δέρρεων
3529 4367 3671 4402 κατ-

385 4462 680 4526 proruunt.
703 4453 867 4508 Cives
902 4461 1119 4516 contra,
1153 4459 1208 4505 et
1241 4450 1334 4524 qui
1368 4449 1433 4502 ad
1466 4465 1685 4503 murum
1722 4450 1967 4515 stabant,

2083 4447 2500 4517 εσκευασμένοις
2536 4445 2845 4513 τυμπάνοις
2889 4443 3334 4513 καταπληκτικὸν
3390 4441 3666 4496 κτυποῦν-

383 4549 580 4618 utiliori
610 4549 730 4618 ipso
757 4547 974 4602 sublato
999 4545 1242 4601 clamore
1275 4560 1338 4599 ac
1357 4545 1799 4615 'pcnetrabiliore
1826 4544 1971 4601 elata

380 4657 539 4705 voce,
567 4641 862 4697 salutarem
919 4638 1104 4694 crucis
1149 4646 1489 4692 armaturam
1524 4637 1790 4695 adversus
1830 4635 1971 4691 infe-

381 4741 523 4789 stam
567 4731 811 4791 hostium
847 4731 1084 4786 classem
1111 4730 1392 4788 invocare.
1441 4728 1730 4800 Tantaque
1765 4729 1966 4784 horum

377 4826 562 4897 erupit
582 4825 844 4885 clamoris
871 4824 976 4888 vis,
997 4834 1056 4879 ut
1079 4811 1328 4888 Barbari,
1345 4823 1628 4878 immensa:
1645 4822 1765 4892 ejus
1795 4821 1969 4876 turbae

375 4918 638 4985 ontnique
684 4917 969 4974 auditione
1016 4915 1350 4971 terribiliore
1390 4925 1663 4987 percepto
1722 4915 1962 4981 ululatu,

377 5013 539 5084 quasi
577 5011 846 5082 vertigine
882 5010 1029 5082 capti
1060 5009 1214 5064 dubii
1243 5009 1539 5073 haererent,
1572 5008 1964 5081 desperarent-

375 5121 483 5176 que
511 5105 578 5159 de
607 5103 782 5162 exitu.
811 5118 875 5158 ex
911 5105 1153 5158 clamore
1190 5100 1282 5160 illo
1313 5111 1653 5156 armatorum
1714 5102 1769 5154 in
1825 5101 1962 5155 urbe

376 5197 782 5254 multitudinem
813 5196 1202 5266 conjicientes,
1234 5203 1292 5250 et
1316 5210 1385 5276 'se
1415 5210 1525 5250 non
1569 5209 1732 5264 posse
1762 5194 1959 5248 adver-

375 5305 473 5346 sus
509 5297 693 5347 tantos
725 5288 862 5342 inito
887 5288 1074 5357 prmlio
1107 5285 1418 5358 ejusfacile
1463 5286 1628 5355 potiri
1668 5285 1958 5358 ipsamque

371 5381 634 5452 diripere,
663 5382 753 5436 cui
788 5381 936 5433 nulla
1000 5379 1106 5432 alia
1161 5376 1363 5440 similis
1399 5377 1671 5452 superiori
1710 5377 1958 5448 exemplo

371 5483 712 5536 occurreret.
755 5471 840 5534 Ne
882 5483 1071 5535 tamen
1123 5487 1186 5526 ex
1225 5472 1402 5543 prima
1457 5471 1548 5533 illa
1601 5471 1959 5546 aggressione

371 5577 518 5620 metu
549 5566 769 5621 attoniti
795 5563 1112 5620 viderentur
1140 5572 1306 5634 atque
1325 5565 1587 5634 perculsi,
1612 5579 1721 5618 non
1746 5563 1956 5632 absque

2071 4559 2181 4606 τες,
2203 4541 2294 4595 καὶ
2327 4539 2540 4602 πολλοῖς
2566 4539 2747 4602 ἄλλοις
2779 4538 3074 4609 φοϐήτροις
3101 4539 3230 4598 τοὺς
3257 4538 3316 4590 ἐν
3351 4539 3472 4598 ταῖς
3495 4535 3670 4589 ἐπάλ-

2072 4633 2222 4698 ξεσιν
2279 4632 2728 4702 ἐκταράττοντες.
2772 4631 3136 4702 Ἀντεϐόησαν
3185 4630 3243 4682 δὲ
3297 4629 3501 4700 μᾶλλον
3564 4629 3666 4682 καὶ

2070 4725 2446 4801 γεγωνοτέραν
2501 4725 2684 4795 φωνὴν
2719 4725 2768 4778 et
2805 4724 2940 4794 πρὸς
2971 4722 3031 4775 τὸ
3056 4725 3236 4793 τεῖχος
3285 4721 3546 4787 ἑστῶτες,
3601 4721 3667 4774 τι)

2073 4819 2343 4890 σωτήριον
2372 4819 2539 4879 ¹ὅπλον
2587 4817 2682 4870 τοῦ
2715 4815 2954 4887 σταυροῦ
3009 4815 3146 4884 πρὸς
3192 4814 3294 4886 τὴν
3353 4813 3497 4867 κατά
3545 4813 3663 4866 τῶν

2068 4911 2326 4963 ἐναντίων
2353 4908 2771 4980 ἐπικαλούμενοι
2806 4907 3145 4982 συμμαχίαν,
3181 4905 3276 4959 καὶ
3305 4903 3560 4958 τοσοῦτον
3581 4904 3661 4968 ὡς

2067 5002 2374 5072 ἀκηκοότας
2403 5003 2529 5065 τοὺς
2557 4999 2862 5072 βαρϐάρους
2886 4999 2975 5052 τὸν
3002 4995 3430 5066 πολυάνθρωπον
3452 4999 3664 5051 ἐκεῖνον

2069 5094 2163 5148 καὶ
2193 5096 2394 5158 παντὸς
2415 5093 2763 5163 ἀκούσματος
2789 5089 3165 5161 φοϐερώτερον
3181 5087 3500 5158 ἀλαλαγμὸν
3526 5087 3660 5153 ἰλιγ-

2066 5190 2255 5255 γιᾶσαι
2284 5189 2421 5250 τέως
2443 5188 2537 5240 καὶ
2571 5185 2739 5257 μηδὲν
2767 5183 2984 5237 ἀνύσειν
3010 5184 3340 5254 προσδοκᾷν,
3358 5181 3453 5235 τοῦ
3481 5183 3657 5252 δήμου

2066 5285 2165 5352 τὴν
2192 5279 2402 5350 πληθὺν
2423 5277 2917 5348 ἀναλογισαμένους
2940 5277 3004 5330 ἐκ
3029 5277 3128 5348 τῆς
3152 5275 3302 5345 βοῆς,
3336 5275 3429 5328 καὶ
3455 5275 3530 5337 ὡς
3553 5275 3657 5328 οὐκ

2069 5377 2135 5430 ἄν
2169 5376 2304 5446 πρὸς
2330 5373 2622 5434 τοσούτους
2658 5371 3109 5437 ἀποδυσαμένους
3164 5371 3246 5432 είς
3279 5369 3461 5438 μάχην
3490 5367 3618 5436 εὑχε
3640 5396 3652 5406 -

2070 5466 2180 5533 ρῶς
2208 5465 2353 5536 ἔχειν
2379 5465 2532 5518 πόλιν
2555 5464 2828 5534 τοσαύτην
2866 5463 3066 5534 ῥᾳδίως
3115 5460 3428 5531 ἐκπορθεῖν,
3459 5460 3527 5532 ἢν
3562 5460 3653 5512 οὑ-

2063 5563 2174 5616 δενὶ
2207 5562 2618 5634 παραδείγματι
2654 5562 2968 5635 συγκρίνειν
3000 5554 3167 5631 εἶχον.
3203 5561 3393 5632 Ὅμως
3451 5560 3537 5614 ίνα
3573 5556 3654 5636 μὴ

1661 5653 1901 5717 ἾᾼΒΙᾹΞ
1937 5653 2350 5710 LECTIONES.

443 5746 490 5780 ⁸³
517 5745 714 5819 θράσος
739 5750 802 5808 Ρ.
882 5751 925 5782 "
956 5747 1304 5819 ἀντίθασσος]
1352 5748 1636 5821 ἄνθρωπος
1662 5747 1726 5801 Ρ.
1799 5750 1847 5781 ³³
1875 5747 2200 5820 προσϐάλλοι
2245 5748 2308 5808 Ρ,
2388 5749 2430 5784 ’⁵
2456 5749 2842 5825 ἀπειλημένων
2881 5747 2944 5802 P.
3023 5747 3066 5777 ’³
3090 5745 3150 5816 δὴ
3190 5749 3254 5808 Α.
