4094 6438
365 398 487 464 5G9

1491 389 1590 448 DE
1617 388 1931 448 EXClDlll
1969 387 2586 449 'l‘llESSALONlCE.

3552 394 3662 462 570

367 508 471 561 καὶ
488 507 625 577 πρὸς
655 503 715 558 τὸ
749 505 882 558 ετσω
923 499 1322 575 μετοχετεύσαν
1357 501 1662 571 ἓξαφθῆναι
1711 501 1790 554 δι’
1841 500 1957 554 ὅλον

2071 500 2401 564 combussit,
2454 501 2594 557 adeo
2647 509 2708 557 ut
2755 502 2920 573 paulo
2979 511 3105 574 post
3161 506 3503 573 corruerint,
3558 521 3662 566 nec

365 600 471 664 τὰς
501 599 680 662 πύλας
704 599 1041 669 ἠνάγκασεν,
1067 596 1145 661 ὡς
1189 595 1328 666 μετὰ
1358 594 1534 665 βραχὺ
1567 594 1774 658 ταύτας
1797 610 1967 647 κατα-

368 693 564 744 πεσεῖν
585 691 679 744 καὶ
707 688 911 743 δειλίαν
947 689 1009 742 ού
1027 689 1128 757 τὴν
1149 686 1423 757 τυχοῦσαν
1445 684 1653 740 ἅπασιν
1686 685 1964 756 ἐμϐαλεῖν.

366 765 553 836 Μόνον
578 781 688 850 γὰρ
718 781 802 832 ὅτι
832 779 954 833 καθ’
975 778 1104 848 ὅλης
1135 776 1416 849 ἐκηρύχθη
1458 776 1556 846 τῆς
1585 776 1633 807 ⁵⁸
1669 777 1879 840 πόλεως
1933 778 1966 848 ἡ

365 854 483 926 τίειν
507 873 692 927 πυλῶν
718 873 1006 934 ἐκκαυσις,
1038 871 1134 924 καὶ
1159 870 1415 940 καθάπερ
1443 867 1592 931 τινὸς
1613 866 1802 938 ξίφους
1837 870 1970 922 ὐπο-

365 947 675 1039 δραμόντος
703 966 806 1030 τὰς
836 966 1090 1021 ἁπάντων
1119 961 1365 1034 καρδίας,
1415 960 1588 1025 οὕτως
1638 961 1969 1028 ἐναγωνίους

367 1061 470 1114 καὶ
491 1057 795 1130 τρομώδεις
822 1060 946 1120 τοὺς
985 1055 1309 1127 ἀνθρώπους
1340 1053 1633 1126 πεποίηκε,
1691 1051 1791 1117 τὰς
1829 1069 1966 1124 μορ-

368 1153 482 1221 φὰς
521 1151 929 1214 ἀλλοιώσαντας
997 1150 1093 1204 καὶ
1124 1150 1306 1202 πᾶσαν
1335 1146 1580 1218 χρηστὴν
1609 1146 1803 1215 ἁθρόον
1830 1163 1966 1225 προ-

367 1245 678 1308 δεδωκότας
734 1243 948 1297 ἐλπίδα.
999 1241 1114 1296 Καὶ
1170 1240 1280 1310 γὰρ
1323 1241 1374 1292 οἱ
1417 1239 1524 1310 πρὸ
1579 1237 1811 1308 βραχέος
1853 1240 1965 1301 τοῖς

365 1335 607 1407 τείχεσιν
637 1335 986 1405 ἐξαλλόμενοι
1013 1333 1109 1387 καλ⁸
1159 1332 1295 1403 πρὸς
1317 1332 1407 1385 τὸν
1431 1331 1518 1408 διὰ
1549 1330 1730 1402 μάχης
1775 1329 1964 1409 ἀγῶνα

365 1429 637 1500 ἀλλήλους
673 1427 1092 1496 ἐγκελευόμενοι
1136 1423 1368 1502 πτωκῶν
1405 1422 1790 1502 ἀδρανεστεροι
1845 1420 1964 1484 ταῖς

363 1521 659 1592 ἀληθείαις
693 1520 1023 1576 ἐδείκνυντο.
1053 1513 1196 1572 Αὐτὸ
1227 1517 1336 1590 γὰρ
1381 1516 1559 1584 τοῦτο,
1611 1515 1674 1570 τὸ
1711 1515 1811 1586 τὴν
1865 1531 1966 1586 μη-

362 1615 542 1686 χανὴν
599 1613 820 1684 ἐκείνην
870 1613 952 1674 είς
1029 1609 1191 1682 ἔργον
1253 1610 1525 1681 ἐκϐῆναι,
1597 1607 1960 1680 μαντεύεσθαι

362 1706 466 1762 τοῦ
509 1706 697 1769 τέλους
724 1707 848 1769 ταῖς
893 1705 1150 1759 ἁπάντων
1176 1703 1352 1758 ἐδίδου
1395 1703 1612 1774 ψυχαῖς.
1671 1701 1822 1773 Πλὴν
1877 1703 1959 1756 ὅτι

361 1796 478 1851 τῶν
523 1797 628 1863 ἔξω
677 1795 864 1851 πυλῶν
922 1793 1375 1865 πυρποληθεισῶν
1426 1795 1525 1858 τὰς
1589 1792 1737 1847 ἔνδον
1800 1795 1960 1864 ἡμεῖς

357 1888 554 1959 τειχίῳ
616 1890 725 1942 τινὶ
787 1887 1102 1958 νεοδομήτῳ
1182 1885 1376 1940 θᾶττον
1451 1882 1956 1956 περιφραξάμενοι,

360 1979 540 2036 ὓδατά
564 1997 624 2034 τε
652 1982 772 2044 ταῖς
796 1978 1085 2045 ἐπάλξεσιν
1115 1978 1172 2032 ἕν
1199 1995 1308 2033 τισι
1334 1977 1776 2048 προαποθέμενοι
1798 1977 1958 2031 σκεύ-

359 2091 506 2141 ςσιν,
563 2073 979 2144 ἐφυλαττόμεθα
1025 2071 1156 2126 πότε
1199 2072 1294 2125 καὶ⁹
1352 2069 1743 2148 πρὸςΙταύτας
1796 2072 1958 2142 τυχὸν

358 2165 775 2236 ἐφορμήσουσιν
800 2165 849 2217 οί
887 2163 1158 2233 πολέμιοι,
1194 2162 1274 2216 ἵν’
1334 2163 1422 2216 ὅτε
1468 2147 1571 2232 τῆς
1617 2147 1958 2231 κακουργίας

358 2257 463 2310 καὶ
481 2254 636 2318 αὖθις
662 2254 1116 2326 ἐπιχειρήσωσιν,
1166 2253 1380 2323 ἔχωμεν
1423 2255 1573 2317 ὅπως
1617 2254 1715 2324 τῆς
1759 2238 1956 2322 φλογὸς

357 2345 837 2418 ἀντι-ποιησόμεθα
861 2345 958 2399 καὶ
988 2347 1086 2416 τῆς
1123 2345 1418 2416 ἐπιϐουλῆς
1475 2346 1809 2416 ἀπειράτους
1855 2346 1956 2411 τὰς

357 2438 542 2503 πύλας
564 2439 994 2510 διατηρήσομεν.
1025 2439 1089 2492 ’Ὀ
1112 2439 1176 2507 δὴ
1219 2440 1313 2492 καὶ
1332 2437 1552 2506 γνόντες
1603 2439 1801 2494 ἐκεῖνοι
1827 2440 1956 2492 οὐκ·

355 2531 444 2585 ἑτι
478 2533 600 2594 ταῖς
616 2520 909 2594 ’τοιαύταις
952 2529 1335 2594 κακοϐουλίαις
1368 2529 1691 2602 ἐχρήσαντο,
1738 2531 1956 2601 ἑτέραις

350 2623 412 2678 δέ
461 2640 604 2678 τισιν
633 2622 860 2694 ἔμελλον
882 2623 1218 2693 δεινοτέραις
1245 2623 1390 2676 ἐτι⁵⁷
1421 2623 1518 2677 καὶ
1559 2623 1958 2694 σφοδροτέραις

349 2717 449 2770 τὸν
510 2717 635 2772 καθ’
705 2716 863 2795 ἡμῶν
917 2715 1260 2786 ἐπιτηδεύειν
1306 2715 1548 2786 ὄλεθρον,
1608 2715 1669 2770 δν
1731 2717 1958 2788 οὐδεμιᾷ

353 2807 573 2883 μεθόδῳ
605 2807 699 2862 τού
731 2807 921 2862 λοιποῦ
949 2807 1179 2861 δυνατὸν
1200 2803 1269 2878 ἦν
1301 2807 1732 2878 διακρούσασθαι
1757 2810 1954 2879 ἐνεργῆ

345 2917 408 2953 τε
441 2901 489 2933 ⁸⁸
518 2900 652 2956 ὄντα
690 2901 787 2954 καὶ
823 2902 1008 2955 πᾶσαν
1037 2901 1288 2972 μηχανὴν
1337 2885 1758 2972 ὑπερϐαίνοντα.
1805 2901 1952 2972 Πλὴν

346 2992 496 3046 οὕτω
513 2973 609 3046 τού
635 2993 809 3064 πυρὸς
836 2992 1196 3063 παυσαμένου
1221 2991 1288 3069 τὸ
1337 2991 1526 3070 λοιπὸν
1574 2993 1675 3062 τῆς
1735 2991 1951 3065 ἡμέρας

344 3087 465 3146 τοῖς
497 3083 849 3153 πετροϐόλοις
875 3083 1118 3154 ἐχρῶντο
1142 3066 1265 3141 καθ’
1288 3066 1445 3153 ἡμῶν
1480 3085 1576 3163 καὶ
1599 3085 1712 3146 τοῖς
1750 3081 1949 3148 τόξοις,

2075 593 2246 648 levem
2281 592 2633 650 formidinem
2661 597 2878 650 cunctis
2930 596 3242 665 injecerint.
3303 597 3406 654 Per
3436 616 3660 658 omnem

2071 687 2222 741 enim
2265 701 2437 756 prope
2458 688 2737 742 civitatem
2772 688 3053 757 publicato
3089 689 3366 758 incendio,
3411 708 3476 748 ac
3513 695 3663 749 velut

2072 779 2252 849 gladio
2290 780 2541 834 omnium
2579 781 2843 836 cordibus
2900 780 3092 848 inllxo,
3138 782 3220 836 sic
3264 799 3464 852 pavore
3507 787 3659 840 anxii

2071 873 2291 941 actique
2322 882 2560 929 tremore
2589 873 2743 930 cives
2773 889 2838 929 ac
2873 876 3026 930 vultu
3065 876 3340 929 immutati
3385 878 3660 932 mitiorem

2069 979 2224 1032 spem
2254 980 2475 1019 omnem
2514 976 2737 1035 repente
2777 967 3123 1035 abiecerunt.
3181 967 3285 1034 Qui
3321 969 3468 1023 enim
3498 971 3660 1038 paulo

2069 1065 2194 1110 ante
2237 1057 2412 1112 muris
2443 1056 2600 1128 531
2650 1059 2976 1114 assiliebaut
3007 1075 3178 1130 seque
3231 1070 3421 1114 mutuo
3455 1061 3522 1114 ad
3562 1078 3662 1131 pu-

2068 1164 2187 1218 gna:
2226 1157 2505 1228 certamen
2543 1149 2887 1214 animabant,
2945 1151 3226 1221 leporibus
3258 1153 3566 1208 timidiores
3602 1169 3661 1209 re

2069 1241 2192 1311 ipsa
2216 1241 2498 1296 exstitere;
2546 1241 2728 1312 Ipsum
2761 1243 2909 1297 enim
2947 1242 3074 1310 boc,
3103 1244 3253 1314 quod
3286 1246 3368 1300 sic
3396 1246 3658 1301 rnacbina

2067 1331 2420 1387 commodum
2473 1333 2681 1388 exitum
2727 1333 3038 1401 habuisset,
3087 1343 3414 1390 cunctorum
3458 1337 3659 1393 animis

2058 1409 2212 1499 'lraud
2245 1423 2457 1480 incerta
2482 1425 2801 1495 conjectura
2827 1425 2898 1482 de
2932 1429 3039 1483 line
3061 1428 3322 1498 augurari
3358 1429 3655 1497 praebebat.

2065 1514 2177 1571 Nos
2208 1515 2499 1572 enimvero
2530 1519 2904 1574 exterioribus
2957 1520 3134 1590 portis
3174 1521 3299 1590 igne
3328 1521 3655 1592 absumptis,

2066 1608 2362 1664 interiores
2410 1613 2570 1663 muro
2623 1609 2690 1665 de
2735 1625 2878 1666 novo
2939 1619 3229 1666 exstructo
3280 1613 3653 1679 conteximus,

2065 1717 2335 1773 aquarum
2378 1703 2488 1757 vim
2533 1702 2586 1758 in
2623 1704 2768 1760 vasis
2803 1705 3102 1774 repositam
3138 1705 3192 1760 in
3228 1708 3655 1775 prepngnaculis

2065 1803 2370 1860 servantes,
2409 1796 2457 1851 si
2515 1796 2738 1864 quando
2783 1803 2838 1852 et
2877 1796 3001 1852 illas
3047 1795 3348 1854 adversarii
3406 1798 3654 1855 incesse-

2066 1897 2210 1951 rent,
2266 1896 2324 1942 ut
2350 1887 2628 1957 siquidem
2687 1887 2838 1943 istud
2877 1888 3130 1944 maleﬁcii
3171 1888 3354 1943 denuo
3391 1889 3658 1962 aggrede-

2067 1989 2282 2045 rentur,
2324 1979 2377 2034 in
2411 1988 2670 2051 promptu
2707 1987 2855 2036 esset
2900 1995 3012 2050 quo
3052 1981 3528 2050 restingueremus
3567 1981 3658 2035 in-

2064 2071 2261 2127 cendia
2286 2083 2452 2142 atque
2487 2071 2556 2126 ab
2588 2070 2810 2127 insidiis
2840 2071 3049 2127 liberas
3103 2071 3353 2142 labisque
3382 2072 3656 2130 immunes

2065 2172 2252 2234 portas
2289 2177 2658 2218 servaremus.
2712 2162 2868 2230 Quod
2910 2163 2988 2218 illi
3021 2165 3653 2238 quoqueaintelligentes

2066 2256 2203 2311 nihil
2235 2256 2380 2310 ultra
2415 2256 2722 2312 maleﬁcum
2782 2257 2932 2312 istud
2985 2268 3358 2313 commentum
3415 2272 3652 2327 usurpa-

2066 2355 2240 2402 runt:
2299 2348 2423 2404 aliis
2454 2356 2636 2403 tamen
2675 2348 3010 2418 quibusdam
3063 2347 3368 2404 dirioribus
3421 2345 3653 2402 validio-

2065 2441 2328 2512 ribusque
2370 2441 2602 2497 exitium
2649 2454 2898 2498 nostrum
2943 2450 3104 2501 erant
3147 2441 3432 2507 molituri,
3493 2439 3656 2510 cuius

2063 2533 2374 2604 depellendi
2419 2535 2568 2590 nulla
2598 2535 2863 2606 deinceps
2910 2536 2996 2590 via
3028 2535 3186 2591 nobis
3230 2535 3444 2605 reliqua
3475 2540 3650 2595 esset,

2059 2636 2215 2681 tanta
2263 2613 2480 2682 illorum
2522 2628 2596 2695 vi,
2646 2629 2820 2685 tantis
2865 2629 3050 2684 nervis
3102 2640 3268 2697 atque
3319 2635 3546 2690 conatu,
3592 2633 3655 2679 ut

2057 2720 2164 2774 vini
2196 2735 2415 2776 omnem
2449 2721 2832 2776 machinarum
2879 2721 3234 2777 excederent.
3297 2719 3412 2774 lloc
3462 2720 3652 2789 itaque

2056 2809 2218 2864 modo
2274 2825 2398 2864 cum
2461 2812 2606 2882 ignis
2664 2796 2962 2878 cessasset,
3009 2814 3153 2883 quod
3205 2813 3479 2884 reliquum
3521 2822 3648 2867 erat

2053 2900 2200 2965 diei,
2237 2904 2529 2970 catapultis
2587 2903 2902 2974 jaculisque
2959 2914 3247 2974 peractum
3298 2912 3419 2970 est,
3474 2903 3654 2959 donec

2055 2995 2348 3048 nocturnis
2380 2995 2623 3050 tenebris
2675 2994 2766 3048 lux
2803 2995 2993 3057 cessit,
3049 2992 3338 3065 effusaque
3380 2993 3562 3065 caligo
3595 3003 3652 3047 et

2056 3085 2259 3162 invitos
2287 3103 2315 3139 ιι
2349 3103 2546 3155 pugna:
2577 3085 2884 3141 certamine
2921 3085 3176 3140 retraxit.

345 3178 548 3250 μέχρις
571 3177 716 3233 ἆντὸ
740 3177 1054 3248 νυκτερινὸν
1081 3177 1273 3242 σκότος
1299 3177 1360 3230 τὸ
1417 3177 1533 3247 φῶς
1593 3177 1867 3242 διεδέξατο
1920 3177 2014 3230 καὶ
2051 3179 2150 3248 τῆς
2208 3181 2448 3248 ἀγωνίας
2516 3179 2786 3233 παύεσθαι
2841 3178 2975 3249 μηδὲ
3035 3178 3396 3250 βουλομένους
3446 3178 3651 3237 αὐτοὺς

340 3266 762 3347 κατηνάγκασε.

414 3365 518 3437 λβ’.
579 3361 714 3419 Εἶτα
770 3365 958 3436 ἐπειδὴ
1015 3366 1109 3420 τοῦ
1148 3366 1404 3437 πολεμεῖν
1442 3367 1770 3432 ἐπαύσαντο,
1822 3368 1942 3432 ταῖς
1971 3371 2013 3429 C

339 3461 546 3514 ναυσὶν
581 3457 667 3531 [Ρ.
696 3458 826 3528 3M]
858 3459 1129 3529 ἐμϐάντες
1156 3458 1252 3512 καί
1289 3475 1343 3512 τι
1385 3458 1582 3528 μικρὸν
1638 3458 1949 3529 ἡσυχάσαν-

341 3570 440 3616 τες
469 3533 710 3624 ἤρχοντο
737 3550 830 3603 τοῦ
846 3549 1124 3620 δράματος
1145 3549 1281 3620 ὅπερ
1312 3545 1451 3620 ἦσαν
1473 3551 1594 3612 ταῖς
1617 3548 1822 3602 ἑαυτῶν
1842 3549 1953 3602 δει-

340 3646 540 3714 νότησι
568 3641 1062 3714 προεξευρημὲνοι.
1097 3643 1172 3696 Τδ
1227 3643 1284 3696 δὲ
1322 3639 1391 3713 ἦν
1446 3642 1709 3713 τοιαύτην
1767 3643 1953 3707 αὐτοῖς

338 3736 662 3807 ἀπόπειραν
689 3733 976 3805 ἐμποιοῦν,
1004 3735 1081 3798 ὼς
1115 3735 1162 3787 εί
1196 3735 1296 3806 μὲν
1318 3734 1384 3787 δι’
1417 3736 1582 3789 αὑτοῦ
1607 3737 1650 3769 δ’
1673 3735 1952 3806 δυνηθεῖεν

343 3829 448 3898 τὴν
483 3829 639 3881 πόλιν
662 3827 983 3896 πορθήσειν,
1020 3822 1078 3880 εὖ
1113 3827 1180 3880 ἂν
1222 3825 1368 3896 ἔχειν
1397 3828 1465 3890 δί’,
1521 3825 1614 3881 διὰ
1664 3827 1726 3880 τὺ
1784 3825 1952 3896 μηδὲν

359 3920 486 3974 illo
505 3919 610 3972 τῶν
633 3921 715 3982 εἰς
745 3918 1066 3990 πολιορκίαν
1098 3919 1488 3972 συντεινόντων
1539 3918 1628 3971 ἴσα
1690 3917 1950 3971 δύνασθαι

359 4009 569 4076 τούτου,
594 4011 685 4064 καὶ
722 3993 940 4081 μάλισθδ
975 4011 1106 4064 ὅταν
1135 4010 1230 4080 ἀφ’
1284 4005 1494 4063 ὑδάτων
1529 4010 1676 4062 ἐστὶν
1723 4010 1756 4077 ὴ
1803 4008 1948 4079 μάχη

351 4106 450 4158 καὶ
477 4104 554 4176 μὴ
579 4102 860 4176 μεσιτεύει
894 4102 1088 4176 χέρσος
1116 4103 1215 4173 τὴν
1235 4101 1529 4172 ἐπιϐουλὴν
1560 4086 1947 4156 διακόπτουσα·

340 4197 394 4250 εί
422 4195 479 4248 δέ
502 4212 565 4263 γε
593 4196 736 4268 μετὰ
758 4193 868 4250 τῶν
903 4185 1080 4249 ἄλλων
1108 4184 1184 4246 ὧν
1213 4192 1634 4262 προενήργησαν
1664 4189 1757 4242 καὶ
1789 4185 1950 4240 τοῦτο

333 4290 420 4352 είς
455 4289 623 4360 μηδὲν
651 4288 836 4349 αὐτοῖς
870 4285 912 4318 ⁸³
948 4283 1311 4348 συντελέσειε,
1338 4282 1563 4360 τοὺςιείς
1599 4280 1756 4334 τοῦτο
1805 4283 1947 4346 πάρ-

331 4383 702 4453 ορμήσαντας
736 4378 937 4442 αὐτοὺς
973 4377 1068 4431 καὶ
1091 4373 1346 4430 τοσοῦτον
1365 4371 1534 4427 πλοῦν
1563 4372 1813 4424 διανύσαι
1843 4369 1948 4440 μά-

329 4492 442 4547 την
498 4474 1002 4544 ἁποπλανήσαντας
1063 4475 1174 4531 τοῖς
1233 4466 1421 4530 ὅπλοις
1488 4463 1948 4545 διαχειρίσασοαι,

331 4573 435 4623 καὶ
469 4567 649 4630 οὕτως
685 4570 742 4620 ἐν
769 4568 882 4628 τοῖς
915 4563 1066 4625 ἰδίοις
1095 4559 1382 4632 ἀπαίρειν.
1426 4559 1644 4628 Ταύτην
1675 4552 1769 4610 οὖν
1815 4555 1948 4626 παρ’

330 4662 559 4724 ἑαυτοῖς
586 4661 806 4728 θέμενοι
827 4657 926 4730 τὴν
967 4655 1185 4727 βουλὴν,
1232 4652 1314 4705 ἔτι
1364 4649 1497 4705 κατ’
1543 4651 1717 4728 ἀρχὰς
1783 4648 1948 4719 οΰσης

329 4755 440 4825 τῆς
485 4754 704 4817 νυκτὸς,
772 4751 867 4804 τοῦ
931 4748 1179 4802 ποικίλου
1230 4746 1324 4798 κα)¹
1363 4741 1685 4820 πολυειὸοὖς
1733 4743 1945 4794 ἐκείνου
1982 4720 2025 4776 D

331 4843 662 4916 ἁπὴρξαντο
697 4843 1113 4915 μηχανήματος.
1183 4833 1584 4914 Ἐξάψαντεςέί
1634 4833 1746 4902 γὰρ
1790 4831 1948 4911 ’παν-

331 4937 511 5008 ταχοῦ
546 4937 840 5006 φῶτα,καὶ
902 4935 1082 4996 πάσας
1123 4931 1303 4988 αὐτῶν
1343 4930 1444 4992 τὰς
1489 4927 1623 4998 νῆας
1675 4924 1816 4979 κατὰ
1854 4923 1948 4978 δύο

337 5030 704 5095 συζεύξαντες
733 5028 931 5097 ἑτέραν
966 5027 1067 5094 τῆς
1095 5021 1290 5094 ἐτέρας
1330 5021 1622 5095 ἐχομένην,
1675 5017 1779 5098 ,καί
1833 5033 1946 5070 τισι

335 5121 531 5182 κάλοις
569 5117 851 5188 στιϐαροῖς
881 5117 976 5169 καὶ
1014 5115 1261 5185 σιδηραῖς
1291 5111 1518 5166 ἁλύσεσι
1548 5109 1646 5172 τὰς
1670 5108 1948 5178 ἑκατέρων

335 5213 585 5283 πλευρὰς
611 5211 1007 5281 σνσφίγξαντες
1039 5210 1174 5280 πρὸς
1238 5209 1300 5261 τὸ
1350 5207 1426 5277 μὴ
1477 5205 1672 5278 ῥᾳδίως
1714 5205 1949 5272 ἀφίστα-

335 5307 490 5372 σθαι,
520 5305 851 5359 ἀνείλκυσαν
881 5289 973 5357 διὰ
1014 5303 1121 5356 τῶν
1149 5301 1295 5356 κατὰ
1328 5300 1558 5372 πρῶραν
1601 5297 1946 5371 ἁπῃωρημέ-

331 5420 446 5456 νων
477 5400 746 5470 ἐξαρτίων
771 5382 816 5430 ⁸³
866 5399 936 5452 τὰ
979 5397 1071 5451 διὰ
1097 5398 1265 5469 μέσου
1315 5393 1737 5466 προϐεϐλημένοι
1789 5389 1943 5454 ξύλα,

327 5492 367 5547 ἃ
401 5493 522 5554 τοῖς
559 5488 1008 5558 ναυτιλλομένοις
1069 5487 1342 5558 κατάρτια
1380 5485 1566 5539 καλεῖν
1613 5483 1758 5547 ἔθος.
1808 5477 1946 5535 Εἶτα

325 5582 468 5646 τοὺς
496 5582 604 5636 τῶν
635 5580 917 5651 ἑκατέρων
944 5579 1091 5651 νηῶν
1109 5580 1346 5650 αὐχένας
1371 5579 1428 5632 ἐν
1466 5577 1680 5639 τούτοις
1723 5575 1810 5631 διὰ
1837 5576 1945 5629 τῶν

2117 3363 2206 3418 52.
2239 3357 2400 3423 ’1ἰιιιι,
2437 3377 2562 3414 cum
2603 3374 2796 3430 pugnae
2815 3359 2978 3416 linem
3009 3354 3295 3422 feciésent,
3327 3359 3650 3418 conscensis

2053 3456 2288 3510 navibus
2328 3468 2574 3521 curaque
2625 3453 2798 3507 animi
2855 3468 3154 3524 parumper
3211 3453 3448 3508 remissa
3491 3455 3652 3508 moli-

2054 3547 2223 3602 tionis
2259 3561 2396 3614 Opus
2429 3545 2674 3615 aggressi
2711 3551 2881 3610 sunt,
2930 3544 3094 3614 cujus
3129 3545 3232 3601 sibi
3283 3545 3388 3615 ipsi
3427 3545 3650 3603 solertia

2053 3653 2153 3692 sua
2190 3637 2511 3707 ingeniique
2567 3636 2895 3693 dexteritate
2933 3637 3251 3694 inventores
3284 3647 3653 3708 auctoresque
3727 3711 3736 3718 _

2051 3731 2398 3785 exstiterant.
2435 3729 2595 3800 532
2653 3731 2862 3800 Nempe
2919 3729 3024 3785 hoc
3075 3731 3187 3788 illis
3238 3731 3556 3797 consilium,
3603 3732 3653 3788 is

2052 3837 2274 3892 sc0pus,
2311 3830 2368 3874 ut
2402 3822 2842 3890 experimentum
2873 3822 3147 3892 ejusmodi
3205 3823 3474 3892 facerent,
3511 3832 3572 3879 ut
3601 3825 3652 3881 si

2051 3928 2118 3968 co
2159 3914 2464 3983 expugnari
2530 3911 2809 3968 civitatem
2865 3918 3254 3986 contingeret,
3298 3917 3437 3972 bene
3478 3926 3649 3979 esset.

2052 4006 2199 4076 quod
2249 4006 2460 4060 nullum
2506 4006 2656 4061 aliud
2695 4007 2764 4061 ad
2805 4007 3145 4063 obsidendas
3175 4009 3344 4063 urbes
3387 4009 3650 4064 conduci-

2051 4099 2220 4153 bilius
2277 4096 2558 4152 videretur
2606 4107 2702 4152 aut
2754 4098 3013 4163 validius,
3048 4107 3104 4153 et
3147 4100 3498 4168 potissimum
3522 4115 3648 4154 cum

2049 4206 2116 4246 ex
2165 4190 2325 4260 aquis
2365 4206 2546 4260 pugna
2596 4191 2935 4253 conseritur,
2989 4206 3091 4245 nec
3134 4191 3426 4259 interiecta
3469 4195 3651 4246 conti-

2052 4299 2194 4361 nens
2227 4283 2530 4338 molitionis
2561 4299 2720 4352 .opus
2766 4284 3163 4354 interrumpit:
3214 4285 3300 4339 sin
3355 4300 3484 4339 vero
3523 4301 3648 4340 cum

2054 4375 2198 4437 aliis.
2248 4392 2369 4445 qua:
2414 4386 2576 4430 antea
2619 4376 2724 4446 ipsi
2775 4376 2948 4430 moliti
2999 4385 3209 4439 essent,
3271 4377 3386 4431 haec
3427 4392 3652 4447 quoque

2053 4469 2123 4523 iis
2145 4483 2311 4536 Opera
2340 4483 2499 4522 cassa
2537 4468 2698 4533 foret,
2731 4483 2826 4523 eos
2858 4468 2952 4538 qui
2981 4467 3049 4522 ad
3078 4485 3191 4524 rem
3221 4470 3650 4540 aggrediendam

2057 4570 2480 4627 provocassem,
2533 4569 2586 4614 et
2631 4569 2690 4613 ut
2747 4569 2898 4614 tanta
2937 4561 3213 4631 navigatio
3269 4562 3652 4631 susciperetur

2056 4656 2184 4706 fuco
2231 4652 2312 4707 eis
2363 4661 2626 4707 auctores
2677 4654 3046 4719 exstitissent,
3092 4654 3238 4709 lerro
3284 4655 3651 4719 trucidarent,

2056 4753 2286 4808 tumque
2329 4745 2394 4798 ad
2436 4746 2656 4815 propria
2690 4745 2957 4814 redirent.
3004 4745 3119 4802 Hoc
3163 4747 3334 4816 igitur
3375 4747 3519 4804 inter
3554 4762 3652 4803 eos

2057 4839 2360 4893 deliberate
2393 4839 2624 4892 consilio
2662 4839 2780 4906 ipso
2815 4839 2997 4894 noctis
3029 4841 3228 4896 obortu
3267 4840 3482 4894 varium
3519 4838 3654 4894 illud

2055 4937 2109 4984 et
2159 4928 2498 4984 multiforme
2553 4930 3057 4985 machinamentum
3111 4931 3292 4986 adorti
3335 4939 3485 4986 sunt.
3538 4931 3651 4986 Ac-

2055 5023 2240 5079 censis
2283 5022 2429 5078 enim
2476 5021 2682 5092 ubique
2743 5023 3089 5085 luminibus.
3146 5023 3477 5091 cunctisque
3513 5035 3653 5090 quas

2057 5113 2439 5171 conduxerant
2479 5115 2713 5170 navibus
2751 5115 2898 5170 binis
2925 5115 3260 5184 conjugatis,
3303 5122 3357 5168 et
3391 5121 3451 5167 ut
3479 5113 3651 5168 altera

2057 5207 2215 5262 alteri
2273 5206 2694 5272 colizeresceret,
2744 5208 3044 5276 densisque
3082 5205 3407 5259 retinaculis
3445 5213 3501 5257 et
3551 5219 3650 5258 ca-

2057 5299 2200 5352 tenis
2254 5295 2451 5353 ferreis
2486 5311 2676 5352 earum
2729 5299 2902 5352 latera
2937 5296 3286 5366 colligentes,
3331 5309 3398 5348 ne
3445 5308 3475 5345 a
3526 5308 3652 5349 sese

2054 5387 2214 5444 facile
2244 5388 2662 5452 divellerentur,
2718 5402 2814 5460 per
2854 5389 3030 5443 malos
3076 5387 3128 5441 in
3174 5402 3334 5456 prora
3368 5399 3648 5455 appensus

2050 5480 2197 5552 ligna
2230 5481 2283 5535 in
2319 5481 2498 5538 medio
2527 5482 2848 5544 erninentia,
2894 5497 3016 5552 quae
3057 5481 3220 5549 vulgo
3255 5479 3438 5534 nautis
3465 5487 3648 5532 catar-

2054 5573 2134 5628 ria
2169 5573 2338 5640 dicta,
2382 5588 2603 5630 sursum
2637 5581 2877 5629 traxere.
2929 5571 3072 5629 Tum
3105 5573 3391 5629 ambarum
3425 5569 3647 5626 navium

1635 5688 1870 5745 VARUS
1919 5688 2050 5743 LEC
2061 5687 2219 5745 ἸῚΟΝ
2229 5689 2333 5745 ES.

900 5789 946 5820 ⁸⁷
973 5785 1054 5839 ἔτι
1082 5801 1190 5840 οιιι.
1219 5783 1280 5839 Ρ.
1386 5785 1431 5817 ⁸⁸
1463 5802 1518 5838 τε
1541 5800 1652 5838 om.
1676 5781 1734 5836 Ρ.

410 5788 576 5855 "177;;
607 5805 717 5844 0m.
738 5788 795 5843 P.
900 5789 946 5820 ⁸⁷
973 5788 1054 5839 ἔτι
1082 5801 1190 5840 οιιι.
1219 5788 1280 5839 Ρ.
1386 5788 1414 5817 ⁸⁸

423 5857 740 5929 desidem-ce;
770 5861 833 5913 Α.
916 5857 961 5889 ⁸³
985 5856 1262 5929 ἐξαρτύων
1312 5855 1414 5910 AP.

338 5852 386 5889 'ﬂ'
423 5852 740 5930 ὖοράἷέαντες
770 5861 833 5913 Α.

1837 5784 1879 5815 ⁸³
1916 5783 2102 5853 αὐτῆς.
2141 5782 2199 5835 l‘.

2301 5784 2344 5814 ⁸ο
2377 5783 2549 5852 ἔχειεν
2591 5783 2647 5848 P,
2691 5780 2865 5851 ἔχοιεν
2899 5784 2964 5838 Α.
3045 5783 3085 5814 ⁶¹
3131 5778 3340 5852 αὐτοῖς]
3376 5778 3547 5853 αὐτὴν
3577 5779 3644 5832 Α.
