4094 6422
319 390 446 455 573

1435 390 1534 449 DE
1563 388 1879 450 EXCIDIO
1908 374 2525 449 Tuassmpuwe.

3511 390 3616 455 574

325 501 515 563 κίνοος
547 497 1038 569 ὲκιτετηδιυμένα,
1087 498 1164 562 ὡς
1214 497 1282 553 ἂν
1310 499 1419 551 τῶν
1462 497 1608 569 νηῶν
1632 498 1796 568 τυχὸν
1830 501 1928 567 ιφ-

2044 500 2113 554 iis
2147 500 2403 555 testaceis
2434 498 2707 567 disposita
2737 508 3068 568 praeparare,
3109 508 3168 555 ut
3190 502 3237 558 si
3273 484 3416 560 forte
3448 519 3615 563 naves

322 589 630 665 ορμουσῶν
688 590 901 654 τούτοις
953 590 1228 663 χρώμενοι
1263 592 1355 644 καὶ
1378 591 1466 645 διὰ
1509 591 1676 660 μέσου
1714 590 1925 644 τούτων

325 683 781 748 ἐξακοντίζοντες
815 684 1134 753 ἀπράκτους
1164 685 1361 761 αὑτορς
1396 683 1557 753 τῆσδε
1589 683 1687 753 τῆς
1711 685 1926 754 ἐπιχειι

322 781 553 852 ρήσεως
578 778 961 842 ἀποδείξωσιν.

408 870 504 923 λδ’.
551 868 640 932 Ὠς
668 868 725 920 δὲ
759 868 853 947 καὶ
884 867 1061 921 ταῦτα
1089 865 1400 937 ἀνθρώπων
1428 863 1499 938 ἦν
1529 868 1925 938 ἀπορουμένων

336 962 486 1033 ἔργα
517 961 610 1013 καὶ
647 957 947 1022 διαϐούλια,
979 958 1082 1028 ήδη
1117 957 1172 1010 δὲ
1202 958 1299 1010 καὶ
1332 958 1432 1026 τῆς
1462 958 1679 1027 ἡμέρας
1720 958 1781 1010 τὸ
1811 959 1926 1026 φῶς
1968 1016 1971 1021 _

332 1058 432 1110 τὸν
458 1052 775 1124 νυκτερινὸν
811 1050 974 1120 ζόφον
1005 1050 1236 1115 διέλυεν,
1299 1049 1408 1103 ἰδοὺ
1450 1048 1513 1121 δὴ
1543 1050 1636 1102 καὶ
1677 1051 1732 1103 αί
1773 1051 1923 1118 νῆες,

336 1148 416 1211 ὡς
444 1143 590 1217 εἶχον
626 1145 848 1214 σκευῆς,
887 1141 1030 1196 κατὰ
1064 1141 1294 1205 πολλοὺς
1341 1141 1540 1206 τόπους
1570 1142 1926 1212 διαιρεθεῖσαι

338 1239 419 1309 τῷ
450 1239 618 1309 τείχει
648 1235 1055 1309 προσέρρηξαν,
1115 1234 1301 1289 καινόν
1341 1252 1393 1287 τι
1414 1236 1460 1267 ⁷³
1493 1234 1590 1288 καὶ
1619 1235 1926 1305 παράδοξον

338 1331 525 1402 θέαμα
552 1332 674 1394 ταῖς
710 1330 971 1384 ἁπάντων
1007 1328 1164 1398 ὄψεσι
1194 1328 1652 1398 προδεικνύμεναι
1675 1345 1688 1358 ·
1718 1329 1926 1398 ἑκάστη

337 1425 452 1496 γὰρ
499 1422 680 1476 αὐτῶν
741 1420 976 1490 συζυγία
1021 1420 1325 1491 ἐπεφέρετο
1368 1419 1467 1491 τὴν
1525 1419 1929 1490 σεσοφισμένην

339 1514 563 1581 ἐκείνην
624 1511 738 1565 τῶν
796 1510 1203 1578 ξυλοσυνθέτων
1258 1508 1487 1580 πύργων
1552 1508 1927 1579 κατασκευὴν,

338 1605 526 1676 πολλῷ
556 1604 636 1675 τῷ
670 1602 856 1675 μέτρῳ
884 1601 985 1674 τὴν
1032 1601 1127 1655 τοῦ
1158 1601 1375 1672 τείχους
1429 1600 1722 1671 οἰκοδομὴν
1754 1601 1927 1672 ὑπερ-ν

341 1698 667 1761 ϐαίνουσαν,
699 1696 908 1752 ἄνωθέν
940 1712 1001 1749 τε
1027 1696 1155 1758 τοὺς
1194 1694 1509 1765 βαρϐάρους
1532 1690 1930 1763 ἐξαλλομένους

338 1792 599 1861 καθάπερ
664 1789 819 1852 τινὰς
879 1788 1335 1859 ὲξοιστρημένους
1380 1788 1638 1857 ταύρους,
1690 1789 1788 1840 καὶ
1838 1787 1929 1839 τὸν

337 1883 564 1953 ὄλεθρον
584 1884 748 1937 πᾶσιν
776 1868 1279 1943 ἐπισείοντας.Τότε
1302 1880 1389 1949 δὴ,
1409 1881 1553 1943 τότε,
1571 1876 1790 1951 [P.346]
1812 1879 1927 1932 ὅσοι

336 1976 437 2031 τοῦ
468 1977 639 2045 δήμου
663 1975 763 2043 τῆς
795 1962 1005 2037 πόλεως
1032 1971 1127 2026 τοῦ
1162 1972 1259 2042 μὲν
1298 1970 1532 2025 θανάτου
1580 1971 1929 2041 καταφρονή-

340 2085 538 2130 σαντες
562 2068 809 2136 ἀφύκτου
841 2083 899 2118 τε
927 2066 1080 2128 ὄντος
1128 2066 1223 2118 καὶ
1261 2062 1404 2116 κατὰ
1433 2062 1690 2135 κόρηςη,
1733 2063 1808 2125 ὼς
1854 2065 1930 2115 el—

343 2164 486 2223 πεῖν,
520 2160 818 2228 ἱσταμένου
856 2159 967 2212 ὅλοι
997 2156 1098 2227 τῆς
1145 2157 1391 2225 ἀγωνίας
1425 2157 1697 2225 ἐγένοντο,
1726 2156 1932 2209 ὲπίδειυ

341 2253 426 2319 ξιν
459 2253 686 2323 ἀνδρίας
726 2252 819 2304 τοῦ
870 2250 1121 2304 κινδύνου
1178 2249 1278 2319 τὴν
1328 2249 1515 2319 ἀκμὴν
1565 2248 1929 2319 ποιησάμενοι

341 2346 580 2414 ἔστησαν
609 2344 877 2414 γενναίως
910 2341 1207 2404 ἀθλοῦντες
1234 2343 1292 2394 ὲν
1329 2339 1409 2410 τῷ
1437 2341 1685 2411 πολέμῳ,
1739 2341 1831 2393 καὶ
1862 2341 1931 2394 τὰ

342 2436 479 2509 παρ’
512 2437 708 2490 ἑαυτοῦ
764 2437 998 2498 ἕκαστος
1046 2434 1228 2487 αὐτῶν
1254 2432 1605 2486 ἐπεδείκνυτο
1621 2434 1668 2464 ⁷³
1689 2451 1702 2465 ·
1736 2433 1796 2485 οὐ
1822 2431 1931 2501 γὰρ

340 2532 472 2584 τίων
494 2530 678 2583 τέλεον
701 2527 1026 2600 πλησιάζειν
1056 2527 1155 2589 τὰς
1186 2526 1342 2596 νῆας,
1373 2524 1510 2579 ἀλλὰ
1540 2526 1602 2579 τὸ
1635 2526 1733 2597 μὲν
1752 2528 1867 2588 τοῖς
1886 2524 1930 2555 ⁷³

344 2626 565 2694 συχνοῖς
599 2622 801 2693 βέλεσι,
830 2622 892 2674 τὸ
924 2621 979 2674 δὲ
1002 2624 1114 2682 τοῖς
1143 2619 1237 2673 τοῦ
1280 2619 1452 2690 πυρὸς
1508 2618 1932 2689 ὑπεκκαύμασιν

344 2717 614 2784 ἀπεῖργον
644 2713 815 2775 αὐτὰς
838 2710 933 2763 τοῦ
968 2707 1368 2783 προσπελάζειν
1395 2706 1473 2775 τῷ
1520 2706 1689 2775 τείχει
1738 2705 1831 2758 καὶ
1865 2706 1933 2757 τὰ

347 2804 480 2875 παρ’
513 2803 727 2857 ἑαυτῶν
764 2802 1029 2872 ἐνεργεῖν.
1062 2798 1221 2850 ’Ὅσοι
1252 2796 1308 2848 δὲ
1339 2794 1404 2867 τῇ
1431 2794 1602 2865 δειλίᾳ
1629 2793 1727 2865 τὴν
1755 2792 1934 2863 ψυχὴν

346 2898 643 2973 placem;
666 2894 788 2950 οὐδὲ
830 2892 1197 2964 προσϐλέπειν
1249 2888 1343 2941 τοῦ
1374 2886 1547 2940 κοικοῦ
1593 2884 1692 2956 τὴν
1738 2887 1933 2954 πεῖραν

351 2992 461 3048 επδ
493 2992 592 3062 τῆς
612 2990 753 3057 ἄγαν
789 2983 1104 3057 ἀμηχανίας
1131 2979 1405 3049 ὲξίσχυον,
1434 2978 1664 3040 ἑαυτοὺς
1696 2976 1787 3029 τοῦ
1824 2977 1935 3029 τεί⁴

348 3104 480 3161 χους
533 3083 676 3137 κατὰ
730 3082 924 3153 μικρὸν
956 3075 1324 3146 ὑποσύροντες
1357 3073 1452 3126 tat
1485 3071 1589 3157 τὰς
1622 3068 1936 3140 ἀκρωρείας

2030 588 2446 655 adventassent,
2480 590 2589 645 illis
2620 591 2728 657 usi,
2762 590 2962 660 hisque
2993 593 3190 648 mediis
3222 595 3337 665 ipsa
3363 597 3478 650 haec
3495 598 3616 666 eja-
3674 628 3679 629 ί

2027 683 2303 748 calantes,
2332 683 2401 736 ab
2434 684 2536 737 hac
2570 699 2790 752 quoque
2821 686 3175 753 aggressio‘ne
3210 689 3538 756 repellerent
3561 698 3619 745 et

2026 789 2222 829 eorum
2260 783 2495 829 conatus
2526 776 2713 830 irritos
2751 775 3016 831 lacerent.

2102 867 2195 922 54.
2235 867 2372 921 Cum
2408 883 2540 922 vero
2564 868 2680 922 lucc
2703 884 2924 937 quoque
2948 868 3233 922 hominum
3261 872 3615 926 titubantium

2030 959 2172 1014 facta
2208 975 2273 1013 ac
2299 961 2533 1015 consilia
2564 961 3012 1029 essent,jamque
3045 960 3275 1016 illucens
3298 963 3619 1018 dics‘noctis

2032 1050 2291 1105 tenebras
2320 1050 2671 1117 dissolveret,
2704 1067 2773 1106 en
2800 1060 2852 1105 et
2874 1066 3068 1115 naves,
3104 1062 3163 1105 ut
3200 1061 3362 1106 erant
3406 1057 3615 1108 instru-

2030 1155 2152 1209 σιω,
2183 1161 2278 1215 per
2311 1145 2481 1198 multa
2519 1146 2636 1199 loca
2688 1144 2877 1198 divisae
2922 1145 2975 1197 in
3033 1159 3251 1199 murum
3284 1148 3618 1215 irrumpunt,

2034 1252 2347 1305 novumque
2377 1235 2656 1304 quoddam
2684 1252 2748 1290 ac
2778 1236 3103 1291 incredibile
3133 1247 3461 1293 citiictorum
3482 1252 3621 1292 ocu-

2034 1330 2101 1385 lis
2129 1329 2507 1398 spectaculum
2542 1330 2819 1398 ingerunt.
2838 1325 3283 1397 Unumquodque
3299 1328 3618 1399 535enim

2026 1420 2344 1490 iugatarum
2384 1418 2608 1473 navium
2644 1432 2745 1488 par
2786 1418 3020 1472 turrium
3051 1434 3118 1472 ex
3153 1418 3313 1487 lignis
3340 1420 3621 1489 ingeniose

2033 1522 2372 1568 structorum
2391 1510 2659 1565 fabricam
2678 1510 3040 1575 convehebat,
3066 1526 3352 1566 murorum
3385 1511 3619 1566 aedilicio

2034 1607 2208 1662 multo
2232 1606 2557 1669 elatiorem;
2600 1619 2768 1672 supra
2798 1618 2940 1672 quas
2984 1613 3143 1659 erant
3175 1604 3396 1659 barbari
3433 1604 3621 1669 Subsi-

2033 1700 2231 1754 lientes
2256 1740 2271 1765 ,
2312 1712 2468 1768 aeque
2512 1712 2576 1752 ac
2625 1698 2767 1753 tauri
2819 1703 2995 1751 (nstro
3036 1696 3255 1766 perciti,
3294 1697 3622 1766 cunctisque

2035 1792 2314 1846 interitum
2362 1791 2785 1844 comminantes.
2836 1787 2994 1844 Tunc
3041 1802 3174 1844 sane
3219 1796 3495 1858 quotquot
3535 1788 3620 1843 εἰσ

2036 1883 2183 1937 vium
2231 1880 2414 1953 spreta
2442 1893 2638 1945 morte,
2689 1896 2811 1951 quae
2845 1881 3185 1936 inevitabilis
3214 1890 3479 1951 certaque
3521 1883 3625 1935 im-

2035 1977 2270 2031 mineret
2296 1984 2350 2030 et
2375 1974 2447 2030 ob
2475 1975 2690 2035 oculos,
2721 1984 2778 2028 ut
2802 1974 2979 2037 aiunt,
3005 1972 3173 2043 inque
3200 1975 3405 2044 pupilla
3446 1975 3622 2043 posita

2034 2077 2201 2130 esset,
2258 2067 2357 2122 toti
2421 2067 2746 2122 certaminis
2797 2068 2997 2123 ardore
3052 2076 3401 2131 exarserant,
3458 2066 3623 2123 fortis

2034 2160 2201 2215 animi
2247 2160 2524 2229 specimen
2578 2160 2752 2229 ipsam
2789 2160 3023 2229 periculi
3063 2161 3502 2230 magnitudinem
3539 2161 3624 2214 fa-

2034 2253 2269 2317 cientes,
2305 2252 2358 2305 hi
2392 2252 2651 2307 videlicet
2685 2262 2940 2306 c'onserta
2988 2269 3169 2322 pugna
3201 2264 3429 2307 strenue
3461 2252 3626 2307 dimi-

2034 2356 2253 2399 cavere.
2284 2343 2442 2398 Haud
2486 2345 2631 2398 enim
2662 2346 2891 2397 omnino
2920 2360 3087 2400 naves
3125 2347 3495 2414 propinquare
3549 2345 3628 2400 si-

2035 2437 2259 2501 nebant,
2288 2436 2384 2493 sed
2411 2438 2609 2507 partim
2636 2437 2868 2491 telorum
2895 2437 3073 2507 spissa
3105 2438 3393 2507 grandine,
3431 2437 3626 2507 partim

2036 2540 2167 2587 vero
2198 2530 2487 2600 ejaculatis
2528 2522 2746 2601 ignibus
2779 2545 2809 2583 a
2840 2546 2998 2585 muro
3030 2532 3295 2584 arcebant
3331 2541 3395 2584 ac
3428 2545 3627 2585 noxam

2038 2624 2426 2694 prohibebant.
2447 2623 2730 2695 Quotquot
2754 2620 2884 2679 vero
2911 2624 3101 2678 saucio
3128 2623 3420 2679 formidine
3443 2628 3630 2679 animo

2038 2720 2203 2786 atque
2238 2716 2437 2785 pavido
2461 2721 2642 2777 erant,
2688 2725 2909 2786 prmqne
2948 2716 3151 2784 ingenti
3192 2715 3392 2770 mentis
3436 2715 3623 2784 inopia

2039 2822 2141 2861 nec
2166 2806 2344 2875 ipsum
2385 2805 2509 2858 mali
2567 2807 2850 2858 incursum
2891 2804 3142 2856 adversis
3171 2801 3347 2856 oculis
3378 2808 3633 2869 poterant

2038 2900 2303 2969 aspicere,
2336 2914 2365 2953 e
2400 2897 2573 2951 muris
2607 2896 2813 2951 sensim
2863 2910 2989 2950 sese
3061 2894 3449 2949 subtrahentes
3481 2901 3533 2945 et
3565 2892 3632 2945 ad

2040 2991 2287 3047 tumulos
2312 2990 2661 3060 elatioraque
2703 2988 2946 3043 civitatis
2985 2987 3102 3042 loca
3141 2984 3496 3055 dill‘ugientes
3531 2985 3633 3040 ho-

2041 3094 2152 3140 stes
2183 3084 2451 3154 deinceps
2483 3082 2812 3137 audaciores
2856 3081 3058 3134 l'ecere.
3108 3078 3175 3132 Ut
3210 3078 3358 3132 enim
3393 3075 3631 3146 quodam

342 3181 446 3254 τῆς
485 3178 697 3240 πόλεως
754 3175 1008 3243 ἔφευγον,
1065 3172 1160 3223 καὶ
1216 3166 1406 3221 λοιπὸν
1460 3164 1684 3235 θαρρεῖν
1732 3163 1935 3217 ἐδίδουν

2047 3179 2184 3231 muri
2237 3178 2358 3231 loco
2389 3185 2728 3230 structuram
2774 3190 2885 3244 prae
2916 3173 3039 3227 aliis
3096 3174 3274 3241 magis
3304 3169 3518 3223 ruinam
3555 3168 3634 3220 fa-

342 3275 456 3333 ’τοῖς
490 3268 779 3328 ὲναντίεις.
819 3255 906 3327 Ὧς
964 3263 1073 3332 γὰρ
1106 3257 1244 3313 εἶδον
1296 3257 1439 3311 κατά
1492 3274 1615 3309 τινα
1645 3255 1808 3307 τόπον
1840 3255 1931 3306 τοῦ

340 3364 562 3434 τείχους
594 3362 694 3431 τὴν
714 3356 1005 3427 οἰκοδομὴν
1028 3354 1191 3406 πλέον
1219 3349 1327 3404 τῶν
1357 3349 1535 3403 ἄλλων
1558 3348 1934 3418 διαρρυεῖσαν,

344 3456 476 3514 ἔνθα
499 3456 599 3508 καὶ
650 3452 776 3514 τοὺς
805 3450 1050 3513 ξυλίνους
1085 3443 1227 3518 ἦμεν
1265 3440 1691 3523 προπεπηγότες
1734 3438 1938 3509 προϐό-

342 3548 495 3613 λους,
545 3546 716 3614 ἔγνων
743 3544 800 3596 δὲ
832 3541 929 3595 καὶ
961 3540 1022 3595 τὸ
1052 3539 1152 3607 τῆς
1186 3536 1462 3603 θαλάσσης
1500 3532 1646 3605 ὕδωρ
1697 3536 1755 3587 ὲν
1787 3531 1938 3603 αὐτῷ

349 3646 557 3716 μᾶλλον
585 3642 662 3713 τῷ
687 3640 837 3709 τόπῳ
868 3637 957 3691 διὰ
992 3634 1192 3706 βάθους
1213 3634 1411 3703 χωρεῖν
1428 3630 1497 3692 ⁷⁸,
1520 3629 1649 3700 μίαν
1676 3626 1938 3695 συζυγίαν

343 3740 453 3794 τῶν
511 3734 862 3804 ἐζευγμένων
882 3732 925 3762 ⁷⁷
987 3730 1105 3783 ἐκεῖ
1146 3725 1542 3785 συνελάσαντες
1592 3721 1765 3773 ὤθουν
1818 3721 1940 3781 ταῖς

352 3830 567 3892 κώπαις
607 3828 748 3882 κατὰ
785 3823 1007 3896 μικρὸν,
1044 3822 1149 3883 ἕως
1195 3818 1442 3888 ἔφθασαν
1489 3816 1720 3884 πλησίον
1749 3815 1805 3865 ἐν
1837 3812 1938 3864 αὐ-

364 3925 476 3983 ταῖς
498 3924 612 3982 ταῖς
640 3917 899 3981 ἐπάλξεσι
926 3915 992 3969 τὰ
1021 3914 1161 3967 κατὰ
1190 3910 1417 3980 πρῶραν
1444 3910 1553 3961 τῶν
1584 3905 1722 3959 νεῶν
1765 3914 1940 3973 προσ-

365 4014 709 4073 πελάσαντες.
743 4007 874 4062 Εἶτα
922 4008 996 4070 ὡς
1037 4004 1360 4074 ἐπεχείρουν
1391 4001 1510 4053 κατ’
1538 3997 1719 4051 αὐτῶν
1757 3995 1940 4056 λίθους

354 4100 595 4177 βαλείντ⁸
652 4104 702 4157 οί
760 4102 873 4163 τοῖς
920 4099 1151 4167 ξυλίνοις
1206 4086 1573 4164 ἐγκαθήμενοι
1629 4089 1937 4159 προϐόλοις,

351 4199 531 4268 μέγαν
561 4196 681 4250 τινὰ
713 4194 808 4248 καὶ
840 4192 1042 4264 τραχὺν
1066 4187 1383 4256 ἀλαλαγμὸν
1414 4183 1787 4254 ἐμϐοήσαντες
1831 4180 1943 4233 ἄνω

344 4292 461 4347 τῶν
516 4289 796 4362 ῥηθέντων
848 4281 1261 4357 μηχανημάτων
1293 4277 1529 4339 ἑστῶτες
1559 4276 1607 4328 οἱ
1643 4272 1934 4344 βάρϐαροι,

343 4383 523 4445 λίθοις
557 4395 616 4434 τε
651 4380 906 4452 βαλόντες
955 4375 1143 4429 οὐκέτι
1184 4368 1635 4442 χειροπληθέσιν,
1668 4363 1804 4418 ἀλλὰ
1847 4363 1943 4415 καὶ

341 4478 472 4531 λίαν
515 4472 905 4544 παμμεγέθεσι
940 4470 1033 4522 καὶ
1064 4459 1139 4520 ὧν
1165 4464 1342 4525 οὐδεὶς
1377 4462 1600 4515 ἐδύνατο
1630 4458 1727 4528 τὴν
1770 4455 1943 4525 φορὰν

346 4566 675 4639 ὕπομεῖναί,
727 4566 839 4634 πῦρ
863 4581 920 4615 τε
948 4561 1037 4614 διὰ
1061 4558 1167 4612 τῶν
1204 4554 1456 4627 σιφὼνων
1489 4553 1566 4624 τῷ
1615 4552 1739 4621 ἀέρι
1769 4549 1946 4618 φυσή-

348 4676 571 4724 σαντες,
613 4658 702 4711 καί
741 4674 864 4709 τινα
904 4655 1039 4707 ἄλλα
1087 4649 1256 4720 σκεύη
1305 4649 1399 4702 καὶ
1426 4646 1564 4699 αύτὰ
1601 4645 1770 4715 πυρὸς
1811 4643 1946 4694 ἀνά-

352 4773 535 4828 μεστα
561 4753 692 4805 εἴσω
720 4749 814 4804 τοῦ
846 4748 1061 4817 τείχους
1093 4742 1562 4808 ὲξακοντίσαντες,
1629 4739 1709 4799 εἰς
1747 4734 1947 4789 τοσαύ-

347 4860 456 4923 την
498 4845 763 4916 ἔκπληξιν
821 4842 918 4894 καὶ
971 4837 1174 4893 δειλίαν
1226 4836 1353 4897 τοὺς
1393 4836 1449 4885 ἐν
1498 4833 1612 4895 τοῖς
1662 4829 1949 4899 προϐόλοις

344 4944 521 5004 ὂντας
558 4939 814 4993 ἐνέϐαλον
845 4936 920 4999 ὠς
945 4930 1333 5000 καταπηδῆσαι
1360 4929 1421 4979 τὸ
1455 4926 1619 4994 τάχος
1666 4923 1760 4975 καὶ
1810 4923 1949 4991 προς

352 5034 541 5107 φυγὴν
581 5033 925 5103 ἐκτραπῆναι
957 5026 1052 5078 καὶ
1076 5024 1232 5077 κενὸν
1275 5020 1495 5073 ἅπαντα
1522 5017 1613 5069 τὸν
1643 5016 1948 5085 περίπατον

351 5131 454 5186 τοῦ
493 5129 710 5198 τείχους
750 5122 1099 5177 καταλιπεῖν.
1144 5114 1367 5184 Ἐπειδὴ
1413 5112 1467 5165 δὲ
1522 5110 1583 5162 τὸ
1626 5109 1777 5170 τέλος
1815 5101 1956 5160 εἶδον

352 5224 471 5277 τῶν
506 5216 947 5292 βεϐουλευμένων
981 5212 1205 5285 (πάντες
1237 5210 1345 5277 γὰρ
1377 5203 1628 5275 καθάπερ
1658 5204 1717 5269 ἐξ
1749 5204 1954 5270 ἀνέμου

354 5316 540 5386 φύλλα
593 5312 731 5378 πρὸς
766 5310 867 5381 τὴν
896 5307 1001 5373 γῆν
1044 5304 1433 5372 κατεφέροντο,
1494 5298 1615 5351 οὐδὲ
1650 5297 1791 5349 κατὰ
1843 5295 1953 5346 τῶν

356 5404 672 5474 κλιμάκων,
703 5386 821 5454 ἀλλ⁵
858 5397 936 5461 ὡς
967 5398 1037 5450 ἂν
1084 5394 1282 5457 αὐτοὺς
1318 5392 1345 5444 ὁ
1377 5387 1539 5459 φόϐος
1570 5383 1954 5457 κατήπειγεν),

353 5502 468 5554 ἕνα
501 5497 626 5550 τινὰ
661 5492 939 5565 τολμηρὸν
998 5489 1277 5561 βάρϐαρον
1318 5487 1412 5539 καὶ
1466 5486 1576 5537 τῶν
1631 5484 1831 5542 ἄλλων,
1883 5481 1960 5543 ὡς

357 5592 541 5658 είκδς,
573 5586 971 5661 μανικώτερον,
1027 5584 1261 5637 Altheae
1298 5583 1397 5651 τὴν
1426 5582 1641 5651 χροιάν,
1688 5580 1814 5639 ταῖς
1867 5577 1967 5626 ἑπι-

2043 3284 2169 3325 cere
2198 3268 2472 3330 viderunt,
2517 3269 2607 3322 ubi
2651 3268 2863 3322 scilicet
2901 3282 3001 3319 nos
3043 3265 3146 3333 ipsi
3193 3265 3368 3333 lignea
3434 3276 3638 3331 prepu-

2042 3361 2275 3429 gnacula
2315 3363 2751 3430 praelixcramus,
2790 3358 3387 3429 deprehenderoutque
3430 3369 3630 3421 aquam

2043 3454 2214 3507 maris
2255 3452 2453 3507 altiore
2486 3452 2609 3506 sinu
2652 3468 2719 3507 eo
2756 3452 2876 3506 loco
2921 3449 3108 3503 urbem
3144 3448 3373 3509 alluere,
3419 3445 3638 3515 jttucta-

2046 3563 2164 3600 rum
2207 3548 2428 3600 navium
2482 3562 2581 3615 par
2638 3546 2733 3599 illo
2783 3544 3094 3598 inferentes
3144 3539 3408 3611 paulatim
3468 3539 3638 3593 remis

2042 3638 2402 3709 impulerunt,
2430 3637 2591 3709 536
2610 3638 2785 3691 donec
2819 3639 2932 3707 ipsa
2964 3634 3376 3705 propugnacula
3405 3633 3628 3687 navium

2044 3748 2220 3803 prora:
2255 3728 2847 3802 contigere.Tumque
2895 3728 2984 3784 his
3039 3728 3130 3797 qui
3184 3726 3236 3779 iu
3284 3725 3481 3795 ligneis
3516 3738 3642 3792 pro-

2043 3826 2370 3895 pugnaculis
2409 3824 2572 3893 positi
2604 3832 2763 3878 eraut
2797 3823 2850 3875 in
2900 3837 2994 3875 eos
3024 3820 3236 3890 lapides
3263 3820 3451 3889 jacere
3490 3815 3635 3871 inci-

2042 3917 2341 3987 pientibus,
2377 3932 2574 3985 rnaguo
2613 3913 2999 3981 horrendoque
3056 3911 3272 3965 sublato
3302 3911 3543 3962 clamore
3576 3922 3639 3959 ac

2046 4010 2280 4072 ululatu,
2314 4024 2481 4077 supra
2526 4023 2621 4060 eas
2650 4022 2785 4074 quas
2820 4005 3069 4058 dicebam
3104 4004 3391 4057 machinas
3422 4011 3640 4055 stantes

2050 4100 2303 4163 Barbari,
2342 4114 2439 4151 nec
2470 4097 2745 4150 manualia
2787 4098 3078 4157 duntaxat,
3114 4092 3207 4147 sed
3238 4107 3399 4160 quam
3449 4092 3642 4142 imma-

2046 4193 2305 4255 nissima,
2338 4199 2393 4245 et
2427 4204 2664 4260 quorum
2712 4187 2975 4255 impetum
3016 4186 3207 4239 nullus
3249 4185 3636 4244 sustinui-Sel,

2050 4286 2450 4342 convolventes
2485 4298 2641 4342 saxa.
2674 4284 2970 4352 ignemque
3007 4277 3339 4347 siphonibus
3394 4275 3505 4326 aeri
3559 4274 3642 4326 in-

2049 4378 2359 4443 sumantes,
2403 4386 2569 4446 atque
2604 4376 2711 4429 alia
2738 4389 2867 4428 vasa
2902 4356 3041 4445 (ips’a
3068 4388 3288 4441 quoque
3313 4370 3432 4440 igne
3460 4366 3642 4437 plena)

2054 4474 2200 4526 intra
2232 4487 2454 4524 murum
2488 4468 2780 4538 jacientes,
2827 4478 3043 4519 tantum
3089 4470 3296 4516 metum
3349 4476 3411 4513 ac
3456 4468 3647 4528 stupu-

2056 4582 2169 4621 rem
2219 4564 2332 4618 illic
2366 4561 2687 4617 constitutis
2749 4559 3110 4629 praesidiariis
3158 4558 3535 4614 im-usserunt,
3589 4564 3648 4605 ut

2056 4674 2222 4729 quam
2254 4657 2544 4711 celerrime
2598 4653 2923 4709 exsilientes
2973 4652 3025 4702 in
3054 4651 3242 4721 iugum
3299 4656 3650 4702 verterentur

2058 4763 2395 4817 omnemque
2438 4745 2581 4799 muri
2641 4760 2826 4797 aream
2877 4758 3101 4796 vacuam
3141 4744 3480 4796 desererent.
3544 4738 3647 4793 Ulli

2060 4848 2242 4895 autem
2302 4839 2412 4891 voti
2470 4854 2530 4891 se
2594 4844 2880 4903 compotes
2955 4834 3131 4888 factos
3196 4848 3318 4889 esse
3390 4831 3653 4883 viderunt

2064 4932 2281 5003 (omnes
2316 4931 2462 4986 enim
2493 4931 2644 4984 velut
2674 4944 2703 4982 ιι
2727 4937 2888 4983 vento
2923 4943 3158 4983 excussa
3196 4928 3324 4979 l'olia
3360 4925 3413 4977 in
3449 4933 3650 4975 terram

2066 5025 2428 5095 proruebaut,
2472 5039 2657 5093 neque
2709 5038 2804 5092 per
2853 5023 3068 5084 scalas,
3126 5020 3220 5072 sed
3264 5027 3451 5069 uteos
3484 5030 3657 5082 pavor

2071 5116 2359 5185 raptabat)
2386 5156 2401 5178 ,
2442 5132 2613 5168 uutnn
2649 5114 2958 5183 quempiam
2995 5111 3222 5165 audacis
3253 5109 3420 5162 animi
3453 5106 3657 5160 Barba-

2067 5226 2211 5266 rum.
2247 5208 2578 5277 ueterisque
2604 5248 2618 5269 ,
2670 5214 2727 5260 ut
2760 5206 3071 5264 \idebatur,
3110 5201 3306 5271 majori
3343 5200 3541 5253 fretum
3572 5213 3658 5247 vr-

2064 5298 2246 5363 sania,
2305 5299 2491 5352 colore
2526 5298 2913 5367 uigerrimum,
2976 5298 3028 5348 in
3072 5292 3486 5363 propugnacula
3551 5291 3657 5341 im-

2069 5393 2315 5445 mittunt.
2388 5391 2439 5447 ls
2490 5407 2706 5453 ensem,
2764 5406 2926 5460 quem
2979 5389 3033 5443 in
3080 5387 3336 5440 manibus
3383 5386 3656 5454 gestabat,

2071 5491 2282 5548 rotans,
2318 5484 2483 5552 inque
2516 5497 2734 5536 murum
2795 5482 3068 5546 insiliens,
3128 5494 3193 5532 ac
3247 5491 3429 5531 moras
3484 5477 3538 5528 in
3591 5489 3660 5526 eo

2071 5574 2318 5638 trahens,
2376 5571 2750 5627 multitudinis
2794 5572 3059 5642 impetum
3116 5567 3471 5628 observabat,
3526 5578 3657 5617 num

1665 5692 1891 5748 VARI/['1
1932 5689 2335 5746 LECTIONES.

434 5805 481 5834 ⁷⁴¹
515 5818 574 5854 τε
615 5800 675 5855 Ρ.
752 5798 797 5828 ⁷³
833 5797 1074 5867 κόρρηςῖ
1147 5797 1191 5827 ⁷⁸
1234 5796 1323 5847 καὶ
1351 5791 1839 5849 ἐὶ-ἐπεδείκνυτο
1869 5804 1977 5842 om.
2000 5785 2059 5839 P.
2139 5786 2182 5816 ⁷⁵
2206 5788 2316 5849 τοῖς
2346 5802 2457 5841 om.
2490 5786 2549 5839 P.

361 5890 475 5928 om.
519 5872 574 5926 Γ.
653 5871 698 5901 ⁷³
728 5869 942 5939 βάλλειν
960 5869 1001 5918 Λ

2632 5785 2675 5815 ⁷⁸
2709 5783 2921 5854 χωροῦν
2957 5786 3017 5837 Δ.
3103 5783 3145 5815 ⁷⁷
3173 5780 3278 5834 τῶν
3310 5772 3661 5843 ἐζευγμένων
