4094 6410
514 371 618 435 575

1745 362 2083 424 JOANNES
2112 360 2548 424 CAMENIATA

3683 356 3790 422 576

516 487 725 543 scilicet
771 482 987 548 fraude,
1044 497 1111 537 an
1140 482 1288 552 quod
1320 484 1548 537 omnino
1577 482 1761 552 fugam
1811 480 2094 547 fecissent,

2209 480 2420 545 ἁλξεσιν
2473 480 2789 548 ὲπαφῆκαν.
2828 476 2889 532 'U
2940 479 2996 534 δὲ
3040 480 3139 552 τὴν
3190 478 3467 551 μάχαιραν
3501 481 3570 553 ἢν
3627 482 3793 553 ἐτύγ-

518 581 642 633 inde
688 576 1498 633 abscessissent:verebantur
1548 576 1695 630 enim
1745 591 1813 631 ne
1876 575 2098 631 insidiis

515 671 777 732 adversus
829 685 923 725 eos
977 670 1030 724 in
1076 670 1296 724 occulto
1338 683 1436 738 per
1478 668 1802 739 angiportus
1839 669 2099 738 vicosque

518 763 805 831 dispositis
832 762 981 817 cives
1018 778 1077 816 se
1108 763 1163 816 in
1213 763 1383 815 multa
1433 761 1643 816 divisos
1684 761 1897 831 agmina
1955 762 2099 817 malo

518 855 668 918 dolo,
704 856 855 923 gravi
890 856 1002 908 ullo
1042 856 1246 909 damno
1285 853 1596 919 allicerent;
1627 853 1888 922 dubiique
1916 853 2102 908 hacte-

522 962 627 1000 nus
663 948 1067 1010 subsistebant,
1117 962 1186 1001 ne
1218 948 1300 1001 sic
1350 946 1647 1014 improvise
1689 945 1745 999 in
1794 946 1982 999 urbem
2022 946 2100 1000 ir-

521 1051 844 1110 rumperent
900 1057 1079 1110 exque
1128 1042 1292 1111 genio
1326 1040 1473 1093 illius
1526 1039 1837 1092 vastitatem
1882 1038 2100 1093 darent.

520 1136 587 1187 At
617 1136 705 1188 nbi
734 1135 1009 1188 barbarici
1039 1135 1189 1189 ensis
1247 1134 1518 1202 frequenti
1569 1133 1911 1186 circumactu
1940 1130 2099 1200 537

521 1227 859 1297 effulgurans
888 1244 982 1281 aer
1016 1228 1201 1281 hostes
1261 1228 1315 1281 in
1361 1226 1549 1280 urbem
1600 1224 1901 1294 pervadere
1936 1232 2103 1293 atque

523 1317 736 1386 ingredi
771 1318 946 1386 palam
982 1317 1114 1371 fecit
1151 1318 1291 1383 (erat
1325 1331 1563 1385 namque
1588 1316 1723 1369 hora
1750 1313 1859 1368 diei
1892 1314 2099 1383 tertia).

521 1416 651 1461 tunc
687 1409 970 1474 nimirum,
993 1416 1125 1463 tunc
1152 1409 1360 1473 cuncti,
1395 1409 1524 1462 mali
1556 1416 1753 1461 eventu
1786 1413 2099 1475 perspecto,

519 1500 661 1555 alius
696 1502 826 1567 alio,
866 1502 1113 1557 contrusi
1147 1502 1278 1567 fato,
1305 1501 1598 1572 diffugere,
1632 1508 1757 1555 cttm
1797 1501 1914 1553 dira
1948 1514 2103 1554 mors

517 1595 736 1649 cunctis
770 1594 1074 1665 ingrueret,
1107 1611 1209 1650 nec
1237 1594 1359 1663 ejus
1390 1592 1717 1649 antoliendte
1750 1592 1919 1646 ullum
1943 1591 2099 1645 dein-

516 1694 648 1750 ceps
674 1684 965 1739 consilium
998 1685 1253 1755 ratioque
1282 1694 1622 1756 suppeteret.

2205 594 2336 649 χανε
2356 578 2403 610 τ’
2429 578 2549 640 ταῖς
2580 575 2741 647 χερσὶ
2786 576 3037 647 κατέχων
3087 576 3485 649 ἀναρριπίζων,
3515 576 3613 631 καὶ
3646 578 3796 633 κατά

2205 670 2301 724 τοῦ
2329 670 2543 739 τείχους
2592 670 2909 739 ἀλλόμενος,
2944 668 3179 740 ἐπέμενε
3226 669 3445 723 σκοπῶν
3478 670 3578 740 τὴν
3608 670 3795 740 ὁρμὴν

2207 762 2301 814 τοῦ
2329 762 2589 830 πλήθους,
2624 762 2678 814 εί
2702 777 2765 829 γε
2796 760 2869 831 μὴ
2898 760 3036 831 πρὸς
3081 761 3323 830 ἀπάτην,
3349 760 3486 815 ἀλλὰ
3536 760 3674 829 πρὸς
3706 778 3800 812 τε-

2205 856 2357 909 λείαν
2380 855 2561 926 φυγὴν
2585 854 2796 909 ἐκεῖθεν
2828 854 3090 920 ἐξέκλινε.
3122 854 3232 906 Καὶ
3268 853 3379 923 γὰρ
3415 853 3721 923 ὑφωρῶντυ
3749 853 3797 885 ⁸⁵

2214 951 2287 1019 μή
2316 965 2436 1002 τινα
2460 948 2852 1020 κεκρυμμένην
2879 947 3105 1015 ἐνέδραν
3136 946 3333 1016 ἔχωσιν
3376 949 3423 1000 ol
3454 947 3553 1014 τῆς
3579 946 3798 1009 πόλεως

2208 1043 2266 1095 ὲν
2295 1044 2415 1104 ταῖς
2439 1043 2659 1111 ἀγυιαῖς
2678 1084 2693 1108 ,
2728 1039 2796 1093 δι’
2834 1034 2902 1110 ἦς
2950 1039 3150 1102 αὐτοὺς
3179 1041 3259 1101 εἰς
3287 1037 3458 1092 πολλά
3492 1032 3799 1109 διαιρεθέν-

2206 1148 2305 1194 τας
2335 1130 2571 1202 δολερῶς
2602 1132 3101 1200 κακουργήσονται,
3158 1130 3254 1183 καὶ
3279 1128 3630 1199 ἁμφέδαλλον
3656 1129 3800 1194 τέως

2211 1222 2285 1291 μὴ
2319 1222 2647 1292 ἀπροόπτως
2679 1222 2856 1286 οὕτως
2894 1223 3241 1292 προσχωρεῖν
3271 1216 3357 1292 [Ρ.
3385 1219 3517 1292 ειη
3544 1223 3609 1289 τῇ
3637 1220 3801 1272 πόλει

2206 1313 2301 1366 καὶ
2332 1316 2404 1368 τὰ
2453 1316 2586 1385 παρ’
2620 1315 2832 1369 ἑαυτῶν
2862 1316 3133 1385 ἐνεργεῖν.
3168 1313 3300 1367 Ὅτε
3350 1312 3408 1365 δὲ
3460 1310 3577 1375 ταῖς
3614 1312 3799 1384 ῥιπίσι

2206 1410 2307 1481 τῆς
2388 1407 2736 1479 βαρϐαρικῆς
2806 1408 3085 1479 μαχαίρας
3141 1406 3538 1476 ἐξαστράπτων
3600 1407 3628 1459 δ
3687 1405 3801 1477 ἀὴρ

2205 1501 2508 1572 κατάδηλον
2552 1502 2727 1555 ἐποίει
2770 1499 3049 1571 πανταχοῦ
3082 1499 3190 1554 τῶν
3225 1499 3502 1569 πολεμίων
3542 1502 3643 1569 τὴν
3677 1499 3797 1551 εἵσε-

2205 1594 2325 1646 οδον
2362 1594 2479 1665 (καὶ
2532 1594 2639 1666 γὰρ
2673 1590 2741 1665 ἦν
2771 1593 2890 1666 ὦρα
2916 1594 3074 1666 τρίτη
3114 1593 3216 1664 τῆς
3259 1592 3521 1664 ἡμέρας),
3575 1592 3698 1645 τότε
3732 1590 3801 1662 δὴ

2204 1687 2408 1750 πάντες
2428 1688 2520 1741 τοῦ
2554 1687 2728 1741 κακοῦ
2757 1688 2857 1759 τὴν
2885 1686 3110 1741 ἔκϐασιν
3137 1686 3468 1757 θεασάμενοι
3499 1687 3801 1758 ἐτρέποντῦ

515 1773 674 1837 ἄλλος
704 1776 961 1848 ἀλλαχοῦ,
989 1778 1067 1849 τῷ
1101 1778 1315 1850 θανάτῳ
1349 1777 1819 1849 συνελαυνόμενοι.
1848 1776 1908 1832 '0
1940 1776 1997 1830 δὲ
2031 1771 2100 1847 ἦν
2132 1777 2379 1846 ἐφεστὼς
2412 1782 2506 1835 καὶ
2538 1782 2811 1855 μηδεμίαν
2840 1782 2935 1836 τοῦ
2995 1781 3193 1836 λοιποῦ
3253 1781 3603 1854 παραχωρῶν
3649 1784 3777 1837 επί-

516 1884 669 1925 νοιαν
693 1870 761 1923 δι’
789 1866 857 1941 ἧς
886 1871 1050 1925 αὐτὸν
1081 1871 1511 1926 ὐπεκκλίνωσιν.

590 1989 682 2045 55.
725 1986 1081 2043 Postmodum
1106 2002 1230 2042 cum
1263 1991 1528 2043 nudatum
1563 1987 1948 2044 defensoribus
1978 2004 2097 2042 mu-
2126 1988 2175 2050 B

515 2098 639 2137 rum
684 2080 905 2135 Barbari
943 2080 1384 2151 conspexissent,
1415 2098 1592 2151 exque
1632 2070 1806 2136 elfusa
1853 2081 2105 2136 multitu-

519 2175 666 2229 dinis
706 2173 828 2242 fuga
867 2174 1007 2227 nihil
1034 2174 1148 2244 jam
1184 2175 1287 2231 sibi
1340 2175 1573 2245 periculi
1620 2174 1910 2229 imminere
1942 2173 2105 2229 intel-

518 2266 771 2335 ligerent,
802 2266 992 2321 statim
1025 2267 1261 2322 navibus
1290 2267 1449 2322 effusi
1481 2268 1649 2337 inque
1683 2267 2103 2339 propugnacula

519 2359 820 2414 insilientes
853 2376 915 2413 ac
948 2370 1138 2430 portas
1206 2360 1550 2416 dillindentes
1602 2360 1834 2430 reliquis
1880 2377 2105 2431 quoque

519 2451 752 2505 navibus
787 2460 1065 2521 gestorum
1096 2454 1303 2507 exitum
1352 2454 1685 2510 indicavere.
1729 2457 1860 2522 Quae
1890 2465 1945 2511 et
1976 2458 2106 2527 ipsa

519 2542 772 2597 celeriter
799 2544 864 2598 ad
894 2544 1108 2598 viarum
1132 2544 1314 2601 exitus
1358 2562 1527 2616 prope
1557 2548 1799 2617 appulsa:
1832 2548 2105 2603 Barbaros

522 2634 575 2685 in
610 2633 801 2687 urbem
832 2636 1221 2701 immittebanl,
1260 2638 1588 2707 corporibus
1641 2640 1838 2704 nudos,
1876 2641 2104 2712 exiguo-

520 2742 628 2793 que
657 2727 835 2781 solum
886 2728 1090 2783 amictu
1153 2729 1393 2785 verenda
1437 2740 1739 2795 contectos,
1785 2749 1848 2787 ac
1907 2749 2104 2788 manus

520 2818 717 2886 gladiis
777 2829 1043 2877 armatos.
1099 2820 1302 2878 Urbem
1358 2839 1526 2894 porro
1587 2825 1818 2897 ingressi
1862 2827 2101 2896 primum

520 2910 764 2979 quidem,
798 2930 939 2984 quos
967 2914 1146 2969 adhuc
1181 2916 1233 2970 in
1264 2917 1440 2971 muris
1474 2927 1759 2974 versantes
1798 2919 2100 2988 oll'endere,

522 3004 638 3056 sive
670 3012 816 3058 metu
874 3005 1156 3075 perculsos
1203 3021 1305 3061 nec
1337 3022 1397 3062 se
1425 3023 1641 3061 movere
1675 3009 1940 3075 valentes,
1980 3024 2103 3064 cor-

522 3110 655 3164 pore
700 3096 782 3151 eis
811 3111 877 3151 ex
926 3106 1073 3152 metu
1115 3098 1421 3163 dissoluto,
1464 3099 1579 3155 sive
1617 3117 1812 3155 rursus
1856 3101 1925 3157 iis
1963 3118 2105 3170 quos

519 3186 767 3241 dicebam
792 3188 1017 3245 casibus
1038 3190 1473 3259 przecipitiisque
1505 3192 1848 3258 conlraetos,
1885 3195 2103 3264 sibique

522 3279 648 3349 fuga
695 3280 1023 3335 consulendi
1080 3282 1230 3336 omni
1281 3298 1380 3352 spe
1424 3284 1739 3350 destitutos,
1777 3302 1941 3355 quam
1994 3288 2102 3343 cito

521 3370 891 3426 trucidabant.
953 3370 1091 3427 Tum
1135 3389 1233 3443 per
1259 3375 1410 3430 vicos
1456 3390 1519 3430 ac
1578 3376 1783 3445 plateas
1818 3377 2100 3448 dispertiti

520 3470 691 3516 sunt:
730 3464 939 3518 urbana
992 3473 1175 3519 autem
1241 3466 1557 3529 multitudo.
1601 3468 1708 3521 huc
1759 3479 1924 3539 atque
1974 3472 2103 3527 illnc

522 3555 711 3610 multis
745 3557 993 3625 partibus
1017 3557 1215 3620 divisa,
1247 3559 1689 3615 tumultuabatur
1710 3571 1763 3617 et
1782 3564 2102 3619 clamitabat

522 3649 902 3718 angnstiisque
940 3651 1252 3715 tenebatur,
1282 3667 1408 3707 cum
1447 3654 1592 3707 nulla
1626 3656 1820 3712 salutis
1845 3658 1983 3712 ratio
2010 3667 2105 3714 aut

522 3739 857 3808 ila-pellenda:
886 3742 1217 3797 calamitatis
1258 3743 1311 3797 in
1346 3756 1599 3814 promptu
1651 3757 1819 3801 esset.
1854 3748 2102 3805 Vidisses

520 3831 665 3884 enim
701 3839 830 3885 tunc
855 3831 1019 3903 538
1067 3833 1319 3890 homines
1350 3837 1496 3890 velut
1554 3837 1768 3909 navigia
1817 3841 1965 3893 omni
2020 3858 2105 3895 re-

521 3936 676 3981 ctore
709 3927 970 3983 destituta
1024 3928 1125 3983 hac
1162 3930 1398 3999 illacque
1442 3931 1699 4000 lprocella
1733 3934 2100 3999 circumferri,

522 4019 838 4075 miserabile
877 4021 1283 4090 spectaculum,
1313 4022 1480 4087 viros,
1536 4024 1819 4087 mulieres,
1847 4026 2104 4094 parvulos

522 4110 575 4162 in
607 4125 667 4165 se
700 4120 893 4166 mutuo
924 4111 1280 4179 collabentes,
1340 4128 1403 4167 ex
1437 4128 1495 4169 se
1542 4122 1735 4167 mnttm
1768 4117 2101 4185 pendentes,

523 4200 965 4259 infelicissimum
996 4204 1128 4259 illud
1157 4220 1593 4276 supremumque
1622 4207 1815 4263 dantes
1851 4211 2102 4264 osculum

521 4310 585 4347 ac
609 4296 1049 4349 consalutantes.
1084 4294 1272 4349 Sicubi
1317 4292 1458 4349 forte
1512 4297 1564 4349 in
1601 4297 1680 4351 eis
1706 4309 1855 4366 pater
1887 4300 2103 4353 vetulus

524 4389 576 4441 in
608 4388 705 4442 filii
725 4388 924 4442 collum
958 4404 1128 4443 ruens
1154 4399 1346 4444 mdeste
1370 4392 1835 4459 eonquerebatnr.
1859 4394 2101 4460 separari

522 4496 631 4533 non
660 4480 964 4544 sustinens,
1014 4479 1109 4534 sed
1164 4480 1479 4535 charissitni
1537 4483 1782 4538 membra
1826 4492 2017 4540 tenens
2051 4495 2100 4540 et

522 4577 651 4622 ante
681 4585 867 4623 ensem
915 4571 1146 4624 naturali
1180 4582 1418 4639 pnnctus
1452 4573 1641 4630 dolore
1683 4587 1847 4645 atque
1880 4578 2100 4644 allecto,

524 4660 628 4713 sibi
660 4661 775 4728 ipse.
806 4660 1013 4715 luctum
1045 4662 1329 4732 digerebat
1361 4681 1375 4713 :
1409 4663 1523 4718 Ileu
1558 4683 1657 4729 me,
1687 4667 1790 4735 ﬁli,
1827 4668 2028 4729 aiebat,
2051 4670 2105 4722 in
2142 4694 2182 4744 ι)

523 4753 711 4821 quibus
744 4770 881 4806 num:
917 4756 1226 4809 rersamur!
1250 4757 1507 4823 Qua'nam
1531 4759 1641 4815 Ita’c
1665 4762 1833 4815 oculis
1872 4766 2107 4832 usurpo?

526 4836 731 4893 Eamne
756 4841 809 4893 in
858 4858 964 4895 rem
999 4832 1243 4912 diligenti
1271 4862 1403 4900 cura
1440 4850 1686 4914 educavi,
1725 4860 2106 4921 proptereaque

525 4930 797 4997 magistris
845 4932 1087 4996 tradidi,
1155 4944 1204 4989 et
1256 4945 1313 4989 ut
1368 4938 1570 5005 majore
1629 4941 1912 5006 prudentia
1970 4944 2107 4996 inter

524 5021 753 5087 a'quales
786 5021 1013 5092 fulgeres
1045 5040 1255 5092 operam
1288 5037 1632 5097 sumptusque
1663 5029 1851 5093 locari,
1898 5041 1955 5084 ut
1987 5049 2105 5085 cum

524 5114 681 5179 plane
702 5114 867 5183 prolis
899 5114 1154 5182 felicitate
1185 5118 1546 5171 annulandum
1577 5136 1655 5172 me
1685 5121 1797 5188 fore
1828 5134 2106 5192 exspecta-

526 5205 667 5269 bam,
704 5207 882 5275 tuique
915 5206 1231 5275 gloriatione
1252 5208 1507 5260 invidiam
1531 5223 1965 5275 provocaturum,
1988 5232 2106 5269 nec-

527 5313 630 5349 non
660 5297 784 5351 aliis
844 5297 994 5367 vulgo
1049 5298 1356 5367 parentibus
1397 5298 1715 5357 beatiorem.
1767 5307 1951 5375 utqui
2003 5309 2105 5361 tali

524 5388 895 5442 honestissimo
953 5390 1069 5455 ﬁlio
1124 5390 1382 5456 pra'ditus
1420 5407 1626 5454 essem,
1696 5395 1811 5459 ipsa
1868 5400 2105 5467 corporis

2273 1986 2366 2041 λε’.
2418 1982 2551 2040 Εἶτα
2607 1974 2683 2051 ὡς
2732 2005 2879 2041 ...παν
2939 1984 3175 2040 κενωθέν
3227 1982 3291 2039 τὸ
3318 1986 3497 2057 τεῖχος
3548 1974 3690 2042 εἶδον
3744 1985 3802 2044 οἷ

2210 2067 2505 2151 βάρϐαροι,
2544 2070 2638 2133 καὶ
2678 2079 2738 2131 τὸ
2776 2070 3018 2146 ἀσφαλὲς
3052 2080 3267 2142 ἑαυτοῖς
3299 2073 3445 2149 εἶχον
3480 2079 3544 2131 ἐκ
3566 2080 3666 2148 τῆς
3698 2081 3800 2134 τοῦ

2206 2172 2445 2245 πλήθους
2483 2171 2860 2227 ἁνυποστάτου
2899 2171 3103 2242 φυγῆς,
3152 2172 3357 2243 σπουδῇ
3390 2173 3499 2226 τῶν
3528 2173 3677 2244 νηῶν
3704 2176 3803 2229 ὲκ-

2206 2265 2401 2329 6ἀντες
2428 2266 2655 2319 καὶτῶν
2694 2265 2974 2331 ἐπάλξεων
3009 2267 3142 2319 εἵσω
3185 2267 3676 2336 καταπηδήσαντες
3696 2269 3802 2332 τάξ

2204 2375 2263 2411 τε
2301 2344 2479 2421 πύλας
2526 2358 2996 2431 ἀναρριπίσαντες
3040 2358 3265 2429 ἐδήλουν
3307 2360 3402 2412 καὶ
3441 2362 3562 2422 ταῖς
3608 2360 3805 2423 ἄλλαις

2205 2449 2365 2504 ναυσὶ
2413 2450 2521 2503 τῶν
2557 2450 2969 2520 πεπραγμένων
2998 2450 3059 2504 τὸ
3102 2450 3298 2522 πέρας,
3343 2451 3545 2513 αἵτινες
3589 2440 3805 2522 σπουδῇ

2205 2534 2299 2594 καὶ
2346 2534 2508 2593 αὗται
2564 2540 2717 2609 παρὰ
2763 2539 2865 2602 τὰς
2896 2538 3164 2605 διεξόδους
3214 2539 3444 2609 ἐγγύθεν
3493 2558 3808 2611 προσορμι-

2207 2631 2421 2685 σθείσαι
2451 2624 2699 2702 ἔπεμπον
2732 2624 2798 2703 τῇ
2850 2620 3005 2685 πόλει
3054 2633 3180 2696 τοὺς
3214 2629 3551 2704 βαρϐάρους,
3583 2624 3652 2686 τὰ
3684 2624 3801 2687 σώ-

2207 2742 2354 2795 ματα
2386 2726 2870 2796 γεγυμνωμένους,
2905 2726 3089 2797 μικρῷ
3124 2744 3231 2778 τινι
3264 2727 3411 2797 μόνῳ
3456 2726 3802 2798 περιὸολαίῳ

2204 2815 2273 2870 τὰ
2298 2817 2440 2870 κατά
2471 2818 2571 2887 τὴν
2597 2818 2731 2871 αἰδὼ
2753 2808 2795 2849 ει
2830 2818 3274 2886 ἐγκαλύπτοντας
3290 2806 3357 2885 δ’,
3385 2818 3486 2881 τὰς
3519 2808 3796 2890 μαχαίρας

2206 2907 2429 2979 ἔχοντας
2448 2908 2494 2941 ⁸³
2529 2911 2588 2963 ὲν
2618 2910 2806 2980 χερσίν
2830 2928 2843 2940 ·
2882 2910 2933 2962 οἳ
2958 2911 3053 2963 καὶ
3087 2910 3235 2963 ἔνδον
3260 2914 3546 2981 γενόμενοι
3576 2912 3797 2981 πρῶτον

2208 3000 2307 3069 μὲν
2343 2990 2435 3063 οῦς
2478 2988 2636 3071 εὗρον
2683 2989 2762 3054 ἔτι
2804 2992 2930 3071 περὶ
2973 3002 3033 3055 τὸ
3081 3005 3259 3072 τεῖχος
3306 3004 3799 3075 ἐνστρεφομένους,

2206 3097 2316 3148 εἴτε
2350 3094 2427 3164 τῷ
2459 3096 2610 3167 φόὸῳ
2662 3086 2963 3166 βληθέντας
3008 3097 3103 3150 καὶ
3135 3095 3428 3167 κινηθῆναι
3462 3096 3537 3166 μὴ
3565 3096 3803 3166 δυναμέ-

2205 3187 2686 3257 νουςιπαρεθέντος
2708 3189 2891 3250 αὐτοῖς
2921 3190 2985 3241 ἐκ
3008 3188 3102 3242 τοῦ
3126 3186 3169 3219 ⁸⁸
3193 3188 3361 3258 φόϐου
3390 3188 3485 3242 τοῦ
3519 3188 3798 3260 σώματος.

2208 3282 2318 3332 εἴτε
2367 3279 2528 3334 πάλιν
2562 3282 2675 3343 τοῖς
2726 3280 2938 3352 ῥηθεῖσι
2976 3280 3235 3352 πτώμασι
3287 3275 3802 3351 συγκλασθέντας⁸⁵

2211 3371 2306 3423 καὶ
2343 3371 2478 3441 πρὸς
2509 3372 2607 3441 τὴν
2654 3372 2833 3442 φυγὴν
2864 3372 3299 3438 ἀπελπίσαντας,
3348 3377 3571 3441 τούτους
3602 3378 3664 3431 τὸ
3687 3380 3811 3432 τάέ

2211 3482 2303 3534 χος
2338 3465 2569 3527 ἀνεῖλον,
2600 3461 2698 3517 εἷθ’
2732 3465 2874 3518 οὕτω
2905 3468 3024 3529 ταῖς
3062 3466 3359 3539 λεωφόροις
3394 3473 3809 3542 κατεμερίσθηά

2214 3575 2333 3610 σαν.
2368 3558 2441 3609 Τὸ
2462 3557 2518 3609 δὲ
2542 3557 2743 3627 πλῆθος
2765 3560 2859 3628 τῆς
2887 3559 3091 3623 πόλεως
3117 3561 3197 3623 εἰς
3230 3560 3399 3615 πολλὰ
3423 3561 3566 3633 μέρη
3588 3558 3808 3635 τμηθὲν

2211 3647 2505 3718 διεθροείτό
2532 3648 2577 3682 ⁸⁸
2599 3666 2656 3702 τε
2682 3650 2775 3702 καὶ
2801 3652 3097 3720 συνείχετο,
3124 3654 3221 3706 οὐκ
3245 3652 3367 3723 ἔχον
3390 3656 3525 3709 ὄπου
3556 3673 3804 3728 περισω-

2213 3740 2331 3810 θείη
2362 3740 2394 3811 ἣ
2424 3740 2523 3811 τὴν
2555 3744 2841 3811 συμφορὰν
2864 3744 3260 3816 διακρούσηται
3284 3747 3350 3802 ⁸⁷.
3382 3742 3489 3801 Ἦν
3524 3749 3637 3820 γὰρ
3670 3751 3797 3805 ἰδεῖν

2211 3835 2331 3887 τότε
2388 3837 2513 3898 τοὺς
2561 3836 2884 3908 ἀνθρώπους
2932 3839 3009 3902 ὼς
3049 3840 3399 3912 ἀκυϐέρνητα
3451 3843 3638 3914 σκάφη
3672 3846 3808 3917 τῇδε

2213 3928 2438 3979 κάκεῖσε
2490 3930 2978 3998 περιφερομένους,
3016 3931 3248 3985 ἐλεεινὸν
3306 3933 3515 4004 θέαμα,
3566 3937 3805 4006 ἄνδρας,

2213 4021 2498 4084 γυναῖκας,
2540 4020 2734 4089 νήπια,
2767 4018 3020 4088 ἀλλήλοις
3075 4023 3508 4092 συμπίπτοντας,
3549 4027 3806 4096 ἀλλήλων

2213 4111 2687 4180 ἐκκρεμαμένους,
2724 4109 3142 4183 ἀσπαζομένους
3168 4109 3259 4167 τὸν
3290 4115 3562 4173 οἴκτιστον
3589 4122 3808 4175 ἐκεῖνον

2213 4202 2307 4253 καὶ
2355 4200 2666 4252 τελευταῖον
2705 4200 3015 4270 ἀσπασμόν.
3064 4194 3132 4254 Εἴ
3160 4204 3261 4256 πού
3285 4200 3330 4237 ⁸⁸
3374 4224 3457 4271 τις
3493 4208 3587 4261 καὶ
3618 4211 3809 4282 πατὴρ

2213 4291 2271 4342 ἐν
2321 4291 2506 4354 αὐτοῖς
2563 4291 2902 4362 πρεσϐύτης,
2955 4294 3236 4348 ἐπιπεσὼν
3284 4298 3360 4364 τῷ
3405 4300 3664 4371 τραχήλῳ
3702 4294 3807 4355 τοῦ

2213 4383 2403 4445 παιδὸς
2457 4382 2631 4435 δεινὸν
2680 4378 3111 4450 ὲπεκὼκυε,τὸν
3163 4391 3445 4461 χωρισμὸν
3499 4391 3559 4446 οὐ
3591 4395 3807 4464 φέρων,

2213 4475 2348 4530 ἀλλὰ
2376 4477 2443 4528 τὰ
2485 4474 2619 4544 μέλη
2656 4476 2903 4545 κατέχων
2946 4476 3041 4530 τοῦ
3096 4478 3377 4548 φιλτάτου,
3432 4484 3525 4536 καὶ
3562 4486 3668 4553 πρὸ
3703 4475 3808 4539 τοῦ

2215 4567 2402 4634 ξίυους
2458 4566 2534 4636 τῷ
2594 4568 2809 4639 φυσικῷ
2849 4568 3173 4641 νυττόμενος
3234 4570 3397 4627 πάθει
3449 4576 3540 4629 τὸν
3604 4577 3811 4647 θρῆνον

2214 4658 2393 4728 ἐαυτῷ
2449 4658 2703 4712 διετίθει·
2739 4660 2857 4715 Φεῦ
2898 4679 3022 4732 μοι,
3058 4664 3249 4732 λέγων,
3310 4660 3358 4720 ὦ
3395 4666 3519 4733 παῖ,
3564 4667 3635 4721 ἐν
3680 4670 3812 4722 τίσι

2214 4747 2332 4801 ’νῦν
2356 4748 2743 4819 ἑξεταζόμεθα
2764 4752 2842 4818 ⁸⁹;
2900 4754 3034 4806 τίνα
3078 4756 3264 4809 ταῦτα
3304 4757 3429 4823 τοῖς
3470 4759 3811 4829 ὀφθαλμοῖς

2215 4841 2483 4908 xatjopo't;
2524 4845 2611 4907 εἰς
2652 4843 2829 4897 τοῦτο
2877 4844 2986 4913 γάρ
3017 4862 3089 4899 σε
3136 4841 3435 4915 ἐπιμελῶς
3482 4848 3810 4918 ἐξέθρεψα,

2216 4932 2315 4984 καὶ
2350 4932 2449 4985 διὰ
2486 4933 2664 4985 τοῦτό
2688 4951 2763 4988 σε
2793 4934 3143 5002 παιδευταῖς
3184 4930 3481 5007 ἑξεδόμην
3528 4944 3623 4994 καὶ
3655 4960 3809 4996 συν-

2213 5023 2343 5079 ἐσει
2373 5024 2723 5093 διαπρέπειν
2771 5027 2841 5079 ἐν
2895 5028 3013 5094 τοῖς
3069 5030 3309 5097 όμήλιξι
3361 5032 3805 5100 διεσπούδασα,

2212 5118 2290 5170 ἵν’
2329 5118 2429 5171 ὅτε
2449 5119 2839 5186 προσεδόκων
2868 5119 3129 5188 ζηλωτὸς
3155 5123 3269 5192 μὲν
3312 5121 3463 5178 εἶναι
3494 5125 3568 5195 τῇ
3596 5130 3811 5182 εὐπαι-

2212 5212 2335 5281 δίᾳ,
2385 5215 2712 5285 ἐπίφθονος
2744 5215 2812 5269 δὲ
2850 5216 2925 5285 τῇ
2968 5219 3066 5271 ἐπὶ
3114 5220 3211 5273 σοὶ
3263 5223 3584 5289 καυχήσει.
3614 5242 3813 5293 μακα-

2205 5303 2487 5374 ριώτερος
2507 5307 2576 5360 δὲ
2602 5308 2850 5363 πολλῶν
2892 5310 3098 5365 ἄλλων
3124 5315 3395 5382 πατέρων
3426 5317 3506 5382 ὡς
3532 5318 3813 5371 τοιοῦτον

2212 5396 2373 5465 ἔχων
2407 5401 2903 5468 εὐπρεπέστατον
2948 5403 3186 5471 τέκνον,
3227 5406 3517 5477 ἐράσμιον
3542 5410 3661 5479 μὲν
3690 5409 3815 5479 τὴν

1817 5559 2051 5615 νΑιιιίΕ
2087 5561 2494 5617 LECTIONES.

594 5691 640 5722 το
668 5691 822 5759 ἔτυχε
862 5694 917 5743 Α,
994 5692 1037 5722 ⁸ο
1068 5694 1326 5763 ὑφωρᾶτο
1360 5693 1419 5745 Ρ.
1501 5695 1541 5725 ⁸¹
1577 5695 1731 5763 αἰδῶ]
1769 5695 1972 5747 εἴσοδον
2004 5688 2061 5750 l‘.

2167 5698 2214 5727 ⁸⁹
2234 5699 2718 5763 συγκαλύπτοντας
2750 5702 2811 5750 Α.

2908 5701 2951 5730 ⁸³
2978 5702 3191 5770 ἔχοντες
3218 5701 3281 5759 Α.
3390 5702 3437 5733 ⁸⁸
3466 5704 3559 5756 τοῦ
3596 5720 3705 5758 om.
3742 5711 3802 5762 Ρ.

526 5760 577 5847 ’.ν
633 5752 1060 5847 εμςιθξατρέντας
1093 5752 1154 5815 Ᾰ.
1196 5752 1272 5795 ’⁸⁸
1305 5764 1600 5833 διεθροῖῖτο
1622 5752 2008 5829 Cotitbeﬁsius,
2033 5752 2393 5837 διεορυλλεῗτο
2435 5770 2539 5822 AP.
2607 5771 2649 5799 ⁸⁷
2686 5752 3069 5840 inmodesta:
3104 5752 3188 5827 A:
3212 5774 3257 5803 ⁸³
3286 5774 3338 5826 εἴ
3360 5772 3483 5847 που]
3518 5776 3587 5829 cf.
3612 5792 3663 5846 p.
3700 5780 3806 5837 549

526 5829 582 5882 (l.
662 5830 704 5859 "
731 5829 1052 5903 ἐξετάζομαι
1090 5837 1149 5886 Α.
