4094 6412
519 322 626 386 5ῗ9

1755 314 2096 376 JOANNES
2135 315 2572 394 eaMENIATA

3697 311 3806 374 580

519 439 618 491 das
679 433 907 504 reliquis
962 443 1149 503 partes
1198 431 1525 486 ascribam?
1570 429 1732 500 cujus
1778 439 2104 502 argumento

2236 431 2636 501 ταραχωρὴσως
2693 429 2786 482 ἐπὶ
2817 429 2924 482 τίνι
2969 428 3069 499 τὴν
3098 428 3345 496 γλῶτταν
3401 429 3611 495 κινήσω
3643 428 3676 500 ἦ
3705 427 3809 500 τὴν

522 529 750 584 movebo
780 528 1045 595 linguam,
1073 536 1166 579 aut
1189 525 1254 579 ad
1283 523 1638 579 scribendum
1666 539 1887 577 manum
1918 533 2109 579 exten-

521 622 690 674 dam?
719 621 919 675 lterum
948 620 1094 682 enim
1135 603 1413 688 gestarum
1452 617 1669 686 dirique
1697 632 1860 671 casus
1903 631 2110 671 memo-

524 713 604 767 ria
640 725 873 766 mentem
935 711 1061 767 sede
1108 711 1329 779 dejicit;
1366 726 1428 764 ac
1452 709 1544 778 qui
1603 725 1773 779 prope
1813 709 1989 765 oculis
2023 724 2111 765 res

523 806 675 874 ipsas
717 819 855 874 quas
887 804 1138 857 dicturus
1191 817 1312 857 sum
1361 801 1545 855 videre
1571 801 1783 864 videar,
1822 815 1987 869 quam
2019 815 2112 854 ea-

525 915 646 952 rum
686 901 855 950 ardna
897 897 1140 950 narratio
1167 895 1234 949 sil
1269 895 1429 964 plane
1473 893 1673 948 sentio.
1727 891 1928 946 Rerum
1959 908 2114 945 nant-

524 1007 632 1061 que
660 999 840 1044 mente
869 989 1213 1054 informatio,
1252 995 1311 1041 ιιι
1341 1001 1462 1058 quze
1504 986 1683 1056 ipsum
1713 1000 1899 1040 coram
1931 985 2114 1040 animo

525 1093 806 1153 gestorum
835 1083 1135 1152 periculum
1175 1095 1272 1150 per
1322 1079 1648 1133 memoriam
1688 1079 1986 1132 simulacro
2017 1093 2116 1132 ex-

531 1175 713 1229 hibeat
745 1191 805 1228 ac
834 1173 1140 1244 phantasia!
1170 1172 1245 1240 (vi
1298 1171 1514 1225 scilicet
1557 1169 1858 1240 cogitandi)
1898 1169 2119 1240 effingat

530 1283 593 1320 ae
641 1275 1020 1336 rcprmscntet,
1080 1265 1347 1318 orationis
1401 1263 1664 1333 impetum
1732 1263 1976 1317 retardat
2054 1278 2119 1317 ac

532 1361 764 1413 inhibet.
821 1359 1014 1424 Qualia
1070 1357 1220 1410 cnim‘
1263 1367 1422 1410 erant
1471 1371 1592 1424 qua:
1649 1355 1849 1409 liebant
1882 1371 1977 1426 per
2023 1370 2118 1411 eas

531 1452 1003 1522 angustias?Alii,
1033 1450 1202 1514 animi
1233 1451 1418 1519 potius
1454 1465 1616 1519 quam
1643 1449 1891 1518 corporis
1921 1463 2117 1502 noxam

529 1543 978 1604 refornndantes,
1014 1560 1156 1613 αδετις
1210 1554 1438 1595 mortem
1489 1541 1759 1607 ferebant,
1798 1541 1889 1610 qui
1939 1540 2123 1596 videli-

529 1641 617 1684 cet
650 1634 1057 1700 separationem
1094 1650 1121 1685 a
1148 1647 1380 1702 corpore
1410 1631 1568 1703 54],
1604 1631 1768 1685 futuri
1801 1632 1899 1686 aevi
1936 1646 2120 1702 pcena-

531 1739 652 1778 rum
711 1727 927 1779 initium
976 1725 1266 1780 ducerent.
1331 1727 1460 1791 Alii,
1509 1725 1629 1780 lixis
1677 1735 1836 1781 terra:
1893 1727 2122 1797 genibus

534 1818 794 1887 largoque
828 1819 1195 1890 lacrymaruni
1232 1818 1379 1873 l'onte
1395 1819 1627 1889 perfusi,
1647 1821 1808 1890 digne
1832 1819 2122 1875 vocatione

535 1910 704 1980 recipi
738 1911 1047 1964 isnusmodi
1075 1911 1269 1963 mortis
1298 1909 1541 1979 periculo
1573 1908 1682 1964 Deo
1705 1910 2116 1979 supplicabant.

531 2000 640 2052 Alii
695 1998 1021 2052 delictorum
1099 2001 1388 2063 memoria,
1442 2000 1592 2052 omni
1644 1999 1828 2069 gladio
1906 2000 2122 2054 acutius

533 2079 876 2145 conscientia
927 2091 1228 2155 vulnerati,
1288 2101 1502 2160 tempus
1562 2107 1699 2146 vane
1784 2091 2124 2160 insumptum

533 2180 812 2245 dolebant,
866 2181 1157 2249 incestique
1233 2182 1575 2250 paenitudine
1634 2185 1984 2237 revocabant.
2017 2182 2125 2237 Alii

533 2275 674 2330 nihil
708 2274 976 2342 ejnstnodi
1009 2281 1269 2344 pra-stare
1305 2275 1572 2340 valentes,
1607 2277 1886 2345 nimiaque
1919 2273 2127 2328 doloris

534 2371 587 2422 vi
623 2383 856 2423 excussa
890 2369 1106 2422 ratione
1140 2375 1304 2436 atque
1349 2367 1588 2435 prodita,
1623 2365 1972 2420 tremebundi
2009 2374 2125 2420 sta-

534 2461 689 2523 bant,
733 2462 878 2514 velut
909 2475 1079 2529 prepe
1127 2459 1444 2512 inanimatae
1508 2459 1733 2517 arbores
1786 2457 1918 2513 ferri
1959 2458 2127 2512 ictum

536 2563 941 2624 exspectantes.
967 2552 1072 2605 Alii
1108 2552 1255 2604 velut
1276 2564 1472 2613 oestro,
1501 2559 1649 2611 metu
1703 2551 1963 2621 perculsi,
1993 2565 2129 2604 con-

540 2645 700 2700 tineri
737 2662 842 2699 non
873 2641 1124 2714 poterant
1157 2661 1172 2700 :
1199 2661 1430 2714 quorum
1463 2645 1628 2698 ctiam
1677 2644 1898 2714 plurimi
1932 2645 2130 2699 incon-.-

538 2741 686 2795 sulta
722 2749 906 2792 mente
967 2746 1122 2792 extra
1161 2753 1379 2799 murum
1440 2747 1661 2791 ruentes
1704 2737 2016 2806 prazcipites
2048 2739 2130 2791 vel

538 2847 671 2887 casu
707 2831 848 2886 allisi
872 2832 1040 2885 vitam
1102 2832 1316 2896 ﬁnierc,
1353 2832 1435 2888 vel
1463 2831 1567 2902 ipsi
1603 2845 1663 2885 se
1712 2829 1970 2887 Barbaris
2019 2831 2134 2886 illic

538 2922 976 2978 consistentibus
1012 2921 1308 2980 tradidere.
1785 2923 1802 2940 '

606 3012 696 3068 38.
740 3011 1032 3066 Mulierum
1104 3020 1286 3065 autem
1349 3009 1483 3086 quid
1526 3011 1680 3080 prius
1717 3009 1976 3077 referam,
2009 3025 2133 3080 qua

537 3105 624 3158 vel
648 3104 827 3173 ipsum
864 3118 1047 3156 acrem
1081 3118 1188 3156 una
1214 3117 1402 3165 secum
1438 3103 1718 3171 planctum
1778 3103 1939 3157 edere
1977 3119 2132 3174 coge-

2213 526 2371 594 χεῖρα
2424 522 2563 593 πρὸς
2614 522 2833 592 γραφὴν
2877 523 2924 556 ’⁸
2951 521 3267 587 ἐξενέγκω;
3307 521 3524 592 Ἐξιστᾷ
3551 521 3663 593 γάρ
3704 539 3814 590 μου

2213 618 2304 669 τὸν
2327 616 2452 670 νοῦν
2483 619 2514 686 ἡ
2540 617 2726 686 μνήμη
2750 615 2858 668 τῶν
2883 615 3211 684 γεγονότων,
3234 616 3327 668 καὶ
3349 609 3458 668 οἷον
3480 615 3614 688 ὁρᾷν
3643 612 3817 678 πάλιν

2212 706 2387 760 δοκῶν
2416 708 2523 760 τῶν
2552 706 2973 778 λεχθησομένων
2994 710 3061 760 τὰ
3085 708 3392 778 πράγματα
3423 708 3820 780 δυσεπιχείρηε

2214 815 2306 853 τον
2335 799 2436 870 τὴν
2471 799 2600 870 περὶ
2631 798 2836 851 τούτων
2857 799 3118 870 ἐξήγησιν
3147 799 3571 870 ὲπαισθάνομαι.
3629 799 3676 854 Η
3699 801 3818 871 γὰρ

2216 891 2568 954 ἀνατύπωσις
2595 892 2704 944 τῶν
2756 892 3057 960 γεγονότων
3085 891 3289 946 ὡσανεὶ
3341 893 3387 925 ⁸⁵
3416 893 3818 964 πραττομένων

2215 987 2282 1054 τῇ
2313 983 2460 1054 ψυχῇ
2513 983 2601 1036 διὰ
2651 984 2749 1053 τῆς
2782 985 3004 1055 μνήμης
3036 983 3127 1037 τὸν
3164 983 3410 1039 κίνδυνον
3463 985 3816 1052 εἰκονίζουσα

2219 1078 2314 1130 καὶ
2366 1075 2744 1147 διαμορφοῦσα
2803 1079 2867 1146 τῇ
2901 1075 3172 1146 φαντασίᾳ
3230 1075 3298 1131 τὰ
3358 1075 3683 1148 πράγματα,
3712 1077 3817 1148 τὴν

2218 1169 2395 1242 ὁρμὴν
2433 1167 2526 1232 τοῦ
2559 1169 2738 1237 λέγειν
2769 1168 2990 1238 ἐπέχειν
3038 1166 3307 1238 βιάζεται.
3349 1162 3450 1222 Οἷα
3508 1171 3616 1240 γὰρ
3648 1166 3715 1239 ἦν
3748 1174 3818 1224 τὰ

2221 1260 2524 1330 τελούμενα
2553 1260 2677 1313 τότε
2702 1262 2714 1314 !
2743 1262 2807 1314 Οί
2842 1263 2939 1332 μὲν
2973 1261 3078 1332 πρὸ
3106 1262 3206 1332 τῆς
3237 1263 3558 1333 σωματικῆς
3580 1263 3681 1334 τὴν
3714 1264 3820 1333 τῆς

2220 1354 2400 1424 ψυχῆς
2428 1353 2590 1407 πλέον
2648 1353 2884 1418 δεδιότες
2913 1354 3296 1426 πανωλεθρίαν
3355 1355 3488 1424 πρὸς
3532 1355 3594 1408 τὸ
3630 1355 3820 1419 θανεῖν

2223 1446 2573 1518 ἐδυσφόρουν,
2601 1445 2775 1516 ἀρχὴν
2813 1446 2923 1499 τῶν
2947 1446 3158 1500 ἐκεῖθεν
3188 1447 3467 1502 κολάσεων
3507 1449 3554 1482 ’⁸
3581 1448 3672 1500 τὸν
3703 1466 3818 1520 χω-

2228 1537 2422 1608 ρισμὸν
2485 1539 2782 1608 ἡγούμενοι
2838 1539 2930 1591 τὸν
2981 1539 3077 1592 τοῦ
3135 1540 3420 1610 σώματος’
3452 1541 3500 1592 οἱ
3541 1539 3598 1592 δὲ
3645 1542 3711 1610 τῇ
3744 1541 3818 1616 γῇ

2225 1629 2665 1701 προσερείδοντες
2728 1631 2797 1691 τὰ
2837 1630 3060 1698 γόνατα,
3111 1631 3374 1702 κρουνούς
3426 1649 3486 1685 τε
3561 1631 3822 1702 δακρύων

2228 1722 2607 1787 ὲκσλύζοντες,
2665 1721 2853 1788 ἀξίους
2890 1724 2935 1754 ⁸⁷
2969 1723 3384 1796 παραδεχθῆναι
3441 1725 3538 1795 τῆς
3571 1725 3824 1794 κλήσεως

2188 1813 2199 1844 ’
2227 1813 2314 1867 διὰ
2346 1813 2440 1867 τοῦ
2469 1817 2712 1867 τοιούτου
2748 1813 2981 1870 Θανάτου
3009 1817 3100 1869 τὸν
3123 1816 3256 1869 Θεὸν
3279 1816 3604 1873 ὲλιτάνευον.
3633 1817 3824 1870 Ἀλλοι

2229 1909 2294 1979 τῇ
2337 1909 2526 1978 μνήμῃ
2557 1907 2667 1960 τῶν
2700 1908 3116 1980 ἡμαρτημένων
3147 1908 3456 1982 τομώτερον
3504 1909 3599 1968 τοῦ
3630 1910 3830 1979 ξίφους

2229 1998 2564 2062 τὸλσυνειδὸς
2596 2000 2913 2069 νυττόμενοι
2953 2000 3045 2053 τὸν
3103 2001 3448 2055 ἀναλωθέντα
3496 2003 3687 2073 χρόνον
3727 2002 3832 2054 ἐπὶ

2235 2090 2448 2160 ματαίῳ
2474 2089 2837 2145 ἀνεκαλοῦντο
2868 2092 3357 2164 μεταμελούμενοι.
3397 2094 3616 2164 Ἕτεροι
3650 2093 3834 2164 μηδὲν

2231 2181 2473 2236 τοιοῦτον
2527 2183 2825 2255 ἐνεργῆσαι
2879 2185 3200 2254 δυνάμενοι,
3253 2186 3390 2240 ἀλλά
3439 2187 3530 2242 τὸν
3557 2187 3834 2257 λογισμὸν

2232 2275 2526 2346 προδόντες
2586 2280 2673 2349 τῇ
2714 2278 2946 2348 ἀγωνίᾳ,
3009 2279 3228 2333 ἵσταντο
3279 2280 3605 2351 τρομώδεις,
3660 2281 3838 2349 δίκην

2233 2369 2458 2440 ἀψύχων
2489 2368 2725 2442 δένδρων
2755 2371 2854 2442 τὴν
2890 2371 3063 2443 τομήν
3114 2373 3498 2443 ἀναμένοντες.
3541 2373 3727 2426 Ἀλλοι
3771 2374 3838 2428 δὲ

2234 2462 2487 2535 καθάπερ
2534 2464 2734 2534 οἴστρῳ
2787 2463 2865 2534 τῷ
2913 2465 3064 2535 φόϐῳ
3125 2465 3486 2535 πληττόμενοι
3524 2466 3838 2521 ἀκάθεκτοι

2232 2557 2353 2620 ταῖς
2379 2557 2578 2625 ὁρμαῖς
2599 2551 2741 2628 ἦσαν
2763 2573 2774 2585 ·
2811 2557 2870 2621 ἐξ
2898 2550 2972 2609 ὧν
3002 2559 3096 2610 καὶ¹
3126 2557 3368 2620 πλεῖστοι
3401 2558 3536 2630 πρδς
3571 2559 3632 2611 τὸ
3664 2560 3838 2622 ὲκτὶς

2232 2647 2329 2701 τοῦ
2370 2648 2578 2718 τείχους
2619 2649 3027 2717 ἀσυλλογίστοις
3079 2651 3308 2710 ἑαυτοὺς
3365 2651 3758 2718 ἀκοντίσαντες
3797 2651 3834 2722 ἢ

2234 2739 2311 2811 τῷ
2369 2739 2624 2810 πτώματι
2680 2740 2778 2810 τὴν
2828 2739 2974 2811 ζωὴν
3010 2741 3386 2810 συνεπέραναν
3432 2743 3464 2814 ἢ
3501 2744 3613 2806 τοῖς
3643 2744 3841 2812 sargus

2237 2831 2632 2902 στρεφομένοις
2673 2830 2982 2914 Βαρὸἀροις
3013 2831 3238 2896 ἑαυτοὺς
3273 2831 3628 2904 ἐνεχείρισαν.

2305 3012 2512 3086 λη’.-Τί
2545 3012 2601 3066 δὲ
2660 3011 2769 3065 τῶν
2821 3011 3100 3090 γυναικῷν
3156 3011 3299 3065 εἴπω
3333 3012 3574 3084 πρῶτον,
3617 3009 3698 3076 οἷς
3733 3016 3843 3068 καὶ

2237 3107 2398 3171 αὐτὸν
2426 3111 2516 3158 τὸν
2558 3107 2696 3175 ἀέρα
2739 3104 3061 3176 συνθρηνεῖν
3094 3105 3287 3168 αὑταῖς
3322 3106 3628 3170 ἐϐιάζοντο,
3659 3105 3845 3175 ἤγουν

539 3169 695 3262 bant,
739 3197 1194 3264 compellationes
1251 3169 1465 3250 scilicet
1525 3203 1580 3248 et
1639 3196 1878 3264 ejnlatus
1930 3169 2129 3251 libero-

2236 3199 2334 3262 τὰς
2369 3198 2721 3268 ἀνακλήσεις,
2752 3197 2850 3260 τὰς
2878 3196 3151 3267 οἰμωγὰς,
3172 3196 3282 3250 τῶν
3305 3198 3513 3250 τέκνων
3538 3198 3636 3260 τὰς
3668 3216 3843 3268 περι-

537 3297 777 3353 rumque
815 3284 1144 3353 amplexus?
1199 3285 1283 3340 hze
1332 3285 1485 3354 gravi
1522 3284 1711 3340 dolore
1751 3288 1983 3341 concita:
2030 3301 2133 3342 nec

539 3379 801 3432 decorum
841 3388 1051 3441 tenere,
1080 3393 1179 3433 nec
1223 3380 1466 3432 virorum
1501 3394 1561 3432 se
1595 3381 1984 3450 conspectibns
2015 3381 2136 3435 sub-

539 3469 746 3526 ducere
795 3471 1091 3536 volebant,
1161 3472 1256 3524 sed
1321 3471 1659 3540 impudentia
1723 3479 1878 3535 actae,
1934 3472 2134 3526 solutis

540 3561 814 3628 crinibus,
879 3562 1240 3632 omniumque
1304 3565 1490 3616 oblitae
1543 3578 1666 3632 quae
1709 3563 1776 3616 ad
1809 3563 2134 3618 modestiam

541 3665 608 3704 ac
643 3652 1035 3706 verecundiam
1074 3650 1305 3716 facium,
1364 3651 1530 3710 ﬂebili
1568 3653 1812 3707 clamore
1840 3654 2137 3708 adversus-

542 3758 652 3812 que
713 3743 1017 3812 periculum
1066 3745 1292 3813 gemitu,
1329 3744 1716 3801 bacchantium
1755 3761 1908 3800 more
1959 3748 2139 3801 cursi:

545 3835 762 3888 tabam.
800 3836 948 3890 Inter
994 3851 1090 3889 eas
1124 3845 1181 3890 et
1209 3837 1490 3907 lvirgines,
1530 3836 1766 3891 necdum
1817 3839 1981 3894 domo
2010 3854 2139 3910 pro-

545 3925 668 3981 dire
721 3927 920 3992 solita),
989 3929 1082 3984 sed
1108 3944 1232 3998 quae
1287 3939 1403 3984 tuto
1439 3931 1728 4001 alliganda
1784 3943 2139 3994 servarentur

545 4023 825 4075 connubio
873 4037 1208 4092 omnemque
1266 4025 1593 4082 modestiam
1643 4037 1834 4081 essent
1883 4025 2133 4092 edoctae,

545 4116 707 4184 pulso
738 4115 807 4169 ab
831 4131 930 4169 ore
967 4114 1198 4185 pudore,
1230 4129 1287 4171 et
1323 4132 1500 4190 neque
1532 4133 1601 4174 an
1637 4119 1894 4175 mulieres
1925 4132 2135 4186 essent,

544 4222 853 4277 serumque
906 4207 1067 4280 542
1121 4226 1282 4264 suum
1316 4214 1572 4280 graviore
1617 4222 1763 4267 metu
1802 4215 2135 4283 cogitantes,

545 4302 730 4354 me'tlio
787 4301 928 4364 toi-0,
997 4303 1113 4371 pari
1170 4317 1234 4356 ac
1293 4305 1564 4360 maritatas
1617 4304 1840 4374 planctu
1907 4306 2139 4376 diroque

544 4389 755 4457 ejulatu
811 4390 1180 4459 vagabantur.
1243 4391 1496 4446 Monachi
1558 4395 1666 4464 ipsi
1713 4409 1779 4449 ac
1828 4397 2137 4465 moniales,

2239 3296 2446 3358 πλοκάς
2475 3311 2489 3363 ;
2523 3294 2631 3346 οὐδ’
2663 3294 3026 3370 εὐσχημονεῖν
3085 3293 3167 3346 ἔτι
3225 3294 3548 3364 βουλόμεναι
3586 3296 3843 3367 νικηθείτ

2239 3407 2332 3442 σαι
2360 3389 2407 3421 ⁸⁸
2435 3387 2514 3458 τῷ
2544 3386 2725 3453 πάθει,
2753 3385 2874 3444 οὐδὲ
2902 3386 3002 3456 τῆς
3036 3387 3216 3456 ὅψεως
3243 3387 3352 3440 τῶν
3382 3387 3593 3457 ἀνδρῶν
3630 3388 3846 3460 ἑαυτὰς

2239 3479 2608 3543 ὑπεκκλίνειν,
2681 3479 2800 3532 ἀλλ’
2849 3478 3084 3540 ἀναιδῶς
3127 3480 3448 3550 φερόμεναι,
3509 3480 3608 3543 τὰς
3656 3481 3845 3550 κόμας

2239 3573 2462 3643 ἔχουσαι
2488 3571 2794 3642 λελυμένας
2822 3571 2919 3624 καὶ
2943 3571 3052 3634 τῶν
3079 3571 3215 3642 πρὸς
3252 3573 3517 3643 συστολὴν
3547 3574 3843 3643 ἀμελήσας-

2242 3683 2353 3730 σαι,
2387 3665 2586 3735 ήγοντο
2623 3663 2998 3728 συνεκσοῷσαι
3038 3664 3166 3730 τοὺς
3208 3664 3441 3740 θρήνους
3469 3665 3564 3717 καὶ
3596 3665 3694 3717 τοῦ
3724 3683 3833 3718 κιν-

2239 3755 2396 3814 δύνου
2457 3755 2978 3819 καταστενάζουσαι.
3052 3755 3119 3810 Εἰ
3172 3773 3275 3813 που
3330 3757 3752 3827 καὶ-παρθένος
3775 3759 3826 3810 ὲν

2242 3847 2455 3914 αὑταῖς,
2488 3849 2521 3920 ὴ
2559 3849 2728 3918 μήπω
2756 3849 2858 3919 τῆς
2883 3847 3167 3918 οἰκουρίας
3203 3846 3479 3917 προδᾶσα,
3507 3847 3626 3902 ἀλλ’
3654 3851 3837 3918 ἀσφαο

2242 3939 2350 4003 λῶς
2378 3940 2693 4012 τηρουμένη
2715 3937 2792 4010 τῷ
2825 3939 2988 4012 γάμῳ
3018 3940 3112 3993 καὶ
3143 3941 3452 4010 σεμνότητα
3481 3942 3666 3994 πᾶσαν
3705 3939 3845 3996 δεδι-

2242 4030 2510 4104 δαγμὲνη,
2551 4031 2650 4103 τὴν
2680 4029 2813 4084 αἱδὼ
2843 4032 2943 4102 τῆς
2975 4029 3151 4108 ὂψεως
3204 4032 3548 4102 περιάρασα,
3579 4033 3676 4086 καὶ
3718 4033 3845 4104 μηδ’

2243 4121 2326 4174 ὅτι
2376 4122 2516 4193 γυνὴ
2565 4114 2835 4192 ςιτνγχάνει
2892 4122 2971 4193 τῷ
3021 4121 3131 4175 δέει
3191 4121 3542 4195 λογιζομένη,
3567 4123 3712 4196 διῄει
3742 4123 3848 4193 τῆς

2243 4217 2452 4287 ἀγορᾶς
2509 4218 2567 4269 ὲν
2620 4217 2791 4287 μέσῳ,
2849 4219 2969 4280 ταῖς
3000 4215 3191 4278 ἄλλαις
3221 4215 3441 4285 γυναιξὶ
3499 4213 3850 4268 κοινωνοῦσα

2245 4307 2330 4379 [Ρ.
2374 4306 2500 4378 550]
2531 4305 2626 4359 τοῦ
2657 4306 2857 4376 θρήνου
2889 4307 2984 4363 καὶ
3021 4305 3195 4368 δεινὸν
3231 4305 3600 4370 ἀλαλάζουσα.
3655 4304 3852 4357 Μονα-

2245 4400 2446 4454 σταὶδὲ
2472 4397 2568 4452 καὶ
2599 4397 2954 4469 μονάζουσαι,
3008 4398 3122 4451 ὅσοι
3172 4397 3272 4471 τὴν
3315 4396 3693 4468 προσπάθειαν
3753 4395 3854 4450 τοῦ

547 4488 824 4550 quotquot
859 4482 981 4549 ipso
1003 4481 1116 4550 jam
1147 4483 1327 4538 aetatis
1355 4481 1490 4538 llure
1521 4484 1880 4556 junioresque
1914 4487 2129 4544 virtutis

2251 4492 2366 4564 βίου
2401 4491 2599 4564 κομιδῇ
2630 4492 2742 4546 νέοι
2784 4491 3127 4564 ὑπάρχοντες
3157 4489 3235 4562 τῷ
3269 4489 3478 4561 φίλτρῳ
3512 4493 3608 4558 τῆς
3639 4489 3855 4560 ἀρετῆς

548 4587 739 4626 amore
771 4573 1057 4627 szecularis
1097 4575 1222 4630 vitae
1241 4575 1495 4630 all'ectnm
1525 4577 1919 4650 hbidinemquc
1939 4596 2139 4636 excus-

549 4675 758 4730 serant,
810 4667 915 4722 sibi
965 4669 1098 4724 solis
1158 4668 1378 4741 Dcoque
1423 4671 1710 4736 viventes,
1788 4675 2142 4732 monasteriis

549 4762 757 4829 egi-eSsi
822 4771 872 4815 et
930 4779 1025 4832 per
1095 4765 1306 4832 plateas
1373 4767 1616 4821 civitatis
1691 4767 1921 4838 dispersi
1986 4783 2143 4823 com-

550 4868 715 4908 mune
739 4853 1017 4907 excidium
1053 4854 1261 4925 ejulatn
1315 4841 1596 4926 lugebant.
1643 4856 1780 4911 llinc
1812 4873 2144 4928 magnopere

550 4947 724 5010 miror
748 4961 810 5000 ac
839 4959 1052 5018 stupeo,
1084 4950 1201 5019 ipse
1239 4961 1421 5004 mente
1480 4961 1742 5020 reputans
1782 4951 2141 5022 multiplicem

551 5036 868 5109 dchrsiquc
899 5042 1117 5109 generis
1145 5044 1417 5097 dictorum
1449 5041 1835 5097 Nazarmorum
1860 5045 2140 5108 virtutem,

548 5146 715 5202 quam
753 5133 1011 5187 colebant
1039 5135 1298 5199 solitarii,
1339 5142 1641 5189 nocturnas
1668 5136 1961 5190 modulatis
1987 5138 2144 5205 psal-

555 5209 767 5278 tnorum
811 5225 1041 5280 vocibus
1067 5226 1364 5293 productas
1403 5227 1641 5298 vigilias,
1678 5242 1892 5282 Sacram
1921 5228 2150 5297 virginiv

551 5325 744 5380 tatem,
778 5321 1074 5372 continuas
1107 5334 1299 5388 preces
1347 5320 1616 5389 jngesqne
1671 5321 1978 5391 lacrymas;
2007 5338 2148 5391 quo-

551 5409 716 5464 modo
754 5411 890 5465 nihil
925 5411 1088 5470 nobis
1120 5412 1364 5466 divinam
1411 5413 1788 5467 conciliat-unt
1839 5412 2147 5469 miseratio-

550 5519 675 5558 nem
703 5501 726 5556 ?
749 5505 1025 5574 quomodo
1047 5502 1222 5558 'lldem
1248 5518 1406 5558 suam
1428 5503 1496 5566 ad
1527 5505 1682 5559 urbis
1710 5501 2145 5560 incolumitatem

2253 4585 2636 4652 ἀπεσείσαντο,
2683 4587 2896 4649 ἑαυτοῖς
2953 4584 3138 4655 μόνοις
3186 4583 3280 4636 καί
3307 4582 3427 4653 Θεῷ
3461 4581 3686 4646 ζῶντες,
3743 4585 3858 4635 τῶν

2252 4678 2604 4756 ἀσκητηρίων
2630 4678 2888 4741 ἐκϐάντες
2916 4679 3012 4732 καὶ
3037 4680 3156 4743 ταῖς
3191 4675 3480 4739 πλατείαις
3508 4674 3859 4748 διασπαρέν-

2251 4789 2341 4836 τες
2372 4773 2472 4841 τῆς
2500 4771 2707 4835 πόλεως
2735 4770 2826 4824 τὸν
2855 4772 3033 4833 κοινὸν
3061 4769 3283 4839 ὄλεθρον
3311 4767 3520 4839 γοερῶς
3545 4767 3592 4800 θ’
3615 4766 3852 4822 ἐκλανθ-

2255 4863 2504 4935 μύριζον.
2563 4861 2653 4927 Ἐξ
2681 4841 2741 4917 οὗ
2767 4864 2828 4933 δή
2867 4880 2958 4934 μοι
2991 4863 3085 4914 καὶ
3119 4862 3329 4930 θάμϐος
3361 4861 3683 4930 ἐπέρχεται,
3722 4861 3852 4914 ὅταν

2253 4957 2395 5012 κατά
2419 4955 2546 5009 νοῦν
2569 4956 2721 5009 λάϐω
2749 4956 2849 5025 τὴν
2903 4955 3156 5025 ποικίλην
3203 4954 3296 5007 καὶ
3334 4953 3591 5022 διάφορον
3642 4955 3859 5024 ἀρετὴν

2252 5049 2360 5109 τῶν
2392 5047 2724 5118 Ναζηραίων
2751 5048 2997 5111 ἐκείνων,
3024 5047 3091 5118 ἢν
3121 5047 3438 5115 καταμόνας
3465 5045 3860 5114 ὲφιλοπόνουν,

2252 5143 2373 5214 ἦτοι
2402 5142 2500 5212 τὴν
2529 5142 2805 5211 πάννυχον
2828 5141 3150 5212 ψαλμῳδίαν
3183 5141 3277 5193 καὶ
3313 5139 3414 5209 τὴν
3459 5141 3614 5207 ίεράν
3643 5156 3721 5192 πα
3734 5140 3863 5208 ρθε-

2253 5235 2370 5288 νίαν
2399 5236 2498 5306 τήν
2527 5253 2586 5287 τε
2616 5234 2812 5304 ἐκτενῆ
2840 5234 3153 5309 προσευχὴν
3194 5235 3290 5287 καὶ
3319 5235 3381 5286 τὸ
3421 5235 3863 5286 ἀκατάπαυστον

2251 5327 2506 5400 δάκρυον,
2539 5328 2655 5393 πῶς
2692 5330 2705 5359 ¹
2741 5329 2841 5398 τὴν
2874 5327 3010 5398 πρὸς
3038 5329 3185 5398 ἡμᾶς
3211 5327 3363 5384 θείαν
3392 5329 3453 5381 ού
3483 5366 3498 5380 .
3533 5366 3548 5381 .
3577 5367 3591 5381 .
3627 5328 3866 5395 συμπά-

2256 5419 2435 5484 θειαν,
2499 5421 2616 5484 πῶς
2662 5421 2723 5473 ού
2761 5421 3223 5491 κατηγγυήσαντο
3252 5419 3350 5490 τὴν
3387 5419 3564 5484 πόλιν,
3605 5420 3724 5481 πῶς
3753 5417 3872 5487 οὐχ’

2256 5505 2418 5582 εὖρον
2475 5511 2710 5564 ἔπαθλον
2766 5513 2968 5583 ἀρετῆς
3003 5513 3103 5584 τὴν
3125 5512 3420 5584 ἀποφυγὴν
3449 5512 3546 5566 τοῦ
3576 5511 3862 5576 κινδύνου,

1849 5621 2083 5677 νΑιιιίΕ
2131 5624 2537 5680 LECTION

625 5711 670 5740 "
715 5709 950 5779 γράφειν
993 5697 1057 5766 Ρ.

559 5778 604 5808 ³⁸
649 5778 954 5852 κινηθεῖσαι
986 5780 1046 5836 Ρ.
1129 5785 1172 5816 ⁹⁹
1203 5785 1399 5856 γοερὸν
1429 5785 1495 5853 Α.

1153 5712 1198 5745 ⁵⁸
1239 5712 1441 5778 ὡσανεὶ
1471 5712 1866 5776 Combeﬁsius,
1894 5714 1970 5778 ὼς
1995 5716 2060 5768 ἄν
2110 5734 2152 5768 ;ι
2186 5715 2297 5772 Αιι.

2381 5718 2426 5748 ⁹⁶
2457 5716 2556 5787 τὴν
2587 5715 2797 5770 ἐκεῖθεν
2856 5715 3130 5780 κολάσεως
3167 5713 3228 5771 Ρ.
3325 5717 3368 5750 ’τ
3404 5717 3566 5784 ἀξίως
3594 5714 3871 5778 Combef.‘

1576 5788 1591 5816 ¹
1623 5784 1736 5847 πῶς
1800 5786 2320 5858 τὴν-συμπάθειαν
2355 5803 2461 5842 om.
2513 5784 2579 5846 Α.
