4094 6414
331 314 441 380 581

1451 315 1548 375 DE
1587 315 1904 378 EXCIDIO
1944 313 2552 376 TIIESSALONICzE.

3512 318 3621 383 539.

321 425 749 497 συνελήφθησαν
807 424 866 480 δὲ
911 425 1114 496 μᾶλλον
1158 423 1416 495 καθάπερ
1450 424 1870 498 ἀνεπισκόπητα
1896 429 1918 459 ³

2022 437 2133 478 ιιοιι
2165 422 2624 478 obstrinxerunt?
2675 421 2965 490 Quomodo
3001 438 3114 480 non
3141 425 3362 483 virtutis
3394 432 3622 498 praemio

318 520 599 590 πρόϐατα,
653 521 856 584 πάντες
894 521 994 589 τῆς
1061 519 1342 590 μαχαίρας
1373 518 1663 587 γεγονότες
1715 520 1813 574 καὶ
1845 521 1926 591 τῷ

316 614 514 684 κλήρῳ
561 612 671 666 τῶν
701 611 1046 682 ἁμαρτωλῶν
1091 615 1191 682 τῆς
1223 611 1443 679 σφαγῆς
1465 612 1926 684 κοινωνήσαντας.

320 706 473 775 Πλὴν
502 705 746 777 ἡγοῦμαι
773 706 856 760 ὃτι
885 705 1093 759 τούτων
1127 704 1228 774 μὲν
1261 709 1290 756 ὁ
1313 704 1565 768 θάνατος,
1595 703 1670 769 ὥς
1704 721 1870 774 φησιν
1896 706 1926 758 ὁ

314 799 558 870 ψαλμὸς,
589 785 771 870 τίμιος
795 800 1020 868 γέγονεν
1064 799 1310 852 ἐναντίον
1339 798 1573 869 Κυρίου,
1617 800 1722 851 κάν
1748 799 1924 870 τούτῳ

314 892 414 946 τοῦ
449 892 617 961 σοφοῦ
657 894 786 954 τοὺς
837 890 1077 954 οἰκείους
1128 890 1351 961 δούλους
1395 890 1415 921 ³
1444 891 1803 962 τιμήσαντος,
1838 893 1925 946 ἵνα

320 985 468 1056 μετὰ
503 987 602 1055 τῆς
649 983 850 1054 λοιπῆς
894 985 1100 1054 ἀρετῆς
1149 983 1340 1036 καὶτὸ
1395 983 1547 1046 τέλος
1586 986 1924 1056 μαρτυρικδν

316 1079 764 1146 ἀπενέγκωνται,
804 1077 880 1138 ὼς
939 1076 1006 1131 ἂν
1066 1073 1554 1146 ἐπιδαψιλεύσηται
1588 1073 1803 1138 τούτοις
1851 1075 1924 1130 τὰ

318 1171 422 1242 τῆς
443 1171 723 1240 ὑπομονῆς
741 1176 883 1238 γέρα
911 1169 1006 1220 καὶ
1033 1166 1140 1219 τῶν
1159 1166 1419 1239 ἀρρήτων
1448 1165 1673 1224 ἐκείνων
1701 1164 1924 1232 ἀγαθῶν

319 1261 422 1331 τὴν
454 1259 724 1313 ἀντίδοσιν
749 1275 763 1290 ·
820 1257 978 1326 ἡμῶν
1005 1257 1060 1310 δὲ
1092 1256 1113 1287 ⁸
1147 1257 1208 1309 τὸ
1262 1256 1466 1326 πλῆθος
1504 1255 1923 1326 παραπτώσεων

316 1358 380 1410 οὐ
420 1357 581 1427 μόνον
621 1355 718 1419 τὰς
767 1353 975 1407 τούτων
1023 1353 1318 1420 ἐντεύξεις,
1361 1352 1501 1406 ἀλλά
1535 1353 1760 1415 καὶτὰς
1811 1351 1924 1405 τῶν

319 1447 623 1518 μαρτύρων
658 1445 956 1515 πρεσϐείας
1012 1445 1326 1508 ἀσυντελείς
1375 1443 1655 1514 δειχθῆναι
1692 1444 1924 1513 πεποίης

317 1557 444 1600 κεν,
467 1538 535 1593 ἶν’
567 1537 724 1609 ἡμῶν
751 1537 1037 1592 παθόντων
1061 1538 1201 1608 ὅπερ
1231 1536 1333 1608 ἤδη
1362 1537 1734 1606 πεπόνθαμεν,
1755 1535 1920 1606 ἔχωσι

314 1634 529 1703 γνῶναι
552 1634 752 1695 πάντες
768 1633 816 1684 oi
838 1630 948 1685 τῶν
979 1630 1141 1685 θείων
1171 1633 1592 1701 καταφρονηταὶ
1620 1628 1920 1695 διατάξεων

313 1731 395 1792 ὡς
425 1727 595 1800 κακίᾳ
621 1725 1082 1788 πλεονεκτοῦντας
1105 1724 1259 1779 οὐδὲν
1293 1725 1492 1788 αὐτοὺς
1521 1725 1622 1794 τῆς
1654 1727 1920 1778 Δεσποτι-

2026 516 2313 571 consecuti
2348 523 2409 571 ut
2463 534 2494 571 a
2546 516 2793 586 periculo
2842 517 3258 574 liberarentur?
3308 522 3403 576 sed
3449 526 3625 595 magis

2023 607 2176 662 velut
2219 621 2352 661 oves
2409 606 2621 676 absque
2694 618 2915 676 pastore
2973 611 3368 682 comprehensi
3431 629 3624 671 omnes

2027 699 2173 754 ferro
2215 699 2454 770 jugulati
2499 708 2653 764 sunt,
2713 700 2947 771 parique
2976 716 3101 754 cum
3160 704 3446 758 sceleratis
3489 723 3624 762 nece

2025 790 2402 846 interierunt?
2459 790 2754 846 Enimvero
2791 792 2988 846 horum
3032 803 3264 848 mortem
3323 799 3622 865 pretiosam

2023 884 2169 956 apud
2220 885 2538 951 Dominum,
2584 893 2644 939 ut
2687 885 2943 945 Psalmus
3001 887 3247 958 loquitur
3294 901 3342 954 ³,
3384 894 3623 950 arbitror

2023 977 2332 1042 exstitisse,
2367 993 2490 1034 cum
2533 979 2638 1034 hoc
2671 994 2894 1049 quoque
2945 979 3040 1035 Dei
3095 982 3366 1050 sapientia
3420 986 3622 1044 charos

2025 1082 2159 1123 suos
2185 1083 2251 1123 ac
2283 1068 2523 1125 famulos
2578 1069 2961 1136 bonoraverit,
2994 1077 3052 1124 ut
3090 1086 3213 1124 cum
3249 1073 3479 1144 reliquis
3513 1077 3624 1130 vir-

2023 1160 2236 1215 tutibus
2263 1162 2515 1232 martyrii
2545 1176 2767 1232 quoque
2807 1161 2996 1218 laurea
3034 1163 3364 1230 clarescant,
3397 1169 3622 1238 patien-

2023 1254 2114 1308 tiae
2147 1269 2376 1308 munera
2430 1254 2512 1310 eis
2552 1256 2892 1311 cumulatius
2935 1271 3235 1326 reponens,
3260 1274 3625 1316 arcanorum-

2025 1358 2134 1413 que
2200 1343 2475 1398 benorum
2517 1347 2746 1415 praemia
2796 1347 3039 1416 largiens
3073 1360 3431 1406 :nostrorum
3491 1369 3622 1410 vero

2023 1436 2296 1490 scelerum
2359 1438 2768 1492 multitudinem
2805 1454 2918 1494 non
2948 1441 3128 1495 solum
3168 1442 3364 1496 horum
3403 1459 3618 1514 preces,

2024 1525 2120 1582 sed
2151 1537 2205 1581 et
2236 1536 2542 1600 martyrum
2574 1530 3008 1586 intercessiones
3029 1533 3257 1588 inutiles
3288 1534 3616 1603 reddidisse,

2025 1629 2085 1672 ut
2119 1636 2183 1674 ex
2237 1619 2305 1674 iis
2336 1621 2539 1689 quibus
2579 1621 2693 1691 jam
2749 1625 3074 1692 recentique
3119 1625 3371 1694 exemplo
3426 1642 3620 1682 sumus

2024 1713 2238 1782 accepti
2277 1714 2459 1780 malis,
2512 1714 2823 1785 intelligere
2854 1714 3012 1788 543
3049 1727 3276 1786 possent
3309 1733 3504 1773 omnes
3541 1720 3620 1772 di—

318 1819 429 1887 κῆς
459 1818 692 1885 ἀπειλῆς
747 1817 852 1870 τῶν
898 1815 1190 1889 σωτηρίων
1229 1815 1598 1889 βοηθημάτων
1624 1815 1919 1888 ἐξαιρήσω-

2021 1805 2276 1860 vinarum
2326 1806 2503 1878 legum
2567 1816 3004 1879 contemptores,
3062 1825 3190 1878 cum
3242 1809 3508 1881 majorem
3561 1812 3616 1866 in

317 1920 452 1972 σθαι
475 1915 861 1986 δυνηθήσεται,

393 2182 496 2236 λθ.
545 2181 635 2244 Ὠς
667 2179 776 2250 γὰρ
806 2179 952 2234 κατά
989 2179 1172 2232 πᾶσαν
1195 2177 1530 2242 εἰσελθόντες
1564 2175 1917 2247 διεμερίσθη-

315 2293 423 2335 σαν
450 2275 546 2345 τὴν
581 2273 738 2339 πόλιν
761 2275 808 2326 oi
849 2273 1149 2345 Βὰρῦαροι,
1181 2273 1342 2336 εὐθὺς
1393 2273 1544 2325 πᾶσα
1596 2271 1784 2342 ἡλικία
1814 2271 1912 2323 καὶ

315 2371 429 2425 πᾶν
452 2368 607 2437 γένος
633 2366 940 2437 ἀνθρώπων
973 2365 1066 2420 ὐπ’
1103 2365 1286 2419 αὐτῶν
1317 2365 1581 2436 ἀνῄρητο.
1643 2363 1778 2418 Οὐδὲ
1806 2363 1917 2432 γὰρ

313 2452 383 2528 ἦν
412 2452 593 2517 οἶκτος
627 2454 812 2518 αὐτοῖς
852 2455 1029 2520 οὐδεὶς
1060 2454 1232 2508 πάλαι
1264 2455 1657 2528 προμεμηνόσι
1691 2457 1785 2509 καὶ
1816 2453 1917 2526 τὴν

315 2549 445 2604 καθ’
478 2549 637 2621 ήμῶν
670 2548 902 2618 διψῶσιν
950 2548 1253 2613 ἀπώλειαν,
1307 2547 1442 2602 ἀλλὰ
1493 2547 1587 2602 καὶ
1616 2547 1795 2618 γέρων
1822 2548 1916 2602 καὶ

313 2641 589 2712 ἀκμάζων
621 2639 705 2694 ἔτι
747 2640 841 2693 καὶ
900 2639 1189 2702 νεανίσκος
1250 2638 1346 2692 καὶ
1395 2640 1505 2700 πᾶς
1535 2639 1564 2690 ὁ
1596 2637 1916 2709 προστυχὼν

316 2734 482 2806 ἔργον
531 2732 645 2792 τοῖς
685 2729 992 2800 μιαιφόνοις
1040 2724 1130 2799 ἦν,
1184 2729 1308 2783 οὐδὲ
1335 2731 1558 2800 καιρίας
1588 2728 1710 2782 κατ’
1738 2728 1916 2781 αὐτῶν

316 2825 531 2894 ἀφιεῖσι
586 2822 827 2894 πληγὰς,
882 2822 999 2876 ἀλλ’
1051 2822 1126 2886 ὡς
1175 2821 1240 2877 ἂν
1305 2823 1504 2885 αὐτοὺς
1557 2822 1916 2894 ἐνδιατρίϐειν

317 2917 521 2972 antibat
553 2917 668 2981 τοῖς
707 2915 1002 2984 ἀλγεινοῖς,
1037 2917 1108 2970 τὰ
1143 2915 1282 2987 πρὸς
1307 2916 1400 2969 τδν
1437 2915 1606 2969 νῶτον
1639 2917 1780 2986 μέρη
1822 2916 1917 2970 καὶ

315 3012 448 3073 τούς
493 3011 706 3080 μηροὺς
761 3007 1205 3078 κατατέμνοντες
1262 3007 1549 3080 σχολάζειν
1598 3007 1796 3072 αὐτοὺς
1842 3011 1912 3081 τῇ

315 3100 599 3158 τελειώσει
625 3100 1048 3172 παρεϐιάζοντο.
1078 3100 1190 3156 Καὶ
1211 3100 1322 3154 οὐδ’
1351 3099 1526 3164 οὕτως
1553 3103 1581 3155 ὁ
1606 3101 1915 3172 πολιορκῶν

313 3195 522 3258 αὐτοὺς
579 3193 954 3262 ἐνεπίμπλατο
1010 3191 1203 3263 θυμὸς,
1241 3192 1358 3246 ἀλλ’
1399 3193 1480 3246 ὅτι
1547 3193 1622 3264 μὴ
1652 3193 1916 3258 πολλάκις

309 3285 578 3344 δύνανται
602 3283 860 3353 θνήσκειν
885 3282 1131 3354 μανικῶς
1151 3281 1505 3353 ἐδυσφόρουν.
1536 3283 1655 3337 Ἵνα
1676 3285 1785 3356 γὰρ
1816 3287 1916 3357 τὴν

313 3377 564 3450 θηριώδη
619 3378 715 3432 καὶ
749 3377 1068 3448 ἀδάμαστον
1102 3376 1322 3448 ἐκείνην
1365 3377 1544 3446 ὄρεξιν
1585 3379 1916 3450 ὲμφορήσω-

313 3491 428 3539 σιν,
453 3471 578 3526 οὐδὲ
609 3470 890 3541 γυναικῶν
921 3469 1214 3538 ἐφείσαντο
1253 3469 1375 3526 κατ’
1405 3470 1580 3539 ἀρχὰς
1602 3469 1698 3523 τοῦ
1734 3469 1918 3524 κινδύ-

315 3583 436 3632 νου,
484 3563 612 3618 οὐδὲ
667 3562 875 3620 παίδων
929 3562 1130 3628 αὐτῶν,
1156 3554 1233 3616 ὧν
1262 3561 1324 3615 τὸ
1356 3561 1454 3633 τῆς
1484 3563 1701 3634 ἡλικίας
1734 3562 1916 3634 ἄωρον

315 3658 475 3728 ἄγειν
503 3654 757 3727 βιάζεται
788 3655 1055 3718 πολλάκις
1114 3657 1210 3710 καὶ
1260 3655 1444 3726 θηρῶν
1489 3654 1806 3725 ὀφθαλμοὺς
1836 3658 1917 3721 είς

315 3749 708 3821 συμπάθειαν·
769 3747 855 3820 μ’.
889 3747 1017 3819 551]
1070 3747 1187 3801 ἀλλ’
1231 3742 1301 3818 ἦν
1346 3747 1434 3801 ἐπ’
1464 3748 1586 3822 ἴσης
1645 3747 1913 3822 ἅπασινὴ

324 3843 490 3912 τομὴ,
526 3840 782 3911 καθάπερ
807 3841 866 3894 ὲν
893 3839 1186 3911 χλοηφύρῳ
1225 3836 1416 3906 πεδίῳ,
1450 3840 1558 3893 πᾶν
1587 3839 1649 3893 τὸ
1670 3857 1918 3910 παρατυ-

337 3931 432 4004 χδν
457 3931 826 4004 ὲκθερίζουσα,
855 3931 932 3994 ὡς
967 3932 1028 3988 ὲν
1055 3930 1288 4002 βραχείᾳ
1329 3931 1522 4002 καιροῦ
1556 3933 1698 4003 ῥοπῇ
1733 3933 1918 3988 ἄοικον

333 4019 719 4094 ἀποδειχθῆναι
751 4021 852 4092 τὴν
878 4021 1035 4078 πόλιν
1056 4021 1156 4092 τὴν
1181 4023 1288 4095 πρὸ
1317 4019 1517 4092 μικροῦ
1548 4037 1917 4093 στενοχωρουι-

319 4111 500 4187 μένην
543 4116 638 4166 καὶ
671 4115 785 4177 τοῖς
831 4113 1066 4183 πλήθεσι
1113 4111 1428 4184 βρίθουσαν,
1469 4113 1620 4166 Καθδ
1641 4113 1751 4184 γὰρ
1777 4114 1918 4183 φθά-

319 4221 518 4270 σαντες
572 4206 822 4276 εἴπομεν,
858 4205 922 4258 τὸ
952 4204 1054 4276 μὲν
1104 4203 1200 4260 τοῦ
1244 4205 1422 4276 δήμου
1473 4205 1571 4268 τὰς
1606 4207 1920 4278 ἀκρωρείας

312 4297 648 4370 κατειλήφει
673 4296 818 4352 κατά
842 4295 940 4367 τὴν
979 4295 1326 4366 καλουμένην
1359 4296 1659 4367 ἀκρόπολιν
1690 4298 1920 4350 συνελα-

314 4390 437 4457 θὲν,
470 4390 630 4462 ἢτὴν
655 4389 966 4460 περιοικίδα
999 4387 1095 4442 τοῦ
1126 4388 1276 4448 ὁσίου
1311 4389 1477 4442 Δαδὶδ
1510 4391 1921 4463 ὀνομαζομένην

2022 1897 2248 1951 modum
2286 1899 2548 1969 nequitiae
2580 1901 2866 1971 indulgent
2890 1917 3062 1971 seque
3097 1904 3236 1958 vitio
3270 1906 3613 1972 mancipant,

2021 1991 2172 2046 nullo
2203 2006 2262 2046 se
2294 1991 2361 2046 ab
2383 1993 2463 2048 ira
2495 1991 2781 2047 Dominica
2803 1993 3064 2064 justaque
3089 1996 3296 2050 ultione
3326 1997 3616 2051 liberatum

2020 2081 2089 2136 iri
2120 2083 2348 2139 salutari
2376 2085 2650 2142 subsidio.

2091 2175 2180 2230 59.
2228 2173 2300 2237 Ut
2342 2177 2530 2246 itaque
2576 2177 2810 2248 ingressi
2873 2193 2993 2248 per,
3024 2179 3211 2235 omnia
3268 2180 3431 2236 urbis
3495 2181 3613 2237 loca

2018 2268 2256 2338 dispersi
2294 2279 2423 2326 sunt
2454 2269 2709 2336 Barbari,
2751 2274 2932 2325 omnis
2963 2280 3095 2348 actas
3126 2287 3400 2343 omneque
3430 2272 3612 2327 bonii-

2018 2374 2151 2414 num
2210 2374 2386 2430 genus
2438 2362 2508 2416 ab
2549 2363 2629 2417 eis
2687 2361 2983 2417 confestim
3054 2363 3387 2419 trucidatur.
3427 2365 3616 2435 Ncq’ue

2018 2451 2165 2506 enim
2196 2452 2305 2506 ulla
2335 2454 2416 2508 eis
2437 2454 2721 2510 miseratio
2745 2466 2886 2520 erat,
2914 2457 3006 2524 qui
3039 2457 3250 2530 pridem
3278 2459 3432 2514 rabie
3455 2474 3614 2514 exar-

2019 2545 2232 2600 sissent
2264 2556 2625 2618 nostramque
2659 2549 3097 2618 internecionem
3139 2537 3358 2606 sitirent
3391 2569 3406 2605 :
3441 2553 3536 2608 sed
3560 2561 3616 2608 et

2020 2651 2184 2690 senex
2205 2649 2260 2692 et
2280 2637 2501 2694 ﬂorenti
2532 2641 2712 2694 adhuc
2730 2649 2889 2696 actate
2909 2650 3079 2712 atque
3099 2643 3342 2713 juvenis,
3361 2645 3615 2715 quisquis

2019 2724 2258 2795 denique
2313 2730 2674 2793 occurrisset,
2717 2731 2902 2800 gladio
2953 2735 3277 2786 necabatur.
3316 2733 3430 2789 Nec
3483 2751 3615 2790 vero

2019 2818 2167 2873 letali
2205 2822 2391 2874 statim
2428 2821 2656 2875 vulnere
2679 2819 2979 2886 feriebant,
3013 2822 3108 2878 sed
3165 2830 3225 2876 ut
3264 2822 3479 2878 diutius
3511 2825 3613 2879 do-

2019 2908 2231 2965 loribus
2262 2912 2666 2976 excruciarent,
2709 2928 2832 2982 quae
2863 2914 3013 2971 circa
3071 2915 3295 2969 dorsum
3333 2931 3614 2987 coxasque

2019 3011 2151 3059 sunt
2185 3003 2569 3068 concidentes,
2610 3004 2767 3058 tarda
2800 3021 2896 3060 eos
2945 3021 3082 3061 nece
3109 3006 3500 3063 conﬁciebant.
3531 3011 3614 3063 Ac

2020 3111 2088 3150 ne
2123 3096 2202 3151 sic
2231 3095 2455 3166 quidem
2487 3097 2868 3158 exsatiahatur
2896 3113 2992 3153 eos
3020 3098 3279 3154 obsidens
3313 3099 3490 3162 furor,
3515 3102 3626 3160 sed.

2017 3188 2166 3258 quod
2202 3205 2310 3244 non
2345 3189 2544 3257 saepius
2577 3191 2718 3244 mori
2751 3199 3032 3259 poterant,
3059 3191 3422 3247 immanitatis
3452 3192 3611 3248 rabie

2017 3283 2242 3354 gravius
2272 3283 2550 3338 dolebant.
2587 3282 2655 3338 Ut
2692 3283 2840 3337 cnim
2881 3283 3177 3337 belluinam
3219 3283 3368 3337 illam
3414 3299 3480 3339 ac
3522 3285 3611 3340 iu-

2017 3375 2283 3430 domitam
2315 3375 2600 3431 libidinem
2637 3376 2930 3442 satiarent,
2965 3391 3067 3430 nec
3119 3375 3448 3432 mulieribus
3477 3379 3607 3432 mali

2017 3466 2178 3521 initio
2210 3482 2389 3537 neque
2413 3467 2602 3538 pueris
2631 3468 2770 3540 ipsis
2809 3476 3198 3540 pepercerunt,
3224 3485 3467 3540 quorum
3506 3471 3613 3525 im-

2018 3569 2234 3616 matura
2266 3569 2400 3616 tetas
2439 3560 2584 3615 haud
2636 3576 2766 3616 raro
2796 3561 2963 3615 etiam
2999 3559 3242 3616 ferarum
3297 3562 3488 3618 oculos
3545 3563 3610 3620 ad

2019 3653 2432 3708 miserationem
2480 3655 2674 3724 cogit;
2725 3653 2821 3710 sed
2874 3655 3098 3709 cunctis
3136 3653 3369 3724 perinde
3403 3655 3613 3712 indicta

2019 3745 2230 3800 cxcisio
2260 3753 2403 3811 erat,
2443 3761 2567 3818 quae
2596 3748 2741 3802 velut
2781 3747 2836 3802 in
2870 3756 3032 3816 prato
3063 3747 3424 3805 herbescente
3451 3749 3614 3820 quid-

2021 3835 2155 3904 quid
2178 3836 2402 3891 obvium
2432 3847 2578 3892 esset
2607 3836 2930 3893 demeteret.
2959 3836 3208 3907 llincque
3243 3838 3613 3894 adeO‘l'actunt

2019 3936 2106 3982 est
2146 3935 2204 3982 ut
2246 3927 2396 3982 brevi
2426 3929 2694 3998 temporis
2743 3938 3025 3983 momento
3082 3929 3237 3993 urbs,
3273 3945 3399 4000 qua
3449 3931 3616 4001 paulo

2020 4027 2148 4075 ante
2191 4019 2282 4074 vix
2313 4034 2427 4079 non
2451 4027 2684 4090 angusta
2717 4020 3125 4075 habitatoribus
3163 4030 3284 4076 erat
3337 4038 3403 4076 ac
3456 4023 3617 4092 plebe

2023 4111 2364 4182 constipata,
2415 4111 2636 4166 deserta
2686 4111 3004 4168 vilesceret.
3048 4110 3116 4167 Ut
3168 4113 3319 4167 enim
3357 4115 3615 4182 superius

2023 4206 2287 4269 diximus,
2319 4203 2510 4278 populi
2545 4219 2674 4275 pars
2706 4203 2930 4259 collium
2959 4204 3248 4259 cacumina
3279 4205 3348 4260 ad
3383 4221 3617 4278 εισι-ορθ-

2023 4297 2118 4350 lim
2157 4295 2242 4350 sic
2269 4293 2478 4350 dictam
2513 4295 2578 4367 (i.
2599 4310 2652 4350 ε.
2683 4293 2891 4364 arcem)
2919 4302 3309 4364 occupaverat,
3335 4303 3429 4350 aut
3447 4312 3614 4366 quam

2021 4389 2203 4446 sancti
2224 4387 2446 4444 Davidis
2465 4385 2632 4464 5M
2645 4389 2899 4443 viciniam
2921 4398 3142 4446 vocant.
3160 4387 3294 4456 Quae
3319 4391 3469 4460 regio
3489 4391 3618 4444 reli-

311 4482 636 4554 (τοῦτοχὰρ
655 4481 857 4553 μᾶλλον
881 4482 982 4552 τῆς
1001 4482 1200 4552 λοιπῆς
1221 4482 1626 4554 ὐπερανέχουσι
1644 4483 1665 4513 ⁸
1687 4484 1917 4550 πόλεως,

2024 4497 2134 4554 qua
2155 4480 2289 4535 urbe
2307 4481 2503 4537 altiore
2527 4483 2636 4536 situ
2655 4481 2896 4548 eminet;
2919 4480 3010 4536 ubi
3025 4481 3192 4536 etiam
3213 4483 3613 4538 monachorum

315 4577 454 4634 ἔνθα
483 4577 549 4648 δὴ
601 4577 698 4629 καὶ
726 4573 934 4650 πλῆθος
983 4571 1053 4648 ἦν
1080 4574 1335 4646 μοναχῶν
1388 4575 1660 4649 ἐναρέτων
1700 4576 1920 4637 πάντων

316 4671 419 4723 καὶ
452 4672 554 4741 τῆς
577 4667 830 4739 οὐρανίου
859 4667 1136 4730 πολιτείας
1162 4666 1533 4737 ἠξιωμένων),
1581 4667 1642 4722 τὸ
1665 4668 1722 4726 δὲ
1757 4669 1922 4724 πάλιν

315 4762 445 4824 ταῖς
463 4759 588 4813 δυσὶ
623 4757 825 4822 πύλαις
858 4755 1180 4829 προσεῤῥύη
1208 4759 1328 4820 ταῖς
1353 4758 1490 4828 πρὸς
1522 4756 1675 4815 δύσιν
1703 4760 1922 4830 ἀφορῶ.

319 4867 450 4916 σαις
480 4851 578 4920 τῆς
605 4850 836 4916 πόλεως,
870 4848 998 4921 μίαν
1030 4847 1266 4919 ἑχόντων
1294 4848 1514 4907 πάντων
1549 4849 1805 4920 σπουδὴν,
1825 4849 1919 4903 τοῦ

318 4943 516 5013 ξίφους
542 4943 861 5012 διεκφυγεῖν
894 4942 994 5012 τὴν
1019 4941 1216 5011 τομήν.
1272 4938 1416 4993 Ἀλλ’
1445 4940 1596 4995 οὐδὲν
1620 4943 1780 4994 πλέον
1809 4941 1919 4997 τῶν

318 5036 502 5089 ἄλλων
555 5035 794 5104 διήνυον,
843 5033 952 5087 τῶν
1017 5031 1202 5086 πυλῶν
1262 5032 1420 5096 ἐκτὸς
1468 5033 1576 5086 τῶν
1612 5033 1918 5106 Βαρϐάρων

319 5130 748 5204 ἑφεδρευὸντων,
784 5130 878 5189 καί
902 5126 1026 5198 μηδ’
1045 5127 1222 5190 ἄλλως
1244 5126 1461 5202 ἔχοντες
1482 5129 1724 5200 εὐχερῶς
1747 5127 1918 5202 ὑπερ-

318 5222 508 5293 ϐῆναι,
541 5221 619 5292 τῷ
676 5221 1004 5291 συνωθισμῷ
1063 5219 1346 5284 πιέζοντες
1404 5219 1668 5292 ἀλλήλους
1698 5217 1792 5280 καὶ
1820 5222 1920 5293 τὴν

316 5314 559 5378 διέξοδον
583 5306 1047 5384 ἁποφράττοντες.

398 5412 478 5478 μ’.
504 5397 629 5460 υἷον
654 5405 764 5477 γὰρ
797 5403 1041 5472 ἐγεγόνει
1068 5404 1237 5458 κακζν
1278 5406 1418 5458 κατά
1449 5405 1547 5480 τὴν
1575 5404 1920 5480 καλουμένην

392 5583 418 5614 ε
457 5566 604 5626 Ρειιι.
631 5584 756 5636 cxv,
783 5569 871 5626 l5-

2024 4573 2326 4630 multitudo
2366 4583 2508 4638 erat,
2542 4575 2642 4629 viri
2673 4589 2866 4630 omnes
2891 4575 3096 4630 virtute
3127 4575 3265 4630 clari
3293 4576 3620 4646 caelestique

2023 4667 2280 4722 instituto
2298 4664 2445 4736 digni
2475 4665 2668 4721 habiti.
2691 4665 2828 4725 Pars
2852 4682 2984 4722 vero
3013 4683 3206 4723 rursus
3227 4667 3293 4722 ad
3319 4668 3457 4724 duas
3487 4685 3620 4741 por-

2009 4769 2132 4827 .tas,
2171 4763 2236 4817 ad
2291 4760 2698 4817 occidentalem
2749 4761 2904 4817 urbis
2960 4761 3177 4832 plagam
3229 4765 3617 4833 respicientes.

2025 4854 2431 4916 conﬂuxerant,
2464 4854 2518 4906 in
2548 4853 2654 4908 hoc
2698 4870 2868 4908 unum
2903 4856 3122 4910 cunctis
3174 4871 3395 4926 Operam
3428 4858 3618 4912 confe-

2026 4945 2300 5009 rentibus,
2339 4952 2396 4997 ut
2422 4943 2588 5013 gladii
2633 4947 2798 4998 ictum
2834 4945 3158 5017 effugerent.
3204 4946 3311 5002 Sed
3342 4948 3476 5000 nihil
3531 4949 3620 5003 his

2027 5036 2226 5095 melius
2271 5038 2439 5092 cessit
2469 5052 2632 5106 quam
2665 5038 2813 5101 aliis,
2865 5053 2990 5094 cum
3020 5040 3132 5108 jam
3175 5037 3403 5094 Barbari
3463 5049 3616 5094 extra

2027 5137 2215 5198 portas
2249 5127 2576 5194 insiderent,
2621 5145 2722 5186 nec
2753 5131 2957 5199 alioqui
2999 5129 3157 5184 facile
3206 5131 3287 5186 eis
3348 5140 3498 5187 esset
3561 5140 3621 5187 ut

2029 5219 2353 5284 transirent,
2392 5235 2518 5274 cum
2548 5220 2686 5274 alter
2715 5223 2948 5275 alterum
2974 5219 3246 5291 pulsando
3272 5221 3617 5292 comprime-

2026 5322 2151 5369 rent
2181 5314 2498 5382 exitumque
2536 5313 2907 5368 obstrucrent.

2102 5405 2192 5460 40.
2228 5405 2510 5472 Quantum
2537 5405 2683 5460 enim
2711 5405 2940 5478 contigit
2966 5404 3168 5462 malum
3195 5405 3248 5464 in
3272 5417 3428 5478 porta
3451 5419 3615 5476 quam

1619 5689 1856 5744 VARUE
1901 5689 2316 5746 LECTIONES.

397 5785 425 5823 ε
463 5787 815 5846 ἀνεπίσκοπα
855 5787 921 5842 Α.
1001 5787 1020 5819 ³
1044 5785 1262 5850 δούλους
1312 5801 1423 5841 om.
1457 5784 1516 5847 P,
1587 5785 1616 5819 ³
1645 5784 1700 5839 δὲ
1728 5802 1841 5842 om.
1868 5784 1929 5843 P.

2015 5789 2035 5820 ⁵
2060 5787 2388 5848 ὐπερανένει
2417 5785 2649 5843 εθιιιιιρΐ
