4094 6414
501 325 610 392 533

1728 311 2068 374 JOANNES
2106 310 2548 372 CAMENIATA

3690 301 3790 365 1-384

493 439 732 496 Auream
783 431 1023 492 vocant?
1066 427 1371 504 quomodo,
1436 427 1528 498 qui
1589 441 1656 483 eo
1701 426 2088 482 conﬂuxerant

2212 425 2418 496 (ρυσῆν
2448 426 2468 457 ⁶
2499 422 2705 494 πῦληνέ
2743 421 2859 486 πῶς
2886 417 3214 493 παρανοῖξαι
3261 418 3464 487 ταύτην
3507 417 3795 491 βουληθέν-

498 535 703 607 (omnis
743 533 835 585 illa
878 529 1064 610 populi
1099 524 1249 595 pars)
1285 539 1409 580 cum
1443 521 1846 592 aliquantulum
1872 517 2090 590 aperire

497 626 824 686 voluissent,
856 629 1059 676 c0natu
1092 618 1344 674 l‘rustrati
1385 615 1551 671 sunt?
1587 615 1677 668 vix
1706 613 1853 669 enim
1902 612 2092 665 valvas

498 720 760 772 diducere
801 723 1107 786 coeperant,
1133 728 1258 766 cum
1293 710 1542 766 conferta
1594 709 1683 762 hic
1740 705 2094 760 multitudine

500 819 665 878 atque
714 805 932 875 agmine
969 806 1023 857 in
1056 819 1114 857 se
1155 815 1351 856 rursus
1389 801 1538 854 coire
1573 799 1831 868 noctique
1864 811 2095 864 compu-

501 903 703 958 let'unt.
749 898 899 964 Quos
933 897 1006 950 ita
1046 895 1388 964 constipatos
1419 909 1546 948 cum
1586 893 1774 946 hostes
1827 889 2095 944 oﬂ‘endis-

502 1002 650 1060 sent,
685 1007 794 1046 non
817 991 930 1060 jam
957 989 1163 1042 viritim
1196 988 1425 1042 ensibus
1449 984 1876 1048 obtruncabant,
1911 983 2006 1038 sed
2035 993 2098 1038 ut

507 1083 632 1136 illos
666 1081 810 1134 inter
842 1094 900 1132 se
954 1090 1325 1146 compressos,
1377 1077 1627 1143 aliosque
1669 1073 1792 1130 aliis
1821 1074 2096 1130 hrerentes

512 1171 688 1226 averti
723 1185 830 1223 non
860 1183 1022 1237 posse
1077 1153 1510 1236 conspexerunt,
1549 1169 1603 1221 in
1656 1167 1852 1232 faciem
1902 1167 2099 1238 gladiis

511 1263 815 1324 caedebant,
846 1259 984 1312 adeo
1011 1267 1067 1310 ut
1088 1267 1210 1327 post
1231 1258 1397 1312 ictum
1419 1258 1688 1328 cujusque
1719 1258 1900 1314 diviso
1920 1260 2101 1329 capite

506 1358 639 1413 hinc
674 1354 800 1409 inde
842 1359 1028 1423 partes
1063 1351 1370 1405 dissilirent
1396 1359 1450 1406 et
1481 1351 1548 1406 ad
1593 1353 1796 1408 similia
1835 1353 2099 1422 utrinque

512 1455 760 1521 membra
791 1452 1169 1509 conciderent.
1191 1456 1268 1506 Ac
1299 1469 1478 1523 neque
1513 1463 1640 1523 post
1667 1464 1897 1509 mortem
1933 1455 2101 1510 humo

508 1547 936 1612 mandabantur,
976 1549 1070 1603 sed
1111 1563 1236 1602 curn
1292 1529 1521 1616 reliquis
1572 1549 1749 1602 adhuc
1777 1549 2104 1620 corporibus

505 1641 622 1711 pari
647 1655 842 1695 acervo
875 1641 1228 1704 tenebantur,
1259 1639 1441 1694 donec
1471 1639 1732 1694 omnibus
1781 1640 2099 1706 trucidatis,

506 1745 572 1786 ac
606 1732 755 1787 velut
784 1730 1068 1795 lulcientc,
1096 1729 1344 1784 omnium
1383 1731 1596 1786 scilicet
1631 1730 1919 1798 eliminata
1966 1733 2099 1801 vita,

507 1827 590 1882 uti
631 1835 811 1886 morte
844 1825 927 1883 sic
955 1831 1008 1878 et
1033 1838 1234 1880 cruore
1262 1825 1416 1892 socio
1442 1823 1840 1900 iungerentur.

580 2007 742 2080 55.5
777 2007 868 2060 41.
895 2005 1011 2060 lloc
1048 2005 1228 2077 ipsum
1260 2021 1394 2061 vero
1424 2012 1478 2060 ct
1526 2005 1581 2060 in
1626 2014 1782 2076 porta
1815 2021 1977 2076 quam
2008 2005 2100 2062 Li-

509 2109 671 2155 taeam
715 2109 913 2154 vocant
945 2099 1062 2153 ﬁeri
1097 2097 1356 2167 contigit.
1390 2096 1524 2151 Nam
1550 2096 1802 2161 Barbari,
1836 2099 1914 2152 uti
1958 2098 2101 2165 dixi-

508 2203 657 2255 mus,
687 2189 901 2259 priorcs
931 2189 1163 2257 reliquis
1195 2197 1606 2256 occupaverant
1634 2195 1842 2264 portas,
1885 2201 2006 2258 quae
2035 2187 2101 2240 ad

509 2296 660 2334 mare
686 2279 913 2336 ducunt.
937 2278 1067 2345 Quae
1086 2294 1218 2344 vero
1244 2279 1310 2332 ad
1343 2286 1550 2345 ortum,
1582 2293 1686 2332 nos
1728 2277 1830 2348 ipsi
1859 2289 2097 2333 anteoc-

507 2369 876 2431 cluseramus,
932 2370 988 2422 in
1056 2368 1124 2423 iis
1173 2383 1395 2438 quoque
1454 2357 1770 2437 suspectam
1837 2369 2103 2424 habentes

511 2464 850 2528 machinam,
883 2463 1046 2532 cujus
1075 2463 1128 2516 in
1161 2463 1456 2518 exterioris
1493 2463 1636 2517 muri
1679 2463 1853 2534 portis
1908 2479 2102 2518 noxam

509 2558 801 2629 labemque
829 2573 1204 2616 senseramns.
1233 2554 1483 2628 Hincque
1513 2557 1648 2613 adeo
1677 2559 1828 2611 omni
1858 2558 2104 2628 undique

509 2651 778 2722 praeclusa
821 2649 960 2721 fuga:
1001 2651 1254 2704 ineundae
1313 2666 1432 2721 spe,
1493 2650 1732 2720 populus
1787 2650 1842 2704 in
1900 2652 2098 2720 plateis

513 2740 695 2792 solum
724 2739 1099 2803 volutabatur,
1139 2739 1305 2809 inque
1336 2739 1529 2793 mortis
1579 2753 1769 2794 casses
1800 2740 1951 2794 omni
1984 2740 2104 2795 loco

509 2829 852 2884 incursabat.
907 2829 1001 2883 Vix
1033 2829 1181 2884 enim
1233 2831 1420 2899 pauci,
1453 2829 1744 2900 valdeque,
1780 2841 1840 2885 ut
1868 2846 1969 2902 par
1996 2843 2100 2896 est,

509 2936 744 2976 numero
779 2922 984 2996 exigui,
1041 2921 1096 2976 in
1133 2907 1461 2977 occidentali
1515 2937 1611 2977 ora
1654 2923 1844 2994 portus
1901 2941 2022 2981 sese
2073 2942 2104 2981 e

509 3014 687 3068 muris
729 3013 1084 3083 projicientes
1145 3013 1452 3084 periculum
1485 2999 1807 3070 evaserunt.
1863 3015 2099 3083 Quidam

2195 535 2290 582 τες
2327 520 2546 588 μικρὸν,
2575 518 2689 570 ὅσοι
2715 513 2809 569 τοῦ
2841 515 3016 586 δήμου
3061 514 3139 584 τῷ
3167 514 3320 584 τόπῳ
3345 513 3726 586 συνερρύησαν
3751 515 3796 580 ',

2196 611 2502 682 διήμαρτον
2567 610 2668 678 τῆς
2727 609 3166 680 ἐπιχειρήσεωςί
3205 607 3383 661 Μόνον
3413 607 3522 677 γὰρ
3580 607 3663 660 ὃτι
3695 608 3796 671 τὰς

2199 703 2376 765 πύλας
2391 702 2636 773 ἀλλήλων
2658 702 2972 771 διέστησαν,
2988 701 3085 754 καὶ
3101 699 3180 770 τῷ
3203 699 3317 769 ἰδίῳ
3339 698 3468 768 πιλή
3479 716 3610 768 ματι
3631 698 3806 752 πάλιν

2201 799 2258 850 ἐν
2290 797 2513 858 ἑαυταῖς
2549 795 2876 865 συνδραμεῖν
2905 793 2926 825 ³
2961 791 3131 854 αὑτὰς
3156 790 3587 860 κατηνάγκασαν
3609 807 3620 818 ·
3653 791 3804 843 οὑτω

2200 890 2257 943 δὲ
2289 889 2514 959 ἔχοντας
2536 888 2735 951 αὐτοὺς
2775 885 3179 947 καταλαόόντες
3205 885 3254 936 οι
3298 884 3584 953 δυσμενεῖς
3611 885 3808 938 οὑκέτι

2201 981 2324 1035 καθ’
2357 981 2455 1034 ενα
2500 983 2614 1044 τοῖς
2652 980 2864 1048 ξίφεσιν
2903 977 3166 1049 ἀνῄρουν,
3216 975 3335 1028 ἀλλ’
3361 975 3437 1039 ὡς
3497 974 3637 1030 εἶδον
3669 993 3806 1029 συν-

2201 1077 2570 1144 εσφιγμένους
2603 1071 2852 1141 ἀλλήλων
2879 1087 2939 1122 τε
2999 1069 3296 1140 ἐχομένους
3327 1070 3422 1122 καὶ
3452 1070 3810 1140 ἐκτραπῆναι

2206 1169 2280 1239 μὴ
2319 1165 2677 1235 δυναμένους,
2732 1163 2877 1216 κατὰ
2916 1162 3125 1234 κόρρης
3183 1163 3381 1225 αὐτοὺς
3417 1163 3530 1224 τοῖς
3587 1159 3809 1230 ξίφεσιν

2204 1259 2415 1322 ἔπαιον,
2444 1257 2518 1319 ὡς
2545 1255 2686 1326 μετὰ
2707 1255 2806 1324 τὴν
2831 1253 3048 1323 πληγὴν
3071 1253 3400 1323 διαιρεῖσθαι
3429 1251 3524 1306 τοῦ
3552 1269 3808 1324 προστυ-

2203 1353 2390 1422 χόντος
2416 1351 2516 1422 τὴν
2550 1348 2820 1418 κεφαλὴν,
2880 1345 2978 1399 καὶ
3009 1348 3119 1408 τοῖς
3150 1345 3360 1415 ὁμοίοις
3408 1344 3537 1416 τῇδε
3574 1346 3811 1398 κάκεῖσε

2203 1443 2274 1497 τὰ
2304 1444 2442 1514 μέρη
2479 1441 2840 1510 συμπίπτειν,
2880 1439 2976 1492 καὶ
3006 1437 3143 1507 μηδέ
3193 1436 3333 1508 μετὰ
3365 1437 3596 1490 θάνατον
3624 1439 3692 1508 τῇ
3729 1439 3810 1508 γῇ

2202 1537 2466 1598 δίδοσθαι,
2485 1532 2600 1588 ἀλλ’
2623 1533 2702 1586 ἐτι
2729 1529 3208 1602 παρακρατεῖσθαι
3235 1532 3348 1594 τοῖς
3375 1530 3586 1592 λοιποῖς
3613 1528 3814 1599 σώμα-

2207 1644 2312 1692 σιν,
2343 1627 2451 1688 ἕως
2481 1628 2701 1678 πάντων
2747 1623 3172 1695 ἀναιρεθέντων,
3205 1625 3298 1676 καὶ
3324 1621 3516 1692 ὥσπερ
3547 1620 3642 1674 τοῦ
3666 1622 3814 1678 uno?

2211 1719 2583 1792 στηρίζοντος,
2652 1720 2754 1788 τῆς
2795 1717 3054 1771 ἁπάντων
3109 1715 3255 1783 λέγω
3305 1715 3451 1784 ζωῆς
3481 1713 3813 1786 διαδράσης,

2210 1813 2445 1884 αἵματος
2476 1812 2725 1883 ἀλλήλων
2764 1809 3020 1879 καθάπερ
3053 1809 3147 1864 καὶ
3191 1810 3290 1880 τῆς
3323 1805 3582 1878 τελευτῆς
3610 1823 3814 1864 κοινω-

2209 1907 2478 1975 νήσαντα.

2280 1995 2392 2068 μα’.
2419 1995 2494 2050 Τὸ
2524 1995 2569 2049 δ’
2603 1995 2736 2049 αὑτὸ
2763 1992 2922 2046 τοῦτο
2956 1992 3052 2046 καὶ
3082 1991 3211 2063 περὶ
3245 1991 3348 2063 τὴν
3379 1991 3546 2060 ἄλλην
3603 2002 3818 2061 πυΑην,

2205 2091 2271 2159 ἢν
2301 2086 2528 2142 καλοῦσι
2556 2087 2807 2150 Λιταίαν,
2846 2083 3162 2156 πραχθῆναι
3198 2082 3420 2153 συνέϐη.
3464 2082 3665 2146 Καθὼς
3697 2083 3820 2152 γὰρ

2207 2184 2441 2254 ἔφαμεν,
2465 2181 2574 2235 τῶν
2595 2180 2770 2235 ἄλλων
2795 2179 2891 2242 τὰς
2923 2177 3020 2249 μὲν
3047 2177 3187 2246 πρὸς
3216 2176 3498 2230 θάλασσαν
3521 2177 3541 2208 ⁹
3571 2174 3820 2240 ἐξαγού-

2208 2294 2306 2338 σας
2329 2276 2486 2329 αὑτοὶ
2509 2260 2884 2350 προκατεῖχον
2901 2273 2951 2325 οἱ
2973 2272 3016 2303 ‘°
3046 2270 3345 2345 Βάρϐαροι,
3375 2269 3470 2333 τὰς
3501 2269 3558 2322 δέ
3583 2285 3646 2337 γε
3671 2269 3826 2340 πρὸς

2206 2369 2473 2440 ἀνατολὴν
2527 2347 2824 2439 ἀφορώσας
2861 2367 3022 2436 ἡμεῖς
3059 2363 3602 2435 προαποκλείσαντες
3636 2355 3820 2433 ἦμεν,

2204 2462 2306 2534 τὴν
2340 2460 2437 2515 τοῦ
2463 2461 2635 2532 πυρδς
2669 2457 2946 2530 μηχανὴν,
2986 2457 3054 2528 ἣν
3089 2455 3232 2510 κατά
3257 2454 3367 2508 τῶν
3411 2453 3518 2520 ἔξω
3545 2453 3641 2507 τοῦ
3669 2469 3821 2525 προ-

2205 2555 2562 2627 τειχίσματος
2616 2553 2804 2607 πυλῶν
2854 2549 3342 2621 προπεπόνθαμεν,
3377 2550 3472 2601 καὶ⁵
3522 2549 3580 2600 ἐν
3613 2547 3823 2610 αὑταῖς

2207 2647 2580 2720 ὑφορώμενοι,
2615 2645 2691 2710 ὡς
2718 2643 2908 2697 λοιπὺν
2932 2645 2997 2696 ἐκ
3031 2640 3240 2712 τούτων
3264 2639 3612 2710 πανταχόθεν
3666 2640 3820 2692 ἀπο-

2209 2743 2410 2815 ροῦντα
2436 2742 2526 2794 τὸν
2574 2739 2746 2811 δῆμον
2777 2737 2915 2817 πρὸς
2937 2735 3036 2806 τὴν
3063 2733 3244 2804 φυγὴν
3274 2733 3405 2804 περὶ
3452 2733 3552 2795 τὰς
3605 2731 3817 2816 ἀγυιὰς

2211 2824 2372 2908 μόνον
2400 2834 2663 2902 εἱλεῖσθαι
2689 2833 2782 2884 καὶ
2839 2826 3158 2898 ἁπανταχοῦ
3193 2827 3234 2859 ¹¹
3267 2826 3345 2896 τῷ
3385 2825 3600 2896 θανάτῳ
3627 2840 3816 2894 προσ.

2207 2931 2446 2983 πίπτειν.
2475 2925 2670 2997 Σχεδὸν
2712 2926 2820 2995 γὰρ
2857 2923 3050 2990 ὀλίγοι,
3093 2919 3187 2974 καὶ
3215 2919 3360 2981 λίαν,
3401 2918 3480 2981 ὡς
3521 2917 3682 2979 εἰκὸς,
3716 2917 3817 2968 εὑ-

2212 3022 2297 3092 ρίθ
2309 3038 2489 3094 μητοι,
2519 3019 2661 3072 κατὰ
2681 3017 2740 3072 τὸ
2764 3016 2986 3071 δυτικὺν
3015 3015 3180 3087 μέρος
3207 3012 3300 3066 τοῦ
3341 3011 3560 3082 λιμένος
3582 3011 3820 3089 ἑαυτοὺς

509 3107 674 3160 etiam
709 3107 798 3160 alii
835 3121 864 3160 e
889 3115 1047 3176 porta
1066 3092 1186 3176 qua!
1211 3107 1278 3161 ad
1306 3107 1608 3178 acropolint
1638 3109 1841 3179 (arcem
1870 3094 2101 3180 Scilicet)

2212 3114 2320 3167 τῶν
2368 3111 2567 3183 τειχῶν
2612 3111 3000 3166 ἀκοντίσαντες
3029 3106 3122 3159 τὸν
3174 3105 3418 3158 κίνδυνον
3445 3103 3838 3186 ὑπεξέφυγονί

510 3209 615 3265 cSI,
641 3213 765 3253 sese
798 3199 937 3253 clam
968 3199 1364 3263 subducentes,
1397 3215 1522 3255 cum
1561 3201 1794 3255 necdum
1819 3201 2102 3266 calamitas

514 3289 861 3360 appetiisset,
932 3289 1097 3345 saluti
1157 3292 1582 3358 consuluerunt.
1650 3292 1714 3345 Et
1763 3292 1816 3346 hi
1879 3292 2105 3349 fuerunt

513 3379 908 3436 Sclavenorum
961 3382 1154 3444 duces,
1191 3383 1440 3436 meditati
1479 3383 1658 3452 fugam
1713 3385 1888 3438 multo
1954 3397 2101 3453 ante,

512 3482 677 3542 atque
715 3480 997 3544 portarum
1029 3474 1244 3542 illarum
1288 3476 1470 3530 claves
1499 3491 1618 3542 eam
1649 3478 1702 3530 in
1745 3493 1859 3532 rem
1890 3481 2100 3550 pridem

513 3565 789 3620 suﬂ‘urati.
829 3565 982 3632 Quos
1011 3565 1416 3635 decebat,‘mali
1461 3568 1604 3634 mole
1635 3558 1902 3638 lnspccta,
1925 3572 2104 3626 cuitls

512 3659 721 3712 exitum
755 3657 1074 3727 permittere
1103 3674 1116 3710 :
1145 3659 1224 3714 sic
1252 3674 1490 3729 namque
1513 3661 1667 3714 multi
1689 3661 1763 3715 ibi
1794 3663 2101 3725 constituti,

514 3757 809 3818 antequam
823 3749 888 3803 ad
898 3739 1474 3814 ventassentBarbari,
1490 3753 1690 3807 czcdem
1711 3752 2102 3810 declinassent.

515 3837 582 3895 lii
617 3852 798 3895 tamen
857 3841 1288 3912 nihilejusmodi
1333 3842 1388 3896 in
1421 3843 1666 3909 animum
1707 3843 1902 3898 saltem
1941 3845 2105 3899 indu-

514 3946 645 3985 cere
675 3932 1063 3988 sustinuerunt
1098 3950 1111 3986 :
1149 3933 1243 3987 sed
1278 3933 1396 3988 suis
1431 3947 1650 4002 semper
1686 3935 1852 3990 rebus
1885 3938 2104 4019 prospi-

513 4022 748 4086 cientes,
777 4022 1114 4093 attentisque
1145 4023 1314 4076 animi
1341 4023 1653 4090 rationibus
1676 4027 1956 4094 quomodo
1975 4025 2106 4082 hinc

514 4128 740 4184 quoque
759 4115 1070 4185 periculum
1098 4132 1125 4170 a
1149 4133 1208 4172 se
1230 4118 1590 4188 depellerent,
1621 4103 1794 4191 portis
1818 4121 2103 4191 paululum

517 4205 829 4276 subapertis
863 4222 1032 4278 seque
1063 4218 1318 4278 prompte
1365 4209 1740 4266 subducentes
1791 4219 1960 4280 atque
2019 4211 2105 4265 di-

516 4295 679 4368 lapsi,
713 4311 825 4351 uno
850 4299 1088 4368 quodam
1115 4299 1189 4353 ibi
1221 4301 1441 4364 relicto,
1475 4301 1641 4377 546
1662 4303 1756 4373 qui
1812 4310 1867 4358 et
1905 4317 2107 4359 rursus

514 4388 756 4458 egressis
809 4388 922 4444 illis
974 4399 1162 4459 portas
1220 4391 1523 4455 clauderet,
1574 4393 1629 4446 in
1693 4407 1818 4446 eum
1881 4392 2104 4447 modum

2215 3204 2310 3258 καί
2332 3220 2477 3265 τινες
2501 3199 2651 3256 ἄλλοι
2683 3201 2782 3270 τῆς
2816 3197 2900 3270 [Ρ.
2925 3195 3052 3270 559]
3085 3195 3227 3250 κατὰ
3247 3195 3348 3264 τὴν
3375 3193 3676 3266 ἀκρόπολιν
3707 3192 3820 3245 1:6-

2213 3297 2312 3367 λης
2341 3295 2517 3366 λάθρα
2578 3291 3027 3362 ὑπεκδραμόντες
3082 3289 3191 3360 πρὸ
3226 3288 3322 3342 τοῦ
3375 3289 3474 3356 τὴν
3521 3287 3821 3356 συμφορὰν

2215 3388 2515 3473 ὑφεστάναι
2535 3385 2865 3439 διεσώσαντο
2887 3383 2986 3455 τὴν
3019 3383 3186 3453 ζωήν.
3207 3375 3368 3436 Οὗτοι
3391 3380 3450 3433 δέ
3468 3375 3609 3450 ῆσιν
3631 3381 3678 3431 οἱ
3703 3379 3820 3433 τῶν

2214 3472 2548 3552 Σκλαϐήνων
2569 3478 2886 3550 ἡγούμενοι,
2911 3475 3080 3543 πάλαι
3112 3475 3630 3546 προμελετήσαντες
3653 3472 3820 3526 τοῦτο

2217 3574 2311 3624 καὶ
2347 3571 2443 3633 τὰς
2476 3569 2695 3631 κλεῖδας
2739 3569 2848 3621 τῶν
2881 3565 3069 3621 πυλῶν
3099 3565 3324 3619 ἐκείνων
3347 3565 3817 3636 προῦφελόμενοι.

2215 3662 2324 3727 Οὓς
2347 3663 2441 3715 καὶ
2464 3661 2634 3731 ἐχρῆν
2657 3662 2720 3726 ’³,
2750 3661 2842 3714 καὶ
2869 3659 3058 3729 ᾁκμὴν
3085 3657 3182 3727 τοῦ
3206 3657 3380 3712 κακοῦ
3406 3659 3809 3728 θεασαμένους,

2215 3751 2382 3804 παντὶ
2427 3751 2507 3824 τῷ
2555 3749 2919 3832 προστυχόντι
2976 3747 3381 3821 παραχωρῆσαι
3434 3746 3534 3815 τὴν
3593 3747 3803 3812 ἔξοδον

2215 3845 2360 3900 οὑτω
2392 3844 2502 3916 γὰρ
2557 3843 2745 3897 πολλοὶ
2776 3842 2888 3896 τῶν
2919 3842 2965 3874 ⁸⁸
3000 3841 3190 3895 αὐτόθι
3237 3840 3538 3910 λαχόντων,
3575 3842 3687 3910 πρὸ
3719 3839 3817 3893 τοὺ

2215 3940 2344 4002 τοὺς
2374 3935 2690 4010 βαρϐάρους
2715 3934 2963 3989 ἐπελθεῖν
2989 3935 3054 3998 ³⁸,
3081 3933 3173 3988 τὸν
3194 3933 3425 3987 θάνατον
3451 3931 3820 3999 ὑπεξέκλιναν

2217 4032 2304 4086 ἄν.
2339 4031 2404 4084 Οί
2457 4029 2515 4083 δὲ
2572 4028 2817 4083 τοιοῦτον
2876 4029 2974 4100 μέν
3004 4027 3158 4081 οὑδέν
3212 4027 3332 4080 οὑδέ
3363 4027 3442 4098 είς
3472 4025 3600 4080 νοῦν
3624 4027 3820 4082 λαϐεῖν

2216 4123 2529 4195 ἠνέσχοντο·
2555 4121 2642 4176 ἀεὶ
2667 4123 2725 4177 δέ
2750 4122 2810 4175 τὸ
2840 4123 3040 4192 οἰκεῖον
3072 4119 3511 4198 προσορὼμενοι,
3538 4122 3632 4173 καὶ
3661 4120 3820 4181 ὅπως

2215 4204 2307 4272 τὸν
2331 4218 2578 4271 κίνδυνον
2596 4214 3016 4286 διακροὺσονται
3043 4215 3146 4270 κάν
3167 4197 3344 4285 τούτω
3361 4214 3818 4284 διασκεψάμενοι,

2216 4311 2316 4376 τὰς
2339 4311 2517 4373 πύλας
2546 4292 2741 4383 μικρὸν
2767 4308 3199 4379 παρανοίξαντες
3226 4311 3321 4362 καὶ
3342 4308 3439 4382 τὴν
3459 4309 3821 4384 ὑπεκδρομὴν

2216 4405 2402 4476 τομῶς
2429 4405 2817 4474 ποιησάμενοι,
2843 4403 2940 4455 ἕνα
2967 4403 3093 4456 τινὰ
3122 4403 3200 4474 τῷ
3226 4404 3378 4475 τόπῳ
3413 4385 3821 4468 καταλιπόντες

515 4481 763 4535 omnium
797 4482 965 4537 saluti
1001 4483 1246 4538 insidiati
1274 4493 1424 4549 sunt,
1461 4495 1591 4538 tunc
1622 4499 1842 4557 quoque
1885 4485 1939 4540 id
1977 4482 2101 4540 dolo

2220 4500 2356 4570 πρὸς
2382 4499 2442 4550 τὸ
2471 4500 2610 4568 μετὰ
2636 4498 2738 4567 τὴν
2777 4497 3006 4550 ἐκείνων
3047 4496 3228 4563 ἔξοδον
3277 4498 3372 4551 καὶ
3399 4496 3558 4561 αὖθις
3605 4497 3820 4571 ταύτας

516 4576 838 4637 commenti.
867 4591 977 4630 non
1011 4592 1070 4632 se
1094 4576 1279 4646 fugam
1311 4578 1473 4644 inire,
1502 4580 1594 4634 sed
1622 4583 1806 4650 potius
1832 4578 1897 4633 ad
1924 4581 2106 4635 socios

518 4666 891 4738 Strymonitas
942 4671 1328 4740 suscipiendos
1388 4675 1486 4744 (ita
1559 4676 1822 4728 nimirum
1875 4672 2107 4741 jubcntc

517 4760 772 4831 pratore)
805 4762 979 4817 exire.

588 5041 679 5096 42.
711 5040 822 5098 Nec
846 5045 1079 5099 multum
1111 5048 1376 5118 temporis
1401 5049 1816 5113 intercesserat,
1844 5065 1967 5105 cum
1988 5049 2113 5103 Bar-

517 5137 670 5192 baris
699 5139 910 5196 strictis
943 5138 1140 5208 gladiis
1190 5141 1242 5194 in
1277 5149 1466 5210 portas
1519 5142 1909 5211 ingruentibus
1947 5159 2109 5198 nemo

521 5229 664 5283 ultra
699 5237 820 5283 tuto
851 5232 933 5284 vel
972 5230 1168 5285 saltem
1199 5231 1348 5286 foras
1375 5231 1692 5301 prospicere
1720 5242 1952 5301 poterat,
1991 5244 2111 5286 tan-

521 5329 638 5375 tum
689 5321 846 5377 abest
877 5332 938 5377 ut
969 5323 1273 5392 periculum
1311 5335 1501 5398 posset
1533 5324 1723 5380 vitare.
1761 5322 1896 5378 Nam
1930 5336 1984 5380 et
2012 5342 2113 5395 ego

521 5415 640 5487 ipse
662 5429 789 5472 cum
824 5427 982 5487 patre
1009 5427 1065 5472 et
1089 5415 1378 5482 fratribus,
1413 5433 1554 5488 quos
1584 5419 1724 5475 duos
1752 5428 1908 5474 aetate
1927 5420 2114 5488 junio—

2219 4590 2567 4660 συγκλεῖσαι,
2593 4577 2736 4642 οὖτω
2758 4591 2856 4661 τῆς
2885 4589 3108 4658 πᾴντων
3133 4589 3602 4644 ἐπεϐουλεύσαντο
3633 4608 3822 4663 σωτη-

2221 4689 2342 4760 ρίας
2367 4690 2462 4742 καὶ
2495 4689 2641 4754 τότε,
2678 4687 2950 4763 πρόφασίν
2974 4704 3094 4747 τινα
3134 4685 3312 4739 δολίαν
3338 4686 3703 4757 πλασάμενοι,
3741 4673 3821 4750 ὥς

2217 4781 2279 4832 οὑ
2308 4780 2445 4858 πρὸς
2487 4780 2666 4850 φυγὴν
2697 4779 3080 4850 ἐκτρέπονται,
3124 4778 3261 4863 πρὸς
3291 4778 3638 4849 ὑποδοχὴνδέ
3671 4764 3811 4848 μᾶλᾲ

2214 4873 2306 4924 λον
2368 4872 2477 4924 τῶν
2526 4870 2910 4942 Στρυμονιτῶν
2970 4870 3298 4940 συμμάχων,
3351 4870 3448 4926 τοῦ
3499 4873 3819 4944 στρατηγοῦ

2213 4962 2376 5034 δῆθεν
2415 4961 2575 5030 τοῦτο
2608 4962 3032 5037 προστάξαντος.
3183 4945 3188 4956 ’

2266 5039 2270 5042 ’
2297 5054 2406 5130 μβ’.
2448 5058 2524 5110 Οὐ
2556 5055 2692 5108 πολὺ
2719 5055 2777 5108 δὲ
2802 5056 2860 5108 τὸ
2891 5057 2948 5106 ἐν
2983 5055 3156 5125 μέσῳ,
3189 5055 3283 5108 καὶ
3315 5055 3568 5128 ξιφήρεις
3593 5057 3646 5110 οἱ
3681 5057 3821 5129 βάρ-

2219 5149 2378 5220 ϐαροι
2412 5151 2532 5211 ταῖς
2557 5147 2756 5210 πύλαις
2786 5147 3118 5226 ἐπέστησαν,
3147 5148 3239 5200 καὶ
3269 5147 3451 5200 οὑκέτι
3491 5148 3722 5202 δυνατὸν
3745 5144 3818 5220 ἦν

2218 5243 2338 5296 οὐδὲ
2371 5240 2714 5312 προσϐλέψαι
2750 5243 2911 5310 μόνον
2956 5242 3113 5306 ἐκτὸς
3143 5242 3446 5305 ἀκινδύνως
3475 5243 3619 5307 τινὰ,
3653 5245 3817 5313 μήτοι

2221 5351 2284 5403 γε
2314 5332 2408 5386 τὸν
2436 5331 2684 5386 κίνδυνον
2715 5332 3008 5397 ὑπαλύξαι.
3067 5332 3242 5402 Κάγὼ
3271 5333 3380 5406 γὰρ
3409 5334 3574 5397 αὐτὸς
3605 5335 3707 5388 σὺν
3742 5336 3826 5406 τῷ

2223 5425 2394 5494 πατρὶ
2423 5425 2514 5477 καὶ
2549 5426 2661 5488 τοῖς
2683 5425 2935 5494 ἀδελφοῖς
2967 5425 3082 5495 (δύο
3109 5426 3166 5479 δέ
3201 5425 3294 5496 μοί
3330 5428 3472 5479 είσιν
3497 5421 3648 5483 οὗτοι
3681 5407 3833 5482 νεώέ

1828 5606 2061 5663 νΑιιυΕ
2103 5603 2516 5664 ιιιοτιοκεε.

593 5722 973 5811 {possm}.
1089 5725 1460 5811 covfér‘ofuqa'v
1499 5725 1564 5782 Α.
1630 5729 1650 5760 ⁸
1688 5727 2008 5796 συνδραμεῖν
2049 5725 2107 5792 Ρ,
2165 5727 2185 5756 ’
2218 5723 2446 5790 θάνατον
2471 5722 2535 5791 Av.
2581 5723 2622 5753 ¹⁰
2651 5723 2700 5776 οἱ
2727 5737 2840 5780 om.
2870 5722 2929 5776 Ρ.
2965 5724 3043 5778 ιιι
3075 5725 3350 5798 πανταχοῦ
3381 5726 3447 5782 Α.
3484 5728 3527 5759 ⁸⁸
3545 5726 3718 5811 ἐχρῆν
3741 5729 3812 5787 Α.

523 5788 568 5824 ⁸³
597 5788 705 5848 τῶν
746 5810 858 5852 om.
889 5794 951 5850 P.
1015 5799 1059 5829 “
1086 5788 1341 5858 ἀπελθεῖν
1369 5796 1476 5859 AP.
