4094 6420
475 336 575 396 589

1569 336 1661 393 DE
1696 335 2008 395 EXCIDIO
2048 334 2666 394 THESSALONH‘JE.

3634 329 3716 386 ᾖα(

3629 371 3660 389 (Ι
3684 371 3727 389 II.

478 449 575 501 τῶν
606 446 831 497 ὀδόντων
864 446 1005 497 συῶν
1028 446 1184 516 δίκην
1208 446 1270 498 τὸ
1298 444 1527 516 μανικὸν
1552 447 1958 515 ἐνδεικνύμενοι
1977 446 2041 497 ³⁵.

2151 445 2306 498 tium.
2344 445 2596 511 Cumque
2652 445 2706 497 in
2754 445 2937 496 locum
2992 444 3312 506 venissent,
3364 458 3462 499 eos
3496 446 3730 515 primum

481 537 819 607 Ἑφεστῶτες
850 537 944 590 οὖν
982 538 1059 606 τῷ
1092 539 1244 608 τόπῳ
1293 538 1510 609 πρῶτον
1560 541 1684 601 τοὺς
1737 540 1856 608 μεθ’
1884 538 2043 608 ἡμῶν

468 630 913 700 ὑποστρέψαντας
941 630 1049 683 ἀπὸ
1076 631 1172 698 τῆς
1212 630 1321 683 τῶν
1353 631 1535 683 πυλῶν
1576 631 1884 700 κακούργου
1916 648 2045 698 συγ-

466 721 748 782 κλεξςεως,
782 720 947 773 αὑτοῦ
992 738 1093 773 που
1144 722 1295 791 παρὰ
1330 721 1395 774 τὸ
1445 725 1624 793 τεῖχος
1674 722 2039 791 εἰλουμένους,

462 814 579 873 τοῖς
610 810 820 878 ξίφεσιν
848 811 1074 872 ἐκείνοις
1105 810 1530 880 διεχειρίσαντο”
1561 805 1640 872 οἷς
1672 812 1822 863 οὐδὲν
1844 808 1911 880 ἦν
1938 812 2043 881 πρὸ

463 900 655 952 τούτου
690 900 852 952 πλέον
881 900 1177 971 μελετηθέν
1202 901 1235 969 ἦ
1268 904 1426 970 μόνον
1453 905 1517 971 τῇ
1546 903 1696 973 δεξιᾷ
1723 904 1814 955 τοῦ
1846 904 2042 973 δημίου

461 992 554 1046 τὸν
603 994 805 1061 αὐχένα
846 992 1065 1061 ὑπέχειν
1116 994 1208 1043 καὶ
1242 993 1377 1062 πρὸς
1427 991 1524 1062 τὴν
1555 995 1729 1063 τομὴν
1768 993 2042 1062 σχηματί-

462 1083 679 1148 ζεσθαι.
728 1086 836 1135 Καὶ
882 1079 949 1153 ἦν
1010 1083 1135 1135 ἰδεῖν
1178 1083 1239 1135 τὸ
1291 1086 1665 1153 πραττόμενον
1723 1085 2067 1163 ἐκπλήξεως.

460 1180 651 1246 γέμον.
698 1179 759 1230 ΕΞ
790 1178 899 1246 γὰρ
933 1178 1013 1247 τῷ
1038 1179 1283 1231 εύπειθεῖ
1324 1178 1416 1231 τοῦ
1455 1180 1645 1232 ἑαυτὸν
1673 1178 1718 1211 ³⁸
1754 1179 2041 1249 προδόντος

463 1272 558 1323 καὶ
589 1272 723 1339 πρὸς
764 1271 856 1323 τὸν
909 1270 1138 1323 θάνατον
1177 1270 1559 1333 ύποκλίνοντος
1609 1271 1638 1323 ὁ
1678 1271 1873 1338 φονεὺς
1904 1284 2036 1323 κατ-

460 1363 649 1429 ενύγη,
681 1365 901 1432 καιρίαν
958 1364 1103 1428 ἄγων
1138 1365 1334 1417 θᾶττον
1365 1364 1526 1417 αὑτὸν
1571 1364 1680 1417 τῶν
1728 1364 2040 1433 ἀλγηδόνων

461 1456 833 1521 ἀπήλλαττεν*
876 1457 924 1508 εἰ
972 1456 1030 1507 δὲ
1070 1456 1144 1526 μὴ
1191 1457 1473 1525 ἐμαλάχθη
1525 1455 1623 1524 τὴν
1662 1455 1865 1524 λιθώδη
1900 1472 2039 1525 acap-

459 1548 599 1605 δίαν,
629 1547 744 1602 ἁλλ’
771 1547 963 1617 ἤθελεν
998 1549 1271 1618 ὲντρυφᾷν
1300 1548 1401 1617 τῆς
1448 1548 1668 1617 μανίας,
1701 1547 1902 1616 μᾶλλον
1928 1550 2040 1609 τοῖς

459 1638 568 1690 τῶν
600 1637 686 1709 [Ρ.
724 1637 1128 1708 555],ἁλόντων
1166 1638 1482 1708 ἀτυχήμασι
1510 1638 1602 1690 τὸν
1634 1637 1806 1707 θυμὸν
1836 1638 2036 1705 διεγεί-

464 1748 594 1800 ρων,
652 1729 880 1799 μεληδδν
944 1730 1207 1800 κατῄκιζε
1260 1730 1322 1781 τὸ
1377 1729 1684 1799 προστυχὸν
1736 1729 1895 1799 σῶμα
1945 1732 2041 1783 καὶ

2151 534 2540 588 contrucidaut
2564 534 2657 608 qui
2688 534 2760 587 ibi
2789 549 2956 604 prope
2985 549 3199 587 murum
3232 536 3509 590 convoluti
3544 552 3573 588 ο
3605 552 3733 605 por-

2152 626 2224 680 tis
2271 627 2513 695 maligno
2546 628 2895 697 nocendique
2924 627 3157 682 consilio
3188 629 3397 682 clausis
3430 630 3722 684 nobiscum

2153 717 2359 772 reversi
2390 725 2567 783 erant,
2596 718 2798 787 quibus
2826 719 3035 771 scilicet
3073 718 3210 771 nihil
3242 720 3391 773 aliud
3436 734 3581 773 cura:
3609 719 3732 775 fue—

2153 818 2237 862 rat
2268 824 2433 878 quam
2465 816 2521 861 ut
2553 810 2732 864 solum
2779 809 2989 863 lictoris
3019 810 3254 863 dextera:
3283 812 3482 865 collum
3524 826 3729 881 suppo-

2152 910 2365 966 uerent,
2410 918 2582 971 seque
2615 911 2764 957 motu
2816 913 3085 974 gestuque
3134 906 3382 973 (οι-ρούς
3416 906 3545 959 ictui
3580 909 3730 959 exei-

2152 996 2350 1064 piendo
2382 1006 2655 1065 aptat-ent.
2694 999 2771 1051 Ac
2809 998 2994 1051 videre
3023 1007 3140 1052 erat
3171 1014 3281 1053 rem
3315 1000 3558 1068 stuporis
3594 1000 3719 1052 hor-

2152 1089 2406 1158 rui-isque
2436 1090 2669 1158 plenam.
2711 1089 2767 1143 Si
2795 1092 2937 1143 enim
2975 1090 3240 1153 sicarius,
3272 1091 3523 1145 dedentis
3559 1106 3616 1144 se
3652 1101 3732 1142 at~

2150 1194 2258 1247 que
2309 1180 2374 1232 ad
2429 1195 2619 1235 necem
2676 1181 2997 1233 inclinantis
3055 1181 3391 1250 obsequendi
3449 1181 3729 1241 facilitate,

2153 1272 2469 1326 miserantis
2495 1272 2607 1326 ullo
2636 1286 2800 1327 sensu
2828 1272 3057 1327 aﬂ‘eetus
3083 1281 3229 1328 esset
3262 1284 3427 1342 atque
3459 1288 3730 1341 compun-

2149 1368 2296 1426 ctus,
2334 1362 2532 1417 lethale
2562 1364 2760 1418 vulnus
2793 1365 3017 1433 ndigens
3049 1380 3170 1418 eum
3202 1380 3229 1416 a
3265 1366 3545 1419 doloribus
3574 1365 3730 1419 ocius

2154 1452 2420 1505 liberabat
2454 1469 2468 1507 :
2505 1452 2592 1507 sin
2624 1453 2809 1508 minus
2855 1468 3078 1507 saxeum
3111 1468 3206 1507 cor
3222 1453 3523 1507 emollitum
3560 1468 3726 1511 esset.

2152 1542 2249 1597 sed
2294 1558 2498 1597 vesana
2534 1558 2593 1599 se
2648 1546 2802 1600 rabie
2859 1545 3134 1600 oblectare
3180 1548 3387 1609 mallet,
3435 1558 3722 1618 captorum

2153 1634 2476 1690 infortuniis
2504 1636 2746 1691 furorem
2764 1637 2985 1706 gravius
3003 1638 3272 1698 excitans,
3293 1640 3515 1692 obvium
3540 1656 3727 1709 quem-

2152 1741 2259 1793 (δυο
2300 1726 2647 1781 membratim
2683 1729 2925 1782 credebat
2982 1742 3045 1782 ac
3079 1729 3497 1793 dehonestabat,
3532 1733 3729 1784 nialta-

461 1822 673 1875 πολλῶν
704 1821 952 1875 θανάτων
987 1823 1161 1891 φορὰν
1195 1824 1254 1874 ὲν
1291 1822 1391 1891 μιᾷ
1426 1822 1689 1891 συμφορᾷ
1715 1820 1794 1890 τῷ
1824 1821 2041 1892 δειλαίῳ

2149 1834 2379 1889 rumque
2406 1819 2623 1874 necium
2655 1820 2763 1873 vim
2793 1836 2900 1874 una
2920 1820 2973 1875 in
2998 1822 3306 1876 calamitate
3342 1824 3543 1877 misero
3573 1825 3728 1878 adhi-

462 1914 995 1995 xapsixsre..096év
1050 1914 1105 1966 δὲ
1154 1914 1342 1983 ἓτερον
1396 1910 1464 1984 ἦν
1522 1913 1742 1967 ἀκούειν
1789 1916 1847 1967 ἐν
1902 1915 2044 1967 οὕτω

464 2007 790 2077 παμπληθεῖ
818 2007 914 2059 καὶ
965 2004 1380 2076 πολυανβρὼπῳ
1420 2005 1596 2077 δήμῳ,
1636 2006 1751 2060 ἀλλ’
1791 2007 1824 2075 ἢ
1882 2006 2043 2075 μόνον

458 2099 554 2150 τὸν
582 2097 851 2167 συριγμὸν
870 2097 978 2150 τῶν
1009 2094 1178 2165 ξιφῶν
1204 2098 1297 2151 καὶ
1319 2097 1429 2150 τῶν
1458 2096 1554 2150 τοῦ
1578 2097 1810 2167 αἵματος
1838 2097 2042 2166 ὀχετῶν

458 2191 559 2259 τὴν
596 2192 733 2258 μετὰ
759 2188 879 2257 βίας
912 2188 1159 2258 ἕκρυσιν.

535 2278 652 2349 μετ’.
701 2281 774 2332 Ού
808 2279 940 2332 πολὺ
970 2280 1026 2332 δὲ
1065 2280 1127 2333 τὸ
1170 2282 1227 2333 ὲν
1261 2280 1433 2351 μέσῳ,
1470 2280 1563 2334 καὶ
1600 2281 1803 2343 πάντες
1834 2282 2043 2334 ἔκειντο

453 2374 637 2442 θέαμα
672 2372 882 2425 πολλῶν
912 2371 1162 2442 ὀδυρμῶν
1198 2372 1293 2425 καὶ
1321 2372 1536 2443 θρήνων
1568 2372 1811 2437 ἐπάξιον.
1859 2372 1946 2435 Ὠς
1985 2373 2043 2426 δὲ

454 2468 551 2519 καὶ
585 2465 718 2536 πρὸς
744 2467 893 2536 ἡμᾶς
930 2464 1163 2534 ἔφθανεν
1188 2467 1221 2535 ἡ
1258 2466 1398 2535 τομὴ
1437 2465 1539 2536 (τῷ
1568 2466 1740 2536 τείχει
1767 2465 1877 2536 γὰρ
1902 2460 2042 2517 εἶδον

456 2558 922 2627 συγκεκυφὸτας),
947 2557 1284 2628 ἐφώρμησαν
1306 2556 1652 2626 ὁμοθυμαδὸν
1677 2558 1928 2628 καθάπερ
1961 2556 2041 2619 εἴς

453 2670 509 2704 τι
530 2652 817 2721 πρόχειρον
833 2651 1076 2720 θήραμα.
1094 2651 1399 2713 Φθὰσαντες
1419 2650 1476 2703 δὲ
1499 2650 1725 2720 πλησίον
1744 2650 1841 2721 τὴν
1865 2651 2043 2722 ὁρμὴν

454 2745 716 2813 ἐπέσχον.
755 2739 863 2795 Ἦν
893 2744 1002 2813 γὰρ
1049 2742 1076 2792 ὁ
1120 2741 1309 2811 ῥηθεὶς
1348 2744 1408 2795 ὲν
1458 2742 1537 2809 τῷ
1576 2743 1777 2809 μεταξὺ
1810 2742 2038 2812 πύργος,

451 2840 525 2892 δι’
550 2835 611 2891 οὗ
649 2836 877 2890 διελθεῖν
918 2835 1144 2904 ἔμελλον
1180 2836 1273 2889 καὶ
1322 2835 1457 2904 πρὸς
1496 2837 1643 2905 ἡμᾶς
1675 2836 1951 2904 γενέσθαι,
1984 2837 2043 2898 ὃς

460 2932 629 2984 πάλαι
664 2925 731 3000 ἦν
763 2930 823 2982 τὸ
854 2930 1048 2995 ἔδαφος
1088 2928 1235 2982 ἆπαν
1277 2927 1455 2991 ξύλοις
1487 2929 1855 2998 ὲστρωμένος,
1888 2929 2043 2982 ἅτινα

454 3024 536 3091 τῷ
594 3023 773 3092 χρόνῳ
814 3019 1059 3073 σαπέντα
1104 3019 1199 3071 καὶ
1239 3018 1643 3088 διαρρεύσαντα
1678 3020 1779 3071 οὐκ
1823 3021 2041 3088 ἀσφαλῆ

456 3120 724 3185 παρεῖχον
754 3115 854 3183 τὴν
892 3112 1103 3166 ἐκεῖθεν
1129 3111 1382 3163 διάϐασιν
1404 3127 1419 3142 ·
1450 3109 1545 3164 δύο
1571 3110 1680 3181 γὰρ
1718 3111 1853 3181 μόνα
1899 3112 2044 3164 κατὰ

456 3208 628 3277 μέσον
672 3206 803 3269 ξύλα
837 3202 1251 3274 ἐναπῃώρηντο,
1296 3202 1363 3255 δι’
1389 3195 1465 3255 ὧν
1500 3203 1550 3255 οἱ
1601 3203 1804 3272 ταύτην
1835 3204 2043 3273 διερχό-

455 3314 615 3370 μενοι
643 3298 955 3367 ὑπότρομον
988 3296 1087 3366 τὴν
1114 3297 1350 3368 πάροδον
1389 3296 1736 3367 ἐπεποίηντο.
1770 3296 1843 3349 Τὸ
1874 3298 2041 3366 ἀμφί-

454 3406 708 3459 κρημνον
762 3387 853 3441 οὖν
893 3388 988 3440 τοῦ
1044 3388 1398 3451 κινδυνὼδους
1431 3388 1598 3442 τόπου
1638 3388 1949 3451 κατιδόντες
1994 3389 2043 3441 οἱ

459 3481 744 3552 Βαρὸαροι
780 3481 1071 3548 ἐφώρασαν
1112 3480 1184 3547 μή
1215 3497 1329 3542 πως
1361 3480 1404 3510 ³⁷
1431 3481 1490 3533 ἐν
1532 3480 1685 3549 μέσῳ
1730 3478 1837 3531 τῶν
1870 3480 2042 3543 ξύλων

450 3574 770 3641 γενομένων
796 3572 971 3623 αὐτῶν
1002 3571 1048 3601 ³³
1069 3569 1321 3640 λάθωμεν
1352 3571 1706 3640 τεχνάσματα
1736 3572 1783 3603 ³⁷
1815 3588 2043 3638 πεποιηο

453 3667 615 3727 κότες
662 3665 791 3716 εἴσω
841 3663 935 3715 τοῦ
972 3662 1182 3730 πύργου
1228 3662 1323 3715 καὶ
1361 3663 1767 3731 κρημνισθῆναι
1817 3662 2041 3724 τούτους

460 3755 991 3825 παρασκευάσωμεν,
1052 3757 1133 3817 εἰς
1197 3754 1330 3822 ὕψος
1376 3756 1693 3824 ἐπηρμένου
1755 3746 1890 3809 πολὺ
1948 3756 2041 3808 καὶ,

457 3849 701 3918 χαλεπὴν
732 3848 830 3916 τὴν
857 3848 1060 3899 πτῶσιν
1096 3847 1543 3910 ἐπαπειλοῦντος.
1586 3847 1757 3900 Τοῦτο
1789 3848 1844 3899 δὲ
1878 3850 1905 3899 ὁ
1934 3848 2043 3900 τῶν

470 3941 784 4008 θαυμασίων
820 3940 951 3999 Θεὸς
982 3942 1100 4001 ταῖς
1131 3938 1312 3991 αὐτῶν
1341 3938 1602 4000 διανοίαις
1644 3938 1916 3991 ύπέδαλεν
1940 3954 1952 3965 ·
1993 3943 2039 3991 εἰ

473 4035 575 4100 γὰρ
598 4033 710 4103 ἅμα
735 4032 815 4103 τῷ
856 4034 990 4101 πρὸς
1033 4033 1180 4100 ἡμᾶς
1214 4029 1473 4097 γενέσθαι
1510 4032 1691 4102 τομῶς
1722 4033 1821 4102 τῆς
1850 4032 2027 4085 διαδά-

458 4143 595 4187 σεως
646 4125 1096 4193 κατετόλμησαν,
1150 4123 1304 4176 οὐδὲν
1347 4119 1513 4195 ἦττον
1559 4125 1653 4177 καὶ
1715 4126 1874 4195 ἡμεῖς
1928 4125 2039 4178 τῶν

452 4218 725 4287 κειμένων
755 4216 844 4269 τὸν
872 4216 991 4267 δλεθ
1003 4232 1095 4283 ρον
1129 4214 1498 4285 ὑπεμένομεν.
1533 4216 1646 4284 Τῆς
1674 4217 1870 4285 σχολῆς
1899 4216 2040 4279 τέως

451 4307 554 4370 τῆς
585 4307 630 4339 ⁸⁸
662 4308 774 4359 τῶν
812 4307 1090 4375 λογισμῶν
1142 4306 1323 4359 αὐτῶν
1356 4306 1700 4379 διαιρέσεως,
1731 4308 1826 4360 τοῦ
1871 4309 2036 4376 φόϐου

448 4403 553 4463 τὰς
578 4399 757 4470 ψυχὰς
786 4400 1015 4459 ἕκαστος
1050 4398 1207 4468 ἡμῶν
1229 4400 1619 4469 περιάραντες,
1648 4400 1700 4452 ετ
1722 4418 1773 4452 τι
1808 4403 1901 4453 καὶ
1929 4400 2037 4453 δέοι

2071 3164 2113 3220 C

2147 1910 2328 1964 bebat.
2362 1910 2473 1966 Nec
2521 1912 2574 1966 in
2627 1921 2736 1966 tam
2774 1913 2997 1966 immani
3028 1929 3090 1967 ac
3121 1915 3343 1983 cepiosa
3378 1917 3727 1971 multitudine

2147 2001 2294 2055 aliud
2323 2003 2519 2057 audire
2574 2011 2714 2069 erat,
2760 2020 2925 2074 quam
2962 2006 3312 2062 solummodo
3340 2010 3556 2063 ensium
3597 2012 3727 2064 stri-

2146 2092 2334 2148 dorem
2362 2109 2426 2149 ac
2459 2096 2702 2150 rivorum
2727 2098 3011 2167 sanguinis
3047 2100 3251 2170 impetu
3279 2101 3571 2158 detinentis
3618 2104 3728 2157 fra-

2146 2198 2357 2253 gorem.

2215 2276 2299 2331 46.
2329 2276 2421 2330 Sic
2448 2278 2775 2335 brevissimo
2802 2288 3043 2351 tempore
3072 2283 3328 2352 prostrati
3354 2300 3545 2339 omnes
3565 2285 3722 2356 551

2141 2369 2422 2437 jacebant,
2456 2372 2752 2425 multarum
2810 2377 3177 2443 lacrymarum
3237 2392 3301 2431 ac
3362 2378 3607 2431 luctuum
3647 2381 3727 2433 di-

2144 2480 2309 2533 gnum
2346 2465 2505 2534 plane
2541 2467 2939 2535 spectaculum.
2978 2466 3077 2521 Ubi
3117 2478 3298 2524 autem
3334 2470 3540 2527 nostris
3594 2488 3731 2543 quo-

2145 2571 2251 2624 que
2302 2557 2571 2626 capitibus
2633 2560 2786 2613 ensis
2852 2560 2965 2625 jam
3031 2562 3381 2631 impendebat
3451 2565 3727 2635 (viderant

2145 2648 2291 2701 enim
2325 2664 2355 2703 e
2402 2664 2559 2719 muro
2618 2654 3081 2723 prospectantes).
3139 2656 3285 2709 velut
3343 2657 3410 2711 ad
3479 2671 3724 2727 paratam

2147 2738 2383 2805 praedam
2421 2741 2712 2794 unanimes
2764 2742 3064 2795 irrucruut.
3128 2741 3229 2797 Ubi
3293 2756 3471 2799 tamen
3506 2751 3728 2818 propius

2145 2828 2541 2891 accessissent,
2609 2829 2871 2899 impetum
2930 2833 3258 2899 reprimunt.
3329 2833 3505 2888 Media
3551 2839 3724 2897 enim,

2144 2937 2309 2989 quam
2364 2921 2633 2983 dicebam,
2676 2922 2963 2991 interjecta
3028 2925 3222 2985 turris,
3274 2939 3336 2978 ac
3368 2941 3473 2995 qua
3524 2929 3591 2980 ad
3626 2944 3727 2983 nos

2146 3013 2362 3067 venturi
2401 3021 2558 3067 erant
2594 3029 2656 3067 ac
2687 3017 3002 3082 transituri,
3038 3024 3106 3070 ‘ca
3139 3018 3374 3081 ratione,
3416 3021 3563 3089 quod
3594 3022 3722 3075 olim

2149 3120 2312 3160 omne
2345 3106 2716 3175 pavimentum
2744 3106 2907 3176 lignis
2932 3115 3272 3161 constratum
3304 3118 3547 3179 tempore
3577 3127 3726 3167 com-

2148 3205 2436 3267 putruerat
2492 3212 2557 3251 ac
2596 3198 2929 3264 diﬁluxerat,
2986 3199 3130 3253 haud
3168 3210 3287 3254 tuto
3318 3203 3441 3256 inde
3493 3206 3731 3259 transire

2146 3290 2362 3345 sinebat
2397 3306 2410 3342 :
2449 3290 2558 3346 duo
2588 3293 2733 3344 enim
2770 3292 3039 3345 duntaxat
3085 3293 3230 3363 ligna
3282 3295 3336 3348 in
3377 3296 3559 3352 medio
3590 3314 3724 3367 pcn-

2146 3385 2273 3437 dula
2337 3384 2480 3437 viam
2548 3385 2839 3438 tremulam
2899 3388 3319 3443 transeuntibus
3386 3391 3724 3445 sternebant.

2147 3475 2478 3530 Periculose
2523 3479 2708 3545 itaque
2759 3476 2857 3530 viai
2908 3478 3077 3547 gradu
3140 3482 3399 3551 utrinque
3450 3484 3728 3553 prmeipim

2147 3570 2573 3639 circumspecto,
2634 3570 2857 3627 Barbari
2920 3575 3070 3628 anxii
3127 3575 3299 3627 animi
3360 3577 3601 3645 agitare,
3662 3594 3728 3630 ιιιε

2148 3660 2285 3715 forte
2323 3662 2451 3716 dum
2484 3665 2539 3717 in
2575 3666 2846 3734 lignorum
2888 3668 3067 3721 medio
3101 3668 3505 3732 constitissent,
3538 3681 3725 3725 nostra

2148 3755 2326 3823 aliqua
2368 3753 2421 3807 in
2471 3764 2623 3809 turre
2668 3756 2862 3811 fraude
2908 3760 3216 3828 prmeipites
3249 3770 3565 3829 agerentur,
3600 3779 3723 3817 cum

2146 3848 2313 3899 altius
2349 3848 2525 3901 elatus
2570 3848 2724 3902 locus
2764 3848 2975 3901 tristem
3032 3851 3245 3904 ruinam
3307 3855 3629 3907 minaretur.
3668 3853 3724 3906 Id

2145 3951 2274 3989 vero
2300 3938 2516 3990 consilii
2574 3952 2755 3991 rerum
2791 3937 3247 3993 admirandarum
3311 3940 3451 3996 Deus
3502 3944 3724 3997 illorum

2144 4028 2347 4080 animis
2396 4028 2649 4097 ingessit.
2687 4029 2742 4081 Si
2773 4033 2919 4083 enim
2962 4032 3153 4084 statim
3198 4040 3256 4085 ut
3309 4034 3487 4087 locum
3532 4036 3728 4105 attige-

2144 4125 2297 4181 runt,
2349 4120 2499 4173 nulla
2536 4135 2687 4175 mora
2743 4135 2853 4190 quo
2914 4122 3146 4176 ruebant
3200 4124 3410 4193 impetu
3465 4128 3730 4182 audacius

2146 4214 2495 4277 transissent,
2528 4212 2664 4267 nihil
2702 4214 2887 4267 minus
2911 4206 3336 4285 czesis‘reliquis
3372 4234 3473 4273 nos
3506 4236 3726 4290 quoque

2144 4305 2263 4358 dira
2310 4320 2441 4361 nece
2494 4305 2691 4359 sublati
2735 4320 3001 4359 essemus.
3042 4306 3177 4358 Dum
3222 4309 3367 4361 enim
3401 4310 3473 4362 illi
3530 4312 3724 4366 incerti

2144 4399 2474 4464 deliberant,
2498 4399 2704 4468 quique
2732 4407 2982 4453 nostrum
3007 4414 3070 4451 ex
3103 4410 3248 4453 metu
3286 4403 3566 4470 paululum
3597 4420 3729 4458 con-

450 4494 720 4563 πράττειν
752 4491 830 4561 τῷ
862 4490 1043 4561 καιρῷ
1081 4491 1352 4561 χρήσιμον
1386 4494 1505 4553 ταῖς
1542 4493 1706 4562 φρεσὶ
1738 4509 2029 4561 κατεμερι·

2147 4493 2503 4557 viviscentes,
2551 4493 2681 4561 quid
2738 4493 2792 4546 in
2847 4506 2960 4546 rem
2996 4501 3242 4547 nostram
3276 4510 3373 4563 per
3409 4510 3507 4551 eas
3548 4514 3723 4569 angu-

448 4584 684 4655 ζόμεθα.
733 4586 819 4649 Ὠς
865 4585 960 4637 οὖν
998 4582 1146 4653 εἶχον
1179 4583 1292 4650 ἐγὼ
1315 4584 1514 4653 τάχους
1552 4584 1909 4655 ἀναπηδήσας
1943 4584 2036 4637 καὶ

448 4678 691 4731 θανάτου
724 4679 1146 4748 καταφρονήσας
1200 4676 1293 4729 καὶ
1331 4676 1455 4747 μηδ’
1513 4677 1596 4730 δτι
1641 4678 1782 4730 κατὰ
1829 4678 2036 4751 κόρρης

447 4770 726 4839 ἐφέστηκε
757 4770 816 4822 τὸ
842 4771 1109 4839 παράπαν
1133 4772 1212 4832 εις
1236 4769 1362 4821 νοῦν
1413 4770 1662 4838 θέμενος,
1706 4771 1830 4822 κατ’
1865 4770 2038 4840 αὐτὴν

446 4862 749 4932 γενόμενος
795 4863 890 4915 τοῦ
922 4863 1135 4932 πύργου
1166 4861 1267 4930 τὴν
1314 4862 1517 4916 εἴσοδον
1552 4862 1780 4933 ἔμελλον
1815 4862 1901 4916 διὰ
1926 4864 2037 4915 τῶν

447 4953 628 5017 ξύλων
680 4953 814 5023 πρὸς
867 4955 995 5016 τοὺς
1031 4953 1351 5025 Βαρϐἀρους
1394 4956 1613 5025 χωρεῖν.
1661 4956 1722 5006 Οἱ
1751 4954 1796 5006 δ’
1848 4955 2042 5025 ἐπειδὴ

443 5044 595 5099 οὕτω
622 5063 691 5113 με
740 5045 1058 5115 θαρσαλέως
1101 5047 1239 5115 πρὸς
1288 5046 1485 5108 αὐτοὺς
1512 5046 1758 5098 κατεῖδον
1799 5048 2036 5116 αὐτομο-

444 5136 717 5204 λήσαντα,
752 5134 952 5187 ἄοπλον
992 5135 1091 5204 μὲν
1121 5136 1218 5187 καὶ
1248 5136 1386 5207 πρὸς
1413 5136 1631 5205 ἄμυναν
1657 5137 1813 5190 οὐδὲν
1844 5138 2037 5204 ἐπιφε-

448 5227 705 5298 ρόμενον,
742 5226 938 5295 ἔχοντα
968 5225 1025 5278 ’δέ
1048 5242 1103 5277 τι
1133 5226 1424 5279 σπουδαῖον
1448 5228 1644 5293 εἰπεῖν,
1675 5227 1911 5297 ἐπῆλθον
1942 5230 2037 5280 καὶ

446 5319 608 5371 αὐτοὶ
630 5317 913 5385 στοιχηδὸν
934 5317 1199 5387 ἀλλήλους
1224 5317 1588 5382 συντάξαντες
1611 5321 1705 5371 καὶ
1726 5321 1826 5383 τὰς
1852 5320 2032 5384 δεξιὰς
2066 5370 2077 5375 ,

442 5409 856 5471 ἀνατείναντες,
885 5408 985 5471 τὰς
1023 5425 1083 5461 τε
1116 5410 1390 5480 μαχαίρας
1434 5410 1576 5462 κατὰ
1609 5410 1709 5480 τῆς
1754 5412 1894 5482 ἐμῆς
1935 5430 2031 5463 κο-

446 5504 631 5577 ρυφῆς
660 5505 962 5571 ἐπαγαγεῖν
996 5505 1495 5574 σχηματισάμενοι.
1545 5506 1632 5569 Ὠς
1657 5507 1701 5559 δ’
1729 5508 1851 5560 οὐδὲ
1878 5509 2037 5561 τοῦτο

2145 4587 2279 4641 stias
2338 4586 2499 4649 foret,
2548 4586 3019 4655 disquirebamus.
3073 4585 3292 4652 Quanta
3345 4588 3513 4659 igitur
3571 4592 3727 4645 licuit

2144 4679 2429 4732 celeritate
2480 4677 2596 4746 ipse
2646 4678 2913 4731 exsiliens
2963 4687 3307 4748 mortemque
3342 4690 3724 4744 contemnens,

2146 4785 2245 4824 nec
2277 4769 2422 4839 quod
2456 4782 2573 4824 erat
2607 4769 2677 4823 ob
2714 4770 2905 4824 oculos
2940 4768 3240 4825 discrimen
3273 4786 3503 4840 prorsus
3530 4775 3583 4826 in
3613 4777 3725 4827 ani-

2144 4878 2295 4917 tnum
2334 4860 2622 4921 inducens,
2667 4862 2731 4915 ad
2777 4862 2954 4930 ipsum
3006 4863 3180 4919 turris
3242 4866 3445 4918 ostium
3499 4866 3724 4921 veniens

2146 4971 2242 5024 per
2278 4954 2420 5023 ligna
2457 4951 2620 5021 552
2645 4952 2712 5005 ad
2745 4954 3015 5007 Barbaros
3042 4957 3455 5022 procurrebam.
3493 4953 3554 5007 Hi
3594 4972 3723 5010 vero

2138 5048 2219 5103 sic
2269 5046 2529 5099 audacter
2574 5059 2692 5098 mea
2761 5052 2956 5115 sponte
3014 5047 3080 5100 ad
3129 5060 3223 5102 eos
3279 5047 3719 5118 progredientem

2137 5141 2405 5204 videntes,
2448 5138 2625 5191 virmn
2689 5141 2994 5200 inermem,
3050 5150 3152 5193 nec
3195 5139 3345 5208 quod
3404 5140 3723 5195 ulciscendo

2137 5244 2284 5287 esset
2316 5229 2523 5301 aliquid
2555 5230 2903 5293 inferentem,
2938 5230 3035 5284 sed
3061 5245 3174 5284 rem
3206 5231 3444 5300 aliquam
3480 5247 3726 5287 momen-

2141 5325 2182 5379 ti
2236 5325 2420 5378 dicere
2475 5324 2789 5385 habeutem,
2844 5322 2947 5392 ipsi
3001 5337 3221 5392 quoque
3280 5323 3472 5378 ordine
3506 5325 3722 5393 digesto

2144 5431 2313 5485 seque
2345 5431 2410 5469 co
2440 5422 2857 5484 componentes,
2878 5416 3117 5470 extentis
3148 5415 3380 5493 dextris,
3401 5417 3565 5485 inque
3596 5431 3723 5471 ver-

2145 5511 2304 5564 ticem
2337 5509 2598 5563 simulato
2638 5508 2848 5578 gladios
2879 5509 3185 5579 adigentes,
3213 5509 3517 5564 incurrere.
3551 5511 3628 5563 Ac
3658 5527 3724 5565 ne

1733 5619 1961 5675 \‘ARIXE
2003 5620 2406 5678 LECTIONES.

522 5708 567 5738 ³³
598 5704 942 5774 δεικνύμενοι
977 5709 1034 5762 Ρ.
1135 5711 1180 5741 ³⁸
1214 5712 1405 5765 ἑαυτοῦ
1442 5716 1503 5764 Α.

1609 5714 1650 5744 ³⁷
1694 5716 1861 5785 μήπω
1888 5716 1945 5770 Ρ.

448 5782 497 5811 ⁸⁰
527 5778 626 5846 τῆς
661 5786 785 5830 ante
814 5780 920 5830 τῶν
948 5796 1058 5834 om.
1107 5780 1164 5834 Ρ.

2082 5716 2124 5747 ³³
2162 5720 2447 5790 γενόμενοι
2494 5717 2553 5782 Ρ,
2604 5716 2813 5772 omisso
2872 5716 3078 5771 αυτῶν.

3213 5720 3254 5750 ³⁵
3284 5716 3621 5787 τεχνάσματι
3660 5714 3720 5770 Ρ.
