4094 6466
435 455 537 516 593

1539 462 1636 520 DE
1677 460 1996 521 EXCIDIO
2030 461 2640 523 THESSALONICE.

3584 451 3692 516 594

432 569 463 620 6
510 568 641 638 ἐμὸς
688 570 786 623 σὺν
839 571 924 642 [9;
968 574 1098 644 557]
1152 577 1263 637 τοῖς
1298 574 1512 645 ῥηθεῖσι
1563 566 1714 629 δυσὶν
1764 578 2014 645 ἀδελφοῖς

2128 578 2364 631 eamdem
2400 580 2572 647 ipsam
2615 594 2777 641 quam
2818 578 2946 632 mihi
2985 576 3393 646 spoponderant
3437 575 3558 627 vitm
3611 588 3692 627 se-

434 663 554 715 καθ’
582 666 735 735 ἡμᾶς
763 667 1070 735 γενόμενοι,
1103 668 1198 721 καὶ
1240 670 1351 731 τοῖς
1397 669 1524 721 ποσὶ
1557 668 1749 721 τούτου
1794 671 1891 732 τὰς
1922 688 2008 723 κε-

433 754 611 822 φαλάς
650 757 1129 827 προσερείσαντες,
1168 759 1377 813 ἐδέοντο
1403 761 1502 828 τὴν
1530 760 1699 831 αὐτὴν
1725 763 1847 829 ἐμοὶ
1873 760 2011 821 πλη-

436 845 701 927 ροφορίαν.
748 846 932 901 λαϐεῖν
984 849 1359 919 βεϐαιούμενοι
1415 850 1730 923 πληρώσειν
1779 853 2015 922 ἑτοίμως

395 940 534 991 -ὄσα
574 939 684 1007 ἐγὼ
719 945 1108 1011 προκατεῖπον.
1150 944 1356 996 Θᾶττον
1400 942 1493 998 οὖν
1531 948 1738 1007 ἐκεῖνος
1774 947 1950 998 πάντα
1978 944 2014 999 ἃ.

432 1029 567 1097 παρ’
598 1032 629 1099 ἡ
638 1031 753 1097 μῶν
778 1031 1006 1099 ⁴ίνικηκόει
1027 1034 1144 1093 ταῖς
1160 1032 1267 1083 τῶν
1292 1032 1464 1086 ἄλλων
1490 1032 1777 1100 ἐνθέμενος
1798 1034 2010 1092 ἀκοαῖς,

432 1120 524 1170 καὶ
578 1120 752 1191 τούτῳ
803 1122 1037 1191 μάλιστα
1071 1115 1115 1189 ᾧ
1166 1122 1285 1175 κατ’
1335 1124 1509 1193 ἀρχὰς
1549 1123 1658 1191 ἐγὼ
1694 1124 2013 1195 περιέτυχον

432 1208 644 1263 ἕκαστα
672 1212 950 1280 προειπὼν
976 1214 1044 1279 ⁸⁸,
1076 1215 1235 1282 λόγον
1283 1233 1340 1269 τε
1391 1217 1587 1279 πείσας
1626 1216 1849 1288 ἔνορκον
1879 1218 2014 1287 ἡμῖν

432 1302 952 1371 παρασχεῖν,οὖτως
974 1306 1139 1375 μηδὲν
1160 1307 1394 1377 παρῄνει
1419 1307 1512 1359 τοῦ
1544 1307 1733 1367 λοιποῦ
1760 1308 2010 1363 δεδιέναι.

508 1390 614 1459 μθ’.
645 1393 1039 1465 Συλλαϐόμενοι
1069 1396 1124 1448 δὲ
1159 1398 1314 1468 ἡμῶν
1343 1400 1443 1451 καὶ
1473 1397 1563 1450 τοῦ
1598 1399 1812 1468 τείχους
1842 1417 2015 1452 καταο

435 1481 778 1548 6ι6άσαντες,
810 1489 887 1548 είς
917 1488 1116 1557 μέσους
1159 1508 1217 1542 τε
1264 1490 1448 1543 αὐτῶν
1480 1490 1845 1554 διαλαϐόντες,
1880 1488 2016 1563 ἦγον

434 1575 662 1643 τὴν-ἐπὶ
699 1576 995 1638 Θάλασσαν,
1038 1582 1222 1635 ἐπάνω
1257 1582 1365 1634 τῶν
1401 1584 1670 1652 σωμάτων
1711 1584 1819 1637 τῶν
1846 1584 1946 1655 ἤδη
1972 1584 2015 1615 ⁸⁷

436 1669 832 1737 ἀναιρεθέντων
860 1670 1188 1740 βαδίζοντες.
1221 1673 1333 1741 Τῆς
1356 1670 1449 1727 οὖν
1491 1677 1621 1727 εῖσω
1664 1677 1870 1739 πόλεως
1916 1677 2015 1747 τὴν

436 1764 613 1833 πύλην
647 1765 913 1833 ἐμϐάντες
936 1768 994 1818 οὐ
1018 1767 1254 1820 κατευθὺ
1280 1769 1378 1837 τὴν
1412 1770 1634 1839 πορείαν
1661 1768 2012 1838 ἐποιούμεθας

435 1858 575 1910 ἀλλὰ
624 1858 702 1927 τῷ
759 1860 1078 1924 ὑπτιάξοντι
1139 1861 1295 1931 μέρει
1332 1863 1636 1933 τραπέντες
1683 1863 1777 1915 τοῦ
1834 1864 2012 1915 ἐκεῖσε

2113 670 2403 724 curitatem
2438 670 2703 740 rogabant
2758 670 3028 739 accipere,
3082 668 3307 723 omnino
3359 667 3688 719 aliirmantt's

2117 773 2231 815 rata
2266 762 2555 817 habituros
2592 777 2656 816 ac
2700 770 2949 831 prompte
2990 760 3312 829 impleturos
3344 771 3689 827 quzeeunque

2114 868 2215 922 ego
2262 853 2592 922 praelocutus
2620 870 2792 909 erant.
2829 852 3087 907 Actutum
3120 852 3288 922 igitur
3322 851 3435 914 ille,
3470 849 3689 903 cunctis

2115 958 2236 1009 qua:
2274 958 2340 996 ex
2381 943 2541 997 nobis
2572 944 2822 997 audierat
2869 944 3096 999 auribus
3150 942 3369 997 illorum
3397 941 3686 1009 depositis,

2116 1036 2419 1104 praesertim
2456 1051 2585 1089 vero
2639 1035 2689 1089 ei
2737 1051 2897 1104 quem
2937 1052 2965 1089 a
2996 1036 3265 1106 principio
3305 1036 3421 1104 ipse
3449 1032 3690 1087 oﬁ'ende-

2117 1139 2230 1178 ratu
2267 1126 2521 1179 omnibus
2571 1141 2667 1195 per
2709 1126 2922 1195 singula
2954 1128 3246 1190 enarratis,
3288 1142 3412 1179 cum
3463 1134 3515 1179 et
3542 1125 3693 1191 jure-

2111 1215 2349 1285 jurando
2382 1218 2653 1285 promissa
2689 1218 2908 1273 firmare
2942 1220 3226 1282 suasisset,
3268 1219 3399 1272 nihil
3430 1217 3691 1283 deinceps

2118 1308 2309 1362 timere
2334 1307 2681 1361 hortabatur.

2185 1399 2275 1453 49.
2314 1398 2513 1453 Secum
2556 1402 2739 1469 itaque
2772 1410 3118 1455 assumentes
3159 1409 3324 1468 atque
3355 1416 3383 1452 e
3422 1413 3578 1452 muro
3610 1399 3695 1450 de-

2115 1492 2383 1546 ducentes
2425 1507 2488 1546 ac
2535 1491 2588 1545 in
2639 1493 2820 1545 medio
2846 1493 2927 1543 sui
2963 1494 3180 1560 agmine
3211 1492 3545 1545 collocantes
3574 1507 3693 1543 ver-

2117 1598 2213 1637 sus
2247 1599 2397 1639 mare
2449 1586 2553 1639 iter
2587 1584 2883 1646 habebant,
2927 1598 3093 1652 super
3136 1598 3403 1637 caesorum
3460 1583 3692 1636 cadave-

2116 1677 2271 1731 ribus
2294 1678 2628 1746 gradientes.
2665 1678 2987 1732 interiorem
3020 1694 3183 1747 porro
3211 1678 3461 1732 civitatis
3481 1687 3691 1747 portam

2119 1771 2350 1835 ingressi
2389 1787 2496 1823 non
2528 1779 2673 1825 recta
2704 1770 2888 1825 statim
2925 1771 3026 1825 iter
3056 1771 3463 1832 contendimus,
3499 1770 3592 1824 sed
3627 1770 3693 1823 ad

2119 1863 2277 1917 collis
2308 1862 2399 1930 qui
2436 1862 2547 1915 illic
2577 1871 2661 1915 est
2714 1863 2916 1917 clivum
2963 1863 3106 1917 versi
3155 1862 3209 1916 in
3242 1863 3450 1931 declive
3483 1863 3696 1915 fereba-

438 1951 629 2018 βουνοῦ
660 1952 795 2021 πρὸς
826 1953 884 2005 τὸ
912 1955 1175 2016 κάταντες
1211 1954 1538 2023 ἐφερόμεθα.
1562 1953 1730 2006 Ἔνθα
1754 1955 1843 2007 καί
1870 1972 2013 2019 τινες

2128 1970 2263 2007 mur.
2300 1952 2400 2007 Ubi
2434 1963 2487 2008 et
2538 1955 2676 2009 alios
2703 1955 2972 2022 quosdam
3008 1955 3301 2023 Aithiopes
3334 1955 3696 2010 ascendentes

433 2037 585 2094 ἄλλοι
648 2044 1034 2111 κατεφάνησαν
1083 2045 1324 2109 ἀνιόντες
1379 2046 1663 2110 Αίθίοπες,
1715 2046 1811 2100 καὶ
1858 2048 2012 2101 αὐτοὶ⁸

438 2133 710 2201 μαχαίρας
740 2134 1061 2203 κατέχοντες
1089 2140 1208 2198 ταῖς
1241 2138 1450 2206 χερσὶν,
1494 2138 1542 2189 οἳ
1578 2138 1669 2189 καὶ
1713 2140 1877 2207 μέσον
1905 2139 2012 2192 τῶν

434 2222 535 2291 ήδη
590 2225 1022 2293 χειρωσαμένων
1072 2226 1489 2295 διειλημμένους
1526 2229 1832 2298 ἑωρακότες
1868 2230 2013 2297 ἡμᾶς

433 2315 503 2381 τῇ
538 2318 738 2384 φυσικῇ
777 2317 945 2386 μανία
976 2316 1277 2384 πληγέντες
1302 2317 1568 2389 ὥρμησαν
1591 2320 1843 2382 ἀναιδῶς,
1883 2322 2014 2392 πόρ-

438 2405 614 2474 ριυθεν
634 2406 974 2477 δεικνύμενοι
995 2408 1088 2461 τοῦ
1115 2410 1388 2473 κινοῦντος
1418 2411 1588 2480 θυμοῦ
1607 2412 1706 2480 τὴν
1741 2413 2009 2468 ἐπίτασιν.

449 2497 593 2549 Ἀλλ’
625 2499 814 2567 ἐπειδὴ
847 2500 967 2552 καθ’
997 2502 1143 2570 ἡμᾶς
1178 2503 1462 2568 γεγονότες
1485 2502 1656 2571 ἔγνων
1688 2505 1851 2573 μηδὲν
1882 2505 2014 2575 ἡμῖν

437 2590 799 2659 ἐπενεχθῆναι
837 2592 1007 2644 δεινὸν
1040 2594 1164 2656 τοὺς
1205 2594 1307 2663 ἤδη
1343 2597 1739 2665 προειληφότας
1777 2599 2014 2652 σπουδά-

437 2682 650 2744 ζοντας.
706 2683 761 2734 ἐν
799 2684 1010 2747 ἑαυτοῖς
1054 2686 1442 2749 σκεδασθέντες
1479 2688 1523 2719 ⁸⁸
1561 2688 2011 2760 ύπανεχώρησαν.

437 2769 538 2837 Εἷς
567 2774 619 2827 δέ
653 2793 736 2837 τις
769 2777 951 2829 αὐτῶν
982 2779 1357 2847 ἀναιδέστερος
1383 2780 1489 2833 τῶν
1518 2782 1713 2848 ἄλλων,
1747 2784 1819 2847 ὡς
1849 2787 2013 2851 εἰκὸς,

439 2868 539 2920 καὶ
570 2868 922 2939 θρασύτερος,
947 2870 1021 2932 ὡς
1055 2874 1214 2935 εἴτις
1256 2872 1545 2937 ύλακτικδς
1578 2876 1723 2929 κύων
1758 2878 2017 2948 μεμηνὼς

437 2960 856 3026 κατηκολούθει,
890 2962 980 3015 καί
1008 2980 1131 3015 τινα
1170 2965 1368 3033 πλῆξαι
1408 2969 1471 3037 τῇ
1513 2969 1756 3041 μαχαίρᾳ
1786 2969 2018 3042 δολερῶς

438 3054 803 3109 ἐτεκταίνετο.
835 3057 983 3109 Ἕνα
1001 3058 1109 3127 γάρ
1131 3075 1252 3111 τινα
1273 3059 1380 3111 τῶν
1408 3061 1635 3114 ἑλόντων
1663 3064 1808 3132 ἡμᾶς
1825 3065 2018 3120 ἑαυτὸν

440 3141 584 3197 εἶναι
620 3150 1132 3219 προσποιησάμενος
1177 3150 1389 3215 ἔλαθεν,
1418 3152 1517 3204 οὐκ
1545 3149 1640 3205 οἷδ’
1671 3155 1838 3220 ὅπως,
1882 3157 2018 3210 ὑπο·-

441 3237 625 3305 σύρων
656 3238 767 3290 τῶν
808 3241 980 3293 ἄλλων
1022 3242 1141 3312 ἐμὲ,
1174 3244 1267 3295 καὶ
1299 3244 1495 3315 μικρὸν
1525 3247 1769 3310 ἀποστὰς
1809 3251 2016 3304 ἀνελεῖν

439 3332 741 3402 ἐπεχείρει.
786 3332 1087 3403 Ἀνῴμιυξα
1114 3335 1208 3388 οὖν
1240 3336 1401 3400 εὐθύς
1423 3354 1436 3368 ο
1468 3340 1495 3390 ὁ
1528 3337 1583 3391 δὲ
1615 3342 1795 3412 πατὴρ
1835 3343 1863 3393 ὁ
1896 3344 2025 3412 ἐμὸς

438 3426 857 3493 τεταραγμένος
882 3428 1214 3496 συστραφεὶ’ς
1242 3428 1359 3498 (καὶ
1392 3430 1501 3501 γὰρ
1530 3431 1719 3502 ἔτυχον
1754 3435 1851 3487 σὺν
1881 3435 2025 3506 αύτῷ

442 3515 709 3586 βαδίζων)
734 3517 810 3579 ὡς
851 3519 927 3587 τῷ
967 3519 1183 3590 θανάτῳ
1217 3538 1283 3588 με
1314 3524 1644 3591 παρεστῶτα
1689 3528 1902 3580 κατεῖδε
1936 3530 2028 3583 καὶ

439 3607 536 3659 τὶν
566 3607 761 3676 δήμιον
804 3607 1070 3678 βρύχοντα
1118 3610 1379 3679 μέλλοντά
1405 3629 1462 3664 τε
1496 3613 1555 3665 τὸ
1590 3613 1741 3681 ξίφος
1772 3616 1850 3686 τῷ
1896 3635 2030 3689 τρα-

439 3696 595 3767 χήλῳ
628 3714 734 3766 μου
760 3699 1007 3767 βάπτειν,
1047 3700 1347 3770 κατέχοντα
1397 3703 1506 3755 τῶν
1542 3705 1767 3775 τριχῶν,
1810 3706 1900 3760 τὸν
1925 3708 2025 3779 ἤδη

442 3790 896 3860 περισωσάμενον
946 3794 1089 3862 ἡμᾶς
1140 3794 1235 3846 τοῦ
1252 3795 1463 3866 ’πρώην
1510 3797 1758 3850 κινδύνου
1799 3800 2028 3866 ἐγγύθεν

445 3881 671 3951 ὅντα-τῇ
716 3884 860 3952 χειρὶ
888 3883 1071 3949 νύξας,
1116 3886 1209 3937 καὶ
1242 3887 1445 3958 σπουδῇ
1477 3887 1536 3940 τὸ
1562 3889 1745 3958 δρᾶμα
1779 3890 2027 3943 καθυπον

450 3969 661 4035 δείξας,
710 3974 769 4024 Τί
805 3973 914 4035 ὅτι,
960 3974 1085 4043 ἔφη,
1132 3978 1228 4029 καί
1263 3977 1335 4028 δι’
1369 3976 1446 4044 ἦν
1490 3979 1689 4030 αἰτίαν
1733 3980 1851 4032 τοῦ
1882 3979 2028 4048 ἐμοῦ

453 4063 659 4127 παιδὸς
694 4068 1191 4134 κατεψηφίσασθε
1218 4068 1498 4133 θάνατον,
1536 4068 1654 4122 τῶν
1687 4070 1835 4136 πρὸς
1872 4070 2028 4137 ἡμᾶς

445 4154 865 4222 ὼῖοτήσαντες
902 4158 1343 4226 ὑπσσχέσεων;
1378 4162 1429 4212 εὶ
1475 4155 1588 4213 οὖν
1626 4160 1807 4224 αὺτύς
1837 4160 2026 4226 θάνοι,

444 4246 573 4299 οὐδ’
619 4249 763 4314 ἡμῖν
805 4251 1133 4319 λυσιτελής
1171 4252 1343 4305 ἐστιν
1378 4254 1414 4321 ὴ
1443 4251 1576 4319 ζωή.
1625 4254 1786 4306 Ἀλλ’
1814 4253 2028 4317 ἐξελοῦ

444 4339 666 4393 τοῦτον
705 4340 810 4393 τοῦ
850 4344 1237 4412 κατέχοντος,
1287 4345 1343 4397 εἴ
1390 4363 1481 4411 τις
1532 4347 1627 4399 καὶ
1685 4346 1821 4414 περὶ
1864 4346 2032 4414 ἡμῶν

443 4445 547 4485 σοι
570 4436 818 4501 φροντίς
836 4451 847 4462 ·
870 4438 923 4488 εὶ
942 4436 1012 4488 δὲ
1031 4437 1139 4505 μὴ,
1166 4436 1245 4501 τῷ
1276 4439 1513 4493 ἐκείνου
1544 4444 1579 4492 .1
1590 4442 1744 4508 ὐθρῳ
1770 4441 2032 4494 σπεῖσον

446 4526 548 4577 καὶ
620 4524 797 4594 ἡμᾶς.
853 4529 1007 4581 Οὐδὲ
1062 4529 1173 4598 γὰρ
1224 4531 1592 4600 διῃρημένην
1647 4534 1905 4603 φέρομεν
1961 4534 2031 4597 ἐξ

2121 2043 2529 2111 eonspoxiums,
2587 2044 2680 2111 qui
2742 2053 2796 2097 et
2838 2045 2938 2111 ipsi
2989 2060 3150 2099 enses
3208 2045 3461 2099 manibus
3517 2053 3698 2113 gesta-

2122 2144 2261 2184 rent.
2314 2130 2372 2183 lii
2425 2146 2663 2201 quoque.
2728 2143 2787 2185 ut
2841 2135 2981 2187 inter
3028 2149 3123 2189 eos
3156 2135 3247 2202 qui
3298 2135 3412 2202 jatn
3438 2141 3694 2201 ceperant

2122 2240 2224 2277 nos
2286 2224 2481 2279 adduci
2531 2222 2750 2281 videre.
2821 2226 3060 2278 naturali
3107 2226 3259 2279 rabie
3323 2224 3528 2278 conciti
3597 2223 3697 2275 im-

2124 2314 2389 2381 pudenter
2434 2316 2638 2383 impetu
2692 2316 2995 2379 irruerunt,
3051 2317 3444 2384 procul‘etiatn
3494 2313 3699 2367 luroris

2125 2407 2229 2458 vim
2266 2407 2487 2459 nimiam
2525 2409 2902 2463 ostendentes.
2936 2407 3233 2477 Postquam
3271 2423 3399 2460 vero
3422 2407 3534 2474 jam
3572 2421 3697 2475 pro-

2126 2513 2188 2565 pe
2221 2496 2351 2550 facti
2383 2514 2477 2553 eos
2507 2500 2599 2568 qui
2652 2515 2752 2554 nos
2802 2508 3237 2569 anteceperant,
3275 2515 3340 2553 ne
3375 2498 3503 2569 quid
3537 2499 3697 2553 nobis

2125 2606 2281 2644 noxae
2316 2590 2637 2656 inferretur,
2675 2591 2835 2662 555
2861 2608 3151 2647 occurrere
3182 2592 3455 2658 viderunt,
3480 2591 3545 2645 ad
3578 2606 3700 2644 sese

2124 2683 2283 2738 divisi
2320 2685 2582 2754 paulatim
2636 2697 3008 2742 recesserunt.
3056 2685 3211 2741 Unus
3264 2700 3391 2740 vero
3421 2685 3697 2754 quispiam

2127 2774 2369 2836 illorum,
2405 2775 2618 2844 majore
2651 2776 2878 2845 reliquis
2911 2775 3272 2845 impudentia,
3299 2783 3358 2829 ttt
3388 2776 3702 2832 videbatur.

2127 2866 2657 2935 attdaciaque,-haud
2688 2883 2847 2923 secus
2874 2883 2937 2921 ac
2962 2870 3116 2923 canis
3139 2868 3375 2922 latrandi
3401 2870 3698 2937 impotens,

2126 2958 2339 3013 insania
2387 2957 2576 3013 furens
2629 2961 2966 3029 sequebatur
3021 2967 3187 3029 atque
3243 2976 3412 3012 untttu
3449 2961 3690 3027 aliquem

2128 3058 2382 3105 nostrum
2403 3051 2586 3120 gladio
2614 3052 2776 3106 ferire
2805 3050 2932 3105 dolo
2955 3051 3300 3106 moliebatur.
3328 3050 3509 3105 Unum
3545 3065 3699 3103 nam-1

2127 3159 2232 3212 que
2262 3159 2292 3197 e
2324 3143 2533 3198 nostris
2580 3143 2983 3213 praedatoribus
3025 3159 3147 3198 sese
3183 3143 3477 3203 simulans,
3517 3142 3704 3197 nescio

2126 3252 2234 3305 qua
2268 3237 2483 3290 ratione
2531 3252 2559 3289 a
2617 3237 2844 3305 reliquis
2894 3253 2980 3291 me
3033 3238 3172 3290 clam
3206 3237 3534 3292 subductum
3569 3245 3645 3291 οι»
3673 3251 3703 3288 a

2129 3338 2275 3382 coetu
2313 3327 2596 3395 paululum
2656 3327 2975 3396 abjunctum
3019 3328 3330 3383 interﬁcere
3378 3328 3701 3381 conabatur.

2133 3416 2188 3470 in
2232 3431 2339 3485 quo
2369 3416 2552 3471 statim
2595 3416 2858 3487 ingemui.
2906 3420 3068 3473 Pater
3105 3426 3289 3473 autem
3322 3434 3476 3472 mens
3509 3418 3706 3471 obtur-

2130 3508 2307 3564 batus.
2325 3516 2491 3578 atque
2529 3524 2836 3564 conversus
2866 3510 3089 3580 (quippe
3137 3512 3223 3565 cui
3270 3527 3452 3566 comes
3485 3510 3717 3565 incede«

2131 3601 2280 3667 bam)
2312 3608 2372 3656 ut
2401 3601 2510 3671 jam
2542 3602 2704 3656 morti
2740 3604 3105 3672 propinquum
3156 3605 3311 3669 vidit,
3361 3604 3710 3658 frementem-

2130 3707 2261 3764 que»
2290 3693 2537 3748 lictorem
2602 3707 2666 3747 ac
2713 3694 2767 3746 in
2826 3709 2947 3748 meo
2980 3703 3223 3763 gutture.
3289 3710 3450 3763 quem
3492 3691 3721 3761 ca-pilii—.

2130 3788 2207 3841 tio
2233 3796 2509 3856 arreptum
2551 3794 2779 3849 teneret,
2833 3787 3074 3855 gladium
3110 3786 3349 3842 condere
3398 3797 3717 3856 parantem,

2131 3893 2256 3932 eum
2300 3878 2391 3947 qtti
2436 3885 2563 3930 ante
2598 3892 2626 3929 a
2660 3875 2911 3944 periculo
2967 3876 3335 3939 liberaverat,
3385 3892 3509 3929 cum
3543 3889 3712 3943 prope

2131 3979 2299 4031 esset,
2356 3986 2519 4024 manu
2557 3971 2785 4035 vellens,
2836 3971 3106 4036 anxieque
3142 3986 3363 4024 scenam
3399 3970 3656 4038 aperiens
3692 3987 3705 4021 :

2134 4064 2285 4129 Quid
2312 4062 2364 4115 id
2404 4072 2503 4125 est,
2543 4064 2641 4125 ait,
2681 4072 2730 4116 et
2767 4080 2927 4132 quam
2987 4063 3049 4114 ob
3106 4078 3360 4123 causam,
3410 4072 3709 4115 vestrarum

2130 4156 2545 4223 promissionum
2598 4154 2789 4216 obii-ti,
2842 4154 3019 4221 ﬁlium
3078 4171 3248 4206 meum
3308 4154 3463 4222 quasi
3518 4154 3707 4218 rapitis

2133 4249 2444 4301 damnatum
2486 4257 2652 4300 morte
2698 4248 2981 4299 multatis?
3038 4245 3129 4298 ille
3172 4246 3215 4298 si
3268 4254 3433 4298 morte
3467 4244 3710 4297 sublatus

2136 4342 2316 4405 fuerit,
2351 4330 2445 4393 nec
2474 4341 2582 4392 vita
2618 4338 2767 4391 nobis
2803 4339 3090 4407 quidquam
3113 4338 3259 4390 utilis
3286 4340 3408 4389 erit.
3436 4340 3571 4389 Eum
3605 4337 3711 4387 ita-

2132 4450 2229 4503 que
2264 4433 2669 4501 alroppressore
2690 4430 2879 4492 libera,
2910 4431 2955 4482 si
2988 4430 3124 4499 quid;
3148 4429 3241 4481 tibi
3269 4443 3410 4482 cura:
3447 4436 3523 4481 est
3568 4436 3615 4478 et
3647 4425 3725 4479 det

2136 4524 2309 4578 nobis.
2345 4522 2440 4576 Sin
2470 4523 2666 4582 minus,
2696 4538 2787 4574 nos
2813 4537 3015 4590 quoque
3044 4520 3187 4573 illius
3224 4519 3387 4572 libato
3413 4517 3707 4570 cruoribus.

444 4620 741 4683 ἀλλήλων
804 4622 1122 4691 ὑπομεῖναι
1176 4624 1291 4691 τὴν
1336 4625 1646 4693 τελευτήν.
1712 4626 1887 4687 Εὐθὺς
1939 4622 2021 4679 οὖν

2142 4615 2263 4669 Non
2302 4617 2439 4679 enim
2500 4615 2822 4668 sustinemus
2883 4622 2939 4665 ut
2999 4628 3238 4667 seorsum
3294 4628 3430 4664 unus
3492 4613 3556 4663 ab
3602 4609 3711 4693 αίίρ

449 4707 828 4776 θορυϐηθέντα
872 4711 967 4762 ἐπὶ
1013 4711 1224 4774 τούτοις
1275 4713 1610 4783 ἀναδραμεῖν
1652 4713 1736 4786 [Ρι
1767 4715 1893 4787 558]
1939 4718 2031 4768 τὸν

445 4800 757 4868 ἄνθρωπον,
794 4803 889 4855 καὶ
922 4802 1221 4856 ἐπιστάντα
1251 4803 1328 4874 τῷ
1351 4806 1502 4869 τόπῳ
1526 4804 1625 4874 τὴν
1651 4806 1831 4871 δεξιὰν
1866 4825 2035 4859 κατα-

449 4892 599 4959 σχεῖν
620 4891 713 4943 τοῦ
734 4891 1012 4963 βαρϐάρου
1039 4894 1347 4963 τεταμένην
1370 4891 1536 4947 οὖσαν
1566 4896 1660 4947 καὶ
1689 4896 1787 4965 τὴν
1820 4896 2033 4966 σφαγὴν

450 4983 980 5050 σχηματίζουσαν³⁹.
999 4987 1097 5049 Ὃς
1124 4986 1218 5038 καὶ
1245 4984 1576 5055 ἐπισχεθεὶς,
1594 4984 1669 5047 ὡς
1692 4986 1770 5053 μὴ
1784 4985 2032 5054 δυνηθεὶς

445 5075 512 5127 τὺ
541 5075 733 5129 δοκοῦν
767 5077 1068 5137 ἐκτελέσαι,
1090 5079 1226 5147 πρὸς
1253 5078 1475 5131 πλείονα
1498 5077 1699 5147 ἐξῆπτο
1719 5076 1911 5146 θυμόν·
1940 5077 2033 5132 καὶ

449 5165 651 5237 φρίξας
678 5169 774 5231 τὰς
807 5169 1066 5236 σιαγόνας
1096 5169 1223 5231 τούς
1258 5187 1316 5221 τε
1350 5168 1663 5238 ὀφθαλμοὺς
1689 5168 2034 5238 στρεϐλώσας

450 5260 549 5313 καὶ
578 5261 706 5321 τοὺς
746 5260 964 5325 ὀίόντας
998 5264 1270 5333 κροτήσας
1303 5262 1481 5333 (τοῦτο
1512 5262 1620 5333 γὰρ
1650 5261 1956 5331 Βαρϐάρων
1984 5260 2032 5295 ⁸ο

450 5354 618 5423 ἔθος),
651 5353 835 5421 φόνιόν
864 5372 918 5407 τι
962 5357 1056 5407 καὶ
1102 5355 1363 5425 βλοσυρὸν
1395 5355 1606 5418 ἐνιδὼν,
1638 5356 1913 5423 ἐπεχείρει
1942 5353 2036 5406 τοῦ

452 5446 781 5516 κατέχοντος
799 5448 996 5501 ἑαυτὸν
1020 5448 1328 5520 ἀπορρῆξαι
1351 5449 1444 5500 καὶ
1471 5447 1626 5510 αὖθίς
1655 5465 1743 5519 μοι
1766 5446 2031 5499 ἐπελθεῖν.

452 5540 569 5591 Οὐκ
595 5540 682 5593 εἴα
700 5540 756 5594 δὲ
778 5541 970 5595 τοῦτον
994 5544 1201 5603 ἐκεῖνος
1223 5543 1251 5594 ὁ
1274 5542 1409 5610 πρὸς
1432 5541 1583 5595 Θεοῦι
1602 5540 1875 5611 πεμφθεὶς
1905 5541 2036 5609 ἡμῖν

454 5633 514 5683 ἑν
558 5632 735 5703 καιρῷ
773 5635 981 5704 σωτὴρ,
1017 5634 1154 5688 ἀλλὰ
1199 5634 1402 5698 πάσαις
1443 5635 1483 5667 ⁵¹
1524 5633 1690 5690 αὑτὸν
1711 5632 2037 5696 ,κολακείαις

2139 4714 2361 4760 mortem
2401 4714 2735 4774 oppetamus.
2773 4701 2870 4757 His
2904 4714 3215 4757 commotus
3257 4703 3347 4755 ille
3389 4703 3577 4756 statim
3614 4678 3712 4753 ex,-

2138 4799 2334 4861 currit,
2358 4806 2522 4866 atque
2546 4797 2610 4849 ad
2637 4796 2816 4850 locum
2848 4795 3118 4850 accedens
3146 4807 3428 4849 extensum
3447 4793 3558 4861 jam
3587 4792 3716 4845 bar-

2137 4893 2259 4948 bari
2310 4892 2592 4945 dexteram
2656 4904 2955 4957 ensemque
2996 4889 3304 4942 vibrantem
3354 4885 3611 4939 detinuit.
3664 4880 3715 4937 ls

2138 4998 2288 5045 vero,
2346 4981 2450 5035 etsi
2491 4987 2693 5033 conatu
2758 4979 3014 5041 inhibito,
3052 4986 3127 5032 ut.
3168 4978 3256 5029 cui
3310 4991 3414 5028 non
3473 4972 3718 5027 licuisset

2140 5075 2469 5130 destinatam
2519 5073 2700 5125 animo
2754 5082 2971 5141 patrare
3010 5068 3234 5131 cmdem,
3285 5064 3476 5133 majori
3531 5062 3718 5117 lurore

2143 5168 2370 5232 exarsit,
2401 5165 2750 5233 tnaxiliisque
2783 5163 3023 5218 fremens
3058 5169 3111 5215 et
3139 5158 3332 5213 oculos
3364 5156 3723 5224 distorquens

2144 5260 2448 5330 dentesque
2478 5259 2721 5312 stridens
2749 5255 2912 5326 556
2930 5254 3005 5325 (id
3039 5253 3185 5308 enim
3211 5249 3471 5303 Barbaris
3496 5247 3547 5300 in
3568 5260 3719 5300 more

2147 5353 2252 5418 est)
2286 5358 2522 5406 cruento
2552 5351 2817 5418 trucique
2836 5354 3062 5417 aSpectu
3087 5358 3116 5395 a
3155 5350 3374 5396 tenente
3404 5355 3527 5395 sese
3556 5352 3723 5406 expe-

2144 5442 2262 5496 dire
2304 5442 2610 5496 conabatur
2641 5455 2705 5495 ac
2746 5452 2943 5493 rursus
2976 5438 3028 5489 in
3063 5448 3150 5488 me
3178 5433 3393 5486 irruere
3426 5448 3438 5484 :
3472 5429 3566 5484 sed
3608 5440 3719 5481 non

2146 5535 2360 5591 sinebat
2407 5534 2498 5589 ille
2548 5533 2640 5603 qui
2674 5548 2703 5586 a
2739 5531 2849 5587 Deo
2883 5537 3228 5600 opportunus
3257 5525 3417 5580 nobis
3463 5532 3723 5577 servator

2146 5625 2352 5678 missus
2406 5621 2607 5689 fuerat,
2639 5624 2737 5678 sed
2782 5620 2981 5675 blande
3027 5617 3312 5679 suadendo
3366 5629 3396 5669 a
3441 5611 3720 5684 proposito

1753 5744 1986 5802 VARIE
2019 5738 2420 5800 LECTIONES.

527 5838 575 5871 ”
595 5842 928 5915 frmat-tribu
958 5846 1015 5899 Ρ.
1100 5846 1140 5876 ⁵⁷
1176 5845 1273 5915 ἤδη
1308 5860 1416 5898 om.
1446 5842 1504 5899 P.
1588 5844 1631 5874 ³⁸
1658 5841 2042 5913 σχεδασθέντ;ς
2094 5839 2198 5891 AP.
2275 5836 2319 5868 δ’
2373 5832 2793 5905 σχηματίσασαν
2823 5832 2885 5885 Α.
2965 5832 3011 5864 ’θ
3043 5827 3341 5901 βαρϐάροις
3377 5825 3433 5878 Ρη

460 5926 558 5973 σας
595 5909 653 5965 Ρ.

3511 5824 3554 5855 ¹¹
3606 5821 3723 5875 πεί*
