4094 6416
465 326 569 391 5}?

1687 333 2029 396 JOANNES
2066 304 2507 401 CAMENlATA

3634 324 3742 403 600

466 463 610 500 tn'ur.
662 443 901 501 Plurima
944 453 1128 503 autem
1160 446 1529 505 Barbarorum
1577 456 1734 517 parte
1779 447 1928 502 ferox
1969 449 2058 503 ille

2165 450 2408 521 ἀλλήλων
2462 452 2794 517 ὲνατενίξειν
2836 454 2901 520 ⁸⁸,
2957 454 3145 527 ὥσπερ
3193 453 3623 525 ἐκπληττόμενοι
3650 459 3745 508 καὶ

466 546 630 605 atque
650 551 918 606 arrogans
947 553 974 591 a
1006 553 1068 593 se
1093 538 1345 599 dimissa,
1380 538 1432 592 in
1462 554 1688 606 equum,
1731 539 1826 608 qui
1856 549 2057 608 νηνειο

464 639 603 695 erat,
641 632 896 687 insiliens
925 648 956 688 e
989 632 1172 687 medio
1219 634 1394 688 nostri
1428 634 1699 698 avolavit,
1730 649 1925 688 rursus
1954 634 2058 687 im-

470 739 682 793 ponens
725 733 783 778 ut
821 735 874 778 et
924 725 1085 779 nobis
1124 726 1437 793 assumptis
1489 726 1555 778 .‘ld
1610 725 1762 780 littus
1815 725 2056 780 civitatis

470 830 700 883 prepere
745 815 1090 880 festinarent,
1130 831 1240 884 quo
1280 815 1538 869 nimirum
1569 816 1686 887 ipse
1713 817 2056 886 quoqueiter

467 906 756 962 celeraret.

536 1088 628 1144 53.
664 1090 755 1143 Sic
788 1091 975 1160 itaque
1010 1099 1326 1160 assumptus
1355 1104 1520 1159 quam
1564 1090 1858 1145 celerrime
1886 1089 2054 1144 duce-

467 1184 619 1243 bant,
656 1198 875 1238 omnem
910 1184 1070 1239 nobis
1106 1185 1347 1253 undique
1382 1196 1746 1254 procurantes
1789 1183 2054 1238 securita-

472 1288 603 1343 tem.
634 1275 742 1330 Nec
768 1292 894 1331 raro
927 1277 980 1330 in
1027 1276 1113 1330 via
1152 1277 1206 1330 in
1240 1278 1441 1329 multas
1496 1274 1862 1330 Barbarorum
1920 1290 2057 1329 eou-

465 1368 749 1422 fluentium
789 1378 1004 1423 turmas
1042 1384 1107 1423 ac
1168 1368 1475 1438 manipulos
1515 1367 1918 1433 incidebamus,
1960 1368 2054 1436 qui

468 1476 662 1515 onmes
724 1460 927 1514 caedem
986 1461 1297 1530 spirarunt;
1369 1476 1470 1515 nec
1490 1461 1608 1514 leve
1646 1466 1766 1514 erat
1803 1474 1868 1512 ac
1895 1474 2060 1526 expe-

465 1553 640 1605 ditum
674 1554 795 1607 illus
825 1552 1084 1621 effugere,
1123 1555 1366 1615 tametsi,
1424 1554 1518 1622 qui
1549 1569 1646 1607 nos
1682 1552 1841 1622 primi
1895 1565 2050 1619 cepe-

472 1654 619 1711 rant,
673 1645 959 1715 Aithiopes
998 1647 1098 1699 viri
1148 1662 1386 1717 corpore
1438 1646 1807 1701 robustissimi
1850 1654 2057 1708 essent,

470 1753 570 1793 nec
600 1738 710 1791 ulla
772 1754 829 1793 re
879 1750 975 1792 aut
1038 1740 1230 1794 terreri
1283 1749 1507 1809 possent
1553 1747 1646 1792 aut
1681 1742 1747 1792 ad
1790 1738 2053 1807 impetum

465 1832 858 1898 remittemlum
908 1831 1115 1887 induci.
1166 1833 1435 1887 Caeterum
1477 1849 1585 1887 non
1612 1832 1712 1886 levi
1779 1831 1964 1885 labore
1994 1844 2056 1882 ac

464 1924 835 1992 trepidatione
870 1926 936 1979 ad
974 1942 1097 1978 eum
1133 1941 1294 1993 quem
1343 1925 1589 1980 dicebam
1636 1926 1892 1978 venimus
1914 1922 2053 1976 civi-

467 2016 600 2069 tatis
647 2025 893 2085 portum.
949 2016 1028 2070 lbi
1076 2016 1222 2070 enim
1252 2017 1490 2070 hostium
1521 2015 1717 2070 classis
1762 2015 1959 2069 ductor
1992 2028 2057 2068 ac

466 2108 773 2175 imperator
818 2108 1173 2173 consederat;
1214 2107 1301 2162 cui
1329 2116 1383 2160 et
1423 2106 1492 2161 de
1536 2106 1696 2161 nubis
1744 2104 2055 2160 nuntiatum

468 2207 557 2253 est
592 2214 621 2252 a
667 2199 952 2265 Barbaris,
990 2202 1082 2270 qui
1110 2200 1275 2254 simul
1306 2211 1487 2265 erant,
1517 2213 1795 2268 causaque
1846 2196 2060 2267 exposi-

469 2301 523 2345 ta
559 2308 659 2344 cur
693 2307 794 2346 nos
816 2291 918 2346 soli
943 2292 1144 2347 servati
1179 2308 1430 2347 essemus
1456 2307 1519 2345 ex
1553 2291 1811 2345 omnibus
1835 2291 1886 2342 iu
1920 2306 2060 2359 quos

470 2385 576 2452 ipsi
644 2384 980 2438 inciderant.
1029 2384 1168 2447 Tum
1228 2385 1320 2438 ille
1381 2385 1564 2438 statim
1617 2398 1783 2437 unum
1819 2384 2057 2451 aliquem

470 2491 820 2531 assessorum
854 2491 1083 2545 surgere
1107 2475 1307 2544 jubens
1332 2491 1395 2529 ac
1434 2486 1641 2530 rectum
1702 2484 1868 2538 stare,
1909 2473 2060 2543 ejus—

464 2567 681 2623 ceniodi
720 2568 774 2621 in
812 2583 917 2622 nos
949 2568 1280 2622 sententiam
1334 2568 1788 2638 promulgandam
1835 2576 2061 2621 contra-

466 2660 629 2727 didit,
664 2676 884 2730 nempe,
925 2662 969 2715 si
1011 2676 1138 2715 vera
1189 2662 1655 2729 eomperirentur.
1715 2660 1872 2730 561
1912 2675 2064 2730 quae-

467 2770 688 2823 cunque
744 2755 799 2809 in
869 2770 1029 2809 Inuro
1101 2761 1229 2808 ante
1293 2752 1551 2808 Barbaris
1611 2755 2062 2823 promiseramus,

464 2849 744 2919 rebusque
805 2849 939 2918 ipsis
995 2863 1116 2917 quae
1171 2848 1315 2918 pacti
1379 2864 1628 2901 essemus
1685 2848 2062 2917 impleremus,

466 2942 631 2997 nobis
704 2940 1038 3013 parcendum
1110 2956 1235 2996 esse
1298 2949 1463 3011 atque
1541 2944 1608 2996 ad
1679 2941 1860 3009 ipsum
1941 2956 2065 2995 rur—

464 3050 564 3090 sus
596 3037 985 3090 revertendum
1024 3052 1036 3087 :
1068 3034 1153 3087 sin
1191 3034 1328 3089 nihil
1356 3034 1634 3104 ejusmodi
1699 3050 1826 3089 vere
1856 3034 2067 3089 dixisse

466 3128 802 3191 invenerint,
845 3126 938 3183 sed
998 3127 1081 3180 vel
1122 3136 1283 3181 antea
1336 3129 1478 3183 male
1518 3127 1864 3197 consumptis
1897 3141 2063 3196 pecu-
2094 3156 2137 3213 ρ

466 3220 577 3273 niis
608 3219 690 3273 vel
723 3226 871 3273 metu
926 3219 1124 3273 mortis
1150 3218 1438 3273 mendacio
1483 3227 1680 3271 cuneta
1721 3218 2062 3280 finxerimus,

461 3320 607 3369 etut
645 3312 882 3383 primum
942 3312 1205 3381 impetum
1266 3312 1591 3375 vitaremus,
1632 3311 1963 3365 necessitate
1991 3310 2065 3363 ita

465 3414 697 3474 urgente
727 3420 849 3459 eam
893 3403 1141 3458 fraudem
1191 3403 1509 3467 fecerimus,
1568 3402 1770 3457 ibidem
1816 3402 2066 3471 singulos

463 3499 520 3551 in
574 3496 820 3551 metnbra
881 3496 1090 3551 divisos
1134 3497 1250 3550 neri
1314 3495 1615 3551 dedendos.
1664 3495 1861 3550 Statim
1901 3494 2068 3563 igitur

487 3605 797 3658 rursusque
819 3605 921 3644 nos
952 3590 1434 3644 cireumvallames
1458 3605 1523 3642 eo
1546 3588 1751 3643 dueere
1779 3587 2065 3658 iubebant,

467 3677 560 3732 ubi
598 3677 869 3747 repositas
899 3691 1023 3732 esse
1050 3661 1309 3745 pecunias
1329 3686 1488 3731 antea
1514 3677 1865 3743 dixeramus;
1899 3676 2066 3739 simul

467 3770 635 3824 etiam
667 3771 1000 3826 sententiam
1044 3780 1239 3824 contra
1300 3786 1399 3827 nos
1429 3771 1593 3825 latam
1629 3771 1887 3838 edebant,
1918 3780 1974 3826 et
2019 3772 2065 3826 si

468 3864 601 3932 quid
633 3880 700 3919 ex
761 3863 929 3919 dictis
977 3864 1117 3917 furte
1174 3864 1353 3934 reipsa
1386 3864 1688 3933 praestitum
1735 3881 1841 3918 non
1895 3872 2064 3927 esset,

466 3960 671 4028 quibus
703 3959 936 4013 accincti
991 3966 1170 4020 erant,
1201 3959 1429 4014 ensibus
1465 3957 1875 4014 decernendum
1919 3972 2063 4013 esse.

467 4052 654 4119 Quare
715 4062 829 4106 tum
891 4052 1067 4122 magis
1114 4066 1280 4121 quam
1335 4060 1462 4106 ante
1490 4062 1667 4107 metus
1708 4052 1959 4116 incessit,
2000 4065 2067 4104 ne

469 4149 614 4203 forte
646 4164 942 4202 vernarurn
994 4147 1303 4217 quispiam,
1351 4148 1435 4202 vel
1457 4164 1648 4203 eorum
1687 4149 1777 4218 qui
1812 4156 1937 4201 ante
1960 4146 2063 4201 luci

468 4248 728 4309 expertes
759 4248 965 4303 essent,
1002 4239 1121 4309 ipse
1149 4253 1371 4309 quoque
1402 4238 1517 4307 pari
1548 4239 1784 4308 quadam
1821 4237 2067 4291 necessi-

468 4338 583 4382 tate
654 4328 885 4381 adactus
941 4327 1247 4395 niurtisque
1288 4326 1567 4381 interitum
1626 4342 1821 4380 cavere
1874 4327 2065 4381 volens

468 4418 921 4473 abs-conditarum
990 4433 1173 4472 rerum
1223 4419 1437 4487 copiam
1521 4418 1670 4486 prior
1740 4418 2061 4481 indicasset,

2163 544 2300 613 μηδὲ
2339 545 2526 616 φωνὴν
2556 546 2776 611 ἀφεῖναι
2825 546 2903 615 τῷ
2958 548 3243 618 πράγματι
3275 545 3745 617 συγχωρούμενοι.

2161 635 2299 700 Τοὺς
2335 636 2585 700 πλείονας
2628 638 2685 690 δὲ
2733 637 2842 690 τῶν
2895 637 3190 709 βαρϐάρων
3218 641 3246 691 ό
3289 636 3518 706 σοϐαρὸς
3541 638 3748 699 ἐκεῖνος

2160 729 2592 798 ἀποτεμόμενος,
2626 729 2776 799 ἵππῳ
2820 728 3015 792 ἐπιϐὰς
3059 728 3330 797 ὲφεστῶτι
3362 727 3582 795 ἀπέπτη
3611 726 3657 757 ⁸⁸
3681 726 3750 778 ἐκ

2164 821 2328 890 μέσου
2360 821 2541 889 ἡμῶν,
2575 822 2885 890 προστάξας
2932 823 3027 874 καὶ
3079 821 3236 885 αὖθις
3279 820 3565 875 συλλαϐεῖν
3593 821 3749 888 ἡμᾶς

2159 913 2256 966 καὶ
2288 912 2531 983 πρὺςτὸν
2554 914 2750 983 λιμένα
2773 915 2873 982 τῆς
2890 915 3098 977 πόλεως
3121 913 3324 985 σπουδῇ
3346 913 3491 967 θέειν
3513 931 3526 943 ·
3555 910 3753 966 αὐτόοι

2159 1002 2267 1073 γαρ
2296 1004 2696 1056 κατασπεύδειν
2721 1006 2813 1057 καὶ
2838 1004 3034 1057 ἑαυτὸν
3068 1006 3195 1073 ἔφη.

2232 1096 2332 1164 νγ’.
2378 1097 2799 1166 Παραλαϐόντες
2847 1093 2940 1151 οὖν
2988 1098 3137 1167 ἡμᾶς
3189 1092 3326 1168 ἦγον
3371 1095 3447 1159 ὡς
3492 1096 3753 1165 τάχιστα.

2159 1192 2343 1244 πᾶσαν
2376 1192 2512 1259 ἡμῖν
2539 1189 2881 1260 πανταχόθεν
2932 1190 3237 1260 ἀσφάλειαν
3274 1188 3752 1261 περιποιούμενοι.

2160 1280 2270 1332 Καὶ
2293 1280 2564 1350 πολλαχοῦ
2595 1282 2695 1349 τῆς
2727 1281 2848 1334 ὁδοῦ
2903 1281 3315 1352 περιπίπτομεν
3361 1281 3577 1346 πολλοῖς
3607 1283 3756 1352 πλή⁴

2159 1370 2277 1425 θεσι
2307 1371 2415 1425 τῶν
2442 1372 2765 1442 εἰσρεόντων
2792 1372 3103 1443 βαρϐάρων,
3130 1373 3350 1425 πάντων
3374 1374 3534 1443 φόνον
3560 1374 3757 1428 πνεόν-

2156 1478 2287 1513 των*
2321 1462 2415 1514 καὶ
2432 1462 2491 1514 οὐ
2522 1464 2717 1533 μικρὸν
2738 1458 2806 1531 ἦν
2829 1462 2988 1532 ἔργον
3004 1461 3289 1516 λανθάνειν
3317 1461 3562 1526 τούτους,
3588 1465 3638 1515 εί
3658 1464 3759 1517 καὶ

2158 1554 2239 1607 ὅτι
2279 1552 2440 1625 ῥώμῃ
2478 1554 2650 1626 πολλῇ
2678 1556 2950 1625 σωμάτων
2976 1554 3070 1607 καὶ
3097 1555 3146 1607 οἱ
3176 1554 3572 1623 προειληφότες
3603 1556 3757 1624 ἡμᾶς

2157 1645 2416 1709 Αἰθίοπες
2472 1646 2721 1717 ὑπῆρχον
2760 1648 3177 1719 ἀνεσταλμένοι,
3214 1649 3310 1701 καὶ
3330 1647 3485 1700 οὐδὲν
3528 1643 3596 1717 ἧν
3628 1646 3664 1717 ἢ
3706 1648 3756 1677 ⁸⁷

2160 1739 2514 1808 καταπτῆξαι
2549 1739 2581 1810 ἢ
2609 1740 2709 1809 τῆς
2754 1741 2933 1811 ὁρμῆς
2964 1740 3165 1804 αὐτοὺς
3205 1737 3448 1792 ἐνδοῦναι
3477 1739 3538 1792 τὸ
3571 1738 3755 1809 παρά·

2158 1849 2267 1884 παν
2299 1832 2626 1901 δυνάμενον.
2669 1832 2818 1902 Πλὴν
2877 1833 2939 1885 οὐ
2978 1834 3101 1903 μετ’
3143 1831 3325 1899 ὀλίγου
3372 1832 3622 1901 καμάτου
3656 1833 3759 1884 καὶ

2158 1924 2397 1992 ἀγωνίας
2410 1924 2502 1976 τὸν
2520 1924 2756 1993 ῥηθέντα
2776 1924 2827 1976 λι
2837 1924 2972 1995 μένα
3000 1926 3098 1996 τῆς
3125 1926 3328 1990 πόλεως
3356 1925 3759 1995 κατελάϐομεν.

2158 2018 2359 2071 Αὐτόοι
2381 2018 2489 2088 γάρ
2515 2017 2704 2088 ἔτυχεν
2735 2017 2808 2070 ὢν
2838 2020 2931 2071 καὶ
2960 2020 2989 2071 ὁ
3020 2019 3131 2071 τῶν
3160 2020 3436 2091 πολεμίων
3469 2016 3562 2070 τοῦ
3591 2034 3762 2086 στρα-

2158 2107 2257 2161 τοῦ
2286 2107 2725 2178 καθηγούμενος,
2749 2101 2793 2175 ᾧ
2823 2107 2887 2177 δὴ
2922 2107 3014 2161 καὶ
3051 2108 3332 2179 ἀνηγγέλη
3356 2110 3424 2161 τὰ
3455 2104 3576 2161 καθ’
3605 2106 3779 2175 ἡμᾶς·
3812 2137 3825 2150 ο

2160 2200 2266 2253 ὑπὸ
2289 2200 2395 2253 τῶν
2423 2200 2695 2253 συνόντων
2742 2199 3059 2271 βαρϐάρων,
3106 2200 3500 2271 γνωρισάντων
3537 2198 3632 2251 καὶ
3656 2196 3763 2267 τὴν

2159 2293 2343 2346 αἰτίαν
2375 2293 2441 2344 δι’
2492 2293 2559 2363 ἢν
2615 2291 2812 2362 μόνους
2843 2292 2993 2362 ἡμᾶς
3025 2293 3090 2345 ἐκ
3122 2293 3343 2346 πάντων
3372 2291 3480 2345 τῶν
3520 2307 3768 2361 προστιμ-

2162 2387 2367 2456 χὸντων
2397 2384 2828 2456 περιεσώσαντο.
2859 2385 2956 2447 Ὃς
2999 2383 3060 2450 ἐξ
3110 2383 3283 2455 αὐτῆς
3328 2385 3427 2439 ἕνα
3477 2382 3601 2437 τινα
3647 2382 3763 2436 τῶν

2164 2480 2262 2533 σὺν
2291 2476 2441 2547 αὐτῷ
2473 2478 2576 2546 τῆς
2604 2477 2878 2547 καθέδρας
2914 2478 3291 2546 ἐξαναστήσας
3322 2480 3418 2531 καὶ
3449 2479 3561 2540 τοῖς
3589 2475 3762 2529 ἑστῶ-

2166 2589 2251 2625 σιν
2301 2570 2665 2640 ὲπισυνάψας,
2714 2571 2975 2640 τοιαύτην
3017 2571 3223 2625 δέδωκε
3266 2572 3391 2625 καθ’
3421 2572 3579 2642 ἡμῶν
3607 2572 3766 2641 αὐτῷ

2163 2664 2368 2733 ψῆφον,
2415 2661 2493 2725 ὡς
2549 2663 2598 2714 εἰ
2638 2661 2738 2731 μὲν
2767 2661 2947 2731 ἀληθῆ
2981 2664 3201 2730 φανεῖεν
3239 2663 3339 2715 ὅσα
3392 2661 3503 2723 τοῖς
3550 2659 3764 2731 βαρϐά-

2168 2774 2282 2829 ροις
2317 2756 2400 2829 [Ρ.
2431 2754 2558 2829 561]
2592 2757 2652 2808 ὲν
2684 2754 2760 2824 τῷ
2814 2754 2983 2823 τείχει
3048 2753 3542 2826 προῦπεσχόμεθα,
3575 2751 3765 2825 ἔργοις

2167 2851 2352 2913 αὐτοῖς
2408 2847 2766 2920 πληρούντων
2830 2848 2928 2911 τὰς
3009 2848 3331 2918 ὑποθήκας,
3386 2847 3482 2901 καὶ
3540 2845 3761 2915 φειδοῦς

2168 2943 2465 3013 ἀξιωθῆναι
2519 2943 2615 2995 καὶ
2659 2942 2795 3013 πρὸς
2860 2926 3023 2996 αὐτὸν
3054 2941 3218 2995 πάλιν
3272 2937 3752 3008 ἀνθυποστρέψαιο

2169 3038 2218 3089 εἰ
2253 3037 2310 3090 δέ
2339 3053 2401 3104 γε
2433 3036 2601 3107 μηδὲν
2637 3036 2877 3088 τοιοῦτον
2924 3032 3140 3104 ἀληθῶς
3173 3034 3361 3104 λεχθὲν
3385 3033 3617 3104 εὕροιεν,
3643 3030 3760 3085 ἀλλ’

2171 3128 2203 3197 ἢ
2234 3128 2762 3198 προαπολωλεκότας
2788 3129 2856 3179 τὰ
2910 3128 3193 3198 χρήματα.
3220 3126 3253 3196 ἢ
3285 3126 3379 3179 τὸν
3414 3127 3649 3182 θάνατον
3677 3125 3764 3178 δε-

2168 3218 2349 3283 διότας
2390 3220 2605 3274 ἅπαντα
2627 3218 3005 3288 ψευσαμένους
3041 3219 3135 3272 καὶ
3165 3219 3355 3291 ὥσπερ
3384 3218 3483 3289 τὴν
3532 3217 3764 3289 πρώτην

2169 3311 2413 3377 ἔντευξιν
2446 3311 2900 3382 ἀποκρούσασθαι
2927 3310 3015 3364 διὰ
3048 3313 3146 3382 τὴν
3167 3312 3417 3383 ἀνάγκην
3443 3311 3538 3364 τοῦ
3563 3309 3764 3380 καιροῦ

2170 3401 2593 3471 σοφισαμένους,
2630 3402 2743 3463 τοῖς
2797 3399 3007 3469 ξίφεσιν
3032 3401 3130 3453 ἕνα
3169 3402 3403 3454 ἕκαστον
3451 3403 3636 3453 ἐκεῖσε
3692 3400 3768 3452 διο

2169 3491 2390 3554 ελόντας
2412 3491 2511 3561 τῆς
2565 3490 2711 3559 ζωῆς
2770 3490 3100 3557 ἀπαλλάξαι.
3144 3491 3496 3562 Παραχρῆμα
3528 3486 3624 3544 οὖν
3669 3491 3766 3543 καὶ

2170 3583 2334 3636 πάλιν
2376 3586 2576 3654 μέσους
2623 3585 2771 3654 ἡμᾶς
2821 3583 3171 3647 διαλαὸόντες
3218 3585 3373 3648 ἄγειν
3435 3584 3766 3647 ἐπέταττον,

2169 3675 2299 3729 ἔνθα
2328 3676 2394 3747 δὴ
2443 3676 2862 3746 τεταμιεῦσθαι,
2913 3678 3098 3746 φασιν,
3140 3676 3229 3745 ὑφ’
3266 3677 3423 3747 ἡμῶν
3453 3677 3498 3709 ⁸⁸
3522 3678 3763 3747 1:90:61;-

2168 3766 2315 3838 λώθη
2343 3768 2414 3820 τὰ
2443 3771 2725 3839 χρήματα,
2795 3768 3105 3834 ἐξειπόντες
3163 3769 3259 3823 κα)⁸
3306 3770 3406 3840 τὴν
3446 3768 3573 3822 καθ’
3603 3769 3757 3840 ἡμῶν

2169 3858 2546 3930 ὲξενεχθείσαν
2610 3861 2914 3930 ἀπόφασιν,
2976 3861 3074 3915 καὶ
3144 3862 3220 3925 ὼς
3248 3862 3302 3913 εί
3344 3879 3396 3914 τι
3446 3861 3614 3932 τυχὸν
3652 3861 3767 3914 τῶν

2168 3952 2474 4022 λεχθέντων
2502 3952 2579 4025 μὴ
2605 3954 2740 4025 πρὸς
2770 3954 2930 4024 ἔργον
2953 3953 3168 4024 ἀχθείη,
3202 3956 3312 4017 τοῖς
3341 3953 3518 4023 ξίφεσι
3547 3952 3766 4015 τούτοις

2168 4043 2607 4117 διακριθήσεται.
2644 4044 2774 4108 Δέος
2830 4041 2925 4098 οὖν
2974 4045 3104 4115 ἡμῖν
3130 4045 3175 4076 θ’
3210 4044 3304 4098 καὶ
3326 4045 3449 4097 τότε
3492 4044 3698 4114 μᾶλλον
3729 4043 3763 4112 ἧ

2169 4136 2437 4207 πρότερον
2469 4135 2739 4208 ὲπεισῄει,
2783 4137 2922 4207 τάχα
2956 4136 3033 4206 μή
3071 4134 3175 4188 πού
3210 4154 3294 4199 τις
3319 4134 3428 4188 τῶν
3461 4134 3695 4189 οἰκετῶν
3729 4132 3763 4203 ἢ

2168 4228 2277 4280 τῶν
2310 4227 2792 4299 προπειραοέντων
2814 4227 2907 4279 τοῦ
2954 4228 3145 4292 τόπου,
3206 4227 3569 4299 παραπλησία
3605 4242 3765 4296 περι-

2167 4318 2347 4390 τυχὼν
2400 4318 2618 4391 ἀνάγκῃ
2669 4321 2763 4373 καὶ
2815 4319 2984 4373 θέλων
3023 4320 3118 4372 καὶ
3178 4320 3341 4383 αὐτὸς
3387 4318 3478 4372 τὸν
3534 4317 3765 4389 ὄλεθρον

2170 4416 2456 4486 ἐκφυγεῖν,
2514 4415 2868 4484 προεσήμανε
2918 4414 3018 4483 τὴν
3043 4414 3326 4484 δαψίλειαν
3365 4414 3475 4466 τῶν
3506 4429 3765 4482 κεκρυμ-

473 4511 792 4580 frustraque
838 4510 1007 4565 lautis
1031 4508 1301 4566 machinis
1334 4526 1400 4565 ac
1420 4511 1670 4566 consiliis
1701 4513 1823 4566 vitae
1844 4513 2063 4567 studere

2179 4504 2495 4578 μὲνωνᾳαὶ
2525 4505 2702 4575 μάτην
2727 4504 3036 4577 εὑρέθημεν
3060 4508 3221 4577 ἡμεῖς
3248 4505 3538 4569 τοσαύταις
3575 4521 3764 4576 μηχα-

474 4592 871 4658 invenirentur.

544 4691 638 4746 54.
671 4690 966 4745 Enimvero
1002 4707 1128 4745 cum
1168 4691 1399 4747 necdum
1444 4693 1557 4748 haac
1607 4702 1760 4749 certo
1790 4695 2067 4765 dispit-ere
2114 4764 2119 4777 ἱ

474 4799 791 4851 possemus,
822 4784 889 4838 ad
936 4785 1117 4853 locum
1146 4786 1495 4851 devenimus,
1528 4786 1722 4857 sicque
1772 4788 2065 4843 habentem

436 4870 441 4877 ’
472 4875 806 4931 offendimus
840 4876 1306 4947 quemadmodum
1364 4894 1511 4942 cum,
1544 4895 1669 4934 cum
1698 4896 1787 4934 res
1820 4883 2067 4935 occulta-

474 4978 690 5035 rentnr,
728 4969 1172 5039 signaveramus.
1206 4971 1267 5025 In
1312 4988 1421 5026 uno
1476 4974 1621 5028 enim
1663 4975 1883 5029 occulto
1934 4990 2070 5029 con-

472 5064 638 5127 elavi,
694 5063 1014 5134 quicunque
1049 5080 1275 5121 eramus
1309 5068 1597 5134 sanguinis
1660 5072 2071 5126 necessitudine

474 5155 758 5225 conjuncti
792 5166 956 5224 atque
1006 5158 1326 5227 propinqui,
1362 5176 1460 5215 sua
1492 5164 1731 5233 quisque
1780 5180 2068 5235 reponere,

473 5247 634 5317 quasi
704 5246 757 5300 id
807 5245 953 5315 quod
997 5259 1116 5302 erat
1173 5249 1418 5304 futurum
1467 5252 1866 5316 divinaremus,
1924 5255 2067 5308 haud

473 5334 791 5389 inconsulta
829 5335 1043 5390 ratione
1074 5334 1236 5407 562
1260 5347 1654 5396 statueramus.
1709 5339 1887 5410 llujus
1908 5342 2059 5396 aditu

474 5427 735 5482 [turbaris
790 5439 1249 5497 commonstrato,
1306 5432 1427 5500 ipso
1486 5433 1698 5503 lapidea
1742 5435 1926 5489 tabula
1958 5438 2059 5489 ub-

474 5529 707 5585 structo,
734 5522 1009 5584 stetimus,
1042 5523 1230 5579 multis
1291 5526 1581 5594 anxiisquc
1632 5526 2061 5596 cogitationibus

476 5615 659 5668 animo
699 5615 949 5669 liberato.
983 5614 1099 5671 Jam
1132 5618 1275 5673 enim
1313 5619 1447 5673 nihil
1478 5627 1597 5674 erat
1640 5620 1783 5690 quod
1823 5624 2061 5691 promis-

2168 4602 2285 4663 ναῖς
2310 4598 2408 4669 τὴν
2441 4596 2651 4651 ἑαυτῶν
2679 4597 2823 4660 ζωὴν
2860 4598 3310 4670 συντηρούμενοι.

2239 4689 2331 4745 νδ’.
2370 4690 2511 4743 Ἀλλ’
2566 4687 2721 4743 οὔπω
2772 4690 2945 4743 ταῦτα
2992 4691 3227 4760 βεϐαίως
3255 4690 3470 4761 ἔχοντες
3509 4692 3765 4754 σκοπεῖν,

2168 4784 2534 4853 πεφθάκαμεν
2556 4784 2603 4812 τ⁰
2638 4782 2729 4834 τὸν
2757 4783 2920 4835 τόπον
2950 4782 3125 4845 οὕτως
3164 4782 3358 4853 ἔχοντα
3391 4782 3570 4846 καθὼς
3599 4785 3659 4835 ὲν
3685 4783 3767 4853 τῷ

2168 4878 2349 4951 καιρῷ
2409 4881 2507 4949 τῆς
2564 4877 2812 4947 φυλακῆς
2851 4875 3354 4946 ὲσημειωσάμεθα·
3399 4874 3602 4945 ὑφ’-ἐνὶ
3651 4877 3766 4946 γάρ

2172 4990 2277 5026 τινι
2300 4969 2600 5042 κρυφιώδει
2628 4967 2865 5038 ταμείῳ,
2901 4968 3125 5039 ὅσοιπερ
3169 4967 3236 5022 ἂν
3264 4962 3409 5038 ἦμεν
3446 4966 3588 5019 κατὰ
3626 4984 3765 5035 συγο

2172 5065 2390 5133 γένειαν
2455 5060 2913 5131 ἀγχιστεύοντες,
2974 5060 3371 5131 προαποθεῖναι
3434 5061 3501 5115 τὰ
3565 5060 3765 5115 ἑαυτοῦ

2169 5157 2421 5219 ἕκαστος,
2444 5155 2636 5225 ὥσπερ
2668 5151 2764 5207 τοῦ
2799 5152 3084 5223 μέλλοντος
3113 5155 3527 5224 μαντευόμενοι,
3551 5172 3765 5225 συμφε-

2174 5251 2375 5320 ρόντως
2408 5246 2875 5317 ἐϐουλευσάμεθα.
2913 5240 2989 5299 υῦ
3029 5250 3123 5300 καὶ
3152 5248 3250 5318 τὴν
3280 5247 3458 5313 ἔξοδον
3487 5251 3602 5312 τοῖς
3631 5249 3765 5319 βαρ-

2174 5340 2906 5413 ϐάροιςκαθυποδείξαντες,
2962 5341 3083 5411 ητις
3106 5336 3173 5411 ἧν
3201 5341 3378 5413 λιθίνῃ
3421 5342 3594 5395 πλακὶ
3626 5360 3759 5395 κατ-

2173 5430 2580 5505 ησφαλισμένη,
2637 5431 2909 5502 ίστάμεθα
2940 5432 3048 5485 τῶν
3080 5433 3293 5487 πολλῶν
3342 5433 3626 5503 λογισμῶν
3664 5435 3759 5499 τὰς

2172 5528 2348 5599 ιέρυχὰς
2378 5527 2761 5597 περιάραντες.
2792 5524 2930 5594 Ἤδη
2964 5526 3066 5594 μὲν
3116 5527 3223 5598 γὰρ
3256 5527 3422 5597 μηδὲν
3444 5525 3542 5580 τοῦ
3571 5527 3761 5581 λοιποῦ

2173 5622 2404 5676 δεδιέναι
2437 5620 2598 5689 χάριν
2646 5619 2744 5686 τῆς
2782 5612 3164 5687 ὑποσχέσεωςζ
3198 5618 3512 5673 τούναντίον
3546 5618 3645 5688 μὲν
3671 5619 3763 5672 οὖν

1775 5716 2012 5772 νΑῐιιίΕ
2051 5715 2462 5775 LECTIONES.

483 5801 527 5828 "
550 5802 817 5866 ἀτενίζειν
842 5806 899 5858 Ρ.
981 5810 1023 5838 ⁶⁶
1048 5808 1242 5878 διέπτη
1273 5810 1335 5863 Α.
1418 5810 1458 5841 ⁸⁷
1489 5805 1556 5881 ἦν
1677 5808 1744 5881 ἦν
1770 5811 1797 5863 ὅ
1826 5812 1891 5867 Α.

1978 5813 2022 5844 θ’
2057 5814 2247 5883 ὖμῶνῖδ
2326 5813 2369 5843 ⁸³
2434 5812 2593 5882 ἡμῶν
2626 5814 2731 5867 ΔΡ.

2813 5814 2858 5843 το
2910 5810 3198 5880 πέφθαμεν
3233 5809 3293 5862 Ρ.
