4094 6410
286 382 395 438 ϐῑῖ5

1367 387 1462 444 DE
1499 387 1813 448 EXClDlO
1838 390 1884 448 Τ
1891 391 2124 452 HESSA
2139 396 2448 464 LONICE.

3476 416 3581 474 (30,6

227 553 238 564 .
280 497 716 549 σδ-ιεκταθεῖσαν
771 499 864 550 καὶ
896 495 992 550 τοῦ
1043 496 1235 565 καιροῦ
1267 499 1364 567 τὴν
1397 500 1670 563 ἐπίτασιν,
1701 500 1778 564 ὡς
1825 503 1862 553 ὲι

1985 521 2050 559 es
2085 517 2276 563 natura
2312 513 2521 575 devios.
2560 523 2613 568 et
2647 531 2772 568 eum
2828 519 3080 586 praesenti
3131 520 3400 575 malorum
3437 536 3572 576 tes-.u

277 587 444 658 ὀλίγῃ
475 589 620 657 ῥοπῇ
656 586 1060 658 πελιδνωθῆναι
1089 591 1189 653 τὰς
1220 589 1329 643 τῶν
1363 592 1671 662 ἀνθρώπων
1723 593 1878 663 ὖψεις

279 678 548 749 καὶπρὸς
601 680 703 746 τὴν
763 681 1058 759 συμφορὰν
1109 679 1197 752 [Ρ.
1246 682 1373 754 566]
1425 684 1880 753 μεταϐάλλεσθαι,

283 774 505 836 πάντας
524 774 582 826 δὲ
608 774 817 843 ὁμοίως
838 775 1090 842 ἐφίεσθαι
1121 777 1220 829 καὶ
1251 779 1479 849 ἀπορεῖν
1511 780 1723 849 ρανίδος
1749 783 1880 851 μιᾶς

285 863 486 926 ὓοΞατος
539 864 673 928 τούς
726 882 790 918 τε
842 867 1079 931 ἐντελεῖς
1113 867 1213 936 τὴν
1239 869 1457 938 ἠλικίαν
1500 871 1596 924 καὶ
1648 873 1774 934 τοὺς
1799 873 1881 924 ἔτι

289 956 491 1026 κομιδῇ
535 957 713 1022 νέους,
756 958 908 1011 οὐδὲν
944 959 1132 1028 ἕτερον
1165 960 1284 1014 ἀλλ’
1324 961 1357 1032 ἢ
1409 963 1570 1031 μόνον
1607 963 1880 1033 ἀναψῦξαι

288 1051 493 1122 μικρὸν
548 1053 652 1120 τὴν
709 1055 1041 1122 συνέχουσαν
1087 1053 1250 1124 δίψαν
1303 1056 1733 1127 ἐπιζητοῦντας,
1783 1059 1880 1111 καὶ

281 1145 410 1197 οὐδὲ
441 1144 634 1198 τούτου
676 1147 1070 1215 τυγχάνοντας.
1144 1146 1284 1200 ⁹Δλλ’
1339 1150 1398 1201 ὲν
1431 1148 1642 1212 τούτοις
1691 1150 1754 1202 τὸ
1781 1152 1881 1222 τῆς

284 1239 508 1308 ἡμέρας
553 1238 776 1307 ἐκείνης
827 1239 1090 1308 περιῆλθε
1121 1239 1421 1312 διάστημα,
1453 1241 1674 1294 πάντων
1703 1260 1877 1314 προσ-

278 1328 440 1394 τάξει
471 1329 568 1381 τοῦ
599 1328 922 1399 δυσωνύμου
975 1330 1143 1402 θηρὸς
1174 1331 1320 1384 κατά
1353 1332 1650 1401 διαφόρους
1677 1333 1880 1395 τόπους

281 1421 535 1489 σιιιρηδῦν
580 1421 684 1473 ὑπὸ
717 1421 828 1474 τῶν
879 1421 1175 1492 βαρϐάρων
1207 1423 1640 1493 ἀφορισθέντων,
1675 1419 1757 1487 οἷς
1789 1426 1878 1478 καὶ

277 1509 539 1575 ερύλακας
575 1509 920 1579 ὲφήδρευσαν
955 1512 1364 1565 ὑποϐλέπεσθαι
1391 1513 1616 1575 τούτους
1653 1514 1741 1566 διὰ
1772 1515 1880 1567 πά⁴

281 1618 390 1668 σης
425 1601 645 1666 νυκτὸς,
686 1603 759 1671 μή
801 1603 906 1655 πού
945 1620 1030 1664 τις
1082 1604 1146 1656 ὲκ
1185 1604 1353 1672 μέσου
1387 1604 1672 1674 διαδρᾶναι
1717 1606 1877 1677 δυνηο

277 1693 425 1760 θείη.
456 1694 570 1744 Καὶ
591 1695 730 1763 ἡμῖν
765 1693 823 1747 δὲ
864 1696 1051 1758 αὐτοῖς
1093 1697 1150 1748 ὲν
1175 1696 1219 1728 ⁸⁷
1245 1689 1401 1766 ᾧπερ
1426 1693 1570 1767 ἦμεν
1607 1698 1878 1768 φυλαττό-

280 1801 440 1851 μενοι
494 1785 646 1854 τόπῳ
704 1788 1053 1855 συμμιγῆναι
1114 1787 1415 1856 προσέταξε
1471 1786 1583 1841 τῶν
1633 1788 1876 1842 ἁλόντων

278 1878 488 1945 ἄνδρας
529 1878 666 1930 ὡσεὶ
695 1879 1062 1949 πεντήκοντα,
1113 1872 1189 1931 ὧν
1217 1882 1272 1932 ot
1313 1880 1536 1942 πλείους
1567 1883 1663 1934 καὶ
1703 1899 1872 1951 τραυ-

279 1972 476 2038 ματίαι
504 1972 828 2041 ἐτύγχανον,
853 1973 922 2026 τά
959 1973 1082 2042 ῐχνη
1107 1973 1206 2025 τοῦ
1236 1973 1471 2027 θανάτου
1504 1977 1615 2036 τοῖς
1653 1977 1869 2044 σώμασι

273 2065 674 2132 περιφέροντες
725 2065 820 2116 καὶ
873 2065 1009 2134 μηδὲ
1043 2068 1157 2128 τοῖς
1195 2065 1324 2134 ἑξῆς
1355 2067 1584 2136 θαρρεῖν
1630 2067 1864 2136 ἔχοντες·

274 2159 337 2208 ὲκ
378 2157 550 2224 μέσον
582 2155 692 2224 γάρ
735 2155 914 2208 αὐτῶν
971 2157 1133 2226 μέχρι
1170 2157 1302 2212 δέκα
1358 2159 1450 2211 τὸν
1494 2160 1729 2228 ἀριθμὸν
1767 2162 1866 2213 λα-

270 2247 467 2310 ὀὸντες
499 2249 911 2316 ἑναπέσφαξαν,
965 2250 1062 2302 καὶ
1113 2250 1235 2304 οὐδὲ
1282 2251 1502 2314 τούτοις
1533 2253 1778 2323 ὑπῆρχον
1807 2255 1865 2306 ἐν

282 2341 563 2412 ἀσφαλείᾳ
595 2344 650 2395 ai
677 2357 748 2393 πε
760 2343 811 2413 ρ¹ί
841 2343 935 2395 τοῦ
965 2344 1068 2412 ζῇν
1108 2345 1247 2406 τέως
1291 2346 1532 2411 ἐλπίδες,
1558 2347 1676 2399 ἀλλ’
1709 2347 1865 2400 ἐκλοο

273 2433 467 2486 νοῦντο
513 2434 605 2485 καὶ
645 2433 1036 2503 διεθρύπτοντο
1065 2435 1165 2506 τὴν
1206 2435 1402 2505 ὁμοίαν
1435 2440 1549 2499 τοῖς
1581 2440 1864 2504 κειμένοις

271 2525 555 2592 ἀπόφασιν
579 2527 991 2595 περιμένοντες.
1029 2526 1170 2578 Ἀλλ’
1187 2527 1399 2597 ἐπειδὴ,
1423 2528 1557 2581 καθὸ
1586 2528 1859 2595 λέλεκται,

269 2618 337 2670 τὰ
371 2617 505 2686 περὶ
547 2617 758 2671 τούτων
814 2619 946 2688 τέλη
1001 2621 1134 2690 παρ’
1167 2619 1382 2682 ἑαυτοῖς
1414 2619 1651 2687 ἔφθασεν
1704 2624 1735 2691 ή
1765 2621 1860 2688 νὺξ

269 2713 602 2784 διακόψασα,
639 2715 866 2768 ὲσόδουν
899 2717 1045 2780 τινὲς
1095 2715 1208 2769 τῶν
1249 2715 1544 2786 βαρϐάρων
1574 2719 1861 2788 περιερχό-

272 2825 433 2878 μενοι
462 2808 560 2862 καί
583 2826 693 2862 τισι
724 2808 1030 2878 κυμϐάλοις
1061 2808 1398 2872 κτυποῦντες
1430 2810 1526 2862 καὶ
1562 2809 1859 2873 ἀλαλάζον-

265 2918 378 2965 τες,
410 2901 516 2963 ἕως
551 2901 714 2955 πάλιν
740 2900 974 2970 ἔφθασεν
1020 2901 1250 2964 ἐπιστὰς
1278 2904 1306 2955 ὁ
1341 2901 1559 2973 ὄρθρος,
1591 2902 1857 2974 ὀδυνηρὰν

269 2993 607 3062 προσδοκίαν
637 2996 751 3056 τοῖς
777 2996 836 3046 ἐν
871 2994 1079 3065 ὑποψία
1107 2994 1344 3048 θανάτου
1380 2995 1501 3062 μεθ’
1540 2996 1737 3049 ἑαυτοῦ
1765 3014 1857 3049 κο-

269 3084 587 3154 μιζόμενος.
621 3085 764 3137 Ἀλλ’
793 3085 948 3139 οὐδὲν
993 3084 1153 3138 πλέον
1198 3085 1229 3155 ἢ
1266 3084 1353 3138 διὰ
1405 3084 1594 3154 ξίφους
1635 3086 1740 3156 ﬂ“
1767 3085 1854 3140 διά

1983 602 2247 668 temporis
2277 620 2494 674 quoque
2526 607 2606 660 sic
2630 618 2844 662 auctam
2869 612 3342 678 exaestuationem,
3366 621 3424 666 ttt
3454 613 3576 668 bre-

1981 693 2031 746 vi
2090 705 2369 750 momento
2423 699 2708 753 hominum
2769 701 2936 758 facies
2968 704 3137 758 livore
3168 717 3456 761 contracto
3510 722 3573 760 ac

1980 788 2359 856 uigresecntes
2395 807 2462 846 ex
2519 794 2809 848 infortunii
2870 798 3082 852 ratione
3120 799 3280 851 aliam
3341 800 3568 854 formam

1979 878 2264 935 induerint
2293 899 2307 947 ;
2335 887 2634 953 cunctique
2661 888 2866 954 pariter
2888 888 3218 942 ardentibus
3245 891 3388 945 votis
3414 906 3570 960 aqua:

1978 983 2186 1042 guttam
2213 977 2626 1044 desiderabant,
2661 995 2725 1033 ac
2762 996 2831 1034 ne
2863 982 2983 1050 ejus
3012 981 3234 1051 quidem
3289 993 3570 1054 compotes

1973 1077 2152 1121 erant.
2207 1067 2454 1124 Perfecta
2515 1073 2612 1126 viri
2660 1082 2820 1127 aetate
2864 1082 3030 1143 atque
3086 1075 3341 1142 juvenes,
3397 1091 3571 1144 eaque

1978 1157 2158 1211 adhuc
2185 1159 2494 1213 minuscula
2529 1177 2592 1214 ac
2629 1165 2805 1230 pueri,
2841 1165 2990 1218 aliud
3019 1165 3154 1218 nihil
3197 1167 3572 1235 exposcebant

1974 1265 2138 1318 quant
2181 1264 2239 1304 ut
2297 1254 2474 1306 solum
2510 1254 2795 1324 refrigerio
2858 1258 3044 1327 aliquo
3096 1260 3243 1312 sitim
3302 1267 3573 1328 tempera-

1974 1352 2115 1405 rent,
2155 1357 2222 1396 ac
2279 1359 2346 1398 tte
2378 1346 2429 1398 id
2495 1347 2716 1414 quidem
2769 1349 3117 1403 obtinebant.
3162 1349 3256 1403 Sic
3309 1351 3566 1404 nimirum

1976 1436 2158 1490 cunnis
2191 1436 2286 1489 illa
2321 1445 2604 1491 transacta
2639 1439 2779 1505 dies,
2805 1442 3066 1496 omnibus
3097 1442 3331 1496 diversis
3379 1442 3431 1494 in
3488 1442 3570 1494 lo-

1971 1529 2058 1580 eis
2087 1527 2311 1580 infamis
2342 1529 2535 1582 bellum
2569 1531 2727 1598 jussu
2771 1534 3066 1588 acervatim
3096 1533 3422 1604 segregatis,
3453 1534 3572 1602 qni-

1977 1618 2082 1672 bus
2113 1627 2166 1672 et
2192 1622 2452 1675 custodes
2495 1623 2733 1692 prtefecti
2781 1625 2835 1678 in
2867 1640 3088 1680 omnem
3120 1635 3336 1680 noctem
3381 1626 3568 1696 dispe-

1973 1711 2142 1772 cturi,
2174 1725 2240 1765 ne
2286 1712 2412 1779 quis
2442 1730 2472 1766 e
2515 1713 2699 1768 medio
2731 1730 2791 1770 se
2831 1715 3140 1770 subducere
3192 1731 3256 1769 ac
3305 1714 3569 1784 diffugere

1983 1810 2191 1870 posset.
2251 1801 2355 1857 Sed
2389 1811 2440 1858 et
2496 1806 2682 1870 nobis,
2755 1821 2865 1875 quo
2904 1808 3024 1862 loco
3075 1805 3452 1870 servabamur,
3500 1820 3564 1858 ex

1977 1891 2326 1958 captivorum
2365 1893 2524 1945 turba
2553 1893 2654 1946 viri
2685 1894 2908 1949 circiter
2967 1897 3368 1965 quinquaginta
3411 1910 3566 1948 eom-

1978 1982 2197 2036 misceri
2228 1983 2365 2052 jussi
2397 2001 2412 2049 ;
2455 1985 2548 2054 qui
2584 1996 2639 2039 et
2675 1985 2925 2057 plerique
2955 1990 3197 2058 acceptis
3233 1987 3561 2042 vulneribus

1978 2075 2172 2129 mortis
2197 2077 2425 2143 vestigia
2466 2081 2792 2148 corporibus
2820 2081 3090 2151 impressa
3121 2082 3562 2140 circmnl’erreut,

1975 2184 2078 2222 nec
2116 2177 2171 2222 ut
2214 2171 2403 2225 mitius
2433 2172 2486 2224 in
2537 2183 2819 2242 posterum
2871 2175 3136 2229 baberent
3195 2177 3360 2228 ullam
3410 2192 3562 2244 spem

1974 2262 2260 2318 baberent.
2295 2265 2376 2318 Ad
2410 2266 2598 2320 decem
2631 2268 2776 2320 enim
2810 2283 2840 2323 c
2884 2269 3064 2323 medio
3090 2269 3311 2322 illorum
3372 2278 3561 2336 raptos

1971 2359 2117 2412 tristi
2168 2373 2298 2412 nece
2333 2359 2547 2428 gladius
2606 2361 2850 2415 sustulit.
2883 2359 2992 2414 Sed
3025 2377 3126 2415 nec
3172 2361 3399 2430 reliquis
3456 2362 3562 2412 ulla

1971 2455 2094 2509 vitae
2121 2453 2392 2509 securitas
2421 2461 2559 2512 erat,
2597 2452 2691 2506 sed
2724 2453 3075 2506 interturbati
3120 2461 3174 2506 et
3221 2461 3565 2506 nutantesac

1971 2546 2226 2600 dissoluti
2257 2543 2506 2598 eamdem
2543 2557 2606 2596 ac
2631 2541 2891 2610 jugulati,
2924 2551 2978 2595 et
3026 2556 3260 2610 quorum
3310 2542 3565 2608 jacebant

1969 2638 2264 2696 cadavera,
2309 2633 2642 2687 sententiam
2679 2632 3098 2700 exspectabant.
3126 2629 3262 2696 Quia
3292 2645 3444 2691 vero,
3499 2639 3554 2682 ut

1971 2728 2247 2785 dicebam,
2274 2724 2520 2792 ipsorum
2549 2724 2604 2774 in
2640 2721 2728 2776 his
2761 2721 2946 2775 studia
2974 2737 3076 2775 uox
3105 2721 3422 2790 interrupit,
3463 2736 3563 2772 nec

1966 2819 2103 2873 satis
2134 2833 2228 2886 per
2255 2831 2388 2880 eam,
2413 2813 2630 2881 negetiu
2675 2812 2835 2882 56']
2862 2811 3023 2864 tinem
3070 2812 3357 2880 imponere
3384 2811 3560 2872 licuit,
3621 2877 3623 2880 ρ

1966 2909 2334 2965 Barbarorttm
2359 2904 2582 2974 quidam
2609 2905 3021 2957 circumeuntes
3047 2903 3422 2972 cymbalisque
3440 2905 3564 2970 qui-

1965 3001 2196 3057 busdam
2236 3005 2640 3068 perstrepentes
2663 3011 2728 3050 ac
2755 2996 3032 3049 ululantes
3062 3011 3188 3050 sese
3226 2993 3558 3050 inferebant,

1962 3093 2137 3149 donec
2160 3104 2526 3145 rnrsusmane
2545 3087 2846 3141 adveniens
2865 3087 3148 3141 molestam
3178 3087 3265 3151 iis,
3285 3088 3376 3155 qui
3397 3103 3456 3139 se
3473 3103 3563 3138 tw-

266 3181 364 3246 τῆς
398 3178 562 3250 δίψης
608 3180 784 3249 φθορὰ
815 3181 1029 3244 πάντας
1059 3181 1377 3250 ἀνήλισκεν,
1483 3181 1577 3233 καὶ
1606 3180 1854 3250 σφοδρῶς

1966 3200 2024 3240 re
2044 3182 2343 3239 tradendus
2362 3181 2712 3246 verebantur,
2737 3182 3204 3248 exspectationem
3229 3196 3414 3234 secum
3433 3180 3564 3231 alii--

266 3274 590 3343 πιεζόμενοι
643 3273 906 3342 ἐδεόμεθα
952 3276 1066 3337 τοῖς
1121 3273 1343 3327 συνοῦσι
1399 3273 1502 3327 κᾶν
1557 3275 1669 3327 τῶν
1713 3274 1859 3344 διερ-

264 3367 521 3438 χομένων
551 3365 770 3419 ὑδάτων
793 3363 870 3436 τῷ
895 3364 1046 3431 τόπῳ
1073 3365 1402 3433 μεταλαϐεῖν
1430 3365 1524 3419 καί
1547 3383 1693 3429 τινος
1723 3365 1858 3436 βρα-

262 3461 419 3532 χείας
444 3459 745 3530 μετασχεῖν
768 3457 988 3527 ἀνοχῆς.
1014 3458 1076 3510 Οἱ
1099 3457 1156 3510 δὲ
1174 3458 1309 3530 πρὸς
1334 3457 1491 3510 τοῦτο
1519 3458 1770 3511 ἀνένευον
1787 3456 1854 3524 ⁸⁸,

263 3557 358 3624 οὐχ
381 3555 467 3608 ὅτι
501 3553 608 3605 τινὶ
639 3549 956 3621 συμπαθείᾳ
988 3550 1119 3621 περὶ
1180 3552 1331 3620 ἡμᾶς
1376 3551 1676 3622 ἐκέχρηντο
1717 3551 1856 3622 (πῶς

266 3647 371 3714 γὰρ
399 3646 451 3698 οί
488 3645 609 3706 ταῖς
649 3644 886 3710 σφαγαῖς
914 3641 1295 3712 ἐντρυφῶντες
1325 3643 1419 3694 καὶ
1459 3642 1690 3696 θάνατον
1718 3645 1860 3696 ἀπο·-

263 3735 605 3803 πνέοντεςς),
642 3733 759 3788 ἀλλ’
797 3735 878 3787 ὅτι
905 3734 968 3787 τὸ
1021 3733 1165 3805 ὕδωρ
1195 3737 1372 3788 ἐκεῖνο
1403 3736 1504 3804 τῆς
1533 3735 1742 3799 πόλεως
1797 3736 1856 3789 δν

269 3831 486 3898 ἀπάσης
514 3827 628 3882 τῶν
654 3826 898 3898 ὲφέδρων
931 3827 980 3859 ’⁵
1011 3827 1285 3897 ἀπόρροια
1320 3828 1504 3880 ἰκανὸν
1528 3823 1705 3900 ἦνκαὶ
1733 3828 1856 3898 δίχα

279 3921 456 3990 πάσης
481 3919 647 3988 ἀλλης
682 3919 975 3988 ἐπιϐουλῆς
1030 3919 1158 3982 τοὺς
1188 3920 1519 3989 μετέχοντας
1563 3919 1847 3973 ἀπαλλάτ-

272 4027 407 4065 τειν.
445 4010 589 4083 Πλὴν
619 4009 696 4071 ὡς
745 4009 854 4062 ἀπὸ
886 4009 1064 4079 χιόνος
1111 4007 1238 4076 ἄρτι
1270 4007 1526 4074 λυθείσης
1562 4005 1854 4077 εἰλικρινὲς

262 4101 360 4154 καὶ
409 4101 514 4172 ἡδὺ
573 4100 748 4171 πόμα,
780 4099 924 4153 οὕτω
961 4097 1082 4169 μεθ’
1117 4098 1316 4171 ἡδονῆς
1359 4096 1594 4160 ἕκαστος
1625 4097 1703 4166 τῷ
1733 4096 1855 4149 στόο

259 4209 394 4263 ματι
428 4193 531 4264 τὴν
562 4193 809 4262 σαπρίαν
841 4191 1058 4262 ἐκείνην
1089 4189 1422 4262 προσέφερε,
1474 4192 1572 4244 καὶ
1603 4189 1702 4260 τὴν
1756 4189 1856 4243 κύ-

252 4284 384 4339 λικα
437 4285 542 4354 τῆς
595 4284 862 4348 δυσωδίας
925 4283 1145 4353 μέλιτος
1197 4282 1382 4356 πλήρη
1415 4285 1529 4348 τοῖς
1568 4283 1853 4352 λογισμοῖς

255 4375 678 4449 ὑπελάμϐανεν.

320 4641 428 4714 νῆ’.
447 4641 542 4696 ’ῑν
564 4641 782 4708 τούτοις
816 4643 979 4698 πάλιν
997 4644 1270 4714 ἀπόφασις
1309 4643 1678 4717 ὲξίεν]ήνεκτο
1699 4645 1851 4716 παρά

251 4736 344 4790 τοῦ
374 4737 673 4806 τυράννου,
704 4737 1038 4810 περιέχουσα
1066 4736 1243 4802 οὕτως
1267 4755 1280 4769 ·
1317 4757 1335 4790 ι
1370 4738 1437 4792 Εἴ
1461 4756 1548 4802 τις
1580 4739 1692 4791 τῶν
1717 4738 1848 4792 συλ-

250 4829 576 4899 ληφθέντων
597 4829 860 4901 χρήματά
883 4847 987 4884 που
1015 4831 1456 4902 ταμιευσάμενος
1481 4829 1616 4900 ἔχει,
1642 4831 1849 4899 παρελ-

249 4925 362 4978 θὼν
397 4925 458 4976 ὲν
492 4923 642 4993 μέσῳ
674 4923 886 4986 τούτοις
943 4919 1250 4994 ὠνησάοθω
1294 4923 1393 4994 τὴν
1452 4922 1763 4993 σωτηρίαν·
1796 4921 1847 4974 εί

249 5015 306 5068 δέ
330 5031 423 5079 τις
461 5015 633 5084 μηδὲν
663 5015 802 5086 ἔχων
829 5014 1029 5086 λύτρον
1063 5015 1162 5084 τῆς
1192 5013 1330 5078 ἰδίας
1352 5014 1498 5084 ζωῆς
1531 5013 1840 5084 φωραθείη,

246 5103 406 5171 οὗτος
434 5106 540 5178 τὴν
564 5107 812 5177 κεφαλὴν
841 5107 1076 5178 τμηθεὶς
1098 5106 1204 5160 τῶν
1227 5105 1446 5171 ζώντων
1462 5105 1790 5177 διαιρεθείη.
1819 5124 1840 5158 ι

251 5201 600 5271 Προσέταττε
633 5201 690 5253 δὲ
722 5200 884 5254 τοῦτο
929 5199 1084 5270 παρὰ
1120 5199 1228 5253 τῶν
1260 5199 1564 5269 Βαρϐάρων
1595 5197 1850 5268 ἀκηκοὼς

246 5291 323 5356 ὡς
365 5293 470 5345 οὐκ
493 5292 699 5347 ἅντινα
729 5292 817 5364 [Ρ.
843 5289 969 5364 565]
1001 5292 1218 5363 φειδοῦς
1261 5292 1468 5364 ἠξίουν,
1491 5292 1578 5346 ὅτε
1607 5291 1727 5345 κατ’
1754 5293 1855 5363 ἀρ-

245 5385 350 5455 χάς
375 5385 679 5457 είσήλασαν
694 5387 754 5438 ὲν
773 5389 838 5456 τῇ
857 5385 1034 5451 πόλει,
1057 5387 1106 5440 εί
1128 5387 1202 5457 μή
1221 5403 1324 5440 που
1348 5387 1480 5457 παρ’
1505 5386 1684 5440 αὐτῶν
1711 5384 1856 5439 ὲκεί-

246 5495 359 5531 νων
394 5477 748 5532 ἐϐεϐαιοῦντο
771 5478 916 5550 ἔχειν
941 5479 1142 5544 αὐτοὺς
1165 5481 1222 5533 ὲν
1242 5479 1582 5551 ἀποκρύφοις
1599 5481 1857 5552 χρήματα

242 5584 369 5628 τινα
395 5572 863 5644 πᾶσανδυνάμενα
889 5576 1149 5644 ἐκφυγεῖν
1170 5572 1473 5646 ἰερευναν.
1490 5574 1646 5627 Ὅσοι
1667 5573 1730 5643 δὴ
1763 5569 1858 5626 οὖν

1967 3290 2096 3328 rens
2127 3272 2330 3327 illuxit.
2364 3270 2509 3324 Nihil
2537 3280 2719 3324 tamen
2752 3273 2936 3323 minus
2967 3285 3129 3338 quam
3171 3270 3385 3338 gladius
3427 3286 3560 3322 cnu—

1964 3377 2086 3422 ctos
2147 3364 2509 3420 consumebat
2571 3364 2664 3418 siti
2712 3372 2996 3418 contracta
3062 3363 3253 3430 labes;
3291 3379 3397 3432 qua
3453 3365 3557 3433 ipsi

1961 3458 2276 3513 immaniter
2311 3457 2524 3512 incensi
2567 3455 2906 3525 rogabamus
2946 3465 3172 3510 nostros
3214 3455 3475 3509 custodes
3503 3466 3562 3506 ut

1957 3553 2043 3606 vel
2072 3567 2138 3605 ex
2177 3550 2335 3620 aquis
2369 3549 2546 3603 locum
2581 3547 3098 3618 praterlabentibus
3135 3546 3321 3601 bibere
3356 3547 3540 3600 liceret

1958 3655 2124 3715 atque
2165 3644 2298 3699 hinc
2341 3643 2447 3697 levi
2487 3641 2672 3713 aliquo
2720 3641 2919 3695 solatio
2973 3641 3122 3695 sitim
3186 3640 3388 3692 levare.
3446 3633 3550 3702 Qui

1957 3752 2222 3798 annuere,
2253 3751 2366 3790 non
2397 3734 2506 3788 ulla
2532 3749 2662 3801 erga
2702 3749 2804 3788 nos
2827 3733 2958 3787 moti
2985 3733 3365 3794 miseratione,
3396 3733 3559 3799 (quo-

1956 3828 2118 3882 modo
2174 3825 2322 3881 enim
2373 3827 2469 3897 qui
2523 3825 2766 3878 caedibus
2821 3823 3247 3877 oblectabantur
3300 3832 3353 3874 et
3395 3837 3559 3874 ncces

1957 3920 2296 3991 Spirabant?)
2315 3905 2586 3988 sed-quod
2614 3920 2734 3988 ipsa
2759 3919 2875 3972 haec
2897 3934 3059 3992 aqua,
3085 3934 3204 3986 qua:
3231 3914 3556 3984 proﬂuvium

1954 4022 2102 4068 esset
2133 4011 2306 4064 totius
2336 4011 2492 4064 urbis
2527 4010 2866 4071 cloacarum,
2906 4024 3012 4061 una
3053 4024 3081 4060 a
3115 4024 3174 4061 se
3198 4010 3408 4074 absque
3446 4007 3557 4056 ulto

1955 4103 2063 4156 alio
2100 4101 2337 4154 admisto
2383 4112 2595 4152 veneno
2637 4097 2958 4152 bibentibus
3024 4095 3309 4149 interitum
3360 4093 3556 4147 afferre

1955 4205 2168 4267 posset.
2207 4191 2443 4248 Perinde
2479 4201 2660 4244 tamen
2705 4204 2769 4243 ac
2807 4189 2853 4243 si
2887 4205 2917 4243 e
2955 4189 3076 4242 nive
3120 4189 3234 4258 jam
3285 4188 3552 4241 dissoluta

1955 4304 2128 4357 purus
2163 4301 2226 4340 ac
2263 4284 2448 4340 dulcis
2482 4292 2646 4352 potus
2674 4289 2840 4346 esset,
2881 4281 3210 4336 suavissime
3257 4280 3552 4348 unusquis-

1955 4397 2062 4452 que
2101 4389 2356 4436 nostrum
2395 4391 2706 4432 mareorem
2754 4375 2906 4428 illum
2937 4375 3017 4428 ori
3055 4373 3401 4436 admovebat,
3429 4389 3554 4438 gra-

1961 4473 2298 4541 veoleusque
2358 4469 2490 4523 illttd
2549 4466 2807 4539 poculum
2872 4465 3031 4520 melle
3095 4465 3314 4534 plenum
3372 4464 3555 4516 animo

1885 4535 1933 4592 θ
1961 4535 2300 4618 msﬁmabat.

2027 4654 2115 4711 58.
2151 4653 2374 4707 Interim
2411 4649 2693 4704 decretum
2734 4665 2931 4704 rursus
2956 4665 2986 4702 a
3019 4657 3254 4721 tyranno
3280 4650 3554 4720 profertur

1951 4747 2004 4801 in
2042 4747 2182 4799 hanc
2209 4742 2540 4797 sententiam
2574 4757 2588 4793 :
2631 4759 2650 4790 ι
2679 4740 2945 4811 Quisquis
2969 4757 3033 4795 ex
3081 4744 3258 4810 captis
3283 4743 3554 4810 pecunias

1949 4839 2227 4910 repositas
2287 4833 2537 4897 haberet,
2586 4833 2640 4888 in
2688 4836 2930 4888 medium
2973 4835 3282 4901 procedens
3317 4837 3550 4889 salutem

1950 4933 2058 4986 illis
2100 4913 2427 4983 'redimeret.
2461 4925 2566 4991 Qui
2599 4940 2732 4979 vero
2781 4926 2992 4979 nullum
3027 4927 3149 4979 vitae
3198 4941 3311 4979 sua:
3337 4927 3551 4979 rvdent-

1948 5021 2155 5094 ptiunis
2188 5021 2424 5092 pretium
2458 5018 2662 5071 habere
2687 5018 3068 5086 deprehcnmts
3100 5026 3270 5080 esset,
3298 5017 3385 5070 hic
3408 5032 3550 5069 caeso

1952 5113 2133 5183 capite
2190 5127 2220 5167 e
2249 5107 2550 5164 viventium
2585 5107 2712 5161 albo
2753 5108 3030 5161 excideret
3062 5129 3071 5137 -
3130 5125 3148 5156 ι
3186 5105 3239 5159 ld
3287 5120 3416 5158 vero
3449 5107 3547 5157 im-

1952 5206 2201 5277 perabat,
2237 5217 2360 5256 cum
2394 5201 2641 5253 audisset
2670 5215 2697 5251 a
2739 5198 2999 5253 Barbaris
3036 5213 3116 5261 se,
3148 5211 3273 5249 cum
3308 5197 3544 5268 primum

1958 5300 2012 5353 in
2052 5296 2238 5350 urbem
2276 5293 2616 5362 ingrucrent,
2647 5289 2854 5344 nemini
2904 5288 3240 5360 pepercisse,
3290 5286 3394 5340 nisi
3433 5284 3546 5338 illis

1962 5391 2229 5445 duntaxat
2285 5386 2377 5455 qui
2432 5385 2534 5454 ipsi
2585 5383 2784 5436 habere
2807 5380 2972 5452 568
3001 5397 3060 5435 se
3108 5376 3370 5449 pecunias
3419 5379 3545 5430 abs-

1963 5479 2254 5540 conditus,
2316 5475 2450 5530 nulli
2513 5474 2784 5529 obnoxias
2851 5473 3123 5542 indagini,
3194 5471 3540 5524 allirmassct.

1964 5575 2246 5642 Quotquot
2279 5568 2441 5640 igitur
2471 5567 2614 5622 inter
2644 5566 2891 5635 captivos
2921 5581 3110 5620 eorum
3156 5579 3275 5635 qua:
3304 5563 3539 5616 abscon—

1597 5692 1834 5750 VARIE
1877 5686 2288 5748 LECTIONES.

318 5783 365 5862 ⁸1
406 5785 464 5837 ἐν
497 5799 613 5862 0m_-
643 5785 709 5862 A.
785 5790 834 5821 ³⁵⁸
864 5788 924 5862 ἡ]
960 5789 1034 5855 ὡς
1070 5791 1190 5862 ήΑ,
1223 5791 1431 5848 omisso
1471 5807 1592 5848 mox
1629 5789 1826 5861 φθορὰ.
1903 5790 1946 5822 εν
1969 5784 2302 5842 κατένευονῖ
2356 5780 2501 5851 quod
2556 5787 2659 5845 est,
2705 5793 2756 5848 ρ.
2792 5775 2894 5832 579
2919 5775 3050 5836 ima.

248 5854 289 5885 "
335 5854 626 5924 διαφυγεῖν
661 5857 723 5910 Α.

3154 5777 3197 5808 ’⁸⁸
3243 5772 3539 5845 ἁφέδρωνΡ
