4094 6418
583 377 686 438 607

1799 367 2162 443 'JOANNES
2198 381 2634 442 metemus

3671 370 3870 444 ἐῢς

578 494 752 546 disset
785 503 941 547 certo
975 492 1082 546 sibi
1116 490 1321 546 conscii
1354 502 1542 558 erant,
1581 494 1681 564 ipsi
1719 511 1778 550 se
1818 497 2002 550 statim
2044 511 2170 564 pro-

2282 495 2382 547 ιῶν
2409 492 2728 546 ἑαλωκότων
2759 493 3006 562 ὑπῆρχον
3035 492 3250 562 ἔχοντες
3273 494 3479 562 εἴδησιν
3494 495 3701 563 ἀκρισῆ
3730 511 3860 563 περι

580 585 773 638 «lentes
825 584 956 638 dare
1009 585 1298 653 urgebant,
1347 594 1406 639 ut
1470 588 1562 653 qui
1628 604 1739 643 rem
1781 589 1904 644 vitat
1975 590 2169 660 pignus

581 677 687 730 sibi
723 687 1029 732 noverant:
1063 677 1154 744 qui
1193 693 1329 731 vero.
1371 679 1505 733 nihil
1533 680 1643 734 tale
1676 682 1819 748 apud
1861 697 1920 735 se
1948 693 2168 738 exstare

582 771 852 832 sciebant.
910 772 1004 825 sed
1061 771 1210 825 inani
1265 774 1610 828 solummodo
1659 793 1753 842 spe
1809 779 2169 846 pasciscendo

585 862 749 915 verba
783 860 1068 922 dederant,
1101 864 1325 918 indubie
1359 877 1585 919 mortem
1613 870 2009 936 exspectabant
2033 871 2166 934 illis,

586 953 787 1020 quibus
836 955 949 1008 luec
991 958 1262 1021 deessent,
1292 956 1589 1012 decretam.
1621 960 1802 1025 Quare
1849 978 2016 1031 super
2066 966 2169 1017 hoc

588 1042 956 1097 Bat‘barorum
1004 1046 1222 1114 quidam
1258 1046 1627 1113 destinantur,
1659 1060 1738 1111 ut,
1772 1052 1864 1120 qui
1901 1069 1998 1105 sua
2030 1070 2168 1122 prae-

588 1135 716 1187 bere
753 1135 978 1198 vellent,
1012 1151 1106 1190 eos
1153 1138 1204 1190 in
1240 1138 1490 1206 pr0prias
1527 1140 1672 1195 ardes
1717 1144 2072 1208 reducerent;
2118 1155 2172 1199 et

588 1225 634 1278 si
694 1225 806 1278 luec
857 1228 994 1280 tanti
1043 1237 1230 1282 essent
1273 1246 1396 1298 qua:
1447 1247 1672 1296 avarum
1709 1234 1927 1288 oculum
1976 1238 2170 1292 merito

588 1317 857 1369 exsatiare
918 1333 1178 1385 possent,
1232 1322 1410 1373 salute
1467 1321 1702 1376 donatos
1755 1323 1899 1377 inter
1957 1327 2170 1381 vim-tos

589 1423 783 1462 rursus
828 1409 1202 1476 collocarent;
1246 1410 1390 1479 quod
1419 1412 1462 1466 si
1523 1413 1648 1466 vilia
1685 1415 1934 1482 quaedam
1983 1427 2038 1472 et
2071 1435 2172 1487 pu—

587 1499 728 1561 silla,
757 1514 818 1551 ac
844 1516 966 1568 qua:
1004 1502 1183 1555 minus
1225 1503 1493 1571 placitura
1535 1505 1769 1561 mittenti
1806 1508 2160 1570 exsisterent,

584 1605 679 1643 eos
729 1589 892 1656 gladii
952 1607 1216 1646 mucrone
1266 1594 1628 1650 conlicerent.
1680 1596 1802 1652 Non
1859 1602 1976 1654 leve
2044 1603 2170 1657 hinc

590 1697 782 1735 rursus
828 1683 1128 1748 periculum
1165 1684 1414 1750 captivos
1445 1688 1827 1754 circumstare,
1860 1706 1985 1745 cum
2030 1695 2173 1748 inter

587 1783 682 1823 eos
739 1771 892 1823 multi
951 1780 1136 1826 essent
1186 1773 1387 1841 quibus
1429 1775 1579 1826 nulla
1625 1775 1895 1843 ejusmodi
1944 1781 2172 1834 materia

2281 580 2354 640 ὧν
2390 584 2528 655 ἦσαν
2561 587 3024 656 προκεκρυφὸτες,
3101 585 3305 648 εὐθέως
3343 585 3601 655 ἐκδήλους
3635 589 3869 646 ἑαυτοὺς

2281 677 2557 731 καθίστων
2579 681 2624 712 ⁹¹
2653 677 3071 744 κατεπείγοντες
3116 679 3218 746 την
3261 677 3408 729 δόσιν
3454 676 3528 738 ὡς
3561 677 3662 746 τῆς
3719 677 3863 746 ζωῆς

2283 772 2576 838 παραιτίαν
2603 787 2616 799 ·
2654 769 2769 821 ὅσοι
2798 768 2855 821 δὲ
2891 767 3056 836 μηδὲν
3102 768 3342 820 τοιοῦτον
3375 767 3520 837 ἔχειν
3555 770 3686 838 παρ’
3730 769 3876 820 tanta

2280 864 2393 923 τοῖς
2433 859 2826 927 ἐπεγίνωσκον,
2870 860 2986 912 ἀλλ’
3027 861 3120 914 ἐπὶ
3180 860 3436 929 ματαίαις
3469 861 3626 928 μόνον
3680 860 3865 911 ἐλπίσι

2279 951 2380 1014 τὰς
2427 951 2703 1020 συνθήκας
2757 951 3100 1014 ἐπλάσαντο,
3144 954 3260 1018 τὴν.
3291 953 3507 1020 σφαγὴν
3553 951 3869 1020 ἐξεδέχοντο

2279 1042 2663 1110 ἀναμφιϐόλως
2691 1044 2800 1104 τοῖς
2831 1041 3022 1106 ἐνδεῶς
3049 1043 3230 1112 ἔχουσι
3262 1042 3596 1112 κεκριμένην
3620 1043 3688 1092 ’³.
3719 1043 3862 1094 Τάτ-

2280 1150 2464 1188 τονται
2490 1135 2558 1202 δὴ
2582 1132 2677 1187 οὖν
2709 1135 2802 1186 ἐπὶ
2829 1133 3004 1204 τούτῳ
3040 1133 3149 1186 τῶν
3179 1132 3668 1203 βαρϐάρων-αινὲς,
3725 1133 3860 1184 ὥστε

2279 1227 2404 1289 τοὺς
2431 1226 2789 1296 βουλομένους
2815 1226 3084 1297 παρέχειν
3113 1228 3182 1279 τὰ
3208 1227 3420 1278 ἑαυτῶν
3450 1228 3507 1279 ὲν
3539 1229 3660 1288 ταῖς
3703 1226 3862 1288 ἰδίαις

2280 1317 2578 1387 ἀποφέρειν
2611 1319 2829 1382 οἰκίαις,
2867 1320 2960 1372 καὶ
2989 1320 3037 1370 εἰ
3075 1319 3171 1388 μὲν
3202 1318 3330 1384 ἄξια
3364 1319 3448 1386 εἴη
3483 1311 3884 1370 πλεονεκτικίὶν-

2279 1409 2561 1478 ὸφθαλμὸν
2593 1410 2839 1478 κορέσαι,
2897 1409 3172 1481 σωτηρίας
3202 1425 3262 1461 τε
3303 1407 3588 1474 ἀξιοῦσθαι
3639 1406 3865 1470 τούτους

2282 1501 2374 1554 καὶ
2404 1498 2562 1563 αὖθις
2592 1505 2705 1564 τοῖς
2746 1494 2990 1572 δεσμίοις
3021 1500 3460 1572 ἐναριθμείσθαι,
3489 1501 3537 1552 εί
3568 1500 3626 1553 δ’
3670 1499 3884 1569 εὐτελῆ-

2280 1607 2404 1644 τινα
2426 1590 2521 1643 καὶ
2549 1591 2755 1662 βραχέα
2779 1593 2872 1644 καὶ
2902 1586 3113 1655 οἷςούκ
3161 1591 3227 1644 ἂν
3255 1593 3496 1658 κρίνοιεν
3537 1590 3868 1643 εὐδοκοῦντος

2281 1683 2374 1733 τὸν
2404 1682 2828 1745 ἀποστείλαντα,
2855 1682 2955 1750 τῆς
2987 1683 3264 1752 μαχαίρας
3289 1682 3563 1750 γενέσθαι.
3606 1683 3723 1733 οὐκ
3752 1681 3867 1733 ὀλί-

2283 1789 2378 1840 γος
2407 1768 2475 1842 ἦν
2516 1775 2580 1826 ἐκ
2602 1772 2794 1825 τούτου
2831 1773 2995 1826 πάλιν
3024 1776 3136 1835 τοῖς
3166 1773 3215 1804 ⁸⁸
3243 1771 3586 1842 χειρωθεῖσιν
3610 1773 3637 1823 ὁ
3685 1771 3868 1823 κίνδυ-

591 1862 829 1925 pretiosa
886 1873 1204 1932 suppeteret
1233 1865 1432 1935 suique
1477 1867 1730 1922 illecebra
1760 1871 2004 1939 capiens.
2047 1871 2177 1926 Pro-

2289 1881 2399 1928 νος,
2449 1865 2662 1918 πολλῶν
2703 1865 3136 1935 διακρινομένων
3185 1865 3250 1918 ἐκ
3295 1863 3404 1916 τῶν
3454 1865 3688 1933 ἐχόντων
3741 1863 3870 1933 ὓλην

589 1955 764 2002 tracta
817 1951 930 2005 haec
964 1968 1060 2020 per
1108 1962 1252 2008 totos
1299 1955 1487 2009 decem
1543 1957 1662 2011 dies
1710 1969 2030 2030 noctesque,
2063 1979 2186 2016 cum

591 2041 947 2106 pecuniarum
1000 2045 1295 2099 multitudo
1341 2048 1604 2102 continue
1653 2066 1719 2103 ex
1767 2052 1900 2105 urbe
1929 2064 2187 2119 exporta-

591 2143 764 2196 relur,
795 2141 848 2186 et
883 2135 990 2188 alia,
1025 2138 1340 2192 necessaria
1400 2142 1652 2206 materia,
1690 2141 1809 2211 ipsa
1857 2145 2057 2198 sericis
2108 2147 2192 2198 iu-

590 2225 871 2281 dumentis
934 2229 1205 2294 emicans,
1265 2232 1351 2284 vel
1405 2248 1526 2299 quae
1580 2233 1692 2286 lino
1751 2233 1997 2288 confecta
2063 2253 2186 2292 cum

591 2326 810 2370 textura
867 2334 1198 2374 aranearum
1229 2323 1620 2389 contenderet,
1642 2333 1700 2377 ut
1741 2325 1934 2378 horum
1982 2331 2188 2390 cumuli

594 2419 809 2463 montes
863 2424 926 2462 ac
973 2412 1142 2466 colles
1188 2423 1564 2482 exaequarent;
1598 2431 1723 2469 cum
1773 2419 1877 2471 alia
1927 2421 2050 2474 aliis
2098 2441 2190 2477 su-

597 2508 918 2568 peraggesta
983 2502 1297 2569 subjectum
1349 2507 1526 2560 locum
1575 2511 1971 2579 eonstiparcut.
2010 2512 2190 2570 Ain-aa

595 2590 742 2642 enim
788 2601 881 2644 aut
925 2593 1114 2649 ferrea:
1157 2597 1522 2665 supellectilis
1557 2611 1648 2654 aut
1690 2618 1752 2655 ex
1795 2603 1915 2656 lana
1948 2609 2188 2663 'contex-

596 2689 775 2735 tarum
827 2685 1057 2738 vestiunt
1111 2687 1256 2740 nulla
1310 2689 1391 2742 eis
1438 2700 1554 2744 erat
1602 2695 1765 2756 ratio,
1799 2697 1950 2763 quod.
1991 2697 2184 2753 horum

595 2788 764 2826 censu
790 2772 952 2844 569
977 2779 1224 2846 gravaris
1244 2779 1574 2849 superﬂuum
1596 2782 1882 2839 ducerent.
1913 2787 1973 2839 Et
1995 2790 2188 2856 siquis

599 2866 914 2933 imprudens
954 2870 1060 2923 tale
1091 2871 1218 2938 quid
1259 2873 1556 2937 attulisset,
1595 2876 1646 2928 in
1683 2893 1832 2933 mare
1878 2879 2180 2948 jaciebant,

597 2957 700 3013 hoc
737 2976 956 3030 quoque
1000 2977 1094 3018 eos
1145 2966 1441 3020 multantes
1488 2969 1580 3037 qui
1629 2971 1936 3038 perieulum
1970 2975 2186 3028 evasis-

595 3058 737 3114 sent,
787 3059 844 3103 ut
882 3050 950 3105 'et
996 3053 1100 3122 ipsi
1152 3056 1499 3126 multijugam
1553 3059 1941 3131 diversamque
2001 3079 2182 3118 rerum

591 3139 862 3209 iacturam
917 3146 1220 3201 sentientes
1282 3149 1559 3203 vastitatis
1609 3161 1663 3205 et
1723 3153 1848 3206 mali
1917 3155 2184 3224 tantisper

595 3234 890 3300 participes
929 3237 1144 3290 ﬁerent.

669 3321 758 3379 59.
785 3322 921 3378 Cum
945 3325 1157 3395 reliqua
1199 3330 1541 3398 captivorum
1575 3332 1934 3390 multitudine
1983 3345 2176 3407 captus

597 3429 817 3483 quoque
845 3416 1025 3470 fuerat
1057 3418 1280 3487 quidam
1310 3420 1659 3489 imperatoris
1691 3427 2002 3489 eunuchus,
2036 3444 2179 3483 unus

597 3519 667 3558 cx
719 3506 1070 3575 primatibus,
1123 3511 1216 3565 cui
1273 3513 1640 3584 Rhodophylo
1689 3531 1888 3571 nomen
1939 3527 2082 3575 erat.
2128 3519 2179 3574 Is

601 3596 763 3665 paulo
789 3609 914 3653 ante
945 3601 1252 3668 periculum
1282 3603 1336 3656 in
1370 3604 1724 3660 Occidentem
1771 3606 1996 3669 missus.
2049 3624 2176 3666 cum

599 3690 925 3745 necessariis
950 3692 1278 3761 quibusdam
1310 3710 1377 3748 ex
1403 3696 1587 3752 causis
1609 3696 1666 3750 in
1693 3697 1888 3752 urbem
1916 3700 2176 3765 venisset,

600 3779 718 3847 pari
747 3781 906 3836 nobis
948 3793 1148 3838 eventu
1195 3786 1464 3848 inclusus,
1528 3789 1798 3843 malorum
1854 3806 1976 3859 quae
2031 3791 2178 3846 dicta

599 3878 729 3924 sunt
764 3873 878 3940 ipse
904 3890 1126 3946 quoque
1147 3893 1378 3933 consors
1404 3879 1661 3935 elﬁcitur.
1695 3880 1903 3950 Nempe
1931 3882 2038 3936 vim
2065 3899 2178 3937 tua-

596 3979 756 4032 gnam
790 3966 909 4019 auri
937 3969 1210 4044 portabat,
1245 3986 1408 4040 quam
1448 3972 1502 4024 in
1535 3981 1789 4042 sumptus
1815 3982 1870 4026 et
1903 3974 2178 4042 stipendia

595 4055 872 4110 exercitus
901 4057 1098 4123 Siculi,
1125 4061 1388 4116 continue
1426 4077 1554 4117 cum
1606 4063 1880 4119 Africanis
1927 4064 2180 4120 barbaris

596 4161 790 4200 manus
817 4151 1159 4206 conserentis
1189 4168 1422 4222 eamque
1452 4155 1524 4209 ob
1554 4171 1668 4209 rem
1692 4157 1864 4211 multa
1886 4171 1990 4226 ope
2015 4173 2180 4227 egen-

599 4239 689 4300 tis,
726 4257 782 4294 se
814 4241 1030 4298 deferre
1063 4247 1266 4300 aiebat.
1321 4245 1422 4301 Hic
1451 4247 1636 4316 itaque
1662 4257 1825 4302 nocte
1855 4265 1978 4318 quae
2025 4259 2180 4306 ante-

595 4328 763 4382 cessit
785 4330 1083 4387 discrimeu
1102 4335 1258 4404 cujus
1277 4351 1377 4390 nos
1392 4351 1585 4392 omnes
1601 4339 1906 4407 periculum
1925 4339 2175 4408 fecimus,

595 4421 734 4475 clam
773 4439 969 4476 aurum
1010 4424 1143 4479 illud
1180 4436 1349 4496 atque
1384 4444 1450 4481 ex
1483 4429 1659 4483 servis
1692 4429 1810 4484 suis
1853 4432 2172 4497 nonnullos,

2288 1957 2412 2009 τινὰ
2453 1957 2946 2025 περισπούδαστον.
2992 1956 3259 2010 Ἐτελεῖτο
3291 1957 3348 2009 δέ
3383 1956 3557 2008 ταῦτα
3606 1956 3693 2023 ἐφ’
3732 1956 3870 2018 ὅλοις

2288 2048 2840 2117 νυχθημέροιςδέκα,
2877 2050 2976 2119 τῆς
3012 2048 3251 2117 πληθύος
3286 2048 3376 2100 ἀεὶ
3425 2047 3536 2100 τῶν
3565 2047 3868 2117 χρημάτων

2289 2139 2698 2210 ἐκφορουμένης
2731 2141 2837 2193 ἀπὸ
2862 2142 2959 2211 τῆς
2989 2141 3196 2202 πόλεως
3234 2140 3330 2208 τῆς
3363 2157 3424 2192 τε
3480 2139 3676 2208 λοιπῆς
3707 2141 3870 2207 ἀναγ-

2291 2229 2454 2292 καίας
2493 2228 2652 2298 ὕλης,
2680 2231 2776 2301 ὅση
2825 2230 2913 2284 διὰ
2951 2231 3186 2301 σηρικῆς
3231 2231 3454 2301 ἐσθῆτος
3495 2231 3782 2301 εὐπρεπὴς
3808 2227 3872 2301 ἦν

2289 2322 2384 2374 καὶ
2405 2323 2502 2392 ὅση
2526 2322 2612 2374 διὰ
2633 2323 2780 2376 λίνου
2813 2325 2926 2386 τοῖς
2969 2322 3288 2392 ἀραχναίοις
3309 2324 3354 2354 ⁸⁸
3385 2321 3574 2392 ἧριζεν
3613 2323 3872 2392 ύφὰσμαυ

2291 2430 2396 2480 σιν,
2423 2415 2496 2478 ὡς
2524 2417 2626 2485 ὅρη
2653 2415 2746 2468 καὶ
2770 2416 2992 2484 βουνοὺς
3016 2414 3356 2468 ἐκτελεῖσθαι
3379 2415 3480 2477 τὰς
3531 2415 3739 2468 τούτων
3767 2433 3870 2469 σω-

2293 2503 2466 2574 ρείας,
2493 2503 2668 2557 ἄλλων
2695 2505 2779 2555 ἐπ’
2802 2503 2982 2566 ἄλλοις
3007 2503 3404 2571 ἐπιτιθεμένων
3425 2503 3517 2554 καὶ
3535 2501 3628 2553 τὸν
3653 2502 3874 2555 ὑποκεί-

2293 2614 2450 2666 μενον
2480 2597 2644 2649 τόπον
2670 2596 3048 2665 πληρούντων.
3077 2593 3314 2647 Χαλκῶν
3350 2593 3459 2664 γὰρ
3490 2593 3579 2649 καὶ
3609 2593 3875 2662 σιδηρέων

2291 2689 2502 2742 σκευῶν
2531 2689 2564 2758 ἢ
2596 2689 2704 2740 τῶν
2758 2688 2816 2752 ἐξ
2861 2687 3023 2756 ἐρίων
3069 2685 3395 2755 ἐσθημάτων
3448 2684 3716 2753 οὐμενοῦν
3766 2686 3872 2740 οὐδ’

2296 2780 2431 2843 ὅλως
2477 2780 2836 2849 ἐφρόντισαν,
2891 2777 3145 2847 περιττὸν
3178 2776 3484 2845 ἡγούμενοι
3524 2775 3643 2846 τὴν.
3676 2777 3874 2844 κτῆσιν

2288 2871 2490 2926 αὐτῶν.
2530 2872 2596 2924 Εἴ
2624 2889 2725 2924 που
2757 2873 2812 2924 δέ
2840 2888 2895 2922 τι
2919 2869 3159 2924 τοιοῦτον
3185 2869 3408 2936 ἀγαγὼν
3446 2867 3602 2920 ἔλαθέ
3640 2885 3725 2930 τις
3747 2909 3763 2931 ,
3799 2868 3880 2938 τῷ

2287 2966 2384 3033 τῆς
2415 2964 2693 3034 θαλάσσης
2727 2963 3028 3017 δεδώκασιν
3059 2961 3236 3026 ὕδατι,
3265 2965 3370 3015 κάν
3397 2963 3576 3032 τούτῳ
3593 2965 3721 3024 τοὺς
3756 2963 3878 3017 διας-

2285 3057 2521 3127 δράντας
2549 3057 2640 3110 τὸν
2683 3056 2928 3110 κίνδυνον
2962 3055 3318 3124 ἀμυνόμενοι,
3359 3055 3448 3106 ἵνα
3496 3055 3606 3110 καὶ,
3639 3056 3796 3108 αὐτοί
3823 3073 3880 3108 τι

2291 3149 2559 3218 μετέχωσι
2600 3147 2690 3200 τοῦ
2738 3146 2933 3211 κακοῦ,
2966 3147 3263 3216 πολυσχιδῆ
3323 3146 3417 3200 καὶ
3451 3146 3716 3217 διάφορον
3773 3148 3880 3217 τὴν

2284 3240 2394 3292 τῶν
2427 3239 2846 3309 ἐνυπαρχόντων
2891 3239 3096 3308 ζημίαν
3128 3237 3603 3307 ἐπαισθανόμενοι.

2351 3330 2446 3385 νθ’.
2468 3329 2576 3384 Ἤν
2597 3333 2652 3385 δέ
2680 3349 2763 3394 τις
2791 3333 2930 3400 μετὰ
2945 3331 3040 3383 τοῦ
3065 3329 3260 3384 λοιποῦ
3288 3329 3528 3398 πλήθους
3563 3329 3672 3381 τῶν
3715 3331 3884 3399 αἰχμ-

2279 3421 2503 3474 αλώτων
2533 3422 2862 3490 συλληφθεὶς
2890 3421 3149 3490 εὐνοῦχος
3195 3421 3289 3473 τοῦ
3319 3417 3581 3490 βασιλέως
3641 3420 3737 3472 καὶ
3768 3421 3882 3472 τῶν

2279 3513 2477 3582 ἐξόχων
2525 3507 2635 3577 εἷς,
2673 3511 3006 3581 Ῥοδοφύλης
3035 3511 3178 3565 οὕτω
3213 3509 3572 3578 καλούμενος,
3632 3509 3691 3572 ὃς
3717 3510 3880 3578 ἔτυχε

2280 3603 2385 3673 πρὸ
2413 3603 2613 3672 μικροῦ
2640 3601 2736 3655 τοῦ
2771 3602 3019 3655 κινδύνου
3051 3602 3150 3672 τὴν
3195 3603 3287 3654 ἐπὶ
3320 3601 3482 3653 Λύσιν
3508 3601 3750 3665 σταλεὶς,
3785 3604 3882 3657 καί

2277 3714 2440 3749 τινων
2469 3695 2669 3766 χρειῶν
2711 3695 2895 3748 ἕνεκεν
2923 3695 3060 3765 πρὸς
3090 3699 3155 3765 τῇ
3219 3695 3370 3747 πόλει
3402 3694 3720 3763 γενόμενος,
3751 3695 3868 3764 μεθ’

2279 3787 2434 3858 ἡμῶν
2471 3785 2894 3854 συγκλεισθῆναι
2917 3787 3010 3838 καὶ
3047 3787 3160 3839 τῶν
3185 3786 3458 3856 ῥηθέντων
3490 3786 3739 3854 ἀνιαρῶν
3773 3803 3867 3853 μεν

2278 3879 2498 3947 τασχεῖν
2524 3895 2536 3906 ·
2568 3877 2627 3940 ὃς
2650 3877 2741 3930 καὶ
2767 3876 2990 3946 ἐκόμιζε
3028 3877 3144 3947 μεθ’
3167 3875 3363 3933 ἑαυτοῦ
3395 3877 3595 3946 πλῆθος
3618 3878 3878 3946 χρυσίου,

2279 3970 2416 4040 ὅπερ
2443 3969 2627 4038 ἔλεγεν
2657 3970 2894 4037 ἀπάγειν
2913 3967 3232 4040 ἐπικουρίας
3251 3970 3396 4032 τινος
3416 3971 3578 4037 χάριν
3606 3969 3704 4021 τοῦ
3732 3971 3881 4024 κατὰ

2280 4057 2534 4132 Σικελίαν
2587 4058 2856 4128 στρατοῦ,
2921 4057 3370 4128 συμπλεκομένου
3424 4061 3539 4120 τοῖς
3576 4058 3723 4110 κατὰ
3777 4058 3880 4126 τὴν

2292 4151 2558 4220 Ἀφρικὴν
2587 4149 2886 4221 βαρϐάροις
2926 4151 3012 4202 ἀεὶ
3037 4150 3130 4202 καὶ
3159 4149 3360 4220 πολλῆς
3389 4150 3648 4219 δεομένου
3678 4152 3784 4219 τῆς
3821 4153 3880 4202 ἐν

2278 4246 2390 4306 τοῖς
2417 4243 2706 4313 πράγμασι
2731 4241 3043 4312 συνεργίας.
3076 4237 3244 4306 Οὗτος
3274 4239 3367 4297 οὖν
3399 4243 3540 4296 κατὰ
3567 4244 3670 4312 τὴν
3698 4242 3880 4296 νύκτα,

2283 4335 2404 4406 μεθ’
2439 4337 2506 4405 ἢν
2535 4335 2628 4387 τού
2664 4335 2912 4387 κινδύνου
2937 4334 3035 4404 τὴν
3055 4337 3253 4404 πεῖραν
3277 4334 3513 4396 ἅπαντες
3542 4334 3880 4399 ἐδεξάμεθα,

2280 4427 2489 4494 ἔλαθεν,
2517 4426 2618 4479 οὐκ
2649 4422 2745 4478 οἷδ’
2772 4426 2940 4488 ὅπως,
2963 4427 3270 4494 ἐξενεγκεῖν
3299 4426 3399 4495 τῆς
3432 4426 3642 4488 πόλεως
3658 4427 3718 4479 τὸ
3742 4443 3880 4495 χρυ-

596 4513 788 4566 nescio
816 4517 1116 4582 quomodo,
1151 4519 1285 4572 urbe
1307 4519 1580 4574 extulerat
1605 4529 1770 4590 atque
1818 4523 1886 4576 ad
1926 4522 2174 4588 Strymo-

2283 4517 2394 4569 σίον
2424 4513 2708 4586 ἐκεῖνοὶν.
2738 4514 2865 4587 566]
2904 4516 3041 4584 μετὰ
3072 4515 3168 4568 καί
3197 4533 3360 4568 τινων
3409 4517 3518 4569 τῶν
3558 4517 3878 4586 ὑπηρετου-

596 4604 682 4658 nis
706 4605 900 4660 ducem
932 4609 1182 4676 miserat,
1215 4611 1359 4668 datis
1380 4613 1582 4668 litteris
1615 4613 1723 4668 hoc
1753 4622 1967 4678 tenore,
2010 4627 2070 4671 ut
2107 4618 2175 4673 ad

598 4695 722 4748 belli
762 4712 936 4767 usque
970 4701 1178 4755 exitum
1207 4706 1496 4772 pecuniam
1528 4708 1795 4763 creditam
1847 4719 1967 4764 tuto
1995 4726 2180 4765 serva-

599 4794 701 4840 ret.
731 4785 938 4857 Captus
974 4792 1142 4861 igitur
1199 4795 1598 4870 Rbodopltylus
1653 4809 1708 4854 et
1758 4801 1824 4855 ad
1884 4813 2177 4874 tyrannum

595 4878 868 4936 adductus
908 4883 986 4937 illi
1027 4900 1210 4940 coram
1265 4887 1497 4945 sistitur.
1554 4891 1648 4947 Ille
1682 4903 1906 4964 aspectu
1945 4901 2178 4961 mntato,

597 4973 898 5044 majorique
927 4992 1088 5046 quam
1119 4978 1358 5034 habebat
1385 4990 1546 5036 antea
1574 4999 1642 5038 ex
1689 4984 1874 5040 indole
1920 4985 2179 5041 ﬁrmitate

594 5077 665 5118 ac
695 5065 1048 5122 vehementia
1074 5067 1152 5123 illi
1196 5086 1550 5140 congressus,
1594 5075 1970 5145 interrogabat
2007 5095 2020 5131 :
2055 5077 2176 5133 Ubi-

595 5170 741 5215 nam,
773 5155 972 5226 inquit,
1003 5160 1343 5230 imperatoris
1371 5179 1587 5228 aurum,
1609 5164 1712 5218 duo
1736 5166 1934 5220 scilicet
1968 5167 2176 5224 talenta

593 5264 712 5318 qua:
731 5249 786 5302 in
807 5249 1047 5306 Siciliam
1077 5257 1296 5310 avehere
1320 5257 1502 5326 jussus
1540 5274 1591 5312 es
1618 5259 1642 5310 .7
1672 5258 1741 5313 At
1766 5259 2126 5332 Rodopbylus
2159 5279 2174 5314 :

595 5339 704 5393 "ac
739 5342 932 5413 ipsum,
962 5347 1015 5399 in
1049 5345 1212 5417 570
1239 5365 1342 5419 quo
1375 5357 1424 5401 et
1449 5365 1649 5416 versor,
1683 5351 1827 5406 urbis
1867 5353 2064 5406 scilicet
2089 5369 2178 5405 ea:-

592 5436 786 5490 cidium
815 5441 1028 5503 veritus,
1055 5443 1293 5514 quodque
1327 5461 1419 5514 ego
1443 5446 1572 5513 ipse,
1595 5463 1714 5500 cum
1737 5463 1967 5516 praesens
1985 5464 2171 5511 essent,

595 5537 746 5606 tanto
789 5539 1022 5587 uertente
1067 5536 1301 5605 periculo
1347 5537 1492 5591 haud
1521 5539 1760 5592 secedere
1791 5549 2051 5607 poteram,
2083 5558 2176 5594 uec

593 5635 711 5688 quia
739 5639 975 5676 mearum
1005 5628 1238 5693 partium
1265 5640 1432 5682 essent
1455 5630 1712 5698 conferre,
1751 5632 1983 5684 omnium
2010 5631 2065 5684 in
2094 5648 2173 5684 mc

2282 4609 2460 4680 μένων
2507 4608 2680 4680 αὐτῷ,
2735 4608 2998 4677 καὶπρὸς
3049 4608 3138 4661 τὸν
3203 4609 3512 4680 στρατηγὸν
3562 4609 3883 4680 Στρυμόνος

2278 4699 2677 4764 ἐξαποστεῖλαι,
2709 4700 2952 4771 χαράξας
2983 4699 3274 4770 ἐπιστολὴν
3303 4701 3666 4772 περιέχουσαν
3693 4701 3881 4768 asqu-

2278 4793 2387 4856 λῶς
2425 4793 2715 4862 φυλάττειν
2745 4793 2902 4846 τοῦτο
2941 4793 3110 4864 μέχρι.
3130 4793 3229 4863 τῆς
3263 4793 3544 4856 ὲκὸἀσεως
3575 4792 3670 4846 τοῦ
3707 4793 3876 4846 πολέ-

2283 4908 2411 4962 μου.
2439 4891 2737 4959 Χειρωθεὶς
2777 4886 2870 4944 οὖν
2916 4885 3070 4954 οὗτος
3121 4889 3261 4961 ἢχθη
3311 4890 3454 4944 κατᾶ
3484 4891 3544 4943 τὸ
3573 4890 3879 4959 πρόσωπον

2278 4983 2374 5037 τοῦ
2393 4983 2680 5054 τυράννου.
2724 4982 2783 5036 Ὀ
2836 4983 3016 5054 δὲτὴν
3054 4983 3270 5054 μορφὴν
3317 4982 3640 5045 ἀλλοιώσας.
3675 4983 3879 5053 ἐμϐρι-

2274 5077 2526 5144 θέστερον
2550 5093 2608 5129 τε
2638 5077 2838 5146 μᾶλλον
2874 5077 2906 5141 ἢ
2937 5078 3203 5148 πρότερον
3233 5073 3347 5147 εἶχε
3378 5077 3515 5147 πρὸς
3537 5075 3706 5130 αὐτὸν
3731 5095 3874 5147 χρηο

2273 5170 2528 5238 σάμενος,
2559 5169 2836 5240 ἀνηρώτα.
2877 5169 3000 5222 Ποῦ
3023 5169 3121 5236 δὴ,
3151 5170 3308 5238 φησὶ,
3330 5169 3394 5222 τὸ
3424 5169 3532 5223 τοῦ
3555 5169 3878 5234 ,βασιλέως

2273 5259 2552 5325 χρυσίον,
2585 5257 2654 5311 τὰ
2683 5257 2793 5311 δύο
2810 5257 3078 5310 τάλαντα
3105 5258 3257 5326 ἅπερ
3272 5260 3370 5312 ἐπὶ
3399 5260 3684 5314 Σικελίαν
3697 5259 3875 5326 ἄγειν

2272 5349 2564 5418 ἐτάχθης;
2609 5351 2668 5402 '0
2696 5351 2774 5415 δὲ,
2803 5349 2990 5405 Τοῦτο
3013 5351 3113 5416 δὴ,
3150 5353 3337 5422 φησὶν,
3366 5355 3453 5418 εἰς
3486 5351 3632 5419 ὅπερ
3670 5351 3874 5405 ecatei-

2283 5448 2531 5513 λημμαι,
2569 5443 2821 5510 δεδιὼς,
2853 5444 2967 5512 τὴν
3014 5445 3370 5512 πολιορκίαν
3404 5445 3558 5514 λέγω
3605 5444 3715 5511 τῆς
3761 5443 3874 5498 πό-

2280 5539 2454 5601 λεως.
2484 5535 2726 5604 ἐπείπερ
2759 5538 2944 5600 αὐτὸς
2973 5535 3088 5605 ἐγὼ
3123 5535 3302 5603 δεῦρο
3339 5536 3538 5606 τυχὼν
3557 5536 3875 5602 ἀδυνάτως

2281 5625 2450 5698 εἶχον
2499 5631 2792 5683 τοσούτου
2847 5629 3134 5682 κινδύνου
3188 5630 3485 5696 παρόντος
3537 5631 3875 5697 ὑποχωρεῖν

1894 5721 2124 5776 VABIrE
2184 5720 2592 5775 LI‘JCTIUNES.

669 5803 716 5837 ⁸³
755 5806 1116 5874 καθιστῶντες
1166 5814 1271 5867 ΑΡ.
1347 5816 1393 5847 ’³
1425 5815 1818 5886 κεκρυμμένην
1854 5817 1918 5872 Λ.
1997 5818 2042 5850 ’³
2084 5817 2246 5870 πάλιν
2309 5817 2507 5881 ἐντοῖς
2542 5816 2602 5870 P.
2680 5817 2726 5848 ’³
2777 5815 2923 5871 λινοῦ
2977 5818 3086 5880 τοῖς
3155 5816 3434 5888 ἀραχνίοις
3471 5816 3578 5870 AP.
