4094 6416
224 315 363 378 509
1358 315 1456 374 DE
1484 308 2449 374 EXCIDIOEIIESSALONICEJ.
3366 334 3371 345 ι
3447 311 3553 374 610

220 423 347 476 καὶ
388 425 483 494 μὴ
520 422 619 475 τὰ
654 425 796 493 παρ’
854 424 1075 478 ἑαυτοῦ
1130 425 1462 487 δεικνύναι,
1498 425 1741 479 πάντων
1790 426 1837 478 ει

1946 425 2239 480 ιεοιιυεηὲςς
2268 421 2454 484 oculis.
2498 428 2555 473 ut
2602 422 2691 490 qui
2746 423 2819 475 eis
2876 422 3080 494 aliquid
3136 424 3461 480 conducibile
3498 443 3563 479 ac

214 515 349 584 ἐμὲ
372 517 764 581 βλεπόντων
801 518 882 582 ὡς
916 516 1082 589 ἄδι-,τι
1115 519 1391 587 χρηστὸν
1420 518 1629 583 αὐτοῖς
1655 518 1751 571 καὶ
1793 534 1831 570 τι

1980 515 2208 584 tempori
2241 522 2596 583 opportunum
2639 518 2897 582 prwstare
2957 514 3181 582 forsitan
3222 532 3447 586 possem,
3502 518 3563 569 ob

213 608 443 676 καιρῷ
487 609 689 673 τούτῳ
748 607 1053 677 χρήσιμον
1105 607 1450 677 δυνάμενον
1508 605 1830 675 παρασχεῒι

1981 618 2098 658 eam
2127 602 2308 671 utique
2343 618 2562 655 causam
2596 616 2790 654 aurum
2823 599 2958 652 illud
2991 612 3191 655 secreto
3216 602 3341 657 urbe
3371 619 3565 672 expor-

210 702 480 753 τούτου
519 700 603 765 δὴ
630 700 901 769 χάραττε)
919 700 1038 769 μὲν
1063 701 1324 769 χρυσίον
1359 699 1558 753 ἐκεῖνο
1606 698 1718 765 τῆς
1766 715 1827 751 πι

1981 698 2108 749 (avi.
2143 694 2262 749 Non
2288 697 2428 748 enim
2450 696 2513 747 de
2532 694 2764 747 obscuris
2809 710 2872 747 ac
2898 693 3066 747 dubiis
3092 696 3220 747 certi
3267 696 3470 767 aliquid
3498 694 3570 748 li-

211 797 403 856 .lewr;
444 793 861 862 ὑπεξήγαγον
914 795 1019 863 (οὐ
1074 793 1188 861 τὰρ
1247 791 1570 861 ἠδυνάμην
1620 789 1828 858 ἀκριόᾱ

1982 787 2129 840 cebat
2160 787 2469 854 coniectari.
2506 784 2677 838 Porro
2708 801 2802 855 ego
2827 785 2919 838 tibi
2943 786 3093 839 hodie
3133 789 3370 855 captivus
3425 797 3565 856 asto,

213 873 390 942 περὶ
423 884 699 950 ἀδήλων
745 883 1170 952 στοχάσασθαι
1201 887 1301 953 ςδεῖ),
1339 884 1452 953 ἐγὼ
1480 882 1548 935 δέ
1576 899 1677 936 σοι
1732 898 1830 947 παλ

1985 878 2277 932 multarum
2307 878 2543 931 aliarum
2586 879 2932 947 pecuniarum
2967 879 3060 932 tibi
3099 886 3287 932 auctor
3329 880 3565 949 futurus,

222 987 502 1036 σστηκα
527 975 802 1041 τήμερον
816 974 1221 1041 δορυάλωτος,
1245 974 1496 1028 πολλῶν
1516 974 1723 1027 ἄλλων
1740 990 1839 1040 χρτ

1981 972 2028 1023 si
2051 987 2217 1023 unum
2250 986 2334 1023 me
2356 971 2529 1023 vivum
2552 976 2713 1038 atque
2745 985 2778 1021 a
2806 983 2946 1021 noxa
2980 966 3202 1022 liberum
3251 973 3564 1026 servaveris.

234 1070 464 1137 μάτων
514 1067 860 1134 παραίτιος.
889 1066 1014 1135 εἴγε
1040 1064 1225 1126 ζῶντά
1251 1083 1328 1134 με
1357 1066 1454 1117 καὶ
1480 1064 1713 1131 ἀόλαόῆ
1733 1081 1851 1117 συν

1986 1062 2146 1117 Hisce
2202 1061 2480 1132 superbus
2522 1061 2617 1116 ille
2668 1070 2982 1116 commotus
3064 1068 3122 1117 et
3178 1077 3323 1133 aegre
3365 1063 3570 1131 ferens,

236 1157 629 1226 τηρήσεως.
686 1158 1005 1228 Ἀχθεσθεὶς
1038 1157 1130 1211 οὖν
1190 1160 1282 1210 ἐπὶ
1330 1158 1545 1219 τούτοις
1594 1158 1623 1209 ὁ
1666 1156 1851 1221 ἀλαζὼ

1985 1170 2321 1223 omnemque
2351 1155 2535 1223 ipsum
2586 1152 2935 1208 obsidentem
2977 1152 3158 1208 oculis
3187 1169 3440 1224 voceque
3498 1155 3575 1209 fu-

242 1252 495 1313 ὲκεῖνος,
530 1252 633 1304 καὶ
665 1251 759 1303 τὸν
789 1249 961 1319 θυμὸν
982 1252 1165 1311 ὁποῖος
1196 1252 1240 1282 9"
1264 1250 1429 1302 αὐτὸν
1454 1244 1567 1319 εἶχε
1591 1250 1679 1302 διά
1698 1266 1755 1300 τε
1774 1248 1859 1300 uir

1987 1263 2165 1301 rorem
2193 1247 2454 1316 prodens.
2475 1246 2598 1301 imis
2629 1262 2697 1301 ex
2727 1245 3049 1316 primordiis
3073 1247 3321 1300 intonuit
3350 1265 3363 1301 :
3390 1246 3577 1313 Quaa-

236 1343 577 1413 ὀφθαλμῶν
633 1347 733 1396 καὶ
780 1347 879 1413 τῆς
913 1344 1126 1411 φωνῆς’
1156 1341 1378 1411 ἔκδηλον
1434 1346 1785 1404 καταστήσας
1814 1342 1853 1372 π

1986 1337 2289 1406 doquidem,
2316 1337 2517 1405 inquit.
2552 1337 2697 1390 haud
2725 1353 2787 1390 ex
2816 1337 3163 1407 praesentibus
3186 1338 3367 1390 didicit
3391 1341 3573 1393 mortis

231 1435 447 1504 βύθιον
479 1434 808 1503 ἐξεϐόησεν.
866 1433 1219 1503 Ἐπειδήπερ
1246 1473 1260 1496 ,
1294 1436 1480 1505 φησιν,
1513 1437 1626 1487 οὐκ
1664 1434 1846 1501 ἔμαθε

1986 1425 2303 1476 sententiam
2333 1424 2523 1478 evitari
2550 1441 2656 1478 non
2685 1441 2837 1495 posse
2857 1425 2922 1480 ab
2944 1427 3023 1479 his
3056 1427 3147 1496 qui
3172 1441 3296 1480 suas
3323 1430 3576 1497 pecunias

236 1531 307 1581 ἐκ
346 1525 490 1581 τῶν
524 1525 947 1595 προκειμένων
975 1524 1381 1592 ἀδιάδραστον
1432 1521 1585 1578 εἶναι
1616 1524 1732 1590 τὴν
1779 1541 1843 1577 το

1988 1532 2085 1583 pro
2116 1515 2474 1583 redemptione
2504 1533 2605 1570 sua
2639 1534 2745 1571 non
2776 1518 3120 1588 praebuerint,
3146 1521 3228 1573 hic
3256 1521 3347 1590 qui
3382 1537 3447 1574 ea:
3476 1538 3572 1593 gy-

237 1620 539 1674 θανὰτου
560 1617 786 1686 ψῆφον
816 1615 942 1682 τοῖς
955 1615 1041 1684 μὴ
1063 1615 1134 1669 τὰ
1159 1616 1345 1669 οἰκεῖα
1365 1617 1642 1684 χρήματα
1662 1617 1854 1682 λύτρο

1989 1607 2152 1660 ηωεὶο
2184 1614 2279 1672 est,
2311 1607 2403 1661 sed
2433 1607 2575 1661 velut
2598 1610 2652 1663 in
2686 1626 2845 1664 scena
2870 1626 2984 1663 sese
3001 1614 3113 1680 ipse
3138 1621 3391 1677 ostentat,
3426 1630 3567 1667 men-

237 1709 785 1781 παρεχομένοιςιό
815 1706 929 1776 τῆς
976 1706 1463 1776 γυναικωνίτιδος
1488 1703 1688 1773 οὗτος,
1742 1707 1854 1759 at:

1989 1700 2129 1752 dacii
2156 1697 2365 1767 larvam
2394 1701 2536 1754 velut
2569 1718 2732 1773 prope
2758 1719 2868 1756 rem
2903 1717 3157 1774 magnam
3195 1722 3257 1759 ac
3293 1706 3573 1760 admiran-

234 1804 470 1870 ὥσπερ
503 1801 613 1854 ἐπὶ
649 1798 897 1867 σκηνῆς
928 1798 1223 1862 ἐπίδειξιν
1240 1797 1512 1859 ποιεῖται,
1544 1797 1611 1850 τὸ
1631 1796 1851 1864 πλάσμι

1987 1791 2113 1844 dam
2162 1793 2416 1848 adversus
2471 1811 2626 1847 suam
2676 1796 2949 1864 proferens
3012 1796 3268 1864 salutem,
3319 1815 3477 1853 coxas
3526 1806 3575 1852 et

237 1896 359 1950 τοῦ
391 1893 695 1962 ψεύδους
726 1889 885 1959 μέγα
917 1889 1017 1942 καὶ
1042 1890 1393 1958 θαυμαστόν
1424 1888 1555 1943 οἷον
1577 1892 1730 1944 κατὰ
1775 1889 1854 1957 τῆ

1991 1884 2239 1954 scapulas
2265 1886 2487 1955 fustibus
2503 1888 2882 1951 contundatur,
2917 1898 2972 1940 ut
3000 1905 3138 1941 nunc
3165 1890 3381 1943 tandem
3406 1907 3576 1959 agno-

228 1985 484 2041 ἑαυτοῦ
503 1984 1020 2051 προϐαλλόμενος
1041 1982 1361 2047 σωτηρίας,
1391 1981 1641 2048 ῥάϐδοις
1672 1994 1845 2038 τυπτε

1990 1986 2101 2030 seat
2128 1978 2215 2030 cui
2254 1986 2389 2031 astet
2418 1986 2467 2031 et
2490 1978 2553 2031 de
2585 1979 2770 2049 quibus
2796 1978 3068 2049 loquatur,
3112 1989 3161 2033 et
3201 1998 3267 2034 ne
3294 1984 3357 2035 de
3387 1983 3575 2037 alienis

233 2082 380 2133 σθω
415 2077 498 2131 τά
533 2094 603 2131 τε
639 2076 814 2145 ἰσχία
834 2076 931 2129 καὶ
966 2075 1038 2128 τὰ
1058 2076 1210 2129 κατὰ
1231 2075 1337 2129 τὸν
1378 2077 1573 2129 νῶτον
1598 2076 1772 2145 μέρη,
1805 2080 1850 2132 ὡ

1993 2070 2226 2138 pecuniis
2255 2070 2524 2139 ambigens
2553 2073 2675 2126 vitae
2706 2074 2806 2126 sibi
2848 2072 3144 2143 periculum
3170 2084 3426 2129 arcessat.
3473 2075 3574 2129 Mi—

228 2169 327 2224 ἂν
361 2171 411 2203 ’³
453 2170 601 2237 ἄρτι
632 2167 756 2236 γνῷ
784 2167 1024 2234 πρῶτον
1053 2168 1167 2219 τίνι
1202 2166 1563 2235 παρίσταται
1596 2170 1696 2224 καὶ
1750 2186 1845 2240 πει

1992 2161 2152 2215 nistri
2182 2163 2349 2232 igitur
2380 2164 2701 2234 iniquarum
2758 2165 3012 2225 caedium.
3054 2178 3114 2221 ut
3159 2167 3336 2221 solum
3395 2168 3572 2236 ipsum

222 2265 443 2317 τίνων
475 2261 837 2329 διαλέγεται
857 2302 871 2319 .
933 2258 1033 2311 καὶ
1055 2258 1143 2327 μὴ
1196 2259 1516 2327 χρημάτων
1548 2261 1839 2329 (illome

1991 2253 2253 2309 viderunt
2276 2255 2439 2325 longo
2472 2257 2624 2310 vocis
2660 2265 2834 2311 tractu
2862 2257 3037 2312 ell'usa
3073 2258 3283 2312 insania
3308 2260 3575 2314 adversus

234 2351 679 2422 ἀμφισϐητῶν
729 2349 840 2402 τόν
865 2349 1002 2416 περὶ
1047 2348 1258 2416 ψυχῆς
1285 2349 1479 2414 ἑαυτῷ
1509 2350 1851 2418 περιποιῆτο

1991 2360 2179 2399 coram
2228 2355 2463 2402 stantem
2524 2348 2717 2403 tulisse
2784 2351 3141 2412 sententiam,
3209 2352 3358 2405 omni
3406 2353 3576 2407 verbo

236 2444 586 2497 κίνδυνον.
618 2444 683 2494 Οἱ
705 2440 1017 2510 λειτουργοὶ
1051 2438 1145 2491 οὖν
1173 2438 1283 2492 τῶν
1336 2440 1536 2493 ἀδίκων
1568 2442 1770 2511 φόνων,
1807 2443 1853 2495 ὠ

1990 2437 2148 2493 ocius
2189 2438 2470 2494 hominem
2501 2440 2660 2511 571
2695 2441 2847 2495 humi
2906 2442 3165 2504 allidunt,
3220 2452 3409 2513 totque
3459 2461 3576 2499 ma-

240 2537 418 2605 μόνον
452 2530 612 2587 εἶδον
645 2533 815 2585 αὐτὸν
849 2532 969 2601 μεθ’
1001 2530 1323 2600 ὑποσυρμοῦ
1349 2532 1533 2602 φωνῆς
1561 2534 1655 2586 καὶ
1685 2536 1853 2602 μανία

1985 2539 2145 2585 ctant
2173 2532 2504 2587 verberibus
2534 2542 2595 2587 ut
2632 2533 2821 2591 miseri
2852 2550 3055 2605 corpus
3083 2552 3192 2589 non
3225 2537 3320 2590 diu
3354 2538 3575 2592 restite-

236 2630 345 2700 την
378 2625 671 2695 τοιαύτην
709 2624 897 2694 ψῆφον
923 2623 1066 2677 κατά
1100 2622 1192 2675 τοῦ
1228 2623 1465 2684 ἑστῶτος
1514 2624 1849 2696 ὲξενεγκάμε

1993 2622 2087 2686 rit,
2119 2623 2216 2678 sed
2249 2625 2305 2678 in
2346 2625 2517 2680 multa
2575 2626 2884 2692 concisum,
2916 2627 3277 2699 subjectoque
3308 2629 3426 2683 solo
3452 2646 3580 2683 san-

240 2738 357 2783 νον,
398 2719 620 2772 Θᾶττον
650 2717 817 2784 λόγου
848 2716 1051 2778 παντὸς
1076 2717 1140 2784 τῇ
1166 2716 1236 2784 γῇ
1268 2714 1456 2768 τοῦτον
1478 2717 1857 2789 προσέρῤαξαν

1986 2715 2220 2783 guinum
2294 2715 2430 2770 rivis
2487 2716 2735 2785 impleto,
2787 2718 2956 2771 tantis
3023 2718 3237 2773 scilicet
3294 2718 3579 2774 doloribus

240 2812 338 2865 καὶ
359 2808 689 2870 τοσαύταις
720 2806 979 2876 βάλλουσι
1002 2806 1257 2875 πληγαῖς,
1285 2806 1359 2869 ὡς
1391 2808 1467 2875 μὴ
1500 2807 1594 2859 ἐπὶ
1621 2806 1762 2859 πολὺ
1789 2810 1854 2860 ἀν

2003 2808 2172 2876 impar
2209 2822 2275 2861 ac
2294 2809 2654 2871 cruciatibus.
2683 2811 2923 2863 animam
2950 2811 3237 2865 cﬂlaverit.
3281 2813 3398 2867 Jam
3443 2830 3577 2884 ergo
3608 2838 3620 2845 -

240 2905 462 2973 τισχεῖν
492 2899 602 2953 τοῦ
634 2899 830 2951 ἀθλίου
860 2898 920 2950 τὸ
945 2897 1127 2966 σῶμα,
1154 2896 1266 2948 ἀλλ’
1290 2898 1370 2958 εἰς
1397 2896 1567 2949 πολλὰ
1588 2897 1857 2969 διαιρεθὲν

1991 2898 2085 2953 illo
2150 2897 2455 2968 defatigato
2495 2915 2561 2954 ac
2603 2899 2912 2963 fatiscente.
2971 2916 3096 2953 cum
3160 2918 3264 2956 nec
3313 2913 3579 2958 cruentos

240 2997 489 3058 καὶτοῖς
527 2993 755 3062 ὀχετοῖς
791 2989 906 3042 τῶν
932 2988 1182 3058 αἱμάτων
1207 2987 1296 3041 τὸν
1333 2989 1692 3059 ὑποκείμενον
1719 2990 1857 3043 τόποε

1988 2998 2230 3045 tortores
2256 3006 2349 3045 res
2380 2991 2598 3055 lateret,
2633 2992 2752 3061 ipso
2786 2994 2901 3062 jam
2932 2993 3204 3047 exstincto
3250 3004 3307 3048 et
3337 3010 3365 3047 a
3399 3005 3575 3050 morte

246 3087 597 3158 πληρῶσαν,
644 3080 828 3144 οὕτως
859 3081 960 3150 τὴν
994 3079 1173 3149 ψυχὴν
1220 3080 1535 3149 ἐπαφεῖναι,
1588 3084 1863 3152 καρτερεῖ,

1992 3080 2205 3135 caedere
2235 3081 2601 3147 desinebant;
2651 3098 2776 3139 cum
2808 3083 2899 3137 vix
2950 3082 3170 3137 tandem
3223 3084 3579 3139 inexorabilis

246 3150 370 3241 sui;
416 3175 737 3248 δριμείαις
797 3170 1039 3234 ἐκείναις
1092 3170 1385 3240 ἀλγηδόσιν
1430 3172 1533 3225 οὐκ
1588 3150 1863 3242 ὲξιήσχύσαι

1989 3175 2174 3229 bellua
2207 3174 2345 3229 iram
2390 3175 2724 3228 remittens:
2759 3175 2889 3229 Esto
2940 3176 3021 3229 hic
3075 3193 3302 3246 quoque,
3373 3178 3573 3247 inquit.

249 3289 341 3326 σαν
402 3273 450 3325 ί,
497 3270 599 3330 Ὣς
666 3262 766 3318 οὖν
819 3262 1092 3333 ἀπείρηκε
1140 3263 1233 3316 καί
1284 3262 1439 3331 δῆλος
1471 3259 1537 3333 ἦν
1569 3266 1681 3326 τοῖς
1711 3264 1866 3332 ὠμοῖς

1990 3284 2110 3321 cum
2143 3283 2277 3320 auro
2302 3265 2397 3319 illo
2426 3267 2483 3320 in
2508 3260 2858 3336 perditionem
2901 3285 2918 3321 :
2951 3285 3099 3328 nam.
3162 3277 3219 3320 ut
3273 3270 3499 3332 videtur,
3531 3270 3577 3322 si

229 3365 480 3425 ἐκεινοις
514 3356 890 3429 δορυφόροις,
921 3354 1121 3424 μηκέτι
1159 3353 1258 3415 τὰς
1297 3353 1513 3422 πληγὰς
1540 3355 1746 3422 ἀφιεῖσι
1790 3373 1846 3406 κε

1991 3362 2156 3414 etiam
2195 3360 2377 3429 fuisset
2404 3368 2694 3429 repertum,
2726 3360 2778 3412 in
2824 3376 2934 3412 rem
2989 3369 3227 3413 nostram
3275 3361 3407 3415 nihil
3454 3378 3576 3415 con-

214 3458 373 3524 μετὰ
408 3457 715 3514 θάνατον,
766 3445 923 3518 μόλις
955 3445 1089 3498 ποτὲ
1146 3448 1247 3516 τῆς
1299 3445 1638 3516 κατεχούσης
1689 3447 1885 3501 ἑαυτὸν
1991 3450 2243 3505 duxisset.

206 3551 405 3623 ὀργῆς
447 3544 761 3618 περιάρας
798 3542 828 3593 ὁ
873 3539 1259 3600 δυσέντευκτος
1295 3537 1421 3610 θὴρ,
1491 3540 1710 3603 "Eone,
1749 3541 1904 3610 φησὶ,
1940 3543 2094 3610 μετὰ
2152 3543 2259 3598 τοῦ
2310 3542 2571 3611 χρυσίου
2634 3540 2872 3595 ἐκείνου
2929 3541 3026 3594 καὶ
3083 3536 3261 3605 οὗτος
3326 3543 3416 3607 εἰς
3462 3542 3575 3595 ἀπ-

200 3644 498 3700 chssar"
537 3634 937 3708 ἀλυσιτελὲς
968 3631 1100 3701 γὰρ,
1134 3632 1215 3697 ὡς
1241 3631 1460 3698 ἔοικεν,
1511 3633 1611 3687 καὶ
1634 3635 1881 3701 εὑρεθὲν
1918 3636 1995 3690 ἂν
2021 3632 2412 3691 δίεδείκνυτο.

298 3737 363 3803 ξι.
400 3737 552 3798 Τοῖς
579 3733 651 3786 δὲ
684 3728 801 3782 τῶν
849 3727 998 3797 νηῶν
1032 3729 1296 3799 ἀρχηγοῖς
1316 3727 1653 3797 προσέταττε
1688 3730 1888 3783 σκευά-

2068 3730 2157 3789 60.
2196 3731 2337 3785 Tum
2390 3728 2692 3785 navarcbis
2728 3742 3034 3783 convasare
3094 3725 3352 3797 imperat,
3409 3735 3469 3780 ut
3519 3741 3577 3780 se

234 3832 423 3894 ζεσθαι
461 3827 632 3899 πρὸς
670 3822 771 3875 τὸν
816 3819 1100 3873 ἀπόπλουν
1127 3859 1142 3881 ,
1173 3818 1274 3889 τὴν
1303 3819 1606 3883 νεάζουσαν
1630 3820 1840 3891 κούραν

1986 3823 2228 3879 recessui
2256 3828 2567 3892 praeparent
2598 3836 2928 3890 omnemque
2958 3819 3330 3874 multitudinis
3360 3835 3578 3873 mascu-

239 3921 330 3991 μ’.
356 3918 491 3992 367]
532 3914 650 3971 τοῦ
675 3911 928 3983 πλήθους
956 3910 1206 3981 ἀρρένων
1236 3927 1296 3962 τε
1346 3911 1442 3962 καὶ
1471 3911 1705 3978 Θηλειῶν
1734 3911 1855 3982 πρῶ

1988 3916 2169 3969 lorum
2199 3914 2411 3983 pariter
2442 3928 2505 3967 ac
2532 3913 2863 3967 feminarum
2891 3913 3170 3982 juniorem
3212 3911 3415 3981 pubem
3466 3911 3578 3981 pri-

238 4030 330 4064 τον
350 4015 473 4075 ταῖς
510 4007 740 4063 ναυσὶν
769 4002 1210 4071 εἰσενεγκόντας,
1251 4002 1326 4072 μὴ
1348 4001 1491 4055 κατά
1535 4002 1855 4070 συγγένειαν

1986 4020 2135 4059 mum
2163 4003 2219 4057 in
2247 4018 2417 4057 naves
2439 4000 2704 4063 inferant,
2738 4000 2893 4054 nulla
2950 3997 3451 4067 consanguinitatis
3485 4011 3575 4050 ra-

192 4106 367 4160 εάλλά
399 4095 914 4169 διακεκριμένως,
946 4094 1013 4147 ἵν’
1045 4094 1216 4165 ἔχωσι
1251 4095 1355 4147 κάν
1393 4111 1568 4164 τούτῳ
1612 4094 1809 4164 τιμωρί

1987 4095 2158 4159 tione,
2184 4093 2279 4149 sed
2297 4092 2593 4161 separatim
2619 4099 2702 4155 ,ut
2721 4091 2850 4144 hinc
2866 4104 3111 4158 quoque,
3136 4089 3575 4157 propinquorum

196 4200 289 4250 of;
316 4199 424 4267 τὴν
454 4192 791 4264 τυχοῦσαν,
832 4186 933 4258 τὴν
966 4184 1205 4255 φυσικὴν
1234 4182 1295 4249 ἐξ
1326 4182 1573 4255 ἀλλήλων
1596 4184 1809 4255 διαίρεσ

1989 4186 2058 4241 ab
2091 4186 2328 4240 invicem
2378 4184 2553 4239 invita
2581 4191 2781 4237 natura
2834 4182 3095 4243 divortio,
3151 4194 3261 4234 non
3315 4178 3452 4233 levis
3495 4178 3577 4232 eis

202 4287 330 4343 εἷθ’
361 4289 526 4342 οὕτω
559 4284 643 4337 τὰ
675 4280 788 4352 χρή
798 4295 973 4349 ματα,
992 4277 1089 4330 καὶ
1110 4277 1212 4329 ὅσα
1234 4275 1371 4330 ἀλλα
1393 4276 1503 4329 τῶν
1533 4276 1819 4347 συνειλεγμ

1988 4294 2150 4348 poena
2178 4287 2559 4341 accresceret;
2596 4274 2798 4330 deinde
2828 4282 2888 4327 ut
2923 4273 3211 4343 pecunias,
3245 4281 3577 4340 etqurecun-

208 4400 339 4434 νων
367 4381 621 4450 φανεῖεν
655 4373 937 4443 χρήσιμα,
963 4366 1431 4438 συμφορήσαντας
1458 4367 1479 4399 ³
1496 4366 1744 4437 αὐτάρκη
1767 4384 1825 4419 τα

1989 4386 2097 4440 que
2129 4369 2236 4424 alia
2263 4369 2319 4424 in
2348 4369 2436 4424 his
2462 4384 2584 4439 quae
2604 4368 2941 4438 collegerant
2970 4364 3127 4419 utilia
3158 4364 3277 4429 fore
3316 4362 3577 4417 videren-

214 4472 401 4525 ναυσὶ
435 4469 565 4523 τῶν
601 4461 920 4532 ἀγωγίμων
956 4458 1266 4529 ἐμποιῆσαι
1298 4459 1389 4511 τὸν
1419 4458 1641 4530 φόρτον.
1683 4460 1831 4525 Ἤγελ

1992 4472 2101 4529 tur,
2135 4470 2568 4531 comportantes,
2601 4469 2843 4514 vecturae
2866 4473 3009 4512 onus
3040 4455 3319 4511 sufﬁciens
3343 4456 3576 4511 navibus

232 4562 337 4618 οὖν
359 4566 424 4618 τδ
462 4558 681 4625 νεάξον
712 4555 1015 4628 πρόσωπον
1046 4552 1220 4617 ἅπαν,
1262 4550 1421 4604 τοῦτο
1453 4553 1614 4622 μόνον
1644 4567 1849 4622 κατηγο

1958 4547 2360 4625 'imponerent.
2398 4553 2715 4609 Ducebatur
2769 4552 2957 4621 itaque
2989 4551 3257 4621 juvcnum
3318 4548 3575 4602 universa

250 4657 369 4725 ρίαν
390 4657 556 4727 ἕχον,
601 4652 669 4704 τὸ
704 4647 949 4718 ἀνθηρὸν
982 4644 1085 4715 τῆς
1119 4643 1336 4715 ἡλικίας
1376 4643 1544 4715 ἢτῶν
1571 4646 1867 4715 προσώπωι

1990 4648 2188 4719 pubes,
2252 4648 2359 4701 hoc
2383 4646 2560 4701 solum
2590 4652 2817 4698 onerata
2866 4643 3118 4706 crimine,
3165 4639 3312 4711 quod
3358 4639 3576 4694 ﬂorenti

246 4751 341 4820 τὴν
366 4749 734 4821 ὡραιότητα.
773 4741 898 4796 Κᾶν
923 4740 1035 4811 γὰρ
1080 4741 1114 4809 ή
1152 4737 1419 4809 σύγχυσις
1467 4736 1577 4789 τῶν
1619 4737 1863 4809 λυπηρῶι

1988 4748 2149 4795 aetate
2181 4747 2330 4794 esset
2357 4747 2453 4792 aut
2483 4736 2631 4806 quod
2657 4735 2895 4805 eleganti
2919 4750 2983 4789 ac
3025 4742 3259 4788 venusta
3282 4731 3445 4787 facie.
3480 4731 3575 4785 Li-

244 4818 511 4906 ἆιτανταξ
549 4840 701 4910 πρὸς
734 4837 796 4889 τὸ
846 4832 1181 4903 σκυθρωπὸν
1232 4827 1390 4902 ἦγεν,
1440 4830 1558 4884 ἀλλ’
1588 4830 1616 4882 ὁ
1651 4831 1861 4900 φυσικὸ.

1988 4842 2079 4888 cet
2106 4832 2255 4886 enim
2296 4831 2566 4885 malorum
2603 4828 2856 4884 confusio
2904 4835 3103 4882 maesto
3165 4840 3360 4881 omnes
3418 4823 3575 4878 vultu

244 4934 556 5007 χαρακτὴρ
586 4930 787 5000 ἐδήλου
817 4928 941 4988 ταῖς
967 4922 1125 4995 ὄψεσι
1152 4921 1250 4995 τὴν
1278 4921 1559 4992 εὐγένειαν
1580 4938 1594 4953 ’
1619 4924 1717 4976 καὶ
1747 4923 1861 4993 ’πρό¹

1989 4925 2256 4991 alliceret,
2283 4924 2550 4979 naturalis
2597 4931 2781 4977 tamen
2815 4922 3104 4976 character
3149 4920 3462 4973 elucentem
3517 4916 3572 4972 in

246 5046 413 5097 φασις
450 5028 475 5059 ⁵
507 5023 585 5097 ἦν
619 5025 739 5085 τοῖς
777 5020 996 5081 πολλοῖς
1044 5017 1108 5070 τὸ
1157 5014 1373 5081 κάλλος,
1433 5016 1493 5070 ὲν
1533 5017 1647 5080 τοῖς
1687 5016 1863 5069 δεινοῖς

1987 5031 2055 5071 eo
2106 5015 2506 5086 ingenuitatem
2558 5013 2923 5077 monstrabat,
2983 5028 3044 5067 ac
3080 5010 3299 5065 decoris
3363 5008 3575 5062 micans

246 5123 455 5186 αὐτοὺς
528 5115 956 5189 προδιδόμενον.
1020 5110 1185 5164 Ἀλλά
1224 5114 1379 5163 ποῖον
1407 5109 1614 5163 τούτων
1664 5111 1863 5181 πρῶτοι

1985 5109 2104 5180 ipse
2144 5109 2334 5163 radius
2363 5125 2477 5163 non
2508 5108 2702 5179 paucis
2749 5116 2809 5161 ut
2841 5105 3001 5160 malis
3035 5103 3196 5174 572
3233 5099 3571 5154 dederentur

246 5212 458 5276 ἐξείπω
494 5211 563 5276 ’ς
606 5209 766 5261 ποῖον
798 5207 856 5260 δὲ
893 5203 1018 5258 κατ’
1058 5202 1220 5268 ἀξίαν
1252 5200 1615 5271 ἐλεεινότερον
1667 5202 1863 5271 κρίνως

1986 5217 2151 5256 causa
2173 5200 2299 5255 fuit.
2332 5201 2622 5268 Quodnam
2648 5214 2780 5256 vero
2806 5199 3005 5253 horum
3027 5196 3265 5265 primum
3292 5191 3574 5247 referam?

248 5307 414 5359 ὁπὸτε
440 5302 748 5375 συμμιγής
794 5316 879 5361 τις
911 5298 933 5328 ⁸
964 5296 1060 5350 καὶ
1109 5293 1341 5365 σφοδρὸς
1376 5294 1649 5364 ἀνήγερτο
1683 5293 1865 5365 θρῆνος

1987 5294 2266 5363 quodnam
2290 5303 2476 5349 autem
2498 5293 2662 5365 digne
2681 5293 2939 5363 iustaque
2963 5288 3177 5342 ratione
3203 5283 3572 5365 miserabilius

251 5395 743 5469 διχοτομουμένης
766 5391 869 5461 τῆς
902 5387 1426 5460 φύσεωςνάλλήλους
1445 5389 1571 5449 τοὺς
1600 5388 1868 5457 ἀγχιστεῖς

1989 5395 2226 5440 statuam
2250 5386 2273 5439 ?
2302 5402 2431 5439 cum
2457 5386 2749 5440 immiscuo
2780 5379 3101 5453 ingentique
3122 5377 3331 5444 eiulatu
3353 5383 3568 5440 exorto,

1617 5562 1847 5617 VARUE
1892 5561 2304 5618 LECTIONES.

325 5689 374 5719 "‘
407 5682 788 5757 στοχάζεσθαι
828 5681 895 5734 Α.
976 5664 1069 5757 ³⁸2
1118 5680 1304 5732 ὁποῖον
1501 5750 1517 5757 _
1546 5678 1983 5757 ’ζπαραστησας
2051 5680 2115 5731 Λ.
2154 5679 2234 5757 ⁸⁸³
2262 5679 2329 5733 ἂν
2362 5694 2473 5733 om.
2519 5675 2579 5729 Ρ.
2660 5674 2677 5703 ¹
2720 5670 3010 5741 ἐξισχύσάν
3073 5670 3133 5725 Ρ.
3210 5669 3230 5698 ¹
3268 5667 3446 5738 κήραν
3496 5663 3566 5720 Α·

248 5757 275 5787 ³
324 5746 794 5829 συμφορήσαντες
850 5753 910 5807 Ρ.
994 5752 1013 5782 ³
1046 5750 1288 5821 ἔμφασις
1342 5748 1406 5805 Ρ,
1498 5750 1518 5781 ⁸
1551 5748 1689 5802 εἴπω
1721 5749 1779 5802 l'.
1859 5746 1991 5813 ":2;
2017 5766 2126 5804 om.
2154 5748 2215 5804 Ρ.
