4094 6442
419 348 528 408 613

1490 353 1588 410 DE
1622 351 1941 411 EXCIDIO
1967 351 2581 415 THESSALONIC:E.

3595 363 3701 427 Gil.

414 470 755 541 πραγμένων
786 472 1105 540 ἀσυντελὴς,
1141 466 1184 540 ᾧ
1240 472 1313 542 μὴ
1349 472 1536 541 κέρδος
1570 473 1749 544 ἑαυτῷ
1801 490 2002 543 συμπο·

2114 473 2256 528 Cum
2284 476 2433 529 enim
2470 477 2677 545 Optime
2698 476 2867 532 sciret
2901 493 3013 533 non
3046 479 3142 534 diu
3175 490 3298 549 post
3327 482 3574 550 captivos
3607 500 3705 552 per

417 561 720 630 placito“.
799 560 1214 632 Ἀκριόὦςέίὰρ
1277 563 1433 626 εἰδὼς
1485 565 1561 625 ὡς
1620 564 1756 634 μετὰ
1817 565 2013 633 μικρὸν

410 655 637 708 ἔσεσθαι
670 654 853 723 μέλλει
878 654 990 706 τῶν
1019 654 1391 724 αἰχμαλώτων
1415 658 1447 724 ἡ
1486 656 1575 709 διὰ
1606 657 1703 725 τῆς
1735 656 2007 708 καταλλα-

410 747 521 815 γῆς
547 746 946 816 ἀπολύτρωσις,
1002 747 1293 813 ἑσοφξσατο
1345 749 1476 817 μηδὲ
1510 748 1734 809 τούτους
1762 747 1883 817 εἰκῆ
1916 748 2011 800 καὶ

408 840 490 902 ὡς
514 838 701 908 ἔτυχεν
736 838 1049 909 ἐλευθερίας
1081 841 1285 909 τυχεῖν.
1314 841 1425 893 Καὶ
1455 840 1733 894 σκόπειτὸ
1768 840 2009 910 πανοῦρ-

408 930 634 998 γοντοῦ
692 930 992 999 δράματος.
1049 930 1403 1001 Ἔρχομὲνοις
1456 934 1564 1002 γάρ
1616 949 1727 986 τισι
1776 933 1914 1002 μετὰ
1948 934 2008 985 τὸ

407 1022 511 1092 τὴν
544 1016 706 1074 milia!
727 1022 950 1085 ἁλῶναι,
981 1025 1095 1086 τοῖς
1128 1025 1547 1094 ὁπωσδηποτοῦν
1595 1025 1863 1096 διαδρᾶτι,
1913 1026 2009 1077 καὶ

404 1114 539 1174 τοὺς
566 1112 731 1175 ἰδίους
754 1112 1137 1183 αἰχμαλώτους
1161 1113 1515 1184 ὠνουμένοις,
1551 1117 1839 1168 συνείπετο
1885 1117 2006 1184 μετ’

406 1206 597 1258 αὐτῶν
634 1207 726 1258 καί
751 1224 833 1269 τις
865 1208 1006 1277 ἀνὴρ
1053 1206 1393 1276 καλούμενος
1431 1208 1682 1277 Συμεὼν,
1740 1211 2007 1278 φρονήσει

405 1298 662 1367 βεϐηκὼς
699 1302 792 1352 καὶ
819 1300 906 1351 διὰ
938 1301 1136 1369 πεῖρας
1183 1300 1261 1351 ὢν
1300 1301 1515 1353 πολλῶν
1545 1304 1913 1372 πραγμάτιον,
1946 1300 2005 1365 ὃς

401 1388 480 1459 ἦν
510 1391 647 1461 πρὸς
673 1390 765 1443 τοῦ
799 1390 1065 1459 βασιλέως
1080 1391 1295 1453 σταλεὶς
1323 1392 1388 1444 δι’
1415 1393 1595 1445 αἰτίαν
1616 1394 1736 1446 τινὰ
1766 1392 2004 1463 χρειώδη

404 1483 521 1552 πρὸ
564 1482 761 1552 μικροῦ
791 1485 853 1552 τῇ
892 1482 1220 1551 πό).ει,”περ“ι
1250 1479 1318 1555 ἧς
1342 1483 1438 1535 νῦν
1474 1485 1574 1536 οὐκ
1603 1484 1903 1551 ἀναγκαῖον
1926 1485 2003 1536 sl-

408 1577 558 1626 πεῖν.
596 1573 818 1636 Τούτοις
850 1571 942 1628 οὖν
983 1575 1102 1627 καθ’
1146 1576 1384 1644 ἑκάστην
1418 1575 1582 1646 μέχρι
1626 1577 1735 1630 τῶν
1774 1578 2004 1646 ἡμερῶν

404 1666 503 1718 τοῦ
535 1665 781 1717 ἀπόπλου
835 1665 1043 1734 συχνῶς
1078 1665 1398 1734 ἐρχομένοις
1457 1665 1859 1735 ἁνεκοινὼνησε
1901 1665 2004 1734 τὴν

407 1758 553 1810 κατὰ
608 1757 714 1808 τῶν
764 1756 1073 1825 εἰρημένων
1138 1757 1333 1827 βουλὴν
1378 1758 1602 1822 ὁδεινὸς
1634 1750 1789 1820 οὗτος
1820 1760 1993 1823 Λέων,

407 1850 583 1901 εἰπὼν
633 1850 770 1919 πρὸς
805 1850 1023 1911 αὐτοὺς,
1080 1847 1165 1920 [Ρ.
1205 1849 1333 1921 569]
1368 1850 1443 1913 ὡς
1496 1849 1638 1917 Ἐγὼ
1696 1849 1994 1917 ἀπεχθῶς,

409 1942 564 2010 φησὶ,
587 1943 914 2009 φερόμενος
950 1940 1020 2004 ἐξ
1041 1939 1232 2009 ἀρχῆς
1259 1941 1389 1995 καθ’
1416 1940 1585 2010 ὑμῶν
1612 1943 1726 1995 οὐκ
1761 1943 2003 2011 ἔκρινον

393 2033 631 2093 -ζωῶσαι
658 2033 775 2085 τῶν
800 2035 1073 2087 ἁλόντων
1092 2033 1313 2088 οὐδένα
1334 2050 1345 2062 ·
1388 2036 1480 2100 τίς
1514 2034 1623 2104 γὰρ
1656 2037 1724 2088 ἐκ
1750 2035 1895 2090 Θεοῦ
1912 2055 2001 2105 μι-

408 2127 561 2192 σθὸς
610 2128 921 2195 πολομίοις
979 2126 1277 2194 ἀνδράσιν
1323 2130 1391 2182 ἐν
1445 2130 1630 2197 καιρῷ
1676 2131 1855 2198 νίκης
1894 2133 2003 2184 τὸν

410 2219 673 2273 θάνατον
694 2221 1052 2288 συγχωρεῖν,
1083 2221 1156 2273 ὃν
1188 2222 1360 2274 αὐτοὶ
1387 2221 1633 2289 μᾶλλον
1654 2223 2005 2277 ἐτέκταινον

410 2311 767 2375 καθιὴμῶν;
798 2311 943 2365 ἀλλ’
993 2312 1204 2378 ἐπειδὴ
1244 2314 1415 2391 χρεία
1454 2331 1544 2379 τις
1595 2316 1839 2383 ἐπείγει,
1871 2319 1999 2369 καθ’

406 2402 492 2467 ἦν
536 2402 711 2455 ἔστιν
744 2402 1081 2470 ἐπάναγκες
1144 2403 1441 2472 ζὶυωθῆναι
1496 2407 1773 2473 τούτους,
1832 2409 2001 2476 εἴπερ

403 2496 613 2547 αἰσίου
642 2496 809 2563 τύχοι
844 2496 951 2549 τοῦ
987 2496 1263 2565 πέρατος,
1297 2498 1431 2565 περὶ
1460 2501 1677 2553 τούτου
1706 2503 1837 2555 καθ’
1863 2501 2003 2556 ἐαυο

398 2586 551 2651 τοὺς
584 2587 755 2654 ὑμεῖς
793 2586 1131 2655 σκέψασθε.
1181 2591 1524 2658 Ἐπειῗγομαι
1578 2591 1686 2660 γὰρ
1733 2592 1850 2658 ἤδη
1893 2593 2000 2646 τοῦ

403 2679 623 2747 καιροῦ
647 2698 719 2747 μδ
752 2681 1089 2746 καλοῦντος
1121 2683 1271 2748 πρὸς
1331 2684 1447 2751 τὴν
1496 2683 1655 2737 ἰδίαν
1700 2685 2002 2738 ἀποπλεῖν

394 2772 684 2839 πατρίδα.
716 2768 989 2827 Δύνασθε
1008 2771 1124 2828 οὗν
1151 2776 1612 2843 ἀντιποιηθῆναι
1645 2779 1874 2831 τούτων
1902 2779 2000 2832 ὄν-

394 2881 525 2917 των
549 2864 876 2918 διακοσίων
899 2866 1007 2919 τὸν
1036 2868 1289 2935 ἀριθμιεπν
1317 2868 1391 2922 δι’
1423 2869 1726 2938 ἐγγράφου
1756 2872 1996 2940 ἐγγύης.

399 2957 487 3019 ὡς
500 2956 713 3010 λαϐεῖν
741 2955 899 3026 ἡμᾶς
925 2958 1050 3011 ἀντ’
1075 2958 1275 3011 αὐτῶν
1312 2960 1382 3012 ἐν
1409 2958 1489 3024 τῷ
1514 2962 1697 3030 καιρῷ
1728 2963 1837 3029 τῆς
1854 2981 1996 3015 κατ-

396 3048 689 3117 αλλιιγῆς
713 3050 1065 3118 ὶσαρίθμους
1128 3052 1507 3121 Ἀγαρηνοὺς,
1537 3053 1746 3108 πεῖσαί
1782 3072 1845 3109 τε
1890 3057 2005 3108 τὸν

2116 567 2610 623 commutationem
2641 569 2760 623 fore
2796 569 3174 637 redimendos,
3205 574 3312 627 hoc
3339 589 3561 643 quoque
3611 592 3706 629 me

2116 660 2481 730 cogitaverat,
2520 676 2588 714 ne
2618 662 2671 715 hi
2725 671 2934 717 temere
2963 672 3019 717 et
3047 665 3203 733 quasi
3238 666 3475 720 oblatam
3507 678 3707 737 sponte

2114 752 2430 808 libertatem
2490 768 2987 824 consequerentur.
3028 758 3095 811 Et
3125 760 3413 814 considera
3445 761 3704 815 callidum

2113 844 2357 900 hominis
2411 848 2729 902 consilium.
2792 849 3159 904 Venientibus
3221 852 3367 904 enim
3422 854 3709 907 nonnullis

2111 945 2241 1005 post
2289 937 2447 990 urbis
2500 939 2798 1003 excidium,
2828 941 2923 1009 qui
2979 942 3100 1011 ejus
3148 951 3432 1012 utcunque
3486 945 3705 1000 ruinam

2110 1040 2413 1095 casumque
2443 1038 2759 1092 evaserant,
2792 1044 3037 1099 suosque
3091 1032 3343 1100 captivos
3372 1034 3703 1091 redimenti-

2111 1115 2239 1179 bus,
2271 1132 2377 1170 una
2400 1134 2527 1172 cum
2552 1119 2633 1173 eis
2654 1120 2955 1174 advenerat
2986 1120 3071 1173 vir
3095 1122 3183 1176 cui
3220 1121 3476 1192 Symeoni
3500 1140 3703 1179 nomen

2107 1217 2247 1269 erat,
2300 1208 2486 1261 adulta
2530 1210 2824 1277 prudentia
2862 1222 2917 1265 et
2966 1214 3264 1267 multarum
3314 1230 3498 1268 rerum
3535 1233 3703 1285 expc-

2108 1300 2307 1354 rientia
2348 1302 2605 1356 celebris.
2635 1302 2729 1356 Ille
2767 1304 2929 1372 paulo
2970 1313 3097 1358 ante
3125 1306 3193 1359 ab
3223 1288 3560 1374 imperatore
3599 1326 3699 1363 nc-

2106 1394 2236 1461 gotii
2267 1396 2555 1463 cujusdam
2591 1397 2891 1450 necessarii
2936 1412 3104 1451 causa
3132 1398 3334 1453 missus
3386 1400 3593 1465 fuerat,
3631 1403 3703 1457 de

2104 1500 2215 1554 quo
2243 1486 2381 1539 nihil
2412 1488 2910 1556 impraesentiarum
2936 1488 3124 1543 dicere
3161 1489 3417 1545 interest.
3455 1491 3552 1545 llis
3597 1493 3701 1547 ita-

2103 1590 2210 1644 que
2233 1576 2483 1644 quotidie
2507 1576 2917 1647 eonl‘ertimque
2940 1578 3007 1633 ad
3040 1580 3267 1633 navium
3303 1596 3481 1649 usque
3506 1599 3693 1638 reces-

2104 1683 2225 1722 sum
2271 1670 2650 1733 venientihus,
2702 1671 2998 1725 consilium
3051 1688 3211 1726 suum
3264 1674 3533 1728 adversus
3584 1676 3698 1745 jam

2103 1760 2283 1816 dictos
2314 1762 2544 1817 immitis
2573 1763 2682 1818 Leo
2732 1764 2882 1818 hisce
2934 1766 3391 1821 communicavit.
3442 1768 3576 1836 Ego,
3620 1769 3699 1822 in-

2102 1854 2245 1922 quit,
2267 1870 2371 1923 quo
2405 1855 2459 1907 in
2482 1872 2571 1908 vos
2607 1857 2727 1909 odio
2763 1875 2793 1909 a
2829 1859 3090 1927 principio
3142 1860 3340 1911 excitus
3366 1875 3538 1921 eram,
3580 1872 3695 1914 sta-

2104 1955 2311 2001 tueram
2338 1950 2535 2002 nemini
2564 1952 2893 2017 captivorum
2917 1953 3037 2005 vita’
3069 1951 3461 2021 indulgentiam
3499 1953 3692 2021 facere.

2104 2039 2235 2104 Quae
2256 2043 2396 2094 enim
2418 2058 2481 2094 ex
2504 2041 2617 2095 Deo
2638 2060 2834 2096 merces
2861 2052 2957 2109 est,
2983 2044 3215 2097 hostibus
3242 2044 3447 2112 favente
3474 2046 3698 2099 victoria

2104 2140 2325 2184 mortem
2358 2133 2683 2193 condonare,
2734 2135 2822 2203 qui
2857 2136 2956 2203 ipsi
2987 2150 3106 2187 eam
3130 2136 3183 2187 in
3226 2151 3319 2188 nos
3341 2135 3524 2188 sedulo
3581 2153 3696 2189 ma-

2058 2208 2073 2219 ’
2101 2221 2444 2274 chinarentur
2468 2222 2494 2274 Ρ
2532 2221 2664 2276 Cum
2721 2232 2900 2275 tamen
2935 2223 3141 2276 utilitas
3202 2224 3448 2293 qua’dam
3484 2234 3692 2294 urgeat,

2103 2330 2209 2377 qua
2238 2330 2445 2367 necesse
2468 2316 2536 2369 sit
2561 2318 2715 2368 utsic
2736 2317 2838 2369 vivi
2873 2325 3166 2379 serventur,
3206 2317 3465 2387 siquidem
3514 2317 3688 2385 fortu-

2103 2403 2473 2470 natumﬁnem
2511 2423 2594 2459 res
2627 2409 2910 2469 sortiatur,
2933 2406 2997 2458 de
3029 2408 3124 2460 hoc
3166 2405 3427 2459 vobiscum
3470 2408 3571 2475 ipsi
3600 2408 3693 2459 de-

2105 2495 2349 2549 liberate.
2396 2496 2606 2552 Festino
2652 2499 2814 2562 enim,
2871 2508 3113 2566 poscente
3154 2498 3273 2567 jam
3330 2506 3581 2565 tempore,
3627 2498 3696 2551 ad

2103 2591 2319 2658 propria
2378 2606 2644 2643 remeare.
2694 2590 2760 2643 In
2814 2589 2975 2659 5'75
3000 2606 3154 2643 vosne
3212 2589 3395 2641 valetis
3444 2591 3692 2658 recipere.

2102 2696 2221 2732 cum
2256 2682 2308 2734 hi
2358 2684 2467 2735 sint
2504 2699 2722 2735 numero
2776 2684 3009 2745 ducenti,
3059 2682 3183 2749 ﬁdei
3222 2683 3462 2750 jussione
3501 2684 3695 2751 scripto

2111 2776 2445 2842 consignata,
2475 2793 2568 2828 nos
2594 2794 2689 2845 pro
2726 2779 2798 2828 eis
2822 2776 3250 2828 conmzutationis
3295 2785 3526 2843 tempore
3568 2777 3693 2826 toti-

2101 2866 2219 2917 dem
2251 2881 2314 2918 ex
2348 2868 2541 2919 nostris
2569 2866 2881 2935 (Agurenos
2929 2864 3169 2931 scilicet)
3205 2873 3522 2930 recepturos,
3571 2880 3696 2915 sua-

2099 2976 2355 3027 surosque
2403 2959 2767 3011 Romanorum
2798 2964 3005 3025 sceptra
3051 2955 3352 3007 moderanti
3396 2962 3449 3004 ut
3488 2953 3693 3007 nullam

2102 3054 2213 3120 ejus
2254 3052 2327 3104 rei
2351 3068 2510 3103 causa
2530 3050 2931 3119 ambiguitatem
2955 3050 3162 3118 aﬂ'erat,
3185 3048 3273 3100 sed
3297 3048 3373 3098 his
3393 3061 3510 3116 qua:
3534 3056 3691 3115 pacta

403 3143 744 3208 κρατοῦντα
800 3142 918 3197 τῶν
961 3144 1261 3211 Ῥωμαίων
1292 3145 1360 3200 τὰ
1391 3146 1673 3214 σκῆπτρα
1697 3150 1997 3217 μηδεμίαν

2104 3163 2132 3197 ιι
2168 3145 2306 3197 vobis
2340 3152 2495 3196 erunt
2519 3159 2792 3196 assensum
2816 3141 3048 3208 prazbeat
3076 3141 3101 3193 Ζ)
3132 3157 3199 3193 an
3227 3139 3387 3206 ﬁdem
3418 3140 3548 3190 dare
3580 3139 3691 3206 for-

403 3236 538 3303 περὶ
567 3236 785 3289 τούτου
823 3238 1186 3305 ἀμφιϐολίαν
1231 3239 1417 3306 ἔχειν,
1459 3241 1620 3292 ἀλλὰ
1661 3242 1995 3295 συνθέσθαι

400 3330 504 3396 ὑφ’
540 3327 714 3397 ὑμῶν
734 3331 1215 3399 πεπραγμένοις;
1257 3332 1298 3400 ἢ
1333 3331 1677 3386 δεδίττεσθε
1720 3332 1839 3402 μὲν
1881 3334 1998 3403 τὴν

400 3422 630 3489 ἐγγύην
657 3422 738 3486 ὡς
763 3421 849 3490 μὴ
884 3423 953 3475 ἐν
992 3424 1136 3491 ὑμῖν
1176 3424 1461 3493 κειμένην
1484 3465 1498 3487 ,
1559 3425 1792 3491 ἄδηλον
1834 3426 1908 3479 ὂν
1945 3429 1998 3479 εὶ

404 3513 928 3581 παραδεχθήσεται
956 3517 1055 3567 ὑπ’
1083 3516 1321 3569 ἐκείνου
1354 3516 1393 3584 ἢ
1420 3517 1529 3584 μὴ,
1580 3518 1653 3569 ἐν
1676 3517 1880 3570 οὐδενὶ
1930 3517 1999 3570 δέ

403 3608 595 3659 τίθετε
618 3605 918 3659 τοσοῦτον
943 3606 1138 3660 καλὸν
1164 3646 1178 3669 ,
1206 3607 1423 3677 μικρᾶς
1451 3610 1786 3677 προθυμίας
1807 3609 2000 3678 μέγαν

407 3698 849 3766 προξενοῦντες
899 3698 1024 3761 τοῖς
1056 3701 1383 3768 ὁμοφύλοις
1437 3703 1545 3753 τὸν
1584 3701 1999 3768 ὄλεθρονμέἴο

412 3804 560 3842 πατε
596 3786 710 3845 οὖν
769 3789 1036 3857 ὁποτέρῳ
1082 3793 1308 3844 τούτων
1355 3792 1671 3858 στοιχεῖτε,
1705 3793 1780 3844 ἵν’
1810 3793 1903 3845 ἐνί
1931 3810 1998 3861 γε

422 3878 533 3947 τὴν
560 3880 768 3951 ψῆφον
786 3879 1002 3951 δῶμεν,
1044 3881 1082 3950 ἢ
1106 3883 1213 3937 τοῦ
1245 3882 1471 3942 ζωῶσαι
1500 3885 1536 3950 ἢ
1584 3884 1689 3937 τοῦ
1719 3884 1998 3939 ἀπαλλά-

425 3970 527 4033 ξαι
552 3974 778 4041 αὐτούς.
819 3976 878 4027 Ὀ
903 3973 995 4028 οὖν
1028 3975 1216 4046 ῥηθεὶς
1252 3975 1320 4027 Συ
1333 3975 1502 4044 μεὼν,
1552 3976 1645 4029 {ita
1672 3975 1736 4046 δὴ
1758 3976 1868 4028 τῶν
1903 3976 1998 4029 ἅλ-

423 4062 535 4115 λων
563 4065 817 4135 προέχων,
843 4067 980 4135 πρὸς
1014 4067 1177 4120 αὑτὸν
1226 4066 1359 4135 ἔφη·
1409 4066 1555 4135 Ἐγὼ
1608 4068 1837 4134 ταύτην
1886 4068 2002 4134 τὴν

410 4154 637 4223 ἐγγύην
651 4159 840 4226 μόνος
865 4158 1294 4227 κατεγγυὼμαι,
1323 4159 1535 4226 σαφῶς
1561 4160 1733 4225 εἰδὼς
1766 4162 1830 4215 τὸ
1868 4162 2002 4231 περὶ

409 4247 609 4301 πάντα
632 4251 1061 4320 φιλάνθρωπον
1080 4252 1188 4306 τοῦ
1215 4254 1342 4307 καθ’
1366 4253 1527 4322 ἡμᾶς
1538 4254 1999 4324 αὐτοκράτορος,

408 4340 511 4393 καὶ
551 4342 631 4407 ὡς
667 4342 810 4410 δίχα
873 4345 1061 4413 λόγου
1114 4345 1346 4411 παντὸς
1410 4346 1732 4415 παρέξεται
1776 4344 2003 4402 τούτων

407 4432 637 4497 ἕνεκεν,
676 4434 746 4500 ἐξ
787 4429 874 4488 ὧν
901 4437 1026 4504 ἔχει
1064 4436 1329 4504 δεσμίων
1377 4438 1742 4507 Ἀγαρηνῶν,
1784 4443 2001 4495 τοσού-

2099 3237 2333 3298 ntidatis,
2368 3237 2523 3305 quasi
2556 3236 2732 3287 nonin
2753 3243 2922 3287 vestro
2950 3235 3055 3287 sita
3091 3233 3310 3286 arbitrio
3344 3234 3434 3295 sit,
3459 3248 3520 3283 ac
3545 3230 3691 3283 velut

2095 3331 2355 3383 incertum
2389 3328 2648 3391 habeatis,
2693 3328 2830 3381 sitne
2855 3327 2945 3379 ille
2984 3337 3161 3379 ratam
3187 3325 3461 3378 habiturus
3489 3339 3647 3376 necne
3671 3324 3696 3374 ?

2099 3439 2309 3492 remque
2334 3422 2493 3475 nihili
2538 3422 2741 3491 grande
2792 3422 2920 3475 adeo
2976 3422 3180 3473 malum
3227 3419 3452 3480 ducatis,
3486 3426 3693 3471 tantum

2096 3513 2292 3566 scilicet
2325 3512 2671 3583 popularibus
2692 3514 2898 3576 vestris,
2925 3513 3117 3564 minori
3142 3520 3311 3564 vestra
3336 3511 3389 3561 in
3414 3508 3536 3561 illos
3567 3507 3690 3561 ala-

2097 3606 2285 3657 critate
2307 3621 2368 3657 ac
2400 3606 2620 3673 pietate,
2644 3612 2990 3674 procurantes
3013 3602 3335 3657 interitum?
3363 3600 3509 3670 Erga
3537 3601 3694 3654 dicite

2098 3707 2278 3751 utrum
2304 3699 2564 3766 probetis;
2598 3714 2702 3767 quo
2728 3715 2895 3752 unam
2929 3698 2984 3750 in
3012 3706 3219 3767 partem
3264 3695 3375 3749 lata
3404 3695 3689 3757 sententia,

2098 3791 2249 3843 hosce
2274 3790 2353 3842 vel
2374 3792 2479 3844 vita
2520 3792 2858 3859 susperstites
2884 3805 3150 3842 servemus
3181 3786 3263 3840 vel
3292 3788 3552 3839 victorum
3568 3786 3694 3853 jure

2099 3884 2543 3937 contrucidemus.
2593 3883 2751 3936 Tunc
2796 3882 2983 3936 dictus
3034 3882 3292 3951 Symeon,
3351 3886 3410 3933 ut
3444 3879 3539 3947 qui
3572 3877 3694 3930 aliis

2100 3976 2372 4045 dignitate
2425 3982 2737 4044 praestaret,
2778 3972 2844 4025 ad
2889 3987 3017 4026 eum
3047 3972 3170 4024 inﬁt
3201 3990 3213 4025 :
3251 3970 3395 4024 Unus
3431 3986 3523 4039 ego
3558 3974 3696 4023 hanc

2100 4071 2155 4122 in
2200 4084 2280 4122 me
2319 4070 2652 4135 sponsionem
2692 4065 2909 4133 recipio,
2952 4073 3007 4116 ut
3034 4065 3125 4133 qui
3174 4062 3563 4115 clementissimi
3591 4062 3694 4114 im-

2103 4159 2370 4234 peratoris
2398 4159 2451 4210 in
2480 4157 2718 4210 omnibus
2739 4157 3131 4209 humanitatem
3157 4153 3431 4222 explorate
3452 4169 3692 4221 comper-

2104 4263 2216 4307 tam
2258 4252 2499 4315 habeam,
2532 4250 2643 4319 fore
2674 4248 2926 4301 nimirum
2956 4256 3010 4299 ut
3044 4247 3179 4299 citra
3200 4260 3407 4296 omnem
3429 4244 3695 4312 discepta-

2106 4346 2303 4398 tionem
2321 4342 2671 4411 jurgiumque
2718 4346 2867 4391 tanto
2911 4352 3130 4390 numero
3187 4336 3383 4388 vinctos
3420 4333 3693 4403 Agarenos

2106 4435 2429 4497 contribuat,
2469 4441 2670 4504 quanto
2704 4441 2981 4500 sun’tquos
3021 4429 3103 4481 hic
3154 4429 3211 4480 in
3259 4426 3441 4497 spoliis
3493 4426 3693 4479 habetis

406 4541 549 4591 τους
577 4526 717 4580 ὅσοι
743 4528 843 4581 καὶ
884 4525 1047 4584 οὗτοι
1080 4528 1499 4597 τυγχάνουσιν
1526 4532 1727 4598 ὄντες*
1769 4534 1879 4598 οὒς
1901 4535 1999 4587 καὶ

2110 4527 2373 4596 captivos;
2400 4541 2527 4594 quos
2554 4540 2646 4593 ego
2678 4524 2786 4592 ipse
2823 4521 3045 4575 Tarsum
3074 4518 3361 4581 adducam,
3410 4525 3467 4569 ut
3512 4516 3566 4568 in
3612 4531 3695 4567 me

407 4617 593 4683 αὐτὸς
608 4616 723 4687 ἐγὼ
757 4619 831 4688 τῇ
858 4619 1071 4689 Ταρσῷ
1115 4620 1467 4691 διακομίσω,
1506 4624 1585 4676 ἵν’
1614 4624 1708 4677 ἐπ’
1735 4626 1863 4695 ἐμοὶ
1892 4626 2003 4680 πά-

403 4712 516 4764 λιν
544 4713 614 4764 τὰ
638 4711 774 4778 περὶ
804 4709 916 4778 τῆς
968 4713 1189 4782 ἐγγύης
1223 4712 1406 4781 λυθῇ,
1460 4716 1560 4768 καὶ
1609 4715 1809 4785 μηδὲν
1857 4719 2005 4787 ἔχῃς

409 4800 538 4854 κατ’
563 4801 710 4871 ἐμοῦ
743 4803 1086 4872 προφέρειν,
1118 4804 1274 4857 ἐπὰν
1323 4804 1440 4873 τὴν
1485 4807 1745 4875 ὀφειλὴν
1775 4809 2006 4877 ἐκπλη-

402 4890 600 4958 ρώσω.
632 4895 841 4950 Μόνον
876 4897 1102 4965 τύχωσι
1130 4897 1249 4951 κᾶν
1276 4892 1446 4953 οὗτοι
1474 4915 1639 4965 τινος
1669 4902 1998 4969 σωτηρίας,

410 4982 514 5035 ἵνα
536 4985 954 5053 συλλέξαντες
979 4987 1138 5057 ταφῇ
1165 4986 1315 5042 δῶσι
1335 4987 1456 5042 τῶν
1480 4989 1900 5059 ἀποιχομένων
1932 4994 2003 5046 τὰ

410 5068 680 5137 σώματα,
727 5073 768 5128 ἆ
806 5074 906 5129 διὰ
949 5076 1155 5145 πάσης
1204 5077 1317 5146 τῆς
1358 5078 1594 5145 πόλεως
1631 5082 1877 5149 κείμενα
1904 5083 2005 5136 καὶ

409 5162 603 5217 αὐτὸν
641 5166 747 5219 τὸν
783 5166 931 5236 ἀέρα
965 5169 1117 5238 πρὸς
1149 5169 1377 5239 θρῆνον
1426 5172 1762 5240 ἐφέλκεται.
1820 5172 2005 5227 Ταῦτα

411 5254 656 5320 ἀκούσας
684 5260 714 5312 ὁ
739 5258 1021 5329 κακοήθης
1041 5262 1272 5324 ἐκεῖνος,
1302 5260 1582 5331 ἔγγραφόν
1604 5278 1665 5313 τε
1689 5261 1888 5325 πείσας
1916 5262 2006 5315 τὸν

410 5349 580 5403 αὑτὸν
600 5353 825 5422 Συμεὼν
853 5354 948 5406 καὶ
974 5354 1247 5425 ἐνώμοτον
1273 5357 1575 5426 παρασχεῖν
1599 5355 1691 5408 τὸν
1725 5355 1854 5426 περὶ
1900 5354 2008 5409 τῶν

2107 4636 2296 4673 rursus
2328 4618 2453 4686 [idei
2494 4619 2670 4688 jussio
2715 4614 3056 4680 dissolvatur,
3091 4612 3328 4682 nihilque
3358 4612 3414 4664 in
3444 4626 3525 4664 me
3569 4626 3695 4680 pro-

2109 4717 2248 4785 ferre
2276 4714 2460 4784 possis,
2490 4721 2772 4782 postquam
2805 4709 3039 4762 debitum
3066 4698 3358 4761 exsolvere.
3387 4704 3617 4791 Tantum
3644 4703 3697 4756 hi

2106 4804 2282 4859 salute
2317 4802 2501 4873 aliqua
2560 4803 2857 4872 potiantur,
2904 4807 2963 4852 ut
3011 4799 3381 4869 defunctorum
3433 4798 3698 4851 cadavera

2114 4895 2422 4966 colligentes
2471 4892 2759 4964 sepultura:
2789 4891 3031 4956 tradant,
3058 4893 3174 4962 ipsa
3208 4899 3319 4944 tota
3370 4891 3496 4943 urbe
3522 4890 3701 4965 proje-

2113 4996 2198 5041 cta
2223 4988 2499 5057 ipsumque
2521 5002 2699 5039 aerem
2731 4985 2847 5037 diro
2873 4985 2950 5036 rei
2968 4991 3244 5053 conspectu
3267 4982 3336 5035 ad
3365 4980 3561 5034 luctum
3586 4988 3701 5032 tra-
3744 5000 3747 5003 π

2113 5080 2317 5133 tientia.
2362 5079 2462 5132 His
2492 5077 2866 5147 nequissimus
2911 5076 3000 5130 ille
3034 5075 3259 5137 auditis,
3293 5087 3566 5142 suasoque
3597 5070 3698 5143 Sy-

2115 5186 2311 5225 meone
2343 5179 2405 5225 ut
2427 5178 2585 5238 pacta
2616 5169 2709 5223 illa
2744 5168 2953 5237 scripto
2981 5166 3303 5235 consignata
3329 5164 3697 5234 jurejurando

2118 5262 2385 5327 ﬁrmaret,
2420 5262 2587 5333 576
2619 5276 2810 5316 omnes
2856 5260 2979 5314 illos
3025 5257 3122 5327 qui
3176 5272 3241 5311 ex
3284 5255 3447 5309 nobis
3486 5256 3698 5325 justum

2119 5371 2417 5411 numerum
2448 5354 2789 5410 excedebant
2818 5352 3021 5414 dimitti
3055 5348 3352 5404 mandavit.

410 5446 701 5517 συνθηκῶν
731 5448 938 5501 τούτων
967 5448 1149 5518 λόγον,
1168 5451 1505 5521 ἀπολυθῆναι
1531 5451 1746 5515 πάντας
1780 5451 2028 5515 ἐκείνους
2064 5454 2191 5517 τοὺς
2222 5452 2283 5518 ἐξ
2321 5452 2477 5525 ἡμῶν
2506 5450 2966 5523 περιττεύσαντας
2999 5447 3199 5519 ἄνδρας
3231 5445 3551 5540 ἐπέτρεψεν.

1743 5691 1975 5749 νΑῐὶῐίΕ
2012 5646 2419 5751 λιΕϐἸΊθΝΕΒ.

486 5834 532 5870 ίο
580 5833 978 5904 συμπορίσαιτο
1020 5831 1082 5886 Ρ.
1134 5846 1141 5851 ‘
