4094 6416
424 348 531 410 615

497 460 589 521 65,
619 458 709 513 64.
733 455 868 511 Cum
894 454 999 507 hoc
1022 466 1242 522 quoque
1269 451 1323 504 in
1345 464 1463 503 rem
1486 464 1642 502 suam
1662 448 1763 501 rite
1779 445 2019 517 peregis-
2045 446 2091 505 Α

425 560 509 605 set
539 564 603 604 ac
651 548 755 603 sibi
820 545 1068 601 fraudem
1107 554 1226 598 tuto
1278 542 1586 604 statuisset,
1645 554 1757 593 non
1805 538 2008 592 minori

424 645 585 700 aliam
610 640 906 695 calliditate
939 637 1219 693 instruxit.
1254 635 1418 690 Jubet
1446 635 1591 688 enim
1623 648 1840 686 omnem
1872 630 2009 684 civi-

425 741 592 785 tatem
631 729 872 789 incendi.
905 738 961 782 ut
993 728 1100 780 hoc
1140 741 1362 795 quoque
1394 741 1503 778 non
1536 724 1745 793 vulgari
1771 722 1875 775 sibi
1920 723 2008 775 lu-

423 838 517 878 cro
563 823 805 877 cederet.
868 822 978 876 Nec
1011 818 1288 873 immerito
1320 840 1335 870 ι
1372 816 1582 871 sciebat
1607 815 1755 869 enim
1785 830 1884 868 eos
1913 813 2009 882 qui

423 916 671 986 captivos
706 914 1053 969 redimebant
1083 913 1134 965 id
1179 927 1461 980 nunquam
1519 908 1746 961 omnino
1778 906 2011 976 permis—

424 1024 619 1072 suros;
653 1009 726 1061 ita
781 1006 1043 1060 nimirum
1091 1014 1150 1058 ut
1208 1004 1285 1057 illi
1336 1002 1439 1072 ipsi
1500 1001 1733 1055 flammis
1789 998 2011 1055 incendi

425 1102 674 1162 mallent,
708 1115 873 1169 quam
913 1108 972 1152 ut
1011 1097 1094 1150 vel
1132 1097 1250 1150 solo
1276 1094 1467 1148 auditu
1498 1092 1771 1163 ejusmodi
1797 1090 2008 1160 aliquid

427 1193 765 1260 acciperent.
801 1190 1051 1244 Nondum
1102 1188 1249 1241 enim
1302 1202 1397 1254 per
1442 1185 1679 1239 mediam
1730 1182 2009 1237 civitatem

431 1285 582 1338 illata
645 1277 904 1336 Barbaris
941 1280 1155 1334 ﬂamma
1213 1290 1377 1346 atque
1436 1277 1706 1346 dispersa,
1751 1277 1846 1330 sed
1886 1292 2009 1330 cum

425 1376 607 1431 adhuc
638 1374 783 1427 aedes
834 1373 971 1426 mari
1018 1373 1230 1425 vicinas
1285 1370 1698 1432 comburerent,
1746 1383 1871 1421 mox
1915 1367 2011 1437 qui

427 1469 653 1524 aderant
688 1468 838 1521 cives
873 1482 971 1535 pro
1009 1466 1231 1519 civitate
1280 1464 1523 1533 pretium
1560 1477 1854 1515 numerare
1907 1462 2011 1513 im-

426 1560 613 1614 mobili
645 1559 789 1612 inter
814 1573 870 1611 se
894 1557 1127 1611 consilio
1151 1564 1420 1609 statuunt.
1450 1554 1699 1623 Hincque
1722 1552 1859 1606 adeo
1886 1564 2011 1605 rur-

426 1667 524 1706 sus
571 1652 721 1721 jussa
774 1650 985 1719 ubiutte
1044 1658 1397 1718 sparguntur,
1450 1647 1629 1716 ignem
1684 1646 1754 1698 ab
1802 1644 2013 1698 aedibus

426 1744 866 1799 submovendum
897 1757 1040 1803 esse,
1070 1757 1196 1794 cum
1223 1741 1338 1795 haec
1368 1754 1592 1808 quoque
1641 1737 1892 1791 machina
1930 1736 2009 1789 illi

1652 331 1992 394 JOANNES
2034 327 2472 390 CAMENIATA

2197 441 2301 508 ξγ’,
2327 441 2419 506 ξδ’.
2468 436 2687 508 Ἐπειδὴ
2707 438 2763 491 δὲ
2803 439 2843 469 ’⁸
2877 438 2943 491 τὰ
2970 439 3315 509 περἰξτούτου
3357 436 3534 500 καλῶς
3556 434 3727 510 εἶχεν.

2117 534 2266 603 αὐτῷ
2289 535 2382 586 καὶ
2406 534 2463 584 ἐν
2491 530 2762 603 ἀσφαλείᾳ
2793 527 2860 601 ἦν
2887 532 2947 584 τὸ
2997 532 3389 603 πανούργευμα
3418 532 3482 592 ¹²,
3516 532 3705 601 ἕτερον

2118 627 2277 679 πάλιν
2310 627 2410 677 οὐκ
2442 623 2659 677 ἔλαττον
2694 623 2885 677 τούτου
2928 628 2994 695 τῇ
3025 626 3294 692 δολιότητι
3344 624 3453 676 τῶν
3490 624 3706 693 φρενῶν

2116 718 2397 787 ἐπενόησε.
2422 715 2843 786 Πυρποληθῆναι
2862 716 2970 785 γὰρ
2997 717 3215 770 ἃπασαν
3239 717 3340 787 τὴν
3365 717 3521 768 πόλιν
3543 734 3707 785 προσ-

2115 810 2357 871 έταττεν,
2415 808 2481 860 ἵν’
2574 808 2670 861 καὶ
2699 808 2859 860 τοῦτο
2914 809 3064 877 αὐτῷ
3095 809 3154 861 οὐ
3184 809 3242 860 τὸ
3276 809 3438 877 τυχὸν
3483 826 3704 877 παρεμσ

2116 901 2368 969 πόρευμα
2389 916 2400 928 ·
2432 899 2550 969 ᾔδει
2580 899 2689 969 γὰρ
2710 899 2784 962 ὼς
2809 901 2859 952 οἱ
2888 902 3013 963 τοὺς
3044 900 3427 970 αἰχμαλώτους
3456 900 3704 971 ὠνούμε-

2113 1010 2192 1044 νοι
2215 992 2335 1044 οὐδὲ
2361 991 2524 1044 τοῦτο
2556 991 2818 1061 πράττειν
2845 991 3007 1045 αὑτὸν
3050 991 3110 1055 ἐξ
3142 992 3389 1061 ἀνάγκης
3416 993 3702 1061 ἀνάσχοιν-

2112 1101 2194 1147 το,
2218 1084 2537 1155 αἱρούμενοι
2570 1083 2771 1152 μᾶλλον
2789 1086 2989 1144 αὐτοὺς
3028 1083 3272 1147 ἐκείνους
3302 1077 3700 1155 καταπρησθῆὲ

2113 1176 2264 1245 ναιῆ
2299 1175 2540 1228 τοιοῦτόν
2570 1194 2623 1229 τι
2681 1176 2785 1229 κᾶν
2839 1177 2976 1246 ἀκοῇ
3038 1176 3473 1245 παραδέξασθαι.
3519 1178 3703 1245 Μήπω

2115 1266 2199 1341 [Ρ.
2225 1267 2355 1340 570]
2385 1268 2489 1336 γὰρ
2520 1268 2628 1321 τῶν
2677 1268 2968 1340 βαρϐάρων
3020 1269 3109 1322 διὰ
3151 1270 3319 1339 μέσον
3368 1273 3466 1338 τῆς
3497 1270 3705 1333 πόλεως

2111 1363 2212 1430 τὴν
2239 1361 2411 1430 φλόγα
2433 1362 2889 1428 διασπειρὰντων,
2921 1361 3037 1414 ἀλλ’
3063 1362 3143 1413 ἔτι
3165 1362 3265 1425 τὰς
3295 1361 3706 1431 πλησιαζούσας

2111 1457 2177 1524 τῇ
2214 1453 2460 1524 Θαλάσσῃ
2488 1453 2911 1522 πυρπολούντων
2940 1454 3141 1515 οἰκίας,
3180 1455 3341 1523 μόνον
3371 1455 3452 1507 ὅτι
3482 1456 3618 1525 πρὸς
3646 1455 3707 1507 τὸ

2113 1546 2473 1599 καταϐάλλειν
2502 1550 2599 1609 τὰς
2632 1547 2772 1615 ὑπὲρ
2806 1548 2903 1617 τῆς
2954 1548 3165 1609 πόλεως
3199 1550 3363 1616 τιμᾶς
3396 1549 3446 1601 οἱ
3496 1550 3706 1620 παρόν-

2113 1659 2203 1703 τες
2236 1642 2370 1708 πρὸς
2403 1641 2668 1710 ἀλλήλους
2706 1641 3014 1713 ἐκύρωσαν,
3050 1642 3145 1696 καὶ
3178 1643 3340 1694 πάλιν
3372 1645 3706 1715 πρόσταγμα

2114 1733 2392 1802 πανταχοῦ
2446 1734 2784 1803 διεπέμπετο
2833 1734 3106 1788 παύεσθαι
3143 1737 3243 1806 τῆς
3276 1739 3488 1799 οἰκείας
3513 1756 3706 1807 συνερ-

425 1850 689 1905 prospere
719 1834 1000 1888 cessisset.
1033 1832 1136 1899 Qui
1165 1832 1313 1885 enim
1340 1847 1464 1885 eum
1491 1829 1712 1883 laudato
1738 1830 2009 1899 Symeoue

2119 1827 2237 1895 γίας
2271 1828 2312 1859 ⁸³
2332 1828 2391 1879 τι
2416 1828 2547 1897 πῦρ,
2591 1828 2665 1891 ὡς
2696 1831 2776 1890 εἰς
2800 1828 3036 1899 χρηστὸν
3069 1829 3218 1898 αὐτῷ
3258 1832 3433 1898 πέρας
3459 1834 3552 1884 καὶ
3581 1833 3709 1884 ταυ-

427 1927 530 1980 viri
558 1926 989 1985 cmnitabantur.
1041 1924 1187 1993 quod
1237 1924 1459 1977 aliunde
1508 1938 1617 1976 non
1684 1920 2013 1991 suppetebat

425 2020 573 2073 unde
603 2034 872 2073 summam
909 2026 1293 2079 numerarent,
1319 2016 1431 2069 duo
1462 2017 1583 2069 auri
1611 2015 1814 2068 talenta
1846 2013 2010 2067 datu-

428 2126 517 2165 ros
552 2111 918 2179 spopondere,
953 2124 1076 2178 qua:
1120 2109 1413 2163 eunuchus
1464 2106 1702 2161 fustibus
1742 2114 2013 2161 mactatus

426 2200 773 2269 Strymonem
809 2199 1134 2263 dimiserat;
1161 2198 1367 2267 quibus
1399 2197 1568 2251 etiam
1626 2196 1754 2250 inde
1789 2196 1880 2251 ubi
1929 2212 2015 2250 re—

424 2293 643 2346 condita
670 2302 853 2356 erant,
888 2308 986 2361 per
1015 2291 1236 2345 veloces
1282 2306 1543 2345 cursores
1601 2290 1713 2344 cito
1768 2289 2015 2343 advectis

424 2395 588 2453 atque
629 2384 890 2437 Barbaris
926 2383 1257 2443 numeratis,
1288 2398 1387 2452 per
1411 2396 1538 2435 eum
1577 2381 1800 2435 modum
1820 2380 2014 2434 civita-

426 2490 534 2533 tem
565 2480 633 2533 ab
670 2478 929 2532 incendio
958 2477 1182 2530 illaesam
1207 2484 1590 2530 servaverunt.

498 2773 587 2827 65.
620 2772 715 2825 llis
755 2786 974 2840 quoque
997 2769 1065 2824 ad
1099 2779 1317 2839 optatos
1353 2766 1489 2822 lines
1538 2764 1842 2838 per'ductis,
1886 2782 2013 2820 cum

426 2865 563 2919 nihil
596 2871 884 2932 superaret
908 2860 1055 2932 quod
1095 2862 1199 2915 viri
1229 2860 1639 2915 insatiabilibus
1684 2860 1863 2915 oculis
1891 2859 2012 2914 auri

425 2954 793 3024 cxtorquendi
843 2954 986 3006 ratio
1040 2968 1148 3006 non
1193 2952 1409 3012 fuisset.
1458 2967 1558 3006 nec
1593 2950 1753 3021 5'77
1805 2950 2017 3005 diutius

426 3046 539 3099 illic
574 3044 624 3099 ei
659 3044 987 3098 morandum
1026 3042 1191 3106 foret,
1229 3043 1325 3096 sed
1370 3049 1437 3097 de
1493 3043 1861 3112 navigationis
1918 3058 2017 3112 po-

364 3188 371 3193 .
427 3137 536 3189 tius
560 3134 871 3197 eventibus,
904 3148 1004 3203 per
1027 3132 1082 3185 id
1124 3141 1342 3202 tempus
1392 3133 1712 3201 navigantes
1755 3141 2016 3201 appetere

425 3226 622 3288 solitis,
656 3224 816 3277 anxie
866 3222 1255 3291 cogitandum,
1294 3232 1425 3275 tunc
1477 3223 1707 3285 scilicet,
1752 3238 1882 3275 eum
1934 3224 2013 3276 sol

428 3317 669 3371 medium
705 3316 929 3369 circiter
955 3314 1081 3368 οωΙί
1113 3330 1266 3367 axem
1300 3322 1537 3377 teneret,
1568 3314 1782 3368 decimo
1813 3315 2015 3368 excidii

425 3410 535 3473 die,
568 3424 599 3463 ο
636 3418 797 3478 portu
843 3407 1203 3475 euavigantes
1230 3415 1395 3474 atque
1438 3406 1503 3459 ad
1551 3407 1851 3460 Romanam
1884 3423 2016 3470 por-

428 3510 537 3553 tam
570 3498 785 3552 devecti
836 3498 1115 3565 reliquum
1142 3496 1252 3549 diei
1304 3497 1379 3549 ibi
1418 3499 1751 3565 peregimus.
1788 3498 2018 3552 Eramus

428 3604 529 3643 nos
583 3588 828 3658 quinque
856 3630 869 3653 ,
914 3586 1379 3655 quemadmodum
1431 3588 1575 3655 capti
1623 3588 1923 3651 fueramus,
1962 3589 2017 3641 in

425 3681 662 3751 quadam
688 3679 1021 3750 1Egyptiacze
1053 3678 1243 3731 classis
1274 3678 1527 3733 ductoris
1554 3695 1709 3732 nave.
1746 3680 1919 3746 Quem
1962 3689 2019 3733 et

427 3784 585 3841 pater
646 3787 801 3825 meus
862 3786 959 3840 per
994 3785 1163 3822 unum
1216 3769 1604 3839 interpretum,
1638 3770 1841 3839 quippe
1891 3785 2015 3824 cum

427 3865 617 3933 lingua
668 3871 856 3916 nostra
886 3862 1039 3932 loqui
1099 3862 1361 3922 nesciret,
1403 3871 1693 3931 rogaverat
1724 3872 1782 3914 ut
1834 3862 2018 3915 missis

426 3956 791 4025 stipatoribus
836 3970 1028 4008 omnes
1060 3955 1219 4008 nobis
1268 3954 1531 4008 affinitate
1565 3955 1891 4024 conjunctos
1932 3964 2018 4009 at-

427 4060 535 4119 que
564 4050 925 4119 propinquos,
961 4048 1281 4117 ubicunque
1329 4047 1563 4116 dispersi
1595 4057 1801 4112 essent,
1839 4048 2017 4102 addu—

425 4151 581 4196 ceret
610 4157 625 4203 ς
662 4140 808 4211 quod
841 4149 897 4195 et
929 4156 1098 4210 prope
1126 4140 1330 4195 factum
1356 4148 1522 4206 esset,
1544 4142 1648 4194 nisi
1687 4141 1775 4195 hic
1798 4157 2018 4211 quoque

430 4235 698 4287 malorum
738 4242 1054 4287 nostrorum
1110 4233 1409 4287 multitudo
1456 4234 1783 4299 obstitisset,
1810 4249 2018 4305 eosque

427 4324 523 4393 qui
572 4325 725 4377 missi
756 4323 975 4378 fuerant
1003 4323 1069 4377 ad
1103 4323 1546 4385 investigandum
1575 4325 1862 4393 segniores
1890 4326 2018 4379 red-

428 4416 679 4470 didisset.
716 4416 851 4469 Nam
886 4427 1117 4468 matrem
1171 4431 1346 4468 meam
1383 4428 1438 4469 et
1487 4430 1554 4469 ex
1588 4416 1712 4470 aliis
1752 4416 2020 4470 fratribus

2113 1938 2211 1990 της
2241 1920 2616 1991 προελθούσης
2645 1922 2744 1990 τῆς
2778 1922 3045 1983 ἐπινοίας.
3077 1923 3264 1990 Οὶγαρ
3295 1923 3484 1994 ἄνδρες
3508 1928 3703 1977 ἐκεῖνοι

2116 2014 2213 2064 σὺν
2239 2012 2317 2081 τῷ
2344 2014 2565 2083 ῥηθέντι
2616 2012 2864 2082 Συμεὼν,
2913 2013 2988 2085 μὴ
3026 2014 3241 2084 ἔχοντες
3271 2016 3494 2070 ἄλλοθέν
3542 2018 3735 2069 ποθενο

2115 2106 2547 2159 καταϐάλλεσθαι
2593 2104 2692 2176 τὴν
2742 2106 2871 2177 περὶ
2928 2108 3119 2159 τούτου
3151 2107 3461 2177 ποσότητα,
3493 2109 3558 2161 τὰ
3613 2109 3708 2161 δύο

2116 2199 2417 2266 ὑπέσχοντο
2444 2199 2537 2251 τοῦ
2582 2199 2806 2269 χρυσίου
2836 2199 3068 2253 τάλαντα
3097 2199 3240 2269 ἅπερ
3284 2196 3350 2269 ἦν
3377 2201 3403 2251 ὁ
3440 2201 3615 2253 θανὼν
3646 2204 3709 2254 ἐκ

2114 2292 2223 2343 τῶν
2254 2291 2505 2360 ῥοπάλων
2564 2290 2818 2360 εὐνοῦχος
2877 2293 3013 2361 πρὸς
3047 2293 3141 2344 τὸν
3174 2293 3458 2361 Στρυμόνα
3509 2293 3709 2357 ἐξαπο-

2119 2382 2335 2446 στείλας
2359 2400 2372 2415 ο
2407 2382 2441 2435 ἃ
2467 2382 2561 2435 καὶ
2593 2382 2788 2435 θᾶττον
2840 2383 3142 2451 ἀγαγόντες
3186 2384 3274 2438 διά
3326 2401 3488 2437 τινων
3535 2401 3698 2454 ταχυ-

2115 2472 2333 2542 δρόμων
2388 2473 2512 2525 ὅθεν
2542 2472 2905 2542 ἓκρύπτοντο,
2962 2475 3058 2527 καὶ
3098 2478 3212 2537 τοῖς
3251 2475 3545 2545 βαρίὰροις
3618 2478 3710 2527 ἑν-

2118 2564 2546 2634 αριθμήσαντες,
2583 2564 2757 2628 οὕτως
2789 2566 2887 2636 τὴν
2923 2568 3075 2619 πόλιν
3114 2568 3212 2635 τῆς
3258 2571 3533 2637 πυρκαϊᾶς
3574 2568 3710 2620 ἐσώ-

2121 2674 2302 2711 σαντο.

2190 2748 2282 2815 ξδ’.
2330 2750 2469 2801 Ἀλλ’
2506 2751 2593 2803 ὅτε
2621 2752 2685 2821 δὴ
2716 2752 2809 2805 καὶ
2836 2752 2995 2806 τοῦτο
3025 2755 3199 2825 πέρας
3220 2757 3456 2825 εἰλήφει,
3488 2759 3581 2809 καὶ
3607 2757 3709 2809 οὐκ

2120 2843 2367 2894 ἐνέλιπεν
2396 2843 2549 2894 οὐδὲν
2583 2844 2610 2895 ὃ
2638 2848 2751 2906 τοῖς
2797 2846 3119 2912 ἀκορέστοις
3150 2848 3380 2910 ἐκείνοις
3407 2848 3709 2919 ὀφθαλμοῖς

2120 2937 2377 3000 ὑπόθεσις
2420 2940 2648 3007 χρυσίου
2686 2941 2762 3009 μὴ
2789 2942 3053 3007 ἐγεγόνει,
3094 2942 3202 2995 ἔδει
3231 2943 3287 2995 δὲ
3340 2947 3414 3014 μὴ
3445 2944 3537 2997 ἐπὶ
3576 2944 3707 2997 πολὺ

2120 3034 2410 3102 καρτερεῖν
2444 3032 2520 3099 τῷ
2549 3033 2717 3101 τόπῳ,
2757 3032 2893 3086 ἀλλὰ
2942 3034 3253 3104 φροντίζειν
3298 3039 3394 3089 καὶ
3424 3037 3534 3089 τῶν
3568 3038 3710 3091 κατὰ

2119 3125 2210 3177 τὸν
2263 3122 2430 3176 πλοῦν
2472 3126 2900 3194 συμπτωμάτων
2953 3126 3155 3195 μᾶλλον
3208 3129 3287 3199 τῷ
3324 3130 3502 3199 καιρῖι
3532 3129 3709 3200 τούτῳ

2120 3219 2231 3279 τοῖς
2260 3217 2577 3286 πλωτῆρσιν
2635 3219 3025 3289 ὲγγινομένων,
3066 3222 3187 3273 τότε
3217 3222 3282 3289 δὴ
3315 3224 3442 3293 περὶ
3494 3241 3709 3293 μεσημ-

2121 3308 2280 3375 ϐρίαν
2302 3308 2450 3367 ὄντος
2492 3308 2583 3359 τοῦ
2611 3308 2760 3377 ἡλίου
2796 3312 2857 3379 τῇ
2895 3309 3100 3383 δεκάτῃ
3123 3312 3221 3381 τῆς
3245 3313 3499 3375 ἁλώσεως
3531 3314 3714 3386 ἡμέρᾳ

2120 3399 2214 3451 τοῦ
2247 3400 2468 3462 λιμένος
2511 3400 2915 3471 ἐξωρμήσαμεν
2970 3405 3064 3455 καὶ
3111 3403 3246 3475 πρὸς
3300 3406 3401 3475 τὴν
3451 3408 3713 3477 ῥηθεῖσαν

2134 3493 2423 3561 Ῥωμαίων
2454 3493 2633 3564 πύλην
2661 3495 3035 3565 μετήχθημεν,
3070 3498 3130 3549 τὸ
3182 3498 3367 3551 λοιπον
3408 3502 3587 3551 ἐκεῖσε
3621 3515 3711 3551 τε·

2122 3584 2369 3648 λέσοντες
2405 3584 2448 3615 ’⁸
2474 3585 2572 3654 τῆς
2603 3586 2840 3655 ἡμέρας.
2877 3584 3063 3657 Ἦμεν
3104 3584 3201 3641 οὖν
3244 3592 3405 3659 ἡμεῖς
3429 3592 3478 3642 οξ
3511 3591 3705 3652 πέντε,

2123 3675 2306 3738 καθὼς
2333 3678 2730 3747 ἐχειρώθημεν,
2785 3678 2866 3741 εἷς
2892 3697 3013 3733 τινα
3056 3680 3188 3733 ναῦν
3218 3680 3307 3733 τοῦ
3340 3681 3584 3750 ἀρχηγοῦ
3613 3681 3706 3733 τοῦ

2121 3767 2241 3820 κατ’
2264 3767 2542 3834 Αἴγυπτον
2575 3770 2783 3827 στόλου.
2817 3764 2878 3823 οὗ
2911 3774 3004 3823 καὶ
3046 3770 3401 3840 προσδεηθεὶς
3424 3766 3489 3839 ἦν
3523 3772 3550 3822 ὁ
3577 3772 3709 3841 ἐμὸς

2123 3860 2307 3929 πατὴρ
2327 3859 2414 3911 διά
2448 3877 2593 3922 τινος
2624 3862 2911 3929 ἑρμηνέως
2934 3862 3077 3932 (οὐδὲ
3106 3864 3213 3931 γὰρ
3236 3862 3352 3933 ᾔδει
3380 3862 3563 3914 λαλεῖν
3587 3864 3712 3915 καθ’

2121 3954 2294 4021 ἡμᾶς)
2332 3953 2634 4020 προστάξαι
2659 3958 2770 4017 τοῖς
2805 3954 2897 4006 ὑπ’
2948 3957 3111 4008 αὑτὸν
3141 3957 3463 4027 δορυφόροις
3487 3958 3716 4024 ἀγαγεῖν

2122 4045 2247 4098 ὅθεν
2282 4045 2347 4098 ἂν
2379 4042 2520 4117 ἦσαν
2546 4047 2945 4119 διασπαρέντες
2977 4051 3027 4100 οἱ
3058 4051 3199 4102 κατὰ
3232 4049 3557 4118 συγγένειαν
3584 4052 3716 4118 ἡμῖν

2123 4137 2540 4207 πλησιάζοντες.
2578 4140 2643 4191 Ὃ
2678 4139 2743 4209 δὴ
2770 4142 2862 4193 καὶ
2912 4142 3063 4210 παρὰ
3114 4141 3313 4210 μικρὸν
3342 4142 3586 4195 ἐτελεῖτο
3627 4141 3715 4201 ἂν,

2123 4234 2172 4285 εἰ
2207 4233 2281 4301 μὴ
2317 4234 2419 4285 κὰν
2451 4232 2628 4302 τούτῳ
2661 4232 3029 4303 παρεμποδὼν
3054 4232 3245 4299 γέγονε
3279 4232 3338 4282 τὸ
3367 4233 3571 4299 πλῆθος
3606 4234 3716 4286 τῶν

2125 4325 2413 4394 ἡμετέρων
2444 4324 2657 4385 κακῶν,
2690 4326 2785 4377 καὶ
2820 4325 2952 4392 πρὸς
2982 4322 3080 4393 τὴν
3132 4322 3364 4393 ἔρευναν
3399 4324 3714 4393 ἀποκνῆσαι

2124 4417 2251 4477 τοὺς
2280 4416 2729 4485 ἀπεσταλμένους
2772 4415 3064 4484 πεποίηκε.
3094 4416 3204 4484 Τὴν
3227 4416 3335 4484 γὰρ
3372 4418 3585 4486 μητέρα
3616 4418 3717 4487 τὴν

430 4525 624 4574 unum,
665 4510 757 4577 qui
787 4508 947 4561 initio
981 4508 1269 4562 nobiscum
1302 4509 1446 4578 capti
1476 4524 1585 4562 non
1617 4509 1856 4567 fuerant.
1886 4525 2016 4565 nec-

2125 4508 2263 4579 ὲμὴν
2295 4507 2389 4561 καὶ
2425 4509 2533 4562 τῶν
2560 4508 2736 4562 ἄλλων
2768 4506 3014 4575 ἀδελφῶν
3044 4508 3162 4571 ἕνα,
3221 4507 3329 4561 τῶν
3360 4508 3436 4579 μὴ
3468 4511 3589 4562 κατ’
3618 4512 3720 4581 dp-

430 4612 539 4651 non
601 4606 657 4650 et
694 4596 879 4650 fratris
935 4613 1184 4661 uxorem,
1223 4601 1353 4663 cito,
1404 4600 1549 4654 unde
1584 4610 1763 4664 erant,
1801 4602 1867 4655 ad
1922 4617 2024 4655 nos

431 4686 816 4742 deduxerunt:
849 4704 1028 4742 meam
1055 4706 1189 4744 vero
1221 4707 1447 4745 uxorem
1477 4707 1601 4744 cum
1638 4692 1817 4746 tribus
1850 4692 2024 4746 inlan-

431 4777 604 4839 tibus,
637 4789 691 4833 et
724 4780 916 4834 ultimo
970 4782 1090 4835 loco
1122 4792 1246 4851 post
1297 4798 1397 4837 nos
1426 4799 1620 4838 omnes
1650 4792 1835 4839 natam
1869 4800 2026 4838 soro-

430 4886 547 4926 rem
569 4887 694 4925 cum
713 4871 955 4927 aflinium
985 4875 1142 4929 turba
1177 4876 1388 4945 reliqua
1422 4892 1523 4930 nec
1558 4877 1809 4931 invenire
1835 4877 2027 4930 volue-

431 4970 595 5026 runt,
652 4979 753 5017 nec
810 4965 952 5019 forte
1010 4968 1284 5031 inventos,
1321 4978 1379 5021 ut
1408 4969 1770 5031 adducerent,
1807 4970 1861 5022 in
1896 4971 2019 5023 ani-

435 5069 584 5108 mum
645 5054 1023 5111 induxerunt:
1062 5059 1156 5114 sed
1191 5071 1348 5114 erant
1380 5060 1523 5113 alius
1553 5060 1685 5113 alibi
1734 5062 2021 5115 communi

431 5148 596 5218 vulgo
641 5151 949 5216 convoluti,
980 5160 1294 5221 nostraeque
1325 5152 1616 5206 divisionis
1651 5153 1855 5207 nimbis
1883 5169 2023 5208 one-

435 5239 563 5293 rati.
603 5239 1031 5296 Sustinebamus
1058 5252 1265 5306 tamen,
1300 5250 1361 5295 ut
1393 5242 1447 5295 in
1494 5244 1654 5297 malis
1691 5245 1868 5313 iisque
1901 5245 2023 5299 dire

427 5326 662 5402 accepti,
695 5333 799 5388 boc
828 5350 1072 5405 quoque.
1101 5336 1249 5405 quod
1277 5350 1499 5389 eramus
1534 5337 1623 5390 alii
1655 5338 1723 5391 ab
1753 5337 1877 5391 aliis
1904 5337 2019 5392 dis-

427 5424 585 5489 secti,
636 5427 739 5479 etsi
781 5442 869 5481 res
923 5437 1124 5482 nostrae
1157 5442 1333 5497 genus
1377 5444 1541 5482 omne
1577 5431 1803 5500 angoris
1842 5431 2017 5487 mole-

428 5515 657 5585 stiaeque
687 5518 1038 5573 excederent.

2124 4600 2225 4670 χας
2260 4602 2379 4667 μεθ’
2414 4602 2573 4673 ἡμῶν
2596 4600 2934 4673 ληφθέντων,
2985 4600 3065 4654 ἔτι
3096 4602 3153 4654 δὲ
3185 4602 3279 4656 καὶ
3313 4604 3414 4673 τὴν
3441 4603 3537 4655 τοῦ
3565 4604 3718 4656 ἁδελ-

2126 4693 2228 4761 φοῦ
2260 4694 2301 4724 ⁸⁸
2330 4695 2581 4764 γαμετὴν
2609 4695 2671 4747 τὸ
2705 4694 2892 4764 τάχος,
2942 4696 3064 4748 ὅθεν
3095 4694 3364 4766 ὑπῆρχον,
3402 4696 3535 4764 πρὸς
3570 4697 3715 4762 ἡμᾶς

2124 4787 2399 4855 ἠγάγοντο
2426 4803 2440 4817 ο
2474 4788 2571 4856 τὴν
2608 4786 2862 4856 ὁμόζυγα
2906 4788 2964 4841 δὲ
3001 4789 3103 4859 τὴν
3150 4789 3291 4860 ἐμὴν
3324 4788 3421 4851 σὺν
3449 4788 3593 4856 τρισὶ
3616 4803 3711 4857 νη-

2128 4880 2272 4942 πίοις
2307 4880 2400 4933 καὶ
2428 4880 2527 4950 τὴν
2559 4879 2968 4950 ὐποὸεσηνκυῖαν
2995 4881 3135 4933 κατὰ
3156 4881 3251 4950 τὴν
3274 4884 3526 4949 γέννησιν
3555 4878 3717 4949 ἡμῶν

2127 4972 2365 5042 ἀδελφὴν
2404 4974 2540 5042 μετὰ
2593 4976 2690 5027 καὶ
2720 4974 2883 5027 ἄλλου
2920 4975 3162 5044 πλήθους
3194 4975 3302 5027 τῶν
3328 4975 3719 5044 προσηκόντων

2125 5063 2252 5117 οὔτε
2279 5065 2320 5096 ¹⁶
2352 5067 2601 5134 ἀνευρεῖν
2634 5067 2930 5136 ἠθέλησαν,
2972 5066 3096 5119 οὕτε
3132 5068 3188 5119 δὲ
3226 5069 3548 5138 ἀνευρόντες
3591 5067 3723 5131 ἴσως

2126 5160 2425 5226 ἀναγαγεῖν
2450 5159 2587 5229 πρὸς
2618 5161 2765 5229 ἡμᾶς
2794 5160 3199 5230 ἠϐουλήθησαν,
3228 5161 3342 5213 ἀλλ’
3390 5158 3530 5232 ἦσαν
3562 5160 3723 5223 ἀλλος

2129 5249 2338 5318 ἀλλαχῆ
2393 5248 2469 5319 τῷ
2515 5252 2681 5321 κοινῴ
2737 5250 2933 5321 πλήθει
2989 5254 3085 5305 καὶ¹
3124 5254 3244 5314 ταῖς
3296 5253 3484 5320 νιφάσι
3517 5253 3620 5321 τῆς
3664 5254 3724 5317 ἐξ

2130 5342 2291 5411 ἡμῶν
2329 5341 2645 5414 βαλλόμενοι
2698 5336 3256 5414 διαιρέσεως.”ὺμως
3309 5346 3723 5417 ἐκαρτεροῦμεν

2130 5434 2203 5497 ὡς
2238 5436 2296 5485 ὲν
2342 5435 2537 5499 δεινοῖς
2565 5438 2659 5490 καὶ
2679 5438 2778 5508 τὴν
2806 5437 2866 5502 ἐξ
2900 5438 3148 5508 ἀλλήλων
3180 5440 3523 5509 κατατομήν,
3557 5440 3605 5490 εἰ
3633 5441 3727 5491 καὶ

2124 5525 2204 5578 ὅτι
2231 5528 2431 5592 παντὸς
2455 5530 2680 5601 ἀνιαροῦ
2701 5532 2897 5600 πεῖραν
2919 5532 2983 5583 τὰ
3014 5532 3136 5583 καθ’
3156 5534 3305 5601 ἡμᾶς
3326 5531 3721 5603 ὑπερέϐαλλεν.

1753 5606 1986 5695 nuta:
2029 5641 2435 5700 LEGTIONES.

507 5726 543 5753 “
591 5723 670 5791 ὂὲι
700 5729 791 5780 καί
831 5728 939 5782 ΑΡ.

469 5731 543 5801 ﬂ"
591 5731 670 5805 63.]
700 5731 791 5780 καὶ
831 5731 939 5782 Al‘.
1054 5733 1093 5762 "
1134 5731 1495 5805 πανούργημα
1530 5732 1588 5787 Ρ·

433 5793 556 5844 οὔτε
599 5793 661 5846 Ρ.

1693 5734 1737 5765 ¹³
1791 5736 2110 5806 ἐνεργεῖαςῖ

2209 5740 2250 5769 υ
2273 5737 2591 5803 τελέσαντες
2629 5740 2738 5795 ΛΡ.
2848 5743 2892 5773 ³⁸
2919 5742 2964 5797 τ’
2989 5741 3219 5813 ἀδελφοῦ
3247 5743 3308 5797 Λ.
3420 5745 3460 5774 ¹⁶
3488 5742 3586 5796 οὐκ
3623 5759 3727 5812 pro
