4094 6422
581 265 674 275 σ-ο
683 261 824 272 ...η-.-

344 331 455 395 617

1423 325 1521 386 DE
1564 325 1876 386 EXCIDIO
1905 319 2516 387 THESSALONICE.

3506 324 3612 389 618

361 485 374 494 .
419 443 528 512 ξς⁹.
559 444 700 516 Ἤδη
730 443 786 497 δὲ
809 442 851 474 ¹⁷
879 440 974 496 τοῦ
994 440 1169 505 ,πλοὸς
1201 439 1464 511 ἄρχεσθαι
1499 439 1750 512 μέλλουσι
1776 439 1932 510 στρέ-

2106 438 2272 512 578
2310 439 2400 496 66.
2431 441 2574 495 Dum
2603 454 2735 496 vero
2773 439 2885 511 jam
2939 437 3345 510 navigationem
3394 453 3610 512 parant,

345 538 484 599 ὅλας
518 536 668 598 τινὰς
697 533 782 606 [Ρ.
815 531 942 605 571]
975 535 1088 596 τοῖς
1115 534 1240 584 ποσὶ
1271 533 1436 585 πᾶσιν
1467 533 1597 602 ἡμῖν
1651 530 1932 593 ἐπιθέντες

341 630 391 680 οἱ
422 625 722 697 Βάρσαροι,
748 623 922 686 οὕτως
959 624 1078 676 καθ’
1102 621 1196 675 ἕνα
1221 623 1339 685 ταῖς
1365 623 1552 674 ναυσὶν
1575 621 1762 692 ὥσπερ
1797 620 1934 689 ἄψυ-

342 721 442 790 χόν
471 736 590 771 τινα
610 716 990 769 διεστοίὸασαν
1022 715 1177 783 ὓλην,
1213 714 1287 785 μὴ
1323 713 1612 777 ἐνδιδόντες
1643 713 1745 767 κᾶν
1781 712 1932 766 ὲλεύ-

344 813 507 882 θερον
537 810 797 864 ἀναπνεῖν
848 808 938 860 τὸν
972 807 1129 877 ἀέρα,
1191 806 1328 861 ἀλλὰ
1362 808 1454 860 καὶ
1494 805 1682 858 τοῦτον
1712 809 1776 877 τῇ
1807 823 1934 858 συν-

344 904 507 974 εχείᾳ
534 901 629 956 τοῦ
661 901 902 972 πνιγμοῦ
942 901 1424 972 συναπείργοντες.
1457 899 1613 954 Οὕτω
1644 901 1750 970 γὰρ
1786 901 1932 971 ἡμᾶς

344 997 406 1048 ὲν
443 995 692 1066 ἀλλήλοις
727 992 1069 1060 ὲπισυνῆψαν
1100 992 1175 1054 ὡς
1205 991 1263 1044 ἓν
1309 991 1679 1044 ἀδιάσπαστον
1703 989 1933 1061 ὁρᾶσθαι

346 1085 514 1157 σῶμα
541 1086 640 1156 τὴν
671 1083 881 1155 πληθὺν
923 1086 1164 1147 ἃπασαν,
1202 1083 1323 1154 μηδ’
1350 1083 1484 1146 ὅλως
1513 1083 1864 1154 διισταμένην
1899 1085 1931 1156 ἢ

342 1177 781 1250 ἀπερρηγμένην
803 1176 903 1246 τῆς
931 1175 1186 1246 συνεχοῦς
1221 1175 1438 1244 ἐκείνης
1463 1175 1756 1245 πιλήσεως.
1793 1175 1933 1228 Ἀλλ’

342 1271 540 1342 ἐπειδὴ
563 1271 703 1324 κατὰ
733 1269 884 1322 δύσιν
909 1271 935 1321 ὁ
962 1268 1112 1338 ἥλιος
1148 1264 1217 1339 ἦν
1251 1268 1346 1321 κα)⁵
1384 1267 1522 1339 πρὸς
1550 1269 1640 1320 τὸν
1684 1284 1935 1336 νυκτερι-

339 1363 438 1416 νὸν
471 1361 669 1430 γνόφον
703 1362 864 1430 ἔληγε
906 1361 966 1413 τὸ
1017 1359 1132 1429 φῶς
1162 1358 1262 1426 τῆς
1311 1359 1549 1430 ἡμέρας,
1584 1358 1850 1411 ἐπινίκιόν
1881 1375 1934 1409 τι

343 1456 512 1526 μέλος
537 1457 650 1518 τοῖς
668 1471 728 1505 τε
759 1452 1058 1522 κυμὸἀλοις
1081 1452 1172 1504 καὶ
1196 1453 1500 1520 τυμπάνοις
1521 1449 1936 1520 ἀποκρουσάμε·

342 1565 451 1612 νοι,
485 1547 580 1600 καὶ
612 1545 699 1598 τὸν
728 1546 868 1616 ὑπὲρ
901 1544 1143 1612 κεφαλὰς
1183 1543 1229 1575 ’⁸
1261 1544 1397 1612 ἀέρα
1429 1547 1550 1608 ταῖς
1597 1545 1685 1598 διὰ
1726 1542 1834 1596 τῶν
1859 1544 1935 1608 ξι-

343 1639 467 1709 φῶν
499 1637 740 1710 ῥιπεσεσι
774 1634 1304 1706 περιαστράψαντες,
1334 1633 1507 1696 οὕτως
1546 1635 1684 1704 μετά
1714 1633 1938 1702 βαθεῖαν

343 1733 592 1801 ἑσπέραν
643 1729 856 1799 ἄσημόν
890 1745 1010 1781 τινα
1065 1727 1160 1780 καὶ
1226 1728 1434 1797 τραχὺν
1480 1726 1794 1796 ἀλαλαγμὸν
1830 1727 1930 1778 ὲπ-

343 1827 582 1896 αφέντες
604 1825 698 1879 καὶ
714 1824 812 1886 τὰς
825 1822 1072 1894 ἀγκύρας
1098 1822 1205 1875 τῶν
1234 1820 1379 1892 νηῶν
1398 1821 1814 1884 ἀνασπάσαντες
1837 1820 1935 1892 τῆς

341 1923 453 1990 γῆς
488 1918 904 1988 ἀπεδίδρασκον.
936 1913 1044 1970 Ἦν
1071 1916 1124 1969 δὲ
1152 1916 1371 1968 ἀκούειν
1393 1916 1541 1979 ὅπως
1563 1915 1738 1985 ἡσυχῆ
1773 1916 1935 1986 μόνον

343 2014 406 2066 τὸ
445 2010 647 2079 πλῆθος
679 2005 1146 2076 κατεστενάζομεν
1181 2007 1282 2078 τῆς
1332 2007 1608 2077 πατρίδος,
1648 2007 1742 2061 καί
1764 2006 1866 2060 πού
1891 2007 1934 2040 ¹⁹

342 2121 471 2159 τινα
497 2102 634 2174 πρὸς
665 2101 755 2154 τὸν
801 2100 932 2153 Θεὸν
963 2101 1020 2153 ὲν
1044 2099 1120 2170 τῷ
1142 2100 1342 2166 ἀφανεῖ
1373 2097 1472 2168 τῆς
1497 2097 1675 2169 ψυχῆς
1705 2098 1938 2162 ἕκαστος

347 2199 379 2266 ή
391 2196 510 2265 μῶν
541 2195 692 2263 ἠφίει
724 2193 927 2264 φωνὴν,
955 2193 1100 2256 ὅσοις
1149 2192 1214 2245 ἂν
1245 2189 1407 2254 αὐτὸς
1440 2190 1683 2260 βούλοιτο
1718 2190 1940 2243 παιδευ-

343 2292 522 2354 τικοῖς
551 2291 874 2358 πειρασμοῖς
905 2287 1066 2358 ὁμιλή
1078 2303 1276 2348 σαντας
1299 2286 1394 2338 καὶ
1419 2283 1580 2338 πάλιν
1603 2281 1939 2352 ἀποδοθῆναι

343 2387 414 2454 τῇ
466 2381 812 2454 θρεψαμένῃ,
871 2382 965 2434 καὶ
1014 2381 1091 2450 μὴ
1145 2381 1224 2443 εἰς
1275 2377 1428 2442 τέλος
1481 2375 1942 2445 ἐγκαταλειφθέν-

343 2493 446 2537 τας
476 2471 798 2525 ἀνέλπιστον
831 2470 977 2541 ἔχειν
1031 2469 1129 2540 τὴν
1164 2471 1227 2522 ἐκ
1273 2468 1380 2521 τῶν
1412 2466 1729 2520 λυπούντων
1761 2465 1938 2520 ἀπαλ-

345 2565 548 2635 λαγήν.
947 2559 952 2562 ’

458 2655 524 2716 ζ’.
565 2654 653 2716 Ὠς
683 2651 740 2705 δὲ
771 2651 864 2704 τοῦ
911 2651 1061 2704 πλεῖν
1095 2650 1196 2721 ήδη
1231 2649 1364 2720 πρὸς
1398 2648 1593 2720 ὄρθρον
1633 2647 1802 2718 οὔσης
1843 2646 1940 2718 τῆς

344 2748 549 2810 νυκτὸς
580 2744 967 2817 ἀπηρξάμεθα,
988 2739 1102 2816 εἶχε
1134 2745 1232 2813 μὲν
1254 2745 1400 2814 ἡμᾶς
1426 2743 1520 2796 καὶ
1545 2741 1720 2796 ἄλλων
1748 2741 1943 2811 δυσχε-

350 2841 466 2912 ρῶν
490 2840 705 2907 ἀνάγκη
738 2836 972 2901 πολλῶν,
1004 2834 1100 2890 τοῦ
1127 2833 1311 2906 λιμοῦ,
1343 2834 1440 2903 τῆς
1470 2832 1650 2904 δίψης,
1678 2831 1776 2897 τῆς
1813 2847 1943 2882 συν-

345 2933 539 3004 εχεὶας
569 2934 597 2985 ὀ
628 2929 1002 3001 ῦπωπιασμδς
1030 2929 1145 3002 (καὶ
1174 2927 1282 3000 γὰρ
1311 2925 1452 2980 κατὰ
1491 2926 1662 2996 μόνην
1685 2923 1784 2996 τὴν
1812 2923 1942 2977 ναῦν

348 3023 485 3076 ἔνθα
520 3018 660 3093 ἦμεν
718 3023 881 3091 ἡμεῖς
934 3019 1275 3072 ὀκτακοσίων
1327 3015 1690 3087 αἰχμαλώτων
1755 3013 1944 3084 ψυχῶν

349 3116 591 3188 ἀριθμὸς
613 3110 704 3185 ἦν,
743 3113 864 3183 δίχα
887 3112 996 3166 τῶν
1035 3113 1092 3164 ὲν
1125 3111 1261 3180 αὐτῇ
1299 3109 1621 3180 Βαρϐάρων,
1655 3107 1944 3160 διακοσίων

349 3207 452 3260 καὶ
482 3204 659 3258 αὐτῶν
687 3203 906 3274 ὄντων),
963 3202 1099 3272 πρὸς
1131 3201 1339 3265 τούτοις
1373 3201 1429 3254 δὲ
1463 3202 1556 3254 καὶ
1603 3199 1712 3254 τῶν
1745 3201 1942 3270 κομιδῇ

348 3299 567 3369 νηπίων
614 3300 647 3369 ή
686 3297 896 3367 ἐλεεινὴ
933 3295 1030 3367 βοὴ
1064 3295 1334 3366 μηδαμῶς
1387 3294 1704 3365 δυναμένων
1758 3294 1946 3365 φέρειν

350 3393 465 3447 τῶν
507 3389 800 3464 μοχθηρῶν
852 3389 954 3462 τὴν
993 3389 1268 3455 ἐπίτασιν,
1304 3389 1418 3441 ἄλλ’
1450 3388 1602 3443 οὐδὲν
1632 3388 1665 3460 ἧ
1698 3388 1743 3419 ²⁰
1775 3387 1947 3442 θάνα-

355 3504 448 3539 τον
475 3487 660 3548 αὐτοῖς
684 3482 1117 3538 ἑπισπεύδουσαν
1148 3483 1348 3554 ἄωρον.
1376 3481 1554 3535 Πλείω
1585 3481 1642 3535 δὲ
1667 3481 1885 3536 πάντων
1911 3481 1947 3548 ἠ
1990 3544 1992 3546 τ

357 3579 504 3634 κατά
535 3578 634 3650 τὴν
649 3577 948 3646 ²¹γαστέρα
979 3576 1162 3648 χρεία,
1191 3571 1258 3646 ἧς
1288 3577 1388 3628 οὐκ
1412 3571 1479 3645 ἦν
1507 3575 1778 3645 μηδεμίαν
1813 3573 1946 3644 μέθ-

355 3673 473 3726 οδον
503 3672 774 3741 ὲφευρεῖν,
806 3668 904 3737 τῆς
934 3668 1170 3738 φυσικῆς
1227 3668 1472 3738 ἀνάγκης
1512 3667 1947 3734 κατεπειγούσης

362 3763 495 3833 πρὸς
543 3762 642 3832 τὴν
681 3760 946 3824 διέξοδον·
997 3759 1094 3831 τὴν
1127 3759 1236 3830 γὰρ
1271 3758 1405 3813 αἰδῶ
1467 3758 1562 3811 τοῦ
1620 3758 1947 3829 πράγματος

373 3853 549 3905 πολλοὶ
582 3851 958 3923 προτιμῶντες
994 3852 1087 3904 καὶ
1112 3853 1400 3920 καρτερεῖν
1426 3851 1524 3922 τὴν
1561 3849 1680 3920 βίαν
1716 3849 1792 3920 μὴ
1821 3848 1945 3901 σθέ-

382 3958 554 4006 νοντες
583 3945 786 4016 συχνῶς
843 3943 1222 3998 ἐκινδύνευσαν
1256 3947 1322 3997 ³⁸.
1385 3943 1532 4013 Πλὴν
1587 3943 1683 4013 τῆς
1731 3942 1948 4012 ἡμέρας

376 4034 671 4106 ἀρχομένης
707 4035 798 4088 τὸν
823 4034 1048 4102 ἀγκῶνα
1095 4033 1588 4104 παραπλεύσαντες
1617 4031 1712 4084 τοῦ
1749 4031 1946 4103 ρηθέν-

367 4141 461 4187 τος
495 4125 539 4155 ³³
582 4124 861 4187 Ἐκὸὁλου,
913 4123 1231 4197 ἀνήχθημεν
1263 4127 1387 4195 περὶ
1413 4125 1591 4196 δείλην
1621 4124 1845 4195 βαθεῖαν
1871 4124 1947 4187 είς

361 4234 484 4270 τινα
518 4217 679 4270 τόπον
721 4217 921 4270 Βολὸὸν
977 4217 1336 4288 καλούμενον,
1380 4217 1507 4271 ἔνθα
1563 4218 1705 4282 τινὲς
1765 4220 1948 4282 ἱππεῖς

361 4309 641 4380 ἐφάνησαν
672 4309 780 4362 ἀπὸ
811 4309 909 4379 τῆς
941 4310 1046 4380 γῆς
1084 4310 1368 4380 ἐρχόμενοι
1401 4310 1537 4381 πρὸς
1569 4310 1738 4379 ἡμᾶς.
1788 4306 1950 4363 Οὗτοι

359 4399 419 4453 δὲ
440 4396 584 4471 ἦσαν
617 4401 666 4453 οἱ
703 4401 800 4454 καὶ
833 4401 1024 4472 πρώην
1072 4403 1129 4455 ἐν
1175 4405 1244 4473 τῇ
1286 4402 1439 4456 πόλει
1486 4402 1945 4474 παραγενόμενοι,

2038 532 2197 587 tortis
2226 531 2558 602 quibusdam
2591 547 2655 588 ac
2680 531 2870 586 cuneis
2892 539 3144 587 nostrum
3175 531 3422 587 omnium
3453 533 3613 604 pedi-

2037 625 2140 678 bus
2173 625 2467 694 impositis,
2496 625 2576 680 sic
2607 641 2774 679 unum
2805 631 2930 694 post
2978 623 3145 678 alium
3175 625 3326 680 velut
3370 627 3616 683 inanima

2035 716 2310 786 quoddam
2339 718 2553 787 pondus
2599 716 2824 772 Barbari
2863 716 3098 773 navibus
3129 719 3463 789 constipant,
3514 735 3620 776 nec

2034 810 2121 865 vel
2173 810 2352 865 libero
2398 826 2526 865 aere
2568 811 2846 880 respirare
2891 810 3279 877 concedentes,
3315 811 3410 866 sed
3468 812 3619 867 hunc

2035 917 2257 972 quoque
2282 903 2547 957 continua
2585 901 2950 957 sutl‘ocatione
2978 902 3288 958 trudentes.
3337 902 3616 975 Sieenim

2037 994 2173 1048 alios
2208 995 2331 1048 aliis
2356 990 2779 1062 'astrinterunt,
2806 1004 2870 1050 ut
2900 994 3083 1050 omnis
3117 993 3418 1050 multitudo
3448 1012 3619 1050 unum

2038 1086 2373 1140 indivulsum
2407 1087 2980 1156 corpus-videremur,
3019 1089 3170 1142 nulla
3199 1103 3428 1158 prorsus
3460 1104 3622 1158 sepa-

2038 1181 2254 1232 ratione
2307 1178 2645 1247 disjunctum
2683 1189 2780 1233 aut
2809 1195 2840 1232 a
2887 1179 3148 1233 continua
3201 1177 3302 1232 illa
3347 1178 3625 1246 constipa-

2039 1270 2187 1325 tione
2225 1271 2541 1340 abruptum.
2579 1269 2717 1336 Quia
2764 1285 2898 1325 vero
2935 1270 3069 1325 solis
3093 1271 3206 1342 jam
3256 1283 3457 1324 occasu
3509 1268 3624 1323 diei

2037 1364 2132 1418 lux
2163 1365 2219 1417 in
2265 1363 2446 1418 noctis
2477 1364 2734 1419 tenebras
2775 1379 2840 1418 ac
2869 1361 3160 1433 caliginem
3204 1362 3340 1427 ibat,
3375 1361 3625 1418 victoriae

2037 1455 2212 1510 melos
2245 1455 2526 1525 quoddam
2551 1471 2677 1510 cum
2707 1454 2974 1526 cymbalis
2996 1463 3163 1523 atque
3193 1455 3469 1525 tympanis
3491 1453 3620 1524 pul-

2038 1556 2246 1612 santes,
2299 1562 2598 1616 acremque
2646 1547 2921 1617 capitibus
2973 1546 3209 1602 aﬂ‘usnm
3256 1547 3475 1602 ensium
3509 1546 3624 1602 cir-

2038 1639 2433 1695 cumductibus
2463 1640 2870 1706 collustrautes,
2899 1640 2984 1695 sic
3016 1640 3086 1694 ad
3115 1640 3342 1694 multam
3404 1648 3624 1696 noctem

2041 1733 2326 1790 incondito
2349 1733 2741 1802 borrendoque
2773 1734 2988 1788 ululatu
3021 1733 3292 1803 producto
3331 1742 3498 1804 atque
3523 1749 3624 1788 ano

2042 1824 2189 1881 coris
2217 1825 2456 1880 navibus
2485 1824 2694 1880 avulsis
2721 1839 2752 1880 e
2782 1832 2930 1879 terra
2957 1825 3342 1895 profugerunt.
3366 1825 3628 1881 Audisses

2042 1915 2460 1971 multitudinem
2492 1915 2694 1986 partim
2725 1914 2892 1970 tacite
2943 1915 3122 1971 solum
3149 1916 3386 1987 patriam
3417 1915 3626 1986 gemitu

2044 2009 2356 2080 deplorare,
2385 2009 2586 2078 partim
2617 2015 2870 2064 nostrum
2903 2009 3210 2078 quemlibet
3243 2009 3298 2062 in
3323 2010 3506 2064 cordis
3538 2024 3629 2064 oo-

2045 2101 2197 2155 culto
2236 2101 2400 2156 missa
2442 2100 2512 2154 ad
2549 2101 2724 2155 Deum
2753 2115 2891 2156 voce
2941 2101 3276 2172 supplicare,
3325 2108 3387 2155 ut
3419 2099 3625 2171 quibus

2046 2191 2151 2262 ipsi
2175 2192 2394 2257 liberet,
2410 2191 2570 2248 malis
2592 2192 2890 2247 salubriter
2913 2192 3208 2262 castigatos
3230 2191 3414 2246 denuo
3438 2191 3630 2261 patrita

2047 2284 2326 2350 redderet,
2360 2300 2541 2356 neque
2566 2284 2624 2339 in
2661 2284 2825 2340 [inem
2862 2283 3128 2340 deserens
3172 2284 3322 2338 nulla
3352 2298 3450 2354 spe
3489 2283 3631 2339 libe-

2048 2377 2281 2432 rationis
2305 2376 2359 2431 in
2391 2377 2500 2432 illis
2526 2377 2736 2432 versari
2767 2376 2822 2432 in
2851 2384 3180 2448 perpetuum
3212 2376 3441 2432 sineret.

2119 2650 2206 2705 67.
2251 2650 2322 2706 Ut
2375 2651 2488 2722 jam
2543 2655 2729 2704 autem
2776 2646 3022 2700 diluculo
3071 2645 3429 2714 discussaque
3473 2652 3637 2700 nocte

2051 2745 2308 2816 navigare
2363 2742 2669 2813 coepimus,
2712 2749 2826 2794 tum
2888 2739 2993 2792 alia
3047 2754 3149 2794 nos
3206 2754 3427 2808 quoque
3475 2738 3637 2808 plura

2051 2837 2192 2891 mala
2250 2835 2642 2899 conﬁciebant,
2695 2833 2877 2896 famis,
2934 2832 3077 2894 sitis,
3133 2832 3251 2900 ipsa
3293 2830 3636 2900 compressio

2051 2945 2228 3000 exque
2262 2945 2326 2984 ea
2357 2928 2638 3000 sugillatio
2680 2927 2759 2998 (in
2799 2942 2908 2981 una
2950 2925 3099 2980 enim
3139 2924 3232 2978 illa
3254 2923 3402 2987 navi,
3437 2923 3494 2978 in
3528 2937 3638 2993 qua

2051 3035 2154 3075 nos
2188 3019 2528 3075 vehebamur
2551 3056 2567 3080 ,
2605 3016 2772 3088 579
2823 3015 2891 3070 ad
2931 3014 3245 3085 octingenta
3292 3012 3637 3083 captivorum

2053 3112 2234 3182 capita
2266 3110 2662 3174 censebantur,
2685 3119 2886 3180 praeter
2907 3107 3201 3169 Barbaros,
3233 3106 3328 3176 qui
3359 3105 3463 3176 ipsi
3487 3105 3541 3160 in
3572 3120 3636 3161 ea

2049 3204 2276 3260 ducenti
2321 3203 2526 3275 erant),
2568 3213 2688 3258 tum
2739 3211 3006 3273 praeterea
3041 3199 3447 3254 infantulorum
3470 3212 3638 3254 voces

2050 3305 2216 3366 atque
2278 3291 2571 3359 clamores,
2624 3292 2776 3347 nulla
2820 3289 3035 3346 ratione
3072 3289 3185 3344 vim
3219 3295 3425 3344 tantam
3465 3287 3642 3342 malo-

2051 3405 2176 3444 rum
2205 3388 2350 3444 ferre
2383 3386 2713 3451 valentium,
2762 3399 2827 3438 ac
2857 3382 3062 3454 quibus
3096 3379 3246 3436 aliud
3294 3380 3435 3435 nihil
3470 3395 3640 3450 quam

2052 3497 2203 3538 mors
2262 3482 2561 3537 immatura
2632 3477 2702 3532 iis
2769 3475 3143 3532 celerabatur.
3213 3473 3323 3528 Sed
3390 3472 3640 3528 omnium

2053 3574 2289 3631 maxime
2335 3571 2606 3628 enecabat
2651 3568 2760 3624 alvi
2811 3566 3103 3632 resolutio,
3154 3565 3245 3620 cui
3296 3579 3431 3620 sane
3485 3565 3641 3620 nullo

2053 3669 2302 3726 remedio
2352 3664 2571 3721 occurri
2606 3671 2848 3734 poterat,
2899 3659 3140 3716 naturali
3190 3660 3519 3715 necessitate
3550 3674 3638 3714 re-

2053 3765 2336 3815 crementa
2375 3756 2526 3809 foras
2551 3753 2886 3824 expellente.
2939 3751 3101 3806 Multi
3143 3765 3382 3820 namque
3411 3749 3491 3803 rei
3522 3748 3643 3818 ipsa

2053 3850 2385 3908 necessitate
2419 3847 2682 3919 pudorem
2714 3845 2887 3916 pluris
2916 3843 3205 3906 facientes,
3233 3857 3339 3898 nec
3370 3841 3484 3896 vim
3512 3841 3644 3897 tole-

2053 3955 2177 3994 rare
2206 3939 2474 4001 valentes,
2506 3935 2652 3990 haud
2684 3945 2810 3988 raro
2846 3934 2903 3986 in
2941 3932 3242 3988 discrimen
3289 3931 3642 3986 adduceban—

2055 4040 2162 4086 tur.
2224 4029 2495 4085 Caeterum
2545 4027 2693 4080 clara
2746 4026 2858 4095 jam
2909 4025 3034 4078 luce
3095 4023 3386 4077 memorati
3442 4022 3638 4076 Ecboli

2055 4126 2176 4180 sinu
2203 4120 2685 4194 praternavigato,
2730 4127 2787 4172 et
2829 4117 2884 4170 in
2927 4130 3114 4170 serum
3146 4128 3439 4185 vesperum
3470 4114 3643 4169 decli-

2055 4227 2222 4273 nante
2266 4216 2378 4285 jam
2411 4210 2786 4282 die,§Bolbum
2824 4224 2986 4278 quem
3017 4213 3216 4261 vocant
3243 4203 3639 4276 pervenimus;

2055 4324 2166 4382 quo
2205 4309 2328 4363 loco
2383 4302 2639 4360 nonnulli
2702 4301 2917 4374 equites
2990 4299 3059 4353 ad
3120 4313 3221 4353 nos
3283 4305 3642 4351 accesserunt

2056 4407 2235 4472 (erant
2277 4399 2336 4454 hi
2376 4397 2473 4469 qui
2504 4406 2560 4453 et
2599 4404 2761 4450 antea
2798 4395 2856 4448 in
2892 4391 3089 4448 urbem
3125 4390 3419 4457 venerant)
3460 4395 3645 4445 certas

359 4493 535 4565 ῥητάς
585 4510 738 4554 τινας
770 4496 1036 4562 γυναῖκας
1083 4493 1401 4563 ὠνήσασθαι
1460 4493 1724 4560 θέλοντες,
1771 4493 1835 4558 ἃς
1883 4493 1943 4546 τὸ

2051 4471 2318 4564 quasdam
2351 4497 2631 4544 matronas
2660 4483 3000 4555 redempturi
3025 4500 3040 4551 ;
3078 4493 3214 4553 quas
3234 4471 3458 4534 Barbari
3487 4486 3642 4534 actu-

356 4585 530 4654 τάχος
557 4587 604 4638 οἱ
629 4585 907 4657 Βὰρόαροι
934 4586 1042 4639 τῶν
1087 4586 1233 4655 νηῶν
1263 4585 1640 4654 ἐξενεγκόντες
1671 4587 1952 4651 ἀπέδοντο,

359 4678 504 4730 πολὺ
539 4679 761 4750 χρυσίον
801 4680 944 4751 ὑπὲρ
977 4680 1025 4711 ³⁵
1051 4678 1232 4733 αὐτῶν
1281 4680 1666 4750 κομισάμενοι.
1713 4679 1954 4733 Ἐκεῖθεν

357 4769 422 4824 δὲ
464 4771 630 4824 πάλιν
678 4771 1009 4841 ἀναχθέντες
1066 4771 1389 4842 κατήραμεν
1429 4773 1558 4840 περὶ
1597 4771 1666 4823 τά
1695 4771 1824 4841 τέλη
1855 4771 1956 4840 τῆς

360 4859 536 4930 νήσου
593 4862 693 4932 τῆς
746 4861 1094 4932 καλουμένης
1151 4861 1472 4931 Παλλήνης·
1514 4862 1608 4914 καί
1641 4878 1693 4912 τι
1757 4861 1955 4931 μικρὸν

359 4951 550 5002 ἐκεῖσε
602 4950 1110 5023 καθησυχάσαντες,
1167 4952 1260 5006 τοῦ
1295 4952 1607 5023 πνεύματος
1643 4952 1954 5022 ἐπιτηδείου

359 5041 710 5113 ὑπάρχοντος
737 5046 832 5097 καὶ
864 5037 1022 5107 αὖθις
1051 5045 1188 5115 πρὸς
1224 5045 1469 5115 ἑσπέραν
1499 5043 1857 5114 ὲσπάσθησαν
1889 5043 1958 5096 τὰ

363 5133 540 5200 ἱστία,
575 5135 611 5189 ἃ
639 5137 732 5188 καὶ
760 5121 1174 5208 διαπρησθέντα
1211 5141 1278 5209 τῇ
1307 5138 1645 5209 σφοδροτάτῃ
1683 5136 1837 5210 ῥύμῃ
1862 5133 1956 5189 τοῦ

362 5226 680 5298 πνεύματος
710 5225 846 5302 ἦγον
892 5232 1041 5300 ἡμᾶς
1073 5231 1413 5301 φερομένους
1454 5230 1541 5303 [Ρ.
1567 5229 1697 5302 572]
1737 5227 1953 5299 βιαίως,

359 5318 476 5380 ἓως
512 5319 610 5390 τῆς
635 5321 832 5391 ἐφεξῆς
865 5321 910 5352 ⁸⁸
938 5321 1058 5373 κατ’
1092 5321 1269 5392 ἀρχὰς
1298 5321 1510 5391 ἡμέρας
1541 5318 1846 5392 εὑρέθημεν
1875 5317 1955 5381 εἰς

363 5428 498 5463 τινα
524 5412 686 5464 τόπον
717 5413 764 5445 ⁸⁸
795 5413 1134 5484 Διαδρὸμους
1183 5413 1333 5484 παρὰ
1361 5414 1470 5466 τῶν
1515 5410 1954 5481 ναυτιλλομένων

363 5503 799 5572 ὀνομαζόμενον,
822 5503 916 5556 δύο
951 5503 1049 5575 μὲν
1079 5504 1272 5574 ἔχοντα
1295 5505 1493 5576 νήσους
1522 5502 1870 5573 ἁμφιμήκεις
1895 5501 1952 5565 ἐξ

2057 4595 2174 4639 tum
2227 4581 2467 4636 navibus
2518 4577 2772 4642 eductas,
2828 4573 3038 4648 ingenti
3068 4572 3192 4629 auri
3222 4571 3276 4627 vi
3314 4584 3417 4642 pro
3440 4569 3523 4625 eis
3545 4584 3642 4624 ac-

2054 4685 2234 4747 cepta,
2267 4672 2615 4729 dediderunt.
2670 4667 2805 4725 Inde
2836 4683 2969 4724 vero
3001 4681 3198 4721 rursus
3242 4663 3431 4719 educti
3465 4659 3644 4717 Palle-

2055 4784 2154 4824 nes
2184 4766 2378 4821 insulae
2406 4764 2670 4819 extremis
2710 4760 3008 4825 haasimus;
3041 4758 3287 4828 dumque
3329 4755 3407 4810 ibi
3450 4754 3648 4827 paulu-

2056 4858 2171 4912 lum
2199 4855 2579 4916 immoramur,
2615 4847 2864 4906 secundo
2892 4849 3058 4901 vento
3085 4845 3251 4901 ﬂante
3283 4843 3352 4899 ad
3380 4843 3642 4898 occiden-

2057 4958 2168 5006 tem
2219 4960 2414 5002 rursus
2468 4943 2591 4999 vela
2648 4942 2886 5012 impulsa
2936 4944 3096 5006 sunt;
3147 4951 3270 5008 qua:
3304 4933 3644 4988 validissimo

2057 5040 2210 5098 venti
2271 5039 2481 5108 impetu
2555 5031 2742 5090 inﬂata
2807 5031 3080 5088 violenter
3139 5033 3242 5083 nos
3296 5023 3643 5087 deferebant,

2058 5134 2235 5190 donec
2259 5129 2545 5202 sequentis
2568 5127 2679 5182 diei
2719 5126 2880 5181 initio
2915 5125 3099 5178 locum
3127 5137 3157 5175 a
3194 5118 3378 5174 nautis
3415 5117 3646 5172 Diadro-

2060 5243 2186 5282 mus
2215 5231 2594 5294 nuncupatum
2633 5218 2933 5290 attigimus.
2969 5213 3021 5270 ls
3050 5211 3219 5267 habet
3241 5209 3380 5264 duas
3412 5207 3642 5267 insulas.

2061 5315 2504 5387 utrinquelongo
2528 5311 2704 5366 limite
2732 5319 3008 5370 extensas,
3038 5301 3204 5375 580
3224 5299 3329 5364 sibi
3363 5298 3642 5359 adversas;

2063 5409 2209 5463 inter
2231 5420 2368 5476 quas
2397 5401 2568 5458 veluti
2595 5401 2798 5456 ﬂuvius
2827 5410 2977 5452 mare
3015 5390 3396 5463 pragterﬂuens
3435 5388 3646 5442 insulas

2062 5499 2232 5555 unius
2251 5497 2518 5552 duntaxat
2536 5493 2698 5548 stadii
2730 5490 2906 5561 spatio
2935 5486 3154 5543 dividit.
3185 5484 3292 5542 Ubi
3322 5482 3432 5538 huc
3453 5479 3642 5533 venis-

1709 5613 1946 5672 VARlA‘J
1988 5610 2397 5671 LECTIONES.

445 5711 488 5742 "
531 5708 589 5761 δὲ
625 5723 712 5763 om
741 5713 806 5763 Δ.
885 5710 928 5741 ⁸⁸
962 5709 1205 5779 κεφαλῆς
1232 5711 1296 5762 Α.
1374 5711 1418 5741 ⁸⁸
1454 5728 1555 5764 που
1587 5725 1696 5765 om.
1724 5707 1788 5763 P.
1866 5709 1911 5740 ²⁰
1942 5707 2058 5762 ἀλλ’
2081 5706 2236 5779 οῦδὲν
2349 5703 2488 5756 ἀλλά
2511 5703 2577 5779 A.
2654 5701 2700 5765 ’ζ
2725 5703 2823 5779 τὴν
2850 5713 2964 5755 om.
2997 5697 3060 5753 Ρ.
3089 5709 3092 5712 ’
3136 5693 3181 5728 ’⁸
3214 5692 3554 5750 ἐκινδύνευον
3577 5683 3649 5740 Α.

365 5783 420 5816 ’³
457 5781 830 5853 προρηθέντος
856 5781 922 5835 Α.
1001 5771 1052 5811 ’δ’
1082 5771 1245 5852 ὑπὲρ]
1269 5781 1359 5833 ὑπ’
1385 5781 1444 5838 Ρ.
1524 5783 1568 5815 ’⁵
1594 5782 1698 5846 ἓως
1721 5779 1921 5852 ἑφεξῆς
1948 5779 2048 5851 τῆς
2073 5776 2182 5832 AP.
2259 5771 2312 5808 ’τ
2327 5790 2480 5840 τινας
2513 5771 2694 5826 τόπων
2722 5773 2788 5824 Δ.

742 5880 1012 5941 mmet.
1059 5881 1174 5939 tiu.
1223 5879 1372 5942 ClX.

3212 5860 3286 5925 ΞΟ
