4094 6458
425 321 525 386 6°21

1515 313 1613 373 DE
1648 309 1961 373 EXCIDIO
1999 306 2606 373 THESSALONICJE;

3587 311 3691 372 εἰέ

409 431 650 502 ,τελλίων
681 426 928 500 ἀλλήλοις
959 425 1195 496 ἐπικαθή
1205 441 1380 496 μενοι,
1415 423 1511 478 καὶ
1537 425 1651 486 τοῖς
1696 421 1894 488 ξύλοις,
1919 415 2002 482 οἷς

2113 419 2430 490 compressi,
2487 433 2626 490 quas
2657 431 2822 474 nemo
2861 417 3047 473 verbis
3076 419 3372 490 eloquatur
3397 433 3462 475 ac
3490 419 3694 476 referat

421 519 793 594 ἐνηρτήμεθα,
853 518 1283 589 τιτρωσκόμενοί
1315 534 1376 569 τε
1427 515 1522 569 καὶ
1571 513 2002 584 συνθλιϐόμενοι,

420 617 817 688 ἀνεκδιήγητόν
869 632 994 668 τινα
1057 616 1151 668 καὶ
1199 614 1441 686 ἄρρητον
1502 610 1848 679 ύφιστάμεθα
1907 609 2006 678 τὴν

419 713 689 779 ἀνάγκην,
713 708 823 760 οὐδ’
860 706 1108 760 όπωσοῦν
1145 704 1522 774 συστραφῆναι
1552 703 1586 774 ἦ
1622 717 1768 764 τινος
1795 701 2007 762 ἑαυτοῖς

423 801 751 875 μεταδοῦναι
784 799 982 868 σχολῆς
1010 795 1481 868 συγχωρούμενοι,
1506 793 1623 847 ἀλλ’
1649 792 1683 863 ἢ
1717 791 1878 861 μόνον
1907 790 2009 852 τὰς

419 893 667 962 κεφαλὰς
699 890 992 960 ιύψοῦντες
1050 888 1273 959 μικρὸν,
1328 887 1512 940 εἵπου
1567 885 1672 938 κᾶν
1724 883 2009 952 ἐλεύθερον

420 987 562 1055 ἀέρα
590 985 709 1046 ταῖς
751 982 894 1054 ῥισὶν
928 980 1320 1049 ἐφελκύσωμεν
1361 979 1456 1032 καὶ
1493 978 1567 1048 μὴ
1618 977 1755 1048 πρὸς
1806 973 2008 1036 παντὸς

419 1077 582 1131 ἄλλου
638 1073 815 1127 δεινοῦ
872 1074 939 1142 τῇ
988 1071 1124 1128 τῶν,
1157 1070 1439 1140 παρόντων
1493 1066 1862 1136 ἀναθυμιάσει
1909 1063 2009 1132 τὴν

424 1169 597 1236 πνοῆν
627 1165 1034 1234 ἐπαφήσοιμεν.
1062 1163 1135 1217 Τὸ
1167 1163 1223 1215 δὲ
1249 1161 1358 1215 τῶν
1385 1160 1623 1233 φθειρῶν
1653 1159 1858 1228 πλῆθος
1889 1156 2006 1208 ἐτε-

423 1275 519 1328 ρον
562 1253 630 1327 ἦν
685 1255 854 1309 κακὸν
896 1255 1139 1324 ίᾶφατον.
1189 1252 1459 1322 Καθάπερ
1499 1252 1610 1321 γάρ
1646 1268 1730 1312 τις
1781 1248 2009 1310 Θάνατος

417 1352 629 1420 ἕρπων,
655 1348 755 1418 τὴν
783 1346 1041 1400 ἁπάντων
1072 1345 1218 1414 ζωὴν
1244 1344 1660 1408 κατεὸόσκοντο,
1691 1341 1766 1404 ὡς
1799 1342 1864 1394 ἐκ
1885 1338 2010 1392 τού-

417 1459 516 1495 του
541 1441 640 1501 τάς
678 1439 894 1510 μορφὰς
919 1441 1140 1492 πάντων
1173 1436 1558 1509 ἀλλοιωθῆναι,
1594 1437 1690 1491 καὶ
1720 1439 1778 1488 ὲν
1807 1433 2013 1505 ὑποψίᾳ

419 1535 664 1599 ζώντων,
696 1534 796 1588 ούκ
828 1532 1060 1602 ἀληθείᾳ
1093 1531 1426 1600 λογίζεσθαι.
1455 1531 1628 1592 Ὅσας
1679 1528 1735 1582 δὲ
1793 1526 2010 1596 πληγὰς

418 1627 656 1696 ἠφίεσαν
689 1625 938 1694 μανικῶς
972 1624 1267 1694 φερόμενοι
1294 1623 1418 1676 καθ’
1439 1621 1620 1691 ἡμῶν,
1663 1621 1696 1692 ἢ
1727 1623 1877 1684 ὅσαις
1903 1619 2012 1672 λοι-

423 1717 634 1789 δορίαις
685 1717 779 1770 καὶ
835 1717 1063 1769 ὀνείδεσι
1125 1715 1248 1769 καθ’
1292 1715 1531 1783 ἑκάστην
1577 1714 1725 1784 ἡμᾶς
1779 1711 2010 1766 ἔπλυνον

422 1812 596 1881 ῶραν,
634 1811 729 1864 καὶ
755 1803 835 1872 οἷς
867 1810 1151 1877 ἐφαίνοντο
1182 1809 1280 1880 τὴν
1316 1807 1478 1878 μῆνιν
1507 1807 1864 1875 φυλάττοντες
1901 1804 2011 1858 τῶν

423 1905 647 1975 ἡμερῶν
679 1903 770 1955 τοῦ
799 1901 1061 1972 πολέμου,
1098 1903 1252 1963 ποῖος
1286 1901 1384 1970 μὲν
1416 1899 1575 1967 λόγος
1613 1897 2012 1968 καθιστορῆσαι

425 1997 750 2064 δυνήσεται,
804 1993 933 2047 ποία
998 1993 1054 2046 δὲ
1111 1992 1250 2064 ἀκοὴ
1304 1991 1402 2062 τὴν
1455 1990 1646 2045 τούτου
1705 1989 2012 2062 παραδέξα-

433 2090 562 2142 σθαι
590 2088 922 2158 τραγῳδίανς
972 2085 1128 2156 Ἐμοὶ
1159 2085 1216 2138 δὲ
1286 2083 1547 2147 ἔκστασις
1602 2083 2008 2153 ἐπεισέρχεται,

430 2182 622 2244 ὁσάκις
679 2182 755 2244 είς
811 2179 1020 2233 ἔννοιαν
1080 2177 1223 2230 ἔλθω
1285 2177 1448 2248 μόνον
1520 2176 1629 2229 τῶν
1687 2176 2012 2246 ἀμετρήτων

428 2273 618 2326 κακῶν
671 2271 897 2326 ἐκείνων
930 2263 1005 2323 ὧν
1049 2269 1194 2322 κατά
1243 2269 1427 2321 πᾶσαν
1477 2267 1577 2338 τὴν
1623 2265 1872 2336 περίοδον
1917 2264 2011 2318 τοῦ

427 2366 593 2428 πλοὸς
644 2363 1057 2433 ὑπεμείναμεν,
1114 2360 1231 2424 πῶς
1280 2359 1735 2431 ἐκαρτερήσαμεν
1787 2357 2012 2425 ἐνέγκαι

422 2456 696 2526 τοσαύτην
749 2454 1007 2522 πολυειδῆ
1069 2451 1354 2522 συμφορὰν
1404 2449 1723 2521 ἀνθρώπεια
1757 2448 2009 2519 σώματα,

426 2542 512 2611 οἷς
559 2543 628 2619 ἦν
659 2545 765 2617 πρὸ
797 2546 951 2598 τοῦδε
973 2543 1220 2614 τρυφηλὴ
1250 2543 1344 2595 καὶ
1373 2541 1698 2613 διαρρέουσα
1719 2539 1898 2592 δίαιτα
1917 2538 2010 2593 καὶ

422 2641 774 2708 πειρατικαῖς
823 2640 1093 2706 ἀνάγκαις
1126 2635 1380 2706 οὐδαμῶς
1416 2633 1777 2700 ἐνεθισθεῖσα,
1813 2630 2011 2695 πῶςδέ

421 2728 524 2798 τὴν
573 2728 898 2781 ἀνύποιστον
945 2727 1038 2780 καὶ
1069 2727 1258 2794 δισσὴν
1291 2725 1564 2795 πύρωσιν,
1592 2724 1694 2793 τήν
1719 2740 1779 2777 τε
1821 2725 1885 2776 ἐκ
1913 2719 2010 2776 τοῦ

423 2819 672 2891 φλογμοῦ
721 2819 820 2888 τῆς
851 2817 1011 2888 δίψης
1053 2817 1146 2870 καὶ
1179 2817 1279 2887 τὴν
1328 2818 1394 2870 ἐκ
1427 2817 1528 2886 τῆς
1583 2815 1805 2887 θερινῆς
1858 2815 2010 2886 ὧρας

421 2913 525 2975 τὰς
571 2911 804 2980 φυσικὰς
862 2910 1094 2981 ἰκμάδας
1148 2907 1641 2980 ἀναξηραίνουσαν,
1694 2909 1790 2960 κα)⁵
1837 2907 1900 2960 τό
1945 2923 2010 2976 γε

421 3003 632 3056 τούτων
659 3002 1045 3074 ἐλεεινότερον,
1076 3002 1194 3063 πῶς
1228 3002 1614 3073 συνεκρατεῖτο
1641 2999 1738 3053 καὶ
1759 2999 2010 3071 παρέμε-

2109 511 2391 578 angustias
2414 507 2848 572 sustinebamus,
2895 507 3099 576 quibus
3130 524 3200 564 ne
3239 509 3532 564 minimum
3569 512 3693 580 qui-

2110 602 2233 656 dem
2255 603 2612 672 contorqueri
2640 610 2734 656 aut
2765 603 2944 658 solatii
2979 602 3186 672 aliquid
3207 613 3431 672 captare
3463 604 3690 671 licebat,

2110 696 2218 751 nisi
2251 695 2519 751 duntaxat
2543 697 2827 766 paululum
2852 697 3144 750 sustollere
3172 697 3370 766 capita,
3392 698 3439 753 si
3470 700 3694 768 quando

2109 789 2274 845 liberi
2319 789 2526 860 aliquid
2563 790 2708 844 aeris
2740 790 2974 844 naribus
3023 790 3302 845 attrahere
3352 792 3573 855 liberet,
3623 809 3693 847 ne

2111 881 2356 935 omnium
2415 882 2652 936 aliorum
2705 881 2977 935 malorum
3022 881 3286 946 cumulo,
3333 885 3693 951 praesentium

2113 986 2296 1024 rerum
2333 971 2628 1025 immanem
2678 970 2933 1024 faetorem
2964 969 3138 1024 halitu
3171 970 3540 1026 hauriremus.
3601 974 3696 1028 Pe-

2112 1061 2425 1118 diculorum
2462 1062 2630 1118 etiam
2672 1063 2866 1132 ingens
2908 1062 3016 1125 vis,
3045 1063 3315 1117 malorum
3342 1079 3516 1134 genus
3545 1065 3694 1118 aliud

2112 1153 2587 1223 improbissimum
2621 1171 2634 1207 :
2664 1153 2810 1207 haud
2845 1168 3007 1208 secus
3033 1153 3181 1208 enim
3221 1169 3287 1209 ac
3317 1169 3466 1209 mors
3496 1170 3696 1224 repens

2111 1245 2358 1302 omnium
2406 1247 2576 1301 vitam
2631 1245 3094 1316 depascebantur.
3137 1245 3282 1301 Hinc
3320 1247 3570 1302 omnium
3601 1263 3694 1302 ora

2113 1335 2424 1400 immutata,
2476 1336 2666 1406 sicque
2705 1336 2901 1390 affecta
2933 1344 2995 1389 ut
3026 1336 3288 1406 opinione
3334 1337 3542 1404 vivere,
3586 1353 3696 1391 non

2112 1439 2171 1478 re
2204 1424 2321 1494 ipsa
2355 1423 2694 1480 videremur.
2741 1426 2886 1491 Quot
2935 1441 3070 1480 vero
3102 1427 3291 1497 plagas
3344 1427 3613 1482 insaniter
3641 1429 3697 1482 in

2112 1532 2216 1571 nos
2270 1517 2604 1572 ferocientes
2659 1518 2970 1584 intulerint,
3017 1526 3115 1572 aut
3143 1517 3347 1588 quibus
3382 1520 3604 1589 probris
3635 1535 3700 1574 ac

2114 1609 2332 1680 injuriis
2368 1626 2467 1680 per
2490 1610 2656 1665 horas
2684 1611 2931 1680 singulas
2955 1622 3345 1682 momentaque
3375 1623 3693 1674 onerarent,

2113 1702 2319 1772 quibus
2373 1703 2723 1772 potissimum
2777 1719 2807 1757 a
2866 1720 3062 1775 pugna:
3110 1705 3501 1776 congressione
3557 1703 3696 1758 iram

2115 1809 2332 1848 servare
2385 1794 2738 1858 videbantur,
2769 1811 2892 1864 quas
2922 1796 3101 1850 oratio
3130 1811 3390 1851 enarrare
3423 1795 3697 1851 suﬂiciat?

2114 1887 2240 1957 quis
2263 1902 2399 1942 vero
2436 1888 2662 1943 auditus
2690 1889 2773 1944 rei
2801 1889 2967 1960 hujus
2998 1889 3319 1961 tragwdiam
3351 1891 3526 1960 possit
3555 1889 3698 1944 exci-

2113 1976 2284 2046 pere?
2329 1977 2446 2047 Ego
2482 1993 2615 2034 sane
2654 1989 2837 2034 mente
2867 1995 3115 2045 moveor,
3150 1980 3586 2050 quotiescunque
3611 1982 3694 2034 vel

2114 2069 2290 2123 solum
2325 2069 2380 2123 in
2418 2071 2741 2126 memoriam
2773 2073 2926 2128 venit
2957 2072 3447 2129 innumerabilium
3477 2075 3694 2130 illorum

2113 2162 2384 2216 malorum
2416 2163 2624 2232 quibus
2656 2180 2756 2234 per
2803 2174 2971 2220 totam
3013 2166 3163 2220 illam
3203 2166 3572 2237 navigationis
3601 2183 3696 2236 pe.-

2112 2252 2332 2308 riodum
2391 2254 2593 2311 fuimus
2639 2257 2910 2323 obnoxii,
2961 2258 3240 2328 quomodo
3301 2259 3696 2314 multiformem

2113 2342 2253 2397 adeo
2289 2359 2593 2399 aerumnam
2634 2361 2946 2417 noxamque
2992 2348 3233 2404 humana
3265 2363 3496 2420 corpora
3526 2351 3699 2406 susti-

2111 2449 2248 2490 nere
2277 2436 2580 2506 potuerint,
2625 2447 2879 2494 anteacto
2929 2447 3176 2510 tempore
3222 2441 3356 2496 luxu
3387 2457 3453 2497 ac
3483 2442 3702 2498 deliciis

2113 2525 2438 2595 ditlluentia,
2469 2545 2573 2586 nec
2596 2513 2886 2610 molestiis,
2911 2549 3034 2604 quae
3062 2550 3162 2605 per
3189 2535 3478 2605 praedones
3505 2538 3698 2593 inferri

2113 2618 2313 2681 solent,
2337 2635 2566 2689 nsquam
2601 2629 2816 2677 assueta
2846 2663 2860 2689 ,
2899 2623 3179 2693 quomodo
3210 2625 3615 2680 intolerabilem
3644 2635 3701 2680 et

2112 2707 2390 2778 duplicem
2423 2711 2584 2782 583
2640 2715 2960 2782 ustionem,
3020 2725 3137 2772 tum
3190 2719 3405 2775 scilicet
3459 2719 3700 2774 incendii

2112 2800 2253 2867 sitis,
2294 2811 2409 2858 tum
2437 2804 2641 2859 aestivae
2690 2808 3040 2876 tempestatis
3064 2811 3376 2865 naturalem
3403 2811 3694 2867 humorem

2111 2892 2481 2960 exsiccantis,
2539 2882 2797 2965 quodque
2852 2896 2942 2987 bis
3004 2899 3377 2955 miserabilius
3431 2910 3536 2967 est,
3591 2918 3698 2972 qua

2111 2985 2324 3041 ratione
2341 2985 2694 3042 detinebatur
2713 2996 2770 3043 et
2795 2989 2850 3044 in
2868 2985 3036 3045 nobis
3063 2993 3459 3060 perseverabat
3484 2996 3690 3055 anima,

422 3111 516 3148 νεν
544 3095 601 3145 ἐν
626 3093 672 3125 ³³
695 3094 827 3164 ἡμῖν
850 3094 882 3163 ἡ
913 3092 1081 3163 ψυχὴ,
1109 3091 1270 3145 ὁπότε
1300 3093 1418 3155 ταῖς
1438 3089 1584 3158 νυξὶν
1599 3089 1878 3161 ἐφήπλουν
1909 3089 2010 3154 τὰς

2116 3090 2243 3131 cum
2282 3078 2526 3133 extensis
2580 3085 2750 3134 noctu
2783 3095 2883 3150 per
2915 3096 3107 3137 omnes
3137 3099 3308 3138 naves
3333 3083 3569 3154 pellibus
3595 3101 3698 3140 nos

421 3181 758 3254 δερματίνας
795 3181 1014 3254 δέρρεις
1040 3182 1128 3234 διὰ
1159 3179 1352 3234 πασῶν
1375 3181 1481 3233 τῶν
1504 3179 1650 3250 νηῶν
1686 3180 1780 3233 καὶ
1802 3179 2011 3242 πάντας

424 3276 561 3328 εἴσω
603 3275 728 3338 τοὺς
757 3274 1042 3344 δυστυχεῖς
1091 3276 1240 3344 ἡμᾶς
1282 3272 1661 3338 ἐναπέκλειον,
1704 3271 1893 3344 ὥσπερ
1921 3272 2016 3325 καὶ

425 3369 521 3421 τοῦ
553 3367 733 3436 φωτὸς
762 3367 896 3435 ἡμῖν
932 3367 1070 3436 μετὰ
1105 3367 1216 3419 τῶν
1267 3366 1442 3420 ἄλλων
1474 3366 1878 3436 βασκαίνοντες,
1929 3365 2017 3418 ἵνα

429 3461 610 3530 σκότῳ
637 3459 730 3512 καὶ
755 3457 1022 3530 καύματι,
1054 3458 1205 3511 δυσὶν
1231 3457 1497 3527 ἀφύκτοις
1522 3459 1713 3522 κακοῖς
1742 3459 1839 3528 τὴν
1869 3455 2015 3528 ζωὴν

432 3550 914 3622 είσπραττώμεθα.
980 3550 1119 3604 Ἀλλ’
1181 3551 1422 3622 ἡγοῦμαι
1472 3549 1548 3615 ὡς
1611 3549 1785 3604 ταῦτα
1836 3549 2015 3604 πάντα

429 3644 720 3712 καρτερεῖν
764 3642 798 3712 ἡ
847 3641 968 3694 θεία
999 3643 1095 3695 καὶ
1128 3644 1470 3713 προνοητικὴ
1513 3641 1608 3695 τοῦ
1640 3641 1842 3705 παντὸς
1875 3642 2014 3712 ὑπὲρ

429 3740 612 3790 πᾶσαν
645 3736 991 3806 ἀνθρωπίνην
1020 3736 1258 3790 διάνοιαν
1307 3736 1636 3807 ἐνεδυνάμου
1663 3734 1708 3767 ⁸³
1761 3735 2010 3807 πρόνοια,

437 3830 651 3903 ἱΡῶἹι]
710 3831 778 3885 ἶν’
806 3832 865 3884 ὲν
904 3830 1119 3901 ὑστέρῳ
1149 3829 1370 3898 γνόντες
1404 3829 1463 3893 ἐξ
1490 3830 1618 3883 οἴων
1676 3830 1798 3881 τότε
1830 3827 2013 3880 κακῶν

445 3919 569 3989 παρ’
605 3921 822 3985 ἐλπίδας
879 3921 1252 3992 ἐρῥύσθημεν,
1300 3922 1450 3990 ἡμᾶς
1490 3938 1547 3974 τε
1581 3921 1625 3953 ³⁵
1674 3920 1868 3983 αὐτοὺς
1916 3935 2012 3987 καὶ

449 4008 635 4075 ἄλλους
657 4012 729 4083 τῷ
757 4012 1122 4082 ὑποδείγματι
1145 4007 1591 4080 σωφρονίζωμεν.

507 4193 602 4263 ξδ’,
625 4195 691 4252 0'.
733 4198 954 4269 Ἐπειδὴ
985 4199 1030 4252 δ’
1052 4199 1080 4252 ό
1111 4200 1303 4270 καιρὸς
1332 4197 1517 4253 ἐκάλει
1536 4199 1635 4270 τῆς
1667 4201 1805 4271 πρὸς
1834 4199 1903 4253 τά
1931 4202 2012 4255 ol-

429 4290 556 4341 κεία
581 4291 694 4353 τοϊς
739 4290 1045 4361 Βαρϐάροις
1070 4291 1114 4323 ³⁸
1143 4289 1403 4360 ἀφίξεως,
1435 4290 1598 4345 πάλιν
1628 4290 1838 4345 ἐκεῖθεν
1871 4292 2011 4345 ἀποο

429 4381 770 4446 πλεύσαντες
817 4383 1181 4454 κατήχθημεν
1210 4385 1289 4447 είς
1319 4401 1442 4437 τινα
1471 4385 1632 4455 νῆσον
1666 4383 2011 4455 καλουμένην

2119 3185 2310 3225 omnes
2341 3171 2575 3227 miseros
2604 3173 2674 3228 iis
2696 3173 3067 3240 ineluderent,
3109 3184 3170 3230 ut
3197 3176 3338 3232 lucis
3359 3192 3604 3247 quoque,
3634 3189 3698 3234 ut

2116 3271 2174 3318 et
2200 3263 2432 3333 reliqua,
2483 3279 2704 3320 usuram
2735 3267 2897 3322 nobis
2938 3267 3280 3334 inviderent;
3326 3284 3438 3339 quo
3487 3271 3700 3326 scilicet

2118 3355 2366 3410 tenebris
2409 3364 2677 3427 aestuque,
2726 3358 2932 3429 duplici
2978 3361 3123 3416 malo
3150 3361 3479 3426 inevitabili,
3517 3363 3696 3417 vitata

2115 3450 2276 3506 nobis
2297 3451 2545 3506 debitum
2569 3452 2903 3522 exigeretur.
2921 3453 3125 3508 Verum
3151 3453 3406 3509 existimo
3428 3454 3694 3519 divinam,

2115 3547 2173 3596 et
2223 3555 2346 3610 quae
2403 3557 2586 3596 rerum
2644 3541 2812 3612 hujus
2853 3540 3236 3597 universitatis
3282 3556 3472 3596 curam
3518 3553 3694 3612 gerat,

2114 3631 2524 3700 providentiam
2561 3632 2630 3686 ad
2681 3633 2799 3688 haec
2825 3633 3011 3688 omnia
3046 3633 3332 3688 toleranda
3367 3633 3517 3688 vires
3536 3633 3698 3688 nobis

2115 3721 2398 3792 roburque
2455 3739 2620 3793 supra
2681 3723 2977 3778 humanam
3007 3739 3228 3779 omnem
3274 3723 3694 3779 aestimationem

2113 3813 2452 3880 contulisse,
2505 3825 2564 3868 ut
2612 3813 2668 3868 in
2716 3824 3002 3885 posterum
3041 3815 3416 3886 intelligentes
3461 3831 3529 3870 ex
3570 3817 3697 3886 qui-

2114 3904 2220 3959 bus
2251 3914 2382 3961 tunc
2426 3907 2586 3962 malis
2620 3918 2824 3977 praeter
2861 3923 3082 3964 omnem
3117 3924 3270 3978 spem
3313 3909 3534 3965 liberati
3575 3911 3698 3967 fue-

2114 3995 2312 4060 rimus,
2371 4004 2484 4050 tum
2540 4011 2642 4050 nos
2696 3998 2844 4066 ipsos
2895 4005 3011 4050 tum
3059 3997 3306 4067 reliquos
3343 4001 3597 4070 exemplo
3628 4002 3694 4056 ad

2112 4085 2326 4157 frugem
2362 4087 2793 4157 corrigeremus.

2184 4196 2274 4264 69,
2300 4198 2389 4253 70.
2427 4199 2817 4256 Verumtamen
2845 4215 2970 4255 cum
2991 4201 3101 4272 jam
3132 4209 3350 4272 tempus
3378 4203 3609 4259 instaret
3638 4217 3698 4260 ut

2118 4308 2178 4348 se
2212 4293 2437 4348 Barbari
2485 4295 2542 4349 in
2577 4295 2809 4364 patriam
2839 4296 3170 4365 reciperent,
3208 4297 3334 4351 inde
3363 4313 3557 4352 rursus
3587 4300 3698 4352 sol-

2113 4391 2306 4439 ventes
2328 4383 2385 4438 in
2413 4384 2703 4454 quamdam
2734 4385 2968 4440 insulam
3000 4385 3213 4442 devecti
3240 4403 3454 4455 sumus,
3484 4389 3693 4444 Naxum

425 4471 660 4539 Ναξίαν,
693 4473 754 4539 ἐξ
779 4471 847 4546 ἧς
868 4476 918 4528 οί
947 4477 1046 4544 τὴν
1081 4477 1306 4547 Κρήτην
1333 4476 1612 4541 οἰκοῦντες
1639 4477 1838 4551 φόρους
1867 4477 2008 4548 λαμ-

2115 4479 2363 4546 nomine,
2409 4477 2770 4534 Cretensibus
2818 4478 3188 4533 tributariam.
3219 4480 3279 4534 ln
3303 4496 3422 4534 eam
3446 4487 3571 4536 cum
3595 4498 3694 4553 ap-

428 4564 684 4619 6évouatv
705 4580 719 4595 ⁶
751 4569 810 4619 ἐν
845 4560 880 4641 ᾗ
916 4568 1228 4637 γενομένων
1258 4568 1417 4640 ήμῶν
1452 4571 1501 4623 oi
1523 4570 1641 4623 κατ’
1670 4570 1838 4642 αὐτὴν
1861 4569 2012 4633 ὄντες

425 4654 628 4726 ἄνδρες
661 4657 858 4728 δώροις
889 4660 1013 4723 τοὺς
1047 4661 1326 4730 ἀρχηγοὺς
1367 4661 1672 4731 ἠμείψαντο
1703 4664 1812 4716 τῶν
1844 4663 2009 4734 νηῶν,

424 4740 510 4810 οἷς
543 4748 780 4818 μάλιστα
827 4749 1045 4805 ἐδόκουν
1092 4753 1292 4815 αὐτοὺς
1335 4753 1532 4816 ἐνδεῶς
1561 4754 1708 4824 ,ἔχειν
1747 4754 1882 4823 πρὸς
1914 4754 2012 4825 τὴν

421 4840 526 4895 τοῦ
578 4841 742 4909 πλοὸς
797 4845 1014 4916 χρείαν.
1064 4843 1213 4914 Πλὴν
1245 4845 1408 4898 κάκεῖ
1458 4844 1552 4898 δύο
1601 4845 1769 4916 μόνας
1800 4845 2014 4916 ἡμέρας

427 4936 864 5007 προσμείναντες
903 4938 1260 5009 κατηγόμεοα
1295 4937 1394 5008 τὴν
1421 4939 1513 4992 ἐπὶ
1548 4940 1776 5010 Κρήτην
1800 4938 2011 5006 (ἐκάλει

425 5029 542 5098 γάρ
571 5032 719 5100 ἡμᾶς
772 5031 1080 5102 ἐπιτήδειον
1112 5030 1381 5104 πνεῦμα),
1433 5031 1538 5096 ἐως
1579 5033 1903 5102 κατήραμεν
1955 5029 2013 5084 ἐν

424 5135 536 5175 τινι
583 5122 738 5195 τόπῳ
790 5123 1098 5195 Ζωντάριον
1125 5123 1172 5156 ⁸⁷
1235 5124 1335 5194 μὲν
1385 5124 1538 5194 παρά
1582 5121 1692 5175 τῶν
1729 5122 2011 5192 ἐγχωρίων

423 5211 818 5287 ὀνομαζομένῳ
843 5213 910 5282 ³⁸,
972 5215 1318 5287 ἀντιστρόφῳ
1366 5215 1423 5268 δὲ
1478 5217 1610 5286 ἡμῖν
1667 5217 1735 5285 τῇ
1784 5214 2014 5286 ἀληθείᾳ

424 5306 845 5378 γνωριζομένην
872 5307 1103 5370 πολλοὺς
1128 5308 1238 5379 γάρ
1269 5307 1331 5360 τὸ
1359 5309 1668 5377 Ζωντάριον
1705 5309 1882 5361 ἐκεῖνο
1908 5305 2012 5376 τῆς

430 5397 534 5469 μὲν
561 5398 706 5471 ζωῆς
731 5401 1098 5472 ἀπεστέρησε,
1119 5399 1199 5472 τῷ
1231 5401 1448 5468 θανάτῳ
1471 5401 1528 5454 δὲ
1563 5399 1867 5471 προύδωκε.
1905 5401 2006 5456 Διὰ

427 5489 542 5560 γὰρ
569 5489 633 5543 τὸ
661 5491 737 5563 μὴ
766 5491 866 5563 τὴν
894 5493 1004 5547 ἀπὸ
1027 5491 1182 5546 τοῦ³⁹
1222 5493 1376 5547 νότου
1410 5493 1504 5546 καὶ
1529 5491 1624 5547 τοῦ
1650 5491 1800 5556 λιϐὸς
1828 5491 2004 5546 δεδιέ-

2118 4569 2472 4639 pulissemus,
2512 4569 2750 4624 insulani
2795 4571 3122 4632 muneribus
3165 4580 3222 4626 et
3251 4571 3432 4637 donis,
3478 4574 3547 4628 iis
3578 4590 3696 4628 ma-

2120 4661 2266 4715 xime
2303 4661 2508 4730 quibus
2558 4661 2615 4714 in
2662 4675 2820 4714 usum
2862 4661 3231 4731 navigationis
3272 4662 3522 4735 indigere
3552 4665 3694 4720 scie-

2119 4752 2273 4816 bant,
2306 4753 2612 4807 navarcbos
2635 4753 3000 4823 accipiebant.
3051 4754 3132 4808 lbi
3165 4755 3306 4810 duos
3335 4757 3454 4813 dies
3497 4759 3696 4815 immo-

2121 4846 2228 4899 rati
2257 4860 2451 4920 versus
2482 4845 2702 4901 Cretam
2733 4861 2959 4902 cursum
3002 4847 3345 4904 intendimus
3379 4866 3393 4902 :
3427 4849 3696 4904 invitabat

2114 4938 2265 4994 enim
2316 4937 2753 4993 secundissimus
2799 4948 3019 5006 ventus,
3063 4939 3244 4996 donec
3290 4941 3359 4996 ad
3400 4940 3582 4997 locum
3615 4943 3696 4996 sic

2111 5030 2312 5086 incolis
2358 5029 2569 5085 dictum
2621 5029 2939 5086 Zontarium
2985 5031 3074 5103 (ac
3119 5033 3165 5087 si
3201 5032 3484 5093 Vivarium
3515 5033 3692 5099 dicas)

2109 5121 2388 5186 venimus,
2443 5118 2540 5174 sed
2594 5121 2875 5175 contraria
2925 5120 3087 5175 nobis
3126 5121 3362 5175 veritate
3422 5123 3691 5193 agnitum.

2112 5212 2204 5270 Sic
2227 5212 2377 5269 enim
2407 5228 2438 5268 a
2469 5213 2582 5268 vita
2606 5213 2791 5270 dictus
2819 5215 2976 5270 locus
3009 5214 3215 5270 multos
3236 5214 3403 5286 584
3443 5225 3693 5271 nostrum

2113 5307 2227 5362 vita
2261 5318 2547 5377 exemptos
2576 5307 2740 5362 morti
2771 5306 3018 5362 tradidit.
3077 5307 3217 5362 Dum
3251 5308 3402 5362 enim
3445 5309 3514 5363 ad
3563 5323 3690 5369 eum

2113 5399 2451 5469 applicantes
2477 5413 2506 5453 a
2527 5407 2659 5454 noto
2688 5408 2746 5454 et
2769 5399 2942 5455 africo
2972 5399 3078 5455 sibi
3103 5414 3299 5455 noxam
3333 5413 3446 5453 non
3476 5399 3692 5459 timent.

2114 5490 2174 5545 in
2200 5505 2268 5546 eo
2295 5506 2459 5561 quam
2483 5491 2537 5546 in
2561 5492 2715 5547 urbis
2737 5492 2915 5546 navali
2954 5493 3012 5548 in
3041 5493 3263 5549 ancoris
3287 5499 3433 5548 stare
3462 5490 3694 5547 Barbari

1731 5606 1966 5664 VARIE
1993 5605 2400 5665 LECTIONES.

507 5723 554 5758 ³³
585 5724 650 5801 ἐν
679 5739 808 5801 om._
827 5726 894 5801 .5.
971 5727 1018 5760 “
1047 5727 1377 5801 ἀνεδυνᾴμου
1407 5725 1469 5784 Ρ.
1545 5726 1592 5760 ³⁸
1617 5743 1680 5798 γε
1703 5725 1812 5783 AP.
1891 5727 1937 5760 ³⁸
1964 5727 2093 5793 τοὺς
2120 5726 2438 5800 Βαρϐάρους
2460 5728 2524 5783 Α.
2606 5729 2661 5801 ³⁷,
2681 5728 3003 5801 Ζωνταρίων
3031 5733 3103 5796 A“.

435 5793 482 5828 ⁸⁸
518 5795 615 5848 τοῦ
640 5811 750 5851 oni.
785 5795 894 5853 AP.

3183 5731 3226 5764 ³⁸
3249 5727 3612 5800 όνομασμένῳ
3639 5728 3698 5786 Ρ.
