4094 6418
439 275 544 337 623

1654 269 1994 329 JOANNES
2034 271 2477 330 CAMENIATA

3606 278 3714 342 62$

436 386 698 437 maluere.
723 379 843 446 Quo
867 394 994 434 cum
1024 378 1331 442 venissent,
1370 386 1751 446 cognoverunt
1790 377 2002 432 Creten

2127 393 2214 432 ναι
2261 378 2468 450 βλάϐην
2520 380 2646 442 τοὺς
2709 381 2764 430 ἐν
2829 381 2977 450 αὐτῷ
3029 381 3555 455 καθορμιζομένους,
3612 390 3712 459 τὴν

434 487 522 527 ses
560 488 572 525 :
626 487 656 524 a
684 470 822 524 mari
864 470 1012 523 enim
1041 469 1233 537 procul
1263 483 1365 522 nos
1391 468 1821 536 prospiciebant,
1855 478 2018 538 atque

435 563 810 616 Romanorum
846 559 1080 614 classem
1113 557 1377 612 invadere
1424 556 1660 611 insulam
1703 558 2017 627 deprehen-

429 653 579 709 disse
621 667 680 707 se
716 650 1006 720 putabant.
1056 648 1177 714 Quo
1223 658 1279 703 et
1322 658 1473 704 metu
1519 649 1808 704 conterriti
1864 656 2015 714 sunt,

432 744 581 814 quod
607 743 675 797 ad
707 743 915 797 bellum
957 741 1212 811 imparati
1235 750 1410 795 erant.
1463 741 1824 796 Postmodum
1857 742 2019 796 nobis

431 834 1009 906 appropinquantibus
1049 874 1063 900 ,
1120 834 1291 905 signis
1336 835 1559 890 navium
1611 835 1812 905 agnitis
1841 875 1856 899 ,
1890 852 2016 890 cum

432 942 632 996 magno
666 927 868 998 gaudio
920 941 1050 981 suos
1103 926 1462 995 accipientes,
1516 934 1580 981 ac
1619 927 1770 981 velut
1798 942 2015 981 morum

429 1018 767 1074 commercio
798 1018 1053 1088 genuinae
1094 1017 1238 1071 inter
1273 1032 1331 1071 se
1365 1017 1625 1072 amicitias
1677 1034 1838 1073 usum
1863 1034 2016 1073 eom-

428 1117 826 1176 monstrantes,
853 1110 921 1164 ad
943 1109 1125 1163 locum
1159 1119 1548 1166 accesserunt:
1587 1125 1808 1181 semper
1841 1112 2013 1178 enim,

429 1213 493 1260 ut
517 1203 813 1274 proverbio
841 1202 1040 1267 fertur,
1084 1201 1264 1256 simile
1303 1202 1370 1256 ad
1400 1201 1508 1256 sibi
1537 1202 1716 1257 simile
1745 1204 2012 1258 accurrit.

429 1294 588 1349 Tunc
617 1296 802 1364 itaque
852 1295 1093 1364 primum
1151 1293 1377 1348 Barbari
1413 1309 1626 1358 omnes,
1651 1310 1920 1350 exscensu
1947 1311 2016 1351 ex

424 1387 664 1442 navibus
693 1387 746 1440 in
779 1386 935 1442 littus
973 1386 1157 1450 etl‘usi,
1194 1401 1298 1441 nos
1343 1402 1564 1456 quoque
1607 1403 1636 1442 a
1690 1396 1894 1442 mutua'
1922 1389 2014 1442 illa

427 1477 839 1546 compressione
892 1475 1176 1546 paululum
1213 1475 1443 1530 relaxari
1496 1475 1777 1539 siverunt,
1814 1493 2016 1547 suppe-

427 1569 596 1624 ditata
629 1585 850 1638 quoque
883 1584 1153 1639 aquarum
1201 1569 1380 1637 c0pia,
1410 1584 1530 1637 qua:
1573 1569 1759 1623 multa:
1806 1569 2010 1626 ibidem

425 1661 650 1731 irrigua:
677 1661 732 1714 in
756 1661 928 1717 maris
956 1676 1015 1715 se
1041 1661 1218 1714 undas
1250 1660 1537 1714 aﬂluenter
1572 1668 1896 1714 exonerant.
1945 1661 2014 1716 Et

2125 470 2260 538 πρὸς
2288 471 2449 526 αὐτὸν
2478 471 2761 542 διατριϐὴν
2792 475 2885 527 τοῦ
2918 479 3268 548 ναυστάθμου
3290 482 3389 550 τῆς
3424 480 3636 545 πόλεως
3660 473 3728 536 et"

2122 564 2397 636 Βάρϐαροι
2422 568 2874 636 προκεκρίκασιν.
2909 568 2996 634 Ὠς
3017 571 3110 624 οὖν
3138 574 3514 644 κατήχθημεν,
3539 574 3710 645 ἔγνων

2121 656 2168 707 οἱ
2196 658 2410 726 Κρῆτες
2446 656 2764 728 (προεώρων
2794 660 2904 730 γὰρ
2948 665 3096 732 ἡμᾶς
3147 665 3246 734 τῆς
3290 666 3568 737 θαλάσσης
3602 687 3710 738 μα-

2121 748 2362 818 κρόθεν),
2403 751 2496 803 καὶ
2525 752 2760 821 ¹πρῶτον
2809 754 2916 806 τῶν
2977 755 3266 827 Ῥωμαίων
3289 758 3335 789 ¹⁶⁰
3371 759 3462 814 τὸν
3521 762 3708 816 στόλον

2119 841 2413 911 ἐφώρασαν
2443 844 2771 914 ἐπέρχεσθαι
2806 849 2872 918 τῇ
2905 847 3074 918 νήσῳ,
3120 849 3179 913 ἐξ
3217 844 3278 903 οὗ
3312 851 3404 904 καὶ
3435 853 3706 923 περιδεεῖς

2118 932 2366 998 ἐγένοντο
2391 933 2480 986 διὰ
2511 935 2572 987 τὸ
2599 935 2674 1007 μὴ
2699 941 3258 1009 προπαρεσκευάσθαι
3283 944 3420 1014 πρὸς
3445 947 3701 1018 πόλεμον.

2123 1024 2354 1078 Ἔπειτα
2384 1027 2694 1096 γενομένων
2741 1030 2900 1099 ἡμῶν
2929 1032 3184 1100 ἐγγύθεν,
3222 1035 3411 1106 ἐπειδὴ
3457 1037 3702 1107 ἐπέγνων

2117 1116 2241 1170 τινὰ
2274 1119 2633 1189 γνωρίσματα
2680 1122 2790 1174 τῶν
2829 1125 2996 1194 νηῶν,
3034 1127 3354 1195 πεφθάκασι
3401 1130 3494 1183 τὸν
3538 1132 3703 1185 τόπον

2122 1209 2260 1277 μετὰ
2282 1209 2484 1279 πολλῆς
2511 1211 2778 1282 θυμηδίας
2801 1215 2926 1278 τοὺς
2948 1217 3085 1286 ἀμφ’
3115 1219 3313 1280 αὐτοὺς
3341 1221 3700 1292 δεξιούμενοι,

2119 1299 2213 1352 καὶ
2241 1298 2432 1372 ὥσπερ
2475 1306 2542 1374 τῇ
2579 1309 2837 1378 κοινωνίᾳ
2861 1307 2970 1360 τῶν
3005 1309 3224 1379 τρόπων
3256 1310 3318 1363 τὸ
3354 1314 3576 1384 γνήσιον
3601 1317 3704 1386 τῆς

2118 1391 2254 1463 πρὸς
2291 1393 2558 1463 ἀλλήλους
2597 1397 2835 1467 στοργῆς
2872 1399 3316 1472 ἐνδεικνύμενοι·
3346 1405 3432 1457 ἀεὶ
3468 1406 3600 1477 γὰρ,
3626 1409 3702 1473 ὼς

2116 1480 2292 1551 λόγος,
2319 1486 2380 1538 τὸ
2410 1488 2596 1557 ὅμοιον
2621 1489 2698 1559 τῷ
2723 1491 2891 1561 ὁμοίῳ
2920 1495 3266 1565 προστρέχει.
3294 1498 3427 1551 Τότε
3461 1500 3525 1570 δὴ
3553 1501 3704 1571 πρῶο

2117 1592 2207 1627 τον
2234 1577 2474 1640 ἅπαντες
2504 1580 2607 1632 τῶν
2639 1582 2783 1651 νηῶν
2823 1583 3050 1653 ἐξῆλθον
3081 1587 3129 1638 oi
3165 1588 3466 1659 Βάρϐαροι,
3498 1594 3592 1645 καί
3624 1611 3706 1646 τι-

2117 1685 2207 1731 νος
2231 1670 2376 1739 ἡμᾶς
2399 1670 2442 1701 “
2465 1674 2652 1742 τυχεῖν
2683 1673 2924 1738 ἀνέσεως
2953 1675 3054 1746 τῆς
3083 1679 3140 1731 ἐν
3165 1680 3420 1751 ἀλλήλοις
3439 1699 3703 1755 στενοχω-

424 1754 505 1809 sic
541 1761 655 1807 tota
683 1768 748 1808 ea
771 1762 932 1808 nocte
964 1768 993 1807 a
1033 1752 1316 1808 continuis
1351 1752 1540 1806 refecti
1563 1751 1866 1816 laboribus,
1891 1753 2002 1807 exi-

2117 1761 2238 1830 ρίας
2271 1761 2533 1831 ἠξίωσαν,
2569 1765 2881 1832 μετέδωκαν
2914 1767 2969 1820 δὲ
2996 1770 3090 1822 καὶ
3118 1772 3224 1824 τῶν
3258 1776 3397 1827 κατὰ
3421 1775 3512 1827 τὸν
3535 1779 3700 1831 τόπον

423 1844 784 1900 stimabamus
813 1844 1067 1914 sequenti
1121 1845 1242 1899 luce
1290 1844 1572 1898 mitiorum
1613 1859 1712 1898 nos
1742 1845 2010 1914 tantisper

421 1937 720 2007 potituros,
745 1937 894 2007 quod
921 1937 1076 1993 dives
1099 1938 1272 1992 insula
1300 1939 1574 2006 rebusque
1602 1939 1669 1992 ad
1698 1939 1821 1992 vitm
1844 1955 2006 1994 usum

421 2029 749 2084 necessariis
777 2029 1181 2084 confertissima
1211 2036 1376 2084 esset.
1397 2029 1597 2084 Verum
1619 2031 2006 2086 nesciebamus

422 2121 705 2189 prioribus
736 2135 892 2189 atque
927 2120 1108 2184 malis,
1147 2135 1247 2174 seu
1278 2120 1444 2174 etiam
1478 2120 1878 2185 acerbioribus,
1923 2121 2008 2174 di-

420 2210 720 2275 vexandos,
763 2218 1169 2280 proptereaque
1205 2209 1314 2264 illis
1347 2210 1524 2279 accipi
1551 2219 1612 2265 ut
1642 2225 1740 2280 per
1764 2225 1826 2265 ea
1854 2219 2006 2267 atro-

419 2301 664 2356 cioribus
697 2301 819 2356 istis
842 2316 1329 2356 conservaremur.
1907 2358 1914 2368 ,

419 2394 557 2465 αὐτῇ
607 2393 718 2446 τῶν
770 2394 963 2464 πρώην
993 2393 1202 2464 ὁμιλεῖν
1255 2393 1601 2464 χαλεποῖς,ἢ
1648 2393 1743 2450 καὶ
1772 2395 2004 2467 χείροσι,

417 2487 647 2540 ἐκείνων
671 2486 717 2516 ⁸³
741 2487 952 2548 τούτοις
983 2484 1435 2556 συντηρηθῶμεν.

491 2583 579 2636 7l.
621 2582 739 2636 Jam
767 2581 915 2637 enim
946 2581 1229 2650 dissipatis
1277 2581 1458 2636 noctis
1485 2582 1750 2647 tenebris,
1784 2597 1848 2638 ac
1878 2599 2003 2638 cum

417 2674 559 2729 lueis
588 2673 896 2745 fulgoribus
913 2673 1076 2744 585
1098 2683 1349 2728 exortum
1377 2690 1538 2730 mane
1564 2675 1999 2744 splendesceret,

418 2759 704 2822 Dominica
741 2767 954 2821 scilicet
1000 2766 1354 2821 illucescente
1382 2809 1395 2833 ,
1450 2767 1694 2822 ululatus
1722 2769 1777 2822 in
1807 2769 2001 2838 quavis

418 2858 545 2911 navi
580 2856 783 2922 audiri,
809 2856 1066 2912 Barbaris
1095 2857 1245 2911 velut
1269 2865 1478 2928 gratam
1500 2858 1794 2926 quamdam
1821 2874 1886 2913 ac
1906 2860 1999 2917 lae-

421 2957 530 3003 tam
556 2961 748 3001 vocem
787 2945 902 3016 pari
935 2946 1346 3016 conspiratione
1383 2946 1679 3001 edentibus
1701 2947 1994 3018 cymbalis-

419 3055 526 3109 que
551 3037 1050 3109 perstrepentibus,
1099 3047 1158 3093 ut
1199 3039 1358 3093 locus
1381 3038 1473 3092 ille
1507 3047 1656 3093 totus
1692 3039 1914 3093 concuti
1944 3047 2001 3094 et

417 3131 674 3186 clamoris
700 3131 916 3200 fragore
953 3129 1165 3184 turbari
1215 3129 1518 3185 videretur.
1556 3130 1694 3184 Tum
1736 3141 1861 3200 post
1914 3133 2000 3186 in-

2115 1852 2321 1906 ὑδάτων
2355 1853 2565 1908 πολλῶν
2591 1856 2762 1911 ὅντων
2806 1861 2899 1913 καὶ
2938 1861 3192 1930 ἀφθόνως
3220 1868 3333 1928 τοῖς
3364 1866 3572 1938 κύμασι
3599 1871 3698 1938 τῆς

2115 1938 2393 2012 θαλάσσης
2423 1945 2789 2016 ἐπιρρεόντων
2811 1950 2878 2003 δ’.
2913 1950 3022 2003 Καὶ
3060 1951 3205 2006 οὕτω
3244 1954 3341 2026 τὴν
3374 1957 3546 2011 νύκτα
3590 1961 3698 2014 πᾶ-

2115 2048 2213 2084 σαν
2264 2034 2372 2086 τῶν
2428 2037 2669 2107 συνεχῶν
2722 2042 3008 2107 ἀνεθέντες
3066 2046 3247 2100 πόνων
3291 2049 3585 2120 ἐδοκοῦμεν
3630 2055 3698 2124 τῇ

2110 2123 2240 2194 ἑξῆς
2259 2130 2522 2196 χρηστοτέ
2532 2147 2639 2200 ρων
2658 2133 2820 2185 τινῶν
2843 2140 3155 2207 μετασχεῖν,
3186 2140 3280 2193 am
3310 2123 3701 2215 πεπληθυσμέ4

2110 2234 2210 2285 νης
2261 2219 2305 2249 ⁸³
2359 2218 2528 2291 οὔσης
2574 2225 2674 2294 τῆς
2721 2226 2886 2296 νήσου
2941 2229 3034 2282 καὶ
3076 2230 3279 2301 πολλὴν
3327 2233 3559 2304 ἐχούσης
3589 2235 3699 2288 τῶν

2113 2309 2311 2378 χρειῶν
2352 2311 2656 2382 δαψίλειαν.
2690 2318 2807 2371 Οὐκ
2847 2319 3072 2391 ᾔδειμεν
3100 2322 3157 2376 δὲ
3197 2325 3602 2396 παραπλησίοις
3638 2328 3698 2379 ἐν

2042 2397 2136 2452 καὶ
2165 2401 2256 2456 διὰ
2287 2404 2463 2460 ταῦτά
2489 2423 2555 2476 γε
2601 2409 2804 2480 μᾶλλον
2842 2412 3027 2468 ἐκεῖνα
3068 2415 3317 2486 πάσχειν,
3385 2419 3461 2481 ὡς
3526 2419 3590 2472 ἃν
3631 2415 3698 2472 δι’

2184 2583 2284 2653 ogt'.
2325 2585 2462 2656 Ἤδη
2494 2588 2604 2660 γὰρ
2652 2589 2751 2660 τῆς
2805 2597 3126 2667 νυκτερινῆς
3175 2602 3333 2662 σκιᾶς
3382 2602 3702 2658 σκεδασθεί-

2114 2690 2233 2746 σης,
2258 2677 2349 2728 τοῦ
2387 2677 2444 2729 δὲ
2474 2683 2652 2747 φωτὸς
2680 2683 2987 2754 ἀρχομένου
3027 2688 3119 2742 τὸν
3161 2690 3358 2762 ὄρθρον
3393 2696 3697 2751 ἐπανατέλ-

2109 2768 2245 2836 λειν,
2283 2771 2569 2843 Κυριακῆς
2621 2777 2846 2846 ἡμερῶν
2887 2781 3331 2853 ἐπιφωσκούσης,
3377 2787 3696 2860 ἀλαλαγμὸς

2109 2859 2194 2930 ἐφ’
2236 2861 2474 2932 ἑκάστης
2496 2865 2623 2934 νηὸς
2656 2867 2912 2936 ἠκούετο,
2949 2870 3140 2945 ὥσπερ
3172 2876 3295 2928 τινὰ
3328 2875 3548 2948 θυμήρη
3579 2897 3692 2948 φω-

2107 2951 2203 3022 νὴν
2225 2952 2335 3006 τῶν
2359 2955 2664 3027 Βαρϐάρων
2683 2961 3136 3030 συνεπηχούντων
3159 2967 3374 3031 καὶτοῖς
3391 2953 3690 3038 κυμϐάλοις

2109 3046 2485 3109 κτυπούντων,
2541 3049 2616 3112 ὡς
2662 3051 2839 3104 πάντα
2870 3054 3048 3108 δοκεῖν
3088 3057 3358 3113 δονεῖσθαι
3407 3062 3498 3114 τὸν
3525 3063 3690 3118 τόπον

2108 3135 2194 3209 [Ρ.
2226 3137 2356 3210 575]
2388 3141 2636 3213 καὶπρὸς
2669 3145 2764 3215 τὴν
2800 3149 3049 3218 κραυγὴν
3071 3151 3526 3222 ἐκταράττεσθαι.
3558 3153 3688 3212 Εἶτα

417 3223 701 3278 conditum
735 3221 1318 3291 terribilissimumque
1349 3223 1590 3277 sonitum
1623 3223 1844 3278 navium
1863 3239 2002 3280 onus

2111 3232 2246 3300 μετὰ
2296 3231 2394 3304 τὴν
2433 3234 2648 3306 ἄσημον
2708 3239 2928 3310 ἐκείνην
2965 3243 3054 3296 καὶ
3105 3246 3494 3319 φοϐερωτάτην
3553 3250 3692 3322 ἠχὴν

417 3323 581 3384 atque
614 3319 899 3368 vecturam
944 3314 1000 3368 in
1045 3323 1250 3368 terram
1293 3315 1494 3384 ejicere
1525 3325 1837 3384 cmperunt,
1873 3333 2000 3372 cum

417 3408 727 3477 subjectum
759 3407 942 3461 locum
975 3421 1075 3475 pro
1104 3421 1338 3460 numero
1361 3408 1585 3462 navium
1617 3408 1786 3462 certis
1809 3409 2002 3478 spatiis

416 3499 754 3564 divisissent,
787 3515 896 3568 quo
921 3499 1074 3553 navis
1104 3499 1370 3569 cujusque
1399 3514 1560 3564 onus,
1585 3501 1746 3568 quale
1782 3499 2001 3554 tandem

417 3591 550 3646 illud
579 3599 747 3654 esset,
776 3592 1038 3646 distincte
1078 3606 1142 3644 ac
1169 3606 1418 3646 seorsum
1455 3591 1524 3646 ab
1555 3593 1680 3646 aliis
1707 3592 1997 3660 inferrent,

416 3694 479 3738 ut
503 3685 942 3755 uniuscujusque
969 3699 1102 3754 opes
1132 3699 1196 3738 ac
1227 3684 1536 3739 substantia
1583 3684 1723 3755 nihil
1771 3700 2001 3754 prorsus

414 3779 538 3831 aliis
566 3776 850 3830 commista
894 3783 1198 3829 exstarent.
1243 3775 1442 3830 Totum
1471 3777 1638 3846 igitur
1662 3776 1807 3832 diem
1843 3778 1997 3831 illum

412 3870 782 3925 exonerandis
813 3871 1048 3925 navibus
1079 3871 1515 3940 insumpserunt.
1575 3858 1839 3940 Sequenti
1867 3887 1998 3926 vero

411 3964 699 4030 nararchi,
731 3964 837 4034 ipsi
858 3980 1077 4034 quoque
1107 3965 1336 4035 egressi,
1369 3965 1492 4018 aliis
1519 3981 1714 4020 rursus
1747 3966 1996 4034 partibus

413 4066 528 4113 tum
560 4058 907 4128 captivorum
941 4057 1628 4123 multitudinemdivisere,
1651 4066 1764 4111 tum
1791 4059 1996 4128 spolio-

411 4151 850 4220 rum'copiosam
885 4150 1234 4220 amplamque
1278 4166 1539 4216 messem,
1566 4151 1724 4220 cujus
1750 4151 1993 4206 admira-

411 4242 560 4296 tione
610 4242 974 4310 obstupentes
1017 4240 1347 4304 Cretenses,
1394 4241 1484 4296 cui
1535 4241 1790 4311 exemplo
1841 4258 1990 4297 com-

407 4341 607 4405 parent
633 4349 754 4403 qua:
776 4333 848 4387 ob
878 4333 1070 4387 oculos
1115 4333 1293 4401 posita
1327 4341 1508 4398 erant,
1570 4333 1782 4387 nullum
1823 4334 1994 4390 liabe-

405 4426 559 4481 bant.
615 4427 754 4494 Quia
785 4443 918 4482 vero
952 4427 1008 4482 id
1055 4428 1295 4497 primum
1328 4428 1587 4484 Barbaris
1627 4431 1991 4485 constitutum

405 4529 547 4582 erat,
590 4529 650 4573 ut
680 4520 1023 4574 infortunato
1057 4520 1150 4583 illo
1178 4519 1383 4591 populo
1412 4522 1724 4590 commisto,
1755 4524 1849 4592 qui
1877 4523 1991 4578 ullo

405 4608 689 4664 afﬁnitatis
715 4610 842 4680 jure
869 4610 1262 4680 sanguinisque
1303 4612 1710 4668 necessitudine
1746 4612 1987 4667 devincti
2014 4637 2068 4696 D

403 4709 613 4765 essent,
647 4701 740 4755 alii
791 4702 929 4757 alios
967 4701 1153 4757 denuo
1193 4715 1578 4773 agnoscerent,
1629 4716 1761 4760 tunc
1793 4705 1985 4774 utique

403 4795 696 4850 horribilis
725 4795 1107 4867 _turbatusque
1151 4797 1332 4852 audiri
1391 4799 1667 4869 ejulatus,
1727 4800 1988 4856 omnibus

401 4888 556 4943 velut
588 4904 697 4943 uno
728 4904 796 4944 ex
819 4888 970 4944 fonte
997 4890 1362 4961 lacrymarum
1389 4893 1538 4948 rivos
1567 4893 1716 4963 large
1747 4892 1984 4948 funden-

401 4980 574 5044 tibus,
609 4981 1024 5053 identidemque
1057 4984 1499 5049 susurrantibus,
1545 5001 1677 5042 num
1713 5000 1826 5054 quo
1861 4985 1984 5041 loco

401 5069 572 5125 ullius
624 5071 1081 5126 ebarissimorum
1139 5082 1426 5141 compotes
1477 5073 1702 5138 forent,
1749 5074 1985 5130 necillis

400 5169 610 5217 temere
639 5164 1001 5219 constitutum
1044 5175 1262 5234 tempus
1297 5163 1614 5232 inquirendi
1643 5180 1774 5220 suos
1802 5167 1985 5222 elabe-

397 5264 573 5320 retur,
608 5258 920 5328 incertique
940 5250 1231 5314 manererit
1263 5273 1370 5326 qua
1407 5272 1464 5312 se
1509 5273 1605 5327 spe
1651 5260 1982 5316 recreandos

398 5348 565 5421 586
609 5351 718 5406 illis
768 5351 1147 5423 amplcxandis
1203 5351 1564 5419 fruendisque
1605 5368 1704 5420 per
1733 5369 1853 5407 eam
1890 5355 1978 5408 in-

397 5439 735 5511 dulgentiam
767 5443 1196 5498 existimassem.
1252 5441 1576 5498 Circuibant
1610 5443 1826 5499 miserae
1858 5462 1981 5500 mu-

2104 3327 2427 3398 ἐπεχείρουν
2460 3332 2598 3402 πρὸς
2642 3331 2742 3402 τὴν
2782 3335 2890 3405 γῆν
2920 3338 3315 3409 ἁποφορτίζειν
3358 3344 3449 3397 τὸν
3498 3345 3688 3414 γόμον.

2103 3414 2367 3482 διελόντες
2413 3419 2492 3482 είς
2534 3420 2764 3492 μερίδας
2800 3425 2942 3477 κατὰ
2989 3426 3082 3480 τὸν
3127 3429 3365 3501 ἀριθμὸν
3395 3431 3504 3484 τῶν
3546 3433 3692 3501 νηῶν

2103 3509 2194 3561 τὸν
2227 3513 2634 3581 παρακείμενον
2664 3515 2848 3582 τόπον,
2880 3517 3014 3570 ὅπου
3049 3523 3178 3589 μιᾶς
3206 3521 3443 3594 ἑκάστης
3467 3526 3688 3594 φόρτον,

2103 3601 2249 3664 ὅστις
2278 3602 2408 3656 ποτὲ
2438 3600 2528 3674 ἦν,
2557 3604 2902 3676 διῃρημένως
2931 3611 3026 3662 καὶ
3048 3614 3504 3684 ἀποκεκρ·.μένως
3533 3617 3690 3688 ἀλλή-

2103 3691 2210 3744 λων
2241 3692 2645 3764 ἐξεκομίζοντο,
2685 3697 2762 3762 ὼς
2800 3700 2866 3752 ἂν
2901 3701 3074 3772 ἀμιγῆ
3109 3705 3394 3773 τηρεῖσθαι
3424 3705 3522 3776 τὴν
3556 3708 3687 3761 ἐκά-

2103 3800 2237 3854 στης
2282 3788 2599 3855 περιουσίαν
2645 3789 2740 3844 καὶ
2791 3791 2920 3845 τῶν.
2958 3794 3272 3864 προσόντων
3322 3799 3442 3859 ταῖς
3495 3798 3684 3863 ἄλλαις

2101 3876 2382 3940 παντελῶς
2421 3878 2800 3947 ἀνεπίμικτον.
2821 3885 3012 3938 Πᾶσαν
3037 3880 3130 3938 οὖν
3153 3885 3372 3955 ἐκείνην
3395 3891 3686 3948 ἀνάλωσαν

2101 3969 2181 4028 εἰς
2206 3967 2305 4036 τὴν
2332 3969 2646 4041 ἀποσκευὴν
2683 3973 2784 4043 τὴν
2822 3975 3056 4046 ἡμέραν.
3101 3976 3179 4049 Τῇ
3211 3977 3267 4031 δὲ
3295 3980 3422 4050 έξῆξ
3463 3982 3688 4052 ἐξῆλθον

2099 4061 2196 4126 τῆς
2231 4059 2507 4130 θαλάσσης
2537 4064 2583 4114 οἱ
2607 4064 2715 4116 τῶν
2743 4065 2886 4133 νηῶν
2918 4068 3152 4138 ἀρχηγοὶ
3188 4071 3382 4124 διελεῖν
3412 4073 3576 4126 πάλιν
3605 4077 3687 4139 είς

2100 4151 2265 4215 ἄλλας
2293 4154 2517 4224 μερίδας
2539 4156 2599 4208 τό
2629 4174 2688 4210 τε
2708 4157 2910 4228 πλῆθος
2940 4161 3050 4214 τῶν
3073 4161 3435 4232 αἰχμαλώτων
3465 4167 3558 4219 καὶ
3585 4167 3683 4234 τὴν

2101 4245 2300 4317 πολλὴν
2339 4247 2449 4301 τῶν
2483 4249 2694 4304 σκύλων
2732 4251 2884 4323 ὕλην,
2923 4249 2990 4327 ἧς
3019 4255 3299 4320 ἐξίσταντο
3339 4257 3437 4327 τὴν
3470 4259 3680 4328 πληθὺν

2096 4338 2144 4390 οί
2178 4339 2419 4409 Κρῆτες,
2453 4340 2628 4395 οὐδενὶ
2675 4345 3084 4416 παραδείγματι
3114 4347 3429 4417 συγκρίνειν
3462 4347 3680 4420 ἔχοντες

2095 4431 2162 4483 τὰ
2198 4431 2529 4503 βλεπόμενα.
2579 4435 2796 4506 Ἐπειδὴ
2849 4438 2906 4490 δὲ
2934 4439 3094 4493 τοῦτο
3129 4441 3346 4511 πρῶτον
3388 4441 3536 4517 ἔδοξε
3569 4446 3682 4508 τοῖς

2095 4523 2428 4594 Βαρϐάροις,
2460 4526 2834 4597 ἀναμιχθῆναι
2893 4530 3003 4585 τῶν
3035 4532 3314 4603 δυστυχῶν
3345 4534 3437 4586 τὸν
3486 4534 3682 4604 δῆμον,
3717 4571 3721 4606 ε

2095 4615 2244 4677 ὅπως
2269 4617 2312 4648 ⁸⁵
2347 4616 2439 4670 τὸν
2471 4619 2890 4691 άναγνωρισμδν
2928 4623 3024 4676 καὶ
3069 4624 3227 4689 αὖθις
3279 4626 3328 4680 οἱ
3363 4628 3684 4696 συγγενείας
3719 4615 3721 4622 ’

2093 4707 2241 4769 τινὸς
2280 4707 2602 4778 μετέχοντες
2636 4713 2694 4766 ἐν
2743 4713 2994 4783 ἀλλήλοις
3049 4718 3390 4786 ποιήσονται,
3443 4717 3564 4770 τότε
3616 4718 3679 4785 δὴ

2094 4799 2326 4868 φοϐερός
2355 4819 2440 4864 τις
2467 4803 2698 4874 ἠκούετο
2745 4807 2840 4860 καὶ
2868 4806 3191 4878 ταραχώδης
3224 4809 3421 4881 θρῆνος
3463 4811 3678 4863 πάντων

2093 4892 2168 4954 ὼς
2216 4893 2325 4946 ἀπὸ
2358 4896 2490 4965 μιᾶς
2519 4897 2705 4968 πηγῆς
2752 4899 3024 4968 ἀφιέντων
3071 4902 3199 4965 τοὺς
3255 4903 3518 4972 κρουνοὺς
3570 4901 3678 4956 τῶν

2091 4985 2362 5057 δακρύων,
2417 4991 2513 5044 καὶ
2572 4991 2988 5061 θρυλουμένων,
3044 4993 3099 5047 εί
3163 4995 3267 5047 πού
3317 5011 3464 5059 τινος
3523 4995 3681 5048 εὐτυ-

2093 5083 2314 5152 χήσοιεν
2337 5084 2382 5114 “
2407 5083 2516 5138 τῶν
2543 5085 2836 5153 φιλτάτων,
2871 5088 2964 5139 καὶ
2993 5087 3070 5157 μὴ
3096 5086 3236 5159 λάθῃ
3267 5086 3613 5157 παρελθοῦσα
3644 5089 3676 5156 ἡ

2095 5175 2406 5246 προθεσμία
2432 5178 2534 5248 τῆς
2563 5181 2904 5250 ἀνευρέσεως
2939 5181 3031 5234 καὶ
3058 5181 3285 5250 μείωσιν
3308 5180 3353 5213 ¹⁵⁷
3384 5179 3470 5233 ἐπ’
3497 5180 3680 5234 οὐδενὶ

2091 5269 2297 5338 βεϐαίῳ
2342 5267 2438 5339 τὴν
2492 5272 2620 5342 περὶ
2669 5272 2869 5336 αὐτοὺς
2919 5273 3286 5343 ψυχαγωγίαν
3329 5272 3675 5334 ἐλπίσαντες.

2095 5362 2464 5432 Περιήρχοντο
2517 5363 2677 5416 οὖνδδ
2734 5366 2860 5419 ai"
2912 5365 3196 5437 δυστυχεῖς
3245 5367 3524 5434 γυναῖκες,
3577 5367 3678 5427 τὰς

2092 5454 2267 5522 κόμας
2299 5454 2518 5523 ἔχουσαι
2551 5455 2871 5526 λελυμένας,
2917 5459 3195 5529 πανταχοῦ
3239 5458 3676 5528 περισκοποῦσαι

1716 5559 1951 5616 VARI!)
1987 5564 2391 5626 LECTIONES.

467 5645 942 5722 ιἦτον-Ῥωμαῖον
975 5653 1039 5705 Α.
1120 5653 1159 5684 ⁸¹
1193 5653 1324 5722 ἡμῖν
1347 5652 1412 5722 Γ.

405 5715 441 5743 ’⁸
474 5715 819 5788 εὐτυχήσειεν
859 5720 916 5773 Ρ.
998 5722 1042 5754 ⁸⁷
1076 5715 1311 5793 μένωσιν
1343 5721 1403 5775 Ρ.

1492 5652 1535 5683 δ’
1571 5671 1634 5726 πε
1647 5656 1970 5726 ριρρεόντων
2001 5661 2061 5716 Α.

1481 5724 1526 5758 ⁴³
1550 5725 1678 5790 γοῦν
1705 5724 1773 5778 Α.
1851 5727 1896 5758 “9
1924 5733 1977 5782 αἱ
2011 5748 2121 5786 om.
2164 5734 2219 5786 l’.

2165 5663 2210 5735 ﬁ”
2245 5663 2633 5735 πεπλησμένης
2658 5666 2714 5720 Ρ.
2815 5668 2858 5698 ⁸⁸
2879 5669 2945 5720 δι’
2974 5672 3156 5724 ἐκεῖνα
3187 5668 3249 5722 Ρ.
3329 5670 3373 5706 ⁵⁸
3402 5669 3573 5730 οὕτως
3598 5664 3664 5721 Α·
