4094 6434
349 416 456 478 625

1446 413 1544 473 DE
1577 412 1892 472 EXCIDIO
1923 413 2532 476 THESSALONICE.

3530 410 3634 473 623

349 529 446 582 καὶ
492 524 816 596 διαϐρόχους
863 521 988 586 τοὺς
1031 523 1348 593 ὀφθαλμοὺς
1391 524 1778 594 περιάγουσαν..
1832 526 1934 578 τίνι

2063 526 2224 591 ieres,
2255 527 2468 597 capillis
2497 524 2803 590 dissolutis,
2833 540 3280 595 quaquaversum
3301 523 3633 595 circumspi-

347 619 460 671 τῶν
516 617 724 671 τέκνων
774 615 994 686 πρῶτον
1045 615 1368 686 ἐντύχωσιν.
1424 617 1485 670 Οἱ
1524 616 1582 670 δὲ
1629 615 1693 687 δὴ
1725 615 1935 683 παῖδες,

347 715 468 765 ὅσοι
494 709 564 763 τὰ
591 707 744 762 δεινὰ
773 707 871 778 τῆς
897 707 1175 779 θαλάσσης
1206 706 1486 776 διέφυγον,
1511 707 1768 781 καθάπερ
1791 709 1937 774 τινὲς

353 804 554 856 ἁπαλοὶ
589 803 780 872 μόσχοι
810 801 1006 872 γοερὸν
1027 801 1074 833 ⁸ο
1113 801 1394 872 μυκῶνται
1431 801 1531 872 τῆς
1564 801 1736 872 θηλῆς
1770 804 1939 872 ἀφαι-

354 897 637 967 ρούμενοι,
669 893 814 947 οὕτω
841 893 906 960 δὴ
937 894 1030 946 καὶ
1060 884 1207 946 οὗτοι
1242 893 1476 947 ἐλεεινόν
1515 911 1567 948 τι
1597 894 1692 948 καὶ
1723 913 1944 966 συμπα-

351 987 445 1052 θὲς
477 984 936 1057 ἐκλαυθμύριζον,
970 984 1132 1049 ἄλλος
1169 985 1290 1040 κατ’
1324 985 1452 1041 ἄλλο
1491 985 1658 1058 μέρος
1701 988 1800 1057 τῆς
1828 987 1943 1040 δια-

354 1080 570 1149 σπορᾶς
617 1079 839 1148 ἐκείνης
872 1079 1156 1149 γενόμενοι
1196 1079 1290 1132 καὶ
1324 1078 1423 1142 τὰς
1459 1079 1703 1151 μητέρας
1733 1083 1942 1136 ἀνακα-

353 1170 644 1241 λούμενον
695 1166 780 1235 οἷς
841 1173 938 1225 καὶ
1006 1172 1504 1241 περιτυγχάνουσαι
1567 1171 1829 1238 πολλάκις
1887 1175 1940 1226 αἱ

353 1264 594 1318 δείλαιαι
630 1264 868 1334 μητέρες
909 1264 1010 1335 τὴν
1054 1264 1294 1333 φυσικὴν
1323 1265 1542 1320 ἐκένουν
1561 1266 1601 1298 ⁵⁸
1640 1266 1728 1319 ἐπ’
1759 1267 1944 1328 αὐτοῖς

355 1357 730 1428 συμπάθειαν,
765 1356 1237 1427 περιπλεκόμεναι
1262 1359 1375 1418 τοῖς
1397 1356 1590 1426 αύχέσι
1627 1357 1720 1410 καὶ
1765 1357 1942 1411 πάντα

353 1447 547 1501 αὐτῶν
580 1447 983 1516 καταφιλοῦσαι
1017 1447 1085 1500 τά
1126 1447 1261 1518 μέλη
1294 1447 1388 1501 καὶ
1433 1447 1664 1519 δάκρυσι
1708 1449 1944 1503 πλύνου-

357 1555 474 1603 σαι,
516 1537 674 1592 τοῦτο
707 1539 869 1607 μόνον
908 1537 1214 1610 ἡγούμεναι
1249 1537 1388 1609 μέγα
1411 1557 1461 1592 τι
1499 1541 1594 1592 καὶ
1627 1540 1945 1611 θαυμαστὸν

354 1629 436 1694 ὡς
470 1633 529 1684 ἐν
558 1629 752 1693 δεινοῖς
794 1630 1170 1701 παρηγόρημα
1211 1631 1271 1683 τὸ
1311 1631 1442 1702 παρ’
1475 1631 1666 1686 ἐλπίδα
1703 1634 1943 1704 σωθῆναι

359 1722 460 1777 καὶ
493 1721 704 1786 ζῶντας
728 1723 923 1785 αὑταῖς
950 1723 1044 1775 καὶ
1072 1718 1230 1786 αὖθις
1268 1724 1394 1786 τοὺς
1421 1724 1710 1792 φιλτάτους
1745 1727 1944 1780 ἀποδο-

362 1816 550 1887 θῆναι.
597 1815 762 1869 Ἀλλά
793 1817 967 1870 ταῦτα
997 1805 1102 1886 μὲν
1129 1817 1222 1870 ἐπὶ
1241 1819 1362 1881 ταῖς
1389 1814 1644 1888 ἐχούσαις
1671 1821 1728 1873 ἐν
1755 1822 1944 1891 χερσὶν

360 1909 464 1978 ήδη
493 1909 619 1970 τοὺς
646 1908 845 1972 παῖδας
881 1910 975 1961 καὶ
1016 1909 1078 1961 τὸ
1111 1909 1234 1963 κατ’
1261 1910 1458 1972 αὐτοὺς
1488 1912 1728 1980 ἀσφαλὲς
1759 1915 1822 1966 ἐκ
1848 1915 1947 1985 τῆς
1974 1893 2023 1952 Β

362 2002 564 2072 πείρας
588 2001 760 2071 αὐτῆς
795 2002 1195 2072 γνωριζούσαις
1214 2019 1227 2032 ο
1260 2004 1312 2056 τί
1333 2003 1376 2056 δ’
1405 2004 1470 2058 ἂν
1511 2004 1722 2075 εἴποιμι
1747 2007 1792 2038 ⁸³
1818 2008 1947 2078 περὶ

362 2093 475 2147 τῶν
520 2093 719 2160 ἄλλων,
749 2087 824 2147 ὧν
858 2094 980 2148 καθ’
1014 2093 1223 2149 ὑδάτων
1257 2095 1326 2150 τά
1372 2097 1548 2169 βρέφη
1580 2098 1800 2152 διόλωλε
1850 2102 1948 2154 καὶ

364 2186 564 2257 ἄδηλον
591 2182 661 2258 ἦν
721 2187 910 2251 αὐταῖς
974 2188 1036 2241 τδ
1095 2188 1332 2257 συμϐὰν,
1385 2190 1502 2253 πῶς
1551 2191 1949 2263 διεσπάραττον

362 2281 495 2342 τοὺς
525 2279 782 2350 χιτῶνας,
807 2279 899 2334 τδν
919 2280 1064 2334 ἔνδον
1085 2282 1185 2352 τῆς
1218 2282 1445 2352 καρδίας
1477 2283 1551 2355 μὴ
1582 2286 1950 2358 ὑπομένουσαι

364 2369 454 2443 [Ρ.
491 2371 619 2445 5⁸16]
650 2373 936 2439 κλύδωνας
963 2373 1081 2437 πῶς
1100 2377 1200 2429 οὐκ
1228 2376 1418 2448 ἧθελον
1443 2378 1698 2450 μηδαμοῦ
1735 2381 1950 2451 στῆναι,

363 2463 508 2517 ἀλλὰ
541 2465 871 2536 περιήγοντο
899 2467 1198 2538 φερόμεναι
1230 2468 1409 2539 μάτην
1447 2469 1551 2522 ὑπὸ
1602 2471 1702 2542 τῆς
1753 2473 1950 2542 ἀλόγου

363 2554 463 2608 τοῦ
497 2555 703 2620 πάθους
738 2558 934 2629 ὁρμῆς.
982 2559 1112 2629 τῇδε
1144 2559 1368 2613 κάκεῖσε
1413 2561 1482 2615 τὰ
1526 2563 1750 2633 ὄμματα
1794 2583 1952 2636 περι-

369 2648 729 2720 στρέφουσαι,
758 2653 812 2704 ετ
853 2651 957 2705 πού
997 2669 1121 2706 τινα
1151 2651 1260 2706 τῶν
1293 2653 1645 2727 ποθουμένων
1675 2658 1954 2712 θεάσοιντο

365 2741 407 2812 ἡ
437 2758 583 2805 τινος
616 2743 746 2814 περὶ
784 2743 966 2798 αὐτῶν
1001 2745 1252 2815 ἀκριϐῶς
1285 2745 1487 2810 ἰδόντος
1518 2747 1860 2818 ἀκούσοιντο,
1886 2753 1951 2804 ἵν’

366 2832 569 2905 ἐκείνῳ
607 2835 668 2888 τὸ
697 2837 797 2906 τῆς
843 2837 1024 2909 ψυχῆς
1071 2839 1405 2910 φλεγμαῖνον
1446 2843 1705 2897 κενώσειε
1725 2845 1801 2910 ⁵³ς
1846 2847 1956 2900 Καὶ

366 2924 549 2980 ταῦτα
582 2928 682 2997 μὲν
712 2928 982 2998 ἔπραττον
1016 2932 1108 2984 ἐπὶ
1135 2931 1258 2986 δυσὶ
1301 2932 1620 3006 πολλάκιςῆ
1647 2936 1741 2990 καὶ
1777 2940 1956 3008 τρισὶν

368 3017 633 3089 ἡμέραις,
657 3020 762 3084 ἕως
790 3020 962 3074 πολλά
993 3024 1301 3092 καμούσαις
1340 3024 1488 3078 ἄλλοι
1518 3027 1662 3092 τινὲς
1689 3028 1796 3082 τῶν
1820 3046 1959 3097 γνω-

372 3107 555 3178 ρίμων
596 3109 660 3164 τὸ
697 3111 826 3181 περὶ
871 3113 981 3166 τῶν
1035 3113 1387 3184 ζητουμένων
1431 3118 1706 3188 ἐδήλωσαν
1762 3121 1956 3190 πέρας,

2049 619 2279 685 cientes,
2304 628 2360 674 et
2384 618 2622 689 irriguos
2647 616 2906 688 lacrymis
2940 617 3129 671 oculos
3155 617 3632 682 circumferentes,

2048 712 2095 766 si
2136 725 2300 781 quem
2342 711 2583 781 primum
2639 708 2880 763 filiorum
2912 707 3293 777 olfenderent;
3338 707 3435 763 ﬁlii
3477 723 3632 772 vero,

2048 805 2201 859 velut
2251 803 2434 858 tenelli
2487 801 2645 858 vituli
2678 801 2954 857 subducto
2996 801 3065 855 iis
3099 801 3240 855 lacte
3271 817 3334 856 ac
3365 801 3636 855 uberibus

2049 896 2290 952 ﬂebilem
2321 896 2496 952 edunt
2526 896 2814 966 gemitum,
2842 894 2921 948 sic
2943 903 2999 949 et
3028 896 3104 949 illi
3131 893 3444 947 miserabile
3474 891 3638 962 quid—

2050 988 2195 1058 piam
2245 1003 2309 1042 ac
2356 985 2655 1041 miserandi
2709 1001 2946 1055 pronum
2995 985 3195 1040 affectu
3250 984 3539 1054 vagiebant
3575 999 3639 1038 ac

2052 1080 2353 1151 ejulabant,
2382 1079 2524 1133 alius
2553 1079 2657 1132 alia
2690 1083 2744 1131 tn
2777 1087 2932 1147 parte
2958 1076 3322 1147 dispersionis
3357 1077 3506 1129 illius
3545 1091 3638 1144 pa-

2051 1171 2227 1225 lantes
2255 1185 2317 1225 ac
2358 1178 2563 1225 matres
2599 1170 2978 1240 appellantes;
3011 1168 3067 1223 in
3101 1185 3241 1239 quos
3264 1177 3320 1223 et
3342 1168 3640 1239 deploratae

2051 1264 2158 1318 illae
2190 1263 2336 1318 haud
2375 1279 2498 1317 raro
2548 1262 2877 1328 incidentes,
2909 1263 3148 1317 naturali
3179 1263 3236 1316 in
3275 1276 3374 1317 eos
3410 1260 3642 1314 misera-

2053 1357 2203 1411 tione
2272 1356 2565 1412 commotis
2624 1354 2969 1421 visceribus,
3043 1354 3294 1411 cervices
3349 1352 3635 1424 amplecti,

2053 1449 2236 1504 omnia
2269 1449 2488 1502 illorum
2516 1449 2762 1503 membra
2790 1448 3122 1512 exosculari,
3157 1447 3638 1518 rigarelacrymis.

2053 1540 2246 1610 ingens
2269 1541 2403 1596 illud
2441 1541 2698 1596 solatium
2728 1556 3009 1611 unmnque
3041 1539 3428 1596 admirandum
3465 1539 3638 1592 malo-

2053 1649 2178 1689 rum
2201 1633 2293 1688 illa
2322 1635 2662 1690 immanitate
2686 1635 3084 1696 existimantes,
3117 1643 3318 1703 praeter
3348 1647 3498 1702 spem
3524 1647 3642 1686 scr-

2053 1737 2176 1781 vata
2205 1727 2493 1797 adhucquc
2533 1729 2641 1784 vita
2674 1728 2878 1798 sospite
2929 1726 3252 1781 charissima
3291 1727 3373 1780 eis
3411 1726 3640 1795 pignora

2052 1820 2268 1875 reddita
2295 1837 2438 1875 esse.
2478 1821 2546 1876 Et
2577 1821 2693 1875 hzec
2731 1820 2955 1890 quidem
2989 1819 3057 1873 de
3090 1819 3197 1874 illis
3221 1819 3472 1888 qumjam
3500 1817 3642 1870 filios

2053 1913 2106 1966 in
2158 1914 2418 1968 manibus
2454 1913 2734 1967 habebant
2769 1928 2969 1981 resque
3017 1912 3234 1966 illorum
3273 1910 3329 1964 in
3379 1918 3496 1964 tuto
3520 1924 3642 1964 esse

2051 2005 2435 2074 experimento
2469 2004 2802 2060 didicerant.
2837 2003 2978 2070 Quid
3020 2019 3151 2057 vero
3181 2003 3248 2057 de
3280 2001 3405 2057 aliis
3438 2001 3640 2064 dicam,

2053 2109 2288 2163 quorum
2318 2094 2572 2148 infantuli
2606 2095 2659 2147 in
2697 2095 2857 2163 aquis
2890 2093 3192 2162 perierant,
3225 2101 3281 2146 et
3311 2107 3502 2146 eorum
3528 2091 3644 2144 exi-

2055 2193 2143 2240 tus
2169 2177 2414 2240 latebat?
2453 2185 2735 2254 quoniodo
2789 2185 3002 2238 tunicas
3043 2183 3433 2253 discerpebant
3463 2225 3476 2246 ,
3515 2197 3641 2236 cum

2055 2279 2311 2334 intimum
2367 2279 2552 2332 cordis
2599 2279 2878 2332 turbinem
2925 2295 3034 2332 non
3075 2278 3451 2332 sustinerent?
3500 2293 3644 2346 quo-

2056 2370 2220 2426 modo
2267 2370 2418 2424 nullo
2465 2370 2586 2424 loco
2623 2369 2934 2424 subsistere
2987 2369 3260 2433 ferebant,
3301 2369 3402 2423 sed
3439 2368 3643 2423 frustra

2055 2465 2158 2519 hac
2197 2463 2434 2533 illacque
2467 2463 2657 2517 vesani
2690 2462 2921 2516 aﬂ‘ectus
2943 2462 3150 2532 impetu
3179 2461 3642 2531 circumageban-

2059 2566 2168 2620 tur,
2209 2557 2262 2610 in
2297 2571 2517 2610 omnem
2544 2565 2756 2625 partem
2789 2557 2981 2610 oculos
3011 2555 3446 2624 distorquentes,
3466 2550 3643 2607 sicubi

2057 2652 2654 2707 desideratissimorum
2688 2651 2930 2721 aliquem
2971 2651 3163 2706 videre
3195 2650 3415 2715 liceret,
3461 2657 3554 2702 aut
3579 2663 3647 2702 ex

2059 2746 2246 2814 aliquo
2291 2745 2385 2814 qui
2423 2754 2578 2799 certo
2604 2744 2772 2798 sciret
2812 2743 3158 2812 vidissetque
3217 2743 3448 2804 audire,
3490 2749 3551 2795 ut
3580 2756 3650 2796 eo

2061 2839 2257 2893 solatio
2285 2838 2455 2891 animi
2493 2836 2655 2906 587
2682 2844 2878 2890 mstuxn
2920 2835 3162 2891 leniret?
3187 2835 3254 2890 Et
3279 2836 3395 2889 haec
3429 2843 3490 2888 ut
3521 2835 3648 2904 plu-

2063 2929 2263 2984 rimum
2325 2943 2426 2997 per
2486 2926 2627 2980 duos
2680 2935 2777 2980 aut
2836 2932 2950 2980 tres
2993 2924 3114 2980 dies
3165 2925 3424 2996 agebant,
3471 2924 3650 2978 donec

2062 3022 2238 3074 multo
2269 3019 2502 3074 defessis
2533 3017 2740 3083 labore,
2788 3017 2880 3070 alii
2931 3017 3173 3091 quidam,
3209 3032 3277 3071 ex
3327 3017 3492 3080 notis,
3538 3031 3651 3085 quo

2063 3112 2369 3167 evasissent
2425 3109 2518 3179 qui
2565 3108 2980 3178 quaerebantur,
3013 3107 3282 3162 certiores
3317 3105 3647 3171 reddebant,

368 3199 536 3271 λιμοῦ
571 3202 832 3266 πολλάκις
863 3203 894 3274 ἢ
927 3204 1087 3297 δίφης
1115 3205 1277 3276 ἔργον
1295 3209 1422 3272 τοὺς
1452 3210 1738 3278 φιλτάτους
1773 3214 1952 3267 αὐτῶν

2065 3206 2208 3260 fame
2254 3203 2464 3259 scilicet
2493 3210 2589 3256 aut
2634 3200 2723 3255 siti
2758 3201 3077 3256 dulcissima
3105 3201 3285 3270 capita
3318 3201 3652 3269 plerumque

371 3291 813 3360 γεγενημένους·
864 3293 923 3358 ἐξ
958 3288 1018 3347 οὗ
1065 3295 1128 3367 δὴ
1156 3297 1250 3350 καὶ
1297 3299 1499 3368 μᾶλλον
1542 3301 1602 3354 τὸ
1638 3301 1810 3367 πάθος
1869 3305 1954 3370 ἐξ·

371 3381 784 3452 αγρεαίνουσαι,
808 3387 1196 3457 γεγωνοτέροις
1226 3389 1447 3461 θρήνοις
1474 3395 1564 3446 καὶ
1583 3393 1762 3459 ἄλλοις
1784 3395 1960 3450 ολι6ε-

373 3472 488 3543 ρῶν
516 3472 684 3527 εἴδεσι
728 3477 856 3539 τοὺς
889 3478 1290 3550 ἀποιχομένους
1333 3484 1744 3556 ἐφιλοφρόνουν.
1795 3489 1962 3543 Ἀλλὰ

372 3566 424 3618 τί
459 3565 640 3637 μάτην
660 3568 760 3638 τὴν
795 3569 888 3621 ἐπὶ
925 3569 1140 3636 τούτοις
1178 3574 1446 3652 ἐπιχειρῶ
1471 3581 1813 3652 συγγραφὴν,
1839 3583 1962 3635 οὐδὲ

373 3656 435 3709 τὸ
470 3657 764 3713 πολλοστὸν
797 3661 964 3732 μέρος
985 3663 1095 3717 τῶν
1121 3650 1241 3718 τότε
1267 3671 1676 3739 πεπραγμένων
1709 3650 1890 3727 ἱκανὸν
1917 3675 1962 3708 ⁸³

379 3750 874 3820 παραστήσασθαι;
925 3754 1166 3808 Ἐκεῖνον
1197 3755 1306 3826 γὰρ
1337 3759 1499 3812 αὑτὸν
1521 3763 1567 3794 ⁵⁸
1617 3763 1725 3817 ἔδει
1769 3768 1960 3836 παρεῖ-

385 3858 474 3895 ναι
503 3843 594 3896 τὸν
613 3844 742 3908 τοὺς
769 3845 1004 3916 θρήνους
1036 3849 1136 3919 τῆς
1183 3838 1964 3928 Ἵερουσαλὴιίάναγραφὸμε-

399 3949 486 3986 νον
519 3935 811 4010 Ἰερεμίαν,
843 3941 912 3993 ἵν’
941 3942 1126 4014 ἐπαφῇ
1156 3943 1390 4014 δάκρυον
1422 3949 1850 4022 ἀπαρηγόρητον
1872 3955 1968 4008 ἐπὶ

397 4025 643 4083 τοσοῦτον
673 4032 804 4086 λαὸν
825 4035 1120 4099 τοσαύταις
1161 4037 1422 4108 ἀλγηδόσι
1462 4046 1964 4114 κατατρυχόμενον.

391 4119 468 4173 Ού
501 4121 605 4195 γὰρ
647 4124 794 4180 οὕτω
837 4128 1024 4199 φωνὴν
1072 4129 1254 4200 ἀφῆκε
1299 4131 1501 4203 Ῥαχὴλ
1543 4134 1601 4188 ὲν
1639 4135 1837 4208 Ῥαμᾷ,
1879 4139 1969 4192 ὅτε

381 4213 484 4285 τὴν
542 4217 804 4289 στέρησιν
859 4217 968 4272 τῶν
1024 4221 1233 4275 τέκνων
1301 4223 1732 4297 ἀπωλοφύρετο,
1787 4230 1970 4296 καθώς

379 4322 550 4376 φησιν
580 4309 614 4377 ἡ
643 4308 858 4380 Γραφὴ,
883 4309 1012 4382 ὼςή
1045 4311 1233 4376 κοιλάς
1265 4313 1445 4386 ἐκείνη
1479 4316 1603 4369 καθ’
1633 4317 1700 4387 ἢν
1735 4320 1972 4374 ἐτελεῖτο

373 4399 575 4468 ταῦτα,
599 4401 698 4468 τὰς
730 4402 1032 4474 ἀλγηδόνας
1060 4403 1170 4458 τῶν
1213 4405 1453 4462 ἁλόντων
1497 4415 1967 4468 συνεπιτείνουσα.

2063 3305 2259 3353 enecta
2284 3311 2425 3350 esse.
2459 3294 2639 3360 Quare
2668 3294 2833 3347 etiam
2862 3292 2966 3347 illae
2993 3292 3186 3362 majori
3215 3291 3403 3345 dolore
3426 3306 3652 3360 exaspe-

2065 3399 2196 3446 rata:
2237 3388 2663 3444 clamosioribus
2691 3385 2950 3440 lamentis
2987 3385 3220 3454 aliisque
3258 3384 3651 3439 discruciatio-

2064 3499 2198 3538 num
2229 3483 2528 3554 generibus
2565 3480 2857 3535 defunctos
2894 3479 3261 3548 accipiebant.
3307 3477 3447 3543 Quid
3473 3478 3652 3531 cnim-

2066 3592 2198 3630 vero
2220 3575 2308 3631 his
2334 3574 2544 3643 scripto
2573 3571 2903 3628 enarrandis
2933 3571 3137 3625 frustra
3172 3570 3384 3629 laboro.
3417 3569 3510 3638 qui
3551 3583 3654 3623 nec

2067 3665 2353 3720 minimam
2408 3664 2626 3717 illorum
2658 3671 2870 3731 partem
2902 3676 3026 3730 qua:
3053 3670 3187 3714 tunc
3223 3670 3374 3729 gesta
3407 3667 3535 3714 sunt
3563 3673 3652 3712 re-

2068 3768 2403 3829 praesentare
2436 3755 2743 3810 sufficiam?
2777 3753 2992 3808 Etenim
3020 3753 3212 3808 adesse
3239 3769 3336 3822 par
3367 3763 3532 3816 esset,
3559 3751 3653 3822 qui

2069 3851 2449 3921 Hierosolyma
2475 3845 2858 3916 deplangendo
2889 3846 3141 3899 Threnos
3169 3843 3522 3912 conscripsit,
3566 3857 3655 3897 sa-

2069 3942 2437 3998 cratissimum
2461 3937 2780 3996 Jeremiam.
2807 3952 2919 4006 quo
2944 3937 3176 3998 scilicet,
3209 3935 3262 3989 in
3287 3943 3437 3989 tanto
3453 3934 3658 4004 populo

2070 4034 2240 4091 tantis
2266 4031 2553 4088 doloribus
2594 4029 2861 4097 malisque
2894 4041 3159 4097 Oppresso
3180 4067 3193 4090 ,
3229 4025 3658 4104 inconsolabiles

2071 4129 2340 4198 laerymas
2383 4121 2660 4176 funderet.
2709 4118 2900 4188 Neque
2930 4117 3078 4170 enim
3112 4115 3318 4169 Rachel
3346 4115 3427 4169 sic
3463 4130 3657 4170 vocem

2075 4224 2129 4278 in
2185 4221 2394 4276 Rhama
2441 4214 2645 4278 emisit,
2681 4227 2806 4267 cum
2841 4211 3087 4266 sublatos
3132 4207 3273 4263 ﬂlios
3320 4208 3656 4276 deploraret,

2073 4324 2133 4370 ut
2157 4313 2357 4369 divinae
2400 4308 2623 4364 tradunt
2671 4304 2893 4358 Littera:
2921 4305 2959 4367 ι,
2990 4300 3456 4372 quemadmodum
3500 4299 3659 4353 vallis

2073 4406 2187 4470 illa,
2230 4405 2285 4458 in
2316 4417 2424 4473 qua
2484 4401 2600 4456 haec
2624 4395 2992 4471 agitabantur,
3041 4394 3383 4466 captivorum
3437 4392 3660 4448 dolores

2075 4497 2330 4564 malaque
2367 4492 2628 4548 auctavit.

449 4579 548 4652 οβ’.
585 4577 712 4636 Οἷον
744 4583 853 4656 γάρ
898 4583 1062 4641 πάλιν
1097 4585 1204 4640 ἀπὸ
1238 4586 1443 4644 τούτων
1483 4591 1634 4662 παρά
1671 4591 1779 4647 τῶν
1808 4611 1957 4665 μισο-

2142 4587 2228 4640 72.
2283 4585 2454 4651 Quale
2495 4597 2630 4638 vero
2673 4580 2830 4649 tunc:
2854 4594 3050 4634 rursus
3090 4577 3158 4632 ab
3213 4577 3400 4648 impiis
3456 4577 3662 4645 Deique

376 4673 521 4728 θέων
544 4677 794 4748 ἐπράχθη
830 4681 998 4732 κακόν
1025 4681 1036 4733 !
1071 4680 1232 4734 Καθά
1261 4681 1370 4751 γὰρ
1405 4683 1706 4752 φθάσαντες
1735 4687 1966 4760 ἔφημεν,

375 4767 767 4838 λογισαμένων
797 4771 979 4825 αὐτῶν
1018 4773 1236 4844 πρῶτον
1268 4773 1343 4838 ὡς
1372 4776 1420 4828 εἰ
1463 4775 1605 4830 κατά
1648 4781 1971 4849 συγγένειαν

376 4860 524 4930 πρὸς
551 4863 816 4934 ἀλλήλους
838 4866 888 4917 οἱ
915 4865 1012 4919 τοῦ
1032 4866 1272 4937 πλήθους
1300 4869 1642 4940 ἀναμιχθῶσι
1659 4871 1769 4924 τῶν
1798 4875 1971 4945 αἰχμ-

376 4953 633 5020 αλώτων,
689 4959 784 5011 καὶ
830 4959 942 5013 τῶν
997 4959 1208 5013 πολλῶν
1249 4961 1451 5016 ὀδυνῶν
1505 4963 1827 5032 παύσονται,
1878 4971 1974 5022 καὶ

377 5046 525 5114 πρὸς
547 5047 646 5116 τὴν
670 5048 920 5103 δουλείαν
961 5052 1123 5122 ἡνίκα
1155 5053 1222 5107 ἀν
1262 5054 1544 5120 ἐκδοθῶσι,
1591 5057 1834 5129 φορητὴν
1871 5060 1972 5112 αύ-

377 5141 499 5202 τοῖς
557 5137 697 5195 εἶναι
754 5141 831 5205 ὡς
887 5144 945 5196 ἐν
1000 5148 1191 5210 κακοῖς
1241 5147 1340 5218 τὴν
1373 5149 1660 5221 ἐπήρειαν,
1711 5151 1785 5214 ὡς
1834 5147 1977 5206 εἶδον

379 5229 585 5294 αὐτοὺς
641 5234 765 5295 ταῖς
821 5234 1164 5304 ἀγχιστείαις
1218 5239 1848 5312 ἐπισυναλλαττομένους
1879 5245 1974 5297 καὶ

384 5322 642 5394 καθάπερ
683 5326 872 5395 σειρὰν
897 5326 1094 5383 ἄλυτον
1119 5329 1306 5400 ἕτερον
1351 5331 1604 5402 ἐχόμενον
1635 5333 1728 5386 τοῦ
1758 5335 1970 5406 ἑτέρου,

382 5415 482 5468 τόν
525 5408 591 5469 τε
644 5419 926 5489 χωρισμὸν
963 5421 1352 5495 δυσδιαίρετον,
1410 5426 1544 5479 καθὸ
1595 5425 1820 5497 ἔμελλον
1876 5428 1975 5491 τὰς

388 5508 618 5577 μερίδας
643 5512 775 5580 μιᾶς
808 5511 1045 5584 ἑκάστης
1075 5515 1201 5586 νηὸς
1233 5517 1546 5588 ἀπονεῖμαι,
1583 5518 1977 5573 ἐϐουλεύσαντο

469 5624 487 5659 ί
512 5622 716 5681 Jerem.
745 5627 939 5696 "1,21.

2076 4678 2334 4736 osoribus
2381 4680 2773 4746 patratum-est
2815 4671 3060 4726 malum?
3095 4669 3164 4725 Ut
3187 4671 3334 4724 enim
3371 4670 3482 4741 jam
3517 4665 3661 4722 dixi-

2078 4787 2223 4835 mus,
2279 4784 2407 4824 cum
2465 4767 2574 4822 illis
2624 4766 2865 4837 primum
2918 4764 2976 4817 in
3027 4772 3266 4817 mentem
3308 4763 3572 4824 venisset,
3617 4760 3663 4813 si

2079 4863 2243 4919 modo
2285 4859 2510 4930 captivi,
2545 4874 2653 4927 qua
2693 4855 3101 4912 necessitudine
3137 4855 3228 4910 alii
3264 4855 3402 4908 alios
3440 4851 3662 4908 contin-

2077 4960 2266 5028 gerent
2307 4949 2606 5019 ailinesque
2636 4956 2843 5014 essent,
2863 4945 3078 5002 confusi
3115 4946 3500 5006 miscerentur,
3547 4943 3664 4996 fore

2084 5054 2144 5101 ut
2198 5043 2372 5100 multa
2421 5039 2672 5095 dolorum
2726 5048 2879 5108 parte
2928 5039 3246 5093 levarentur
3299 5049 3366 5088 ac
3423 5033 3664 5088 servitu-

2083 5150 2213 5202 tem,
2247 5144 2537 5208 postquam
2571 5131 2776 5186 addicti
2807 5139 3012 5194 cssent,
3046 5137 3104 5182 ut
3144 5130 3198 5182 in
3239 5127 3512 5179 malorum
3541 5140 3668 5194 pro-

2081 5233 2240 5292 cella.
2275 5225 2473 5296 quovis
2514 5221 2680 5277 modo
2717 5220 3061 5275 tolerabilem
3097 5217 3398 5277 ducerent,
3448 5224 3510 5268 ut
3543 5215 3668 5268 illos

2081 5337 2250 5393 penes
2292 5318 2526 5374 familias
2568 5309 3107 5380 necessitudinisque
3133 5310 3256 5380 jure
3287 5305 3578 5360 devinctos
3604 5319 3668 5357 ac

2086 5413 2430 5473 consociatos
2476 5409 2642 5477 inque
2686 5419 2895 5459 morem
2945 5401 3256 5458 insolubilis
3290 5409 3497 5455 catenae
3529 5396 3665 5451 alte-

2085 5526 2206 5564 rum
2241 5502 2400 5560 alteri
2438 5500 2775 5556 cohaerentes
2819 5495 2986 5566 588
3031 5495 3101 5550 ab
3132 5493 3367 5549 invicem
3398 5502 3537 5560 ξρετε
3576 5486 3665 5540 di-

1688 5695 1926 5752 VARIA‘J
1955 5688 2364 5749 LECTIO‘NES.

466 5810 514 5843 ”
540 5829 630 5883 γοέ
643 5815 747 5883 ρὼς
772 5815 829 5870 Ρ.
868 5822 880 5832 ’

466 5814 514 5843 ⁸⁸
540 5815 747 5934 an-pd);
772 5815 829 5870 Ρ.
868 5822 880 5832 ’
935 5818 974 5898 ξ’
1004 5815 1216 5872 ἐκίνουν
1248 5814 1292 5871 Α
1314 5825 1365 5872 et
1392 5816 1743 5886 interpretes.

393 5897 507 5935 om.
585 5925 598 5935 .
1407 5913 1414 5919 ~

1854 5815 1898 5846 ⁵²
1920 5812 2171 5882 εἴποιμεν
2201 5804 2265 5861 Α.

2382 5807 2426 5842 ⁵³
2457 5803 2793 5858 κενώσειανῖ
2896 5801 2943 5833 ⁵⁵
2971 5799 3155 5863 ἱκανὸς
3209 5798 3282 5850 ὦν
3309 5799 3331 5851 ἲ
3428 5796 3472 5826 ⁵⁸
3500 5793 3672 5848 αὑτὸν
