2047 3205
205 195 258 226 6°27

206 251 262 279 vidi
283 251 420 286 patientes
435 250 542 282 videre,
560 249 626 277 dum
642 250 759 285 singulis
776 249 894 277 navibus
911 253 1004 284 partes
1020 253 1041 281 Α

205 297 349 325 ascribunt
376 304 503 332 onusque
534 295 714 328 distribuunt,
734 295 890 331 improbum
907 302 1004 323 rursus

206 343 353 371 consilium
369 350 403 370 ac
418 346 526 370 natura:
540 349 666 377 pugnans
684 341 816 368 inferunt.
838 340 942 368 Jubent
955 347 1003 367 eos

205 390 254 426 qui
270 389 357 418 semel
378 388 467 425 juncti
482 388 593 416 fuerant
618 388 718 415 iterum
738 387 868 423 disjungi.
895 386 923 414 Si
943 394 1004 422 quae

207 440 298 463 tamen
312 438 402 463 mater
417 434 446 462 in
461 434 503 462 eis
518 433 649 461 infamem
670 433 740 461 lacte
762 433 931 469 indigentem
954 432 1004 460 ha-

206 482 301 515 beret,
320 481 397 509 hunc
418 481 553 508 duntaxat
569 487 633 507 cum
655 483 769 514 parente
790 487 903 506 manere
926 479 1003 514 impii

207 528 334 556 homines
358 535 485 559 sanxere,
505 532 536 554 ut
553 527 600 562 qui
622 526 753 553 nimirum
779 526 832 553 sibi
862 526 915 561 ipsi
940 525 1003 553 vitae

207 573 372 609 compendio
391 574 460 601 nihil
479 572 605 600 conferre
618 572 745 600 valeret:
769 572 891 607 reliquos
907 579 1003 600 omnes

205 620 240 648 ab
254 619 381 647 affinibus
395 619 574 655 cognatisque
595 618 744 646 distractos
765 619 921 653 promiscue
937 617 1001 645 nul-

205 667 286 701 laque
307 665 474 694 discretione
491 664 612 692 sortibus
625 672 687 692 esse
703 664 1003 697 committendos.Qu:e

205 709 348 736 enimvero
359 709 448 736 oratio
462 713 544 736 tantae
556 708 722 736 calamitatis
737 708 921 736 infortunium
936 716 1002 736 nar-

207 755 325 783 raverit?
338 755 558 788 Quaroratorum
572 754 666 790 lingua
679 755 784 782 variam
799 754 874 782 illam
886 758 914 782 et
931 754 1002 781 mul-

206 802 345 830 tiformem
363 802 490 830 dolorum
505 802 705 830 immanitatem
725 801 843 829 dicendo
858 809 1001 837 expresse-

205 849 251 881 rit,
277 856 341 876 cum
364 853 393 876 et
416 854 518 876 natura
542 849 602 884 ipsa
626 849 738 876 insolito
765 849 819 877 hoc
844 855 1001 883 vcsanoque

205 899 342 931 praecepto
361 895 389 922 in
407 895 492 923 multa
511 895 697 928 scinderetur,
722 895 767 923 cui
788 895 878 923 solum
902 894 928 921 in
946 894 1000 922 cri-

206 950 267 970 men
283 946 441 970 verteretur
451 942 561 978 generis
575 942 734 970 communio
747 949 788 974 ac,
804 949 886 977 quam
903 946 1000 968 natura

205 988 281 1022 facit,
299 989 519 1024 propinquorum
537 989 716 1025 conjunctio?
739 988 825 1015 Filius
845 995 964 1022 namque
983 995 999 1014 a

204 1039 299 1069 patre,
321 1042 337 1062 a
355 1039 442 1062 matre
467 1035 538 1069 ﬁlia,
559 1035 645 1063 frater
665 1043 680 1062 a
698 1035 782 1062 fratre
804 1034 997 1062 divellebatur.

204 1080 256 1109 Ubi
269 1080 336 1115 quid
349 1088 446 1108 omnes
460 1081 522 1109 illos
536 1081 592 1117 pati
615 1081 768 1109 verosimili
786 1081 892 1108 ratione
906 1080 1000 1108 existi-

204 1127 346 1159 mandum,
366 1135 429 1155 cum
455 1128 482 1154 in
508 1128 671 1155 servitutem
700 1127 727 1155 in
754 1132 856 1155 terram
882 1127 998 1155 alienam

204 1172 410 1200 abducerentur
425 1172 437 1199 ‘i
459 1172 507 1200 ubi
518 1172 626 1200 scilicet
649 1176 750 1200 nostrae
770 1172 834 1199 ﬁdei
851 1172 952 1204 cultus,
969 1176 1000 1199 ut

204 1218 400 1251 cxsecrandus,
416 1218 493 1245 onmi
517 1218 682 1253 injuriarum
704 1218 874 1253 procacitate
896 1218 1000 1245 lacera-

206 1268 260 1295 tur,
277 1262 521 1298 vesanissimchue
536 1263 669 1291 libidines
685 1267 767 1298 atque
781 1263 847 1291 vitia
859 1263 998 1295 coluntur,

205 1307 251 1335 ubi
267 1307 414 1336 fornicatio
435 1308 610 1341 honestatur,
630 1308 793 1343 insaniaque
810 1309 924 1343 praemio
939 1308 996 1335 θαί-

203 1355 286 1388 citur,
319 1362 352 1383 ac
378 1354 551 1390 impudentia
580 1355 729 1390 plurimum
757 1355 925 1387 honoratur,
951 1355 997 1383 ubi

204 1401 390 1429 masculorum
405 1409 488 1429 sexus
502 1401 529 1428 in
543 1401 707 1429 muliebrem
725 1410 804 1429 usum
821 1402 997 1434 transfertur,

201 1454 230 1477 et
250 1449 371 1477 violatur
398 1453 537 1481 creatura,
566 1454 686 1484 suntque
715 1449 807 1476 omnia
828 1449 998 1477 confusionis

203 1496 282 1531 plena
299 1500 328 1524 ct
341 1496 376 1524 ad
389 1497 491 1524 malum
510 1504 652 1524 conversa.
666 1496 738 1530 Quid
754 1496 854 1524 horum
872 1496 996 1524 omnium

203 1542 321 1576 primum
343 1542 426 1578 589
454 1542 639 1577 planxerunt?
657 1542 684 1569 in
701 1549 756 1576 quo
771 1550 826 1569 non
847 1542 932 1577 magis
955 1542 995 1569 la-

201 1596 303 1623 queum
320 1587 479 1624 elegerunt?
500 1587 640 1616 Ferebant
656 1592 746 1615 tamen
766 1588 870 1620 omnia,
893 1588 950 1615 Deo
968 1588 995 1615 in

201 1634 331 1663 omnibus
344 1635 453 1662 animos
474 1642 507 1661 ac
520 1634 704 1662 constantiam
725 1634 865 1669 praebente
884 1641 994 1668 sumque

201 1680 352 1709 voluntatis
368 1686 438 1709 nutu
453 1681 560 1716 singula
574 1688 690 1716 qumque
704 1680 879 1716 disponente.

238 1727 283 1755 75.
310 1727 370 1755 Jam
387 1734 455 1754 vero
479 1734 576 1754 rursus
596 1726 688 1754 edicto
703 1726 756 1754 hoc
778 1734 810 1754 ac
832 1726 957 1762 jussione
981 1735 996 1754 a

199 1773 325 1809 cognatis
351 1772 572 1807 necessariisque
586 1772 668 1800 divisi
680 1772 798 1800 diversis
814 1773 841 1800 in
862 1773 930 1800 locis
946 1772 997 1801 sub

201 1818 326 1846 custodia
346 1817 492 1849 sedebant,
515 1817 604 1846 donec
624 1825 696 1846 novo
713 1817 825 1846 decreto
845 1818 997 1854 imperatur

202 1868 232 1892 lli.
246 1868 430 1892 numerentur
447 1871 554 1896 omnes,
567 1871 655 1899 exque
668 1872 849 1899 personarum
871 1869 997 1893 wtatum-

201 1918 256 1948 que
280 1910 388 1938 ratione
415 1910 556 1938 diversum
583 1911 718 1946 cujusque
747 1912 825 1938 navis
853 1912 995 1947 proprium

201 1965 298 1991 agmen
321 1961 513 1993 cognoscatur,
539 1965 574 1984 ne
591 1957 645 1985 ulla
663 1957 775 1985 navium
792 1962 839 1985 aut
857 1958 996 1993 superﬂuo

200 2012 284 2032 onere
296 2008 426 2039 gravetur
440 2009 488 2031 aut
505 2004 552 2031 illo
565 2004 708 2032 minuatur
719 2025 725 2036 .
742 2004 790 2032 sed
805 2012 856 2039 pro
870 2005 996 2033 multitu-

199 2049 262 2077 dine
285 2057 382 2077 eorum
404 2049 451 2085 qui
478 2049 507 2077 in
535 2049 651 2077 navibus
676 2049 862 2078 Barbarorum
891 2055 996 2083 essent,

199 2096 355 2124 distributis
366 2096 504 2131 partibus.
520 2104 571 2124 nec
588 2097 678 2131 majus
689 2097 879 2132 aliquidjusto
895 2097 997 2124 redde-

201 2148 277 2171 retur
292 2151 344 2171 nec
366 2143 469 2171 minus.
491 2143 521 2170 In
540 2144 636 2182 primis
658 2144 742 2179 igitur
761 2148 905 2171 numerata
920 2145 995 2171 omni

199 2189 388 2222 multitudine,
403 2196 511 2217 summa
526 2189 579 2216 fuit
590 2189 646 2217 duo
661 2194 693 2217 et
704 2190 799 2224 viginti
815 2189 933 2217 millium
950 2198 995 2218 ca-

199 2236 308 2270 pitum;
332 2235 405 2263 inter
430 2243 499 2270 quos
524 2243 620 2263 omnes
646 2244 680 2263 ne
706 2243 779 2264 unus
800 2236 912 2271 quidem
937 2243 997 2265 erat

201 2281 299 2315 (nobis
315 2281 449 2309 duntaxat
464 2282 606 2317 exceptis,
627 2282 674 2317 qui
691 2283 879 2311 commutandi
898 2292 993 2312 serva-
1010 2290 1032 2318 ι)

199 2328 308 2362 bantur)
318 2327 363 2355 cui
379 2332 502 2355 mentum
514 2327 578 2362 p.‘.is
594 2328 748 2357 fruticaret.
761 2329 797 2357 At
811 2337 902 2365 neque
917 2330 944 2357 in
958 2334 997 2358 tot

201 2371 351 2400 mulierum
363 2371 488 2400 millibus
505 2372 560 2401 ulla
575 2377 634 2401 erat
646 2382 708 2409 qttae
717 2374 818 2410 pubem
834 2375 995 2403 excederet.

200 2418 340 2445 Eratvero
353 2418 458 2446 electus
471 2419 591 2455 populus
603 2425 631 2448 et
639 2421 754 2456 juventa
769 2422 947 2457 conspicuus.
961 2430 994 2450 ac

200 2465 226 2492 in
245 2472 301 2500 quo
313 2464 360 2492 alii
377 2464 439 2492 aliis
454 2473 540 2501 prope
554 2471 662 2495 certare
674 2467 818 2496 videretur
835 2476 920 2504 seque
929 2477 993 2496 mu-

199 2519 247 2539 tuo
263 2511 399 2539 excedere
413 2515 461 2538 aut
477 2513 566 2540 attatis
581 2511 648 2540 ﬂore
664 2518 713 2541 aut
727 2518 871 2542 venustate
887 2515 993 2546 formae,

200 2556 306 2584 tametsi
320 2556 486 2584 afﬂictarum
503 2565 617 2585 casuum
636 2558 677 2585 vis
696 2559 825 2586 continua
838 2567 854 2586 a
873 2560 993 2587 naturali

199 2602 334 2631 decede-'3
353 2610 402 2630 eos
425 2602 521 2630 habitu
540 2604 672 2638 cultuque
696 2603 819 2638 cogebat.
844 2603 992 2639 Postquam

199 2655 289 2678 autem
310 2657 408 2677 omnes
430 2649 458 2677 in
485 2654 578 2685 partes
605 2650 768 2678 distributos
800 2650 900 2678 iterum
929 2659 991 2678 cum

198 2695 294 2730 spoliis
304 2695 332 2722 in
347 2702 432 2722 naves
443 2699 639 2722 contruserant
650 2694 723 2730 (nam
740 2694 797 2722 haec
808 2701 919 2729 quoque
929 2702 991 2721 cum

200 2740 380 2768 multitudine
388 2739 475 2768 divisa
499 2740 634 2775 fuerant),
654 2740 768 2768 Barbari
787 2739 870 2775 590
882 2739 991 2767 Cretam

198 2784 351 2813 incolentes
373 2792 407 2812 ex
430 2785 471 2812 eis
501 2792 555 2813 non
587 2794 689 2820 paucos
712 2785 889 2812 commercati
915 2789 991 2817 sunt,

200 2830 284 2857 multa
306 2830 333 2857 in
351 2837 411 2857 eam
438 2838 494 2858 rem
516 2836 613 2866 sponte
634 2836 777 2859 numerata
796 2831 921 2866 pecunia.
937 2840 991 2858 non

820 193 991 224 JOANNES
1010 193 1232 223 CAMENIATA

1797 193 1850 224 628

1057 248 1138 275 πάλιν
1163 247 1260 283 βουλὴν
1289 247 1412 283 πονηράν
1429 248 1476 274 καὶ
1498 248 1630 284 πολεμίαν
1654 249 1705 282 τῆς
1728 248 1849 283 φύσεως-

1056 295 1125 325 Τοὺς
1146 293 1220 326 ἅπαξ
1249 293 1303 329 γὰρ
1334 294 1483 327 ἐνωθέντας
1506 294 1674 330 διαιρεθῆναι
1695 294 1742 320 καὶ¹
1771 292 1851 326 αὖθις

1055 340 1250 375 προσέταττον,
1268 340 1316 366 καὶ
1331 340 1358 366 εἴ
1368 339 1419 366 πού
1435 348 1476 372 τις
1490 341 1592 376 μήτηρ,
1605 341 1697 374 φησὶν,
1713 341 1742 366 ἐν
1757 340 1851 372 αὐτοῖς

1054 385 1151 420 νήπιον
1166 384 1264 419 ἔχουσα
1280 384 1328 411 τοῦ
1341 384 1478 418 γάλακτος
1489 384 1617 418 δεόμενον
1626 385 1661 417 ⁵ο,
1676 385 1756 411 τοῦτο
1769 385 1850 420 μόνον

1055 431 1123 466 πρὸς
1138 430 1187 465 τὴν
1199 430 1333 457 τεκοῦσαν
1347 431 1438 466 μένειν
1450 431 1474 457 οἱ
1491 430 1634 462 δυσσεϐεῖς
1646 431 1849 459 κατεθέσπισαν

1053 476 1092 508 ὼς
1117 477 1202 511 μηδὲν
1230 477 1310 512 τυχὸν
1328 477 1478 512 δυνάμενον
1499 477 1589 513 ἑαυτῷ
1610 478 1679 512 πρὸς
1697 477 1747 513 τὴν
1776 478 1849 514 ζωὴν

1056 521 1207 554 συντελεῖν,
1234 523 1297 553 τοὺς
1317 522 1429 553 λοιποὺς
1454 522 1483 549 δὲ
1511 523 1566 549 τῶν
1595 523 1765 557 συγγενικῶν
1787 532 1849 550 συν-

1059 568 1162 603 αφειῶν
1173 569 1220 595 καὶ
1234 567 1312 600 αὖθις
1325 559 1511 604 διαιρεθέντας
1523 570 1623 604 ἀναμὶξ
1634 570 1681 596 καὶ
1694 570 1848 605 ἀδιαφόρως

1053 616 1109 645 τοῖς
1122 614 1234 650 κλήροις
1252 614 1428 649 ἀποδοθῆναι.
1445 614 1527 642 Ἀλλά
1540 615 1581 646 τίς
1594 615 1673 649 λόγος
1686 615 1717 642 τὸ
1732 616 1849 651 μέγεθος

1053 662 1102 695 τῆς
1129 661 1274 696 συμφορᾶς
1305 661 1409 696 ταύτης
1432 661 1583 696 ineptiam;
1603 662 1668 688 ποία
1684 662 1713 688 δὲ
1736 662 1849 697 γλῶσσα

1054 707 1180 743 ρητόρων
1198 707 1356 740 ἐπεξελθεῖν
1370 707 1498 743 δυνηθείη
1515 708 1565 743 τὴν
1590 709 1717 743 ποικίλην
1741 709 1850 744 ὲκείνην

1052 754 1099 780 καὶ
1115 753 1244 789 πολυειδῆ
1261 753 1317 779 τῶν
1337 754 1439 780 ὀδυνῶν
1459 754 1592 785 κάκωσιν,
1609 753 1652 790 [Ρ.
1674 754 1738 791 377}
1766 755 1848 782 ὁπότε

1052 799 1129 834 καὶὴ
1157 799 1226 834 αὑτὴ
1242 799 1323 833 φύσις
1347 799 1386 834 τῷ
1410 799 1498 834 καινῷ
1520 799 1608 835 τούτῳ
1629 800 1676 827 καὶ.
1699 801 1849 837 παραλόγῳ

1052 844 1246 878 προστάγματι
1271 845 1312 875 εἰς
1341 843 1426 870 πολλὰ
1452 844 1644 878 κατετέμνετο,
1663 844 1744 871 τοῦτο
1767 844 1849 879 μόνον

1052 891 1180 926 ἔγκλημα
1195 890 1244 926 τὴν
1262 890 1405 917 κοινωνίαν
1420 890 1468 917 τοῦ
1486 890 1583 924 γένους
1605 890 1704 925 ἔχουσα
1734 890 1782 918 καὶ
1798 890 1847 926 τὴν

1051 937 1172 972 ἔμφυτον
1194 936 1250 963 τῶν
1272 935 1427 962 ἑνωθέντων
1453 935 1619 970 συνάφειαν;
1636 935 1692 962 Καὶ
1712 935 1767 971 γὰρ
1793 936 1847 963 άπ-

1051 984 1154 1010 εσπᾶτο
1172 982 1276 1016 πατρὸς
1302 982 1351 1017 μὲν
1378 981 1453 1014 υἱὸς,
1473 982 1576 1017 μητρὸς
1600 981 1630 1008 δὲ
1655 981 1778 1017 θυγάτηρ
1798 981 1846 1009 καὶ

1051 1029 1166 1063 ἀδελφὸς
1182 1027 1309 1063 ἀδελφοῦ.
1331 1028 1376 1055 Ἐν
1396 1024 1438 1059 οἷς
1462 1028 1489 1053 τί
1514 1027 1631 1062 πάσχειν
1646 1027 1719 1059 εἰκὸς
1734 1027 1847 1059 τούτους

1051 1075 1186 1107 ἅπαντας,
1203 1074 1284 1101 ὁπότε
1305 1074 1375 1110 πρὸς
1387 1073 1512 1100 δουλείαν
1532 1074 1632 1109 ἤγοντο
1646 1074 1687 1105 είς
1700 1073 1753 1109 γῆν
1768 1073 1847 1101 ἀλλο-

1050 1121 1220 1157 τρίαν,ὄπου
1241 1119 1272 1147 τὺ
1296 1120 1346 1155 μὲν
1371 1119 1452 1150 σέϐας
1470 1120 1520 1154 τῆς
1545 1119 1608 1146 καθ’
1631 1119 1705 1155 ἡμᾶς
1727 1119 1846 1151 πίστεως

1050 1168 1088 1200 ὡς
1105 1167 1201 1202 ἐναγὲς
1215 1166 1399 1203 ὲνυϐρίζεται,
1412 1166 1487 1202 πάθη
1503 1166 1532 1192 δὲ
1544 1167 1658 1201 τιμᾶται
1670 1164 1845 1200 άλογώτατα·

1050 1215 1117 1242 ὅπου
1135 1213 1250 1250 πορνεία
1266 1212 1430 1248 σεμνύνεται
1451 1212 1498 1240 καὶ
1514 1212 1598 1248 μανία
1611 1212 1784 1248 γεραίρεται,
1799 1212 1846 1238 καὶ

1050 1261 1152 1295 πολλῆς
1170 1260 1256 1295 τιμῆς
1270 1259 1446 1292 καταξιοῦται
1458 1259 1582 1286 ἀναίδεια
1595 1266 1602 1274 ·
1616 1258 1685 1286 ὅπου
1699 1258 1754 1285 τῶν
1765 1259 1847 1295 appe-

1050 1310 1132 1345 νωνή
1151 1309 1231 1343 φύσις
1258 1309 1298 1340 εἰς
1312 1307 1473 1342 γυναικείαν
1494 1308 1593 1343 χρῆσιν
1616 1307 1777 1341 μετάγεται.
1793 1307 1842 1333 καὶ

1049 1356 1066 1390 ἡ
1086 1356 1176 1387 κτίσις
1187 1354 1340 1390 ὑϐρίζεται,
1356 1354 1405 1380 καὶ
1421 1354 1581 1389 συγχύσεως
1596 1353 1676 1388 γέμει
1692 1353 1781 1380 πάντα
1798 1353 1845 1379 καὶ

1049 1401 1118 1436 πρὸς
1146 1400 1176 1426 τὸ
1199 1400 1284 1427 κακὸν
1308 1400 1526 1434 ἀνατέτραπταις
1554 1399 1586 1425 Τί
1612 1399 1721 1435 πρῶτον
1743 1398 1845 1425 τούτων

1048 1445 1178 1473 ἁπάντων
1202 1444 1355 1479 ἐκόῲαντος
1374 1445 1404 1470 ἐν
1428 1444 1498 1479 ποίῳ
1524 1444 1552 1470 δὲ
1580 1443 1617 1479 μὴ
1641 1444 1759 1478 ἀγχόνην
1775 1443 1845 1478 ᾑρή-

1050 1500 1150 1524 σαντο;
1172 1491 1323 1526 Ἀλλ’-ὅμως
1340 1490 1438 1526 ἔφερον
1456 1490 1558 1523 πάντα,
1576 1490 1626 1525 τὴν
1642 1489 1689 1516 ἐπὶ
1710 1490 1777 1515 πᾶσι
1795 1497 1845 1523 με-

1048 1538 1219 1574 γαλοψυχίαν
1231 1537 1422 1573 παρεχομένου
1439 1536 1508 1563 Θεοῦ
1526 1538 1574 1563 καὶ
1586 1536 1626 1570 τῷ
1642 1536 1734 1572 οἰκείῳ
1746 1535 1844 1571 βουλή-

1051 1593 1116 1621 ματι
1130 1584 1162 1611 τὰ
1177 1583 1238 1612 καθ’
1254 1584 1372 1611 ἕκαστον
1389 1582 1622 1618 μεθαρμόζοντος.

1083 1725 1132 1755 (ιγ’.
1155 1720 1198 1752 Ὠς
1212 1721 1239 1747 δὲ
1265 1720 1347 1747 πάλιν
1368 1718 1407 1755 τῷ
1423 1720 1618 1755 προστάγματι
1640 1719 1728 1754 τούτῳ
1750 1719 1799 1753 τῆς
1815 1718 1845 1750 ἐξ

1049 1766 1174 1801 ἀλλήλων
1186 1766 1354 1802 διῃρέθησαν
1371 1765 1544 1800 συγγενείας,
1559 1763 1844 1800 ὲκάθηντσφρουρού-

1050 1821 1125 1848 μενοι
1150 1814 1221 1839 κατά
1243 1812 1389 1847 διαφόρους
1412 1811 1523 1843 τόπους.
1544 1811 1598 1843 ἓως
1621 1809 1734 1845 ἐξῆλθεν
1750 1809 1843 1844 ἕτερον

1050 1857 1226 1894 πρόσταγμα,
1244 1858 1349 1889 πάντας
1361 1855 1548 1892 ἀριθμηθῆναι
1563 1856 1610 1882 καὶ
1624 1854 1693 1890 πρὸς
1708 1853 1757 1885 τάς
1770 1853 1842 1885 ἰδέας

1048 1903 1102 1929 τῶν
1112 1902 1270 1938 προσώπων
1283 1902 1395 1929 καὶτῶν
1409 1901 1522 1937 ἡλικιῶν
1536 1901 1566 1928 τὺ
1582 1900 1712 1935 διάφορον
1725 1900 1843 1933 ἑκάστης

1049 1951 1112 1987 νηὸς
1138 1951 1204 1977 [διον
1227 1950 1373 1984 σύνταγμα
1394 1948 1591 1985 γνωρισθῆναι,
1614 1948 1647 1974 ἵν’
1669 1948 1698 1974 ἐν
1724 1947 1845 1982 μηδεμιᾷ

1049 1997 1147 2033 φανείη
1166 1996 1352 2032 πλεονασμὸς,
1369 1996 1462 2031 φησὶν,
1481 1996 1498 2032 ἢ
1515 1995 1672 2030 ὑφαίρεσις,
1687 1994 1755 2021 ἀλλὰ
1773 1994 1845 2019 κατὰ

1047 2042 1079 2068 τὸ
1094 2041 1197 2077 πλῆθος
1211 2042 1266 2068 τῶν
1290 2041 1406 2067 ἐνόντων
1420 2041 1482 2071 ταῖς
1497 2039 1577 2066 ναυσὶ
1595 2039 1753 2075 βαρϐάρων,
1773 2037 1845 2065 οὕτω

1048 2087 1095 2114 καὶ
1108 2088 1158 2119 τὰς
1172 2088 1286 2124 μερίδας
1302 2086 1430 2122 γενέσθαι
1444 2087 1492 2113 καὶ
1509 2086 1594 2122 μηδὲν
1608 2086 1704 2117 αὑταῖς
1716 2084 1844 2119 περιττὸν

1047 2134 1064 2169 ἢ
1083 2134 1209 2161 ἐλλεῖπον
1225 2133 1403 2168 ἀποδοθῆναι.
1426 2132 1600 2168 Ἦρίθμησαν
1612 2129 1658 2158 οὖν
1673 2131 1703 2157 ἐν
1723 2130 1842 2164 πρώτοις

1048 2181 1097 2216 τὴν
1111 2180 1218 2216 πληθὺν
1231 2180 1343 2207 ἃπασαν
1354 2188 1361 2195 ·
1378 2181 1395 2215 ἡ
1406 2179 1435 2206 δὲ
1445 2178 1480 2215 ἦν
1491 2179 1539 2206 δύο
1550 2178 1598 2206 καὶ
1612 2178 1699 2205 εἴκοσι
1711 2176 1842 2213 χιλιάδες,

1048 2227 1078 2259 ἐξ
1091 2225 1129 2254 ὧν
1149 2227 1288 2259 ἁπάντων,
1314 2226 1399 2262 χωρὶς
1423 2225 1502 2262 ἡμῶν
1518 2224 1571 2252 τῶν
1589 2224 1661 2260 λόγῳ
1673 2224 1695 2240 ⁵⁷
1712 2224 1761 2259 τῆς
1778 2231 1844 2250 κατ-

1048 2258 1170 2310 αλλαγῆς
1193 2258 1384 2309 τηρουμένων,
1407 2258 1458 2300 out:
1477 2270 1512 2308 ἦν
1534 2272 1621 2304 οὐδεὶς
1639 2258 1669 2304 il;
1686 2270 1733 2298 τδν
1746 2271 1769 2287 ⁵⁸
1787 2258 1849 2297 πώ)

1050 2329 1127 2355 γωνα
1154 2317 1211 2356 εἶχε
1236 2320 1448 2356 τετριχωμένον.
1477 2319 1548 2346 Ἀλλ’
1567 2318 1628 2346 οὐδὲ
1655 2317 1844 2354 προϐεϐηκυῖα

1046 2366 1116 2402 γυνὴ
1138 2367 1167 2393 ὲν
1190 2366 1305 2399 ταύταις
1324 2366 1426 2398 πάσαις
1441 2367 1502 2398 ταῖς
1526 2365 1657 2401 χιλιάσιν.
1685 2363 1842 2393 Ἐπίλεκτος

1045 2412 1074 2439 δέ
1085 2421 1126 2445 τις
1142 2410 1177 2448 ἦν
1190 2413 1237 2440 καὶ
1253 2413 1359 2446 νεάζων
1374 2413 1388 2439 ὁ
1403 2412 1501 2448 δῆμος,
1516 2412 1564 2440 καὶ
1580 2409 1637 2439 οἷον
1653 2409 1753 2446 ἒρίζων
1775 2408 1841 2435 ἕκα-

1046 2467 1107 2491 στος
1125 2459 1141 2496 ἢ
1153 2459 1192 2495 τῷ
1206 2459 1319 2495 ἀκμαίῳ
1328 2459 1379 2495 τῆς
1393 2458 1503 2494 ἡλίκίας
1516 2458 1533 2494 ἦ
1551 2458 1591 2494 τῷ
1603 2457 1697 2493 ὡραίῳ
1709 2457 1759 2490 τῆς
1776 2463 1844 2490 μορ-

1045 2508 1100 2543 φῆς
1117 2506 1293 2542 ὑπερϐαίνειν
1310 2507 1357 2533 τὸν
1383 2505 1490 2541 ἓτερον,
1505 2505 1558 2532 κᾶν
1574 2506 1591 2540 ἡ
1618 2502 1770 2538 ἐπάλληλία
1789 2502 1843 2527 τὼν

1045 2553 1187 2589 δυσχερῶν
1208 2552 1263 2580 τῶν
1292 2552 1418 2587 φυσικῶν
1446 2552 1546 2583 αὐτοὺς
1570 2551 1656 2583 ’ἐξεων
1684 2547 1844 2584 ἀλλοτριοῦν

1045 2599 1184 2632 ἐϐιάζετο.
1205 2598 1277 2626 Ἀλλ’
1294 2599 1340 2626 ὅτε
1352 2598 1385 2634 δὴ
1401 2597 1502 2629 πάντες
1515 2597 1556 2628 εἰς
1571 2595 1684 2631 μερίδας
1699 2593 1843 2628 γενόμενοι

1048 2647 1130 2674 πάλιν
1147 2646 1217 2681 μετὰ
1237 2646 1262 2662 ⁸⁸
1276 2648 1330 2672 τῶν
1351 2644 1458 2672 σκύλων
1474 2644 1537 2675 ταῖς
1552 2642 1635 2670 ναυσὶ
1655 2640 1845 2676 συνηλάθησαν

1048 2691 1143 2727 (ἄμφω
1156 2689 1211 2725 γὰρ
1224 2690 1273 2717 καὶ
1289 2689 1377 2717 ταῦτα
1394 2690 1443 2716 σὺν
1458 2688 1498 2724 τῷ
1510 2687 1609 2723 πλήθει
1619 2683 1844 2721 διενεμήθησαν),

1046 2739 1107 2765 τότε
1125 2737 1157 2772 δὴ
1181 2737 1236 2765 τὼν
1267 2737 1420 2774 Βαρϐάρων
1440 2737 1466 2763 οἱ
1493 2736 1543 2771 τὴν
1571 2735 1685 2771 Κρήτην
1706 2732 1845 2763 οίκοῦντις

1047 2784 1097 2810 οὐκ
1108 2783 1216 2818 ὀλίγους
1226 2783 1355 2816 ὠνοῦντο,
1367 2782 1435 2809 πολὺ
1451 2782 1564 2818 χρυσίον
1579 2780 1648 2815 ὑπὲρ
1659 2778 1749 2806 αὐτῶν
1760 2784 1844 2803 κατα-

1047 2830 1176 2856 ϐαλέσθαι
1195 2830 1234 2867 μὴ
1250 2830 1476 2866 παραιτούμενοι,
1488 2830 1537 2864 οὐχ
1552 2827 1645 2859 ἅπλῶς
1655 2826 1708 2853 οὐδ’
1723 2825 1761 2857 ὡς
1777 2823 1838 2850 ἔτυ-

837 2877 953 2905 ‘v‘ARHﬁ
975 2876 1176 2905 LICC'I‘IONES.

239 2922 263 2936 ἠ
282 2922 476 2957 έρνινόεόμεννιν
491 2924 521 2950 Λ.
571 2927 592 2943 δ’
609 2926 652 2952 τὶν
665 2925 744 2959 λόγον
758 2924 789 2952 Α.

830 2925 850 2940 ⁸·
867 2925 909 2951 τὶν
930 2932 984 2952 om.
1008 2923 1036 2949 Ρ.

1079 2923 1099 2939 δυ
1118 2923 1195 2958 ipa?
