4094 6446
381 391 491 455 629

1452 386 1551 445 DE
1594 383 1915 444 EXCIDIO
1948 385 2563 452 THESSALONICXE.

3560 396 3666 459 6'30

382 523 499 574 χεν,
536 502 676 557 ἀλλὰ
707 501 935 573 κέρδους
970 498 1114 563 τινὸς
1150 498 1408 552 ὑπόθεσιν
1441 499 1655 562 ἑαυτοῖς
1683 499 1746 551 ἐκ
1778 497 1968 552 τούτου

2077 508 2283 558 temere
2327 504 2544 560 nullave
2575 505 2811 571 ratione,
2838 505 2933 561 sed
2962 522 3088 562 cum
3131 507 3237 563 sibi
3280 506 3408 563 inde
3448 507 3663 564 lucrum

379 592 858 666 περιποιούμενοι.
888 591 1149 663 ᾝδεισαν
1177 590 1287 660 γὰρ
1326 588 1768 647 πολλαπλασίονα
1791 590 1837 623 ⁸⁸
1862 589 1971 644 τῶν

381 687 677 758 διδομένων
725 684 934 750 λαϐεῖν,
985 684 1149 756 ήνίκα
1185 681 1252 737 ἂν
1302 681 1399 755 [Ρ.
1440 681 1582 753 578]
1624 682 1970 755 καταλλαγῆς

381 780 607 836 ἐπέλθοι
649 778 865 849 καιρὸς,
902 776 1068 831 ὁπότε
1105 775 1234 839 τοὺς
1278 774 1583 846 ὁμοφύλους
1616 774 1817 843 αὐτῶν,
1846 777 1970 837 τοὺς

362 872 537 942 επαρὰ
561 870 672 924 τῶν
716 868 1010 940 Ῥωμαίων
1048 866 1441 939 χειρωθέντας,
1474 867 1804 938 ἐκδέχονται.
1835 868 1971 922 Οὐδὲ

654 965 713 1018 ἐν
767 924 883 1025 τοὶς
911 924 1079 1016 mea"
1100 924 1325 1032 Συρίαν,
1369 924 1512 1014 etiam
1561 924 1653 1014 κᾶι
1694 960 1970 1032 τούτοιςή

266 1040 273 1047 ’
378 1059 494 1112 τῶν
533 1054 901 1128 αἰχμαλώτων
927 1053 1306 1124 ἀπολύτρωσις
1337 1054 1662 1119 ἐκτελεῖται,
1706 1054 1822 1107 ἀλλ’
1867 1055 1969 1107 ἐπ-

386 1152 701 1225 εκράτησεν
721 1151 779 1203 ἐν
807 1148 1019 1213 τούτοις
1045 1147 1275 1201 παλαιὸν
1297 1146 1417 1210 ἔθος
1446 1147 1624 1218 χρόνῳ
1653 1145 1968 1217 βεϐαιωθὲν,

380 1245 473 1298 ἵνα
514 1243 610 1298 καὶ
662 1242 755 1298 τὸν
809 1240 1118 1313 Βάρϐαρον,
1159 1240 1308 1304 ὅστις
1357 1240 1489 1292 ποτέ
1536 1235 1627 1308 ἦν,
1680 1239 1840 1310 χάριν
1876 1237 1970 1293 τοῦ

375 1336 755 1407 κατεχομένου
800 1334 1158 1405 κομίζωνται,
1202 1333 1297 1386 καὶ
1347 1333 1448 1402 τὴν
1475 1332 1615 1400 ὑπὲρ
1669 1330 1836 1386 αὐτοῦ
1885 1330 1972 1384 δο-

379 1430 574 1484 θεῖσαν
621 1426 786 1499 τιμὴν
833 1425 1143 1480 ἀπαιτῶσιν
1176 1427 1256 1488 εἰς
1307 1423 1368 1477 τὸ
1396 1424 1697 1479 διπλάσιον.
1750 1424 1849 1477 Διά
1890 1441 1972 1478 τοι

383 1518 550 1573 τοῦτο
571 1517 803 1581 πολλοὺς
826 1519 875 1571 οἱ
910 1516 1130 1587 Κρῆτες
1156 1516 1263 1570 τῶν
1280 1515 1644 1587 αἰχμαλώτων
1665 1515 1968 1586 ὠνήσαντο,

379 1614 487 1682 τὴν
524 1611 650 1665 καθ’
683 1612 834 1682 ἡμᾶς
866 1610 1158 1681 συμφορὰν
1192 1610 1418 1680 κέρδους
1447 1609 1810 1681 συνεισφορὰν
1839 1610 1971 1664 ἐαυ-

381 1707 501 1766 τοίς
560 1702 953 1775 ἐφευράμενοι.
1016 1703 1301 1774 Ἐπράχθη
1357 1703 1414 1757 δέ
1469 1701 1643 1757 ταῦτα
1698 1703 1787 1772 ἐφ’
1821 1702 1973 1765 ὅλαις

381 1795 626 1867 ἡμέραις
649 1795 804 1859 δέκα,
841 1794 930 1847 ἀεὶ
964 1793 1074 1847 τῶν
1109 1793 1316 1847 ἐθάδων
1345 1793 1490 1864 νηῶν
1528 1793 1970 1863 μετασκευαξου-

2072 590 2411 648 factitarent.
2458 595 2627 651 Plane
2660 596 2807 651 enim
2841 607 3112 653 noverant
3155 599 3330 654 multo
3362 599 3467 654 sibi
3509 600 3665 669 plura

2075 685 2420 740 restituenda
2455 688 2905 745 commutationis
2948 698 3217 761 tempore,
3251 692 3382 746 dum
3423 707 3537 747 suae
3570 708 3667 745 na-

2076 777 2243 833 tionis
2272 779 2522 848 captivos
2552 796 2581 834 a
2610 780 2876 838 Romanis
2920 782 2974 836 in
3005 783 3381 852 captivitatem
3411 785 3667 840 redactos

2074 869 2411 940 reciperent.
2444 871 2564 926 Non
2596 872 2769 939 enim,
2800 874 3268 944 quemadmodum
3302 876 3354 929 in
3383 876 3558 948 Syria,
3588 878 3665 931 sic

2074 960 2161 1015 his
2175 976 2393 1032 quoque
2406 963 2460 1017 in
2476 964 2613 1019 locis
2637 967 2959 1038 transigitur
2980 966 3322 1037 captivorum
3340 968 3665 1038 redemptio:

2075 1053 2170 1107 sed
2202 1054 2254 1107 in
2284 1055 2373 1109 his
2398 1057 2571 1111 veteri
2594 1058 3003 1113 consuetudine
3030 1074 3132 1113 usu
3166 1059 3381 1114 firmata
3405 1060 3666 1125 obtinuit,

2076 1154 2131 1199 ut
2161 1155 2217 1201 et
2240 1145 2590 1217 Barbarum,
2623 1149 2876 1220 quisquis
2910 1150 3001 1205 ille
3035 1151 3130 1215 sit,
3163 1151 3285 1207 loco
3328 1151 3476 1206 illius
3504 1168 3667 1222 quem

2076 1237 2180 1307 ipsi
2216 1237 2470 1294 detinent
2498 1239 2761 1303 referant,
2797 1250 2853 1297 et
2889 1241 3201 1297 exsolutum
3233 1258 3332 1317 pro
3371 1258 3439 1298 eo
3465 1242 3670 1313 duplex

2074 1330 2313 1400 pretium
2337 1331 2665 1402 {reposcanL
2703 1333 2837 1389 Eam
2878 1335 2950 1389 ob
2988 1350 3106 1390 rem
3136 1335 3343 1391 multos
3380 1334 3671 1392 Cretenses

2075 1424 2323 1493 captivos
2350 1427 2580 1481 mercati
2612 1436 2763 1493 sunt,
2796 1437 3039 1482 nostram
3068 1428 3280 1483 scilicet
3302 1429 3669 1485 calamitatem

2076 1517 2160 1569 sui
2202 1517 2342 1571 lucri
2375 1518 2690 1574 auctionem
2721 1520 3040 1575 commenti.
3084 1519 3249 1575 Gesta
3287 1521 3404 1576 haec
3449 1536 3548 1592 per
3576 1522 3672 1577 de-

2076 1623 2196 1662 cem
2224 1608 2467 1679 integros
2497 1609 2636 1676 dies,
2672 1626 2797 1666 cum
2828 1627 3047 1683 semper
3070 1622 3349 1669 consuetae
3375 1629 3544 1668 naves
3574 1630 3671 1669 eos

2075 1700 2168 1770 qui
2204 1701 2377 1771 empti
2418 1712 2608 1759 essent
2638 1704 3005 1761 transferrent
3033 1714 3090 1760 et
3127 1706 3182 1761 in
3220 1704 3475 1777 proprias
3502 1706 3671 1762 urbes

2075 1792 2437 1849 deveherent.
2477 1794 2627 1851 Inter
2678 1795 2796 1852 haec
2840 1796 3127 1853 divendita
3185 1814 3407 1870 quoque
3454 1809 3512 1855 et
3561 1799 3670 1855 fra-

386 1888 498 1939 σῶν
526 1887 652 1950 τοὺς
680 1885 1027 1958 ὠνουμένους
1068 1887 1163 1940 καὶ
1203 1887 1340 1959 πρὸς
1363 1885 1460 1957 τήν
1490 1886 1628 1940 ἰδίαν
1654 1885 1812 1941 πόλιν
1846 1903 1973 1957 μετ-

2076 1886 2176 1940 tris
2220 1886 2328 1942 mei
2358 1903 2518 1954 uxor,
2552 1905 2675 1960 qua:
2716 1905 2804 1946 res
2832 1905 2943 1945 non
2984 1891 3090 1946 levi
3120 1907 3223 1947 nos
3247 1890 3431 1947 etl‘ecit
3460 1892 3672 1947 maesti-

385 1979 658 2047 αγουσῶν.
696 1979 786 2032 Ἐν
830 1974 913 2043 οἷς
957 1978 1146 2049 έτυχεν
1197 1978 1479 2033 ἐκδοθεῖσα
1510 1978 1603 2032 καὶ
1636 1979 1669 2050 ἡ
1700 1978 1793 2033 τοῦ
1839 1977 1973 2049 ἐμοῦ

390 2072 623 2141 ἀδελφοῦ
653 2072 909 2141 σύζυγος,
939 2073 1000 2125 οὐ
1035 2072 1266 2144 μετρίαν
1297 2073 1429 2143 ἡμῖν
1463 2071 1656 2141 ὀδύνην
1688 2073 1976 2142 περιποιή-

395 2181 553 2217 σασα.
580 2164 645 2217 Ἥ
670 2164 727 2217 δέ
758 2183 847 2235 μοι
878 2164 1062 2235 μήτηρ
1088 2164 1181 2218 καὶ⁵
1203 2166 1237 2235 ή
1260 2165 1476 2235 γαμετὴ
1501 2166 1598 2218 σὺν
1623 2166 1742 2218 δυσὶ
1768 2166 1976 2228 τέκνοις

388 2256 476 2329 (τὸ
511 2257 617 2327 γὰρ
645 2256 836 2327 ἕτερον
878 2256 1040 2327 ἔργον
1072 2252 1140 2326 ἦν
1180 2257 1473 2327 γενόμενον
1514 2257 1615 2326 τῆς
1650 2256 1973 2329 θαλάσσης),

386 2348 472 2402 ετι
519 2348 575 2402 δέ
609 2349 699 2403 καὶ
737 2348 970 2413 ἐλεεινὸς
999 2347 1182 2413 ἄθλιος
1222 2350 1252 2403 ὁ
1292 2348 1513 2419 τλήμων
1543 2349 1769 2420 ἀδελφὴς
1809 2354 1906 2405 καὶ
1940 2355 1972 2424 ή

382 2438 465 2510 τῷ
504 2440 684 2511 χρόνῳ
735 2440 954 2494 πάντων
996 2439 1434 2510 ἐφυστερίξουσα
1473 2440 1699 2513 ἀδελφὴ,
1739 2441 1805 2494 έκ
1834 2458 1976 2506 τινος

387 2533 581 2603 θεῖκῆς
612 2532 874 2604 προνοίας
907 2533 986 2595 είς
1021 2532 1150 2603 μίαν
1191 2533 1435 2588 Σιδονίαν
1472 2532 1663 2603 ἔτυχον
1694 2532 1847 2594 ναῦν,
1877 2533 1977 2604 τῆς

385 2623 528 2695 πρὸς
558 2625 760 2695 Συρίαν
787 2625 1101 2696 ἀποδημίας
1131 2625 1481 2697 τηρούμενοι.
1525 2627 1705 2696 Ἠμᾶς
1739 2625 1797 2679 δὲ
1834 2626 1974 2680 πάν·

380 2733 489 2781 τας
526 2718 654 2780 τοὺς
685 2718 743 2770 ἐν
765 2720 831 2789 τῇ
862 2717 1179 2789 καταλλαγῇ
1212 2718 1584 2789 τηρουμένους
1612 2718 1692 2771 ἔτι
1720 2718 1978 2788 διεσπαρ-

388 2812 588 2881 μένους
636 2810 796 2875 ὅντας
851 2810 1258 2878 συναγαγόντες
1298 2811 1349 2864 οί
1403 2810 1679 2882 Βάρϐαροι
1730 2810 1824 2863 καί
1871 2828 1976 2864 τινι

385 2902 660 2973 πολεμικῇ
722 2900 812 2973 νηῒ
856 2900 966 2956 τῶν
1015 2904 1079 2955 ἐκ
1126 2902 1221 2955 τοῦ
1266 2902 1489 2973 λιμένος
1521 2899 1976 2954 ἀνασπασθεισῶν

385 2997 479 3064 ὑφ’
503 2995 561 3049 ἓν
600 2994 1013 3065 εἰσενεγκόντες
1044 2994 1360 3065 καθεῖρξαν,
1394 2994 1644 3062 φύλακάς
1678 3010 1834 3057 τινας
1867 2992 1975 3046 τῶν

389 3083 516 3139 καθ’
542 3084 745 3148 αὐτοὺς
785 3083 1071 3155 ἐμπείρων
1099 3083 1282 3136 αὐτῶν
1315 3085 1449 3155 ήμῖν
1476 3081 1935 3152 συμϐιϐάσαντες.

458 3176 552 3230 οδν.
588 3174 699 3229 Καὶ
730 3172 908 3238 οὕτως
957 3173 1320 3239 ἐσκευάζοντο
1364 3174 1501 3244 μετὰ
1530 3176 1571 3206 ⁶¹
1635 3174 1764 3244 μίαν
1806 3174 1973 3244 ἄλλην

383 3267 606 3339 ἡμέραν
635 3264 858 3337 ἔχεσθαι
888 3264 983 3319 τοῦ
1036 3264 1199 3328 πλοός
1218 3282 1234 3297 ·
1264 3266 1363 3337 ήδη
1409 3264 1518 3336 γὰρ
1550 3259 1686 3337 ἦγεν
1717 3265 1913 3327 αὐτοὺς
1941 3267 1968 3319 ὁ

384 3358 582 3431 καιρὸς
626 3358 723 3413 κοιλ⁵
768 3358 1041 3430 χρονίζειν
1073 3357 1173 3411 οὐκ
1213 3358 1384 3411 ἐδίδου
1429 3356 1504 3427 τῷ
1535 3357 1706 3428 τόπῳ,
1742 3358 1881 3429 πρὸς
1917 3358 1978 3412 τὸ

383 3450 667 3522 χειμέριον
720 3450 812 3504 τὸν
841 3450 982 3521 ἀέρα
1015 3449 1460 3521 μετατιθέμενος.
1497 3451 1717 3515 Ἵπποις
1748 3449 1841 3503 οὖν
1874 3451 1973 3521 ἐφ-

386 3543 627 3597 εστῶσιν
660 3541 953 3606 ἐπιϐάντες
991 3542 1039 3596 oi
1096 3542 1203 3597 τῶν
1254 3543 1399 3612 νηῶν
1445 3545 1680 3615 ἀρχηγοὶ
1710 3544 1858 3614 μετὰ
1886 3544 1978 3597 καὶ

386 3634 555 3689 αὑτοῦ
599 3634 696 3689 τοῦ
733 3635 1000 3705 τυράννου
1037 3635 1174 3706 πρὸς
1218 3638 1282 3708 τῇ
1329 3637 1484 3690 πόλει
1510 3636 1821 3706 γεγόνασιν,
1860 3636 1977 3708 ἅμα

391 3730 489 3797 μὲν
518 3728 928 3798 ἐνδεικνύμενοι
960 3731 1071 3793 τοῖς
1103 3730 1288 3800 Κρησὶ
1335 3729 1435 3801 τὴν
1464 3730 1557 3783 ἐπὶ
1606 3732 1717 3794 τοῖς
1758 3746 1977 3801 πεπρα-

392 3818 611 3885 γμένοις
639 3819 698 3871 ἐν
744 3820 876 3888 ἡμῖν
907 3820 1291 3889 περιφάνειαν,
1334 3822 1451 3890 ἅμα
1489 3821 1544 3873 δὲ
1588 3822 1682 3874 καὶ
1725 3823 1825 3893 τὴν
1859 3820 1977 3891 βδε-

399 3906 562 3976 λυρὰν
590 3909 769 3964 αὐτῶν
790 3910 1017 3983 τελετὴν
1042 3909 1520 3981 ἐκπληρώσαντες,
1560 3912 1885 3981 δεξιωθῆναί
1914 3931 1974 3967 τε

405 3996 556 4066 παρὰ
589 3998 690 4053 τῶν
718 3999 1063 4072 αὐτοχθόνων
1091 4002 1135 4033 ⁸³
1164 4001 1257 4054 καί
1296 4018 1442 4064 τινος
1485 4005 1669 4072 τυχεῖν
1699 4002 1808 4056 τῶν
1841 4020 1976 4075 προ-

399 4092 787 4162 ηγωνισμένων
810 4094 1070 4157 ἀνέσεως.
1099 4087 1185 4149 Ob
1201 4094 1266 4164 δὴ
1296 4093 1391 4147 καὶ
1417 4094 1544 4165 μίαν
1570 4093 1736 4165 ἄλλην
1762 4095 1976 4165 ἡμέραν

392 4182 920 4255 προσδιατρίψαντες
954 4185 1143 4255 τολμῶς
1168 4185 1535 4255 ὑπέστρεψαν,
1557 4184 1975 4249 ἐπισπεύδοντες

387 4274 455 4327 τὰ
486 4274 622 4346 πρὸς
652 4276 742 4329 τὸν
768 4276 958 4340 πλοῦν,
986 4275 1280 4341 καλοῦντος
1318 4277 1516 4340 αὐτοὺς
1546 4276 1644 4347 ἤδη
1678 4274 1771 4329 τοῦ
1814 4276 1977 4328 πνεύ-

388 4382 581 4435 ματος.
613 4367 754 4436 Ἤδη
796 4368 855 4420 δὲ
893 4368 992 4439 τῆς
1026 4368 1340 4439 δωδεκάτης
1371 4368 1588 4439 ἡμέρας
1641 4368 1972 4440 ἀρχομένης,

380 4457 528 4525 λέγω
554 4458 618 4529 δὴ
652 4459 752 4529 τῆς
803 4460 941 4531 πρὸς
991 4461 1089 4530 τὴν
1122 4462 1348 4532 Κρήτην
1379 4461 1638 4531 ἀφίξεως,
1672 4454 1768 4514 τοῦ
1814 4460 1976 4524 πλοὸς

379 4548 773 4620 ἀηρξᾶμεθα.
804 4550 1173 4622 Μετήχθημεν
1211 4551 1269 4605 δὲ
1309 4553 1447 4624 πρὸς
1471 4553 1571 4622 τὴν
1620 4550 1849 4622 ἀντικρὺ
1881 4552 1975 4621 νῆ-
2005 4585 2049 4640 D

383 4659 498 4705 σον,
530 4644 653 4714 ἣτις
681 4644 726 4675 ⁸³
780 4643 902 4707 Διὸς
948 4645 1232 4699 καλεῖται·
1271 4646 1365 4697 καὶ
1416 4645 1579 4698 πάλιν
1623 4644 1832 4699 ἐκεῖθεν
1878 4646 1972 4697 ἀν-

378 4735 641 4804 αχθέντες
674 4737 734 4788 ἐν
770 4736 849 4808 τῷ
872 4737 966 4807 τῆς
993 4739 1160 4808 νήσου
1194 4737 1395 4808 πέρατι
1443 4738 1969 4808 προσωρμίσθημεν.

393 4829 482 4880 Ἐν
504 4820 548 4895 ᾧ
572 4831 665 4883 καὶ
685 4830 1077 4901 ὑδρευσάμενοι
1102 4831 1197 4883 καὶ
1225 4831 1420 4903 μικρόν
1445 4848 1498 4883 τι
1520 4830 1596 4900 τῷ
1623 4831 1773 4902 τόπῳ
1803 4849 1973 4902 προσ-

379 4919 689 4990 μείναντες,
721 4921 797 4986 ὼς
827 4924 949 4975 κατ’
977 4923 1146 4995 οὐρὰν
1168 4919 1305 4977 εἶδον
1329 4923 1592 4991 γεγονότα
1622 4922 1715 4975 τὸν
1742 4924 1966 4993 ἄνεμον,

375 5010 734 5065 ἀπέπλευσαν
769 5014 978 5068 ἐκεῖθεν
1020 5014 1163 5068 κατὰ
1209 5014 1376 5085 μέσον
1413 5014 1692 5076 ἱθύναντες
1723 5013 1817 5067 τοῦ
1873 5032 1969 5067 πε-

374 5104 596 5173 λάγους.
626 5101 813 5171 Ἦμεν
863 5107 920 5160 δὲ
969 5108 1196 5173 πάντες,
1251 5108 1327 5172 ὡς
1360 5107 1597 5179 εἴρηται,
1652 5108 1711 5160 ἐν
1752 5109 1849 5178 μιᾷ
1882 5106 1970 5178 νηῒ

390 5194 675 5267 Ῥωμαϊκῇ
708 5196 753 5228 ⁵³
783 5196 1080 5269 πολεμικῇ,
1115 5199 1238 5267 ἥτις
1290 5194 1359 5269 ἦν
1384 5198 1598 5269 διήρης,
1627 5190 1703 5252 ὧν
1731 5196 1831 5269 τὴν
1870 5198 1971 5267 μὲν

372 5286 495 5342 ἄνω
520 5288 792 5359 καθέδραν
821 5290 871 5343 οἱ
904 5289 1161 5364 λαχόντες
1195 5286 1336 5346 εἶναι
1369 5291 1490 5358 μεθ’
1509 5290 1665 5362 ἡμῶν
1695 5290 1973 5363 Βάρϐαροι

375 5382 596 5445 ἑαυτοῖς
629 5381 1039 5453 ἐκληρώσαντο,
1066 5382 1166 5454 τὴν
1202 5382 1356 5437 κάτω
1399 5383 1455 5437 δέ
1488 5383 1625 5454 ἡμῖν
1652 5383 1967 5454 ἐπαφῆκαν,

378 5473 464 5547 [Ρ.
500 5472 627 5543 5ῖ9]
667 5475 891 5539 σκότους
935 5475 1134 5529 πολλοῦ
1165 5476 1259 5530 καὶ
1305 5475 1572 5539 δυσωδίας
1613 5474 1826 5546 πλήρη.
1855 5474 1969 5527 Καὶ

378 5566 430 5619 τί
487 5565 616 5619 ἄλλο
659 5583 725 5635 γε
757 5566 864 5638 χρὴ
913 5567 1158 5637 λέγεινῆ
1214 5567 1385 5637 τάφον
1428 5567 1515 5638 ἐφ’
1549 5566 1706 5622 ὕδασι
1738 5565 1975 5637 φερόμε-

2077 1978 2172 2033 tia.
2230 1976 2503 2035 Caeterum
2549 1991 2728 2036 mater
2775 1993 2832 2039 et
2872 1984 3072 2054 conjux
3114 1998 3240 2039 cum
3282 1982 3501 2039 duobus
3543 1984 3670 2039 ﬁliis

2078 2072 2095 2142 (
2124 2087 2246 2126 nam
2280 2072 2481 2129 tertius
2508 2073 2835 2130 demortuus
2876 2076 2931 2130 in
2974 2090 3124 2132 mare
3157 2077 3440 2148 projectus
3467 2076 3667 2142 fuerat)

2074 2179 2293 2219 necnon
2344 2164 2512 2221 miser
2572 2181 2637 2221 ac
2677 2182 3026 2224 aerumnosus
3076 2171 3269 2234 frater,
3324 2176 3489 2239 atque
3552 2186 3669 2224 om-

2076 2257 2242 2313 nibus
2289 2265 2451 2314 azlate
2495 2258 2686 2329 junior
2734 2275 2917 2326 soror,
2964 2260 3151 2316 divina
3193 2260 3428 2331 quadam
3480 2262 3668 2331 provi-

2077 2346 2265 2403 dentia
2322 2348 2378 2403 in
2432 2365 2538 2403 una
2597 2348 2952 2405 Sidoniarum
3006 2352 3231 2406 navium
3280 2351 3666 2419 servabantur,

2077 2440 2133 2496 in
2182 2440 2395 2514 Syriam
2426 2441 2770 2513 asportandi.
2799 2443 2911 2499 Nos
2938 2459 3071 2499 vero
3102 2459 3321 2510 omnes,
3349 2459 3489 2514 quos
3517 2459 3668 2499 com-

2076 2535 2372 2611 mutandos
2425 2536 2753 2602 servahant,
2813 2552 2939 2592 cum
2993 2536 3176 2595 adhuc
3242 2537 3476 2608 dispersi
3520 2552 3670 2593 esse.

2076 2626 2562 2698 mus,colligentes
2606 2627 2859 2691 Barbari,
2903 2627 3061 2702 591
3103 2628 3237 2683 etin
3263 2628 3388 2682 navi
3413 2626 3611 2683 bellica
3638 2644 3669 2681 a

2075 2719 2265 2774 littore
2315 2719 2536 2784 avulsa,
2594 2718 2648 2774 in
2694 2736 2864 2774 unum
2911 2719 3325 2786 convehentes,
3377 2719 3669 2775 concluse-

2076 2820 2221 2875 rant,
2254 2810 2582 2866 custodibus
2611 2827 2680 2865 ex
2710 2812 2847 2879 suis,
2881 2826 3068 2869 rerum
3103 2811 3445 2883 experientia
3470 2810 3669 2882 praedi-

2077 2904 2169 2970 tis,
2197 2903 2358 2959 nobis
2385 2904 2729 2959 constitutis.

2148 3169 2240 3224 74.
2290 3167 2488 3238 A‘tque
2521 3168 2695 3223 altera
2749 3165 2934 3222 statim
2985 3165 3076 3221 die
3123 3172 3530 3238 navrgationem
3578 3182 3670 3221 ca-

2082 3275 2307 3332 pessere
2345 3261 2614 3331 parabant
2647 3261 2840 3331 reique
2888 3260 3117 3314 instare.
3170 3257 3291 3315 Jam
3334 3257 3484 3312 enim
3527 3265 3670 3313 tem-

2079 3367 2185 3423 pus
2228 3352 2461 3423 urgebat
2490 3351 2796 3407 deflectens
2835 3351 2903 3407 ad
2939 3350 3206 3417 hiberna,
3244 3365 3348 3405 nec
3393 3350 3671 3421 longiores

2079 3443 2157 3498 ibi
2207 3458 2393 3498 moras
2437 3444 2661 3499 trahere
2710 3443 2949 3499 sinebat.
2991 3441 3262 3498 Navarchi
3302 3442 3485 3512 itaque
3513 3441 3672 3511 equis

2079 3534 2418 3599 conscensis,
2459 3549 2600 3605 quos
2634 3533 2688 3588 in
2725 3543 2986 3605 promptu
3026 3532 3324 3595 habebant,
3363 3548 3470 3587 una
3503 3533 3669 3587 etiam

2079 3625 2342 3695 adjuncto
2376 3632 2644 3691 tyranno,
2680 3624 2876 3679 urbem
2922 3633 3141 3695 petunt,
3178 3632 3293 3678 tum
3337 3633 3399 3679 ut
3439 3622 3668 3678 Creten-

2079 3720 2235 3774 sibus
2292 3719 2558 3790 praeclara
2620 3717 2889 3773 adversus
2932 3732 3034 3772 nos
3090 3716 3333 3772 facinora
3387 3730 3672 3770 common—

2078 3819 2354 3874 strarent,
2414 3819 2529 3866 tum
2582 3819 2641 3865 ut
2690 3808 3091 3864 abominandas
3149 3824 3277 3865 suas
3328 3808 3674 3863 caerimonias

2078 3904 2395 3974 explerent,
2453 3902 2861 3971 humaniusque
2913 3902 2981 3955 ab
3009 3901 3303 3971 oppidanis
3352 3901 3673 3971 acciperen-

2080 4004 2192 4061 tur,
2236 4004 2403 4064 atque
2446 4010 2477 4049 a
2511 3994 2818 4058 laboribus,
2862 4008 3000 4063 quos
3047 3993 3411 4063 pertulerant,
3460 3991 3675 4047 animos

2078 4088 2332 4145 nonnihil
2402 4088 2736 4144 relaxarent.
2816 4086 2893 4141 ibi
2946 4086 3183 4140 alterum
3240 4100 3461 4156 quoque
3526 4085 3672 4139 diem

2079 4182 2408 4239 commorati
2472 4180 2671 4236 festine
2720 4185 3099 4242 revertuntur,
3149 4176 3506 4247 secundoque
3561 4178 3671 4248 jam

2078 4286 2246 4331 vento
2308 4275 2718 4346 navigationem
2787 4272 3111 4327 sollicitant.
3158 4270 3389 4341 Jamque
3456 4269 3674 4325 duode-

2079 4369 2257 4434 cimo,
2309 4382 2338 4421 a
2393 4376 2584 4421 nostro
2641 4365 2857 4421 scilicet
2906 4365 2961 4419 in
3010 4362 3228 4419 Cretam
3277 4362 3545 4433 appulsu,
3604 4362 3673 4415 il-

2080 4460 2396 4514 lucescente
2439 4457 2529 4513 die
2578 4472 2609 4512 e
2660 4467 2824 4527 portu
2876 4456 3175 4522 solvimus,
3240 4454 3407 4525 inque
3473 4454 3673 4509 adver-

2078 4563 2194 4605 sam
2254 4551 2527 4615 insulam,
2578 4565 2743 4619 quam
2789 4548 2945 4605 Jovis
2988 4548 3213 4616 dicunt,
3264 4547 3407 4603 vecti
3460 4562 3672 4602 sumus.

2078 4643 2209 4697 [nde
2254 4659 2445 4698 rursus
2497 4642 2755 4714 profecti,
2802 4641 2869 4697 ad
2919 4641 3113 4696 insula;
3171 4647 3476 4696 extremam
3520 4655 3674 4695 oram

2075 4736 2436 4805 applicantes,
2495 4744 2758 4805 aquatum
2811 4733 3239 4797 exscendimus;
3294 4732 3483 4803 ibique
3522 4746 3676 4787 mora

2075 4827 2254 4897 aliqua
2301 4825 2465 4891 facta,
2503 4834 2565 4880 ut
2613 4841 2644 4881 a
2690 4825 2861 4897 puppi
2911 4824 3044 4880 flare
3092 4832 3318 4879 ventum
3361 4822 3672 4884 advertere.

2072 4935 2173 4989 per
2227 4918 2475 4972 medium
2516 4933 2669 4973 mare
2703 4934 2870 4974 cursu
2930 4917 3145 4972 directo
3193 4914 3488 4971 recedunt.
3536 4916 3671 4969 Era-

2072 5028 2197 5066 mus
2241 5026 2454 5075 omnes,
2496 5018 2557 5065 ut
2600 5010 2811 5066 dictum
2851 5019 2957 5077 est,
3008 5010 3064 5063 in
3107 5024 3217 5064 una
3261 5007 3509 5062 Romana
3554 5006 3673 5062 bel-

2071 5105 2181 5161 lica
2235 5104 2475 5159 biremi:
2517 5103 2664 5157 illius
2715 5103 3032 5174 superiores
3078 5101 3239 5157 sedes
3297 5098 3523 5154 Barbari
3573 5116 3673 5153 no-

2074 5196 2290 5253 hiscum
2357 5195 2682 5265 navigantes
2757 5195 2865 5251 sibi
2947 5194 3303 5265 delegerant,
3383 5192 3674 5247 inferiores

2073 5297 2129 5343 et
2211 5302 2386 5359 prope
2479 5287 2724 5343 carinam
2800 5287 2964 5344 nobis
3039 5286 3423 5357 reliquerant,
3519 5294 3673 5341 tene-

2077 5378 2195 5434 bris
2278 5378 2491 5435 obsitas
2580 5378 2742 5450 592
2822 5386 2879 5433 et
2955 5378 3342 5450 graveolentiaa
3427 5378 3669 5447 plenas;

2081 5487 2186 5527 nec
2258 5471 2460 5543 aptiori
2517 5471 2787 5528 vocabulo
2840 5471 3217 5542 expresseris,
3273 5485 3434 5542 quam
3482 5469 3527 5523 si
3579 5485 3669 5524 se-

2081 5565 2338 5636 pulcrum
2426 5581 2593 5636 super
2703 5578 2918 5635 aquasg
2968 5565 3260 5622 ambulans
3361 5563 3670 5635 appellave-

1670 5705 1903 5762 VARIIE
1942 5704 2356 5762 LECTIONES.

456 5855 501 5886 ‘°
535 5853 938 5910 πολυπλασίονα
976 5854 1043 5923 Α,
1082 5852 1555 5909 πολυαπλανσίονα
1585 5854 1641 5910 Ρ.

1743 5856 1782 5891 ⁶¹
1822 5855 1963 5909 κατὰ
1992 5853 2051 5910 Ρ.

2156 5854 2200 5885 ⁶²
2235 5851 2599 5925 αύτοχθονίων
2639 5853 2704 5910 A.
2786 5856 2829 5887 “
2860 5853 2894 5925 ἢ
2930 5851 3022 5908 τοῦ
3053 5852 3113 5909 Ρ.
3193 5852 3238 5888 ⁸⁵
3283 5851 3535 5921 Ῥωμαία
3565 5852 3636 5905 Δ.
