4094 6416
1733 218 1830 238 νει-ν*

475 325 579 390 631

1671 334 2014 395 JOANNES
2037 336 2478 402 CAMENIATA

3645 361 3753 424 632

471 434 568 489 ris.
635 433 852 490 Etenim
907 437 950 494 si
1012 436 1227 510 singuta
1294 455 1586 496 recensere
1645 443 1875 498 voluero
1935 461 2035 520 qua

2164 467 2254 501 νον
2277 451 2352 516 6“;
2380 453 2443 506 Εί
2465 453 2575 527 γὰρ
2604 456 2989 530 ἀπαριθμῆσαι
3016 461 3228 532 θελήσω
3247 465 3367 519 καθ’
3399 467 3457 520 ἐν
3482 469 3582 524 ὅσα
3609 471 3755 528 κατὰ

468 541 570 596 per
600 527 718 596 ejus
757 529 1120 598 navigationis
1152 529 1422 586 circulum
1456 533 1841 599 sustinuimus,
1878 552 2056 605 quan-

467 618 648 688 tisque
712 619 768 674 in
827 622 1096 692 angustiis
1151 625 1356 679 versati
1415 628 1620 694 simus,
1664 628 1876 688 fabulas
1929 647 2055 685 nar-

466 725 592 767 rare
638 712 919 784 plerisque
953 715 1187 772 videbor
1227 729 1283 774 et
1325 719 1486 792 longe
1533 737 1563 778 a
1615 723 1842 779 veritate
1887 723 2052 778 aber-

464 817 623 867 rare,
677 820 786 874 qua
835 809 1062 878 auspice
1104 814 1289 868 omnia
1347 829 1436 868 me
1495 815 1830 885 scripturum
1892 817 2053 886 polli-

463 893 607 947 citus
632 909 753 949 sum
788 896 842 952 in
868 900 1137 956 orationis
1157 903 1406 958 exordio.
1443 904 1748 976 Eapropter
1775 917 2052 977 gestarum

392 985 399 1000 '
465 998 654 1039 rerum
710 998 921 1056 partem
976 993 1274 1064 plurimam
1323 1005 1519 1064 sponte
1574 1000 1926 1068 praeteriens,
1984 1003 2053 1060 iis

383 1091 398 1178 ἶ
466 1073 523 1128 in
586 1078 791 1146 quibus
854 1081 990 1138 mihi
1045 1087 1194 1141 vires
1256 1087 1504 1144 sullicere
1560 1092 1884 1149 viderentur
1939 1097 2051 1153 huc

463 1181 641 1238 usque
687 1169 1031 1239 immoratus,
1074 1185 1134 1230 ut
1179 1177 1467 1234 credibilia
1516 1197 1616 1252 per
1664 1185 1848 1240 omnia
1902 1187 2052 1243 dice—

462 1273 616 1324 rem,
674 1275 708 1316 o
761 1260 1013 1336 Gregori,
1057 1267 1343 1323 hominum
1409 1271 1816 1341 sapientissime
1882 1287 2049 1348 atque

461 1352 887 1420 studiosissime,
915 1359 1108 1413 eodem
1140 1362 1308 1416 modo
1339 1372 1396 1417 et
1444 1367 1657 1437 reliqua
1701 1385 2046 1439 percurram,

458 1455 580 1509 quze
613 1441 750 1512 ipsa,
787 1453 847 1500 ut
879 1462 1025 1512 reor,
1056 1452 1307 1519 quamvis
1336 1453 1537 1509 durum
1567 1473 1665 1512 cor
1695 1469 1751 1515 et
1791 1459 2052 1531 implaca-

459 1531 569 1588 bile
619 1537 873 1594 emollire
921 1539 1231 1611 sulliciant;
1279 1562 1348 1600 ne
1384 1557 1536 1603 tuum
1570 1549 1788 1619 dicam,
1846 1555 1900 1608 in
1935 1572 2048 1626 quo

458 1622 606 1678 inter
661 1625 767 1683 alia
824 1630 1060 1687 maxime
1113 1637 1376 1706 proprius
1437 1642 1613 1698 enitet
1660 1644 1828 1700 animi
1883 1648 2048 1704 mise-

454 1724 647 1790 rantus
693 1719 953 1790 allectus,
1013 1707 1081 1782 ex
1124 1731 1282 1800 cujus
1330 1742 1468 1788 nutu
1526 1742 1691 1806 atque
1739 1739 1927 1796 indole
1976 1742 2044 1796 ad

459 1802 578 1865 haec
635 1811 926 1869 scribenda
983 1818 1312 1876 adhortatus
1371 1840 1432 1879 es
1493 1800 1723 1898 rem-que
1794 1822 2039 1900 tantam,
2077 1800 2119 1857 Β

456 1896 568 1954 etsi
598 1900 811 1962 viribus
845 1905 1004 1980 longe
1032 1910 1318 1984 imparem,
1348 1918 1569 1989 aggredi
1597 1924 1935 1992 compulisti.

522 2079 611 2135 75.
651 2081 925 2140 Cancrum
967 2088 1096 2157 dum
1140 2093 1221 2148 sic
1248 2094 1394 2151 inter
1424 2098 1576 2154 varia
1609 2101 2041 2164 infortuniorum

449 2188 654 2242 genera
709 2179 1099 2250 colluctamur,
1155 2185 1349 2258 ingens
1394 2193 1646 2262 quaedam
1686 2208 1877 2254 exorta
1915 2217 2043 2271 pro-

451 2267 612 2333 cella,
649 2275 786 2328 mari
829 2284 1156 2347 tempestate
1197 2285 1440 2354 turbato,
1471 2290 1528 2345 in
1565 2292 1689 2348 vita:
1737 2311 1839 2350 nos
1876 2313 2041 2369 grave

453 2361 763 2428 periculum
805 2367 1044 2427 induxit.
1111 2375 1252 2429 Hinc
1300 2394 1470 2435 naves
1509 2399 1703 2441 omnes
1739 2389 2040 2447 vehemen-

448 2816 590 2886 Leo,
642 2839 754 2880 suae
804 2831 960 2884 navis
1005 2835 1174 2904 puppi
1228 2839 1480 2897 assidens
1542 2851 1599 2902 et
1638 2849 2036 2918 gubernatores

445 2909 739 2980 navigandi
789 2918 988 2984 peritia
1048 2921 1351 2992 instruens,
1387 2931 1717 2989 vehebatur.
1768 2938 1904 2992 Eum
1939 2956 2039 2995 na-

447 2999 530 3054 vis
583 3003 725 3068 alia,
779 3009 874 3062 sed
933 3013 1108 3068 multo
1169 3017 1526 3088 imbecillior,
1580 3024 1634 3078 vi
1694 3031 2034 3098 tempestatis

445 3091 858 3165 (navigantium
912 3113 1068 3159 certo
1112 3106 1538 3182 indubitatoque
1589 3091 1874 3189 periculo)
1915 3137 2033 3176 me-

443 3182 531 3236 dia
569 3184 821 3255 diffracta
861 3196 1216 3263 sequebatur.
1269 3201 1351 3258 Ex
1394 3219 1458 3258 ea
1499 3182 1760 3275 clamare,
1803 3182 1899 3281 qui
1937 3214 2030 3271 illa

439 3273 790 3334 vehebantur
815 3281 1040 3348 Barbari
1076 3305 1089 3340 :
1126 3287 1290 3356 Serva
1325 3299 1419 3352 tua
1451 3301 1754 3366 prcesentia,
1794 3320 1823 3356 ο
1853 3308 2031 3377 copia-

443 3379 562 3418 rum
589 3365 716 3435 dum,
749 3387 841 3425 nec
871 3382 1081 3447 tantqm
1105 3378 1471 3448 Agarenorum
1492 3389 1884 3451 multitudinem
1905 3414 2029 3467 per-

440 3455 520 3522 ire
568 3459 734 3528 sinas,
769 3481 897 3532 quos
939 3469 1206 3542 hucusque
1237 3474 1302 3528 ab
1329 3480 1474 3533 omni
1512 3482 1768 3540 immunes
1798 3492 2035 3559 periculo.

446 3555 788 3614 conservasti.
858 3556 1000 3618 Tum
1051 3561 1178 3630 ille,
1233 3575 1480 3625 actutum
1547 3573 1603 3628 in
1667 3592 1764 3633 cos
1798 3555 2029 3640 idirecta

441 3639 591 3706 navi,
648 3645 854 3709 certius
909 3653 1283 3721 perquirebat.
1353 3659 1436 3714 illi
1489 3678 1597 3719 una
1654 3685 1786 3725 voce
1836 3689 2028 3732 omnes

442 3730 702 3802 clamare,
749 3747 804 3812 ct
846 3755 1040 3804 navem
1083 3745 1316 3812 fractam
1357 3767 1857 3819 commonstrantes
1899 3783 2028 3838 sup-

437 3823 659 3892 pliciter
697 3845 886 3902 rogare
917 3845 976 3902 ut
1007 3839 1167 3898 nobis
1217 3845 1497 3915 omnibus,
1546 3853 1640 3920 qui
1673 3854 1844 3912 vincti
1871 3823 2024 3916 esse-

437 3931 582 3982 mus,
636 3920 690 3974 in
736 3939 886 3982 mare
945 3931 1227 4000 projectis,
1277 3936 1380 4014 ipsi
1428 3940 1484 3995 in
1540 3960 2023 4010 navemnostram

436 4024 892 4079 convasarentur.
927 4020 1198 4081 Nimirum
1234 4031 1569 4098 probrosum
1610 4054 1734 4096 esse
1766 4042 1822 4106 in
1871 4053 2024 4105 tanto

435 4102 684 4180 periculo
739 4109 905 4166 nobis
962 4120 1196 4176 servatis
1241 4107 1384 4180 illos
1435 4129 1602 4186 maris
1653 4135 1838 4201 perire
1889 4155 2025 4195 nau-

432 4195 638 4278 fragio,
693 4202 805 4258 nec'
851 4205 1072 4267 illorum
1123 4213 1289 4270 vitam
1336 4229 1544 4277 nostra:
1591 4227 1876 4284 anteferri.
1937 4235 2022 4290 Ad

433 4291 582 4359 quod
631 4293 724 4350 ille
771 4299 1028 4357 ocissime
1065 4309 1293 4374 annuit,
1353 4311 1700 4386 imperatque
1754 4321 1875 4394 sisti
1924 4343 2022 4382 na-

433 4401 580 4452 vem,
628 4404 806 4460 exque
860 4394 952 4448 illa
999 4413 1100 4454 nos
1142 4400 1196 4454 in
1255 4418 1408 4474 mare
1455 4411 1672 4480 projici,
1723 4413 1850 4473 illos
1888 4436 2021 4478 vero

432 4477 488 4540 in
549 4477 721 4550 ipsam
775 4485 1084 4544 transferri.
1140 4490 1277 4546 Cum
1339 4495 1455 4552 bzec
1505 4477 1833 4573 agerentur,
1890 4477 2018 4569 sens-
2054 4503 2096 4558 Ῑ)

431 4568 534 4621 sim
591 4569 812 4641 longius
862 4578 1182 4644 elabimur:
1227 4568 1563 4647 ferebamur.
1589 4597 1738 4653 enim
1781 4603 2023 4665 violento

431 4675 495 4723 ac
543 4659 749 4718 furenti
799 4666 1044 4738 impetu,
1108 4679 1551 4748 propellentibus
1599 4659 2023 4765 ﬂuctibus,

429 4763 539 4802 non
576 4756 789 4820 tantum
836 4758 1064 4827 clamor,
1089 4766 1185 4821 sed
1231 4784 1299 4824 ne
1340 4774 1547 4831 tonitru
1588 4781 1810 4848 quidem
1853 4756 2022 4844 evan;

429 4840 538 4896 diri
587 4856 796 4913 posset,
845 4866 956 4924 quo
1002 4871 1068 4910 ex
1114 4858 1235 4916 loco
1273 4861 1342 4924 ab
1391 4865 1472 4920 cis
1523 4840 1785 4942 disiuncti
1832 4879 2017 4938 fuera-

426 4949 569 5012 mus.
638 4936 709 4994 Ut
767 4957 900 5014 vero
1195 4968 1296 5008 nos
1352 4971 1382 5011 a
1444 4975 1502 5028 se
1563 4936 1722 5036 longe
1792 4969 2017 5034 dissitas

425 5042 852 5101 conspexerunt,
904 5029 1050 5102 nutu]
1095 5044 1217 5100 solo
1270 5047 1541 5112 Barbaros
1588 5059 1682 5128 qui
1725 5064 2012 5123 nobiScum

423 5132 584 5192 erant
635 5138 956 5196 exspectare
1003 5135 1294 5207 jubebant.
1355 5143 1459 5210 Qui
1512 5148 1627 5206 sive
1679 5171 1788 5222 non
1846 5158 2012 5216 intel-

423 5209 657 5280 ligentes
705 5220 840 5289 quid
887 5224 967 5292 illi
1019 5230 1238 5298 vellent,
1292 5209 1410 5292 sive
1449 5241 1614 5298 etiam
1663 5219 1860 5316 sponte
1899 5271 2009 5310 non

423 5317 704 5374 curantes,
749 5329 874 5382 cum
914 5322 1062 5394 quod
1110 5324 1187 5380 illi
1232 5343 1481 5399 agerent,
1528 5339 1813 5398 attendere
1856 5347 2008 5410 nullo

409 5401 586 5474 modo
627 5404 968 5477 viderentur,
1004 5415 1146 5486 [orte
1184 5435 1314 5478 vero
1350 5423 1527 5494 (quod
1553 5435 1611 5486 et
1654 5407 2008 5498 verisimilius

421 5495 538 5562 est)
590 5496 890 5574 ineﬂ’abilis
927 5522 1055 5590 erga
1092 5526 1194 5586 nos
1219 5512 1318 5574 Dei
1355 5517 1719 5591 providentiae
1755 5527 2005 5588 instincti

422 5585 714 5658 cdoctique
779 5585 1042 5665 numine,
1109 5585 1444 5675 navigationi
1511 5613 1772 5671 continue
1833 5621 2003 5692 insta-

2162 544 2260 616 τὴν
2292 547 2543 627 περίοδον
2583 551 2801 622 ἐκείνην
2832 554 2924 608 τοῦ
2957 556 3118 621 πλοὸς
3151 559 3470 631 ὑπέστημεν
3498 565 3592 617 καὶ
3625 566 3748 636 μεθ’

2161 638 2293 708 ὅσης
2326 642 2710 712 στενοχωρίας,
2740 645 2944 714 μύθους
2976 648 3112 714 δόξω
3149 653 3262 714 τοῖς
3292 653 3510 719 πολλοῖς
3539 655 3752 728 ἐξηγεῖ-

2165 725 2286 779 σθαι
2315 730 2406 782 καὶ
2445 730 2547 800 τῆς
2570 732 2828 804 ἀληθείας
2854 739 3241 808 ἐκτρέπεσθαι,
3273 744 3395 796 καθ’
3423 747 3488 816 ἢν
3520 749 3579 800 ἐν
3601 725 3747 822 ἀρχῇ

2158 820 2255 873 τοῦ
2296 821 2457 889 λόγου
2499 825 2676 879 πάντα
2701 832 2886 901 γραφῇ
2920 832 3260 902 παραδοῦναι
3291 820 3744 912 καθυπεσχόμην,

2135 913 2259 967 ’Διά
2297 931 2379 968 τοι
2419 915 2576 970 τοῦτο
2625 919 2692 972 τὰ
2736 922 2965 977 πλεῖστα
2995 926 3103 980 τῶν
3139 932 3550 1001 πεπραγμένων
3603 935 3745 991 ἑκὼν

2159 1008 2556 1079 παραδραμὼν,
2601 1008 2684 1076 οἷς
2716 1014 2782 1068 ἂν
2819 1015 3037 1072 ἐδόκουν
3059 1021 3294 1090 μάλιστα
3334 1026 3431 1095 τὴν
3470 1028 3741 1101 ἡμετέραν

2155 1101 2411 1173 ἐξαρκεῖν
2436 1106 2676 1162 διάνοιαν
2700 1113 2861 1182 μέχρι
2882 1113 2977 1166 τοῦ
3000 1115 3096 1168 νῦν
3114 1119 3652 1191 προσδιατρίψας,ὡς
3681 1126 3739 1179 ἐν

2157 1193 2334 1248 ἅπασι
2359 1197 2420 1250 τὸ
2458 1199 2652 1253 πιστόν
2685 1217 2764 1255 σοι
2804 1207 3131 1276 παρασχεῖν,
3152 1201 3196 1261 ὦ
3220 1208 3501 1277 σοφώτατε
3529 1213 3740 1284 ἀνδρῶν

2156 1289 2252 1340 καί
2277 1289 2711 1360 φιλομαθέστατε
2737 1296 3030 1368 Γρηγόριε,
3063 1300 3206 1354 κατά
3227 1301 3318 1353 τὸν
3342 1303 3506 1356 αὐτὸν
3535 1306 3738 1374 τρόπον

2156 1379 2320 1434 πάλιν
2347 1384 2441 1435 καὶ
2465 1385 2717 1454 περὶτῶν
2742 1385 2944 1442 λοιπῶν
2972 1389 3176 1456 διεξίω,
3194 1392 3396 1446 ἱκανῶν
3436 1396 3530 1448 καὶ
3555 1395 3741 1450 ὡσαύ-

2153 1489 2260 1538 τως
2282 1474 2452 1528 ὄντων
2473 1479 2566 1530 καί¹
2588 1479 2906 1548 ἀμείλικτον
2928 1482 3221 1555 διαθρύψαι
3247 1487 3494 1558 καρδίαν,
3525 1490 3657 1560 μήτι
3675 1507 3738 1558 γε

2151 1563 2250 1635 τὴν
2281 1565 2401 1637 σὴν,
2433 1562 2500 1638 ἧς
2528 1569 2688 1622 τοῦτο
2719 1573 2921 1640 μᾶλλον
2946 1575 3056 1628 τῶν
3075 1575 3251 1632 ἄλλων
3270 1580 3418 1632 ἐστὶν
3448 1580 3740 1638 ἱδιαίτατον

2153 1656 2187 1724 ἡ
2226 1658 2562 1726 συμπάθεια,
2667 1663 2982 1734 πειθαρχῶν
3021 1669 3102 1730 είς
3139 1669 3344 1741 ταύτην
3378 1673 3528 1742 ἡμᾶς
3561 1671 3739 1726 ἐλθεῖν

2152 1748 2251 1819 τὴν
2282 1754 2610 1826 συγγραφὴν
2638 1759 2963 1828 προετρέψω
3001 1761 3096 1813 καὶ
3120 1764 3450 1832 πράγματος
3481 1765 3734 1819 τοσούτου

2149 1846 2568 1916 κατατολμῆσαι
2603 1851 2946 1923 παρεδιάσω,
2986 1855 3086 1927 τὴν
3116 1857 3237 1912 καθ’
3281 1858 3428 1929 ἡμᾶς
3474 1860 3732 1930 ὑπερϐαί-

2146 1951 2332 2004 νοντος
2351 1938 2606 2013 δύναμιν.

2217 2116 2309 2172 os'.
2339 2118 2489 2190 Πλὴν
2516 2121 2634 2176 ἀλλ’
2671 2121 2815 2178 οὕτω
2855 2127 2984 2196 περὶ
3025 2129 3229 2195 πολλὰς
3261 2135 3560 2204 συμφορῶν
3590 2137 3735 2200 ἰδέας

2145 2212 2636 2297 προσπαλαιὸντων
2685 2218 2837 2287 ἡμῶν
2889 2220 3127 2289 ἔφθασεν
3158 2227 3432 2282 ἐπιστᾶσα
3475 2231 3572 2284 καὶ
3617 2248 3735 2301 τρι-

2145 2305 2319 2374 κυμία
2350 2284 2455 2371 τις,
2499 2284 2790 2367 θαλάσσιον
2810 2284 3155 2386 διεγείρουσα
3179 2319 3446 2387 κλύδωνα,
3479 2323 3569 2374 τὸν
3606 2284 3736 2390 περὶ

2143 2395 2322 2467 ψυχῆς
2374 2400 2704 2458 ἀπειλοῦντα
2754 2406 3030 2463 κίνδυνον·
3077 2411 3137 2476 ἐξ
3170 2405 3229 2465 οὗ
3280 2416 3374 2468 καὶ
3422 2419 3594 2472 πᾶσαι
3649 2420 3733 2473 δι-

2145 2491 2590 2565 εσκορπίσθησαν
2635 2497 2692 2550 αί
2726 2499 2872 2568 νῆες,
2902 2501 2982 2572 τῷ
3013 2505 3179 2574 ῥοίζῳ
3211 2505 3302 2559 τοῦ
3334 2508 3647 2579 πνεύματος
3673 2513 3734 2578 ἐξ

2144 2579 2391 2650 ἀλλήλων
2415 2588 2637 2656 μακρὰν
2660 2587 3084 2648 διασπασθεῖσαι
3118 2596 3214 2650 καὶ
3233 2597 3325 2651 τοῦ
3359 2601 3480 2654 κατ’
3509 2603 3731 2658 εὐθεῖαν

2142 2671 2300 2742 ἥκειν
2364 2675 2706 2734 ἐκκλίνασαι.
2743 2683 2859 2736 Οὐκ
2919 2681 3035 2738 οῖδα
3087 2687 3130 2739 δ’
3179 2689 3243 2742 ἐκ
3296 2690 3442 2755 τίνος
3490 2695 3729 2764 πονηροῦ

2141 2764 2396 2835 δαίμονος
2429 2769 2589 2839 ἔτυχε
2633 2774 2969 2843 παραπλέων
2999 2779 3134 2847 ἡμῖν
3180 2781 3414 2849 ἐγγύθεν
3443 2786 3503 2850 ἐξ
3535 2787 3733 2840 εὐωνύ-

2144 2873 2249 2926 μου
2293 2861 2322 2912 ὁ
2355 2860 2672 2932 δυσώνυμος
2703 2867 2878 2931 Λέων,
2927 2871 3068 2925 κατὰ
3126 2873 3383 2944 πρύμναν
3437 2878 3538 2948 τῆς
3588 2880 3729 2944 ἰδίας

2140 2949 2270 3019 νηὸς
2303 2952 2620 3023 καθήμενος
2669 2957 2766 3010 καὶ
2803 2962 2914 3024 τοῖς
2940 2960 3307 3035 κυϐερνήταις
3340 2967 3439 3038 τὴν
3481 2971 3726 3040 περὶτοῦ

2140 3043 2295 3110 πλεῖν
2325 3045 2626 3117 ἐμπειρίαν
2656 3049 2977 3108 διατάττων.
3006 3056 3143 3109 Μεθ’
3174 3051 3249 3111 ὧν
3280 3059 3326 3089 ⁸⁸
3360 3060 3452 3113 καί
3490 3078 3573 3126 τις
3605 3063 3726 3116 δπι-

2062 3141 2104 3198 c
2141 3134 2268 3187 σθεν
2304 3137 2435 3200 ναῦς
2484 3141 2649 3210 ἑτέρα
2697 3137 2847 3198 εἷλκε
2897 3148 3007 3200 τῶν
3056 3150 3233 3204 ἄλλων
3260 3153 3303 3185 ⁸⁷
3336 3154 3724 3226 ὑποδεεστέρα,

2139 3226 2262 3296 ἥτις
2294 3224 2363 3298 ἦν
2399 3230 2444 3262 ⁸⁸
2477 3235 2542 3300 τῇ
2581 3233 2672 3305 βίᾳ
2701 3237 2796 3306 τῆς
2829 3238 2998 3309 ζάλης
3039 3243 3204 3311 μέσον
3235 3244 3600 3316 διαρῤαγεῖσα
3633 3224 3728 3302 καὶ

2137 3320 2442 3405 ἀπειλοῦσα
2485 3327 2597 3388 τοῖς
2643 3328 2701 3379 ἐν
2741 3331 2880 3401 αὐτῇ
2915 3333 3017 3403 ἤδη
3048 3336 3294 3405 παρόντα.
3340 3339 3433 3392 τὸν
3465 3341 3524 3392 ἐν
3572 3339 3728 3395 ὕδασι

2141 3397 2398 3469 θάνατον’
2428 3419 2489 3484 ἐξ
2521 3415 2586 3491 ἧς
2621 3397 2946 3494 ἀνέκραγον-
2968 3397 3017 3480 οί
3049 3397 3170 3483 κατ’
3200 3433 3375 3502 αὐτὴν
3409 3433 3685 3506 Βάρόαροι
3708 3453 3723 3466 ·

2137 3504 2352 3562 Σῶσον
2379 3510 2656 3579 ἐπιστὰς.
2686 3511 2732 3571 ὦ
2765 3521 3119 3588 καθηγεμὼν
3159 3523 3266 3578 τοῦ
3301 3526 3584 3592 στρατοῦ,
3625 3528 3725 3581 καὶ

2129 3598 2218 3668 μὴ
2243 3601 2434 3670 ἐάσῃς
2457 3603 2655 3674 δῆμον
2676 3610 2972 3665 τοσοῦτον
3015 3615 3346 3684 Ἀγαρηνῶν
3365 3619 3722 3687 ἀπολέσθαι,

2136 3690 2244 3757 οὓς
2289 3693 2487 3764 μέχρι.
2515 3699 2691 3754 τοῦδε
2743 3703 2994 3758 πολλῶν
3028 3707 3326 3762 κινδύνων
3362 3710 3716 3779 ἀπειράτους

2135 3783 2460 3854 ἐτήρησας,
2520 3791 2830 3858 ἐξειπόντες
2878 3797 2937 3850 ἐν
2967 3796 3134 3869 ὀλίγῳ
3169 3802 3264 3853 καὶ
3298 3804 3360 3854 τὸ
3385 3805 3620 3874 συμϐάν.
3665 3806 3722 3860 '0

2131 3875 2189 3926 δὲ
2227 3880 2509 3949 παρευθὺς
2537 3884 2661 3936 κατ’
2704 3887 2903 3950 αὐτοὺς
2938 3889 3036 3960 τὴν
3071 3891 3202 3961 ναῦν
3235 3892 3414 3950 ἰθῦναι
3447 3899 3560 3959 τοῖς
3592 3900 3720 3970 περδ

2133 3967 2296 4020 αὐτὸν
2348 3974 2664 4042 προστάξας
2705 3978 3102 4052 ἀκριϐέστερον
3144 3985 3406 4057 ἀνηρώτα
3440 3990 3507 4048 ‘9.
3557 3990 3622 4043 Οἱ
3667 3967 3725 4044 δὲ

2133 4057 2304 4113 πάλιν
2355 4062 2699 4136 ὁμοθυμαδὸν
2748 4070 2942 4138 ἐϐόων,
2988 4075 3084 4128 καὶ
3119 4077 3182 4130 τὸ
3219 4074 3403 4144 πάθος
3447 4082 3546 4152 τῆς
3595 4085 3722 4151 νηὸς

2133 4148 2523 4220 ὑποδείξαντες
2562 4159 2967 4230 ἐπρεσϐεύοντο
3011 4169 3231 4222 πάντων
3277 4173 3436 4242 ἡμῶν
3483 4175 3593 4226 τῶν
3637 4175 3714 4227 δε-

2134 4245 2311 4312 σμίων
2343 4252 2410 4318 τῇ
2467 4249 2712 4324 θαλάσσῃ
2751 4258 3021 4325 ῥιφέντων
3067 4263 3267 4324 αὐτοὺς
3320 4265 3401 4327 είς
3451 4269 3549 4336 τὴν
3596 4271 3718 4321 καθ’

2131 4336 2281 4404 ἡμᾶς
2312 4337 2443 4391 ναῦν
2501 4346 3039 4417 μετασκευασθῆναι,
3083 4351 3414 4422 ἐφύϐριστον
3458 4351 3596 4407 εἶναι
3636 4357 3719 4410 λέ-

2131 4443 2322 4494 γοντες
2359 4431 2418 4483 ἐν
2452 4435 2697 4506 τοσούτῳ
2739 4441 2896 4510 κακῷ
2929 4441 3253 4513 σωζομένων
3283 4446 3442 4516 ἡμῶν
3476 4449 3718 4517 ἐκείνους

2129 4521 2222 4574 τοῦ
2258 4524 2401 4576 κατά
2444 4524 2722 4584 θάλασσαν
2748 4534 3003 4600 γενέσθαι
3040 4539 3294 4592 κινδύνου
3328 4543 3425 4596 καὶ
3457 4545 3532 4616 μὴ
3586 4563 3708 4616 προ-

2128 4614 2432 4686 τιμηθῆναι
2472 4621 2572 4690 τῆς
2612 4623 2888 4696 ἡμετέρας
2918 4627 3082 4698 ζωῆς.
3117 4632 3263 4702 Πρὸς
3294 4634 3321 4687 ὂ
3362 4635 3425 4706 δὴ
3458 4614 3552 4688 καὶ
3585 4614 3710 4691 κατ-

2129 4705 2315 4763 ένευσε
2381 4715 2762 4783 παραχρῆμα,
2817 4721 3118 4790 ἐπιτρέψας
3174 4727 3376 4778 στᾶσαν
3435 4729 3533 4796 τὴν
3585 4730 3705 4780 νοῦ-ι

2125 4799 2276 4868 ἡμᾶς
2307 4803 2407 4870 μὲν
2441 4808 2506 4875 τῇ
2552 4807 2798 4881 θαλάσσῃ
2839 4814 3087 4882 ῥιφῆναι,
3120 4818 3362 4882 ἐκείνους
3404 4819 3543 4872 δὲέν
3574 4822 3710 4892 αἰτῇ

2127 4897 2628 4966 μετακομισθῆναι.
2669 4903 2758 4954 Ἑν
2788 4905 2898 4974 ὅσῳ
2928 4905 2987 4958 δὲ
3021 4907 3196 4963 ταῦτα
3229 4911 3552 4981 ἐπράττετο,
3589 4915 3714 4967 ἐλά-

2127 4984 2294 5054 θομεν
2323 4990 2426 5051 οὐκ
2457 4991 2639 5060 ὀλίγον
2666 4996 3008 5064 ἀποστάντες
3034 5003 3194 5072 ἡμεῖς
3214 5020 3226 5032 ·
3265 5004 3575 5074 ἐφερόμεθα
3605 5009 3714 5078 γὰρ

2123 5074 2288 5148 βιαίῳ
2333 5080 2443 5134 τινὶ
2491 5083 2584 5134 καὶ
2606 5083 2828 5155 χαλεπῷ
2873 5085 2950 5157 τῷ
2999 5089 3284 5160 ὁρμήματι
3313 5090 3398 5164 [Ρ.
3425 5092 3552 5165 580}
3603 5074 3712 5158 τοῖς

2123 5168 2366 5237 κύμασιν
2389 5170 2852 5252 ἐλαυνόμενοι,ώς
2881 5180 2942 5230 ού
2974 5179 3134 5249 μόνον
3159 5181 3434 5252 κραυγῆς,
3450 5183 3564 5237 ἀλλ’
3589 5184 3713 5238 οὐδέ

2121 5259 2354 5331 βροντῆς
2407 5250 2641 5332 ἐκεῖθεν,
2676 5267 2734 5334 ἐξ
2772 5262 2834 5322 οὗ
2884 5250 3257 5342 κατελίπομεν
3297 5250 3514 5338 αὐτοὺς,
3551 5274 3712 5328 δυνά-

2122 5370 2274 5422 μενοι
2303 5355 2605 5419 ἐξακούειν.
2653 5360 2740 5424 Ὠς
2782 5358 2876 5417 οὗν
2909 5360 3050 5419 εἶδον
3082 5367 3302 5438 μακρὰν
3335 5368 3706 5434 ἀποστάντας,

2117 5446 2349 5518 νεύματι
2382 5450 2541 5519 μόνον
2573 5455 2902 5526 προσμένειν
2935 5459 3064 5522 τοὺς
3092 5459 3188 5513 σὺν
3223 5461 3356 5531 ἡμῖν
3390 5462 3709 5534 Βαρϐάρους

2118 5542 2445 5612 ἐπέτρεπον.
2479 5547 2542 5598 ΟΞ
2575 5548 2653 5613 δέ,
2693 5549 2801 5602 εἴτε
2841 5553 2914 5624 μὴ
2967 5554 3243 5620 συνιέντες
3286 5556 3423 5624 πρὸς
3473 5556 3500 5608 ὃ
3532 5555 3706 5609 ταῦτα

2116 5633 2355 5696 ἐποίουν,
2386 5637 2494 5690 εἴτε
2546 5641 2639 5692 καὶ
2690 5643 2906 5707 ἑκόντες
2948 5647 3146 5711 αὐτοὺς
3199 5648 3700 5720 παραλογισάμενοι

1733 5708 1964 5770 VARUE
1996 5720 2396 5781 LECTIONES.

494 5766 541 5799 ’³
576 5777 940 5853 πορευόμενον
973 5785 1036 5840 Α.
1113 5791 1156 5822 ⁸⁸
1182 5778 1278 5852 ῧνῖ
1360 5799 1402 5829 ⁸⁷
1432 5804 1546 5868 ταῖς
1580 5804 1768 5878 ἄλλαις
1801 5807 1860 5862 Ρ.

1942 5816 1984 5846 εει
2015 5811 2104 5888 ἦν]
2136 5821 2230 5874 και
2266 5822 2324 5876 ιι.

2403 5825 2444 5856 ⁸³
2483 5827 2732 5897 ἐνηρώτα
2771 5828 2829 5885 Ρ.
