4094 6420
307 352 419 415 633

1391 356 1491 416 DE
1532 356 1842 417 EXCIDIO
1869 356 2484 418 THESSALONlC/E.

3473 364 3577 426 634

304 465 385 533 τῷ
422 464 543 534 μηδ’
593 463 730 526 δλως
782 463 1073 533 φαίνεσθαι
1108 464 1399 534 προσέχειν
1433 467 1545 528 τοῖς
1584 465 1675 519 ὑπ’
1713 466 1881 519 «ora»

1996 466 2149 527 bant.
2198 467 2346 519 nulla
2395 481 2587 520 eorum
2635 465 2729 535 qui
2786 476 2936 521 retro
2980 479 3166 525 essent
3217 471 3433 527 ratione
3485 474 3580 528 ha~

304 555 807 625 προσταττομένοις
848 555 914 619 ⁷⁰,
956 554 1096 624 τάχα
1131 554 1187 607 δέ
1235 554 1394 606 τοῦτο
1441 554 1604 607 πλέον
1637 555 1740 608 ὑπὸ
1787 557 1886 626 τῆς

305 647 520 713 ἀφάτου
550 648 729 717 περὶή
742 648 847 715 μᾶς
878 646 1204 716 κηδεμονίας
1230 645 1323 700 τοῦ
1351 646 1487 700 Θεοῦ
1521 647 1884 717 διδαχθέντες,

305 740 519 809 είχοντο
541 739 635 792 τοῦ
663 738 846 803 πλοὸς,
882 740 1085 811 μηδένα
1114 739 1270 807 λόγον
1303 739 1411 792 τῶν
1440 740 1670 794 κατόπιν
1704 742 1889 794 ποιοῦ·

1996 558 2145 622 bita,
2201 557 2296 613 sed
2346 566 2406 610 ut
2450 558 2603 611 omni
2654 558 2937 629 diligentia
2991 572 3155 632 atque
3205 580 3373 633 opera
3424 582 3581 620 suam

1993 653 2200 721 pariter
2244 661 2620 721 nostramque,
2658 653 2713 706 in
2752 661 2862 707 tam
2901 654 3020 708 dira
3071 655 3403 726 immanique
3446 673 3580 728 pro.

1996 743 2158 806 cella,
2188 751 2493 797 statuerent
2522 745 2778 799 salutem.

309 851 483 903 μενοι,
516 834 655 889 ἀλλά
706 836 856 907 πάσῃ
901 834 1101 907 σπουδῇ
1153 836 1250 905 τὴν
1279 835 1461 893 αὐτῶν
1532 853 1591 890 τε
1661 837 1754 890 καὶ
1799 838 1958 907 ἡμῶν
2015 840 2291 911 σωτηρίαν
2342 840 2401 893 ἐν
2454 838 2596 893 οὓτω
2660 840 2952 913 βιαιοτάτῳ
3013 844 3394 916 μηχανώμενοι
3448 847 3580 900 κλύε-

302 929 455 984 δωνι.

376 1022 484 1087 ος’.
530 1023 616 1084 Ὠς
647 1020 703 1073 δὲ
733 1022 953 1091 μακρὰν
974 1020 1323 1082 ἀποστάντας
1355 1019 1493 1075 εἶδον
1514 1025 1661 1093 ἡμᾶς
1689 1025 1887 1077 ἐκεῖνοι

301 1120 401 1173 καὶ
438 1120 518 1180 εἰς
548 1117 701 1170 οὐδὲν
725 1117 825 1187 τὴν
856 1116 1055 1186 σκῆψιν
1078 1118 1119 1149 ⁷⁸
1155 1118 1460 1187 χωροῦσαν,
1499 1120 1805 1189 συνείχοντο
1831 1119 1888 1172 δὲ

301 1208 708 1270 κινδυνεύοντες
764 1209 879 1270 τοῖς
914 1205 1072 1260 ὕδασι
1124 1207 1224 1277 τῆς
1275 1206 1402 1275 νηδς
1451 1208 1883 1279 καταδυομένης,

298 1300 471 1371 ἄλλην
494 1300 618 1353 τινὰ
654 1299 840 1367 δέησιν
864 1298 939 1369 τῷ
964 1300 1216 1369 τυράννῳ
1243 1299 1546 1368 προσῆγον,
1566 1299 1751 1353 λαϐεῖν
1790 1301 1889 1369 μὲν

301 1393 502 1453 αὐτοὺς
524 1395 602 1453 είς
635 1392 735 1460 τὴν
772 1390 909 1444 ίδίαν
935 1392 1088 1456 ναῦν,
1112 1394 1273 1446 ἐᾶσαι
1297 1392 1353 1444 δὲ
1377 1394 1507 1455 τοὺς
1540 1395 1658 1461 μετ’
1684 1394 1885 1457 αύτῶν,

303 1484 428 1555 μεθ’
451 1477 524 1536 ὧν
554 1484 887 1554 ἐπεφέροντο
918 1485 1151 1549 σκύλων,
1182 1486 1248 1555 τῇ
1280 1483 1524 1556 θαλάσσῃ
1554 1485 1795 1555 δοθῆναι.
1826 1486 1885 1541 ’0

299 1576 359 1629 δὲ
390 1574 526 1643 πρὸς
549 1573 708 1626 τοῦτο
736 1573 898 1628 πάλιν
926 1569 995 1643 ἦν
1025 1573 1308 1642 εὐπειθὴς,
1334 1573 1537 1643 καίπερ
1567 1572 1663 1626 τοῦ
1687 1572 1881 1643 καιροῦ

305 1669 383 1737 μὴ
418 1666 1000 1741 συγχωροῦντος,ἀλλά
1029 1668 1127 1737 τὴν
1155 1668 1375 1721 πάντων
1416 1668 1726 1735 ἀπόγνωσιν
1755 1670 1881 1722 ἐπιε-

2066 1024 2153 1080 76.
2209 1026 2309 1082 Ubi
2345 1042 2511 1096 porro
2547 1043 2648 1082 nos
2685 1028 2845 1097 longe
2891 1027 3159 1085 distantes
3205 1032 3575 1100 conspiciunt,

1996 1134 2203 1187 suaque
2251 1119 2485 1188 cogitata
2526 1119 2582 1173 in
2630 1119 2864 1173 nihilum
2906 1121 3105 1177 cedere
3145 1122 3462 1186 advertunt,
3495 1133 3578 1178 at-

1994 1226 2100 1281 que
2143 1211 2271 1265 navi
2312 1227 2484 1281 prope
2525 1212 2821 1282 mergenda
2866 1213 2921 1267 in
2973 1223 3410 1283 praesentaneum
3456 1216 3582 1270 vitae

1995 1302 2297 1356 discrimen
2344 1316 2402 1355 se
2447 1301 2716 1356 adductos
2763 1312 3033 1369 cernunt;
3096 1303 3245 1359 aliud
3297 1306 3580 1374 quidpiam

1994 1408 2023 1446 a
2084 1401 2313 1463 tyranno
2375 1392 2706 1463 efﬂagitant,
2768 1403 2831 1449 ut
2896 1396 3106 1449 scilicet
3178 1395 3232 1449 in
3296 1397 3576 1466 propriam

1991 1486 2174 1539 navim
2224 1485 2359 1555 ipsis
2412 1488 2683 1555 receptis,
2729 1502 2826 1541 eos
2874 1487 2967 1555 qui
3032 1503 3155 1541 cum
3203 1488 3338 1556 ipsis
3386 1496 3576 1555 erant,

1990 1578 2344 1648 praedamque
2394 1580 2705 1633 universam
2754 1579 2889 1633 mari
2942 1580 3322 1633 concrederet.
3367 1578 3580 1646 Quibus

1988 1672 2079 1728 ille
2122 1690 2317 1728 rursus
2361 1674 2604 1727 animum
2644 1672 2820 1727 facilis
2869 1672 3115 1735 adhibet,
3164 1673 3294 1728 licet
3341 1674 3396 1728 id
3443 1682 3581 1729 tem-

304 1760 598 1823 τείνοντος,
651 1762 744 1812 καὶ
792 1758 899 1811 τῶν
934 1760 1233 1829 ἀγωγίμων
1274 1760 1368 1812 τοῦ
1430 1760 1621 1830 πρώην
1682 1762 1881 1831 φόρτου

1987 1782 2109 1839 pus;
2144 1782 2252 1822 non
2310 1767 2685 1836 permitteret,
2751 1766 2847 1820 sed
2911 1765 3157 1820 omnium
3222 1767 3395 1837 magis
3459 1783 3579 1820 ma-

303 1850 554 1919 αὐτάρκη
584 1850 683 1917 τῆς
707 1850 832 1915 νηὸς
855 1849 1024 1903 αὑτοῦ
1050 1849 1147 1918 τὴν
1174 1850 1363 1920 χρείαν
1392 1850 1878 1921 ἀποπληρούντων.

304 1943 456 2013 Πλὴν
476 1943 576 1994 οὐκ
602 1939 749 2007 εδοξε
778 1940 935 1995 τοῦτο
960 1942 1237 2011 συμφέρον
1260 1939 1422 2006 εἶναι,
1450 1943 1559 1995 τῶν
1583 1943 1654 1997 Βα
1665 1945 1882 2014 ρὸάρων

305 2036 724 2106 περισωθέντων
756 2035 881 2097 τοὺς
911 2034 1294 2103 αἰχμαλώτους
1332 2035 1653 2090 καταλιπεῖν
1679 2037 1757 2107 τῷ
1788 2037 1883 2089 θα-

307 2128 520 2197 λασσίῳ
554 2127 715 2198 βυθῷ,
760 2128 898 2181 ἀλλά
926 2145 978 2181 τι
1020 2129 1182 2197 δῆθεν
1228 2130 1411 2192 ἐλέους
1458 2131 1715 2199 ἐχόμενον
1758 2131 1882 2184 καθ’

306 2216 507 2269 ἑαυτὸν
538 2216 988 2288 βουλευσάμενος,
1019 2218 1162 2288 τάχα
1213 2222 1280 2289 τῇ
1318 2220 1486 2291 μανίᾳ
1524 2220 1625 2291 τῆς
1685 2221 1883 2296 φιλαρ-

302 2307 507 2378 γυρίας
534 2310 612 2371 είς
640 2308 800 2362 τοῦτο
833 2310 1167 2374 συνελαθεὶς,
1197 2312 1319 2381 οὐχὶ
1351 2312 1408 2365 δὲ
1441 2314 1753 2384 συμπαθείᾳ
1775 2316 1882 2368 τινὶ

304 2402 437 2469 περὶ
470 2401 566 2471 τῆς
602 2402 783 2456 αὐτῶν
816 2402 1093 2466 ἀπωλείας
1128 2403 1469 2473 δυσωπηθεὶς
1501 2406 1642 2474 (πῶς
1673 2405 1781 2477 γάρ
1823 2407 1882 2471 ὃς

301 2494 560 2562 ἐφαίνετο
591 2495 785 2566 πρώην
816 2499 926 2559 τοῖς
950 2496 1155 2558 ἀδίκοις
1178 2498 1363 2564 φόνοις
1418 2500 1693 2569 τρυφῶν;)
1732 2501 1881 2569 ὅμως

301 2585 398 2636 καὶ
419 2585 615 2646 αὐτοὺς
641 2585 967 2655 μετενέγκαι
993 2587 1216 2649 σὺντοῖς
1237 2587 1544 2658 Βαρϐάροις
1563 2590 1878 2655 ἐπέταττεν,

301 2674 370 2723 ἵν’
405 2672 517 2743 ἔχοι
550 2674 653 2728 κάν
684 2674 895 2739 τούτοις
914 2676 1203 2748 ἁδρότερον
1224 2679 1447 2748 ποιῆσαι
1473 2681 1534 2734 τὸ
1555 2682 1655 2751 τῆς
1681 2682 1879 2737 πλεον-

300 2765 453 2827 εξίας
519 2765 805 2836 βαλάντιον
886 2770 981 2821 καὶ
1034 2769 1134 2838 τὴν
1194 2771 1520 2845 φιλόχρυσον
1570 2775 1882 2846 ἀναπλῆσαι

301 2859 529 2926 λύσσαν,
558 2860 661 2914 κᾶν
692 2861 832 2929 τάχα
859 2860 1115 2932 φορτικὸν
1147 2856 1216 2933 ἦν
1247 2864 1341 2917 καὶ
1367 2864 1574 2934 τόλμης
1602 2867 1797 2933 ἀλόγου
1821 2868 1882 2921 τὸ

298 2952 631 3021 ἐγχείρημα.
662 2952 887 3006 Πάντων
916 2953 972 3005 δὲ
994 2954 1133 3007 κατὰ
1156 2954 1254 3025 τὴν
1286 2956 1451 3009 αὐτοῦ
1475 2956 1608 3011 ναῦν
1633 2956 1694 3011 τὸ
1719 2959 1880 3029 τάχος

302 3042 764 3111 μετενεχθέντων,
799 3043 885 3095 ἔδυ
910 3044 1091 3114 ἐκείνη
1120 3049 1231 3111 τοῖς
1256 3046 1410 3100 ὕδασι
1432 3047 1738 3117 βλεπόντων
1769 3054 1879 3107 τῶν

296 3135 606 3205 Βαρϐάρων
637 3138 731 3189 καὶ
756 3136 935 3190 αὐτῶν
962 3137 1019 3190 δὲ
1056 3139 1165 3192 τῶν
1196 3144 1521 3209 στρατηγῶν
1552 3147 1609 3196 ἐν
1643 3146 1779 3217 αὐτῇ
1814 3152 1881 3218 τῇ

298 3226 392 3293 νηῒ
424 3226 519 3279 τοῦ
560 3228 827 3297 τυράννου
860 3229 1282 3301 φυλαττομένων
1310 3234 1497 3297 αὐτοῖς
1516 3253 1531 3267 ·
1563 3237 1760 3301 οἵτινες
1792 3241 1884 3293 καὶ

297 3323 327 3384 ή
343 3322 436 3387 μῖν
459 3320 516 3370 ἐν
543 3319 757 3389 ὑστέρῳ
777 3320 951 3373 ταῦτα
974 3321 1328 3393 διηγήσαντο,
1354 3325 1415 3377 τὸ
1442 3328 1883 3384 παντεπίσκοπον

299 3412 396 3461 καὶ
427 3408 811 3480 φιλάνθρωπον
870 3412 1309 3484 ἐκπληττόμενοι
1354 3418 1453 3485 τῆς
1513 3418 1701 3489 θεῖκῆς
1751 3420 1883 3492 προ-

299 3501 470 3563 νοίας.
504 3501 692 3570 Πολλῴ
726 3502 832 3571 γάρ
879 3504 1049 3556 πλείω
1077 3504 1186 3559 τῶν
1213 3506 1259 3536 ⁷⁸
1289 3506 1476 3575 χιλίων
1523 3507 1711 3579 ψυχῶν
1754 3511 1885 3581 ἐφα-

302 3611 431 3645 σκον
462 3590 600 3647 εἶναι
633 3596 776 3647 κατά
799 3596 897 3666 τὴν
924 3595 1055 3649 ναῦν
1088 3596 1323 3667 ἐκείνην,
1351 3597 1414 3651 ἐκ
1443 3618 1503 3653 τε
1531 3602 1641 3655 τῶν
1668 3604 1885 3672 Βαρϐά-

304 3704 413 3753 ρων
438 3684 529 3739 καὶ
562 3685 671 3739 τῶν
694 3687 1061 3757 αἰχμαλώτων
1088 3690 1197 3744 τῶν
1226 3694 1284 3746 ἐν
1312 3696 1379 3763 τῇ
1406 3695 1595 3765 Κρήτῃ
1635 3697 1755 3749 κατ’
1782 3697 1882 3749 αὐ-

302 3779 400 3843 τὴν
448 3776 866 3849 εἰσενεχθέντων
897 3782 993 3833 καὶ
1022 3782 1133 3834 τῶν
1180 3783 1245 3835 ἐκ
1281 3784 1381 3852 τῆς
1412 3785 1671 3856 ρηθείσης
1718 3804 1887 3855 προσ-

314 3866 568 3918 τεθέντων
610 3870 812 3933 αίτίας,
848 3870 922 3934 ὡς
956 3872 1212 3927 τοσοῦτον
1257 3875 1485 3943 ἀπέχειν
1520 3876 1885 3948 βαπτισθῆναι

317 3953 416 4023 τὴν
451 3955 637 4011 ὁλκάδα
689 3960 815 4012 ὅσον
850 3964 978 4030 μιᾶς
1014 3964 1315 4034 παλαιστῆς
1359 3967 1420 4018 τὸ
1460 3968 1659 4038 μέτρον
1715 3972 1879 4024 ἐστίν.

312 4046 391 4098 Ού
428 4048 762 4122 συνεχώρησε
792 4052 849 4105 δέ
880 4054 1037 4107 τοῦτο
1065 4057 1092 4108 δ
1131 4056 1241 4108 τῶν
1268 4058 1490 4127 ἀφανῶν
1522 4058 1767 4128 γνώστης
1791 4063 1884 4115 καὶ

300 4137 414 4189 τῶν
461 4142 703 4212 κρυφίων
756 4144 1048 4218 ἐξεταστὴς
1091 4148 1315 4218 Κύριος,
1352 4148 1436 4221 [Ρ.
1480 4151 1610 4223 581]
1640 4150 1755 4204 ἀλλ’
1809 4153 1885 4219 ὡς

296 4227 404 4282 εἶδε
437 4232 534 4296 τὰς
575 4236 802 4304 καρδίας
834 4239 1085 4292 ἁπάντων
1117 4241 1297 4310 πάσης
1329 4243 1427 4312 μὲν
1449 4243 1693 4313 χρηστῆς
1725 4245 1884 4296 ἀπει-

295 4321 509 4387 πούσας
540 4326 776 4390 ἐλπίδος,
805 4329 951 4400 αὐτῷ
976 4331 1030 4383 δὲ
1060 4333 1206 4403 μόνῳ
1233 4336 1331 4403 τὴν
1363 4336 1675 4405 ἀμηχανίαν
1701 4340 1884 4407 ἐμφα-

1990 1865 2181 1935 gisque
2232 1862 2671 1931 desperationem
2725 1872 2979 1930 augeret,
3023 1862 3309 1931 priorique
3352 1871 3577 1916 vectura

1990 1971 2054 2009 ac
2122 1969 2292 2009 onere
2352 1954 2472 2021 ejus
2533 1952 2754 2007 abunde
2812 1952 2970 2006 navis
3035 1953 3343 2022 constipata
3408 1963 3576 2007 esset.

1990 2048 2147 2103 Haud
2202 2048 2485 2101 enimvero
2537 2060 2569 2098 e
2626 2058 2683 2098 re
2736 2045 2871 2099 satis
2918 2043 2996 2096 illi
3038 2044 3214 2097 visum
3266 2053 3328 2097 ut
3373 2042 3577 2097 Barba-

1989 2142 2068 2195 ris
2110 2139 2341 2194 servatis
2380 2137 2626 2207 captivos
2672 2135 2843 2191 maris
2882 2136 3079 2206 gurgiti
3136 2134 3439 2189 sorbendos
3483 2134 3577 2188 de-

1990 2240 2221 2288 sereret.
2284 2230 2425 2296 Quin
2480 2230 2592 2283 imo
2636 2244 2823 2283 secum
2868 2228 2984 2296 ipse
3024 2225 3402 2281 misericordia
3450 2243 3578 2295 pro-

1988 2339 2121 2378 num
2173 2321 2463 2376 consilium
2512 2319 2755 2390 agitans,
2798 2328 2854 2373 et
2922 2318 3060 2372 forte
3111 2317 3355 2370 avaritia!
3392 2315 3577 2370 furore

1989 2413 2260 2476 concitus,
2302 2427 2411 2465 non
2454 2411 2563 2464 ulla
2604 2418 2919 2463 nostrorum
2952 2407 3210 2461 interitus
3252 2414 3432 2460 tactus
3472 2407 3575 2459 mi-

1988 2501 2629 2572 scratione,(quomodo
2666 2500 2847 2561 enim.
2888 2498 2980 2568 qui
3024 2514 3201 2568 nuper
3243 2498 3322 2550 sic
3360 2495 3582 2566 injustis

1988 2597 2231 2652 caedibus
2284 2595 2611 2665 gaudentem
2644 2591 2803 2661 595
2843 2588 3234 2659 prodiderat?)
3283 2588 3405 2642 illos
3437 2602 3576 2656 quo-

1988 2707 2095 2762 que
2153 2689 2512 2743 nihilominus
2562 2702 2685 2740 cum
2733 2683 2988 2738 Barbaris
3044 2680 3227 2737 invehi
3276 2681 3465 2747 jubet,
3516 2684 3577 2733 ut

1988 2783 2116 2837 hinc
2163 2794 2381 2849 quoque
2426 2783 2768 2831 nummatum
2808 2772 3147 2840 marsupium
3198 2770 3414 2825 auctius
3447 2768 3565 2821 red-

1988 2875 2146 2929 deret
2199 2871 2430 2938 aurique
2472 2867 2689 2921 avidam
2738 2864 2947 2918 rabiem
2989 2861 3306 2921 exsatiaret,
3350 2858 3571 2915 tametsi

1990 2964 2224 3019 fortasse
2283 2960 2338 3014 id
2400 2973 2562 3029 grave
2619 2955 3003 3021 dementisque
3061 2951 3305 3006 audaciae
3364 2949 3577 3002 facinus

1988 3064 2151 3109 esset.
2215 3051 2486 3107 Omnibus
2533 3055 2713 3101 autem
2769 3046 2822 3099 in
2879 3046 2999 3114 ejus
3052 3042 3235 3096 navim
3288 3040 3576 3095 celerrime

1986 3147 2238 3210 invectis,
2267 3146 2373 3200 alia
2405 3143 2473 3197 ab
2510 3142 2665 3211 aquis
2696 3139 2852 3195 navis
2881 3139 3136 3206 absorpta
3172 3146 3275 3199 est,
3311 3133 3571 3188 Barbaris

1987 3237 2357 3297 intuentibus,
2418 3234 2660 3303 ipsisque
2718 3228 3009 3285 navarchis
3060 3229 3116 3281 in
3173 3226 3290 3296 ipsa
3347 3225 3563 3295 tyranni

1984 3336 2109 3389 navi
2168 3333 2421 3397 servatis,
2466 3331 2561 3401 qui
2609 3338 2664 3383 et
2716 3336 2926 3397 postea,
2964 3325 3164 3379 divinae
3208 3320 3569 3392 providentia:

1984 3428 2095 3478 vim
2124 3426 2371 3479 omnium
2416 3422 2801 3490 inspectricem
2834 3431 2889 3475 et
2930 3418 3325 3471 humanitatem
3374 3429 3437 3467 ac
3458 3414 3575 3467 cle-

1984 3514 2247 3567 mentiam
2305 3520 2626 3580 stupentes,
2686 3510 2802 3564 haec
2858 3508 2973 3577 ipsa
3033 3506 3195 3560 nobis
3249 3517 3570 3558 narravere.

1986 3605 2130 3658 Mille
2169 3605 2318 3659 enim
2374 3603 2613 3672 amplius
2663 3602 2876 3656 animas
2927 3600 3187 3654 dicebant
3241 3598 3295 3651 in
3350 3612 3415 3650 ea
3470 3611 3576 3650 nu-

1985 3696 2184 3751 merari
2236 3712 2408 3761 nave,
2466 3704 2582 3750 tum
2638 3694 3006 3748 Barbarorum
3067 3701 3181 3746 tum
3231 3690 3575 3759 captivorum

1986 3789 2127 3860 apud
2160 3788 2381 3843 Cretam
2422 3787 2479 3840 in
2509 3801 2629 3840 eam
2663 3785 3034 3843 invectorum,
3078 3797 3141 3836 ac
3174 3790 3455 3851 postremo
3484 3796 3581 3833 er».

1988 3894 2110 3934 rum
2156 3877 2251 3947 qui
2304 3891 2403 3945 per
2442 3888 2563 3929 eam
2614 3888 2836 3927 causam
2890 3873 2967 3926 illi
3004 3881 3256 3925 vectores
3308 3871 3577 3925 accessis-

1986 3980 2142 4031 sent,
2205 3974 2263 4020 ut
2306 3965 2472 4019 unius
2530 3964 2798 4018 duntaxat
2851 3962 3019 4031 palmi
3078 3976 3337 4015 mensura
3390 3970 3575 4015 exsta—

1985 4068 2099 4124 ret,
2158 4072 2222 4113 ac
2271 4070 2341 4110 ne
2389 4053 2547 4122 aquis
2585 4060 2928 4122 mergeretur
2984 4052 3222 4105 abesset.
3283 4050 3439 4115 Quod
3488 4058 3575 4102 ta-

1986 4166 2113 4206 men
2158 4163 2268 4202 non
2307 4144 2560 4214 permisit
2605 4144 2949 4198 occultorum
2989 4141 3241 4211 cognitor
3284 4140 3571 4206 Dominus,

1986 4249 2042 4295 et
2104 4241 2200 4310 qui
2256 4236 2577 4293 abscondita
2634 4244 2936 4291 scrutatur.
2998 4234 3105 4288 Sed
3160 4232 3254 4288 ubi
3326 4233 3572 4288 omnium

1988 4331 2153 4386 corda
2206 4330 2378 4393 vidit,
2431 4327 2578 4383 omni
2631 4328 2741 4397 jam
2790 4325 3057 4379 felicioris
3107 4325 3289 4379 exitus
3336 4340 3430 4393 spe
3480 4323 3577 4378 de-

293 4414 553 4479 νιζούσας
586 4419 664 4490 τῷ
709 4420 886 4474 πάντα
932 4422 1217 4495 δυναμένῳ
1270 4427 1419 4496 μόνῳ
1460 4428 1537 4498 τῷ
1569 4427 1876 4498 βούλεσθαι,

1988 4421 2186 4490 posita,
2222 4418 2328 4489 ipsi
2371 4420 2489 4482 uni,
2540 4419 2598 4472 in
2643 4433 2754 4485 quo
2789 4416 3171 4477 versabantur,
3224 4414 3575 4469 manifestare

293 4507 598 4579 ἐπέϐλεψεν
653 4513 741 4565 ἐπ’
789 4515 1005 4579 αὐτοὺς,
1048 4517 1143 4570 καὶ
1199 4520 1279 4581 είς
1330 4522 1514 4588 πρὰαν
1556 4523 1655 4591 μὲν
1704 4522 1877 4591 αὔραν

290 4601 397 4667 τὴν
447 4604 767 4672 καταιγίδα,
821 4607 901 4668 εἰς
934 4608 1175 4681 γαλήνην
1231 4611 1287 4662 δὲ
1318 4611 1416 4681 τὴν
1464 4613 1573 4667 τῶν
1619 4617 1878 4685 κυμάτων

293 4695 713 4765 καταστορέσας
747 4698 1096 4767 τραχύτητα,
1140 4702 1343 4755 ἔσωσεν
1387 4704 1586 4768 αὐτοὺς
1635 4707 1699 4758 ἐκ
1748 4724 1877 4759 τοσ-

290 4783 455 4836 ούτου
482 4787 753 4855 κινδύνου,
780 4793 946 4843 πᾶσιν
974 4794 1385 4861 ὲμφαίνων,κα“ι
1414 4797 1572 4865 μόνον
1595 4798 1713 4867 οὐχὶ
1748 4800 1877 4869 βοᾷν

290 4874 561 4930 δεικνύων
583 4880 650 4933 τὰ
679 4884 1003 4954 πράγματα,
1035 4887 1183 4946 ὅπως
1214 4887 1439 4956 ῥύεσθαι
1470 4888 1691 4942 δύναται
1711 4890 1739 4945 ὁ
1770 4891 1878 4945 τῶν

291 4969 621 5036 θαυμασίων
667 4972 798 5035 Θεὸς
830 4977 955 5038 τοὺς
1013 4977 1071 5028 ἐν
1123 4977 1353 5048 ἀληθείᾳ
1411 4979 1508 5032 καὶ
1567 4980 1717 5051 φόϐῳ
1758 4985 1877 5036 ἐπι-

290 5059 668 5130 καλουμένους
702 5065 887 5118 αὐτόν.

363 5239 463 5303 οζκ
503 5241 642 5311 Ἤδη
673 5243 730 5296 δὲ
798 5245 937 5313 μετά
987 5246 1247 5318 πέμπτην
1308 5248 1402 5301 τοῦ
1453 5251 1614 5321 πλοὸς
1658 5254 1874 5323 ἡμέραν

294 5332 622 5403 κατήραμεν
662 5337 713 5387 ἐι
744 5337 818 5405 ’τῇ
848 5339 997 5408 νήσῳ
1029 5339 1129 5407 τῆς
1157 5340 1383 5412 Κύπρου
1413 5344 1554 5396 κατὰ
1590 5348 1680 5396 τὸν
1706 5346 1875 5415 ὅρμον

288 5420 398 5488 τῆς
427 5422 636 5491 Πάφου,
667 5427 726 5477 ἐν
758 5418 802 5494 ᾧ
831 5429 927 5479 καὶ
973 5430 1253 5493 ἀνεθέντες
1300 5432 1495 5501 μικρὸν
1529 5433 1605 5495 ὼς
1636 5433 1874 5497 ἐξελθεῖν

289 5513 426 5574 τοὺς
446 5513 763 5586 Βαρϐάρους
797 5522 891 5571 καὶ
921 5522 1031 5585 τοῖς
1061 5525 1488 5595 παρακειμένοις
1543 5524 1700 5578 ὕδασι
1749 5527 1874 5579 λού-

293 5601 521 5671 σασθαι,
570 5609 733 5661 πάλιν
784 5612 995 5665 ἐκεῖθεν
1052 5614 1377 5685 ἀναχθέντες
1428 5618 1568 5687 μετά
1608 5635 1670 5685 γε
1711 5621 1872 5689 νυχο-

1985 4509 2201 4564 consilii
2234 4508 2515 4577 .inOpiam,
2566 4506 2662 4576 qui
2693 4506 2951 4567 videlicet
2999 4506 3111 4560 sola
3144 4505 3427 4559 voluntate
3469 4504 3578 4558 sal-

1984 4620 2078 4657 vas
2135 4610 2316 4671 potest
2367 4610 2662 4670 praistare,
2726 4601 2781 4655 in
2841 4600 2964 4654 illos
3019 4600 3209 4655 oculos
3263 4598 3574 4664 convertit,

1986 4711 2049 4749 ac
2100 4694 2401 4764 procellam
2458 4693 2681 4762 quidem
2741 4693 2796 4747 in
2859 4706 3049 4747 auram
3095 4692 3313 4755 lenem,
3375 4691 3577 4745 ﬂuctus

1986 4803 2117 4845 vero
2167 4794 2518 4853 exasperatos
2572 4786 2628 4839 in
2685 4786 3045 4854 tranquillum
3093 4799 3245 4839 mare
3294 4791 3572 4845 sternens,

1988 4893 2017 4931 a
2079 4885 2230 4931 tanto
2290 4875 2414 4929 illos
2466 4875 2716 4944 periculo
2780 4874 3066 4937 liberavit,
3130 4874 3347 4929 cunctis
3404 4872 3574 4927 nimi-

1986 4984 2105 5023 rum
2151 4966 2424 5037 prodens,
2459 4966 2663 5035 vixque
2698 4982 2785 5022 res
2822 4984 2933 5023 non
2965 4967 3201 5021 clamare
3241 4964 3571 5027 ostendens,

1983 5073 2142 5128 posse
2178 5058 2341 5129 596
2377 5057 2714 5113 mirabilium
2762 5060 2934 5114 Deum
2974 5058 3214 5113 liberare
3254 5071 3351 5111 eos
3383 5054 3477 5125 qui
3514 5055 3570 5108 in

1983 5149 2217 5203 veritate
2246 5158 2410 5217 atque
2442 5148 2638 5203 timore
2668 5149 2848 5217 ipsum
2877 5150 3155 5205 invocant.

2054 5260 2143 5315 77.
2174 5262 2303 5315 Post
2344 5260 2603 5330 quintum
2655 5260 3027 5331 navigationis
3076 5258 3223 5313 diem
3282 5255 3338 5309 in
3386 5254 3569 5308 insula

1983 5350 2164 5424 Cypro
2220 5353 2393 5423 Paphi
2453 5362 2681 5424 portum
2751 5354 3118 5414 intravimus;
3170 5349 3570 5422 paululumque

1982 5458 2319 5509 recreamur,
2351 5443 2480 5498 dum
2513 5444 2741 5499 Barbari
2794 5443 3031 5497 navibus
3063 5438 3330 5497 exeuntes
3360 5430 3427 5492 ad
3481 5437 3566 5489 vi-

1982 5536 2137 5592 cinas
2164 5552 2337 5605 aquas
2368 5538 2607 5591 lavatum
2636 5545 2792 5593 eunt.
2824 5536 2962 5589 Tum
2990 5535 3119 5590 inde
3137 5536 3413 5591 solventes
3432 5536 3562 5601 post

1980 5626 2125 5680 diem
2162 5616 2330 5682 unum
2363 5644 2426 5683 ac
2455 5637 2669 5684 noctem
2710 5628 2975 5697 Tripolim
3028 5627 3422 5686 concessimus,
3465 5634 3559 5675 eo-

1530 5714 1757 5768 VARl/E
1807 5716 2215 5777 LECTIONES.

370 5792 421 5826 το

460 5797 949 5867 προσταττομένοις
976 5800 1338 5859 Combelisius
1377 5822 1388 5860 :
1434 5806 1557 5861 libri
1590 5811 2008 5878 πραττομένοις.
2086 5814 2127 5845 ⁷³
2159 5814 2393 5881 σκέψινῖ
2467 5817 2511 5847 ⁷¹
2545 5814 2652 5868 τῶν
2688 5830 2798 5869 om.
2839 5814 2902 5867 A.
