4094 6460
452 372 560 436 635

1114 375 1454 438 JOANNES
1506 376 1943 437 CAMENIATA
1989 372 2087 433 DE
2120 370 2438 432 EXCIDIO
2463 369 3079 431 THESSALONICE.

3636 374 3738 434 636

455 484 580 537 dem
621 482 741 553 ipso
769 482 859 538 dic
882 500 994 553 quo
1029 486 1269 542 salutare
1296 489 1480 543 crucis
1502 488 1712 559 lignum
1747 486 2040 551 exaltatur,

2154 483 2360 553 ἡμερον
2392 482 2521 537 ἄλλο
2548 482 2648 552 τὴν
2672 483 2935 553 Τρίπολιν
2965 482 3362 555 κατελάϐομεν,
3393 485 3513 538 κατ’
3566 488 3740 558 αὑτὴν

458 575 683 644 quando
715 585 771 630 ct
806 592 907 631 nos
940 578 1054 646 jam
1086 578 1330 647 primum
1360 596 1391 634 a
1427 580 1594 634 maris
1628 579 1897 650 periculis
1930 593 2048 631 ma-

456 667 633 736 lisque
661 683 884 723 eramus
921 669 1217 726 liberandi.
1269 670 1408 726 Cum
1466 687 1637 742 prope
1677 686 1899 725 murum
1953 683 2048 722 ve-

456 760 756 826 nissemus,
788 761 1195 831 oppidanorum
1228 764 1464 819 barbara
1514 764 1698 818 omnis
1727 762 2043 828 multitudo,

455 869 587 909 suos
616 851 903 923 excipiens
932 863 1265 924 nostrosque
1287 856 1589 918 admirans,
1626 856 1692 911 ad
1733 856 1912 925 ipsum
1945 870 2044 910 na-

455 943 575 997 vale
613 941 1030 997 effundebatur.
1068 942 1190 998 Mox
1213 944 1361 998 enim
1401 960 1465 998 ac
1489 944 1646 999 urbis
1663 960 1833 999 naves
1854 959 2048 1000 omnes

456 1034 622 1088 simul
654 1044 877 1089 coactas
906 1035 960 1089 in
1001 1044 1223 1106 portum
1271 1036 1478 1091 deferri
1535 1037 1787 1108 contigit,
1851 1046 1967 1092 tum
2015 1053 2047 1093 e

457 1125 692 1195 singulis
725 1127 1161 1195 etpecuniarum
1194 1128 1351 1196 copia
1377 1136 1432 1183 et
1464 1129 1676 1198 reliqua
1709 1129 2047 1198 spolia,vel-

458 1225 519 1269 ut
551 1233 620 1271 ex
648 1228 814 1272 vasta:
845 1219 1169 1287 capacitatis
1212 1218 1469 1284 urbibus,
1496 1219 1659 1275 educi
1686 1230 1743 1275 et
1765 1221 1821 1274 in
1851 1222 2047 1276 domos

460 1307 527 1361 ad
556 1300 616 1361 id
663 1316 824 1362 anlea
861 1316 1085 1378 paratas
1131 1311 1391 1377 convehi,
1427 1320 1488 1366 ut
1547 1312 1704 1366 brevi
1757 1313 2046 1369 intervallo

459 1399 548 1454 his
581 1400 636 1454 in
659 1414 778 1454 eam
810 1401 1044 1456 invectis
1067 1403 1202 1457 urbs
1234 1402 1581 1473 impleretur.
1607 1404 1751 1471 Quin
1780 1420 1883 1461 nos
1905 1422 2047 1475 quo-

456 1506 565 1560 que
606 1490 876 1547 ducentes
903 1492 1233 1557 efferebant,
1272 1506 1328 1550 et
1359 1497 1519 1566 quasi
1568 1496 1819 1553 victoriae
1865 1498 2047 1569 quod-

454 1582 580 1638 dam
609 1594 898 1653 tropaeum,
926 1585 981 1639 in
1018 1588 1265 1641 omnium
1305 1588 1485 1642 oculis
1529 1589 1905 1655 traducentes,
1941 1591 2046 1644 mi-

456 1678 657 1731 seriam
714 1689 961 1733 nostram
1009 1694 1074 1733 ac
1127 1680 1501 1735 calamitatem
1563 1682 1715 1737 velut
1777 1682 1833 1737 in
1890 1684 2044 1739 orbis

455 1768 674 1824 theatro
704 1770 1110 1840 producebant.
1145 1771 1320 1837 Quam
1357 1774 1549 1829 multis
1578 1775 1727 1829 enim
1774 1776 2045 1831 vocifera-

456 1861 705 1917 tionibus
740 1864 823 1917 usi
857 1871 983 1918 sunt
1013 1864 1357 1935 saltibusque
1398 1866 1739 1921 insultarunt
1791 1868 1848 1922 in
1890 1870 2048 1925 urbis

457 1955 737 2026 ingressu,
792 1972 917 2010 cum
968 1956 1035 2012 ad
1073 1973 1193 2011 cam
1248 1958 1601 2025 accessimus,
1653 1959 1786 2014 dum
1843 1961 2048 2030 probra

454 2057 643 2101 nostra
680 2061 747 2102 ac
788 2047 1021 2118 injurias
1065 2063 1277 2118 magna:
1321 2048 1427 2103 sibi
1479 2050 1850 2120 jucunditatis
1881 2067 2046 2121 argu-

456 2148 703 2195 mentum
737 2141 899 2212 597
925 2143 1183 2196 sumunt!
1240 2143 1386 2211 quod
1436 2150 1492 2196 et
1526 2143 1758 2213 reliquis
1781 2145 2046 2215 majorem

454 2233 619 2287 nobis
648 2233 899 2288 dolorem
936 2234 1192 2299 incussit,
1230 2250 1355 2289 cum
1407 2234 1547 2289 mala
1605 2236 1697 2289 illa
1742 2246 1799 2291 et
1852 2237 2047 2293 iterata

456 2326 757 2395 opprobria
774 2326 1124 2397 maximaque
1144 2327 1420 2381 dedecora
1438 2328 1583 2382 ferre
1605 2344 1714 2382 non
1735 2344 2045 2398 possemus.

455 2418 557 2473 Ubi
584 2418 870 2489 enimyero
901 2428 1023 2487 post
1054 2435 1182 2474 eum
1213 2420 1495 2489 expletum
1530 2420 1876 2489 triumphum
1909 2421 2048 2475 assi-

458 2516 637 2576 gnatae
672 2507 834 2561 nobis
866 2507 1183 2572 suntmdes,
1222 2508 1277 2562 in
1314 2508 1519 2578 quibus
1551 2510 1655 2564 sub
1678 2510 2046 2565 Barbarorum

458 2600 713 2655 custodia
743 2601 950 2656 addicti
1010 2601 1341 2656 tenebamur
1395 2618 1570 2673 usque
1620 2603 1750 2658 dum
1806 2604 2046 2673 ,Tarsum

459 2693 967 2761 proficisceremur,
999 2703 1133 2749 tunc
1172 2694 1433 2749 nimirum
1461 2711 1490 2749 a
1530 2696 1716 2750 multis
1763 2696 2049 2753 laboribus

459 2785 648 2849 levati,
682 2785 914 2855 fixisque
948 2786 1000 2840 in
1032 2793 1236 2841 terram
1267 2787 1567 2856 capitibus,
1593 2804 1703 2842 non
1729 2792 1848 2843 sine
1872 2790 2050 2862 lacry-

460 2878 568 2931 mis
592 2880 765 2933 Deum
791 2880 1157 2948 preeabamur
1190 2886 1250 2935 ut
1286 2880 1506 2935 tandem
1536 2881 1836 2952 aliquando
1888 2884 2050 2939 malis

458 2973 664 3025 nostris
691 2971 853 3025 ﬁnem
888 2973 1199 3040 imponens,
1247 2971 1393 3026 haud
1437 2973 1580 3029 ultra
1633 2982 1716 3029 tot
1763 2956 2048 3031 molestia-

462 3078 584 3116 rum
623 3064 877 3117 turbines
909 3064 964 3116 in
1011 3079 1115 3117 nos
1156 3063 1493 3129 intenderet,
1525 3081 1763 3134 quorum
1815 3067 1899 3120 vel
1932 3068 2049 3122 solo

2150 576 2252 645 τὴν
2283 576 2498 647 ἡμέραν
2529 575 2653 628 καθ’
2677 576 2744 647 ἡν
2785 576 3016 645 ὑψοῦται
3062 577 3123 629 τὸ
3159 578 3428 647 σωτήριον
3452 576 3544 629 τοῦ
3578 595 3742 632 σταυ-

2155 668 2248 739 ροῦ
2281 668 2454 732 ξύλον,
2488 668 2574 722 ὅτε
2606 668 2703 721 καὶ
2756 669 2923 737 ἡμεῖς
2964 668 3074 721 τῶν
3113 668 3255 721 κατά
3310 665 3587 721 θάλασσαν
3615 669 3742 739 ἄρτι

2151 762 2369 833 πρῶτον
2401 760 2702 830 ἐμέλλομεν
2736 760 3069 830 πειρασμῶν
3097 760 3392 830 ἀφεθῆναι.
3421 760 3741 830 Γενομένων

2151 850 2244 907 οὖν
2279 853 2437 924 ἡμῶν
2459 852 2689 922 πλησίον
2722 851 2816 905 τοῦ
2847 852 3085 922 τείχους,
3117 852 3298 922 ἐχεῖτο
3340 851 3470 921 περὶ
3499 852 3593 905 τὸν
3619 853 3742 907 vati.-

2152 944 2393 1015 σταθμον
2448 946 2706 998 ἀπάντων
2760 943 3045 1013 ἐγχωρίων
3085 944 3391 1014 Βαρϐάρων
3419 943 3481 996 τὸ
3513 945 3738 1014 πλῆθος,

2149 1040 2277 1103 τοὺς
2305 1039 2403 1110 μὲν
2437 1038 2672 1101 οἰκείους
2702 1036 3280 1108 προσλαμϐανόμενον,
3303 1037 3429 1101 τοὺς
3450 1038 3569 1091 καθ’
3591 1040 3738 1109 ἡμᾶς

2151 1128 2208 1182 δὲ
2247 1126 2653 1197 θαμϐούμενον.
2693 1128 2757 1179 ’Λ
2772 1144 2846 1197 μα
2896 1127 3006 1195 γάρ
3056 1126 3257 1196 συνέϐη
3308 1129 3487 1191 πάσας
3513 1127 3609 1191 τὰς
3640 1132 3740 1201 τῆς

2150 1220 2361 1283 πόλεως
2394 1220 2670 1273 συνελθεῖν
2699 1219 2836 1286 νῆας
2867 1220 2960 1271 καὶ
2990 1218 3127 1290 πρὸς
3147 1218 3239 1270 τὸν
3258 1220 3428 1289 ὅρμον
3456 1219 3736 1287 γενέσθαι,

2150 1307 2268 1364 εἶτα
2299 1308 2650 1380 ἐξεκομίζετο
2674 1311 2767 1378 ἀφ’
2798 1310 3033 1377 ἑκάστης
3068 1308 3249 1363 αὑτῶν
3281 1309 3390 1363 τῶν
3425 1327 3483 1362 τε
3525 1313 3737 1382 χρημά-

2148 1421 2257 1457 των
2285 1403 2347 1456 τδ
2387 1402 2591 1472 πλῆθος
2622 1404 2718 1456 καὶ⁹
2770 1403 2881 1455 τῶν
2924 1401 3131 1455 λοιπῶν
3162 1401 3374 1455 σκύλων
3404 1400 3599 1473 ὥσπερ
3632 1403 3742 1457 ἀπό

2150 1511 2315 1548 τινων
2373 1493 2605 1557 πόλεων,
2662 1495 2756 1546 καὶ
2802 1493 3071 1564 μετήγετο
3116 1494 3196 1558 είς
3227 1513 3381 1561 τινας
3427 1516 3738 1570 προηυτρε-

2149 1584 2424 1653 πισμένας
2447 1585 2651 1647 οἰκίας,
2685 1584 2761 1647 ώς
2791 1585 2848 1637 ἐν
2876 1584 3045 1656 ὀλίγῳ
3074 1586 3431 1657 πληρωθῆναι
3456 1591 3555 1658 τὴν
3584 1593 3742 1645 πόλιν

2147 1676 2250 1746 τῆς
2262 1676 2467 1730 τούτων
2496 1676 2786 1746 ὑποδοχῆς.
2807 1678 3118 1749 Προέφερον
3152 1679 3207 1732 δὲ
3233 1681 3330 1733 καὶ
3350 1681 3380 1749 ἡ
3390 1684 3496 1750 μᾶς
3518 1682 3743 1751 ἄγοντες

2152 1766 2407 1837 καθάπερ
2441 1783 2495 1820 τι
2518 1768 2780 1836 τρόπαιον
2810 1766 2987 1837 νίκης,
3017 1768 3111 1820 ἐπὶ
3165 1770 3334 1824 πᾶσιν
3360 1771 3508 1840 ἡμᾶς
3539 1773 3743 1844 θριαμ-

2152 1859 2405 1922 δεύοντες
2431 1860 2527 1912 καὶ
2554 1858 2783 1926 θέατρον
2811 1858 3246 1930 ποιούμενοιτὴν
3276 1862 3399 1915 καθ’
3424 1864 3571 1934 ἡμᾶς
3601 1882 3739 1935 συμ-

2154 1951 2347 2022 φοράν.
2397 1947 2524 2004 Οἷον
2568 1950 2678 2021 γὰρ
2739 1950 3047 2020 ἀνέκραγον
3116 1953 3209 2005 καὶ
3267 1956 3383 2015 τοῖς
3442 1955 3738 2025 ὲξάλμασιν

2153 2042 2581 2113 ὲπεσκίρτησαν,
2617 2042 2706 2093 ὅτε
2738 2039 2876 2111 πρὸς
2932 2041 3072 2111 αὑτῇ
3120 2043 3166 2073 ⁷³
3200 2044 3507 2115 γεγόναμεν
3537 2048 3601 2117 τῇ
3631 2049 3741 2099 εἰσ..

2151 2136 2255 2205 ὁδῳ
2283 2135 2387 2205 τῆς
2413 2134 2643 2200 πόλεως,
2675 2134 2932 2204 ἀφορμὴν
2989 2133 3261 2205 θυμηδίας
3303 2137 3403 2208 τὴν
3427 2138 3549 2191 καθ’
3583 2140 3743 2209 ἡμῶν

2154 2228 2313 2299 ὓϐριν
2336 2227 2681 2297 δεικνύμενοι
2711 2229 2724 2281 l
2758 2226 2786 2280 ὃ
2813 2227 2876 2297 δὴ
2901 2226 2997 2280 καὶ
3028 2228 3200 2282 πλείω
3255 2229 3364 2283 τῶν
3394 2231 3569 2286 ἄλλων
3607 2232 3746 2287 ὠδύ-

2151 2337 2312 2389 νησεν
2336 2320 2381 2352 "
2409 2322 2580 2391 ἡμᾶς,
2616 2320 2800 2373 οὐκέτι
2847 2320 3116 2391 φέροντας
3160 2321 3270 2375 τῶν
3298 2322 3488 2375 δεινῶν
3517 2324 3746 2380 ἐκείνων

2152 2414 2248 2466 κα)⁵
2302 2414 2400 2482 τῆς
2447 2411 2901 2483 ὑπερϐαλλούσης
2951 2412 3218 2484 αίσχύνης
3266 2414 3366 2483 τὴν
3398 2413 3745 2484 ὲπαλληλίαν

2154 2506 2501 2574 ὑφίστασθαι.
2550 2505 2690 2558 Ἀλλ’
2719 2506 2807 2558 ὅτε
2834 2504 2899 2576 δὴ
2925 2506 3021 2559 κοιλ⁵
3043 2505 3183 2573 μετά
3207 2505 3401 2559 τοῦτον
3415 2507 3507 2560 τὸν
3543 2507 3747 2580 θρίαμ-

2153 2600 2247 2652 ϐον
2279 2597 2571 2669 ἐκληρώθη
2594 2615 2678 2660 τις
2711 2592 2860 2661 οἶκος
2891 2590 3042 2666 ὲν’ᾦ
3090 2599 3447 2671 φρουρεῖσθαι
3482 2606 3746 2675 κατεκρί-

2153 2692 2329 2762 θημεν
2357 2690 2798 2763 τηρηθησόμενοι
2820 2694 2921 2761 τῆς
2951 2691 3087 2761 πρὸς
3114 2692 3212 2761 τὴν
3236 2692 3451 2763 Ταρσὸν
3481 2695 3743 2763 ἀφίξεως,

2151 2784 2277 2836 τότε
2306 2783 2371 2853 δὴ
2406 2783 2514 2836 τῶν
2549 2782 2759 2845 πολλῶν
2785 2782 3077 2846 ἀνεθέντες
3118 2784 3301 2838 πόνων
3332 2787 3426 2839 καὶ
3453 2789 3519 2857 τῇ
3553 2791 3622 2857 γῇ
3648 2791 3748 2849 τὰς

2151 2876 2393 2945 κεφαλὰς
2454 2875 2910 2948 προσερείσαντες
2968 2877 3232 2947 ἐδεόμεθα
3284 2877 3379 2931 τοῦ
3435 2878 3573 2932 Θεοῦ
3606 2882 3746 2949 μετά

2150 2969 2403 3040 δακρύων
2430 2970 2622 3039 στῆναι
2654 2970 2785 3041 ἡμῖν
2807 2987 2935 3022 ποτε
2965 2968 3035 3022 τά
3052 2968 3201 3023 κακά
3219 2970 3314 3024 καὶ
3343 2971 3536 3041 μηκέτι
3558 2969 3743 3042 χώραν

2152 3062 2339 3116 λαϐεῖν
2366 3062 2487 3116 καθ’
2515 3061 2673 3132 ἡμῶν
2721 3062 2983 3116 τοιούτων
3047 3062 3298 3134 ὀχληρῶν
3348 3063 3620 3128 ἐπίτασιν,
3667 3057 3742 3116 ὧν

458 3154 649 3209 auditu
672 3155 891 3210 animus
914 3155 1191 3221 horreret,
1216 3156 1421 3226 quippe
1445 3171 1571 3211 cum
1593 3167 1651 3212 et
1672 3159 1778 3213 illae
1795 3160 1904 3213 vim
1929 3175 2043 3215 om-

2156 3156 2252 3208 καλ¹
2282 3156 2314 3226 ἡ
2346 3154 2485 3226 ἀκοὴ
2517 3155 2653 3225 μόνη
2685 3156 2959 3225 μετήγετο
2984 3154 3072 3208 διὰ
3097 3154 3291 3225 πείρας
3322 3153 3514 3208 ἐλθεῖν
3545 3157 3743 3218 παντὸς

458 3263 584 3301 nem
619 3246 827 3302 doloris
857 3246 1214 3301 excederent.

530 3341 619 3395 78.
650 3340 851 3396 Verum
883 3341 1000 3394 haec
1028 3341 1277 3409 quidem,
1309 3342 1455 3412 quod
1488 3343 1554 3399 ad
1583 3359 1683 3398 nos
1712 3344 1929 3410 attinet,
1957 3347 2051 3416 qui

459 3432 916 3487 commutationis
945 3432 1071 3502 jure
1104 3448 1271 3487 manu
1300 3433 1558 3489 mittendi
1584 3437 1963 3502 servabamur,
1997 3446 2055 3493 et

459 3523 664 3593 quibus
693 3524 969 3593 obtigerat
1002 3523 1236 3593 captivis
1263 3525 1496 3595 reliquis
1528 3535 1590 3579 ut
1618 3526 1827 3598 Tripoli
1862 3530 2054 3585 nobis-

460 3630 590 3670 cum
618 3623 1001 3670 versarentur.
1038 3616 1141 3681 Qui
1164 3625 1348 3680 autem
1374 3628 1625 3673 nostrum
1648 3620 1827 3675 Creta:
1850 3621 1905 3674 in
1928 3622 2054 3676 aliis

461 3705 699 3760 navibus
724 3705 885 3760 divisi
911 3706 1149 3771 fuerant,
1179 3724 1277 3777 per
1307 3724 1526 3765 omnem
1556 3711 1726 3784 Syriae
1759 3730 1911 3768 oram
1936 3731 2053 3769 ma-

464 3799 707 3853 ritimam
732 3798 972 3868 dispersi
1002 3809 1165 3866 sunt;
1217 3818 1359 3871 quos
1389 3813 1729 3860 mercatores
1774 3822 2053 3862 commer-

461 3890 595 3955 cati,
629 3906 823 3947 rursus
846 3892 969 3946 aliis
1002 3892 1055 3946 in
1079 3892 1217 3946 locis
1250 3894 1636 3960 divendentes,
1682 3897 1826 3952 inter
1880 3914 1941 3953 se
1983 3899 2053 3953 ad

464 3980 572 4037 hoc
598 3982 701 4037 aevi
760 3983 841 4039 sic
890 3992 1239 4039 commutant
1288 3998 1348 4040 ut
1403 4002 1473 4041 ex
1522 3986 1632 4042 illis
1687 3990 1940 4045 nonnulli
1997 3991 2054 4045 in

458 4075 794 4147 Ethicpiam
825 4086 1240 4149 extremamque
1272 4080 1447 4134 austri
1477 4081 1692 4152 plagam
1722 4083 1873 4138 inter
1918 4084 2054 4139 Bar-

462 4171 626 4225 baros
661 4170 1054 4241 immigrarint.
1083 4171 1317 4236 Horum,
1361 4173 1609 4241 inquam,
1654 4174 1699 4229 si
1730 4177 1858 4245 quis
1911 4178 2053 4232 mala

463 4273 628 4333 atque
657 4278 934 4317 mrumnas
955 4262 1165 4332 scripto
1194 4264 1521 4334 consignare
1548 4269 1866 4333 tentaverit,
1894 4270 2052 4324 simi-

463 4357 532 4411 lis
562 4356 640 4410 illi
666 4356 948 4410 videbitur
981 4354 1078 4425 qui
1120 4370 1179 4409 se
1212 4356 1385 4410 maris
1422 4372 1621 4412 arenas
1656 4358 1709 4412 in
1761 4372 2053 4417 numerato

466 4450 675 4504 habere
704 4449 871 4502 stulte
917 4447 1212 4517 putaverit.
1268 4447 1506 4503 Omnino
1537 4451 1684 4504 enim
1718 4451 1885 4524 598
1911 4465 1967 4509 et
1994 4465 2048 4510 tu

2153 3253 2263 3320 γάρ
2281 3251 2530 3319 ἀλγεινοῦ
2552 3249 2715 3320 φύσιν
2740 3250 3066 3319 ἐκϐέϐηκεν.

2228 3342 2313 3416 [Ρ.
2368 3342 2494 3415 382]
2548 3342 2652 3414 οη’.
2724 3343 2885 3395 Ἀλλά
2939 3342 3114 3397 ταῦτα
3165 3345 3325 3415 ἡμεῖς
3376 3344 3423 3397 οἱ
3471 3342 3606 3413 πρὸς
3651 3343 3748 3413 τὴν

2154 3436 2507 3504 καταλλαγὴν
2553 3433 2887 3506 τηρούμενοι
2922 3436 3016 3489 καὶ
3047 3438 3095 3489 οἱ
3144 3437 3263 3506 μεθ’
3295 3435 3449 3507 ἡμῶν
3492 3434 3747 3506 λαχόντες

2152 3529 2263 3580 τῶν
2297 3527 2502 3581 λοιπῶν
2553 3524 2921 3597 αἰχμαλώτων
2967 3527 3111 3581 κατά
3154 3528 3253 3597 τὴν
3283 3526 3565 3597 Τρίπολιν.
3600 3530 3660 3580 Οί
3690 3528 3745 3579 δέ

2154 3625 2207 3690 γ’
2243 3625 2302 3675 ἐν
2337 3622 2533 3692 Κρήτῃ
2582 3622 2641 3685 ἐξ
2702 3620 2860 3689 ἡμῶν
2912 3620 3278 3690 διαιρεθέντες
3321 3622 3377 3671 ὲν
3407 3622 3524 3682 ταῖς
3559 3620 3746 3681 ἄλλαις

2154 3716 2314 3768 ναυσὶ
2342 3717 2464 3777 ταῖς
2494 3714 2587 3783 ἀφ’
2619 3716 2664 3745 τε
2702 3714 2939 3767 ἑκάστου
2990 3713 3152 3765 τόπου
3208 3711 3583 3781 διεσπάρησαν
3623 3713 3745 3763 καθ’

2154 3806 2282 3873 ὅλης
2320 3806 2420 3874 τῆς
2445 3803 2725 3874 παραλίας
2754 3802 2957 3873 Συρίας
2982 3819 2995 3833 ο
3032 3801 3127 3865 οὑς
3154 3803 3248 3855 καὶ
3277 3801 3578 3872 ὠνούμενοι
3616 3803 3748 3855 πολ-

2154 3896 2236 3950 λοὶ
2254 3896 2364 3950 τῶν
2383 3896 2644 3965 ἐμπόρων
2678 3896 2774 3948 καὶ
2802 3894 2966 3947 πάλιν
3013 3893 3564 3964 μεταπιπράσκοντες
3604 3895 3751 3947 κατᾶ

2154 3974 2447 4061 διαφόρους
2472 3989 2669 4051 τόπους
2702 3989 2760 4040 ἐν
2786 3986 3038 4057 ἀλλήλοις
3075 3985 3238 4055 μέχρι
3274 3986 3370 4039 καὶ
3404 3984 3500 4038 νῦν
3551 3986 3751 4049 αὑτοὺς

2156 4083 2603 4153 ἀνταμείϐουσιν,
2634 4080 2710 4145 ώς
2735 4081 2832 4133 καὶ
2870 4080 3043 4149 αὐτὴν
3090 4078 3297 4148 φθάσαι
3328 4080 3428 4148 τὴν
3458 4078 3751 4130 Αἰθιοπίαν

2154 4176 2306 4239 τινὰς
2338 4174 2396 4242 ἐξ
2430 4173 2609 4227 αὑτῶν
2638 4172 2733 4226 καὶ
2761 4173 2890 4232 τοὺς
2919 4170 3018 4242 τὴν
3066 4170 3375 4241 ἀκροτάτην
3403 4168 3751 4240 μεσημϐρίαν

2156 4266 2548 4327 κατοικοῦντας
2611 4262 2952 4333 Βαρϐάρους.
3018 4255 3119 4312 Ὧν
3175 4262 3223 4312 εἱ
3279 4258 3496 4328 θελήσοι
3526 4276 3609 4319 τις
3650 4262 3751 4320 τὰς

2158 4360 2445 4432 συμφορὰς
2480 4353 2919 4426 ἀναγράφεσθαι,
2949 4355 3139 4423 ὅμοιος
3174 4346 3314 4406 εἶναι
3374 4350 3513 4415 δόξει
3536 4348 3613 4419 τῷ
3652 4351 3751 4420 τὴν
3838 4350 3843 4351 ⁷

2158 4452 2430 4523 παραλίαν
2472 4449 2702 4520 ψάμμον
2779 4448 3071 4518 ὲκμετρεῖν
3137 4444 3359 4507 εἰκαίως
3421 4443 3748 4496 τοπάσαντι.

469 4544 607 4611 ipse,
637 4540 887 4595 virorum
922 4538 1355 4605 studiosnssime,
1385 4541 1430 4594 si
1488 4557 1631 4611 quos
1671 4544 1892 4599 illorum
1941 4547 2047 4600 Da-

2160 4520 2387 4606 Πάντως
2421 4544 2530 4612 γὰρ
2553 4542 2645 4593 καὶ
2675 4539 2860 4600 αὑτὸς,
2886 4536 3319 4607 φιλομαθέστατε
3345 4535 3575 4606 ἀνδρῶν,
3597 4536 3753 4605 εἴπερ

467 4632 635 4686 masci
684 4639 741 4684 et
778 4630 832 4683 in
879 4630 1408 4701 circumjaeentibus
1457 4633 1693 4689 urbibus
1743 4635 2050 4692 offendisti.

465 4721 776 4777 Ofl‘endisse
802 4721 949 4775 enim
985 4720 1097 4775 illic
1121 4737 1232 4775 non
1264 4738 1481 4792 paucos.
1510 4724 1646 4789 scio,
1676 4727 1825 4795 quod
1858 4742 2053 4783 omnes

465 4830 634 4870 naves
658 4813 835 4885 Tyria:
862 4820 1109 4883 captivos
1130 4828 1261 4869 suos
1289 4814 1347 4868 in
1401 4815 1522 4871 illas
1544 4820 1558 4836 '
1576 4826 1763 4886 partes
1805 4828 2052 4887 asporta-

464 4915 614 4962 runt.
643 4908 796 4961 Mitto
816 4906 964 4961 enim
987 4921 1054 4960 ex
1082 4915 1269 4961 nostra
1318 4922 1539 4977 quoque
1570 4907 1779 4978 Tripoli
1809 4925 2054 4966 commo-

466 4998 703 5064 ratione,
728 5012 855 5053 cum
881 5011 980 5067 per
1009 4996 1101 5050 illa
1125 4996 1245 5050 loca
1276 4997 1375 5051 tibi
1400 5006 1515 5050 tum
1543 4996 1724 5066 primo
1740 5001 2053 5055 transeunti

466 5107 765 5162 parumper
796 5091 1168 5157 innotuimus,
1198 5104 1465 5159 perquam
1497 5089 1721 5145 abunde
1765 5099 1819 5145 te
1850 5093 1918 5148 de
1968 5094 2058 5149 his

466 5180 767 5248 didicisse;
803 5197 926 5252 quae
952 5190 1010 5236 et
1033 5180 1195 5235 nobis
1220 5180 1538 5234 tacentibus
1561 5195 1652 5235 res
1672 5194 2055 5252 repraesentet,

467 5273 897 5343 animorumque
929 5273 1177 5327 dolorem
1209 5286 1275 5325 ac
1303 5270 1613 5325 cruciatum
1641 5288 1709 5327 ex
1736 5274 1853 5345 ipsa
1877 5279 2061 5334 vultus

469 5367 654 5436 specie
682 5374 837 5421 certo
874 5366 1105 5421 indicet.
1146 5364 1497 5434 QuaprOpter
1555 5373 1671 5419 tum
1730 5377 1787 5422 tu
1838 5384 2060 5441 quoque

470 5459 918 5522 commiseratus,
949 5465 1007 5512 et
1035 5456 1390 5511 fortunarum
1422 5466 1738 5512 nostrarum
1778 5461 2062 5534 particeps

473 5551 770 5619 sociusque
791 5550 1045 5614 effectus,
1085 5564 1149 5604 ea
1180 5548 1399 5603 ratione
1425 5549 1569 5617 quod
1597 5549 1797 5605 horum
1841 5568 2062 5611 omnem

476 5644 676 5698 seriem
702 5642 892 5698 doceri
940 5641 1163 5714 plurimi
1199 5640 1417 5706 feceris,
1458 5641 1591 5695 satis
1643 5644 1933 5700 manifeste
1986 5648 2061 5701 si—

2161 4636 2412 4705 ἐνέτυχὲς
2459 4650 2602 4685 τισιν
2656 4631 2715 4695 ἐξ
2771 4628 2975 4691 αὑτῶν,
3029 4627 3085 4679 ἒν
3117 4644 3174 4679 τε
3232 4627 3296 4696 τῇ
3340 4622 3621 4694 Δαμασκῷ
3658 4625 3754 4675 καὶ

2161 4730 2280 4790 ταῖς
2315 4725 2443 4796 περὶ
2468 4722 2641 4792 αὑτὴν
2679 4720 2899 4773 πόλεσιν
2920 4737 2934 4750 ·
3000 4718 3255 4787 ἐνέτυχες
3280 4715 3412 4784 γὰρ,
3442 4709 3575 4775 οἶδα,
3622 4711 3747 4763 πολ-

2161 4819 2274 4880 λοῖς
2311 4814 2624 4880 ὲκεῖσε,διά
2649 4813 2709 4865 τὸ
2758 4812 2936 4873 πάσας
2977 4810 3074 4871 τὰς
3107 4808 3316 4878 Τυρίας
3344 4805 3477 4873 νῆας
3501 4804 3610 4864 τοῖς
3655 4800 3751 4871 μέ-

2167 4926 2316 4979 ρεσιν
2378 4907 2610 4969 ἐκείνοις
2670 4904 2797 4964 τοὺς
2828 4898 3210 4972 αἰχμαλώτους
3247 4896 3496 4952 αὑτῶν...
3528 4893 3601 4946 ἐῶ
3628 4892 3753 4962 ,γὰρ

2163 5002 2345 5070 λέγειν
2373 5001 2456 5054 ὅτι
2483 4999 2578 5053 καὶ
2603 4995 2765 5067 ἡμῶν
2816 4997 2849 5065 ἡ
2899 4994 3029 5065 περὶ
3052 4993 3151 5063 τὴν
3187 4989 3448 5061 Τρίπολιν
3487 4985 3756 5057 διαγωγὴ,

2157 5096 2323 5150 ὁπότε
2371 5091 2711 5163 διερχομένῳ
2775 5106 2857 5143 σοι
2911 5087 3123 5140 ἐκεῖθεν
3169 5085 3290 5138 κατ’
3331 5083 3510 5153 ἀρχὰς
3564 5079 3759 5151 μικρὸν

2160 5185 2676 5258 ἀνεγνωρίσθημεν,
2716 5182 2920 5246 ἱκανῶς
2954 5199 3011 5233 σε
3057 5179 3189 5251 περὶ
3241 5177 3449 5232 τούτων
3483 5174 3761 5244 πεπληρο-

2162 5280 2398 5351 φόρηκε,
2450 5278 2547 5331 καὶ
2602 5276 2936 5330 σιωπώντων
2975 5272 3137 5343 ἡμῶν
3171 5271 3240 5323 τὰ
3283 5269 3590 5339 πράγματα
3626 5282 3761 5335 παρ-

2165 5374 2373 5427 ιστῶσα
2399 5372 2492 5425 καὶ
2512 5371 2612 5440 τὴν
2655 5368 2852 5439 ὀδύνην
2878 5366 2989 5420 τῶν
3015 5363 3203 5434 ψυχῶν
3233 5363 3357 5424 ταῖς
3405 5359 3643 5430 μορφαῖς
3678 5355 3736 5421 ἐξ

2164 5464 2482 5534 ελέγχουσα.
2507 5461 2600 5526 Ἐξ
2640 5454 2700 5513 οὗ
2748 5461 2814 5530 δὴ
2871 5459 2969 5512 καὶ
3007 5456 3170 5518 αὐτὸς
3213 5452 3581 5524 συμπαθήσας
3616 5449 3761 5509 τότε,

2165 5558 2260 5610 καὶ¹
2314 5559 2370 5609 ὲν
2399 5555 2576 5625 τούτῳ
2618 5552 2962 5623 κοινωνήσας
3018 5550 3153 5619 ἡμῖν
3182 5544 3279 5600 τοῦ
3312 5543 3521 5606 πάθους
3578 5542 3634 5593 ἐν
3684 5555 3760 5605 τῳ

2166 5650 2293 5719 περὶ
2325 5646 2520 5701 πολλοῦ
2584 5644 2913 5717 ποιήσασθαι
2967 5641 3162 5712 μαθεῖν
3216 5638 3315 5710 τὴν
3366 5636 3497 5708 περὶ
3550 5631 3758 5685 τούτων

1801 5738 2030 5794 VARI/IS
2074 5742 2475 5797 LECTIONES.

576 5828 620 5861 ⁷³
649 5829 816 5900 αὐτὴν
850 5832 955 5886 ΛΡ.
1035 5834 1077 5863 ⁷³
1107 5832 1365 5903 ὡδίνησω
1398 5833 1503 5888 ΛΡ.
1587 5835 1630 5865 ⁷³
1667 5832 1750 5887 ἀν’
1780 5832 1839 5886 Ρ.
