4094 6502
444 403 552 466 639
1699 401 2078 463 DEMETRII
2118 402 2429 462 CYDONII
3602 411 3706 473 640

447 530 777 576 antecessum
830 517 1085 589 funestius
1150 518 1302 574 aliud
1346 520 1429 573 hic
1485 517 1599 589 ejus
1665 527 2050 589 repratsentare
2106 519 2387 584 excidium,
2437 535 2676 589 quonon
2726 520 2954 574 hostium
2995 523 3346 592 grassationc,
3392 523 3483 575 sed
3520 523 3710 577 civium

449 607 678 664 tumultu
707 608 940 660 immane
962 615 1222 677 quantum
1247 608 1444 677 fadata
1475 608 1660 660 civitas
1691 615 1766 660 est
1789 615 1838 660 et
1865 606 2127 672 desolata,
2175 607 2377 677 sibique
2410 609 2522 675 ipsa
2565 608 2698 660 vires
2735 609 2953 672 ademit,
2996 618 3044 662 et
3078 619 3134 661 ut
3177 609 3332 678 facile
3376 611 3711 680 postmodum

452 695 631 750 Turcis
680 695 862 766 prteda
897 695 1120 760 cederet,
1179 705 1499 750 momentum
1554 696 1716 761 dedit,
1763 695 1983 763 urbique
2012 695 2263 765 Augusta:
2298 713 2358 748 ac
2389 695 2665 764 Byzantio,
2715 711 2806 765 per
2833 713 2922 749 eas
2946 698 3086 766 ipsas
3117 697 3287 751 civiles
3329 698 3620 751 discordias
3650 715 3713 752 ac

453 785 732 854 factiones,
763 800 821 837 eo
850 784 962 854 fato
990 787 1226 855 praeiret.
1261 785 1458 838 Auctor
1504 785 1632 838 mihi
1679 785 1761 838 hic
1783 783 2080 836 Demetrius
2125 783 2391 854 Cydonius
2414 785 2522 854 ipse
2546 783 3046 847 Thessalonicensis,
3091 786 3231 838 inter
3257 803 3378 839 suos
3418 785 3712 856 plurimum

450 873 832 936 schismaticos,
875 888 968 925 nec
1001 871 1194 925 levibus
1226 871 1488 926 erroribus
1521 871 1922 925 Palamitarum
1966 871 2098 924 nube
2150 871 2434 936 involutos,
2475 873 2602 942 ipsis
2628 872 2944 926 dementatis
2974 872 3335 926 Ecclesiarum
3365 874 3712 944 principibus,

367 945 378 955 ’
453 961 686 1030 aulaque
711 961 818 1029 fere
850 961 904 1013 in
929 976 1110 1013 eorum
1140 961 1367 1014 adducta
1395 961 1734 1024 sententiam,
1763 958 2218 1014 Catholicissimus
2245 959 2555 1031 Latinisque
2584 961 3001 1025 addictissimus,
3032 977 3124 1014 nec
3149 961 3321 1014 minus
3345 963 3454 1016 suis
3475 963 3709 1029 devotus,

452 1050 777 1116 studensque
809 1045 1026 1102 erciw
1045 1048 1166 1117 jam
1198 1045 1432 1116 dejectaz,
1466 1064 1572 1117 qua
1610 1048 1695 1101 via
1731 1033 1934 1113 licere't,
1968 1048 2275 1102 revocandis
2301 1047 2486 1113 rebus;
2511 1048 2649 1118 quod
2679 1048 2774 1102 hoc
2801 1065 2904 1101 uno
2936 1049 3180 1118 praestari
3211 1064 3357 1117 posse
3395 1065 3456 1101 ac
3479 1051 3708 1117 sperari,

456 1135 570 1186 acri
591 1149 720 1187 sane
750 1135 829 1187 vir
844 1134 1048 1203 judicio
1073 1135 1412 1197 existimavit,
1450 1135 1498 1188 si
1531 1137 1700 1205 sopito
1736 1137 1993 1206 sequioris
2029 1136 2124 1190 tevi
2154 1135 2392 1200 dissidio,
2451 1137 2779 1206 pristinaque
2805 1137 3024 1189 reducta
3059 1134 3483 1190 Christianitatis
3515 1154 3576 1189 ac
3608 1136 3710 1190 Ec-

458 1221 632 1276 clesite
655 1223 810 1292 facie,
845 1223 1005 1277 Nova:
1030 1223 1211 1276 Roma:
1244 1239 1363 1276 cum
1383 1220 1616 1288 Seniori,
1664 1224 1793 1293 ﬁlia
1815 1242 1933 1280 cum
1979 1231 2171 1289 matre,
2223 1231 2272 1278 et
2305 1241 2337 1277 a
2368 1240 2475 1294 qua
2501 1223 2630 1292 ﬁlia:
2671 1225 2844 1277 omnis
2896 1224 3156 1294 dignitas,
3207 1225 3530 1277 conveniret.
3583 1223 3712 1289 Eius

459 1313 555 1363 hoc
599 1319 912 1381 argumento
960 1309 1268 1366 Orationem
1311 1311 1734 1378 deliberativam,
1775 1315 1837 1366 de
1881 1313 2192 1367 Latinorum
2225 1311 2552 1380 corrogando
2605 1309 2828 1376 auxilio,
2871 1310 3205 1380 alteramque
3238 1311 3301 1364 de
3323 1328 3425 1364 non
3447 1309 3715 1364 reddenda

461 1397 742 1466 Gallipoli,
765 1399 828 1451 ab
856 1414 996 1452 anno
1011 1399 1133 1468 jam
1154 1393 1293 1453 {648
1321 1401 1458 1470 typis
1498 1398 1754 1470 vulgasse;
1781 1402 2215 1470 metuini,quibus
2244 1400 2455 1469 prtviret
2495 1398 2749 1452 Theodori
2787 1399 3029 1470 Despotte
3068 1398 3368 1469 Palmologi
3398 1401 3453 1452 in
3473 1415 3716 1468 purpura

461 1486 576 1540 nati
624 1485 962 1553 Ἐπιτάφιος,
1000 1501 1164 1539 aureo
1199 1485 1500 1556 mellitoque
1517 1486 1780 1541 Manuelis
1811 1489 1938 1542 item
1968 1487 2265 1555 Palteologi
2291 1487 2634 1556 imperatoris
2657 1488 2824 1554 ipsius
2856 1487 3065 1556 fratris.
3099 1503 3211 1552 ore,
3241 1486 3324 1540 illi
3357 1487 3412 1540 in
3450 1486 3716 1557 Pelopon-

460 1587 584 1632 neso
615 1571 806 1633 dictus,
836 1572 924 1625 ubi
943 1572 989 1625 is
1011 1588 1130 1626 cum
1162 1575 1385 1643 imperio
1418 1574 1508 1628 diu
1537 1576 1848 1646 prcefuerat,
1881 1575 2122 1646 diemque
2148 1575 2387 1638 obierat;
2415 1575 2678 1644 triumque
2706 1574 3017 1643 fasciculum
3047 1573 3192 1628 haud
3212 1573 3588 1644 spernendum,
3626 1591 3722 1628 nec

459 1660 615 1728 regiis
659 1661 873 1714 auribus
909 1678 973 1715 ac
1000 1663 1458 1717 animadversione
1483 1681 1696 1734 prorsus
1742 1666 2041 1735 indignum,
2097 1662 2552 1718 Christianissimo
2619 1659 2951 1716 Francorum
3007 1661 3268 1715 Ludovico
3315 1659 3452 1726 XIV,
3514 1677 3720 1730 semper

458 1747 716 1817 Augusto,
739 1752 894 1806 annis
921 1752 1135 1816 minori,
1167 1753 1258 1804 sed
1282 1759 1392 1805 tota
1422 1754 1536 1820 iam
1572 1752 1749 1806 indole
1777 1770 1838 1806 ac
1859 1752 2130 1823 spiritibus
2162 1751 2382 1820 Magno,
2405 1767 2509 1803 non
2542 1751 2816 1819 ingratum
2848 1768 3041 1804 munus
3070 1751 3338 1804 obtulisse.
3381 1749 3445 1803 In
3468 1766 3570 1820 quo
3597 1751 3722 1804 mihi

459 1835 570 1904 ipse
596 1834 802 1905 placeo,
853 1853 947 1890 nec
981 1846 1091 1892 tam
1119 1839 1270 1901 mihi,
1305 1855 1463 1908 quam
1491 1841 1682 1909 patrita
1711 1855 1773 1892 ac
1804 1838 1996 1894 Gallite
2030 1838 2243 1908 orbique
2279 1838 2379 1908 ipsi
2407 1836 2730 1902 Christiano,
2759 1836 3025 1908 gratulor,
3053 1837 3192 1908 quod
3215 1847 3325 1891 tam
3355 1853 3508 1891 verus
3560 1852 3720 1906 quam

461 1922 623 1977 bonus
663 1932 808 1978 vates
865 1925 975 1994 fui:
1024 1934 1073 1978 et
1120 1942 1281 1996 quam
1317 1929 1373 1980 in
1414 1927 1731 1998 Palaeologis
1757 1926 2138 1995 φιλαδελφίαν,
2196 1925 2335 1996 quod
2364 1923 2643 1977 laudatum
2665 1942 2766 1994 par
2796 1925 3028 1995 fratrum
3053 1935 3104 1979 et
3135 1927 3452 1990 amicorum,
3485 1926 3718 1994 suspexi,

463 2013 665 2075 amavi,
703 2012 861 2079 colui,
900 2015 1014 2067 orbi
1044 2013 1276 2080 exhibui,
1313 2017 1370 2068 in
1403 2015 1859 2070 Christianissimo
1893 2015 2153 2084 principe,
2189 2015 2457 2084 fratreque
2489 2016 2664 2078 unico,
2707 2023 2860 2085 gente
2891 2015 3182 2081 Borbonia,
3216 2016 3548 2071 invictissimi
3576 2031 3724 2086 teque

464 2115 528 2151 ac
549 2100 832 2170 justissimi
881 2103 1204 2172 piissimique
1253 2103 1500 2157 Ludovici
1547 2102 1680 2158 XIII
1747 2103 1948 2173 inclyta
1972 2101 2166 2167 sobole,
2207 2101 2428 2171 feliciori
2460 2103 2634 2155 omine
2661 2103 2790 2156 mihi
2828 2104 2936 2174 ipse
2957 2104 3076 2174 jam
3111 2112 3222 2158 tum
3257 2113 3554 2174 auguratus
3583 2119 3724 2165 sum.

460 2190 700 2259 votisque
735 2190 945 2260 expetii.
971 2189 1040 2244 Et
1068 2207 1190 2244 vero
1227 2191 1464 2256 donavit,
1497 2191 1753 2261 fraternae
1775 2190 1919 2244 illius
1950 2189 2229 2243 charitatis
2258 2198 2463 2253 auctor,
2495 2206 2556 2243 ac
2583 2189 2876 2243 concordia:
2915 2189 3113 2258 arbiter
3138 2190 3400 2256 Christus,
3431 2207 3524 2262 per
3565 2207 3729 2261 quam

465 2288 541 2334 tot
571 2282 726 2334 annis
756 2280 1036 2336 Gallorum
1080 2290 1307 2351 gentem,
1351 2285 1621 2351 sociosque
1666 2299 1845 2336 omnes
1885 2281 2074 2343 beauit,
2116 2293 2179 2332 ac
2199 2279 2255 2329 in
2288 2292 2458 2330 aevum
2499 2276 2847 2347 longinquum
2874 2278 3022 2342 beet;
3050 2279 3324 2348 hostesque
3349 2278 3509 2349 (quod
3529 2277 3730 2330 dudum

467 2369 614 2436 facit)
656 2385 930 2439 nunquam
970 2386 1072 2423 non
1108 2370 1324 2438 dejiciat
1356 2387 1418 2423 ac
1452 2369 1721 2440 percellat,
1753 2377 1847 2424 aut
1880 2369 2040 2422 etiam
2067 2367 2324 2420 virtutum
2364 2363 2613 2419 illecebra
2649 2366 2896 2434 omnique
2944 2364 3247 2430 clementia,
3287 2366 3483 2434 majori
3509 2365 3731 2419 victoria

467 2457 688 2517 amoris,
727 2456 867 2526 ipsos
895 2471 1102 2526 quoque
1125 2462 1259 2524 vero:
1277 2455 1390 2511 Soli
1419 2457 1637 2522 mundo,
1660 2458 1825 2511 socios
1853 2456 2150 2524 amicosque
2183 2452 2429 2515 deliniat,
2461 2453 2667 2514 trahat,
2690 2454 2957 2524 subjiciat.
3001 2453 3267 2509 Tabellam
3297 2455 3414 2508 huic
3435 2454 3733 2524 oppositam

469 2544 669 2598 exhibet
717 2544 969 2598 Demetrii
1003 2543 1229 2615 Cydonii
1257 2545 1366 2598 haec
1402 2544 1674 2614 Μονῳδία.
1705 2545 1964 2614 Craphice
1990 2544 2044 2597 in
2066 2558 2130 2597 ea
2159 2543 2423 2611 descripta
2455 2543 2648 2595 civium
2691 2542 2969 2596 discordia
3014 2543 3196 2598 mala:
3242 2544 3368 2614 quid
3409 2543 3507 2597 sibi
3530 2543 3731 2613 pariat,

469 2629 589 2700 ipsa
619 2629 716 2683 sibi
741 2647 1045 2684 mucronem
1077 2631 1292 2702 adigens
1317 2631 1519 2697 civitas,
1551 2647 1614 2684 ac
1638 2632 1692 2684 in
1723 2646 1778 2684 se
1799 2646 1950 2685 versa
1981 2629 2279 2700 respublica
2304 2631 2684 2700 flammamque
2714 2630 2813 2684 sibi
2850 2631 3152 2700 subjiciens.
3174 2648 3238 2684 ne
3272 2632 3354 2684 cui
3380 2629 3592 2683 tandem
3625 2629 3735 2683 ullo

471 2735 710 2786 unquam
734 2717 904 2772 colore
929 2719 1272 2788 furortautus
1312 2720 1550 2790 obrepat,
1571 2719 1854 2789 invidoque
1876 2719 2102 2773 dwmoni
2129 2733 2192 2772 ea
2228 2716 2502 2770 molitione
2529 2717 2798 2785 funestum
2824 2717 2986 2787 plane
3023 2735 3283 2789 organum
3309 2727 3519 2789 pareat,
3552 2734 3614 2771 ac
3654 2716 3735 2770 vel

472 2805 674 2873 fumum
713 2809 903 2876 patriae
932 2807 1229 2878 civibusque
1269 2816 1539 2877 aspergat,
1593 2824 1658 2861 ne
1699 2815 1852 2862 tanta
1891 2807 2066 2860 dicam
2103 2807 2286 2876 hisque
2322 2803 2890 2870 Thessalonicensibus,
2947 2805 3126 2875 omnia
3168 2806 3430 2876 pariaque
3465 2805 3733 2858 incendia.

471 2890 697 2961 Reliqua
739 2893 807 2946 ad
849 2893 1058 2963 imperii
1109 2893 1393 2965 Byzantini
1422 2896 1718 2960 interitum,
1763 2896 1979 2965 ejusque
2024 2894 2196 2963 ipsam
2235 2899 2562 2963 postremam
2603 2891 2776 2945 labem
2810 2909 2872 2946 ac
2921 2909 3162 2946 occasum
3190 2892 3591 2954 miuistrabunl,
3617 2893 3733 2960 ipsa

472 2979 718 3048 Cydouii,
753 2979 1082 3051 aliorumque
1111 2981 1223 3050 ejus
1262 2983 1471 3035 circiter
1494 2984 1612 3048 arvi,
1644 2981 1904 3052 pauloque
1935 2980 2247 3052 supparium
2287 2994 2312 3031 e
2344 2977 2509 3047 Regia
2534 2980 2673 3048 ipsa,
2708 2978 2934 3048 aliisque
2969 2979 3263 3033 Christiani
3289 2980 3427 3032 orbis
3455 2977 3730 3031 bibliothe-

471 3067 568 3128 cis,
604 3067 836 3137 epistolte
869 3085 931 3121 ac
960 3067 1239 3139 apuscula,
1277 3079 1392 3140 post
1435 3069 1622 3125 Leonis
1655 3070 1879 3126 Diaconi
1917 3081 1968 3123 et
1998 3065 2272 3124 Michaelis
2313 3065 2479 3120 Pselli
2523 3066 2713 3137 (altero
2748 3067 2829 3120 hic
2857 3069 3040 3121 statim
3065 3069 3349 3138 volumine)
3377 3067 3733 3120 Historiarum

472 3153 710 3208 illustria
757 3174 787 3208 a
828 3172 907 3208 me
950 3156 1078 3211 data
1113 3158 1469 3226 συντάγματα
1505 3175 1517 3186 ·
1567 3161 1674 3215 sive
1710 3159 1837 3212 mihi
1885 3160 1986 3228 ipsi
2023 3161 2133 3213 vita
2164 3171 2335 3208 comes
2371 3156 2552 3226 fuerit,
2597 3157 2704 3209 sive
2737 3156 2822 3208 cui
2860 3172 2952 3225 per
2986 3155 3378 3209 Providentiam
3413 3155 3735 3207 destinatum

474 3241 592 3300 erit,
628 3239 876 3311 lampade
897 3243 1118 3296 tradita.
1151 3242 1659 3298 Thessalonicensem
1690 3247 1826 3299 hunc
1859 3245 2146 3300 tumultum
2166 3244 2474 3314 perstrinxit
2505 3243 2904 3298 Cantacuzenus
2933 3244 2972 3301 l.
2995 3246 3048 3311 5,
3069 3260 3119 3298 c.
3139 3244 3239 3308 94;
3275 3259 3347 3297 an
3375 3244 3580 3297 sincera
3607 3243 3738 3295 satis

475 3329 706 3382 historici
725 3328 850 3397 ﬁde,
882 3345 974 3382 nec-
997 3345 1109 3383 sua:
1140 3332 1250 3400 ipse
1284 3347 1456 3386 canste
1488 3333 1691 3402 favens,
1726 3331 1954 3386 aliorum
1981 3333 2244 3403 judicium
2279 3341 2409 3385 esto.

2800 3507 3178 3526 m

1459 3614 2115 3772 ΔΗΜΗΤῇοΥ
2178 3663 2767 3753 ΚΥΔΟΝΙΟΥ

1948 3832 2258 3903 ΜοΝᾳΔιΑ

1346 3978 1479 4031 EI"
1549 3980 1712 4032 ΤΟΙΣ
1779 3979 1880 4031 ΕΝ
1947 3977 2470 4046 ΘΕΣΣΑΛΟΝΙΚῌ
2531 3977 2882 4031 ΠΕΣΟΥΣΙ.

1510 4229 2102 4318 DEMETRII
2183 4226 2691 4320 CYDONII

1163 4419 1659 4482 OCCISORUM
1744 4421 2413 4485 THESSALONICZE
2494 4427 2886 4491 MONODIA
2959 4426 3066 4508 (1).

1939 4549 2102 4606 (Anno
2138 4547 2301 4598 15l6.)

569 4832 591 4885 1
664 4827 803 4895 Viri,
857 4836 1127 4899 quotquot
1181 4831 1616 4901 propinquorum
1661 4847 1725 4887 ac
1780 4833 2148 4902 gentiliumA

2138 4877 2148 4897 ι
2248 4835 2336 4906 [Ρ.
2365 4837 2628 4911 584-5851
2680 4841 2749 4896 α’.
2777 4839 3025 4908 Ἄνδρες,
3060 4838 3174 4891 ὅσοι
3205 4837 3302 4899 τὰς
3330 4836 3437 4888 τῶν
3473 4834 3755 4901 συγγενῶν

496 4929 809 4976 vestrorum
839 4918 1112 4989 eﬁ‘ugistis
1141 4935 1354 4984 manus,
1389 4936 1605 4975 mecum
1642 4922 1756 4990 ipse
1791 4921 2071 4990 undequa-

2174 4928 2583 4999 ὃιαπεφεύγατε
2615 4932 2825 5000 χεῖρας,
2872 4927 2983 4997 ἐγὼ
3014 4929 3113 4999 μὲν
3149 4927 3259 4980 οὐδ’
3281 4927 3380 4978 ὅτι
3414 4924 3520 4996 χρὴ
3565 4923 3748 4979 καλεῐκ

498 5029 605 5083 que
629 5012 1011 5076 considerans,
1061 5027 1171 5081 quo
1199 5012 1424 5067 nomine
1460 5013 1704 5068 vocanda
1737 5013 1808 5067 sit
1852 5013 2070 5077 civitas,

2176 5023 2276 5092 τὴν
2309 5023 2482 5088 πόλιν,
2511 5025 2570 5078 ὲν
2655 5023 2830 5076 ταῦτα
2856 5022 3227 5093 πεπόνθαμεν,
3250 5018 3485 5084 δύναμαι
3513 5015 3751 5070 σκοπού-

503 5101 556 5152 in
611 5115 719 5169 qua
752 5098 912 5154 nobis
955 5099 1094 5155 mala
1142 5100 1258 5155 haec
1304 5110 1633 5166 evenerunt,
1684 5102 1932 5158 invenire
1963 5119 2072 5157 non

2182 5134 2341 5186 μενος
2370 5118 2711 5188 πανταχόθεν
2737 5119 2939 5188 εὑρεῖν.
2972 5116 3030 5170 ’0
3056 5117 3153 5187 μὲν
3184 5114 3294 5184 γὰρ
3321 5109 3631 5182 περῐόολος,
3653 5108 3753 5162 πό-

501 5207 748 5263 possum.
801 5193 946 5248 Sane
977 5192 1205 5263 quidem
1250 5193 1493 5248 civitatis
1538 5195 1804 5264 urbisque
1833 5195 2075 5251 ambitus

2177 5209 2315 5270 λεως
2336 5225 2348 5238 ·
2378 5209 2440 5261 τὸ
2470 5209 2513 5262 δ’
2550 5211 2608 5261 ὲν
2638 5208 2776 5279 αὐτῇ
2814 5211 3012 5278 στῆσαι
3050 5208 3313 5279 τρόπαιον
3365 5205 3475 5257 ἀπὸ
3510 5201 3618 5253 τῶν
3652 5215 3750 5252 πο-

500 5291 619 5350 est;
659 5284 714 5339 in
746 5299 812 5339 ea
841 5295 1024 5341 autem
1056 5285 1151 5356 qui
1191 5285 1355 5341 sedes
1379 5287 1615 5340 habeant
1637 5286 1704 5341 de
1728 5287 1943 5342 civibus
1967 5295 2078 5342 tro-

2183 5300 2347 5354 λιτῶν
2372 5302 2499 5364 τοὺς
2536 5301 2852 5372 οἰκήτορας,
2884 5301 2980 5354 καὶ
3007 5297 3346 5354 κεκενῶσθαι
3388 5294 3657 5363 σωμάτων
3698 5289 3759 5342 τὸ

504 5389 682 5442 patum
714 5375 979 5442 erexisse,
1023 5382 1081 5431 et
1113 5376 1442 5446 corporibus
1468 5377 1829 5445 municipium
1871 5391 2075 5430 vacua-

2185 5394 2340 5456 ἄπτυ,
2374 5394 2469 5446 καὶ
2494 5394 2693 5462 Στυγὸς
2721 5395 2814 5448 καὶ⁹
2844 5392 3108 5446 Κωκυτοῦ
3139 5391 3233 5444 καὶ
3261 5386 3563 5458 Βαρϐάρων
3596 5382 3762 5455 χείρω

506 5478 623 5522 tum
647 5482 792 5530 esse,
824 5484 939 5530 eos,
971 5469 1067 5538 qui
1099 5483 1346 5531 evasere,
1373 5469 1535 5540 Styge
1556 5467 1764 5538 pariter
1782 5475 1839 5523 ct
1869 5467 2076 5539 Cocyto

1889 5467 2076 5539 Ῑοοῖιο
2183 5487 2313 5549 τοὺς
2347 5485 2688 5556 ἐκφυγόντας
2722 5484 3026 5554 ἀναγκάζει
3065 5482 3270 5552 ταῦτην
3301 5479 3506 5533 καλεῖν.

507 5565 671 5628 atque
695 5557 952 5612 Barbaris
981 5557 1311 5613 deteriorem
1356 5557 1526 5628 ipsam
1559 5571 1879 5624 nuncupare
1909 5557 2075 5627 cogit.

578 5648 632 5700 2.
688 5646 734 5702 0
764 5657 983 5719 tempus
1022 5648 1077 5703 in
1127 5648 1306 5705 lucem
1358 5649 1579 5704 trahens
1631 5647 1852 5713 omnia,
1915 5655 2078 5716 atque

2261 5645 2324 5717 β’.
2353 5649 2416 5701 Ὢ
2437 5648 2612 5702 πάντα
2652 5648 2748 5718 μὲν
2784 5646 3011 5716 φαίνων,
3049 5643 3224 5698 πάντα
3259 5640 3317 5694 δὲ
3349 5637 3604 5708 κρύπτων
3632 5629 3762 5702 χρόα

2015 5759 2248 5816 ΝΟΤίΕ.

595 5862 670 5932 (Ι)
713 5864 937 5934 Tragica
967 5866 1347 5938 comploratio,
1380 5860 1748 5918 Lamentatio.
