4094 6444
267 306 371 372 Gil

1183 301 1535 363 MONODIA
1574 300 2009 363 OCCISORUM
2044 303 2649 370 THESSALONIC/E.

3441 314 3549 375 64?

268 424 390 485 vo;l
427 420 492 473 Ὢ
539 421 721 472 πᾶσαν
756 416 853 488 μὲν
912 417 1262 488 συγγραφὴν,
1296 418 1478 471 πᾶσαν
1527 415 1586 468 δὲ
1635 417 1853 487 ποίησιν

1959 419 2143 474 omnia
2184 422 2412 490 tegens!
2467 418 2835 486 Ocalamitas,
2864 424 3132 496 quidquid
3186 440 3417 496 usquam
3456 427 3546 481 lii-

266 510 641 583 ἀποκρύψασα
668 510 957 580 συμφοραί
988 510 1052 561 Ὢ
1076 510 1283 571 πάντας
1315 510 1414 579 μὲν
1441 508 1855 580 διηγουμένους,

268 603 480 664 πάντας
512 600 570 653 δὲ
603 600 976 668 μονῳδοῦντας
995 600 1208 669 σιωπᾷν
1237 597 1628 666 ἀναγκάζουσα
1656 600 1814 669 φήμη
1839 599 1852 651 !

268 696 506 767 Πότερον
531 694 849 763 ἐπαινῶμεν
873 694 1000 754 τοὺς
1025 694 1196 745 οίκεῖν
1222 692 1489 762 λαχόντας
1512 691 1611 762 τὴν
1637 690 1855 761 χώραν;

280 788 426 844 Ἀλλ’
444 786 611 840 αὑτοῦ
647 786 888 849 καὶτοὺς
919 790 1117 855 φονέας
1144 786 1382 856 ὁρῶμεν,
1416 786 1511 838 καὶ
1540 787 1673 856 οίτῇ
1699 784 1859 854 φύσει

266 878 487 950 πικρῶς
515 878 756 948 ἔχοντες,
789 876 1026 929 ἐνταῦθα
1050 876 1141 928 τὸν
1164 875 1301 944 πρὸς
1336 874 1508 946 αὐτὴν
1539 876 1858 946 πεπολεμή-

267 988 401 1026 κασι
425 970 686 1039 πόλεμον.
719 969 882 1023 Ἀλλὰ
906 969 1283 1039 καταρώμεθα
1312 970 1407 1022 καὶ
1444 970 1647 1040 μιαρὰν
1676 969 1859 1023 καλῶ-

269 1081 374 1134 μεν
408 1062 509 1132 τὴν
533 1061 721 1128 πόλιν;
758 1061 900 1113 Ἀλλ’
931 1063 962 1129 ἡ
996 1062 1106 1113 τῶν
1142 1061 1418 1114 πεσόντων
1450 1062 1640 1132 ἀρετὴ,
1677 1064 1860 1133 πάσης

267 1155 478 1226 ἀρετῆς
500 1171 558 1207 τε
587 1155 684 1207 καί¹
712 1154 878 1225 εὐχῆς
906 1154 1066 1220 ἀξίαν
1097 1154 1267 1224 αὐτὴν
1297 1154 1610 1223 ἀποφαίνει.
1632 1154 1726 1218 Τίς
1751 1154 1859 1225 ἄρα

265 1251 335 1321 τῇ
360 1248 466 1318 τῆς
500 1248 712 1310 πόλεως
740 1246 1011 1315 ἐϐάσκηνε
1033 1244 1193 1318 δόξῃς
1225 1247 1321 1310 Τίς
1346 1246 1552 1318 ταύτην
1577 1247 1715 1317 αὐτῇ
1753 1264 1858 1317 φυ-

265 1340 561 1394 λάττεσθαι.
605 1339 755 1409 παρὰ
789 1341 1012 1393 πάντων
1043 1340 1104 1391 οὑ
1140 1339 1490 1411 συνεχώρησε
1511 1339 1601 1393 διὰ
1626 1339 1812 1402 τέλους
1840 1357 1854 1406 ;

271 1431 364 1495 Τίς
396 1431 472 1501 μὴ
505 1430 643 1502 πρὸς
682 1433 749 1502 τῇ
791 1430 977 1502 σοφίᾳ,
1008 1434 1102 1485 καὶ
1135 1435 1202 1502 τῇ
1239 1431 1623 1505 φιλανθρωπίᾳ
1652 1433 1856 1501 ταύτην

266 1523 455 1593 ἀφῆκε
490 1524 895 1594 φιλοτιμεῖσθαι
919 1541 933 1591 ;
956 1524 1052 1589 Τίς
1086 1528 1198 1589 τοῖς
1237 1527 1489 1596 ὑστέροις
1535 1526 1756 1597 συνέχεε
1790 1526 1859 1580 τὰ

268 1618 548 1688 πρότερα;
587 1618 669 1671 Τὰ
732 1619 831 1688 μὲν
883 1619 992 1690 γὰρ
1050 1620 1157 1690 πρὸ
1188 1619 1295 1673 τῶν
1335 1620 1703 1690 τολμημάτων
1735 1621 1858 1674 τοὺ-

264 1727 377 1764 των
414 1714 511 1765 καὶ
538 1712 635 1782 τῆς
663 1711 919 1782 σχετλίας
947 1714 1185 1784 ἡμέρας,
1221 1713 1305 1776 τίς
1332 1713 1475 1767 οὕτω
1505 1714 1684 1783 λόγοις
1717 1714 1857 1769 πάν-

1965 508 2260 565 storiarum
2292 512 2667 567 monumentis
2688 514 2965 583 proditum
2983 527 3088 581 est,
3121 517 3391 588 quidquid
3416 534 3550 589 poe-

1967 608 2148 653 tarum
2196 599 2398 655 fabulis
2444 602 2787 659 celebratum
2818 644 2831 670 ,
2886 607 3124 663 obscuro
3147 610 3449 666 damnans!
3501 610 3547 669 Ο

1964 703 2174 754 rumor,
2227 704 2260 744 ο
2312 690 2478 756 fama,
2533 694 2783 748 omnium
2831 697 2927 765 qui
2958 699 3331 754 narrationem
3384 701 3546 757 insti-

1965 790 2142 848 tuant,
2167 784 2527 855 omniumque
2551 786 2800 843 funestos
2831 804 2992 843 casus
3031 792 3231 861 tragice
3257 792 3548 863 deploran-

1965 873 2105 927 tium
2133 889 2228 928 ora
2259 876 2423 931 silere
2469 879 2788 934 necessario
2826 883 3125 951 prmstausl
3159 882 3547 940 Laudemusne

1964 967 2206 1037 regionis
2238 967 2481 1024 incolas?
2528 972 2598 1024 At
2656 970 2709 1025 in
2754 988 2821 1026 ea
2886 983 2944 1029 et
2979 975 3212 1031 sicarios
3256 976 3543 1033 videmus:

1963 1060 2423 1131 amarulentoque
2461 1061 2715 1117 homines
2747 1064 2931 1120 animo
2961 1082 3024 1121 ac
3046 1067 3288 1139 ingenio,
3340 1069 3430 1125 hic
3449 1070 3548 1125 ad-

1962 1167 2157 1209 versus
2192 1169 2312 1207 eam
2370 1170 2607 1226 pugnam
2661 1159 3078 1214 commiserunt.
3125 1162 3342 1217 Dirisne
3376 1162 3547 1217 devo-

1961 1260 2228 1310 veamus,
2283 1247 2589 1317 urbemque
2652 1250 2923 1319 impuram
2977 1264 3042 1307 ac
3098 1254 3547 1311 scelestissimam

1918 1412 1930 1429 .
1963 1339 2245 1394 dicamus?
2273 1340 2592 1406 Enimvero,
2640 1356 2833 1397 eorum
2864 1343 2958 1414 qui
2992 1346 3316 1401 ceciderunt
3344 1348 3544 1414 virtus,

1962 1433 2114 1487 omni
2152 1448 2275 1487 eam
2316 1434 2522 1488 virtute
2555 1475 2569 1499 ,
2616 1434 2921 1505 faustisque
2971 1437 3190 1508 dignam
3243 1437 3545 1505 ominibus,

1961 1525 2227 1581 ostendit.
2284 1526 2549 1593 Quisnam
2603 1528 2773 1598 igitur
2820 1528 2977 1584 urbis
3022 1530 3256 1584 claritati
3313 1532 3549 1587 invidit?

1960 1618 2095 1686 Quis
2124 1635 2243 1674 eam
2273 1635 2331 1674 se
2364 1620 2467 1675 sibi
2515 1621 2568 1674 in
2602 1621 2764 1676 {luem
2800 1637 2974 1691 usque
3016 1618 3085 1677 ab
3116 1624 3378 1679 omnibus
3428 1641 3547 1680 ser-

1960 1729 2091 1768 vare
2124 1730 2234 1768 non
2265 1714 2596 1780 sivit?Quis
2628 1722 2828 1785 praeter
2862 1717 3212 1786 sapientiam,
3248 1719 3412 1773 etiam
3444 1718 3549 1773 hu-

268 1820 374 1866 τας
421 1803 613 1865 νικῶν,
648 1804 799 1867 ὅστις
847 1804 914 1858 ἂν
968 1800 1081 1868 οἷός
1126 1806 1175 1857 τ’
1224 1805 1445 1873 ἐγένετο
1496 1804 1856 1877 διηγούμενος

1961 1804 2243 1860 manitatis
2276 1804 2439 1861 laude
2484 1821 2605 1860 eam
2640 1807 2931 1876 Splendere
2967 1820 3079 1861 non
3125 1809 3378 1863 dimisit?
3412 1808 3548 1876 Quis

264 1895 556 1964 ἐφικέσθαι
589 1896 820 1965 μέγεθος
858 1898 976 1967 μὲν,
1013 1897 1143 1950 ὥστ’
1175 1898 1380 1964 ἐξεῖναι
1407 1901 1528 1960 ταῖς
1564 1898 1853 1969 μεγίσταις

264 1991 443 2060 αὐτὴν
470 1989 844 2061 παραεάλλειν
862 2005 876 2020 ο
916 1990 1067 2043 θέσιν
1089 1990 1147 2043 δὲ
1172 1990 1269 2061 τὴν
1292 1991 1588 2062 καλλίστην
1619 1990 1735 2061 ἅμα
1758 1991 1853 2043 καὶ

266 2083 679 2154 ὑγιεινοτάτην·
716 2084 951 2155 καρπῶν
983 2101 1042 2136 τε
1076 2085 1273 2155 φορὰν,
1308 2084 1518 2137 καὶτὸν
1551 2087 1652 2155 τῆς
1682 2084 1853 2152 Αίγύ-

266 2190 411 2228 πτου
461 2174 615 2229 τόκον
653 2176 936 2241 νικῶσαν;
970 2174 1097 2227 Νεὼ
1125 2176 1182 2228 δὲ
1211 2176 1306 2228 καὶ
1346 2175 1491 2245 ίερὰ,
1530 2175 1641 2228 τῶν
1674 2176 1854 2228 ἁπαν-

260 2268 435 2338 ταχοῦ
468 2268 729 2324 κάλλιστά
763 2286 822 2322 τε
880 2268 977 2322 καὶ
1012 2268 1324 2337 ἁγιώτατα,
1369 2268 1610 2321 τοσαῦτα
1657 2268 1752 2322 καὶ
1793 2266 1855 2320 τὸ

266 2363 503 2433 μέγεθος
533 2364 627 2416 καὶ
656 2363 718 2415 τὸ
748 2362 974 2432 πλῆθος,
998 2361 1128 2415 ὥστ’
1151 2364 1253 2414 οὐκ
1272 2358 1412 2415 εἶναι
1439 2360 1645 2415 τούτων
1669 2361 1853 2416 ἄλλοθι

261 2454 562 2521 τοσούτοις,
618 2453 743 2507 οὔτε
799 2455 1045 2524 μείζοσιν
1093 2454 1219 2507 οὕτε
1284 2454 1528 2507 πλείοσιν
1583 2455 1850 2523 ἐντυχεῖνο

258 2550 440 2618 ἀγορά
478 2565 535 2601 τε
579 2549 708 2611 τοὺς
762 2547 821 2613 ἐξ
863 2546 1085 2616 ἀπάσης
1148 2548 1254 2617 γῆς
1308 2546 1699 2616 ὑποδεχομένη,
1757 2546 1853 2599 καὶ

258 2645 392 2706 τοὺς
435 2642 739 2706 συνιόντας,
766 2634 827 2692 οὗ
867 2643 971 2712 γῆς
1006 2636 1117 2692 εἷεν
1159 2642 1389 2710 ἀπορεῖν
1432 2638 1848 2707 ἀναγκάζουσα·

261 2734 351 2806 [Ρ.
379 2733 507 2804 586]
544 2733 688 2787 οὕτω
712 2733 908 2786 ταυτὸν
949 2729 1017 2803 ἦν
1055 2733 1270 2802 ἐκείνην
1309 2749 1367 2784 τε
1405 2733 1593 2795 οίκεῖν,
1625 2734 1716 2785 καὶ
1749 2733 1856 2785 πά-

263 2845 388 2890 σαις
419 2829 535 2897 ἅμα
570 2829 852 2897 παρεῖναι.
885 2826 1128 2895 Λιμένας
1156 2825 1212 2877 δὲ
1231 2824 1416 2878 πολλοὶ
1439 2826 1538 2894 μὲν
1561 2826 1851 2896 ἐπῄνεσανο

260 2919 365 2972 ὁδ’
431 2918 669 2972 ἐνταῦθα
726 2920 945 2972 πάντων
1001 2918 1067 2972 ἂν
1124 2918 1349 2981 δικαίως
1390 2917 1639 2986 ἐνίκησεν
1706 2913 1849 2970 εἶναι

261 3013 639 3083 παράδειγμα,
664 3014 691 3065 ὁ
722 3012 883 3076 αὐτὸς
946 3013 1067 3065 ιέιντλ⁴
1115 3010 1324 3074 πόλεως
1358 3029 1414 3064 τε
1455 3010 1529 3062 ὢν
1581 3012 1676 3064 καὶ
1702 3011 1855 3081 λιμέ-

262 3122 375 3170 νος,
437 3107 532 3159 καὶ
567 3106 668 3175 τὴν
700 3103 855 3158 πόλιν
881 3106 982 3157 οὐκ
1010 3106 1088 3167 είς
1128 3103 1228 3174 τὴν
1258 3103 1530 3157 θάλατταν
1579 3103 1853 3174 λήγουσαν

1958 1897 2050 1962 iis,
2087 1913 2210 1967 qua:
2252 1908 2440 1953 secuta
2474 1906 2625 1963 sunt,
2672 1900 2860 1969 priora
2896 1900 3192 1956 confudit?
3238 1900 3369 1968 Quae
3400 1903 3547 1956 enim

1956 1991 2377 2047 scelestissimos
2400 2008 2568 2047 ausus
2591 1991 2695 2047 hos
2724 2001 2778 2047 et
2807 1993 3181 2049 miserabilem
3213 1995 3358 2050 diem
3392 2007 3549 2050 ante-

1956 2099 2198 2151 cesscre,
2256 2085 2381 2155 quis
2424 2094 2576 2141 tanta
2609 2086 2943 2157 eloquentiae
2983 2086 3037 2141 vi
3066 2089 3285 2143 cunctis
3313 2092 3544 2154 eminet,

1958 2187 2018 2235 ut
2044 2180 2263 2249 assequi
2291 2179 2478 2235 verbis
2508 2178 2784 2235 sufﬁciat?
2818 2179 3136 2251 Magnltudo
3172 2189 3341 2246 tanta,
3382 2184 3448 2235 'ut
3481 2195 3544 2235 ea

1957 2287 2083 2327 cum
2109 2272 2364 2327 maximis
2393 2272 2626 2327 urbibus
2669 2272 2928 2343 componi
2953 2274 3152 2328 merito
3176 2274 3368 2343 possit.
3415 2272 3545 2328 Loci

1958 2364 2098 2419 situs
2150 2365 2564 2434 pulcherrimus
2608 2364 2773 2418 simul
2827 2374 2885 2419 et
2930 2364 3371 2430 saluberrimus;
3427 2366 3547 2419 fru-

1958 2466 2147 2511 ctuum
2182 2466 2504 2527 proventus,
2522 2458 2617 2527 qui
2642 2465 2698 2513 et
2723 2456 2941 2529 Egypti
2966 2459 3311 2514 feracitatem
3342 2459 3551 2514 vincat.

1958 2550 2186 2621 Templa
2241 2568 2304 2606 ac
2340 2566 2510 2605 sacrae
2541 2551 2735 2615 aedes,
2763 2560 2915 2606 tanta
2952 2551 3334 2621 magnitudine
3364 2551 3553 2621 sicque

1958 2659 2306 2709 numerosae,
2366 2652 2427 2697 ut
2488 2643 2644 2697 nullo
2684 2659 2916 2713 usquam
2966 2644 3089 2698 loco
3125 2645 3180 2696 in
3250 2650 3430 2697 tantas
3459 2650 3555 2696 aut

1958 2736 2194 2807 majores
2243 2736 2499 2805 pluresve
2555 2734 2802 2790 incidere
2838 2736 3026 2790 liceat.
3077 2735 3280 2789 Forum
3310 2733 3549 2788 omniex

1960 2836 2105 2881 terra
2133 2826 2424 2881 venientes
2454 2827 2783 2896 suscipiens,
2826 2840 2888 2881 ac
2915 2827 3008 2896 qui
3037 2826 3425 2880 convenissent
3456 2825 3551 2879 ubi

1959 2929 2234 2973 terrarum
2278 2928 2466 2973 essent
2517 2920 2799 2990 ambigere
2856 2933 3094 2989 cogens:
3132 2920 3212 2973 sic
3251 2919 3397 2972 idem
3431 2929 3551 2973 erat

1958 3011 2013 3066 in
2047 3026 2112 3065 ea
2148 3010 2384 3080 degere,
2432 3026 2496 3065 ac
2543 3013 2762 3067 cunctis
2815 3012 2983 3066 simul
3036 3010 3198 3065 terris
3256 3012 3551 3080 praesentia

1964 3105 2181 3161 adesse.
2237 3106 2394 3160 Multi
2432 3112 2562 3161 sunt
2601 3105 2693 3174 qui
2726 3088 2928 3174 portus
2954 3105 3287 3171 laudavere;
3314 3106 3553 3160 Thessa-

262 3198 664 3269 παρεχόμενος,
700 3196 815 3251 ἀλλ’
846 3198 927 3260 είς
957 3197 1111 3249 πόλιν
1138 3196 1353 3267 ἑτέραν.
1405 3196 1565 3250 Οὕτω
1607 3196 1856 3265 σεμνότε-

1966 3197 2332 3253 loniccnsium
2363 3206 2551 3252 autem
2576 3196 2823 3250 omnium
2847 3196 3046 3250 merito
3077 3196 3358 3265 exemplar
3385 3195 3554 3251 evicit

258 3310 357 3366 ρον
386 3294 483 3346 καὶ
510 3292 622 3346 τῶν
652 3290 974 3355 Βαϐυλῶνος
1017 3292 1347 3361 ἐτετείχιστο
1391 3290 1714 3361 περιϐόλων.
1744 3290 1859 3345 Μέ-

257 3407 447 3459 γιστος
478 3389 534 3442 δὲ
562 3388 639 3441 ὢν
665 3382 739 3443 ὧν
775 3390 934 3458 ἴσμεν
962 3388 1220 3457 λιμένων,
1261 3387 1526 3458 μεγίστην
1552 3386 1854 3458 παρέχεται

260 3482 361 3553 τὴν
398 3482 725 3551 ἀσφάλειαν,
772 3482 867 3534 καὶ
917 3481 1015 3552 τὴν
1048 3481 1204 3534 πόλιν
1230 3476 1341 3533 οἷον
1372 3480 1430 3534 ὲν
1457 3479 1727 3548 ἀγκάλαις
1751 3496 1850 3531 πε·

264 3576 632 3647 ριλαμῦάνων,
687 3574 965 3645 συμφῦναι
1001 3575 1152 3628 δοκεῖ
1202 3573 1457 3627 σπεύδειν
1506 3575 1667 3643 αὐτῇ.
1693 3573 1765 3625 Τὸ
1794 3574 1850 3625 δὲ

261 3670 381 3724 ὅλον
408 3670 596 3739 σχῆμα
658 3667 760 3736 τῆς
813 3668 1023 3730 πόλεως
1060 3667 1206 3730 τίνος
1239 3666 1339 3737 μὲν
1364 3667 1465 3719 οὑκ
1504 3666 1571 3719 ἂν
1603 3664 1853 3735 ἐκοίμισε

260 3764 477 3834 λύπηνς
507 3765 644 3818 Τίνα
672 3764 729 3816 δὲ
761 3762 862 3815 οὑκ
891 3760 957 3816 ἂν
985 3762 1249 3816 νοσοῦντα
1288 3757 1767 3831 ἀνώρθωσε;Τίνα
1797 3757 1853 3810 δὲ

272 3854 376 3905 οὐκ
400 3854 461 3906 διν
504 3853 647 3917 ξένον
670 3854 855 3906 ἔπεισε
884 3854 979 3907 καὶ
1001 3854 1098 3922 τῆς
1121 3850 1375 3923 οίκ[ε]ίας
1409 3849 1799 3915 ἐπιλαθέσθαι;

1965 3305 2110 3357 esse,
2141 3290 2287 3345 idem
2322 3290 2439 3360 ipse
2478 3297 2535 3345 et
2582 3288 2759 3354 urbis,
2812 3297 2868 3344 et
2912 3298 3104 3359 portus
3124 3290 3302 3344 vicem
3333 3303 3553 3360 gerens,

1964 3384 2123 3455 cujus
2161 3398 2394 3439 munere
2438 3382 2575 3436 urbs
2626 3396 2738 3435 non
2784 3381 2851 3435 ad
2887 3396 3039 3437 mare
3089 3382 3328 3445 desinat,
3362 3380 3455 3443 sed
3483 3380 3552 3434 ad

1962 3476 2157 3530 urbem
2188 3475 2444 3530 alteram.
2499 3475 2592 3529 Sic
2617 3485 2673 3530 et
2698 3490 2810 3542 pra:
2834 3474 3110 3546 Babylone
3138 3474 3425 3545 augustior
3458 3488 3547 3528 se—

1958 3575 2118 3635 ptus:
2156 3580 2393 3633 cumque
2428 3566 2698 3631 omnium,
2731 3580 2872 3634 quos
2896 3565 3238 3629 noverimus,
3266 3574 3459 3634 portus
3484 3563 3553 3615 sit

1960 3658 2250 3720 maximus,
2280 3657 2575 3710 maximam
2609 3656 2967 3712 securitatem
2989 3654 3219 3726 praebet,
3244 3655 3553 3725 urbemque

1961 3751 2120 3821 quasi
2174 3750 2420 3805 brachiis
2478 3751 2831 3820 astringens,
2913 3750 3170 3820 uiuisque
3215 3749 3447 3814 fovens,
3503 3747 3553 3801 ei

1963 3844 2448 3901 velutcoalescerc
2473 3842 2607 3896 eniti
2638 3841 2879 3895 videtur.
2926 3842 3094 3897 Urbis
3127 3841 3308 3896 omnis
3342 3840 3557 3910 species

278 3945 441 4014 cujus
463 3960 566 3998 non
595 3947 754 4000 animi
788 3942 1036 3999 dolorem
1072 3942 1320 3999 sedarit?
1351 3943 1526 4009 Quem
1547 3957 1694 4013 aegro
1727 3952 1960 4011 corpore
2022 3949 2135 3990 non
2188 3924 2387 3988 sanum
2431 3933 2786 3987 reddiderit?
2858 3932 2960 3986 Cui
2996 3943 3261 3987 extraneo
3325 3946 3436 3985 non
3499 3933 3556 3981 et

271 4036 473 4107 patria:
496 4034 790 4106 domusque
815 4034 1152 4090 oblivionem
1183 4032 1417 4088 fecerit?

343 4135 414 4199 γ’.
467 4128 620 4181 Ἀλλὰ
644 4135 750 4200 μὴν
775 4132 876 4199 τήν
933 4145 997 4196 γε
1025 4128 1123 4198 τῆς
1154 4126 1365 4189 πόλεως
1411 4124 1715 4189 εὐσέϐειαν,
1755 4122 1852 4176 καὶ

259 4222 364 4295 τὴν
392 4223 518 4292 περὶ
550 4223 641 4276 τὸν
672 4222 807 4276 Θεὸν
831 4220 1150 4293 θεραπείαν,
1194 4219 1401 4290 βέλτιον
1434 4218 1500 4272 ἄν
1526 4234 1607 4280 τις
1630 4214 1854 4269 σιωπῶν

260 4318 294 4387 ἦ
338 4315 715 4387 φθεγγόμενος
748 4315 1043 4381 ἐνδείξαιτο
1071 4316 1183 4375 τοῖς
1223 4311 1536 4367 ἀκούουσιν.
1572 4310 1719 4361 Ἐκεῖ
1742 4307 1854 4378 γὰρ

257 4408 457 4462 τακτοὶ
493 4408 590 4477 μὲν
613 4407 717 4461 οὐκ
756 4407 862 4460 είσὶ
911 4406 1096 4477 καιροὶ
1144 4406 1257 4467 τοῖς
1302 4401 1558 4466 εὔξασθαι
1593 4399 1854 4471 βουλομέ-

256 4515 395 4563 νοις,
421 4497 558 4551 ἀλλὰ
589 4498 701 4552 τῶν
763 4497 924 4569 ιερῶν
975 4499 1070 4550 καὶ
1124 4495 1344 4567 νύκτωρ
1388 4494 1484 4548 καὶ
1531 4494 1853 4565 μεθημέραν

256 4590 630 4660 ἀνεῳγμένων
661 4628 676 4655 ,
732 4565 912 4655 ἔξεστι
966 4590 1210 4661 πληροῦν
1260 4565 1358 4653 τάς
1404 4588 1570 4658 εὐχάς
1600 4590 1695 4642 καὶ
1721 4587 1857 4659 θαρα
1886 4565 1929 4620 D

260 4685 381 4754 ῥεῖν
438 4685 567 4755 περὶ
627 4677 704 4738 ὧν
759 4701 843 4748 τις
899 4684 1227 4755 δεησόμενος
1280 4678 1438 4753 ἧκεν.
1477 4681 1554 4733 Ἤ
1582 4698 1642 4733 τε
1694 4679 1857 4752 λοιπὴ

261 4774 398 4845 περὶ
426 4773 495 4827 τὰ
524 4773 755 4828 τοιαῦτα
786 4774 1071 4845 φιλοτιμία
1090 4789 1151 4826 τε
1187 4773 1284 4826 καὶ
1308 4770 1535 4840 σπουδὴ,
1571 4769 1860 4842 ἀναθημά-

254 4881 375 4919 των
409 4865 587 4936 κάλλη
618 4865 717 4918 ita).
753 4864 958 4935 πλῆθος
1007 4864 1308 4935 προσόδων,
1369 4861 1464 4915 καὶ
1514 4862 1857 4930 παννυχίδων

261 4959 544 5028 συνέχεια,
577 4958 673 5011 καὶ
697 4960 752 5013 ai
782 4958 891 5012 τῶν
923 4958 1161 5030 ᾀδόντων
1189 4958 1400 5025 ἴυγγες,
1428 4954 1524 5011 καὶ
1550 4957 1582 5026 ἠ
1608 4954 1698 5008 διὰ
1722 4954 1859 5007 πάν-

261 5068 370 5105 των
411 5051 604 5122 ὥσπερ
646 5054 703 5104 ἐν
737 5054 972 5122 μουσικῇ
1021 5050 1283 5121 ὁμολογία
1318 5051 1413 5103 καὶ
1469 5048 1643 5115 τάξις,
1692 5045 1853 5098 ταυτὶ

251 5146 311 5197 δὲ
346 5145 563 5217 βέλτιον
612 5148 859 5218 παρόντα
906 5147 1041 5218 όρᾷν
1069 5146 1165 5199 καὶ
1213 5143 1513 5216 πειρᾶσθαι
1565 5156 1859 5208 καταμαν-

254 5235 448 5290 Θάνειν
481 5237 764 5307 γινόμενα.
802 5238 912 5290 Καὶ
946 5238 1054 5309 μὴν
1111 5239 1205 5289 καὶ
1253 5236 1447 5306 μισθὸν
1478 5235 1662 5297 αὑτοῖς
1704 5230 1855 5285 οὗτοι

253 5328 469 5397 φαῦλον
499 5330 598 5400 τῆς
651 5330 937 5393 εὐσεὸείας
964 5331 1186 5401 ὁρῶμεν
1208 5346 1220 5361 ο
1246 5330 1362 5383 ἀλλ’
1397 5330 1460 5382 ὃν
1494 5328 1560 5381 ἄν
1593 5344 1678 5390 τις
1704 5324 1857 5395 αὑτῷ

250 5437 322 5489 γε
351 5422 389 5492 ἢ
414 5422 590 5491 φίλοις
658 5422 1005 5490 συνεύξαιτοε
1047 5422 1379 5492 πολιορκιῶν
1409 5438 1468 5473 τε
1516 5420 1719 5485 λύσεις,
1762 5417 1857 5471 καὶ

248 5514 441 5586 λιμῶν
475 5513 750 5587 βοηθείας,
787 5518 882 5569 καὶ
912 5515 1238 5586 νοσημάτων
1290 5515 1355 5585 δὴ
1386 5513 1687 5584 θεραπείας
1727 5513 1852 5564 em-

2029 4114 2227 4187 θοοα
2245 4114 2300 4168 5.
2325 4111 2546 4167 Atenim
2579 4110 2737 4165 urbis
2768 4110 3053 4180 pietatem,
3102 4126 3167 4166 ac
3210 4127 3339 4182 erga
3373 4113 3546 4168 Deum

1959 4216 2195 4278 cultum,
2214 4213 2414 4267 melius
2438 4210 2714 4281 quiSpiam
2744 4209 2990 4272 silentio,
3024 4222 3187 4278 quam
3209 4222 3465 4262 sermone
3488 4224 3553 4264 ac

1959 4308 2182 4378 eloquio
2204 4304 2557 4361 auditoribus
2576 4302 2961 4357 insinuaverit.
2981 4300 3141 4355 Nulla
3164 4300 3240 4354 ibi
3259 4310 3398 4355 stata
3417 4310 3554 4355 tem-

1960 4399 2204 4470 pora,iis
2235 4398 2333 4469 qui
2364 4397 2533 4452 velint
2557 4396 2878 4467 precatione
2906 4393 3153 4464 defungi,
3178 4394 3274 4449 sed
3307 4401 3363 4447 et
3384 4404 3552 4449 noctu

1959 4502 2121 4563 atque
2152 4492 2396 4547 interdiu
2433 4490 2695 4546 reseratis
2724 4488 2899 4543 sacris
2948 4488 3183 4554 aedibus,
3234 4503 3429 4558 preces
3453 4486 3555 4541 im-

1958 4586 2111 4656 plere
2158 4584 2309 4646 licet,
2380 4600 2444 4639 ac
2492 4583 2773 4639 conﬁdere
2804 4583 2873 4637 de
2902 4583 3107 4653 quibus
3141 4583 3269 4652 quis
3295 4594 3557 4639 oraturus

1956 4678 2128 4732 venit.
2174 4678 2409 4749 Reliqua
2444 4678 2576 4732 item
2607 4676 2662 4730 in
2706 4676 2981 4747 ejusmodi
3019 4674 3429 4746 magniﬁcentia
3472 4686 3556 4730 at-

1955 4790 2063 4845 que
2089 4786 2274 4843 opera,
2301 4772 2534 4843 pulchra
2558 4770 2811 4836 donaria,
2832 4776 3201 4841 proventuum
3232 4769 3556 4833 multitudo,

1949 4870 2110 4941 juges
2151 4874 2320 4922 noctu
2371 4865 2593 4936 vigiliae,
2654 4874 2947 4919 cantorum
2998 4862 3306 4925 illecebrae,
3361 4878 3425 4917 ac
3456 4878 3558 4931 per

1956 4960 2143 5016 omnia
2177 4958 2329 5013 velut
2375 4957 2433 5011 in
2481 4957 2692 5011 musica
2738 4964 3044 5011 concentus
3072 4953 3360 5024 ordoque;
3410 4953 3553 5012 haec.

1963 5051 2209 5120 inquam,
2239 5053 2483 5118 praestat,
2508 5045 2604 5115 qui
2637 5048 2710 5101 sit
2733 5061 2995 5116 praesens,
3021 5044 3234 5109 videre,
3270 5060 3333 5099 ac
3360 5043 3553 5098 conari

1962 5158 2149 5200 rerum
2179 5143 2297 5212 ipsa
2332 5138 2675 5195 exhibitione
2702 5140 3044 5194 condiscere.
3074 5137 3243 5206 Atqui
3268 5152 3371 5193 nec
3393 5150 3553 5206 sper-

1960 5235 2198 5291 nendam
2226 5232 2449 5304 pietatis
2484 5230 2801 5288 mercedem
2835 5229 3045 5287 civitati
3086 5228 3342 5283 videmus
3360 5236 3553 5282 acces-

1961 5328 2122 5393 sisse,
2151 5341 2215 5381 ac
2247 5339 2410 5395 quam
2442 5323 2546 5378 sibi
2578 5322 2705 5392 quis
2724 5321 2925 5377 merito
2951 5326 3358 5388 comprecetur,
3372 5317 3552 5385 iisque

1961 5434 2099 5490 quos
2156 5418 2502 5474 necessarios
2580 5414 2861 5483 habebat;
2935 5412 3147 5467 solutas
3209 5408 3561 5473 obsidiones,

1961 5512 2121 5567 famis
2161 5511 2381 5578 solatia,
2418 5508 2838 5565 adventantium
2889 5504 3153 5576 depulsos
3186 5502 3411 5559 morbos
3446 5499 3551 5571 (2),

1786 5599 2020 5659 ΝΟΤᾹΞ.

331 5705 416 5779 (2)
464 5706 591 5765 Haec
621 5710 901 5779 praecipue
942 5709 995 5763 in
1022 5708 1144 5763 Vita
1175 5706 1443 5779 Demetrii
1467 5705 1586 5779 inse
1609 5703 1855 5779 digesta;

244 5774 484 5852 quéa'et
552 5774 883 5837 ornamento
954 5789 1141 5835 essent
1201 5778 1267 5831 ad
1326 5776 1565 5831 Mauritii
1621 5774 1847 5829 circiter

1971 5713 2251 5771 tempora,
2300 5716 2363 5757 ac
2397 5699 2600 5771 Illyrici
2640 5698 2821 5765 bella;
2872 5708 3208 5768 possemque
3245 5698 3557 5762 reprmcn-

1963 5784 2099 5828 tare.
