  <div class='ocr_page' id='page_1' title='image "/cluster/home/n/w/nwhite01/storage/ocr_20150623/109/coo.31924054870138/329.png"; bbox 0 0 2047 3209; ppageno 0'>
   <div class='ocr_carea' id='block_1_1' title="bbox 260 135 313 167">
    <p class='ocr_par' dir='ltr' id='par_1_1' title="bbox 260 135 313 167">
     <span class='ocr_line' id='line_1_1' title="bbox 260 135 313 167; baseline 0.038 -2"><span class='ocrx_word' id='word_1_1' title='bbox 260 135 313 167; x_wconf 71' lang='grc'><strong>043</strong></span> 
     </span>
    </p>
   </div>
   <div class='ocr_carea' id='block_1_2' title="bbox 899 138 1261 169">
    <p class='ocr_par' dir='ltr' id='par_1_2' title="bbox 899 138 1261 169">
     <span class='ocr_line' id='line_1_2' title="bbox 899 138 1261 169; baseline 0 0"><span class='ocrx_word' id='word_1_2' title='bbox 899 138 1090 169; x_wconf 77' lang='lat' dir='ltr'><strong>DEMETRII</strong></span> <span class='ocrx_word' id='word_1_3' title='bbox 1107 139 1261 169; x_wconf 76' lang='lat' dir='ltr'><strong>CYDONII</strong></span> 
     </span>
    </p>
   </div>
   <div class='ocr_carea' id='block_1_3' title="bbox 1854 143 1907 175">
    <p class='ocr_par' dir='ltr' id='par_1_3' title="bbox 1854 143 1907 175">
     <span class='ocr_line' id='line_1_3' title="bbox 1854 143 1907 175; baseline 0 -1"><span class='ocrx_word' id='word_1_4' title='bbox 1854 143 1907 175; x_wconf 66' lang='lat' dir='ltr'><strong>6H</strong></span> 
     </span>
    </p>
   </div>
   <div class='ocr_carea' id='block_1_4' title="bbox 258 191 1053 234">
    <p class='ocr_par' dir='ltr' id='par_1_4' title="bbox 258 191 1053 227">
     <span class='ocr_line' id='line_1_4' title="bbox 258 191 1053 227; baseline 0.004 -11"><span class='ocrx_word' id='word_1_5' title='bbox 258 198 355 226; x_wconf 73' lang='lat' dir='ltr'><strong>regum</strong></span> <span class='ocrx_word' id='word_1_6' title='bbox 370 197 454 218; x_wconf 87' lang='lat' dir='ltr'><strong>neces</strong></span> <span class='ocrx_word' id='word_1_7' title='bbox 467 191 614 219; x_wconf 90' lang='lat' dir='ltr'><strong>instructis</strong></span> <span class='ocrx_word' id='word_1_8' title='bbox 629 191 716 227; x_wconf 84' lang='lat' dir='ltr'><strong>copiis</strong></span> <span class='ocrx_word' id='word_1_9' title='bbox 734 191 941 225; x_wconf 82' lang='lat' dir='ltr'><strong>adorientium;</strong></span> <span class='ocrx_word' id='word_1_10' title='bbox 964 193 992 219; x_wconf 93' lang='lat' dir='ltr'><strong>in</strong></span> <span class='ocrx_word' id='word_1_11' title='bbox 1014 192 1053 219; x_wconf 87' lang='lat' dir='ltr'><strong>fu-</strong></span> 
     </span>
    </p>
   </div>
   <div class='ocr_carea' id='block_1_5' title="bbox 1106 191 1906 234">
    <p class='ocr_par' dir='ltr' id='par_1_5' title="bbox 1106 193 1906 234">
     <span class='ocr_line' id='line_1_5' title="bbox 1106 193 1906 234; baseline 0.008 -15"><span class='ocrx_word' id='word_1_12' title='bbox 1106 193 1276 228; x_wconf 78' lang='grc' dir='ltr'>δημούντων,</span> <span class='ocrx_word' id='word_1_13' title='bbox 1295 195 1402 228; x_wconf 61' lang='grc' dir='ltr'>σφαγάς</span> <span class='ocrx_word' id='word_1_14' title='bbox 1417 204 1447 221; x_wconf 84' lang='grc' dir='ltr'><strong>τε</strong></span> <span class='ocrx_word' id='word_1_15' title='bbox 1462 195 1594 230; x_wconf 78' lang='grc' dir='ltr'>βασιλέων</span> <span class='ocrx_word' id='word_1_16' title='bbox 1623 197 1716 228; x_wconf 82' lang='grc' dir='ltr'>αὐτοῖς</span> <span class='ocrx_word' id='word_1_17' title='bbox 1731 199 1906 234; x_wconf 79' lang='grc' dir='ltr'>στρατεύμα-</span> 
     </span>
    </p>
   </div>
   <div class='ocr_carea' id='block_1_6' title="bbox 259 237 1053 274">
    <p class='ocr_par' dir='ltr' id='par_1_6' title="bbox 259 237 1053 274">
     <span class='ocr_line' id='line_1_6' title="bbox 259 237 1053 274; baseline 0 -10"><span class='ocrx_word' id='word_1_18' title='bbox 259 242 352 264; x_wconf 86' lang='lat' dir='ltr'><strong>turum</strong></span> <span class='ocrx_word' id='word_1_19' title='bbox 366 237 489 270; x_wconf 71' lang='lat' dir='ltr'><strong>oracula,</strong></span> <span class='ocrx_word' id='word_1_20' title='bbox 512 237 600 265; x_wconf 83' lang='lat' dir='ltr'><strong>Unam</strong></span> <span class='ocrx_word' id='word_1_21' title='bbox 612 238 678 273; x_wconf 80' lang='lat' dir='ltr'><strong>fore,</strong></span> <span class='ocrx_word' id='word_1_22' title='bbox 697 247 757 274; x_wconf 67' lang='lat' dir='ltr'><strong>qua</strong></span> <span class='ocrx_word' id='word_1_23' title='bbox 779 240 806 266; x_wconf 85' lang='lat' dir='ltr'><strong>in</strong></span> <span class='ocrx_word' id='word_1_24' title='bbox 824 239 959 266; x_wconf 80' lang='lat' dir='ltr'><strong>communi</strong></span> <span class='ocrx_word' id='word_1_25' title='bbox 976 238 1053 265; x_wconf 83' lang='lat' dir='ltr'><strong><em>clade</em></strong></span> 
     </span>
    </p>
   </div>
   <div class='ocr_carea' id='block_1_7' title="bbox 259 283 1055 312">
    <p class='ocr_par' dir='ltr' id='par_1_7' title="bbox 259 283 1055 312">
     <span class='ocr_line' id='line_1_7' title="bbox 259 283 1055 312; baseline 0.003 -2"><span class='ocrx_word' id='word_1_26' title='bbox 259 292 290 310; x_wconf 83' lang='lat' dir='ltr'><strong>ac</strong></span> <span class='ocrx_word' id='word_1_27' title='bbox 302 284 426 310; x_wconf 75' lang='lat' dir='ltr'><strong>vastitate</strong></span> <span class='ocrx_word' id='word_1_28' title='bbox 445 283 584 311; x_wconf 76' lang='lat' dir='ltr'><strong>incolumis</strong></span> <span class='ocrx_word' id='word_1_29' title='bbox 594 289 724 312; x_wconf 67' lang='lat' dir='ltr'><strong>seruetur.</strong></span> <span class='ocrx_word' id='word_1_30' title='bbox 746 284 860 312; x_wconf 76' lang='lat' dir='ltr'><strong>Confert</strong></span> <span class='ocrx_word' id='word_1_31' title='bbox 876 292 943 312; x_wconf 92' lang='lat' dir='ltr'><strong>vero</strong></span> <span class='ocrx_word' id='word_1_32' title='bbox 957 284 1055 312; x_wconf 87' lang='lat' dir='ltr'><strong>istius-</strong></span> 
     </span>
    </p>
   </div>
   <div class='ocr_carea' id='block_1_8' title="bbox 258 329 1054 365">
    <p class='ocr_par' dir='ltr' id='par_1_8' title="bbox 258 329 1054 365">
     <span class='ocr_line' id='line_1_8' title="bbox 258 329 1054 365; baseline -0.001 -8"><span class='ocrx_word' id='word_1_33' title='bbox 258 329 333 357; x_wconf 86' lang='lat' dir='ltr'><strong>modi</strong></span> <span class='ocrx_word' id='word_1_34' title='bbox 348 336 459 365; x_wconf 90' lang='lat' dir='ltr'><strong>quoque</strong></span> <span class='ocrx_word' id='word_1_35' title='bbox 470 329 579 363; x_wconf 84' lang='lat' dir='ltr'><strong>usibus,</strong></span> <span class='ocrx_word' id='word_1_36' title='bbox 590 330 638 365; x_wconf 90' lang='lat' dir='ltr'><strong>qui</strong></span> <span class='ocrx_word' id='word_1_37' title='bbox 647 334 676 357; x_wconf 92' lang='lat' dir='ltr'><strong>et</strong></span> <span class='ocrx_word' id='word_1_38' title='bbox 691 330 852 357; x_wconf 88' lang='lat' dir='ltr'><strong>universum</strong></span> <span class='ocrx_word' id='word_1_39' title='bbox 865 330 960 357; x_wconf 90' lang='lat' dir='ltr'><strong>orbem</strong></span> <span class='ocrx_word' id='word_1_40' title='bbox 974 329 1054 356; x_wconf 82' lang='lat' dir='ltr'><strong>habi-</strong></span> 
     </span>
    </p>
   </div>
   <div class='ocr_carea' id='block_1_9' title="bbox 260 374 1055 410">
    <p class='ocr_par' dir='ltr' id='par_1_9' title="bbox 260 374 1055 410">
     <span class='ocr_line' id='line_1_9' title="bbox 260 374 1055 410; baseline -0.001 -9"><span class='ocrx_word' id='word_1_41' title='bbox 260 374 372 403; x_wconf 90' lang='lat' dir='ltr'><strong>tabilem</strong></span> <span class='ocrx_word' id='word_1_42' title='bbox 413 375 633 410; x_wconf 87' lang='lat' dir='ltr'><strong>universumque</strong></span> <span class='ocrx_word' id='word_1_43' title='bbox 677 374 888 402; x_wconf 87' lang='lat' dir='ltr'><strong>inhabitabilem</strong></span> <span class='ocrx_word' id='word_1_44' title='bbox 919 374 1055 402; x_wconf 88' lang='lat' dir='ltr'><strong>miraculo</strong></span> 
     </span>
    </p>
   </div>
   <div class='ocr_carea' id='block_1_10' title="bbox 259 419 1056 454">
    <p class='ocr_par' dir='ltr' id='par_1_10' title="bbox 259 419 1056 454">
     <span class='ocr_line' id='line_1_10' title="bbox 259 419 1056 454; baseline 0 -8"><span class='ocrx_word' id='word_1_45' title='bbox 259 423 346 451; x_wconf 81' lang='lat' dir='ltr'><strong>tenet,</strong></span> <span class='ocrx_word' id='word_1_46' title='bbox 362 419 391 446; x_wconf 91' lang='lat' dir='ltr'><strong>in</strong></span> <span class='ocrx_word' id='word_1_47' title='bbox 410 419 500 447; x_wconf 91' lang='lat' dir='ltr'><strong>media</strong></span> <span class='ocrx_word' id='word_1_48' title='bbox 514 419 583 447; x_wconf 84' lang='lat' dir='ltr'><strong>urbe</strong></span> <span class='ocrx_word' id='word_1_49' title='bbox 593 420 672 452; x_wconf 85' lang='lat' dir='ltr'><strong>situs,</strong></span> <span class='ocrx_word' id='word_1_50' title='bbox 688 423 771 454; x_wconf 91' lang='lat' dir='ltr'><strong>atque</strong></span> <span class='ocrx_word' id='word_1_51' title='bbox 782 420 817 447; x_wconf 87' lang='lat' dir='ltr'><strong>ad</strong></span> <span class='ocrx_word' id='word_1_52' title='bbox 830 427 859 447; x_wconf 91' lang='lat' dir='ltr'><strong>se</strong></span> <span class='ocrx_word' id='word_1_53' title='bbox 871 419 1056 454; x_wconf 85' lang='lat' dir='ltr'><strong>undequaque</strong></span> 
     </span>
    </p>
   </div>
   <div class='ocr_carea' id='block_1_11' title="bbox 259 465 1055 501">
    <p class='ocr_par' dir='ltr' id='par_1_11' title="bbox 259 465 1055 501">
     <span class='ocr_line' id='line_1_11' title="bbox 259 465 1055 501; baseline 0 -9"><span class='ocrx_word' id='word_1_54' title='bbox 259 471 383 493; x_wconf 87' lang='lat' dir='ltr'><strong>extrema</strong></span> <span class='ocrx_word' id='word_1_55' title='bbox 395 473 507 501; x_wconf 78' lang='lat' dir='ltr'><strong>cogens,</strong></span> <span class='ocrx_word' id='word_1_56' title='bbox 532 470 589 492; x_wconf 91' lang='lat' dir='ltr'><strong>tum</strong></span> <span class='ocrx_word' id='word_1_57' title='bbox 606 465 665 500; x_wconf 91' lang='lat' dir='ltr'><strong>ipse</strong></span> <span class='ocrx_word' id='word_1_58' title='bbox 678 465 740 493; x_wconf 87' lang='lat' dir='ltr'><strong>urbi</strong></span> <span class='ocrx_word' id='word_1_59' title='bbox 751 470 887 498; x_wconf 77' lang='lat' dir='ltr'><strong>servator,</strong></span> <span class='ocrx_word' id='word_1_60' title='bbox 910 470 968 493; x_wconf 91' lang='lat' dir='ltr'><strong>tum</strong></span> <span class='ocrx_word' id='word_1_61' title='bbox 985 465 1055 492; x_wconf 93' lang='lat' dir='ltr'><strong>civi-</strong></span> 
     </span>
    </p>
   </div>
   <div class='ocr_carea' id='block_1_12' title="bbox 259 511 1055 547">
    <p class='ocr_par' dir='ltr' id='par_1_12' title="bbox 259 511 1055 547">
     <span class='ocr_line' id='line_1_12' title="bbox 259 511 1055 547; baseline 0.001 -8"><span class='ocrx_word' id='word_1_62' title='bbox 259 511 313 539; x_wconf 88' lang='lat' dir='ltr'><strong>bus</strong></span> <span class='ocrx_word' id='word_1_63' title='bbox 330 511 493 539; x_wconf 73' lang='lat' dir='ltr'><strong>conciliator</strong></span> <span class='ocrx_word' id='word_1_64' title='bbox 505 516 587 546; x_wconf 86' lang='lat' dir='ltr'><strong>atque</strong></span> <span class='ocrx_word' id='word_1_65' title='bbox 602 511 635 539; x_wconf 90' lang='lat' dir='ltr'><strong>ad</strong></span> <span class='ocrx_word' id='word_1_66' title='bbox 651 512 739 539; x_wconf 89' lang='lat' dir='ltr'><strong>Deum</strong></span> <span class='ocrx_word' id='word_1_67' title='bbox 759 511 939 540; x_wconf 80' lang='lat' dir='ltr'><strong>intercessor.</strong></span> <span class='ocrx_word' id='word_1_68' title='bbox 959 513 1055 547; x_wconf 84' lang='lat' dir='ltr'><strong>Neque</strong></span> 
     </span>
    </p>
   </div>
   <div class='ocr_carea' id='block_1_13' title="bbox 261 557 1054 593">
    <p class='ocr_par' dir='ltr' id='par_1_13' title="bbox 261 557 1054 593">
     <span class='ocr_line' id='line_1_13' title="bbox 261 557 1054 593; baseline 0 -8"><span class='ocrx_word' id='word_1_69' title='bbox 261 557 289 585; x_wconf 90' lang='lat' dir='ltr'><strong>id</strong></span> <span class='ocrx_word' id='word_1_70' title='bbox 300 558 401 590; x_wconf 86' lang='lat' dir='ltr'><strong>solum,</strong></span> <span class='ocrx_word' id='word_1_71' title='bbox 424 557 471 585; x_wconf 88' lang='lat' dir='ltr'><strong>sed</strong></span> <span class='ocrx_word' id='word_1_72' title='bbox 496 562 524 585; x_wconf 89' lang='lat' dir='ltr'><strong>et</strong></span> <span class='ocrx_word' id='word_1_73' title='bbox 546 558 594 593; x_wconf 93' lang='lat' dir='ltr'><strong>qui</strong></span> <span class='ocrx_word' id='word_1_74' title='bbox 612 558 795 593; x_wconf 79' lang='lat' dir='ltr'><strong>imperatores</strong></span> <span class='ocrx_word' id='word_1_75' title='bbox 810 558 934 593; x_wconf 88' lang='lat' dir='ltr'><strong>placidos</strong></span> <span class='ocrx_word' id='word_1_76' title='bbox 947 558 1054 586; x_wconf 86' lang='lat' dir='ltr'><strong>civitati</strong></span> 
     </span>
    </p>
   </div>
   <div class='ocr_carea' id='block_1_14' title="bbox 262 603 1055 640">
    <p class='ocr_par' dir='ltr' id='par_1_14' title="bbox 262 603 1055 640">
     <span class='ocr_line' id='line_1_14' title="bbox 262 603 1055 640; baseline 0.001 -9"><span class='ocrx_word' id='word_1_77' title='bbox 262 603 370 636; x_wconf 87' lang='lat' dir='ltr'><strong>reddat,</strong></span> <span class='ocrx_word' id='word_1_78' title='bbox 397 612 458 631; x_wconf 90' lang='lat' dir='ltr'><strong>cum</strong></span> <span class='ocrx_word' id='word_1_79' title='bbox 483 605 510 631; x_wconf 91' lang='lat' dir='ltr'><strong>iu</strong></span> <span class='ocrx_word' id='word_1_80' title='bbox 527 605 652 639; x_wconf 87' lang='lat' dir='ltr'><strong>reliquis,</strong></span> <span class='ocrx_word' id='word_1_81' title='bbox 670 609 728 632; x_wconf 92' lang='lat' dir='ltr'><strong>tum</strong></span> <span class='ocrx_word' id='word_1_82' title='bbox 742 609 773 632; x_wconf 94' lang='lat' dir='ltr'><strong>ut</strong></span> <span class='ocrx_word' id='word_1_83' title='bbox 788 605 934 640; x_wconf 84' lang='lat' dir='ltr'><strong>oppidanis</strong></span> <span class='ocrx_word' id='word_1_84' title='bbox 959 605 1055 632; x_wconf 91' lang='lat' dir='ltr'><strong>remit-</strong></span> 
     </span>
    </p>
   </div>
   <div class='ocr_carea' id='block_1_15' title="bbox 262 651 1055 686">
    <p class='ocr_par' dir='ltr' id='par_1_15' title="bbox 262 651 1055 686">
     <span class='ocr_line' id='line_1_15' title="bbox 262 651 1055 686; baseline 0.001 -9"><span class='ocrx_word' id='word_1_85' title='bbox 262 655 321 678; x_wconf 89' lang='lat' dir='ltr'><strong>tant</strong></span> <span class='ocrx_word' id='word_1_86' title='bbox 338 651 459 683; x_wconf 87' lang='lat' dir='ltr'><strong>tributa;</strong></span> <span class='ocrx_word' id='word_1_87' title='bbox 477 651 560 686; x_wconf 85' lang='lat' dir='ltr'><strong>inque</strong></span> <span class='ocrx_word' id='word_1_88' title='bbox 581 652 705 679; x_wconf 86' lang='lat' dir='ltr'><strong>externis</strong></span> <span class='ocrx_word' id='word_1_89' title='bbox 723 659 756 679; x_wconf 89' lang='lat' dir='ltr'><strong>ac</strong></span> <span class='ocrx_word' id='word_1_90' title='bbox 774 651 959 679; x_wconf 88' lang='lat' dir='ltr'><strong>Barbarorum</strong></span> <span class='ocrx_word' id='word_1_91' title='bbox 975 651 1055 679; x_wconf 90' lang='lat' dir='ltr'><strong>bellis</strong></span> 
     </span>
    </p>
   </div>
   <div class='ocr_carea' id='block_1_16' title="bbox 261 697 1069 734">
    <p class='ocr_par' dir='ltr' id='par_1_16' title="bbox 261 697 1069 734">
     <span class='ocr_line' id='line_1_16' title="bbox 261 697 1069 734; baseline 0.001 -10"><span class='ocrx_word' id='word_1_92' title='bbox 261 697 319 733; x_wconf 89' lang='lat' dir='ltr'><strong>ipse</strong></span> <span class='ocrx_word' id='word_1_93' title='bbox 334 698 432 726; x_wconf 91' lang='lat' dir='ltr'><strong>ducem</strong></span> <span class='ocrx_word' id='word_1_94' title='bbox 448 703 521 733; x_wconf 78' lang='lat' dir='ltr'><strong>agat,</strong></span> <span class='ocrx_word' id='word_1_95' title='bbox 550 698 782 733; x_wconf 91' lang='lat' dir='ltr'><strong>tremendumque</strong></span> <span class='ocrx_word' id='word_1_96' title='bbox 805 698 958 734; x_wconf 83' lang='lat' dir='ltr'><strong>majoribus</strong></span> <span class='ocrx_word' id='word_1_97' title='bbox 974 699 1069 734; x_wconf 76' lang='lat' dir='ltr'><strong>longe‘</strong></span> 
     </span>
    </p>
   </div>
   <div class='ocr_carea' id='block_1_17' title="bbox 259 744 1055 779">
    <p class='ocr_par' dir='ltr' id='par_1_17' title="bbox 259 744 1055 779">
     <span class='ocr_line' id='line_1_17' title="bbox 259 744 1055 779; baseline 0.003 -9"><span class='ocrx_word' id='word_1_98' title='bbox 259 744 347 779; x_wconf 84' lang='lat' dir='ltr'><strong>copiis</strong></span> <span class='ocrx_word' id='word_1_99' title='bbox 359 749 390 772; x_wconf 91' lang='lat' dir='ltr'><strong>ut</strong></span> <span class='ocrx_word' id='word_1_100' title='bbox 403 744 538 772; x_wconf 88' lang='lat' dir='ltr'><strong>adversus</strong></span> <span class='ocrx_word' id='word_1_101' title='bbox 551 744 691 771; x_wconf 85' lang='lat' dir='ltr'><strong>civitatem</strong></span> <span class='ocrx_word' id='word_1_102' title='bbox 704 752 780 771; x_wconf 87' lang='lat' dir='ltr'><strong>arma</strong></span> <span class='ocrx_word' id='word_1_103' title='bbox 794 749 934 778; x_wconf 80' lang='lat' dir='ltr'><strong>moveant,</strong></span> <span class='ocrx_word' id='word_1_104' title='bbox 943 744 1055 772; x_wconf 84' lang='lat' dir='ltr'><strong>elliciat.</strong></span> 
     </span>
    </p>
   </div>
   <div class='ocr_carea' id='block_1_18' title="bbox 259 789 1055 824">
    <p class='ocr_par' dir='ltr' id='par_1_18' title="bbox 259 789 1055 824">
     <span class='ocr_line' id='line_1_18' title="bbox 259 789 1055 824; baseline 0 -7"><span class='ocrx_word' id='word_1_105' title='bbox 259 789 305 817; x_wconf 79' lang='lat' dir='ltr'><strong>Sic</strong></span> <span class='ocrx_word' id='word_1_106' title='bbox 337 790 469 817; x_wconf 90' lang='lat' dir='ltr'><strong>nimirum</strong></span> <span class='ocrx_word' id='word_1_107' title='bbox 496 794 606 817; x_wconf 83' lang='lat' dir='ltr'><strong>exstare</strong></span> <span class='ocrx_word' id='word_1_108' title='bbox 640 790 738 817; x_wconf 86' lang='lat' dir='ltr'><strong>urbem</strong></span> <span class='ocrx_word' id='word_1_109' title='bbox 771 797 919 817; x_wconf 88' lang='lat' dir='ltr'><strong>commune</strong></span> <span class='ocrx_word' id='word_1_110' title='bbox 945 789 1055 824; x_wconf 85' lang='lat' dir='ltr'><strong>pietatis</strong></span> 
     </span>
    </p>
   </div>
   <div class='ocr_carea' id='block_1_19' title="bbox 258 836 610 871">
    <p class='ocr_par' dir='ltr' id='par_1_19' title="bbox 258 836 610 871">
     <span class='ocr_line' id='line_1_19' title="bbox 258 836 610 871; baseline 0 -8"><span class='ocrx_word' id='word_1_111' title='bbox 258 836 399 871; x_wconf 76' lang='lat' dir='ltr'><strong>exemplar</strong></span> <span class='ocrx_word' id='word_1_112' title='bbox 415 836 480 871; x_wconf 83' lang='lat' dir='ltr'><strong>quis</strong></span> <span class='ocrx_word' id='word_1_113' title='bbox 498 836 610 864; x_wconf 79' lang='lat' dir='ltr'><strong>dixerit.</strong></span> 
     </span>
    </p>
   </div>
   <div class='ocr_carea' id='block_1_20' title="bbox 1109 239 1908 279">
    <p class='ocr_par' dir='ltr' id='par_1_20' title="bbox 1109 239 1908 279">
     <span class='ocr_line' id='line_1_20' title="bbox 1109 239 1908 279; baseline 0.009 -15"><span class='ocrx_word' id='word_1_114' title='bbox 1109 247 1152 265; x_wconf 84' lang='grc' dir='ltr'><strong>σιν</strong></span> <span class='ocrx_word' id='word_1_115' title='bbox 1169 239 1312 272; x_wconf 74' lang='grc' dir='ltr'>ἐπιόντων,</span> <span class='ocrx_word' id='word_1_116' title='bbox 1337 243 1384 268; x_wconf 71' lang='grc' dir='ltr'>καὶ</span> <span class='ocrx_word' id='word_1_117' title='bbox 1402 243 1545 277; x_wconf 71' lang='grc' dir='ltr'>χρησμοὺς</span> <span class='ocrx_word' id='word_1_118' title='bbox 1571 243 1611 274; x_wconf 78' lang='grc' dir='ltr'><strong>εἰς</strong></span> <span class='ocrx_word' id='word_1_119' title='bbox 1625 244 1656 269; x_wconf 76' lang='grc' dir='ltr'><strong>τὸ</strong></span> <span class='ocrx_word' id='word_1_120' title='bbox 1675 243 1781 279; x_wconf 81' lang='grc' dir='ltr'>μέλλον,</span> <span class='ocrx_word' id='word_1_121' title='bbox 1801 245 1908 279; x_wconf 63' lang='grc' dir='ltr'>Μόιῖην</span> 
     </span>
    </p>
   </div>
   <div class='ocr_carea' id='block_1_21' title="bbox 1108 285 1906 327">
    <p class='ocr_par' dir='ltr' id='par_1_21' title="bbox 1108 285 1906 327">
     <span class='ocr_line' id='line_1_21' title="bbox 1108 285 1906 327; baseline 0.011 -16"><span class='ocrx_word' id='word_1_122' title='bbox 1108 285 1266 312; x_wconf 73' lang='grc' dir='ltr'><em>ἀνάλωτον</em></span> <span class='ocrx_word' id='word_1_123' title='bbox 1277 287 1312 313; x_wconf 78' lang='grc' dir='ltr'><strong>ἐν</strong></span> <span class='ocrx_word' id='word_1_124' title='bbox 1324 287 1361 321; x_wconf 77' lang='grc' dir='ltr'>τῇ</span> <span class='ocrx_word' id='word_1_125' title='bbox 1377 288 1464 322; x_wconf 77' lang='grc' dir='ltr'>κοινῇ</span> <span class='ocrx_word' id='word_1_126' title='bbox 1474 290 1740 323; x_wconf 78' lang='grc' dir='ltr'>περισωθήσεσθαι</span> <span class='ocrx_word' id='word_1_127' title='bbox 1753 292 1906 327; x_wconf 75' lang='grc' dir='ltr'>συμφορᾷ.</span> 
     </span>
    </p>
   </div>
   <div class='ocr_carea' id='block_1_22' title="bbox 1109 333 1914 373">
    <p class='ocr_par' dir='ltr' id='par_1_22' title="bbox 1109 333 1914 373">
     <span class='ocr_line' id='line_1_22' title="bbox 1109 333 1914 373; baseline 0.01 -15"><span class='ocrx_word' id='word_1_128' title='bbox 1109 333 1241 368; x_wconf 86' lang='grc' dir='ltr'>Συνεργεῖ</span> <span class='ocrx_word' id='word_1_129' title='bbox 1254 333 1282 360; x_wconf 82' lang='grc' dir='ltr'>δὲ</span> <span class='ocrx_word' id='word_1_130' title='bbox 1296 334 1364 369; x_wconf 82' lang='grc' dir='ltr'>πρὸς</span> <span class='ocrx_word' id='word_1_131' title='bbox 1389 334 1441 366; x_wconf 84' lang='grc' dir='ltr'><strong>τὰς</strong></span> <span class='ocrx_word' id='word_1_132' title='bbox 1469 335 1598 367; x_wconf 81' lang='grc' dir='ltr'><strong>τοιαύτας</strong></span> <span class='ocrx_word' id='word_1_133' title='bbox 1612 336 1708 371; x_wconf 82' lang='grc' dir='ltr'><strong>χρείας</strong></span> <span class='ocrx_word' id='word_1_134' title='bbox 1734 337 1816 373; x_wconf 77' lang='grc' dir='ltr'>αὐτῇ.</span> <span class='ocrx_word' id='word_1_135' title='bbox 1832 340 1880 365; x_wconf 74' lang='grc' dir='ltr'>καὶ</span> <span class='ocrx_word' id='word_1_136' title='bbox 1900 343 1914 367; x_wconf 81' lang='grc' dir='ltr'>ὁ</span> 
     </span>
    </p>
   </div>
   <div class='ocr_carea' id='block_1_23' title="bbox 1109 379 1914 420">
    <p class='ocr_par' dir='ltr' id='par_1_23' title="bbox 1109 379 1914 420">
     <span class='ocr_line' id='line_1_23' title="bbox 1109 379 1914 420; baseline 0.006 -14"><span class='ocrx_word' id='word_1_137' title='bbox 1109 380 1201 406; x_wconf 83' lang='grc' dir='ltr'>πᾶσαν</span> <span class='ocrx_word' id='word_1_138' title='bbox 1216 379 1266 415; x_wconf 78' lang='grc' dir='ltr'>μὲν</span> <span class='ocrx_word' id='word_1_139' title='bbox 1276 380 1327 415; x_wconf 84' lang='grc' dir='ltr'>τὴν</span> <span class='ocrx_word' id='word_1_140' title='bbox 1350 381 1527 416; x_wconf 76' lang='grc' dir='ltr'>οἰκουμένην,</span> <span class='ocrx_word' id='word_1_141' title='bbox 1552 382 1644 408; x_wconf 85' lang='grc' dir='ltr'>πᾶσαν</span> <span class='ocrx_word' id='word_1_142' title='bbox 1660 382 1688 409; x_wconf 76' lang='grc' dir='ltr'>δὲ</span> <span class='ocrx_word' id='word_1_143' title='bbox 1708 383 1758 418; x_wconf 84' lang='grc' dir='ltr'>τὴν</span> <span class='ocrx_word' id='word_1_144' title='bbox 1778 384 1914 420; x_wconf 80' lang='grc' dir='ltr'>ἀοίκητον</span> 
     </span>
    </p>
   </div>
   <div class='ocr_carea' id='block_1_24' title="bbox 1109 425 1896 466">
    <p class='ocr_par' dir='ltr' id='par_1_24' title="bbox 1109 425 1896 466">
     <span class='ocr_line' id='line_1_24' title="bbox 1109 425 1896 466; baseline 0.006 -14"><span class='ocrx_word' id='word_1_145' title='bbox 1109 425 1147 460; x_wconf 86' lang='grc' dir='ltr'>τῷ</span> <span class='ocrx_word' id='word_1_146' title='bbox 1163 425 1283 461; x_wconf 83' lang='grc' dir='ltr'><strong>θαύματι</strong></span> <span class='ocrx_word' id='word_1_147' title='bbox 1300 426 1457 462; x_wconf 86' lang='grc' dir='ltr'>κατασχὼν,</span> <span class='ocrx_word' id='word_1_148' title='bbox 1477 427 1505 459; x_wconf 86' lang='grc' dir='ltr'>ὃς</span> <span class='ocrx_word' id='word_1_149' title='bbox 1522 428 1551 454; x_wconf 84' lang='grc' dir='ltr'>ἐν</span> <span class='ocrx_word' id='word_1_150' title='bbox 1573 428 1643 463; x_wconf 83' lang='grc' dir='ltr'><strong>μέσῃ</strong></span> <span class='ocrx_word' id='word_1_151' title='bbox 1662 430 1694 463; x_wconf 86' lang='grc' dir='ltr'>τῇ</span> <span class='ocrx_word' id='word_1_152' title='bbox 1718 429 1794 456; x_wconf 81' lang='grc' dir='ltr'>πόλει</span> <span class='ocrx_word' id='word_1_153' title='bbox 1811 430 1896 466; x_wconf 83' lang='grc' dir='ltr'>κείμε</span> 
     </span>
    </p>
   </div>
   <div class='ocr_carea' id='block_1_25' title="bbox 1109 473 1911 511">
    <p class='ocr_par' dir='ltr' id='par_1_25' title="bbox 1109 473 1911 511">
     <span class='ocr_line' id='line_1_25' title="bbox 1109 473 1911 511; baseline 0.006 -12"><span class='ocrx_word' id='word_1_154' title='bbox 1109 481 1165 505; x_wconf 89' lang='grc' dir='ltr'>νος,</span> <span class='ocrx_word' id='word_1_155' title='bbox 1183 473 1312 509; x_wconf 73' lang='grc' dir='ltr'>καὶπρὸς</span> <span class='ocrx_word' id='word_1_156' title='bbox 1329 474 1414 500; x_wconf 84' lang='grc' dir='ltr'>αὐτὸν</span> <span class='ocrx_word' id='word_1_157' title='bbox 1427 474 1462 500; x_wconf 80' lang='grc' dir='ltr'>τὰ</span> <span class='ocrx_word' id='word_1_158' title='bbox 1490 475 1660 509; x_wconf 77' lang='grc' dir='ltr'><strong>πανταχόθεν</strong></span> <span class='ocrx_word' id='word_1_159' title='bbox 1675 476 1749 511; x_wconf 83' lang='grc' dir='ltr'>ἄκρα</span> <span class='ocrx_word' id='word_1_160' title='bbox 1771 477 1911 511; x_wconf 81' lang='grc' dir='ltr'>συνάγων.</span> 
     </span>
    </p>
   </div>
   <div class='ocr_carea' id='block_1_26' title="bbox 1108 519 1908 556">
    <p class='ocr_par' dir='ltr' id='par_1_26' title="bbox 1108 519 1908 556">
     <span class='ocr_line' id='line_1_26' title="bbox 1108 519 1908 556; baseline 0.005 -11"><span class='ocrx_word' id='word_1_161' title='bbox 1108 520 1142 554; x_wconf 83' lang='grc' dir='ltr'><strong>τῇ</strong></span> <span class='ocrx_word' id='word_1_162' title='bbox 1157 527 1185 545; x_wconf 90' lang='grc' dir='ltr'><strong>τε</strong></span> <span class='ocrx_word' id='word_1_163' title='bbox 1204 519 1281 549; x_wconf 82' lang='grc' dir='ltr'>πόλει</span> <span class='ocrx_word' id='word_1_164' title='bbox 1302 520 1394 555; x_wconf 84' lang='grc' dir='ltr'>σωτὴρ</span> <span class='ocrx_word' id='word_1_165' title='bbox 1408 519 1576 556; x_wconf 75' lang='grc' dir='ltr'><strong>διαλλακτὴς</strong></span> <span class='ocrx_word' id='word_1_166' title='bbox 1589 529 1618 547; x_wconf 89' lang='grc' dir='ltr'><strong>τε</strong></span> <span class='ocrx_word' id='word_1_167' title='bbox 1638 522 1694 552; x_wconf 85' lang='grc' dir='ltr'>τοῖς</span> <span class='ocrx_word' id='word_1_168' title='bbox 1719 521 1843 554; x_wconf 79' lang='grc' dir='ltr'>πολίταις</span> <span class='ocrx_word' id='word_1_169' title='bbox 1859 524 1908 549; x_wconf 73' lang='grc' dir='ltr'>καὶ</span> 
     </span>
    </p>
   </div>
   <div class='ocr_carea' id='block_1_27' title="bbox 1109 564 1906 602">
    <p class='ocr_par' dir='ltr' id='par_1_27' title="bbox 1109 564 1906 602">
     <span class='ocr_line' id='line_1_27' title="bbox 1109 564 1906 602; baseline 0.006 -12"><span class='ocrx_word' id='word_1_170' title='bbox 1109 564 1283 600; x_wconf 75' lang='grc' dir='ltr'>πρεσϐευτὴς</span> <span class='ocrx_word' id='word_1_171' title='bbox 1298 565 1333 592; x_wconf 82' lang='grc' dir='ltr'><strong>τὰ</strong></span> <span class='ocrx_word' id='word_1_172' title='bbox 1351 565 1419 601; x_wconf 78' lang='grc' dir='ltr'>πρὸς</span> <span class='ocrx_word' id='word_1_173' title='bbox 1434 566 1513 593; x_wconf 84' lang='grc' dir='ltr'>Θεόν.</span> <span class='ocrx_word' id='word_1_174' title='bbox 1531 566 1570 593; x_wconf 87' lang='grc' dir='ltr'><strong>Οὐ</strong></span> <span class='ocrx_word' id='word_1_175' title='bbox 1585 565 1666 593; x_wconf 88' lang='grc' dir='ltr'>τοῦτο</span> <span class='ocrx_word' id='word_1_176' title='bbox 1686 567 1714 593; x_wconf 78' lang='grc' dir='ltr'>δὲ</span> <span class='ocrx_word' id='word_1_177' title='bbox 1730 567 1822 602; x_wconf 77' lang='grc' dir='ltr'>μόνον.</span> <span class='ocrx_word' id='word_1_178' title='bbox 1838 568 1906 595; x_wconf 79' lang='grc' dir='ltr'>ἀλλὰ</span> 
     </span>
    </p>
   </div>
   <div class='ocr_carea' id='block_1_28' title="bbox 1109 610 1904 648">
    <p class='ocr_par' dir='ltr' id='par_1_28' title="bbox 1109 610 1904 648">
     <span class='ocr_line' id='line_1_28' title="bbox 1109 610 1904 648; baseline 0.005 -12"><span class='ocrx_word' id='word_1_179' title='bbox 1109 611 1157 637; x_wconf 76' lang='grc' dir='ltr'><strong>καὶ</strong></span> <span class='ocrx_word' id='word_1_180' title='bbox 1171 610 1299 646; x_wconf 79' lang='grc' dir='ltr'><strong>βασιλέας</strong></span> <span class='ocrx_word' id='word_1_181' title='bbox 1324 612 1375 646; x_wconf 84' lang='grc' dir='ltr'>μὲν</span> <span class='ocrx_word' id='word_1_182' title='bbox 1402 612 1524 646; x_wconf 85' lang='grc' dir='ltr'>ἡμέρους</span> <span class='ocrx_word' id='word_1_183' title='bbox 1547 613 1581 647; x_wconf 83' lang='grc' dir='ltr'>τῇ</span> <span class='ocrx_word' id='word_1_184' title='bbox 1605 612 1729 648; x_wconf 79' lang='grc' dir='ltr'>πολιτείᾳ</span> <span class='ocrx_word' id='word_1_185' title='bbox 1746 613 1904 648; x_wconf 81' lang='grc' dir='ltr'>καθίστησι,</span> 
     </span>
    </p>
   </div>
   <div class='ocr_carea' id='block_1_29' title="bbox 1109 656 1908 693">
    <p class='ocr_par' dir='ltr' id='par_1_29' title="bbox 1109 656 1908 693">
     <span class='ocr_line' id='line_1_29' title="bbox 1109 656 1908 693; baseline 0.004 -11"><span class='ocrx_word' id='word_1_186' title='bbox 1109 656 1143 682; x_wconf 89' lang='grc' dir='ltr'>τά</span> <span class='ocrx_word' id='word_1_187' title='bbox 1161 664 1191 683; x_wconf 83' lang='grc' dir='ltr'><strong>τε</strong></span> <span class='ocrx_word' id='word_1_188' title='bbox 1206 656 1274 683; x_wconf 81' lang='grc' dir='ltr'>ἄλλα</span> <span class='ocrx_word' id='word_1_189' title='bbox 1295 657 1344 683; x_wconf 85' lang='grc' dir='ltr'>καὶ</span> <span class='ocrx_word' id='word_1_190' title='bbox 1357 656 1392 683; x_wconf 87' lang='grc' dir='ltr'><strong>τὰ</strong></span> <span class='ocrx_word' id='word_1_191' title='bbox 1413 657 1467 684; x_wconf 87' lang='grc' dir='ltr'>τῶν</span> <span class='ocrx_word' id='word_1_192' title='bbox 1484 658 1577 692; x_wconf 77' lang='grc' dir='ltr'>φόρων</span> <span class='ocrx_word' id='word_1_193' title='bbox 1587 657 1713 690; x_wconf 83' lang='grc' dir='ltr'>ἀνιέντας</span> <span class='ocrx_word' id='word_1_194' title='bbox 1725 659 1759 693; x_wconf 78' lang='grc' dir='ltr'>τῇ</span> <span class='ocrx_word' id='word_1_195' title='bbox 1776 659 1864 692; x_wconf 84' lang='grc' dir='ltr'>πόλει,</span> <span class='ocrx_word' id='word_1_196' title='bbox 1878 660 1908 686; x_wconf 82' lang='grc' dir='ltr'>ἕν</span> 
     </span>
    </p>
   </div>
   <div class='ocr_carea' id='block_1_30' title="bbox 1109 702 1905 741">
    <p class='ocr_par' dir='ltr' id='par_1_30' title="bbox 1109 702 1905 741">
     <span class='ocr_line' id='line_1_30' title="bbox 1109 702 1905 741; baseline 0.005 -13"><span class='ocrx_word' id='word_1_197' title='bbox 1109 710 1139 728; x_wconf 83' lang='grc' dir='ltr'><strong>τε</strong></span> <span class='ocrx_word' id='word_1_198' title='bbox 1154 702 1210 734; x_wconf 77' lang='grc' dir='ltr'>τοῖς</span> <span class='ocrx_word' id='word_1_199' title='bbox 1224 703 1292 738; x_wconf 70' lang='grc' dir='ltr'>πρὸς</span> <span class='ocrx_word' id='word_1_200' title='bbox 1308 703 1372 735; x_wconf 79' lang='grc' dir='ltr'>τοὺς</span> <span class='ocrx_word' id='word_1_201' title='bbox 1387 703 1440 736; x_wconf 79' lang='grc' dir='ltr'><strong>ἔξω</strong></span> <span class='ocrx_word' id='word_1_202' title='bbox 1463 703 1596 739; x_wconf 81' lang='grc' dir='ltr'>πολέμοις</span> <span class='ocrx_word' id='word_1_203' title='bbox 1626 704 1708 736; x_wconf 72' lang='grc' dir='ltr'>αὐτὸς</span> <span class='ocrx_word' id='word_1_204' title='bbox 1731 706 1905 741; x_wconf 85' lang='grc' dir='ltr'>στρατηγῶν.</span> 
     </span>
    </p>
   </div>
   <div class='ocr_carea' id='block_1_31' title="bbox 1110 748 1907 785">
    <p class='ocr_par' dir='ltr' id='par_1_31' title="bbox 1110 748 1907 785">
     <span class='ocr_line' id='line_1_31' title="bbox 1110 748 1907 785; baseline 0.004 -10"><span class='ocrx_word' id='word_1_205' title='bbox 1110 749 1158 775; x_wconf 80' lang='grc' dir='ltr'>καὶ</span> <span class='ocrx_word' id='word_1_206' title='bbox 1173 748 1291 785; x_wconf 76' lang='grc' dir='ltr'>φοϐερὸν</span> <span class='ocrx_word' id='word_1_207' title='bbox 1317 751 1375 781; x_wconf 85' lang='grc' dir='ltr'>τοῖς</span> <span class='ocrx_word' id='word_1_208' title='bbox 1391 750 1569 783; x_wconf 79' lang='grc' dir='ltr'>πλεονάζουσι</span> <span class='ocrx_word' id='word_1_209' title='bbox 1586 751 1719 783; x_wconf 78' lang='grc' dir='ltr'>καθιστὰς</span> <span class='ocrx_word' id='word_1_210' title='bbox 1734 753 1820 779; x_wconf 85' lang='grc' dir='ltr'>κινεῖν</span> <span class='ocrx_word' id='word_1_211' title='bbox 1835 752 1907 779; x_wconf 80' lang='grc' dir='ltr'>ὅπλα</span> 
     </span>
    </p>
   </div>
   <div class='ocr_carea' id='block_1_32' title="bbox 1110 794 1905 829">
    <p class='ocr_par' dir='ltr' id='par_1_32' title="bbox 1110 794 1905 829">
     <span class='ocr_line' id='line_1_32' title="bbox 1110 794 1905 829; baseline 0.006 -9"><span class='ocrx_word' id='word_1_212' title='bbox 1110 794 1180 821; x_wconf 85' lang='grc' dir='ltr'>κατὰ</span> <span class='ocrx_word' id='word_1_213' title='bbox 1191 795 1240 829; x_wconf 83' lang='grc' dir='ltr'>τῆς</span> <span class='ocrx_word' id='word_1_214' title='bbox 1255 795 1369 827; x_wconf 83' lang='grc' dir='ltr'>πόλεως.</span> <span class='ocrx_word' id='word_1_215' title='bbox 1384 796 1477 827; x_wconf 67' lang='grc' dir='ltr'>Οὕτως</span> <span class='ocrx_word' id='word_1_216' title='bbox 1485 796 1517 822; x_wconf 84' lang='grc' dir='ltr'>ἂν</span> <span class='ocrx_word' id='word_1_217' title='bbox 1524 796 1595 823; x_wconf 78' lang='grc' dir='ltr'>εἴποι</span> <span class='ocrx_word' id='word_1_218' title='bbox 1612 805 1653 828; x_wconf 88' lang='grc' dir='ltr'><strong>τις</strong></span> <span class='ocrx_word' id='word_1_219' title='bbox 1665 797 1792 824; x_wconf 74' lang='grc' dir='ltr'>ἵστασθαι</span> <span class='ocrx_word' id='word_1_220' title='bbox 1815 799 1905 825; x_wconf 78' lang='grc' dir='ltr'>κοινὸν</span> 
     </span>
    </p>
   </div>
   <div class='ocr_carea' id='block_1_33' title="bbox 1109 840 1612 877">
    <p class='ocr_par' dir='ltr' id='par_1_33' title="bbox 1109 840 1612 877">
     <span class='ocr_line' id='line_1_33' title="bbox 1109 840 1612 877; baseline 0.006 -11"><span class='ocrx_word' id='word_1_221' title='bbox 1109 840 1159 875; x_wconf 80' lang='grc' dir='ltr'>τὴν</span> <span class='ocrx_word' id='word_1_222' title='bbox 1177 841 1256 867; x_wconf 84' lang='grc' dir='ltr'>πόλιν</span> <span class='ocrx_word' id='word_1_223' title='bbox 1269 841 1412 873; x_wconf 72' lang='grc' dir='ltr'>εὐσεϐείας</span> <span class='ocrx_word' id='word_1_224' title='bbox 1425 840 1612 877; x_wconf 75' lang='grc' dir='ltr'>παράδειγμα.</span> 
     </span>
    </p>
   </div>
   <div class='ocr_carea' id='block_1_34' title="bbox 294 877 1053 923">
    <p class='ocr_par' dir='ltr' id='par_1_34' title="bbox 294 881 1053 918">
     <span class='ocr_line' id='line_1_34' title="bbox 294 881 1053 918; baseline 0 -9"><span class='ocrx_word' id='word_1_225' title='bbox 294 882 321 910; x_wconf 74' lang='grc' dir='ltr'>ι.</span> <span class='ocrx_word' id='word_1_226' title='bbox 334 882 482 910; x_wconf 87' lang='lat' dir='ltr'><strong>Oratorum</strong></span> <span class='ocrx_word' id='word_1_227' title='bbox 496 890 582 917; x_wconf 88' lang='lat' dir='ltr'><strong>porro</strong></span> <span class='ocrx_word' id='word_1_228' title='bbox 591 886 620 910; x_wconf 88' lang='lat' dir='ltr'><strong>et</strong></span> <span class='ocrx_word' id='word_1_229' title='bbox 631 882 872 918; x_wconf 89' lang='lat' dir='ltr'><strong>philosophorum,</strong></span> <span class='ocrx_word' id='word_1_230' title='bbox 884 881 1053 917; x_wconf 87' lang='lat' dir='ltr'><strong>aliorumque</strong></span> 
     </span>
    </p>
   </div>
   <div class='ocr_carea' id='block_1_35' title="bbox 1106 877 1904 923">
    <p class='ocr_par' dir='ltr' id='par_1_35' title="bbox 1143 885 1904 923">
     <span class='ocr_line' id='line_1_35' title="bbox 1143 885 1904 923; baseline 0.007 -11"><span class='ocrx_word' id='word_1_231' title='bbox 1143 885 1175 914; x_wconf 89' lang='grc' dir='ltr'><strong>δ’.</strong></span> <span class='ocrx_word' id='word_1_232' title='bbox 1194 886 1334 922; x_wconf 82' lang='grc' dir='ltr'>Ῥητόρων</span> <span class='ocrx_word' id='word_1_233' title='bbox 1357 888 1385 914; x_wconf 81' lang='grc' dir='ltr'>δὲ</span> <span class='ocrx_word' id='word_1_234' title='bbox 1409 887 1456 914; x_wconf 77' lang='grc' dir='ltr'>καὶ</span> <span class='ocrx_word' id='word_1_235' title='bbox 1482 888 1644 923; x_wconf 79' lang='grc' dir='ltr'>φιλοσόφων,</span> <span class='ocrx_word' id='word_1_236' title='bbox 1671 890 1718 916; x_wconf 71' lang='grc' dir='ltr'>καὶ</span> <span class='ocrx_word' id='word_1_237' title='bbox 1739 889 1795 917; x_wconf 85' lang='grc' dir='ltr'><strong>τῶν</strong></span> <span class='ocrx_word' id='word_1_238' title='bbox 1816 890 1904 917; x_wconf 80' lang='grc' dir='ltr'>ἄλλων</span> 
     </span>
    </p>
   </div>
   <div class='ocr_carea' id='block_1_36' title="bbox 258 928 1056 964">
    <p class='ocr_par' dir='ltr' id='par_1_36' title="bbox 258 928 1056 964">
     <span class='ocr_line' id='line_1_36' title="bbox 258 928 1056 964; baseline -0.001 -8"><span class='ocrx_word' id='word_1_239' title='bbox 258 929 457 961; x_wconf 76' lang='lat' dir='ltr'><strong>litteratorum,</strong></span> <span class='ocrx_word' id='word_1_240' title='bbox 475 929 522 956; x_wconf 91' lang='lat' dir='ltr'><strong>ubi</strong></span> <span class='ocrx_word' id='word_1_241' title='bbox 543 928 605 964; x_wconf 85' lang='lat' dir='ltr'><strong>quis</strong></span> <span class='ocrx_word' id='word_1_242' title='bbox 623 933 671 955; x_wconf 85' lang='lat' dir='ltr'><strong>aut</strong></span> <span class='ocrx_word' id='word_1_243' title='bbox 691 929 796 964; x_wconf 85' lang='lat' dir='ltr'><strong>plures,</strong></span> <span class='ocrx_word' id='word_1_244' title='bbox 820 933 868 956; x_wconf 87' lang='lat' dir='ltr'><strong>aut</strong></span> <span class='ocrx_word' id='word_1_245' title='bbox 884 928 1056 963; x_wconf 59' lang='lat' dir='ltr'><strong>praestantio-</strong></span> 
     </span>
    </p>
   </div>
   <div class='ocr_carea' id='block_1_37' title="bbox 259 975 1055 1011">
    <p class='ocr_par' dir='ltr' id='par_1_37' title="bbox 259 975 1055 1011">
     <span class='ocr_line' id='line_1_37' title="bbox 259 975 1055 1011; baseline -0.001 -8"><span class='ocrx_word' id='word_1_246' title='bbox 259 983 304 1003; x_wconf 89' lang='lat' dir='ltr'><strong>res</strong></span> <span class='ocrx_word' id='word_1_247' title='bbox 325 976 425 1003; x_wconf 84' lang='lat' dir='ltr'><strong>charos</strong></span> <span class='ocrx_word' id='word_1_248' title='bbox 451 975 619 1011; x_wconf 83' lang='lat' dir='ltr'><strong>perspiciat?</strong></span> <span class='ocrx_word' id='word_1_249' title='bbox 634 975 705 1008; x_wconf 85' lang='lat' dir='ltr'><strong>Quin</strong></span> <span class='ocrx_word' id='word_1_250' title='bbox 728 976 809 1011; x_wconf 86' lang='lat' dir='ltr'><strong>plane</strong></span> <span class='ocrx_word' id='word_1_251' title='bbox 826 975 872 1002; x_wconf 86' lang='lat' dir='ltr'><strong>hie</strong></span> <span class='ocrx_word' id='word_1_252' title='bbox 883 983 979 1003; x_wconf 92' lang='lat' dir='ltr'><strong>omnes</strong></span> <span class='ocrx_word' id='word_1_253' title='bbox 997 975 1055 1010; x_wconf 89' lang='lat' dir='ltr'><strong>pri-</strong></span> 
     </span>
    </p>
   </div>
   <div class='ocr_carea' id='block_1_38' title="bbox 258 1021 1056 1058">
    <p class='ocr_par' dir='ltr' id='par_1_38' title="bbox 258 1021 1056 1058">
     <span class='ocr_line' id='line_1_38' title="bbox 258 1021 1056 1058; baseline -0.001 -9"><span class='ocrx_word' id='word_1_254' title='bbox 258 1030 318 1049; x_wconf 89' lang='lat' dir='ltr'><strong>mas</strong></span> <span class='ocrx_word' id='word_1_255' title='bbox 340 1022 406 1050; x_wconf 84' lang='lat' dir='ltr'><strong>dant</strong></span> <span class='ocrx_word' id='word_1_256' title='bbox 426 1022 542 1055; x_wconf 85' lang='lat' dir='ltr'><strong>civitati,</strong></span> <span class='ocrx_word' id='word_1_257' title='bbox 565 1030 598 1050; x_wconf 86' lang='lat' dir='ltr'><strong>ae</strong></span> <span class='ocrx_word' id='word_1_258' title='bbox 620 1030 767 1050; x_wconf 91' lang='lat' dir='ltr'><strong>commune</strong></span> <span class='ocrx_word' id='word_1_259' title='bbox 791 1022 965 1058; x_wconf 76' lang='lat' dir='ltr'><strong>gymnasium</strong></span> <span class='ocrx_word' id='word_1_260' title='bbox 981 1021 1056 1049; x_wconf 89' lang='lat' dir='ltr'><strong>voci-</strong></span> 
     </span>
    </p>
   </div>
   <div class='ocr_carea' id='block_1_39' title="bbox 260 1068 1055 1102">
    <p class='ocr_par' dir='ltr' id='par_1_39' title="bbox 260 1068 1055 1102">
     <span class='ocr_line' id='line_1_39' title="bbox 260 1068 1055 1102; baseline 0.001 -7"><span class='ocrx_word' id='word_1_261' title='bbox 260 1073 318 1096; x_wconf 85' lang='lat' dir='ltr'><strong>tant</strong></span> <span class='ocrx_word' id='word_1_262' title='bbox 333 1077 365 1096; x_wconf 85' lang='lat' dir='ltr'><strong>ac</strong></span> <span class='ocrx_word' id='word_1_263' title='bbox 378 1069 513 1102; x_wconf 85' lang='lat' dir='ltr'><strong>scholam,</strong></span> <span class='ocrx_word' id='word_1_264' title='bbox 532 1069 641 1097; x_wconf 88' lang='lat' dir='ltr'><strong>cunctis</strong></span> <span class='ocrx_word' id='word_1_265' title='bbox 655 1069 689 1096; x_wconf 83' lang='lat' dir='ltr'><strong>ad</strong></span> <span class='ocrx_word' id='word_1_266' title='bbox 702 1077 796 1097; x_wconf 86' lang='lat' dir='ltr'><strong>musas</strong></span> <span class='ocrx_word' id='word_1_267' title='bbox 809 1069 836 1096; x_wconf 93' lang='lat' dir='ltr'><strong>in</strong></span> <span class='ocrx_word' id='word_1_268' title='bbox 848 1076 880 1097; x_wconf 90' lang='lat' dir='ltr'><strong>ea</strong></span> <span class='ocrx_word' id='word_1_269' title='bbox 894 1068 975 1096; x_wconf 73' lang='lat' dir='ltr'><strong>enixe</strong></span> <span class='ocrx_word' id='word_1_270' title='bbox 988 1076 1055 1096; x_wconf 92' lang='lat' dir='ltr'><strong>con-</strong></span> 
     </span>
    </p>
   </div>
   <div class='ocr_carea' id='block_1_40' title="bbox 259 1113 1054 1143">
    <p class='ocr_par' dir='ltr' id='par_1_40' title="bbox 259 1113 1054 1143">
     <span class='ocr_line' id='line_1_40' title="bbox 259 1113 1054 1143; baseline 0.003 -4"><span class='ocrx_word' id='word_1_271' title='bbox 259 1113 448 1141; x_wconf 81' lang='lat' dir='ltr'><strong>tendentibus.</strong></span> <span class='ocrx_word' id='word_1_272' title='bbox 458 1114 607 1142; x_wconf 86' lang='lat' dir='ltr'><strong>Enimvero</strong></span> <span class='ocrx_word' id='word_1_273' title='bbox 637 1115 704 1142; x_wconf 91' lang='lat' dir='ltr'><strong>illud</strong></span> <span class='ocrx_word' id='word_1_274' title='bbox 715 1120 790 1143; x_wconf 87' lang='lat' dir='ltr'><strong>certe</strong></span> <span class='ocrx_word' id='word_1_275' title='bbox 802 1122 888 1142; x_wconf 91' lang='lat' dir='ltr'><strong>unum</strong></span> <span class='ocrx_word' id='word_1_276' title='bbox 905 1115 978 1142; x_wconf 90' lang='lat' dir='ltr'><strong>haud</strong></span> <span class='ocrx_word' id='word_1_277' title='bbox 990 1115 1054 1141; x_wconf 88' lang='lat' dir='ltr'><strong>licet</strong></span> 
     </span>
    </p>
   </div>
   <div class='ocr_carea' id='block_1_41' title="bbox 257 1159 1055 1196">
    <p class='ocr_par' dir='ltr' id='par_1_41' title="bbox 257 1159 1055 1196">
     <span class='ocr_line' id='line_1_41' title="bbox 257 1159 1055 1196; baseline 0.003 -11"><span class='ocrx_word' id='word_1_278' title='bbox 257 1159 351 1186; x_wconf 88' lang='lat' dir='ltr'><strong>dicere</strong></span> <span class='ocrx_word' id='word_1_279' title='bbox 365 1168 371 1186; x_wconf 86' lang='lat'>:</span> <span class='ocrx_word' id='word_1_280' title='bbox 389 1159 416 1186; x_wconf 91' lang='lat' dir='ltr'><strong>id</strong></span> <span class='ocrx_word' id='word_1_281' title='bbox 432 1167 506 1187; x_wconf 87' lang='lat' dir='ltr'><strong>nunc</strong></span> <span class='ocrx_word' id='word_1_282' title='bbox 519 1159 631 1195; x_wconf 86' lang='lat' dir='ltr'><strong>quidem</strong></span> <span class='ocrx_word' id='word_1_283' title='bbox 645 1160 707 1187; x_wconf 85' lang='lat' dir='ltr'><strong>urbi</strong></span> <span class='ocrx_word' id='word_1_284' title='bbox 722 1160 884 1196; x_wconf 76' lang='lat' dir='ltr'><strong>contigisse,</strong></span> <span class='ocrx_word' id='word_1_285' title='bbox 901 1164 932 1187; x_wconf 93' lang='lat' dir='ltr'><strong>ut</strong></span> <span class='ocrx_word' id='word_1_286' title='bbox 950 1160 1055 1187; x_wconf 82' lang='lat' dir='ltr'><strong>littera—</strong></span> 
     </span>
    </p>
   </div>
   <div class='ocr_carea' id='block_1_42' title="bbox 259 1205 1054 1241">
    <p class='ocr_par' dir='ltr' id='par_1_42' title="bbox 259 1205 1054 1241">
     <span class='ocr_line' id='line_1_42' title="bbox 259 1205 1054 1241; baseline 0.001 -9"><span class='ocrx_word' id='word_1_287' title='bbox 259 1213 321 1232; x_wconf 80' lang='lat' dir='ltr'><strong>tum</strong></span> <span class='ocrx_word' id='word_1_288' title='bbox 341 1213 373 1233; x_wconf 90' lang='lat' dir='ltr'><strong>ac</strong></span> <span class='ocrx_word' id='word_1_289' title='bbox 387 1205 557 1233; x_wconf 86' lang='lat' dir='ltr'><strong>eruditionis</strong></span> <span class='ocrx_word' id='word_1_290' title='bbox 573 1205 724 1241; x_wconf 84' lang='lat' dir='ltr'><strong>primatum</strong></span> <span class='ocrx_word' id='word_1_291' title='bbox 746 1210 867 1238; x_wconf 87' lang='lat' dir='ltr'><strong>teneret,</strong></span> <span class='ocrx_word' id='word_1_292' title='bbox 883 1206 970 1234; x_wconf 86' lang='lat' dir='ltr'><strong>fuisse</strong></span> <span class='ocrx_word' id='word_1_293' title='bbox 987 1213 1054 1233; x_wconf 88' lang='lat' dir='ltr'><strong>vero</strong></span> 
     </span>
    </p>
   </div>
   <div class='ocr_carea' id='block_1_43' title="bbox 258 1251 1051 1287">
    <p class='ocr_par' dir='ltr' id='par_1_43' title="bbox 258 1251 1051 1287">
     <span class='ocr_line' id='line_1_43' title="bbox 258 1251 1051 1287; baseline 0.003 -9"><span class='ocrx_word' id='word_1_294' title='bbox 258 1259 322 1278; x_wconf 83' lang='lat' dir='ltr'><strong>cum</strong></span> <span class='ocrx_word' id='word_1_295' title='bbox 350 1251 378 1278; x_wconf 94' lang='lat' dir='ltr'><strong>in</strong></span> <span class='ocrx_word' id='word_1_296' title='bbox 405 1259 504 1279; x_wconf 91' lang='lat' dir='ltr'><strong>eorum</strong></span> <span class='ocrx_word' id='word_1_297' title='bbox 529 1252 576 1287; x_wconf 89' lang='lat' dir='ltr'><strong>qui</strong></span> <span class='ocrx_word' id='word_1_298' title='bbox 602 1251 758 1287; x_wconf 77' lang='lat' dir='ltr'><strong>ignorantia</strong></span> <span class='ocrx_word' id='word_1_299' title='bbox 773 1252 998 1280; x_wconf 87' lang='lat' dir='ltr'><strong>laborantclasse</strong></span> <span class='ocrx_word' id='word_1_300' title='bbox 1011 1253 1051 1280; x_wconf 93' lang='lat' dir='ltr'><strong>lo-</strong></span> 
     </span>
    </p>
   </div>
   <div class='ocr_carea' id='block_1_44' title="bbox 258 1296 1054 1333">
    <p class='ocr_par' dir='ltr' id='par_1_44' title="bbox 258 1296 1054 1333">
     <span class='ocr_line' id='line_1_44' title="bbox 258 1296 1054 1333; baseline 0.001 -10"><span class='ocrx_word' id='word_1_301' title='bbox 258 1296 346 1324; x_wconf 88' lang='lat' dir='ltr'><strong>eanda</strong></span> <span class='ocrx_word' id='word_1_302' title='bbox 376 1302 468 1324; x_wconf 83' lang='lat' dir='ltr'><strong>esset:</strong></span> <span class='ocrx_word' id='word_1_303' title='bbox 497 1304 577 1324; x_wconf 88' lang='lat' dir='ltr'><strong>secus</strong></span> <span class='ocrx_word' id='word_1_304' title='bbox 606 1297 704 1332; x_wconf 83' lang='lat' dir='ltr'><strong>plane,</strong></span> <span class='ocrx_word' id='word_1_305' title='bbox 732 1298 840 1325; x_wconf 87' lang='lat' dir='ltr'><strong>nullum</strong></span> <span class='ocrx_word' id='word_1_306' title='bbox 863 1306 919 1324; x_wconf 90' lang='lat' dir='ltr'><strong>non</strong></span> <span class='ocrx_word' id='word_1_307' title='bbox 945 1302 1054 1333; x_wconf 89' lang='lat' dir='ltr'><strong>tempus</strong></span> 
     </span>
    </p>
   </div>
   <div class='ocr_carea' id='block_1_45' title="bbox 258 1342 1054 1379">
    <p class='ocr_par' dir='ltr' id='par_1_45' title="bbox 258 1342 1054 1379">
     <span class='ocr_line' id='line_1_45' title="bbox 258 1342 1054 1379; baseline 0.003 -10"><span class='ocrx_word' id='word_1_308' title='bbox 258 1342 320 1375; x_wconf 88' lang='lat' dir='ltr'><strong>fuit,</strong></span> <span class='ocrx_word' id='word_1_309' title='bbox 338 1343 364 1370; x_wconf 93' lang='lat' dir='ltr'><strong>in</strong></span> <span class='ocrx_word' id='word_1_310' title='bbox 375 1351 430 1378; x_wconf 92' lang='lat' dir='ltr'><strong>quo</strong></span> <span class='ocrx_word' id='word_1_311' title='bbox 441 1351 496 1370; x_wconf 94' lang='lat' dir='ltr'><strong>non</strong></span> <span class='ocrx_word' id='word_1_312' title='bbox 514 1348 589 1371; x_wconf 82' lang='lat' dir='ltr'><strong>esset</strong></span> <span class='ocrx_word' id='word_1_313' title='bbox 606 1344 746 1371; x_wconf 85' lang='lat' dir='ltr'><strong>Elicorum</strong></span> <span class='ocrx_word' id='word_1_314' title='bbox 760 1344 837 1376; x_wconf 83' lang='lat' dir='ltr'><strong>urbs,</strong></span> <span class='ocrx_word' id='word_1_315' title='bbox 855 1352 1054 1379; x_wconf 90' lang='lat' dir='ltr'><strong>musarumque</strong></span> 
     </span>
    </p>
   </div>
   <div class='ocr_carea' id='block_1_46' title="bbox 258 1388 1052 1426">
    <p class='ocr_par' dir='ltr' id='par_1_46' title="bbox 258 1388 1052 1426">
     <span class='ocr_line' id='line_1_46' title="bbox 258 1388 1052 1426; baseline 0.004 -11"><span class='ocrx_word' id='word_1_316' title='bbox 258 1388 303 1415; x_wconf 88' lang='lat' dir='ltr'><strong>hic</strong></span> <span class='ocrx_word' id='word_1_317' title='bbox 318 1388 345 1415; x_wconf 88' lang='lat' dir='ltr'><strong>in</strong></span> <span class='ocrx_word' id='word_1_318' title='bbox 362 1397 451 1416; x_wconf 76' lang='lat' dir='ltr'><strong>aevum</strong></span> <span class='ocrx_word' id='word_1_319' title='bbox 467 1389 558 1417; x_wconf 70' lang='lat' dir='ltr'><strong>studia</strong></span> <span class='ocrx_word' id='word_1_320' title='bbox 577 1390 652 1417; x_wconf 87' lang='lat' dir='ltr'><strong>clara</strong></span> <span class='ocrx_word' id='word_1_321' title='bbox 667 1390 793 1426; x_wconf 82' lang='lat' dir='ltr'><strong>vigerent</strong></span> <span class='ocrx_word' id='word_1_322' title='bbox 818 1390 946 1423; x_wconf 86' lang='lat' dir='ltr'><strong>victoria,</strong></span> <span class='ocrx_word' id='word_1_323' title='bbox 966 1391 1052 1418; x_wconf 89' lang='lat' dir='ltr'><strong>veluti</strong></span> 
     </span>
    </p>
   </div>
   <div class='ocr_carea' id='block_1_47' title="bbox 257 1436 1052 1473">
    <p class='ocr_par' dir='ltr' id='par_1_47' title="bbox 257 1436 1052 1473">
     <span class='ocr_line' id='line_1_47' title="bbox 257 1436 1052 1473; baseline 0.004 -11"><span class='ocrx_word' id='word_1_324' title='bbox 257 1436 358 1470; x_wconf 86' lang='lat' dir='ltr'><strong>pubem</strong></span> <span class='ocrx_word' id='word_1_325' title='bbox 372 1436 468 1464; x_wconf 85' lang='lat' dir='ltr'><strong>dicunt</strong></span> <span class='ocrx_word' id='word_1_326' title='bbox 481 1442 579 1471; x_wconf 65' lang='lat' dir='ltr'><strong>poetae.</strong></span> <span class='ocrx_word' id='word_1_327' title='bbox 594 1437 640 1465; x_wconf 88' lang='lat' dir='ltr'><strong>Sic</strong></span> <span class='ocrx_word' id='word_1_328' title='bbox 653 1437 769 1465; x_wconf 83' lang='lat' dir='ltr'><strong>Athenis</strong></span> <span class='ocrx_word' id='word_1_329' title='bbox 782 1437 920 1473; x_wconf 87' lang='lat' dir='ltr'><strong>quispiam</strong></span> <span class='ocrx_word' id='word_1_330' title='bbox 940 1438 1052 1471; x_wconf 80' lang='lat' dir='ltr'><strong>dixerit,</strong></span> 
     </span>
    </p>
   </div>
   <div class='ocr_carea' id='block_1_48' title="bbox 257 1483 1054 1520">
    <p class='ocr_par' dir='ltr' id='par_1_48' title="bbox 257 1483 1054 1520">
     <span class='ocr_line' id='line_1_48' title="bbox 257 1483 1054 1520; baseline 0.004 -11"><span class='ocrx_word' id='word_1_331' title='bbox 257 1490 320 1509; x_wconf 90' lang='lat' dir='ltr'><strong>cum</strong></span> <span class='ocrx_word' id='word_1_332' title='bbox 347 1483 532 1510; x_wconf 85' lang='lat' dir='ltr'><strong>Demosthene</strong></span> <span class='ocrx_word' id='word_1_333' title='bbox 557 1491 590 1511; x_wconf 87' lang='lat' dir='ltr'><strong>ac</strong></span> <span class='ocrx_word' id='word_1_334' title='bbox 618 1484 734 1511; x_wconf 89' lang='lat' dir='ltr'><strong>Platone</strong></span> <span class='ocrx_word' id='word_1_335' title='bbox 753 1484 876 1518; x_wconf 85' lang='lat' dir='ltr'><strong>versari,</strong></span> <span class='ocrx_word' id='word_1_336' title='bbox 900 1484 1054 1520; x_wconf 89' lang='lat' dir='ltr'><strong>ludumque</strong></span> 
     </span>
    </p>
   </div>
   <div class='ocr_carea' id='block_1_49' title="bbox 257 1529 776 1567">
    <p class='ocr_par' dir='ltr' id='par_1_49' title="bbox 257 1529 776 1567">
     <span class='ocr_line' id='line_1_49' title="bbox 257 1529 776 1567; baseline 0.006 -12"><span class='ocrx_word' id='word_1_337' title='bbox 257 1533 359 1561; x_wconf 88' lang='lat' dir='ltr'><strong>terere,</strong></span> <span class='ocrx_word' id='word_1_338' title='bbox 373 1530 418 1556; x_wconf 91' lang='lat' dir='ltr'><strong>cui</strong></span> <span class='ocrx_word' id='word_1_339' title='bbox 435 1529 482 1556; x_wconf 88' lang='lat' dir='ltr'><strong>hic</strong></span> <span class='ocrx_word' id='word_1_340' title='bbox 497 1530 604 1558; x_wconf 87' lang='lat' dir='ltr'><strong>versari</strong></span> <span class='ocrx_word' id='word_1_341' title='bbox 615 1530 776 1567; x_wconf 76' lang='lat' dir='ltr'><strong>contigerit.</strong></span> 
     </span>
    </p>
   </div>
   <div class='ocr_carea' id='block_1_50' title="bbox 272 1574 1054 1611">
    <p class='ocr_par' dir='ltr' id='par_1_50' title="bbox 272 1574 1054 1611">
     <span class='ocr_line' id='line_1_50' title="bbox 272 1574 1054 1611; baseline 0.003 -8"><span class='ocrx_word' id='word_1_342' title='bbox 272 1591 275 1594; x_wconf 57' lang='grc' dir='ltr'><strong><em>ι</em></strong></span> <span class='ocrx_word' id='word_1_343' title='bbox 293 1576 319 1604; x_wconf 84' lang='grc'><strong>5.</strong></span> <span class='ocrx_word' id='word_1_344' title='bbox 333 1574 490 1604; x_wconf 69' lang='lat' dir='ltr'><strong>Enimvero</strong></span> <span class='ocrx_word' id='word_1_345' title='bbox 512 1582 613 1605; x_wconf 88' lang='lat' dir='ltr'><strong>cuncta</strong></span> <span class='ocrx_word' id='word_1_346' title='bbox 635 1577 693 1605; x_wconf 69' lang='lat' dir='ltr'><strong>haec</strong></span> <span class='ocrx_word' id='word_1_347' title='bbox 711 1577 770 1604; x_wconf 88' lang='lat' dir='ltr'><strong>dies</strong></span> <span class='ocrx_word' id='word_1_348' title='bbox 783 1585 836 1605; x_wconf 84' lang='lat' dir='ltr'><strong>una</strong></span> <span class='ocrx_word' id='word_1_349' title='bbox 851 1577 986 1611; x_wconf 87' lang='lat' dir='ltr'><strong>confudit,</strong></span> <span class='ocrx_word' id='word_1_350' title='bbox 1011 1582 1054 1605; x_wconf 86' lang='lat' dir='ltr'><strong>at-</strong></span> 
     </span>
    </p>
   </div>
   <div class='ocr_carea' id='block_1_51' title="bbox 257 1622 1055 1659">
    <p class='ocr_par' dir='ltr' id='par_1_51' title="bbox 257 1622 1055 1659">
     <span class='ocr_line' id='line_1_51' title="bbox 257 1622 1055 1659; baseline 0.003 -10"><span class='ocrx_word' id='word_1_351' title='bbox 257 1630 310 1657; x_wconf 89' lang='lat' dir='ltr'><strong>que</strong></span> <span class='ocrx_word' id='word_1_352' title='bbox 334 1622 396 1650; x_wconf 87' lang='lat' dir='ltr'><strong>urbi</strong></span> <span class='ocrx_word' id='word_1_353' title='bbox 418 1629 549 1650; x_wconf 83' lang='lat' dir='ltr'><strong>coronam</strong></span> <span class='ocrx_word' id='word_1_354' title='bbox 570 1622 709 1656; x_wconf 76' lang='lat' dir='ltr'><strong>detraxit;</strong></span> <span class='ocrx_word' id='word_1_355' title='bbox 736 1631 768 1651; x_wconf 90' lang='lat' dir='ltr'><strong>ac</strong></span> <span class='ocrx_word' id='word_1_356' title='bbox 785 1631 868 1658; x_wconf 86' lang='lat' dir='ltr'><strong>quam</strong></span> <span class='ocrx_word' id='word_1_357' title='bbox 892 1623 1055 1659; x_wconf 86' lang='lat' dir='ltr'><strong>deperireut</strong></span> 
     </span>
    </p>
   </div>
   <div class='ocr_carea' id='block_1_52' title="bbox 257 1669 1055 1705">
    <p class='ocr_par' dir='ltr' id='par_1_52' title="bbox 257 1669 1055 1705">
     <span class='ocr_line' id='line_1_52' title="bbox 257 1669 1055 1705; baseline 0.003 -10"><span class='ocrx_word' id='word_1_358' title='bbox 257 1676 364 1701; x_wconf 88' lang='lat' dir='ltr'><strong>omnes,</strong></span> <span class='ocrx_word' id='word_1_359' title='bbox 382 1669 457 1696; x_wconf 87' lang='lat' dir='ltr'><strong>haud</strong></span> <span class='ocrx_word' id='word_1_360' title='bbox 475 1676 556 1696; x_wconf 90' lang='lat' dir='ltr'><strong>secus</strong></span> <span class='ocrx_word' id='word_1_361' title='bbox 569 1676 602 1696; x_wconf 86' lang='lat' dir='ltr'><strong>ac</strong></span> <span class='ocrx_word' id='word_1_362' title='bbox 617 1670 748 1704; x_wconf 88' lang='lat' dir='ltr'><strong>scopulos</strong></span> <span class='ocrx_word' id='word_1_363' title='bbox 770 1670 823 1697; x_wconf 86' lang='lat' dir='ltr'><strong>sub</strong></span> <span class='ocrx_word' id='word_1_364' title='bbox 839 1671 919 1705; x_wconf 85' lang='lat' dir='ltr'><strong>aquis</strong></span> <span class='ocrx_word' id='word_1_365' title='bbox 938 1671 1055 1698; x_wconf 85' lang='lat' dir='ltr'><strong>latentes</strong></span> 
     </span>
    </p>
   </div>
   <div class='ocr_carea' id='block_1_53' title="bbox 256 1716 1053 1751">
    <p class='ocr_par' dir='ltr' id='par_1_53' title="bbox 256 1716 1053 1751">
     <span class='ocr_line' id='line_1_53' title="bbox 256 1716 1053 1751; baseline 0.003 -9"><span class='ocrx_word' id='word_1_366' title='bbox 256 1716 382 1743; x_wconf 86' lang='lat' dir='ltr'><strong>omnium</strong></span> <span class='ocrx_word' id='word_1_367' title='bbox 403 1716 504 1743; x_wconf 88' lang='lat' dir='ltr'><strong>animis</strong></span> <span class='ocrx_word' id='word_1_368' title='bbox 523 1720 681 1751; x_wconf 88' lang='lat' dir='ltr'><strong>suspectam</strong></span> <span class='ocrx_word' id='word_1_369' title='bbox 698 1716 829 1744; x_wconf 84' lang='lat' dir='ltr'><strong>reddidit.</strong></span> <span class='ocrx_word' id='word_1_370' title='bbox 856 1716 878 1744; x_wconf 94' lang='grc'><strong>0</strong></span> <span class='ocrx_word' id='word_1_371' title='bbox 898 1716 971 1744; x_wconf 85' lang='lat' dir='ltr'><strong>unde</strong></span> <span class='ocrx_word' id='word_1_372' title='bbox 986 1724 1053 1744; x_wconf 90' lang='lat' dir='ltr'><strong>con-</strong></span> 
     </span>
    </p>
   </div>
   <div class='ocr_carea' id='block_1_54' title="bbox 258 1762 1054 1797">
    <p class='ocr_par' dir='ltr' id='par_1_54' title="bbox 258 1762 1054 1797">
     <span class='ocr_line' id='line_1_54' title="bbox 258 1762 1054 1797; baseline 0.003 -8"><span class='ocrx_word' id='word_1_373' title='bbox 258 1762 346 1790; x_wconf 87' lang='lat' dir='ltr'><strong>tentio</strong></span> <span class='ocrx_word' id='word_1_374' title='bbox 363 1768 447 1797; x_wconf 90' lang='lat' dir='ltr'><strong>atque</strong></span> <span class='ocrx_word' id='word_1_375' title='bbox 461 1763 495 1790; x_wconf 88' lang='lat' dir='ltr'><strong>lis</strong></span> <span class='ocrx_word' id='word_1_376' title='bbox 519 1763 546 1789; x_wconf 93' lang='lat' dir='ltr'><strong>in</strong></span> <span class='ocrx_word' id='word_1_377' title='bbox 560 1762 695 1789; x_wconf 87' lang='lat' dir='ltr'><strong>mundum</strong></span> <span class='ocrx_word' id='word_1_378' title='bbox 720 1762 875 1797; x_wconf 75' lang='lat' dir='ltr'><strong>ingressum</strong></span> <span class='ocrx_word' id='word_1_379' title='bbox 889 1763 1009 1790; x_wconf 86' lang='lat' dir='ltr'><strong>habuit?</strong></span> <span class='ocrx_word' id='word_1_380' title='bbox 1031 1763 1054 1791; x_wconf 88' lang='grc' dir='ltr'>Ο</span> 
     </span>
    </p>
   </div>
   <div class='ocr_carea' id='block_1_55' title="bbox 258 1808 1054 1844">
    <p class='ocr_par' dir='ltr' id='par_1_55' title="bbox 258 1808 1054 1844">
     <span class='ocr_line' id='line_1_55' title="bbox 258 1808 1054 1844; baseline 0.003 -10"><span class='ocrx_word' id='word_1_381' title='bbox 258 1808 332 1836; x_wconf 88' lang='lat' dir='ltr'><strong>unde</strong></span> <span class='ocrx_word' id='word_1_382' title='bbox 351 1808 453 1836; x_wconf 89' lang='lat' dir='ltr'><strong>seditio</strong></span> <span class='ocrx_word' id='word_1_383' title='bbox 474 1808 594 1836; x_wconf 86' lang='lat' dir='ltr'><strong>miscens</strong></span> <span class='ocrx_word' id='word_1_384' title='bbox 610 1809 704 1835; x_wconf 91' lang='lat' dir='ltr'><strong>omnia</strong></span> <span class='ocrx_word' id='word_1_385' title='bbox 717 1808 893 1844; x_wconf 88' lang='lat' dir='ltr'><strong>impudenter</strong></span> <span class='ocrx_word' id='word_1_386' title='bbox 911 1809 1054 1844; x_wconf 87' lang='lat' dir='ltr'><strong>obrepsit?</strong></span> 
     </span>
    </p>
   </div>
   <div class='ocr_carea' id='block_1_56' title="bbox 256 1854 1053 1887">
    <p class='ocr_par' dir='ltr' id='par_1_56' title="bbox 256 1854 1053 1887">
     <span class='ocr_line' id='line_1_56' title="bbox 256 1854 1053 1887; baseline 0.001 -5"><span class='ocrx_word' id='word_1_387' title='bbox 256 1854 336 1882; x_wconf 87' lang='lat' dir='ltr'><strong>Unde</strong></span> <span class='ocrx_word' id='word_1_388' title='bbox 355 1862 422 1881; x_wconf 89' lang='lat' dir='ltr'><strong>vero</strong></span> <span class='ocrx_word' id='word_1_389' title='bbox 434 1859 464 1882; x_wconf 92' lang='lat' dir='ltr'><strong>ut</strong></span> <span class='ocrx_word' id='word_1_390' title='bbox 476 1862 529 1882; x_wconf 91' lang='lat' dir='ltr'><strong>una</strong></span> <span class='ocrx_word' id='word_1_391' title='bbox 544 1855 571 1881; x_wconf 92' lang='lat' dir='ltr'><strong>in</strong></span> <span class='ocrx_word' id='word_1_392' title='bbox 587 1863 619 1882; x_wconf 88' lang='lat' dir='ltr'><strong>ea</strong></span> <span class='ocrx_word' id='word_1_393' title='bbox 637 1855 710 1882; x_wconf 88' lang='lat' dir='ltr'><strong>nacti</strong></span> <span class='ocrx_word' id='word_1_394' title='bbox 725 1855 816 1887; x_wconf 85' lang='lat' dir='ltr'><strong>sedes,</strong></span> <span class='ocrx_word' id='word_1_395' title='bbox 835 1863 890 1883; x_wconf 90' lang='lat' dir='ltr'><strong>non</strong></span> <span class='ocrx_word' id='word_1_396' title='bbox 907 1860 936 1883; x_wconf 87' lang='lat' dir='ltr'><strong>et</strong></span> <span class='ocrx_word' id='word_1_397' title='bbox 956 1856 1053 1883; x_wconf 88' lang='lat' dir='ltr'><strong>eadem</strong></span> 
     </span>
    </p>
   </div>
   <div class='ocr_carea' id='block_1_57' title="bbox 257 1896 1053 1935">
    <p class='ocr_par' dir='ltr' id='par_1_57' title="bbox 257 1896 1053 1935">
     <span class='ocr_line' id='line_1_57' title="bbox 257 1896 1053 1935; baseline 0.003 -7"><span class='ocrx_word' id='word_1_398' title='bbox 257 1901 286 1928; x_wconf 91' lang='lat' dir='ltr'><strong>in</strong></span> <span class='ocrx_word' id='word_1_399' title='bbox 299 1909 356 1929; x_wconf 88' lang='lat' dir='ltr'><strong>rem</strong></span> <span class='ocrx_word' id='word_1_400' title='bbox 375 1906 472 1929; x_wconf 93' lang='lat' dir='ltr'><strong>mutuo</strong></span> <span class='ocrx_word' id='word_1_401' title='bbox 488 1902 540 1929; x_wconf 88' lang='lat' dir='ltr'><strong>rati</strong></span> <span class='ocrx_word' id='word_1_402' title='bbox 555 1902 721 1935; x_wconf 77' lang='lat' dir='ltr'><strong>conducere,</strong></span> <span class='ocrx_word' id='word_1_403' title='bbox 741 1902 788 1929; x_wconf 88' lang='lat' dir='ltr'><strong>alii</strong></span> <span class='ocrx_word' id='word_1_404' title='bbox 803 1903 921 1930; x_wconf 85' lang='lat' dir='ltr'><strong>aliorum</strong></span> <span class='ocrx_word' id='word_1_405' title='bbox 935 1896 1053 1930; x_wconf 71' lang='lat' dir='ltr'><strong>conten—</strong></span> 
     </span>
    </p>
   </div>
   <div class='ocr_carea' id='block_1_58' title="bbox 257 1947 1054 1985">
    <p class='ocr_par' dir='ltr' id='par_1_58' title="bbox 257 1947 1054 1985">
     <span class='ocr_line' id='line_1_58' title="bbox 257 1947 1054 1985; baseline 0.003 -10"><span class='ocrx_word' id='word_1_406' title='bbox 257 1947 341 1975; x_wconf 85' lang='lat' dir='ltr'><strong>tionis</strong></span> <span class='ocrx_word' id='word_1_407' title='bbox 367 1948 466 1976; x_wconf 88' lang='lat' dir='ltr'><strong>ardore</strong></span> <span class='ocrx_word' id='word_1_408' title='bbox 489 1949 661 1984; x_wconf 77' lang='lat' dir='ltr'><strong>degustarint</strong></span> <span class='ocrx_word' id='word_1_409' title='bbox 683 1957 797 1982; x_wconf 80' lang='lat' dir='ltr'><strong>carnes,</strong></span> <span class='ocrx_word' id='word_1_410' title='bbox 827 1948 1004 1985; x_wconf 82' lang='lat' dir='ltr'><strong>aliiniumque</strong></span> <span class='ocrx_word' id='word_1_411' title='bbox 1021 1957 1054 1977; x_wconf 88' lang='lat' dir='ltr'><strong>ac</strong></span> 
     </span>
    </p>
   </div>
   <div class='ocr_carea' id='block_1_59' title="bbox 255 1995 1053 2031">
    <p class='ocr_par' dir='ltr' id='par_1_59' title="bbox 255 1995 1053 2031">
     <span class='ocr_line' id='line_1_59' title="bbox 255 1995 1053 2031; baseline 0 -9"><span class='ocrx_word' id='word_1_412' title='bbox 255 1995 475 2031; x_wconf 85' lang='lat' dir='ltr'><strong>propinquorum</strong></span> <span class='ocrx_word' id='word_1_413' title='bbox 490 1996 638 2023; x_wconf 87' lang='lat' dir='ltr'><strong>cruoribus</strong></span> <span class='ocrx_word' id='word_1_414' title='bbox 658 1996 776 2031; x_wconf 84' lang='lat' dir='ltr'><strong>patriam</strong></span> <span class='ocrx_word' id='word_1_415' title='bbox 799 1995 941 2028; x_wconf 67' lang='lat' dir='ltr'><strong>foedarim,</strong></span> <span class='ocrx_word' id='word_1_416' title='bbox 969 2003 1053 2030; x_wconf 91' lang='lat' dir='ltr'><strong>quam</strong></span> 
     </span>
    </p>
   </div>
   <div class='ocr_carea' id='block_1_60' title="bbox 255 2041 1052 2077">
    <p class='ocr_par' dir='ltr' id='par_1_60' title="bbox 255 2041 1052 2077">
     <span class='ocr_line' id='line_1_60' title="bbox 255 2041 1052 2077; baseline 0.001 -8"><span class='ocrx_word' id='word_1_417' title='bbox 255 2046 284 2069; x_wconf 88' lang='lat' dir='ltr'><strong>et</strong></span> <span class='ocrx_word' id='word_1_418' title='bbox 303 2041 412 2076; x_wconf 87' lang='lat' dir='ltr'><strong>potiore</strong></span> <span class='ocrx_word' id='word_1_419' title='bbox 437 2042 599 2077; x_wconf 87' lang='lat' dir='ltr'><strong>parentibus</strong></span> <span class='ocrx_word' id='word_1_420' title='bbox 621 2042 682 2070; x_wconf 90' lang='lat' dir='ltr'><strong>loco</strong></span> <span class='ocrx_word' id='word_1_421' title='bbox 707 2042 740 2070; x_wconf 90' lang='lat' dir='ltr'><strong>iis</strong></span> <span class='ocrx_word' id='word_1_422' title='bbox 765 2041 824 2069; x_wconf 87' lang='lat' dir='ltr'><strong>fore</strong></span> <span class='ocrx_word' id='word_1_423' title='bbox 854 2050 904 2077; x_wconf 86' lang='lat' dir='ltr'><strong>par</strong></span> <span class='ocrx_word' id='word_1_424' title='bbox 928 2047 998 2075; x_wconf 84' lang='lat' dir='ltr'><strong>erat,</strong></span> <span class='ocrx_word' id='word_1_425' title='bbox 1029 2043 1052 2070; x_wconf 88' lang='lat' dir='ltr'><strong>si</strong></span> 
     </span>
    </p>
   </div>
   <div class='ocr_carea' id='block_1_61' title="bbox 256 2088 1053 2118">
    <p class='ocr_par' dir='ltr' id='par_1_61' title="bbox 256 2088 1053 2118">
     <span class='ocr_line' id='line_1_61' title="bbox 256 2088 1053 2118; baseline 0.003 -3"><span class='ocrx_word' id='word_1_426' title='bbox 256 2095 330 2116; x_wconf 69' lang='lat' dir='ltr'><strong>sanae</strong></span> <span class='ocrx_word' id='word_1_427' title='bbox 355 2089 459 2116; x_wconf 89' lang='lat' dir='ltr'><strong>mentis</strong></span> <span class='ocrx_word' id='word_1_428' title='bbox 483 2088 632 2116; x_wconf 73' lang='lat' dir='ltr'><strong>Scintillam</strong></span> <span class='ocrx_word' id='word_1_429' title='bbox 647 2089 731 2116; x_wconf 91' lang='lat' dir='ltr'><strong>ullam</strong></span> <span class='ocrx_word' id='word_1_430' title='bbox 752 2089 924 2117; x_wconf 87' lang='lat' dir='ltr'><strong>retinerent?</strong></span> <span class='ocrx_word' id='word_1_431' title='bbox 950 2089 972 2118; x_wconf 87' lang='lat' dir='ltr'><strong>li</strong></span> <span class='ocrx_word' id='word_1_432' title='bbox 987 2097 1053 2117; x_wconf 89' lang='lat' dir='ltr'><strong>vero</strong></span> 
     </span>
    </p>
   </div>
   <div class='ocr_carea' id='block_1_62' title="bbox 255 2134 1053 2171">
    <p class='ocr_par' dir='ltr' id='par_1_62' title="bbox 255 2134 1053 2171">
     <span class='ocr_line' id='line_1_62' title="bbox 255 2134 1053 2171; baseline 0.003 -10"><span class='ocrx_word' id='word_1_433' title='bbox 255 2134 337 2162; x_wconf 88' lang='lat' dir='ltr'><strong>furiis</strong></span> <span class='ocrx_word' id='word_1_434' title='bbox 359 2135 468 2170; x_wconf 76' lang='lat' dir='ltr'><strong>agitari,</strong></span> <span class='ocrx_word' id='word_1_435' title='bbox 499 2141 635 2170; x_wconf 69' lang='lat' dir='ltr'><strong>regesque</strong></span> <span class='ocrx_word' id='word_1_436' title='bbox 658 2135 775 2162; x_wconf 87' lang='lat' dir='ltr'><strong>adorare</strong></span> <span class='ocrx_word' id='word_1_437' title='bbox 798 2143 832 2162; x_wconf 88' lang='lat' dir='ltr'><strong>ae</strong></span> <span class='ocrx_word' id='word_1_438' title='bbox 860 2136 1053 2171; x_wconf 82' lang='lat' dir='ltr'><strong>imperatOres,</strong></span> 
     </span>
    </p>
   </div>
   <div class='ocr_carea' id='block_1_63' title="bbox 255 2181 1053 2217">
    <p class='ocr_par' dir='ltr' id='par_1_63' title="bbox 255 2181 1053 2217">
     <span class='ocr_line' id='line_1_63' title="bbox 255 2181 1053 2217; baseline 0.004 -9"><span class='ocrx_word' id='word_1_439' title='bbox 255 2181 303 2215; x_wconf 92' lang='lat' dir='ltr'><strong>qui</strong></span> <span class='ocrx_word' id='word_1_440' title='bbox 324 2181 444 2216; x_wconf 84' lang='lat' dir='ltr'><strong>publicis</strong></span> <span class='ocrx_word' id='word_1_441' title='bbox 463 2181 533 2208; x_wconf 85' lang='lat' dir='ltr'><strong>nihil</strong></span> <span class='ocrx_word' id='word_1_442' title='bbox 559 2182 684 2217; x_wconf 82' lang='lat' dir='ltr'><strong>tyrannis</strong></span> <span class='ocrx_word' id='word_1_443' title='bbox 694 2182 824 2210; x_wconf 85' lang='lat' dir='ltr'><strong>meliores</strong></span> <span class='ocrx_word' id='word_1_444' title='bbox 835 2188 939 2211; x_wconf 89' lang='lat' dir='ltr'><strong>essent.</strong></span> <span class='ocrx_word' id='word_1_445' title='bbox 967 2183 1053 2211; x_wconf 85' lang='lat' dir='ltr'><strong>Terra</strong></span> 
     </span>
    </p>
   </div>
   <div class='ocr_carea' id='block_1_64' title="bbox 1107 932 1900 972">
    <p class='ocr_par' dir='ltr' id='par_1_64' title="bbox 1107 932 1900 972">
     <span class='ocr_line' id='line_1_64' title="bbox 1107 932 1900 972; baseline 0.005 -13"><span class='ocrx_word' id='word_1_446' title='bbox 1107 932 1163 959; x_wconf 72' lang='grc' dir='ltr'><strong>τῶν</strong></span> <span class='ocrx_word' id='word_1_447' title='bbox 1192 934 1239 959; x_wconf 74' lang='grc' dir='ltr'><strong>ἐπὶ</strong></span> <span class='ocrx_word' id='word_1_448' title='bbox 1261 934 1318 964; x_wconf 86' lang='grc' dir='ltr'>τοῖς</span> <span class='ocrx_word' id='word_1_449' title='bbox 1344 934 1445 967; x_wconf 80' lang='grc' dir='ltr'>λόγοις,</span> <span class='ocrx_word' id='word_1_450' title='bbox 1480 933 1533 961; x_wconf 84' lang='grc' dir='ltr'><strong>ποῦ</strong></span> <span class='ocrx_word' id='word_1_451' title='bbox 1565 943 1608 966; x_wconf 87' lang='grc' dir='ltr'><strong>τις</strong></span> <span class='ocrx_word' id='word_1_452' title='bbox 1635 935 1668 962; x_wconf 83' lang='grc' dir='ltr'>ἂν</span> <span class='ocrx_word' id='word_1_453' title='bbox 1702 936 1719 972; x_wconf 80' lang='grc' dir='ltr'>ἢ</span> <span class='ocrx_word' id='word_1_454' title='bbox 1746 936 1855 968; x_wconf 75' lang='grc' dir='ltr'>πλείους</span> <span class='ocrx_word' id='word_1_455' title='bbox 1884 936 1900 968; x_wconf 82' lang='grc' dir='ltr'><strong>ἢ</strong></span> 
     </span>
    </p>
   </div>
   <div class='ocr_carea' id='block_1_65' title="bbox 1107 979 1903 1016">
    <p class='ocr_par' dir='ltr' id='par_1_65' title="bbox 1107 979 1903 1016">
     <span class='ocr_line' id='line_1_65' title="bbox 1107 979 1903 1016; baseline 0.006 -11"><span class='ocrx_word' id='word_1_456' title='bbox 1107 979 1236 1011; x_wconf 80' lang='grc' dir='ltr'>καλλίους</span> <span class='ocrx_word' id='word_1_457' title='bbox 1287 981 1337 1006; x_wconf 73' lang='grc' dir='ltr'>ἴδοι</span> <span class='ocrx_word' id='word_1_458' title='bbox 1372 980 1492 1016; x_wconf 80' lang='grc' dir='ltr'>χορούς;</span> <span class='ocrx_word' id='word_1_459' title='bbox 1525 981 1595 1007; x_wconf 74' lang='grc' dir='ltr'><strong>1Αλλ¹</strong></span> <span class='ocrx_word' id='word_1_460' title='bbox 1639 982 1757 1009; x_wconf 71' lang='grc' dir='ltr'>ἐνταῦθα</span> <span class='ocrx_word' id='word_1_461' title='bbox 1801 983 1903 1015; x_wconf 80' lang='grc' dir='ltr'>πάντες</span> 
     </span>
    </p>
   </div>
   <div class='ocr_carea' id='block_1_66' title="bbox 1107 1024 1904 1064">
    <p class='ocr_par' dir='ltr' id='par_1_66' title="bbox 1107 1024 1904 1064">
     <span class='ocr_line' id='line_1_66' title="bbox 1107 1024 1904 1064; baseline 0.006 -13"><span class='ocrx_word' id='word_1_462' title='bbox 1107 1024 1149 1060; x_wconf 77' lang='grc' dir='ltr'><strong>[Ρ.</strong></span> <span class='ocrx_word' id='word_1_463' title='bbox 1172 1024 1236 1061; x_wconf 67' lang='grc'><strong>587]</strong></span> <span class='ocrx_word' id='word_1_464' title='bbox 1252 1027 1425 1061; x_wconf 68' lang='grc' dir='ltr'>συγχωροῦσι</span> <span class='ocrx_word' id='word_1_465' title='bbox 1459 1028 1492 1062; x_wconf 88' lang='grc' dir='ltr'>τῇ</span> <span class='ocrx_word' id='word_1_466' title='bbox 1515 1027 1603 1059; x_wconf 81' lang='grc' dir='ltr'>πόλει,</span> <span class='ocrx_word' id='word_1_467' title='bbox 1625 1028 1672 1055; x_wconf 75' lang='grc' dir='ltr'>καὶ</span> <span class='ocrx_word' id='word_1_468' title='bbox 1687 1028 1828 1064; x_wconf 74' lang='grc' dir='ltr'>διατριϐὴν</span> <span class='ocrx_word' id='word_1_469' title='bbox 1845 1038 1904 1056; x_wconf 86' lang='grc' dir='ltr'>κα-</span> 
     </span>
    </p>
   </div>
   <div class='ocr_carea' id='block_1_67' title="bbox 1106 1071 1902 1112">
    <p class='ocr_par' dir='ltr' id='par_1_67' title="bbox 1106 1071 1902 1112">
     <span class='ocr_line' id='line_1_67' title="bbox 1106 1071 1902 1112; baseline 0.006 -14"><span class='ocrx_word' id='word_1_470' title='bbox 1106 1071 1183 1098; x_wconf 87' lang='grc' dir='ltr'>λοῦσι</span> <span class='ocrx_word' id='word_1_471' title='bbox 1204 1073 1309 1108; x_wconf 83' lang='grc' dir='ltr'>κοινὴν,</span> <span class='ocrx_word' id='word_1_472' title='bbox 1337 1073 1448 1101; x_wconf 72' lang='grc' dir='ltr'>πάντων</span> <span class='ocrx_word' id='word_1_473' title='bbox 1472 1074 1549 1109; x_wconf 79' lang='grc' dir='ltr'>παρὰ</span> <span class='ocrx_word' id='word_1_474' title='bbox 1575 1075 1626 1107; x_wconf 78' lang='grc' dir='ltr'>τὰς</span> <span class='ocrx_word' id='word_1_475' title='bbox 1649 1075 1769 1102; x_wconf 79' lang='grc' dir='ltr'>ἐνταῦθα</span> <span class='ocrx_word' id='word_1_476' title='bbox 1798 1075 1902 1112; x_wconf 85' lang='grc' dir='ltr'>μούσας</span> 
     </span>
    </p>
   </div>
   <div class='ocr_carea' id='block_1_68' title="bbox 1107 1118 1903 1156">
    <p class='ocr_par' dir='ltr' id='par_1_68' title="bbox 1107 1118 1903 1156">
     <span class='ocr_line' id='line_1_68' title="bbox 1107 1118 1903 1156; baseline 0.008 -13"><span class='ocrx_word' id='word_1_477' title='bbox 1107 1118 1306 1153; x_wconf 71' lang='grc' dir='ltr'>ἐπειγομένων.</span> <span class='ocrx_word' id='word_1_478' title='bbox 1327 1119 1410 1146; x_wconf 87' lang='grc' dir='ltr'>’Λλλὰ</span> <span class='ocrx_word' id='word_1_479' title='bbox 1426 1120 1481 1155; x_wconf 86' lang='grc' dir='ltr'>μὴν</span> <span class='ocrx_word' id='word_1_480' title='bbox 1493 1119 1572 1147; x_wconf 85' lang='grc' dir='ltr'>τοῦτό</span> <span class='ocrx_word' id='word_1_481' title='bbox 1589 1129 1621 1155; x_wconf 90' lang='grc' dir='ltr'><strong>γε</strong></span> <span class='ocrx_word' id='word_1_482' title='bbox 1639 1121 1720 1156; x_wconf 86' lang='grc' dir='ltr'>μόνον</span> <span class='ocrx_word' id='word_1_483' title='bbox 1742 1122 1794 1149; x_wconf 81' lang='grc' dir='ltr'>οὐκ</span> <span class='ocrx_word' id='word_1_484' title='bbox 1814 1122 1903 1149; x_wconf 76' lang='grc' dir='ltr'>ἔνεστ’</span> 
     </span>
    </p>
   </div>
   <div class='ocr_carea' id='block_1_69' title="bbox 1107 1166 1902 1204">
    <p class='ocr_par' dir='ltr' id='par_1_69' title="bbox 1107 1166 1902 1204">
     <span class='ocr_line' id='line_1_69' title="bbox 1107 1166 1902 1204; baseline 0.006 -13"><span class='ocrx_word' id='word_1_485' title='bbox 1107 1166 1205 1197; x_wconf 83' lang='grc' dir='ltr'>εἰπεῖν,</span> <span class='ocrx_word' id='word_1_486' title='bbox 1220 1167 1258 1197; x_wconf 84' lang='grc' dir='ltr'>ὡς</span> <span class='ocrx_word' id='word_1_487' title='bbox 1271 1167 1319 1193; x_wconf 80' lang='grc' dir='ltr'>νῦν</span> <span class='ocrx_word' id='word_1_488' title='bbox 1338 1168 1387 1201; x_wconf 83' lang='grc' dir='ltr'>μὲν</span> <span class='ocrx_word' id='word_1_489' title='bbox 1404 1168 1472 1202; x_wconf 78' lang='grc' dir='ltr'>αὐτῇ</span> <span class='ocrx_word' id='word_1_490' title='bbox 1491 1168 1651 1204; x_wconf 73' lang='grc' dir='ltr'>συμϐέϐηκε</span> <span class='ocrx_word' id='word_1_491' title='bbox 1667 1169 1822 1204; x_wconf 84' lang='grc' dir='ltr'>προστῆναι</span> <span class='ocrx_word' id='word_1_492' title='bbox 1845 1169 1902 1196; x_wconf 81' lang='grc' dir='ltr'>τῶν</span> 
     </span>
    </p>
   </div>
   <div class='ocr_carea' id='block_1_70' title="bbox 1106 1210 1902 1248">
    <p class='ocr_par' dir='ltr' id='par_1_70' title="bbox 1106 1210 1902 1248">
     <span class='ocr_line' id='line_1_70' title="bbox 1106 1210 1902 1248; baseline 0.005 -10"><span class='ocrx_word' id='word_1_493' title='bbox 1106 1211 1205 1245; x_wconf 86' lang='grc' dir='ltr'>λόγων,</span> <span class='ocrx_word' id='word_1_494' title='bbox 1221 1210 1255 1248; x_wconf 80' lang='grc' dir='ltr'>ἦν</span> <span class='ocrx_word' id='word_1_495' title='bbox 1284 1213 1307 1239; x_wconf 71' lang='grc' dir='ltr'>δ’</span> <span class='ocrx_word' id='word_1_496' title='bbox 1319 1213 1364 1240; x_wconf 73' lang='grc' dir='ltr'>ὅτε</span> <span class='ocrx_word' id='word_1_497' title='bbox 1384 1214 1454 1248; x_wconf 76' lang='grc' dir='ltr'>μετὰ</span> <span class='ocrx_word' id='word_1_498' title='bbox 1480 1214 1535 1241; x_wconf 85' lang='grc' dir='ltr'>τῶν</span> <span class='ocrx_word' id='word_1_499' title='bbox 1553 1214 1725 1248; x_wconf 80' lang='grc' dir='ltr'>ἀγνοούντων</span> <span class='ocrx_word' id='word_1_500' title='bbox 1753 1215 1902 1242; x_wconf 75' lang='grc' dir='ltr'>ἐτέτακτο·</span> 
     </span>
    </p>
   </div>
   <div class='ocr_carea' id='block_1_71' title="bbox 1105 1258 1904 1297">
    <p class='ocr_par' dir='ltr' id='par_1_71' title="bbox 1105 1258 1904 1297">
     <span class='ocr_line' id='line_1_71' title="bbox 1105 1258 1904 1297; baseline 0.006 -13"><span class='ocrx_word' id='word_1_501' title='bbox 1105 1258 1175 1285; x_wconf 77' lang='grc' dir='ltr'>ἀλλὰ</span> <span class='ocrx_word' id='word_1_502' title='bbox 1188 1258 1233 1285; x_wconf 74' lang='grc' dir='ltr'>τὸν</span> <span class='ocrx_word' id='word_1_503' title='bbox 1249 1259 1358 1286; x_wconf 73' lang='grc' dir='ltr'>ἅπαντα</span> <span class='ocrx_word' id='word_1_504' title='bbox 1370 1259 1402 1295; x_wconf 90' lang='grc' dir='ltr'>δὴ</span> <span class='ocrx_word' id='word_1_505' title='bbox 1418 1260 1514 1294; x_wconf 85' lang='grc' dir='ltr'>χρόνον</span> <span class='ocrx_word' id='word_1_506' title='bbox 1536 1260 1652 1287; x_wconf 85' lang='grc' dir='ltr'>Ἐλικῶν</span> <span class='ocrx_word' id='word_1_507' title='bbox 1668 1258 1702 1296; x_wconf 79' lang='grc' dir='ltr'>ἦν</span> <span class='ocrx_word' id='word_1_508' title='bbox 1714 1262 1731 1297; x_wconf 84' lang='grc' dir='ltr'>ὴ</span> <span class='ocrx_word' id='word_1_509' title='bbox 1748 1261 1837 1295; x_wconf 83' lang='grc' dir='ltr'>πόλις,</span> <span class='ocrx_word' id='word_1_510' title='bbox 1855 1263 1904 1289; x_wconf 80' lang='grc' dir='ltr'>καὶ</span> 
     </span>
    </p>
   </div>
   <div class='ocr_carea' id='block_1_72' title="bbox 1106 1305 1903 1343">
    <p class='ocr_par' dir='ltr' id='par_1_72' title="bbox 1106 1305 1903 1343">
     <span class='ocr_line' id='line_1_72' title="bbox 1106 1305 1903 1343; baseline 0.006 -12"><span class='ocrx_word' id='word_1_511' title='bbox 1106 1305 1250 1340; x_wconf 81' lang='grc' dir='ltr'>νενίκηκεν</span> <span class='ocrx_word' id='word_1_512' title='bbox 1261 1306 1382 1333; x_wconf 81' lang='grc' dir='ltr'>ἐνταῦθα</span> <span class='ocrx_word' id='word_1_513' title='bbox 1398 1306 1433 1333; x_wconf 82' lang='grc' dir='ltr'>τὰ</span> <span class='ocrx_word' id='word_1_514' title='bbox 1450 1306 1505 1333; x_wconf 83' lang='grc' dir='ltr'>τῶν</span> <span class='ocrx_word' id='word_1_515' title='bbox 1520 1306 1630 1342; x_wconf 83' lang='grc' dir='ltr'>μουσῶν</span> <span class='ocrx_word' id='word_1_516' title='bbox 1647 1307 1682 1334; x_wconf 84' lang='grc' dir='ltr'>δι’</span> <span class='ocrx_word' id='word_1_517' title='bbox 1696 1307 1793 1340; x_wconf 81' lang='grc' dir='ltr'>αἰῶνος</span> <span class='ocrx_word' id='word_1_518' title='bbox 1810 1309 1903 1343; x_wconf 81' lang='grc' dir='ltr'>ἀκμά-</span> 
     </span>
    </p>
   </div>
   <div class='ocr_carea' id='block_1_73' title="bbox 1106 1350 1903 1390">
    <p class='ocr_par' dir='ltr' id='par_1_73' title="bbox 1106 1350 1903 1390">
     <span class='ocr_line' id='line_1_73' title="bbox 1106 1350 1903 1390; baseline 0.004 -13"><span class='ocrx_word' id='word_1_519' title='bbox 1106 1350 1174 1384; x_wconf 84' lang='grc' dir='ltr'>ζειν,</span> <span class='ocrx_word' id='word_1_520' title='bbox 1185 1350 1354 1387; x_wconf 75' lang='grc' dir='ltr'>ὥσπερφασὶ</span> <span class='ocrx_word' id='word_1_521' title='bbox 1364 1351 1415 1387; x_wconf 84' lang='grc' dir='ltr'>τὴν</span> <span class='ocrx_word' id='word_1_522' title='bbox 1424 1352 1518 1387; x_wconf 83' lang='grc' dir='ltr'>Ἥὸην</span> <span class='ocrx_word' id='word_1_523' title='bbox 1534 1353 1559 1379; x_wconf 88' lang='grc' dir='ltr'><strong>οί</strong></span> <span class='ocrx_word' id='word_1_524' title='bbox 1576 1353 1698 1388; x_wconf 80' lang='grc' dir='ltr'>ποιηταί.</span> <span class='ocrx_word' id='word_1_525' title='bbox 1712 1353 1807 1385; x_wconf 72' lang='grc' dir='ltr'>Οὕτως</span> <span class='ocrx_word' id='word_1_526' title='bbox 1820 1354 1903 1390; x_wconf 76' lang='grc' dir='ltr'><strong>’Δθή-</strong></span> 
     </span>
    </p>
   </div>
   <div class='ocr_carea' id='block_1_74' title="bbox 1105 1398 1902 1434">
    <p class='ocr_par' dir='ltr' id='par_1_74' title="bbox 1105 1398 1902 1434">
     <span class='ocr_line' id='line_1_74' title="bbox 1105 1398 1902 1434; baseline 0.004 -9"><span class='ocrx_word' id='word_1_527' title='bbox 1105 1407 1184 1434; x_wconf 83' lang='grc' dir='ltr'>νῃσιν</span> <span class='ocrx_word' id='word_1_528' title='bbox 1201 1398 1233 1425; x_wconf 77' lang='grc' dir='ltr'>ἄν</span> <span class='ocrx_word' id='word_1_529' title='bbox 1247 1408 1290 1430; x_wconf 84' lang='grc' dir='ltr'><strong>τις</strong></span> <span class='ocrx_word' id='word_1_530' title='bbox 1306 1399 1379 1425; x_wconf 73' lang='grc' dir='ltr'>εἴποι</span> <span class='ocrx_word' id='word_1_531' title='bbox 1398 1399 1468 1434; x_wconf 86' lang='grc' dir='ltr'>μετὰ</span> <span class='ocrx_word' id='word_1_532' title='bbox 1483 1399 1678 1434; x_wconf 85' lang='grc' dir='ltr'>Δημοσθένους</span> <span class='ocrx_word' id='word_1_533' title='bbox 1695 1400 1744 1428; x_wconf 78' lang='grc' dir='ltr'>καὶ</span> <span class='ocrx_word' id='word_1_534' title='bbox 1757 1400 1902 1433; x_wconf 78' lang='grc' dir='ltr'>Πλάτωνος</span> 
     </span>
    </p>
   </div>
   <div class='ocr_carea' id='block_1_75' title="bbox 1104 1445 1547 1481">
    <p class='ocr_par' dir='ltr' id='par_1_75' title="bbox 1104 1445 1547 1481">
     <span class='ocr_line' id='line_1_75' title="bbox 1104 1445 1547 1481; baseline 0.005 -10"><span class='ocrx_word' id='word_1_535' title='bbox 1104 1445 1265 1481; x_wconf 74' lang='grc' dir='ltr'>διατρίϐειν,</span> <span class='ocrx_word' id='word_1_536' title='bbox 1280 1445 1374 1472; x_wconf 81' lang='grc' dir='ltr'>αὐτόθι</span> <span class='ocrx_word' id='word_1_537' title='bbox 1386 1446 1547 1481; x_wconf 82' lang='grc' dir='ltr'>γενόμενος.</span> 
     </span>
    </p>
   </div>
   <div class='ocr_carea' id='block_1_76' title="bbox 1142 1577 1901 1619">
    <p class='ocr_par' dir='ltr' id='par_1_76' title="bbox 1142 1577 1901 1619">
     <span class='ocr_line' id='line_1_76' title="bbox 1142 1577 1901 1619; baseline 0.008 -14"><span class='ocrx_word' id='word_1_538' title='bbox 1142 1577 1173 1606; x_wconf 91' lang='grc' dir='ltr'><strong>ε’.</strong></span> <span class='ocrx_word' id='word_1_539' title='bbox 1191 1578 1263 1606; x_wconf 84' lang='grc' dir='ltr'>Ἀλλ’</span> <span class='ocrx_word' id='word_1_540' title='bbox 1281 1579 1392 1606; x_wconf 81' lang='grc' dir='ltr'>ᾶπαντα</span> <span class='ocrx_word' id='word_1_541' title='bbox 1417 1580 1505 1608; x_wconf 84' lang='grc' dir='ltr'>ταῦτα</span> <span class='ocrx_word' id='word_1_542' title='bbox 1524 1582 1617 1618; x_wconf 81' lang='grc' dir='ltr'>ἡμέρα</span> <span class='ocrx_word' id='word_1_543' title='bbox 1651 1582 1684 1618; x_wconf 83' lang='grc' dir='ltr'>δὴ</span> <span class='ocrx_word' id='word_1_544' title='bbox 1704 1583 1754 1619; x_wconf 80' lang='grc' dir='ltr'><strong>μία¹</strong></span> <span class='ocrx_word' id='word_1_545' title='bbox 1777 1584 1901 1619; x_wconf 75' lang='grc' dir='ltr'>συνέχεε,</span> 
     </span>
    </p>
   </div>
   <div class='ocr_carea' id='block_1_77' title="bbox 1106 1625 1900 1667">
    <p class='ocr_par' dir='ltr' id='par_1_77' title="bbox 1106 1625 1900 1667">
     <span class='ocr_line' id='line_1_77' title="bbox 1106 1625 1900 1667; baseline 0.008 -16"><span class='ocrx_word' id='word_1_546' title='bbox 1106 1625 1206 1652; x_wconf 73' lang='grc' dir='ltr'>καὶτὸν</span> <span class='ocrx_word' id='word_1_547' title='bbox 1221 1625 1272 1661; x_wconf 85' lang='grc' dir='ltr'>τῆς</span> <span class='ocrx_word' id='word_1_548' title='bbox 1287 1626 1391 1658; x_wconf 79' lang='grc' dir='ltr'>πόλεως</span> <span class='ocrx_word' id='word_1_549' title='bbox 1402 1627 1529 1661; x_wconf 77' lang='grc' dir='ltr'>ἀφείλετο</span> <span class='ocrx_word' id='word_1_550' title='bbox 1543 1629 1675 1663; x_wconf 78' lang='grc' dir='ltr'>στέφανον</span> <span class='ocrx_word' id='word_1_551' title='bbox 1684 1638 1692 1645; x_wconf 87' lang='grc'>·</span> <span class='ocrx_word' id='word_1_552' title='bbox 1702 1630 1750 1656; x_wconf 76' lang='grc' dir='ltr'>καὶ</span> <span class='ocrx_word' id='word_1_553' title='bbox 1761 1630 1811 1666; x_wconf 81' lang='grc' dir='ltr'>τὴν</span> <span class='ocrx_word' id='word_1_554' title='bbox 1825 1633 1900 1667; x_wconf 86' lang='grc' dir='ltr'>κοινῇ</span> 
     </span>
    </p>
   </div>
   <div class='ocr_carea' id='block_1_78' title="bbox 1105 1672 1902 1710">
    <p class='ocr_par' dir='ltr' id='par_1_78' title="bbox 1105 1672 1902 1710">
     <span class='ocr_line' id='line_1_78' title="bbox 1105 1672 1902 1710; baseline 0.009 -12"><span class='ocrx_word' id='word_1_555' title='bbox 1105 1672 1261 1707; x_wconf 77' lang='grc' dir='ltr'>ἐρωμένην,</span> <span class='ocrx_word' id='word_1_556' title='bbox 1281 1673 1376 1709; x_wconf 78' lang='grc' dir='ltr'>ὥσπερ</span> <span class='ocrx_word' id='word_1_557' title='bbox 1402 1675 1452 1706; x_wconf 78' lang='grc' dir='ltr'>τὰς</span> <span class='ocrx_word' id='word_1_558' title='bbox 1469 1675 1588 1710; x_wconf 75' lang='grc' dir='ltr'>ὑφάλους</span> <span class='ocrx_word' id='word_1_559' title='bbox 1610 1677 1777 1705; x_wconf 78' lang='grc' dir='ltr'>ὑποπτεύειν</span> <span class='ocrx_word' id='word_1_560' title='bbox 1792 1678 1902 1706; x_wconf 75' lang='grc' dir='ltr'>ἔπεισεν</span> 
     </span>
    </p>
   </div>
   <div class='ocr_carea' id='block_1_79' title="bbox 1105 1718 1899 1761">
    <p class='ocr_par' dir='ltr' id='par_1_79' title="bbox 1105 1718 1899 1761">
     <span class='ocr_line' id='line_1_79' title="bbox 1105 1718 1899 1761; baseline 0.011 -17"><span class='ocrx_word' id='word_1_561' title='bbox 1105 1718 1240 1751; x_wconf 75' lang='grc' dir='ltr'>ἅπαντας.</span> <span class='ocrx_word' id='word_1_562' title='bbox 1258 1720 1290 1746; x_wconf 88' lang='grc' dir='ltr'>Ὢ</span> <span class='ocrx_word' id='word_1_563' title='bbox 1306 1720 1387 1747; x_wconf 86' lang='grc' dir='ltr'>πόθεν</span> <span class='ocrx_word' id='word_1_564' title='bbox 1405 1721 1454 1756; x_wconf 86' lang='grc' dir='ltr'>μὲν</span> <span class='ocrx_word' id='word_1_565' title='bbox 1467 1723 1507 1754; x_wconf 81' lang='grc' dir='ltr'><strong>εἰς</strong></span> <span class='ocrx_word' id='word_1_566' title='bbox 1523 1722 1569 1749; x_wconf 79' lang='grc' dir='ltr'>τὸν</span> <span class='ocrx_word' id='word_1_567' title='bbox 1581 1722 1683 1759; x_wconf 80' lang='grc' dir='ltr'>κόσμον</span> <span class='ocrx_word' id='word_1_568' title='bbox 1697 1724 1755 1760; x_wconf 73' lang='grc' dir='ltr'>ἔρις</span> <span class='ocrx_word' id='word_1_569' title='bbox 1766 1725 1874 1761; x_wconf 81' lang='grc' dir='ltr'>είσῆλθε</span> <span class='ocrx_word' id='word_1_570' title='bbox 1891 1735 1899 1759; x_wconf 75' lang='grc' dir='ltr'><strong>ς</strong></span> 
     </span>
    </p>
   </div>
   <div class='ocr_carea' id='block_1_80' title="bbox 1106 1766 1900 1807">
    <p class='ocr_par' dir='ltr' id='par_1_80' title="bbox 1106 1766 1900 1807">
     <span class='ocr_line' id='line_1_80' title="bbox 1106 1766 1900 1807; baseline 0.009 -15"><span class='ocrx_word' id='word_1_571' title='bbox 1106 1766 1193 1793; x_wconf 83' lang='grc' dir='ltr'>Πόθεν</span> <span class='ocrx_word' id='word_1_572' title='bbox 1207 1767 1236 1793; x_wconf 79' lang='grc' dir='ltr'>δὲ</span> <span class='ocrx_word' id='word_1_573' title='bbox 1256 1767 1429 1803; x_wconf 80' lang='grc' dir='ltr'>εἰσεκώμασε</span> <span class='ocrx_word' id='word_1_574' title='bbox 1451 1769 1559 1803; x_wconf 82' lang='grc' dir='ltr'>στάσις;</span> <span class='ocrx_word' id='word_1_575' title='bbox 1575 1770 1662 1798; x_wconf 85' lang='grc' dir='ltr'>Πόθεν</span> <span class='ocrx_word' id='word_1_576' title='bbox 1676 1771 1705 1798; x_wconf 78' lang='grc' dir='ltr'>δὲ</span> <span class='ocrx_word' id='word_1_577' title='bbox 1717 1771 1797 1807; x_wconf 83' lang='grc' dir='ltr'>οῑτὴν</span> <span class='ocrx_word' id='word_1_578' title='bbox 1814 1772 1900 1807; x_wconf 78' lang='grc' dir='ltr'>αὐτὴν</span> 
     </span>
    </p>
   </div>
   <div class='ocr_carea' id='block_1_81' title="bbox 1106 1813 1900 1853">
    <p class='ocr_par' dir='ltr' id='par_1_81' title="bbox 1106 1813 1900 1853">
     <span class='ocr_line' id='line_1_81' title="bbox 1106 1813 1900 1853; baseline 0.008 -14"><span class='ocrx_word' id='word_1_579' title='bbox 1106 1813 1318 1846; x_wconf 84' lang='grc' dir='ltr'>κατοικοῦντες,</span> <span class='ocrx_word' id='word_1_580' title='bbox 1332 1815 1363 1841; x_wconf 81' lang='grc' dir='ltr'>οὐ</span> <span class='ocrx_word' id='word_1_581' title='bbox 1387 1815 1436 1841; x_wconf 78' lang='grc' dir='ltr'>καὶ</span> <span class='ocrx_word' id='word_1_582' title='bbox 1448 1816 1536 1843; x_wconf 84' lang='grc' dir='ltr'>ταυτὰ</span> <span class='ocrx_word' id='word_1_583' title='bbox 1561 1816 1748 1852; x_wconf 84' lang='grc' dir='ltr'>λυσιτελήσειν</span> <span class='ocrx_word' id='word_1_584' title='bbox 1773 1818 1900 1853; x_wconf 81' lang='grc' dir='ltr'>ἀλλήλοις</span> 
     </span>
    </p>
   </div>
   <div class='ocr_carea' id='block_1_82' title="bbox 1106 1859 1899 1900">
    <p class='ocr_par' dir='ltr' id='par_1_82' title="bbox 1106 1859 1899 1900">
     <span class='ocr_line' id='line_1_82' title="bbox 1106 1859 1899 1900; baseline 0.008 -15"><span class='ocrx_word' id='word_1_585' title='bbox 1106 1859 1277 1893; x_wconf 79' lang='grc' dir='ltr'>νομίζοντες,</span> <span class='ocrx_word' id='word_1_586' title='bbox 1299 1860 1428 1894; x_wconf 84' lang='grc' dir='ltr'>γεύονται</span> <span class='ocrx_word' id='word_1_587' title='bbox 1455 1862 1505 1897; x_wconf 80' lang='grc' dir='ltr'>μὲν</span> <span class='ocrx_word' id='word_1_588' title='bbox 1523 1862 1742 1897; x_wconf 78' lang='grc' dir='ltr'>φιλονεικοῦντες</span> <span class='ocrx_word' id='word_1_589' title='bbox 1765 1863 1899 1900; x_wconf 74' lang='grc' dir='ltr'>ἀλλήλω-ι,</span> 
     </span>
    </p>
   </div>
   <div class='ocr_carea' id='block_1_83' title="bbox 1105 1906 1900 1947">
    <p class='ocr_par' dir='ltr' id='par_1_83' title="bbox 1105 1906 1900 1947">
     <span class='ocr_line' id='line_1_83' title="bbox 1105 1906 1900 1947; baseline 0.006 -14"><span class='ocrx_word' id='word_1_590' title='bbox 1105 1907 1204 1941; x_wconf 77' lang='grc' dir='ltr'>αἵματι</span> <span class='ocrx_word' id='word_1_591' title='bbox 1223 1906 1252 1934; x_wconf 83' lang='grc' dir='ltr'>δὲ</span> <span class='ocrx_word' id='word_1_592' title='bbox 1269 1907 1411 1942; x_wconf 84' lang='grc' dir='ltr'>συγγενῶν</span> <span class='ocrx_word' id='word_1_593' title='bbox 1423 1908 1473 1944; x_wconf 83' lang='grc' dir='ltr'>τὴν</span> <span class='ocrx_word' id='word_1_594' title='bbox 1486 1908 1605 1944; x_wconf 85' lang='grc' dir='ltr'>πατρίδα</span> <span class='ocrx_word' id='word_1_595' title='bbox 1625 1909 1788 1944; x_wconf 84' lang='grc' dir='ltr'>μιαίνουσιν,</span> <span class='ocrx_word' id='word_1_596' title='bbox 1800 1911 1833 1947; x_wconf 77' lang='grc' dir='ltr'>ἣν</span> <span class='ocrx_word' id='word_1_597' title='bbox 1847 1911 1900 1938; x_wconf 70' lang='grc' dir='ltr'>ἔδει</span> 
     </span>
    </p>
   </div>
   <div class='ocr_carea' id='block_1_84' title="bbox 1106 1954 1901 1995">
    <p class='ocr_par' dir='ltr' id='par_1_84' title="bbox 1106 1954 1901 1995">
     <span class='ocr_line' id='line_1_84' title="bbox 1106 1954 1901 1995; baseline 0.006 -15"><span class='ocrx_word' id='word_1_598' title='bbox 1106 1954 1156 1981; x_wconf 79' lang='grc' dir='ltr'>καὶ</span> <span class='ocrx_word' id='word_1_599' title='bbox 1172 1954 1226 1990; x_wconf 83' lang='grc' dir='ltr'><strong>πρὸ</strong></span> <span class='ocrx_word' id='word_1_600' title='bbox 1238 1954 1294 1981; x_wconf 85' lang='grc' dir='ltr'><strong>τῶν</strong></span> <span class='ocrx_word' id='word_1_601' title='bbox 1306 1954 1410 1988; x_wconf 85' lang='grc' dir='ltr'>γονέων</span> <span class='ocrx_word' id='word_1_602' title='bbox 1425 1955 1530 1989; x_wconf 83' lang='grc' dir='ltr'>αὐτοῖς,</span> <span class='ocrx_word' id='word_1_603' title='bbox 1542 1955 1570 1982; x_wconf 80' lang='grc' dir='ltr'>ετ</span> <span class='ocrx_word' id='word_1_604' title='bbox 1582 1956 1609 1990; x_wconf 76' lang='grc' dir='ltr'>γ’</span> <span class='ocrx_word' id='word_1_605' title='bbox 1622 1956 1797 1993; x_wconf 78' lang='grc' dir='ltr'>ἐσωφρόνουν</span> <span class='ocrx_word' id='word_1_606' title='bbox 1814 1958 1901 1995; x_wconf 80' lang='grc' dir='ltr'><strong>ὑπάρ-</strong></span> 
     </span>
    </p>
   </div>
   <div class='ocr_carea' id='block_1_85' title="bbox 1105 2001 1901 2039">
    <p class='ocr_par' dir='ltr' id='par_1_85' title="bbox 1105 2001 1901 2039">
     <span class='ocr_line' id='line_1_85' title="bbox 1105 2001 1901 2039; baseline 0.005 -12"><span class='ocrx_word' id='word_1_607' title='bbox 1105 2009 1164 2035; x_wconf 86' lang='grc' dir='ltr'>χειν</span> <span class='ocrx_word' id='word_1_608' title='bbox 1176 2002 1232 2035; x_wconf 84' lang='grc' dir='ltr'><strong>;·οι</strong></span> <span class='ocrx_word' id='word_1_609' title='bbox 1249 2001 1299 2036; x_wconf 83' lang='grc' dir='ltr'>μὲν</span> <span class='ocrx_word' id='word_1_610' title='bbox 1314 2001 1470 2036; x_wconf 75' lang='grc' dir='ltr'>ἐμαίνοντο,</span> <span class='ocrx_word' id='word_1_611' title='bbox 1494 2002 1543 2029; x_wconf 60' lang='grc' dir='ltr'><strong>καὶ¹</strong></span> <span class='ocrx_word' id='word_1_612' title='bbox 1557 2002 1688 2038; x_wconf 75' lang='grc' dir='ltr'>βασιλέας</span> <span class='ocrx_word' id='word_1_613' title='bbox 1703 2004 1901 2039; x_wconf 81' lang='grc' dir='ltr'>προσεκύνουν,</span> 
     </span>
    </p>
   </div>
   <div class='ocr_carea' id='block_1_86' title="bbox 1104 2045 1901 2083">
    <p class='ocr_par' dir='ltr' id='par_1_86' title="bbox 1104 2045 1901 2083">
     <span class='ocr_line' id='line_1_86' title="bbox 1104 2045 1901 2083; baseline 0.005 -11"><span class='ocrx_word' id='word_1_614' title='bbox 1104 2046 1181 2072; x_wconf 79' lang='grc' dir='ltr'>οὐδὲν</span> <span class='ocrx_word' id='word_1_615' title='bbox 1200 2046 1255 2073; x_wconf 83' lang='grc' dir='ltr'>τῶν</span> <span class='ocrx_word' id='word_1_616' title='bbox 1267 2045 1386 2082; x_wconf 84' lang='grc' dir='ltr'>δημοσίᾳ</span> <span class='ocrx_word' id='word_1_617' title='bbox 1401 2047 1608 2082; x_wconf 81' lang='grc' dir='ltr'>τυραννούντων</span> <span class='ocrx_word' id='word_1_618' title='bbox 1622 2047 1765 2083; x_wconf 82' lang='grc' dir='ltr'>ἀμείνους.</span> <span class='ocrx_word' id='word_1_619' title='bbox 1781 2049 1836 2076; x_wconf 78' lang='grc' dir='ltr'><strong>Καὶ</strong></span> <span class='ocrx_word' id='word_1_620' title='bbox 1864 2048 1901 2083; x_wconf 84' lang='grc' dir='ltr'>γῆ</span> 
     </span>
    </p>
   </div>
   <div class='ocr_carea' id='block_1_87' title="bbox 1105 2092 1900 2128">
    <p class='ocr_par' dir='ltr' id='par_1_87' title="bbox 1105 2092 1900 2128">
     <span class='ocr_line' id='line_1_87' title="bbox 1105 2092 1900 2128; baseline 0.001 -9"><span class='ocrx_word' id='word_1_621' title='bbox 1105 2092 1249 2128; x_wconf 75' lang='grc' dir='ltr'>ἐνομίζετο</span> <span class='ocrx_word' id='word_1_622' title='bbox 1278 2093 1328 2128; x_wconf 67' lang='grc' dir='ltr'>μὲν</span> <span class='ocrx_word' id='word_1_623' title='bbox 1358 2093 1495 2128; x_wconf 81' lang='grc' dir='ltr'>ἡμετέρα,</span> <span class='ocrx_word' id='word_1_624' title='bbox 1523 2093 1577 2121; x_wconf 74' lang='grc' dir='ltr'><strong>ὑπὸ</strong></span> <span class='ocrx_word' id='word_1_625' title='bbox 1600 2093 1630 2120; x_wconf 73' lang='grc' dir='ltr'>δὲ</span> <span class='ocrx_word' id='word_1_626' title='bbox 1664 2093 1719 2121; x_wconf 87' lang='grc' dir='ltr'><strong>τῶν</strong></span> <span class='ocrx_word' id='word_1_627' title='bbox 1742 2094 1900 2128; x_wconf 78' lang='grc' dir='ltr'>δυναμένων</span> 
     </span>
    </p>
   </div>
   <div class='ocr_carea' id='block_1_88' title="bbox 1104 2137 1900 2173">
    <p class='ocr_par' dir='ltr' id='par_1_88' title="bbox 1104 2137 1900 2173">
     <span class='ocr_line' id='line_1_88' title="bbox 1104 2137 1900 2173; baseline 0.004 -10"><span class='ocrx_word' id='word_1_628' title='bbox 1104 2137 1282 2173; x_wconf 82' lang='grc' dir='ltr'>ὲγεωργεϊτο.</span> <span class='ocrx_word' id='word_1_629' title='bbox 1306 2137 1481 2165; x_wconf 83' lang='grc' dir='ltr'>Ἑκέκλειστο</span> <span class='ocrx_word' id='word_1_630' title='bbox 1494 2138 1523 2165; x_wconf 70' lang='grc' dir='ltr'>δὲ</span> <span class='ocrx_word' id='word_1_631' title='bbox 1539 2139 1556 2173; x_wconf 82' lang='grc' dir='ltr'><strong>ή</strong></span> <span class='ocrx_word' id='word_1_632' title='bbox 1576 2138 1711 2171; x_wconf 66' lang='grc' dir='ltr'>θάλασσα.</span> <span class='ocrx_word' id='word_1_633' title='bbox 1726 2140 1787 2170; x_wconf 76' lang='grc' dir='ltr'>ταῖς</span> <span class='ocrx_word' id='word_1_634' title='bbox 1804 2140 1832 2166; x_wconf 82' lang='grc' dir='ltr'>δὲ</span> <span class='ocrx_word' id='word_1_635' title='bbox 1849 2140 1900 2166; x_wconf 83' lang='grc' dir='ltr'><strong>πό-</strong></span> 
     </span>
    </p>
   </div>
   <div class='ocr_carea' id='block_1_89' title="bbox 1104 2182 1902 2220">
    <p class='ocr_par' dir='ltr' id='par_1_89' title="bbox 1104 2182 1902 2220">
     <span class='ocr_line' id='line_1_89' title="bbox 1104 2182 1902 2220; baseline 0.004 -11"><span class='ocrx_word' id='word_1_636' title='bbox 1104 2182 1179 2210; x_wconf 86' lang='grc' dir='ltr'>λεσιν</span> <span class='ocrx_word' id='word_1_637' title='bbox 1192 2183 1265 2210; x_wconf 81' lang='grc' dir='ltr'>οὕτω</span> <span class='ocrx_word' id='word_1_638' title='bbox 1283 2183 1373 2219; x_wconf 85' lang='grc' dir='ltr'>μόνως</span> <span class='ocrx_word' id='word_1_639' title='bbox 1392 2184 1456 2220; x_wconf 71' lang='grc' dir='ltr'>ἐνῆν</span> <span class='ocrx_word' id='word_1_640' title='bbox 1472 2184 1653 2218; x_wconf 78' lang='grc' dir='ltr'>ἀναπνεῦσαι,</span> <span class='ocrx_word' id='word_1_641' title='bbox 1670 2185 1695 2212; x_wconf 84' lang='grc' dir='ltr'><strong>εί</strong></span> <span class='ocrx_word' id='word_1_642' title='bbox 1718 2186 1768 2220; x_wconf 86' lang='grc' dir='ltr'>τῆς</span> <span class='ocrx_word' id='word_1_643' title='bbox 1791 2186 1902 2213; x_wconf 73' lang='grc' dir='ltr'>ἐλευθε-</span> 
     </span>
    </p>
   </div>
   <div class='ocr_carea' id='block_1_90' title="bbox 255 2228 1053 2269">
    <p class='ocr_par' dir='ltr' id='par_1_90' title="bbox 255 2228 1053 2264">
     <span class='ocr_line' id='line_1_90' title="bbox 255 2228 1053 2264; baseline 0.004 -10"><span class='ocrx_word' id='word_1_644' title='bbox 255 2235 340 2262; x_wconf 86' lang='lat' dir='ltr'><strong>porro</strong></span> <span class='ocrx_word' id='word_1_645' title='bbox 362 2235 394 2255; x_wconf 88' lang='lat' dir='ltr'><strong>ac</strong></span> <span class='ocrx_word' id='word_1_646' title='bbox 413 2228 490 2263; x_wconf 74' lang='lat' dir='ltr'><strong>regio</strong></span> <span class='ocrx_word' id='word_1_647' title='bbox 510 2233 604 2255; x_wconf 87' lang='lat' dir='ltr'><strong>nostra</strong></span> <span class='ocrx_word' id='word_1_648' title='bbox 617 2228 782 2262; x_wconf 84' lang='lat' dir='ltr'><strong>habebatur,</strong></span> <span class='ocrx_word' id='word_1_649' title='bbox 795 2228 844 2257; x_wconf 88' lang='lat' dir='ltr'><strong>sed</strong></span> <span class='ocrx_word' id='word_1_650' title='bbox 864 2229 1053 2264; x_wconf 87' lang='lat' dir='ltr'><strong>potentiorum</strong></span> 
     </span>
    </p>
   </div>
   <div class='ocr_carea' id='block_1_91' title="bbox 1106 2228 1904 2269">
    <p class='ocr_par' dir='ltr' id='par_1_91' title="bbox 1106 2229 1904 2267">
     <span class='ocr_line' id='line_1_91' title="bbox 1106 2229 1904 2267; baseline 0.005 -12"><span class='ocrx_word' id='word_1_651' title='bbox 1106 2229 1169 2265; x_wconf 84' lang='grc' dir='ltr'>ρίας</span> <span class='ocrx_word' id='word_1_652' title='bbox 1195 2231 1371 2258; x_wconf 81' lang='grc' dir='ltr'>παντάπασιν</span> <span class='ocrx_word' id='word_1_653' title='bbox 1393 2231 1577 2258; x_wconf 73' lang='grc' dir='ltr'>ἐπιλάϐοιντο.</span> <span class='ocrx_word' id='word_1_654' title='bbox 1596 2231 1650 2263; x_wconf 82' lang='grc' dir='ltr'><strong>Οὓς</strong></span> <span class='ocrx_word' id='word_1_655' title='bbox 1669 2232 1697 2258; x_wconf 69' lang='grc' dir='ltr'>δὲ</span> <span class='ocrx_word' id='word_1_656' title='bbox 1712 2231 1904 2267; x_wconf 84' lang='grc' dir='ltr'>δυσχεραίνειν</span> 
     </span>
    </p>
   </div>
   <div class='ocr_carea' id='block_1_92' title="bbox 257 2273 1049 2309">
    <p class='ocr_par' dir='ltr' id='par_1_92' title="bbox 257 2273 1049 2309">
     <span class='ocr_line' id='line_1_92' title="bbox 257 2273 1049 2309; baseline 0.004 -9"><span class='ocrx_word' id='word_1_657' title='bbox 257 2273 300 2300; x_wconf 84' lang='lat' dir='ltr'><strong>vis</strong></span> <span class='ocrx_word' id='word_1_658' title='bbox 326 2280 359 2301; x_wconf 83' lang='lat' dir='ltr'><strong>ac</strong></span> <span class='ocrx_word' id='word_1_659' title='bbox 378 2273 479 2309; x_wconf 87' lang='lat' dir='ltr'><strong>injuria</strong></span> <span class='ocrx_word' id='word_1_660' title='bbox 503 2281 536 2301; x_wconf 91' lang='lat' dir='ltr'><strong>ea</strong></span> <span class='ocrx_word' id='word_1_661' title='bbox 557 2274 712 2302; x_wconf 85' lang='lat' dir='ltr'><strong>fruebatur.</strong></span> <span class='ocrx_word' id='word_1_662' title='bbox 735 2275 808 2303; x_wconf 88' lang='lat' dir='ltr'><strong>Mare</strong></span> <span class='ocrx_word' id='word_1_663' title='bbox 820 2276 963 2303; x_wconf 87' lang='lat' dir='ltr'><strong>occlusum</strong></span> <span class='ocrx_word' id='word_1_664' title='bbox 978 2281 1049 2309; x_wconf 89' lang='lat' dir='ltr'><strong>erat,</strong></span> 
     </span>
    </p>
   </div>
   <div class='ocr_carea' id='block_1_93' title="bbox 257 2319 1052 2356">
    <p class='ocr_par' dir='ltr' id='par_1_93' title="bbox 257 2319 1052 2356">
     <span class='ocr_line' id='line_1_93' title="bbox 257 2319 1052 2356; baseline 0.004 -10"><span class='ocrx_word' id='word_1_665' title='bbox 257 2319 429 2355; x_wconf 68' lang='lat' dir='ltr'><strong>urbibusque</strong></span> <span class='ocrx_word' id='word_1_666' title='bbox 445 2320 484 2348; x_wconf 85' lang='lat' dir='ltr'><strong>ita</strong></span> <span class='ocrx_word' id='word_1_667' title='bbox 495 2321 584 2348; x_wconf 91' lang='lat' dir='ltr'><strong>solum</strong></span> <span class='ocrx_word' id='word_1_668' title='bbox 598 2321 735 2356; x_wconf 88' lang='lat' dir='ltr'><strong>respirare</strong></span> <span class='ocrx_word' id='word_1_669' title='bbox 744 2322 855 2355; x_wconf 87' lang='lat' dir='ltr'><strong>licebat,</strong></span> <span class='ocrx_word' id='word_1_670' title='bbox 873 2322 897 2350; x_wconf 87' lang='lat' dir='ltr'><strong>si</strong></span> <span class='ocrx_word' id='word_1_671' title='bbox 914 2322 1052 2350; x_wconf 88' lang='lat' dir='ltr'><strong>libertatis</strong></span> 
     </span>
    </p>
   </div>
   <div class='ocr_carea' id='block_1_94' title="bbox 255 2366 1050 2403">
    <p class='ocr_par' dir='ltr' id='par_1_94' title="bbox 255 2366 1050 2403">
     <span class='ocr_line' id='line_1_94' title="bbox 255 2366 1050 2403; baseline 0.005 -11"><span class='ocrx_word' id='word_1_672' title='bbox 255 2373 372 2402; x_wconf 90' lang='lat' dir='ltr'><strong>prorsus</strong></span> <span class='ocrx_word' id='word_1_673' title='bbox 388 2366 482 2394; x_wconf 68' lang='lat' dir='ltr'><strong>oblita:</strong></span> <span class='ocrx_word' id='word_1_674' title='bbox 497 2372 602 2395; x_wconf 84' lang='lat' dir='ltr'><strong>essent.</strong></span> <span class='ocrx_word' id='word_1_675' title='bbox 626 2368 701 2401; x_wconf 82' lang='lat' dir='ltr'><strong>Quos</strong></span> <span class='ocrx_word' id='word_1_676' title='bbox 718 2375 784 2399; x_wconf 83' lang='lat' dir='ltr'><strong>vero</strong></span> <span class='ocrx_word' id='word_1_677' title='bbox 798 2376 848 2403; x_wconf 84' lang='lat' dir='ltr'><strong>par</strong></span> <span class='ocrx_word' id='word_1_678' title='bbox 864 2372 925 2396; x_wconf 82' lang='lat' dir='ltr'><strong>erat</strong></span> <span class='ocrx_word' id='word_1_679' title='bbox 938 2367 1050 2403; x_wconf 76' lang='lat' dir='ltr'><strong>indigne</strong></span> 
     </span>
    </p>
   </div>
   <div class='ocr_carea' id='block_1_95' title="bbox 254 2413 1051 2451">
    <p class='ocr_par' dir='ltr' id='par_1_95' title="bbox 254 2413 1051 2451">
     <span class='ocr_line' id='line_1_95' title="bbox 254 2413 1051 2451; baseline 0.003 -12"><span class='ocrx_word' id='word_1_680' title='bbox 254 2413 340 2444; x_wconf 86' lang='lat' dir='ltr'><strong>ferre,</strong></span> <span class='ocrx_word' id='word_1_681' title='bbox 358 2417 389 2440; x_wconf 90' lang='lat' dir='ltr'><strong>ut</strong></span> <span class='ocrx_word' id='word_1_682' title='bbox 403 2413 505 2448; x_wconf 88' lang='lat' dir='ltr'><strong>quibus</strong></span> <span class='ocrx_word' id='word_1_683' title='bbox 524 2418 669 2449; x_wconf 87' lang='lat' dir='ltr'><strong>putaretur</strong></span> <span class='ocrx_word' id='word_1_684' title='bbox 688 2415 848 2451; x_wconf 88' lang='lat' dir='ltr'><strong>imperium,</strong></span> <span class='ocrx_word' id='word_1_685' title='bbox 867 2414 887 2442; x_wconf 88' lang='lat' dir='ltr'><strong>ii</strong></span> <span class='ocrx_word' id='word_1_686' title='bbox 916 2422 975 2443; x_wconf 86' lang='lat' dir='ltr'><strong>rem</strong></span> <span class='ocrx_word' id='word_1_687' title='bbox 993 2414 1051 2442; x_wconf 91' lang='lat' dir='ltr'><strong>risu</strong></span> 
     </span>
    </p>
   </div>
   <div class='ocr_carea' id='block_1_96' title="bbox 253 2458 1051 2494">
    <p class='ocr_par' dir='ltr' id='par_1_96' title="bbox 253 2458 1051 2494">
     <span class='ocr_line' id='line_1_96' title="bbox 253 2458 1051 2494; baseline 0.004 -8"><span class='ocrx_word' id='word_1_688' title='bbox 253 2458 442 2494; x_wconf 84' lang='lat' dir='ltr'><strong>excipiebant,</strong></span> <span class='ocrx_word' id='word_1_689' title='bbox 453 2467 485 2488; x_wconf 84' lang='lat' dir='ltr'><strong>ac</strong></span> <span class='ocrx_word' id='word_1_690' title='bbox 498 2460 521 2488; x_wconf 88' lang='lat' dir='ltr'><strong>si</strong></span> <span class='ocrx_word' id='word_1_691' title='bbox 551 2461 637 2489; x_wconf 87' lang='lat' dir='ltr'><strong>rebus</strong></span> <span class='ocrx_word' id='word_1_692' title='bbox 647 2461 713 2489; x_wconf 84' lang='lat' dir='ltr'><strong>hinc</strong></span> <span class='ocrx_word' id='word_1_693' title='bbox 728 2461 851 2489; x_wconf 86' lang='lat' dir='ltr'><strong>accessio</strong></span> <span class='ocrx_word' id='word_1_694' title='bbox 865 2461 947 2489; x_wconf 87' lang='lat' dir='ltr'><strong>foret.</strong></span> <span class='ocrx_word' id='word_1_695' title='bbox 967 2461 1051 2490; x_wconf 79' lang='lat' dir='ltr'><strong>Malo-</strong></span> 
     </span>
    </p>
   </div>
   <div class='ocr_carea' id='block_1_97' title="bbox 254 2507 1049 2542">
    <p class='ocr_par' dir='ltr' id='par_1_97' title="bbox 254 2507 1049 2542">
     <span class='ocr_line' id='line_1_97' title="bbox 254 2507 1049 2542; baseline 0.004 -9"><span class='ocrx_word' id='word_1_696' title='bbox 254 2514 317 2534; x_wconf 85' lang='lat' dir='ltr'><strong>rum</strong></span> <span class='ocrx_word' id='word_1_697' title='bbox 331 2514 415 2542; x_wconf 91' lang='lat' dir='ltr'><strong>porro</strong></span> <span class='ocrx_word' id='word_1_698' title='bbox 431 2507 585 2536; x_wconf 85' lang='lat' dir='ltr'><strong>remedium</strong></span> <span class='ocrx_word' id='word_1_699' title='bbox 597 2513 659 2536; x_wconf 83' lang='lat' dir='ltr'><strong>erat</strong></span> <span class='ocrx_word' id='word_1_700' title='bbox 677 2508 712 2535; x_wconf 88' lang='lat' dir='ltr'><strong>iis</strong></span> <span class='ocrx_word' id='word_1_701' title='bbox 722 2508 813 2535; x_wconf 89' lang='lat' dir='ltr'><strong>solum</strong></span> <span class='ocrx_word' id='word_1_702' title='bbox 833 2507 964 2535; x_wconf 85' lang='lat' dir='ltr'><strong>nuntiare</strong></span> <span class='ocrx_word' id='word_1_703' title='bbox 977 2507 1049 2541; x_wconf 80' lang='lat' dir='ltr'><strong>dira,</strong></span> 
     </span>
    </p>
   </div>
   <div class='ocr_carea' id='block_1_98' title="bbox 252 2553 1052 2589">
    <p class='ocr_par' dir='ltr' id='par_1_98' title="bbox 252 2553 1052 2589">
     <span class='ocr_line' id='line_1_98' title="bbox 252 2553 1052 2589; baseline 0.003 -9"><span class='ocrx_word' id='word_1_704' title='bbox 252 2553 301 2587; x_wconf 92' lang='lat' dir='ltr'><strong>qui</strong></span> <span class='ocrx_word' id='word_1_705' title='bbox 323 2553 384 2589; x_wconf 92' lang='lat' dir='ltr'><strong>ipso</strong></span> <span class='ocrx_word' id='word_1_706' title='bbox 407 2561 504 2582; x_wconf 91' lang='lat' dir='ltr'><strong>eorum</strong></span> <span class='ocrx_word' id='word_1_707' title='bbox 522 2558 638 2587; x_wconf 84' lang='lat' dir='ltr'><strong>eventu,</strong></span> <span class='ocrx_word' id='word_1_708' title='bbox 662 2553 790 2582; x_wconf 84' lang='lat' dir='ltr'><strong>victimas</strong></span> <span class='ocrx_word' id='word_1_709' title='bbox 804 2554 950 2582; x_wconf 81' lang='lat' dir='ltr'><strong>faciebant.</strong></span> <span class='ocrx_word' id='word_1_710' title='bbox 964 2554 1052 2588; x_wconf 84' lang='lat' dir='ltr'><strong>Quot-</strong></span> 
     </span>
    </p>
   </div>
   <div class='ocr_carea' id='block_1_99' title="bbox 253 2599 1049 2635">
    <p class='ocr_par' dir='ltr' id='par_1_99' title="bbox 253 2599 1049 2635">
     <span class='ocr_line' id='line_1_99' title="bbox 253 2599 1049 2635; baseline 0.001 -8"><span class='ocrx_word' id='word_1_711' title='bbox 253 2603 323 2635; x_wconf 90' lang='lat' dir='ltr'><strong>quot</strong></span> <span class='ocrx_word' id='word_1_712' title='bbox 345 2604 439 2627; x_wconf 80' lang='lat' dir='ltr'><strong>autem</strong></span> <span class='ocrx_word' id='word_1_713' title='bbox 458 2607 494 2628; x_wconf 82' lang='lat' dir='ltr'><strong>ex</strong></span> <span class='ocrx_word' id='word_1_714' title='bbox 515 2599 712 2635; x_wconf 53' lang='lat' dir='ltr'><strong>praesentibus,</strong></span> <span class='ocrx_word' id='word_1_715' title='bbox 726 2607 784 2635; x_wconf 92' lang='lat' dir='ltr'><strong>quo</strong></span> <span class='ocrx_word' id='word_1_716' title='bbox 798 2600 910 2628; x_wconf 83' lang='lat' dir='ltr'><strong>tandem</strong></span> <span class='ocrx_word' id='word_1_717' title='bbox 923 2608 968 2628; x_wconf 81' lang='lat' dir='ltr'><strong>res</strong></span> <span class='ocrx_word' id='word_1_718' title='bbox 980 2600 1049 2628; x_wconf 88' lang='lat' dir='ltr'><strong>civi-</strong></span> 
     </span>
    </p>
   </div>
   <div class='ocr_carea' id='block_1_100' title="bbox 253 2647 1051 2682">
    <p class='ocr_par' dir='ltr' id='par_1_100' title="bbox 253 2647 1051 2682">
     <span class='ocr_line' id='line_1_100' title="bbox 253 2647 1051 2682; baseline 0 -8"><span class='ocrx_word' id='word_1_719' title='bbox 253 2647 359 2675; x_wconf 79' lang='lat' dir='ltr'><strong>tatibus</strong></span> <span class='ocrx_word' id='word_1_720' title='bbox 371 2655 499 2675; x_wconf 61' lang='lat' dir='ltr'><strong>evasura</strong></span> <span class='ocrx_word' id='word_1_721' title='bbox 517 2651 624 2682; x_wconf 80' lang='lat' dir='ltr'><strong>essent,</strong></span> <span class='ocrx_word' id='word_1_722' title='bbox 648 2647 868 2682; x_wconf 72' lang='lat' dir='ltr'><strong>augurabantur,</strong></span> <span class='ocrx_word' id='word_1_723' title='bbox 887 2647 1051 2682; x_wconf 77' lang='lat' dir='ltr'><strong>quan-ebant</strong></span> 
     </span>
    </p>
   </div>
   <div class='ocr_carea' id='block_1_101' title="bbox 253 2693 1050 2730">
    <p class='ocr_par' dir='ltr' id='par_1_101' title="bbox 253 2693 1050 2730">
     <span class='ocr_line' id='line_1_101' title="bbox 253 2693 1050 2730; baseline -0.001 -9"><span class='ocrx_word' id='word_1_724' title='bbox 253 2693 300 2721; x_wconf 91' lang='lat' dir='ltr'><strong>cui</strong></span> <span class='ocrx_word' id='word_1_725' title='bbox 324 2694 503 2729; x_wconf 86' lang='lat' dir='ltr'><strong>pereuntium</strong></span> <span class='ocrx_word' id='word_1_726' title='bbox 527 2701 602 2721; x_wconf 69' lang='lat' dir='ltr'><strong>cura:</strong></span> <span class='ocrx_word' id='word_1_727' title='bbox 621 2697 705 2722; x_wconf 86' lang='lat' dir='ltr'><strong>esset.</strong></span> <span class='ocrx_word' id='word_1_728' title='bbox 730 2693 771 2722; x_wconf 82' lang='lat' dir='ltr'><strong>Ac</strong></span> <span class='ocrx_word' id='word_1_729' title='bbox 794 2693 979 2730; x_wconf 80' lang='lat' dir='ltr'><strong>occurrebat,</strong></span> <span class='ocrx_word' id='word_1_730' title='bbox 1001 2693 1050 2729; x_wconf 93' lang='lat' dir='ltr'><strong>qui</strong></span> 
     </span>
    </p>
   </div>
   <div class='ocr_carea' id='block_1_102' title="bbox 254 2738 1050 2775">
    <p class='ocr_par' dir='ltr' id='par_1_102' title="bbox 254 2738 1050 2775">
     <span class='ocr_line' id='line_1_102' title="bbox 254 2738 1050 2775; baseline 0.001 -9"><span class='ocrx_word' id='word_1_731' title='bbox 254 2739 375 2767; x_wconf 86' lang='lat' dir='ltr'><strong>Hercule</strong></span> <span class='ocrx_word' id='word_1_732' title='bbox 390 2739 499 2772; x_wconf 85' lang='lat' dir='ltr'><strong>fortior,</strong></span> <span class='ocrx_word' id='word_1_733' title='bbox 516 2739 599 2767; x_wconf 85' lang='lat' dir='ltr'><strong>Peleo</strong></span> <span class='ocrx_word' id='word_1_734' title='bbox 617 2738 730 2772; x_wconf 79' lang='lat' dir='ltr'><strong>castior,</strong></span> <span class='ocrx_word' id='word_1_735' title='bbox 747 2739 846 2775; x_wconf 85' lang='lat' dir='ltr'><strong>majori</strong></span> <span class='ocrx_word' id='word_1_736' title='bbox 863 2739 1050 2768; x_wconf 85' lang='lat' dir='ltr'><strong>Themistocle</strong></span> 
     </span>
    </p>
   </div>
   <div class='ocr_carea' id='block_1_103' title="bbox 251 2785 1049 2822">
    <p class='ocr_par' dir='ltr' id='par_1_103' title="bbox 251 2785 1049 2822">
     <span class='ocr_line' id='line_1_103' title="bbox 251 2785 1049 2822; baseline 0 -9"><span class='ocrx_word' id='word_1_737' title='bbox 251 2786 280 2814; x_wconf 80' lang='lat' dir='ltr'><strong>vi</strong></span> <span class='ocrx_word' id='word_1_738' title='bbox 301 2786 407 2822; x_wconf 78' lang='lat' dir='ltr'><strong>ingenii</strong></span> <span class='ocrx_word' id='word_1_739' title='bbox 426 2791 517 2820; x_wconf 87' lang='lat' dir='ltr'><strong>esset;</strong></span> <span class='ocrx_word' id='word_1_740' title='bbox 543 2794 575 2813; x_wconf 83' lang='lat' dir='ltr'><strong>ac</strong></span> <span class='ocrx_word' id='word_1_741' title='bbox 597 2785 646 2821; x_wconf 90' lang='lat' dir='ltr'><strong>qui</strong></span> <span class='ocrx_word' id='word_1_742' title='bbox 670 2786 729 2821; x_wconf 88' lang='lat' dir='ltr'><strong>ipse</strong></span> <span class='ocrx_word' id='word_1_743' title='bbox 751 2793 816 2822; x_wconf 79' lang='lat' dir='ltr'><strong>erga</strong></span> <span class='ocrx_word' id='word_1_744' title='bbox 836 2785 963 2813; x_wconf 88' lang='lat' dir='ltr'><strong>subditos</strong></span> <span class='ocrx_word' id='word_1_745' title='bbox 985 2785 1049 2821; x_wconf 79' lang='lat' dir='ltr'><strong>Cyri</strong></span> 
     </span>
    </p>
   </div>
   <div class='ocr_carea' id='block_1_104' title="bbox 253 2833 1047 2869">
    <p class='ocr_par' dir='ltr' id='par_1_104' title="bbox 253 2833 1047 2869">
     <span class='ocr_line' id='line_1_104' title="bbox 253 2833 1047 2869; baseline 0.001 -9"><span class='ocrx_word' id='word_1_746' title='bbox 253 2834 376 2861; x_wconf 80' lang='lat' dir='ltr'><strong>animum</strong></span> <span class='ocrx_word' id='word_1_747' title='bbox 392 2833 569 2869; x_wconf 88' lang='lat' dir='ltr'><strong>iudolemque</strong></span> <span class='ocrx_word' id='word_1_748' title='bbox 586 2833 714 2862; x_wconf 87' lang='lat' dir='ltr'><strong>referret.</strong></span> <span class='ocrx_word' id='word_1_749' title='bbox 738 2834 784 2867; x_wconf 77' lang='lat' dir='ltr'><strong>At,</strong></span> <span class='ocrx_word' id='word_1_750' title='bbox 797 2833 866 2860; x_wconf 89' lang='lat' dir='ltr'><strong>dura</strong></span> <span class='ocrx_word' id='word_1_751' title='bbox 878 2841 924 2860; x_wconf 81' lang='lat' dir='ltr'><strong>res</strong></span> <span class='ocrx_word' id='word_1_752' title='bbox 938 2833 1047 2868; x_wconf 78' lang='lat' dir='ltr'><strong>legisla-</strong></span> 
     </span>
    </p>
   </div>
   <div class='ocr_carea' id='block_1_105' title="bbox 256 2878 1049 2914">
    <p class='ocr_par' dir='ltr' id='par_1_105' title="bbox 256 2878 1049 2914">
     <span class='ocr_line' id='line_1_105' title="bbox 256 2878 1049 2914; baseline 0.004 -10"><span class='ocrx_word' id='word_1_753' title='bbox 256 2882 299 2904; x_wconf 82' lang='lat' dir='ltr'><strong>tor</strong></span> <span class='ocrx_word' id='word_1_754' title='bbox 312 2878 412 2906; x_wconf 83' lang='lat' dir='ltr'><strong>animis</strong></span> <span class='ocrx_word' id='word_1_755' title='bbox 428 2878 550 2912; x_wconf 85' lang='lat' dir='ltr'><strong>quietem</strong></span> <span class='ocrx_word' id='word_1_756' title='bbox 561 2887 642 2913; x_wconf 70' lang='lat' dir='ltr'><strong>agere</strong></span> <span class='ocrx_word' id='word_1_757' title='bbox 658 2879 776 2912; x_wconf 84' lang='lat' dir='ltr'><strong>nesciis;</strong></span> <span class='ocrx_word' id='word_1_758' title='bbox 797 2879 912 2914; x_wconf 85' lang='lat' dir='ltr'><strong>eiusque</strong></span> <span class='ocrx_word' id='word_1_759' title='bbox 934 2879 1049 2907; x_wconf 82' lang='lat' dir='ltr'><strong>moleste</strong></span> 
     </span>
    </p>
   </div>
   <div class='ocr_carea' id='block_1_106' title="bbox 1107 2275 1902 2314">
    <p class='ocr_par' dir='ltr' id='par_1_106' title="bbox 1107 2275 1902 2314">
     <span class='ocr_line' id='line_1_106' title="bbox 1107 2275 1902 2314; baseline 0.004 -12"><span class='ocrx_word' id='word_1_760' title='bbox 1107 2275 1172 2309; x_wconf 72' lang='grc' dir='ltr'>ἔδει,</span> <span class='ocrx_word' id='word_1_761' title='bbox 1187 2275 1225 2308; x_wconf 85' lang='grc' dir='ltr'><strong>ὡς</strong></span> <span class='ocrx_word' id='word_1_762' title='bbox 1243 2276 1319 2312; x_wconf 82' lang='grc' dir='ltr'>σφίσι</span> <span class='ocrx_word' id='word_1_763' title='bbox 1340 2277 1390 2312; x_wconf 84' lang='grc' dir='ltr'>τῆς</span> <span class='ocrx_word' id='word_1_764' title='bbox 1409 2277 1498 2313; x_wconf 85' lang='grc' dir='ltr'>ἀρχῆς</span> <span class='ocrx_word' id='word_1_765' title='bbox 1522 2279 1770 2314; x_wconf 82' lang='grc' dir='ltr'>περικοπτομένης.</span> <span class='ocrx_word' id='word_1_766' title='bbox 1789 2279 1902 2313; x_wconf 72' lang='grc' dir='ltr'>ἐγέλων,</span> 
     </span>
    </p>
   </div>
   <div class='ocr_carea' id='block_1_107' title="bbox 1106 2323 1904 2360">
    <p class='ocr_par' dir='ltr' id='par_1_107' title="bbox 1106 2323 1904 2360">
     <span class='ocr_line' id='line_1_107' title="bbox 1106 2323 1904 2360; baseline 0.001 -10"><span class='ocrx_word' id='word_1_767' title='bbox 1106 2323 1202 2360; x_wconf 78' lang='grc' dir='ltr'>ὥσπερ</span> <span class='ocrx_word' id='word_1_768' title='bbox 1218 2324 1415 2360; x_wconf 84' lang='grc' dir='ltr'>προστιθέντες</span> <span class='ocrx_word' id='word_1_769' title='bbox 1429 2325 1487 2358; x_wconf 83' lang='grc' dir='ltr'>τοῖς</span> <span class='ocrx_word' id='word_1_770' title='bbox 1503 2325 1574 2352; x_wconf 76' lang='grc' dir='ltr'>οὖσι.</span> <span class='ocrx_word' id='word_1_771' title='bbox 1591 2324 1667 2352; x_wconf 68' lang='lat' dir='ltr'><strong>Tm</strong></span> <span class='ocrx_word' id='word_1_772' title='bbox 1685 2324 1834 2360; x_wconf 78' lang='grc' dir='ltr'>φάρμακον</span> <span class='ocrx_word' id='word_1_773' title='bbox 1848 2325 1904 2351; x_wconf 83' lang='grc' dir='ltr'>τῶν</span> 
     </span>
    </p>
   </div>
   <div class='ocr_carea' id='block_1_108' title="bbox 1106 2369 1903 2408">
    <p class='ocr_par' dir='ltr' id='par_1_108' title="bbox 1106 2369 1903 2408">
     <span class='ocr_line' id='line_1_108' title="bbox 1106 2369 1903 2408; baseline -0.001 -11"><span class='ocrx_word' id='word_1_774' title='bbox 1106 2370 1211 2404; x_wconf 83' lang='grc' dir='ltr'>κακῶν,</span> <span class='ocrx_word' id='word_1_775' title='bbox 1227 2371 1346 2408; x_wconf 84' lang='grc' dir='ltr'>μηνύσαι</span> <span class='ocrx_word' id='word_1_776' title='bbox 1365 2371 1446 2407; x_wconf 85' lang='grc' dir='ltr'>μόνον</span> <span class='ocrx_word' id='word_1_777' title='bbox 1457 2371 1492 2398; x_wconf 79' lang='grc' dir='ltr'><strong>τὰ</strong></span> <span class='ocrx_word' id='word_1_778' title='bbox 1516 2371 1591 2407; x_wconf 81' lang='grc' dir='ltr'>πάθη</span> <span class='ocrx_word' id='word_1_779' title='bbox 1606 2372 1664 2403; x_wconf 83' lang='grc' dir='ltr'>τοῖς</span> <span class='ocrx_word' id='word_1_780' title='bbox 1682 2371 1725 2398; x_wconf 84' lang='grc' dir='ltr'>ὅτι</span> <span class='ocrx_word' id='word_1_781' title='bbox 1745 2369 1825 2397; x_wconf 79' lang='grc' dir='ltr'>ταῦτ’</span> <span class='ocrx_word' id='word_1_782' title='bbox 1842 2370 1903 2404; x_wconf 76' lang='grc' dir='ltr'>ἐγέ-</span> 
     </span>
    </p>
   </div>
   <div class='ocr_carea' id='block_1_109' title="bbox 1105 2414 1901 2452">
    <p class='ocr_par' dir='ltr' id='par_1_109' title="bbox 1105 2414 1901 2452">
     <span class='ocr_line' id='line_1_109' title="bbox 1105 2414 1901 2452; baseline -0.003 -8"><span class='ocrx_word' id='word_1_783' title='bbox 1105 2425 1169 2444; x_wconf 85' lang='grc' dir='ltr'>νετο</span> <span class='ocrx_word' id='word_1_784' title='bbox 1182 2417 1289 2444; x_wconf 83' lang='grc' dir='ltr'>θύουσι.</span> <span class='ocrx_word' id='word_1_785' title='bbox 1300 2417 1380 2444; x_wconf 81' lang='grc' dir='ltr'>Ὅσοι</span> <span class='ocrx_word' id='word_1_786' title='bbox 1393 2417 1416 2444; x_wconf 79' lang='grc' dir='ltr'>δ’</span> <span class='ocrx_word' id='word_1_787' title='bbox 1430 2418 1464 2444; x_wconf 82' lang='grc' dir='ltr'>ὲκ</span> <span class='ocrx_word' id='word_1_788' title='bbox 1473 2417 1528 2444; x_wconf 85' lang='grc' dir='ltr'>τῶν</span> <span class='ocrx_word' id='word_1_789' title='bbox 1539 2417 1694 2452; x_wconf 80' lang='grc' dir='ltr'>παρόντων,</span> <span class='ocrx_word' id='word_1_790' title='bbox 1704 2414 1732 2443; x_wconf 72' lang='grc' dir='ltr'><strong>οἷ</strong></span> <span class='ocrx_word' id='word_1_791' title='bbox 1742 2416 1901 2451; x_wconf 81' lang='grc' dir='ltr'>τελευτήσει</span> 
     </span>
    </p>
   </div>
   <div class='ocr_carea' id='block_1_110' title="bbox 1105 2456 1903 2498">
    <p class='ocr_par' dir='ltr' id='par_1_110' title="bbox 1105 2456 1903 2498">
     <span class='ocr_line' id='line_1_110' title="bbox 1105 2456 1903 2498; baseline -0.003 -9"><span class='ocrx_word' id='word_1_792' title='bbox 1105 2462 1141 2489; x_wconf 83' lang='grc' dir='ltr'><strong>τὰ.</strong></span> <span class='ocrx_word' id='word_1_793' title='bbox 1157 2463 1233 2490; x_wconf 79' lang='grc' dir='ltr'>κακὰ</span> <span class='ocrx_word' id='word_1_794' title='bbox 1250 2464 1312 2495; x_wconf 73' lang='grc' dir='ltr'>ταῖς</span> <span class='ocrx_word' id='word_1_795' title='bbox 1332 2463 1443 2491; x_wconf 78' lang='grc' dir='ltr'>πόλεσιν</span> <span class='ocrx_word' id='word_1_796' title='bbox 1458 2462 1652 2498; x_wconf 72' lang='grc' dir='ltr'>ἐμαντεύοντο,</span> <span class='ocrx_word' id='word_1_797' title='bbox 1666 2461 1781 2498; x_wconf 69' lang='grc' dir='ltr'>ἐζήτουν</span> <span class='ocrx_word' id='word_1_798' title='bbox 1801 2456 1824 2496; x_wconf 83' lang='grc' dir='ltr'><strong>ᾧ</strong></span> <span class='ocrx_word' id='word_1_799' title='bbox 1846 2462 1903 2488; x_wconf 81' lang='grc' dir='ltr'>τῶν</span> 
     </span>
    </p>
   </div>
   <div class='ocr_carea' id='block_1_111' title="bbox 1105 2505 1903 2546">
    <p class='ocr_par' dir='ltr' id='par_1_111' title="bbox 1105 2505 1903 2546">
     <span class='ocr_line' id='line_1_111' title="bbox 1105 2505 1903 2546; baseline -0.005 -9"><span class='ocrx_word' id='word_1_800' title='bbox 1105 2509 1305 2545; x_wconf 78' lang='grc' dir='ltr'>ἀπολλυμένων</span> <span class='ocrx_word' id='word_1_801' title='bbox 1323 2509 1456 2546; x_wconf 79' lang='grc' dir='ltr'>μελήσει·</span> <span class='ocrx_word' id='word_1_802' title='bbox 1484 2509 1533 2536; x_wconf 82' lang='grc' dir='ltr'>καὶ</span> <span class='ocrx_word' id='word_1_803' title='bbox 1560 2505 1642 2544; x_wconf 77' lang='grc' dir='ltr'>εὗρον</span> <span class='ocrx_word' id='word_1_804' title='bbox 1660 2507 1828 2545; x_wconf 81' lang='grc' dir='ltr'>Ἡρακλέους</span> <span class='ocrx_word' id='word_1_805' title='bbox 1853 2508 1903 2544; x_wconf 81' lang='grc' dir='ltr'>μὲν</span> 
     </span>
    </p>
   </div>
   <div class='ocr_carea' id='block_1_112' title="bbox 1105 2553 1905 2591">
    <p class='ocr_par' dir='ltr' id='par_1_112' title="bbox 1105 2553 1905 2591">
     <span class='ocr_line' id='line_1_112' title="bbox 1105 2553 1905 2591; baseline -0.003 -9"><span class='ocrx_word' id='word_1_806' title='bbox 1105 2555 1307 2591; x_wconf 79' lang='grc' dir='ltr'>ἀνδρειότερον,</span> <span class='ocrx_word' id='word_1_807' title='bbox 1333 2555 1559 2591; x_wconf 78' lang='grc' dir='ltr'>σωφρονέστερον</span> <span class='ocrx_word' id='word_1_808' title='bbox 1574 2553 1604 2581; x_wconf 77' lang='grc' dir='ltr'>δὲ</span> <span class='ocrx_word' id='word_1_809' title='bbox 1623 2553 1749 2589; x_wconf 82' lang='grc' dir='ltr'>Πηλέως,</span> <span class='ocrx_word' id='word_1_810' title='bbox 1770 2554 1905 2589; x_wconf 80' lang='grc' dir='ltr'>Θεμιστο-</span> 
     </span>
    </p>
   </div>
   <div class='ocr_carea' id='block_1_113' title="bbox 1105 2600 1904 2638">
    <p class='ocr_par' dir='ltr' id='par_1_113' title="bbox 1105 2600 1904 2638">
     <span class='ocr_line' id='line_1_113' title="bbox 1105 2600 1904 2638; baseline -0.003 -10"><span class='ocrx_word' id='word_1_811' title='bbox 1105 2601 1204 2633; x_wconf 82' lang='grc' dir='ltr'>κλέους</span> <span class='ocrx_word' id='word_1_812' title='bbox 1217 2601 1246 2629; x_wconf 78' lang='grc' dir='ltr'>δὲ</span> <span class='ocrx_word' id='word_1_813' title='bbox 1262 2601 1463 2638; x_wconf 85' lang='grc' dir='ltr'>συνετώτερον·</span> <span class='ocrx_word' id='word_1_814' title='bbox 1478 2600 1514 2628; x_wconf 87' lang='grc' dir='ltr'>τὰ</span> <span class='ocrx_word' id='word_1_815' title='bbox 1524 2600 1621 2636; x_wconf 77' lang='grc' dir='ltr'>Κύρου</span> <span class='ocrx_word' id='word_1_816' title='bbox 1630 2600 1659 2627; x_wconf 65' lang='grc' dir='ltr'>δι</span> <span class='ocrx_word' id='word_1_817' title='bbox 1673 2601 1722 2627; x_wconf 73' lang='grc' dir='ltr'>καὶ</span> <span class='ocrx_word' id='word_1_818' title='bbox 1735 2600 1818 2627; x_wconf 75' lang='grc' dir='ltr'>αὑτὸν</span> <span class='ocrx_word' id='word_1_819' title='bbox 1835 2601 1904 2636; x_wconf 70' lang='grc' dir='ltr'>πρὸς</span> 
     </span>
    </p>
   </div>
   <div class='ocr_carea' id='block_1_114' title="bbox 1104 2646 1905 2685">
    <p class='ocr_par' dir='ltr' id='par_1_114' title="bbox 1104 2646 1905 2685">
     <span class='ocr_line' id='line_1_114' title="bbox 1104 2646 1905 2685; baseline -0.002 -10"><span class='ocrx_word' id='word_1_820' title='bbox 1104 2648 1170 2680; x_wconf 83' lang='grc' dir='ltr'>τοὺς</span> <span class='ocrx_word' id='word_1_821' title='bbox 1179 2648 1350 2684; x_wconf 71' lang='grc' dir='ltr'>ἀρχομένους</span> <span class='ocrx_word' id='word_1_822' title='bbox 1358 2657 1392 2685; x_wconf 87' lang='grc' dir='ltr'><strong>με</strong></span> <span class='ocrx_word' id='word_1_823' title='bbox 1396 2648 1435 2685; x_wconf 79' lang='grc' dir='ltr'>μιΙ</span> <span class='ocrx_word' id='word_1_824' title='bbox 1443 2647 1588 2684; x_wconf 61' lang='lat' dir='ltr'><strong>mum.</strong></span> <span class='ocrx_word' id='word_1_825' title='bbox 1596 2646 1679 2675; x_wconf 77' lang='grc' dir='ltr'>Ἀλλὰ</span> <span class='ocrx_word' id='word_1_826' title='bbox 1686 2647 1905 2683; x_wconf 77' lang='grc' dir='ltr'>πικρδννομοθέ-</span> 
     </span>
    </p>
   </div>
   <div class='ocr_carea' id='block_1_115' title="bbox 1104 2693 1901 2730">
    <p class='ocr_par' dir='ltr' id='par_1_115' title="bbox 1104 2693 1901 2730">
     <span class='ocr_line' id='line_1_115' title="bbox 1104 2693 1901 2730; baseline 0 -10"><span class='ocrx_word' id='word_1_827' title='bbox 1104 2701 1165 2729; x_wconf 79' lang='grc' dir='ltr'>της,</span> <span class='ocrx_word' id='word_1_828' title='bbox 1172 2695 1229 2726; x_wconf 84' lang='grc' dir='ltr'>τοῖς</span> <span class='ocrx_word' id='word_1_829' title='bbox 1234 2694 1383 2730; x_wconf 74' lang='grc' dir='ltr'>ἡσυχάζειν</span> <span class='ocrx_word' id='word_1_830' title='bbox 1388 2695 1439 2722; x_wconf 86' lang='grc' dir='ltr'>οὐκ</span> <span class='ocrx_word' id='word_1_831' title='bbox 1445 2694 1592 2729; x_wconf 75' lang='grc' dir='ltr'>ἐγνωκόσι,</span> <span class='ocrx_word' id='word_1_832' title='bbox 1606 2694 1654 2721; x_wconf 78' lang='grc' dir='ltr'><strong>καὶ</strong></span> <span class='ocrx_word' id='word_1_833' title='bbox 1664 2693 1714 2730; x_wconf 77' lang='grc' dir='ltr'>τὴν</span> <span class='ocrx_word' id='word_1_834' title='bbox 1722 2693 1812 2730; x_wconf 80' lang='grc' dir='ltr'>ἀρχὴν</span> <span class='ocrx_word' id='word_1_835' title='bbox 1821 2693 1901 2720; x_wconf 73' lang='grc' dir='ltr'>ἐδυσ-</span> 
     </span>
    </p>
   </div>
   <div class='ocr_carea' id='block_1_116' title="bbox 1104 2740 1904 2777">
    <p class='ocr_par' dir='ltr' id='par_1_116' title="bbox 1104 2740 1904 2777">
     <span class='ocr_line' id='line_1_116' title="bbox 1104 2740 1904 2777; baseline -0.001 -10"><span class='ocrx_word' id='word_1_836' title='bbox 1104 2741 1233 2777; x_wconf 86' lang='grc' dir='ltr'>χέραινον</span> <span class='ocrx_word' id='word_1_837' title='bbox 1256 2741 1307 2776; x_wconf 82' lang='grc' dir='ltr'>τὴν</span> <span class='ocrx_word' id='word_1_838' title='bbox 1330 2741 1448 2774; x_wconf 66' lang='grc' dir='ltr'>ἐκείνου,</span> <span class='ocrx_word' id='word_1_839' title='bbox 1462 2741 1488 2768; x_wconf 77' lang='grc' dir='ltr'>οἱ</span> <span class='ocrx_word' id='word_1_840' title='bbox 1498 2740 1591 2776; x_wconf 81' lang='grc' dir='ltr'>σφίσιν</span> <span class='ocrx_word' id='word_1_841' title='bbox 1597 2740 1690 2772; x_wconf 76' lang='grc' dir='ltr'>αὐτοῖς</span> <span class='ocrx_word' id='word_1_842' title='bbox 1697 2741 1805 2775; x_wconf 80' lang='grc' dir='ltr'>πονηρὰ</span> <span class='ocrx_word' id='word_1_843' title='bbox 1814 2747 1904 2766; x_wconf 82' lang='grc' dir='ltr'>συνει-</span> 
     </span>
    </p>
   </div>
   <div class='ocr_carea' id='block_1_117' title="bbox 1102 2785 1902 2822">
    <p class='ocr_par' dir='ltr' id='par_1_117' title="bbox 1102 2785 1902 2822">
     <span class='ocr_line' id='line_1_117' title="bbox 1102 2785 1902 2822; baseline -0.004 -9"><span class='ocrx_word' id='word_1_844' title='bbox 1102 2787 1178 2818; x_wconf 86' lang='grc' dir='ltr'>δότες</span> <span class='ocrx_word' id='word_1_845' title='bbox 1189 2794 1196 2802; x_wconf 89' lang='grc'><strong>·</strong></span> <span class='ocrx_word' id='word_1_846' title='bbox 1212 2787 1261 2813; x_wconf 70' lang='grc' dir='ltr'>καὶ</span> <span class='ocrx_word' id='word_1_847' title='bbox 1275 2786 1322 2814; x_wconf 85' lang='grc' dir='ltr'><strong>διὰ</strong></span> <span class='ocrx_word' id='word_1_848' title='bbox 1332 2786 1421 2813; x_wconf 84' lang='grc' dir='ltr'>ταῦτα</span> <span class='ocrx_word' id='word_1_849' title='bbox 1431 2786 1583 2822; x_wconf 78' lang='grc' dir='ltr'>ἀκρόπολίς</span> <span class='ocrx_word' id='word_1_850' title='bbox 1593 2794 1624 2813; x_wconf 90' lang='grc' dir='ltr'><strong>τε</strong></span> <span class='ocrx_word' id='word_1_851' title='bbox 1637 2785 1670 2821; x_wconf 91' lang='grc' dir='ltr'>δὴ</span> <span class='ocrx_word' id='word_1_852' title='bbox 1683 2786 1759 2821; x_wconf 71' lang='grc' dir='ltr'>παρὰ</span> <span class='ocrx_word' id='word_1_853' title='bbox 1773 2785 1827 2811; x_wconf 86' lang='grc' dir='ltr'><strong>τῶν</strong></span> <span class='ocrx_word' id='word_1_854' title='bbox 1839 2785 1902 2811; x_wconf 86' lang='grc' dir='ltr'>νοῦν</span> 
     </span>
    </p>
   </div>
   <div class='ocr_carea' id='block_1_118' title="bbox 1103 2831 1903 2869">
    <p class='ocr_par' dir='ltr' id='par_1_118' title="bbox 1103 2831 1903 2869">
     <span class='ocr_line' id='line_1_118' title="bbox 1103 2831 1903 2869; baseline -0.004 -10"><span class='ocrx_word' id='word_1_855' title='bbox 1103 2833 1222 2868; x_wconf 80' lang='grc' dir='ltr'>ἐχόντων</span> <span class='ocrx_word' id='word_1_856' title='bbox 1251 2833 1496 2868; x_wconf 74' lang='grc' dir='ltr'>κατελαμόάνετο,</span> <span class='ocrx_word' id='word_1_857' title='bbox 1524 2832 1564 2865; x_wconf 83' lang='grc' dir='ltr'>ὼς</span> <span class='ocrx_word' id='word_1_858' title='bbox 1591 2831 1637 2869; x_wconf 75' lang='grc' dir='ltr'>βίᾳ</span> <span class='ocrx_word' id='word_1_859' title='bbox 1660 2832 1706 2860; x_wconf 80' lang='grc' dir='ltr'><strong>τὸν</strong></span> <span class='ocrx_word' id='word_1_860' title='bbox 1733 2831 1903 2866; x_wconf 73' lang='grc' dir='ltr'>ἐξεστηκότα</span> 
     </span>
    </p>
   </div>
   <div class='ocr_carea' id='block_1_119' title="bbox 1102 2877 1902 2914">
    <p class='ocr_par' dir='ltr' id='par_1_119' title="bbox 1102 2877 1902 2914">
     <span class='ocr_line' id='line_1_119' title="bbox 1102 2877 1902 2914; baseline -0.003 -9"><span class='ocrx_word' id='word_1_861' title='bbox 1102 2879 1190 2913; x_wconf 79' lang='grc' dir='ltr'>δῆμον</span> <span class='ocrx_word' id='word_1_862' title='bbox 1205 2879 1442 2913; x_wconf 74' lang='grc' dir='ltr'>θεραπευσόντων.</span> <span class='ocrx_word' id='word_1_863' title='bbox 1460 2879 1516 2907; x_wconf 77' lang='grc' dir='ltr'><strong>Καὶ</strong></span> <span class='ocrx_word' id='word_1_864' title='bbox 1530 2879 1607 2914; x_wconf 82' lang='grc' dir='ltr'>παρὰ</span> <span class='ocrx_word' id='word_1_865' title='bbox 1619 2879 1665 2907; x_wconf 81' lang='grc' dir='ltr'>τὸν</span> <span class='ocrx_word' id='word_1_866' title='bbox 1681 2878 1765 2906; x_wconf 72' lang='grc' dir='ltr'>παῖδα</span> <span class='ocrx_word' id='word_1_867' title='bbox 1786 2877 1834 2904; x_wconf 85' lang='grc' dir='ltr'><strong>τοῦ</strong></span> <span class='ocrx_word' id='word_1_868' title='bbox 1853 2877 1902 2914; x_wconf 82' lang='grc' dir='ltr'><strong>βα-</strong></span> 
     </span>
    </p>
   </div>
  </div>
