4094 6420
299 296 412 358 645

1205 289 1562 351 MONODIA
1594 288 2036 349 OCCISORUM
2072 285 2683 347 THESSALONlC/E.

3481 289 3586 353 (346

302 405 499 471 σιλέως
525 405 619 459 τδν
654 404 912 477 σώφρονα
951 404 1046 458 καὶ
1084 406 1259 476 πρᾶον
1291 405 1389 457 καὶ
1437 404 1706 474 φρόνιμον
1754 401 1884 472 πρέ·

2000 396 2252 453 ferebant
2279 399 2600 469 imperium,
2645 400 2740 471 qui
2786 400 2891 471 ipsi
2931 400 3037 457 sibi
3074 402 3346 459 malorum
3375 405 3587 458 conscii

298 501 456 563 σϐεις
482 494 642 571 ἧκον,
662 496 943 563 ἀξιοῦντες
966 497 1283 569 στράτευμα
1312 495 1652 567 πέμπεσθαι,
1677 495 1773 548 καὶ
1788 495 1889 564 τὴν

302 595 407 666 μὲν
428 593 585 647 πόλιν
614 593 865 662 ἐπισχεῖν
888 590 973 664 [Ρ.
995 589 1122 663 588]
1148 590 1273 644 καθ’
1297 590 1497 660 ἐαυτῆς
1524 588 1886 659 μαινομένην,

296 684 535 754 φυλάξαι
564 685 621 738 δὲ
638 685 704 738 τά
736 684 1061 754 πράγματα,
1087 682 1165 753 τῷ
1184 681 1379 746 σώζειν
1415 682 1554 736 αὐτὰ
1577 680 1886 751 δυναμένῳ.

299 779 454 831 Ἔδει
480 778 605 831 τότε
633 777 829 848 μικρὸν
855 776 1131 847 ήσυχάσαι
1156 775 1259 846 τὴν
1276 774 1469 846 τύχην,
1497 775 1592 827 καὶ
1618 771 1890 857 στρατιώ-

292 886 397 934 τας
452 868 771 939 ἐλευθερίαν
825 866 1156 938 κομίζοντας
1211 866 1287 938 μὴ
1343 866 1611 920 κωλῦσαι.
1656 865 1771 919 Νῦν
1797 864 1886 932 ἂν,

292 962 422 1017 ἀντὶ
446 961 542 1015 τοῦ
576 959 880 1027 στενάζειν,
910 962 968 1012 ἐν
1001 960 1220 1029 ἑορταῖς
1246 960 1379 1028 ἡμῖν
1410 954 1479 1029 ἦν
1504 961 1536 1027 ὴ
1566 957 1739 1020 πόλις.
1771 955 1887 1010 Νῦν

292 1054 366 1109 ἂν
397 1053 656 1125 ἐχόρευον
709 1052 808 1123 μὲν
843 1050 1001 1123 ὴμῶν
1026 1051 1076 1103 οί
1132 1050 1371 1114 πολῖται,
1412 1052 1462 1103 οἱ
1485 1050 1530 1103 δ’
1564 1050 1751 1122 ἐχθροὶ
1788 1050 1887 1120 τὴν

293 1146 584 1217 παροῦσαν
638 1143 1051 1216 μετελάμϐανον
1084 1144 1277 1215 τύχην.
1332 1145 1467 1215 Δίκη
1498 1143 1543 1197 δ’
1582 1144 1648 1198 ἂν
1678 1143 1888 1211 ἐγίνετο

295 1241 422 1310 μετ’
455 1238 785 1310 ἀνθρώπων,
822 1238 1007 1291 καὶτὰ
1059 1237 1153 1291 τοῦ
1184 1236 1390 1309 χρυσοῦ
1433 1237 1625 1306 γένους
1663 1238 1727 1290 ἂν
1753 1239 1886 1309 ἡμῖν

291 1330 558 1402 περιῆκε.
584 1328 699 1383 Νῦν
733 1327 779 1381 δ’
814 1327 881 1398 (ὣ
914 1328 1031 1392 πῶς
1056 1328 1123 1383 τὰ
1170 1328 1350 1392 καλῶς
1397 1328 1798 1400 βεϐουλευμένα
1851 1331 1884 1400 ἡ

289 1423 437 1494 τύχη
469 1422 746 1486 παίζουσα
803 1421 1187 1493 περιτρέπειι)
1226 1424 1275 1474 oi
1332 1422 1430 1492 μὲν
1478 1422 1769 1490 ἠπείγοντο
1793 1439 1807 1453 ’
1836 1422 1886 1475 οί

292 1516 339 1569 δ’
369 1512 510 1588 ἦσαν
546 1516 850 1587 μετέωροι·
887 1516 983 1569 καὶ
1023 1515 1133 1571 τῶν
1170 1515 1413 1587 σημείων
1461 1514 1559 1584 ἤδη
1623 1516 1731 1583 πρὸ
1776 1515 1886 1570 τῶν

292 1608 487 1663 πυλῶν
510 1607 876 1679 φαινομένων,
898 1608 1111 1679 δαίμων
1139 1625 1222 1671 τις
1260 1607 1522 1680 φθονερὸς
1554 1610 1717 1680 ὑπῄει
1758 1608 1886 1672 τοὺς

292 1703 508 1766 πάντας
538 1702 785 1765 ἐοικότας
801 1698 954 1771 αὐτῷ
977 1716 991 1730 ⁸
1029 1701 1124 1753 καὶ
1148 1700 1241 1754 τὸν
1268 1700 1441 1771 δῆμον
1467 1702 1697 1772 αἵματος
1716 1702 1884 1754 πάλαι

1996 500 2206 547 essent.
2234 492 2311 546 Ea
2339 506 2503 547 causa
2526 492 2633 547 fuit
2667 508 2766 547 cur
2804 492 2909 549 viri
2935 495 3042 549 cati
3066 510 3129 550 ac
3151 495 3364 551 cordati
3401 511 3587 551 arcem

1996 586 2346 655 occuparint,
2386 586 2543 656 quasi
2563 585 2631 640 ad
2655 586 2933 641 saniorem
2956 599 3221 655 mentem,
3251 604 3317 645 ea
3346 598 3589 644 emotam

1994 676 2214 745 plebem
2238 678 2291 732 vi
2325 678 2606 733 redacturi
2640 688 2849 733 essent.
2879 679 3097 734 Adsunt
3116 680 3280 751 legati
3309 681 3377 735 ad
3415 681 3593 751 impe-

1996 771 2195 824 ratoris
2220 769 2414 836 filium,
2434 770 2616 825 virum
2645 771 2978 837 modestum,
3006 772 3217 836 mitem,
3234 773 3585 842 prudentem,

1996 869 2254 931 rogantes
2300 862 2445 918 mitti
2488 863 2692 918 milites
2750 863 2844 933 qui
2886 864 3083 919 urbem
3129 876 3483 935 compescant
3534 867 3588 919 in

1994 967 2116 1008 sese
2164 954 2464 1021 furentem,
2493 955 2657 1025 eique
2689 956 2901 1011 servari
2950 972 3060 1021 res,
3094 958 3189 1026 qui
3218 957 3337 1027 ipse
3370 957 3587 1012 incolu-

1994 1058 2113 1098 mes
2158 1054 2420 1114 praestare
2471 1056 2678 1116 posset.
2707 1048 2843 1103 Erat
2876 1057 3009 1103 tunc
3038 1047 3310 1118 tantisper
3340 1048 3590 1115 fortuna:

1994 1136 2415 1207 quiescendum,
2448 1155 2551 1195 nec
2574 1140 2861 1195 inhibendi
2888 1142 3114 1207 milites,
3147 1142 3242 1212 qui
3274 1141 3590 1197 libertatem

1994 1229 2216 1283 allaturi
2252 1241 2462 1285 essent.
2502 1232 2662 1288 Nunc
2688 1247 2820 1286 sane
2854 1248 2956 1302 pro
2986 1233 3138 1287 luctu
3174 1249 3239 1289 ac
3266 1234 3497 1305 gemitu,
3532 1235 3588 1289 in

1997 1322 2240 1392 tripudio
2286 1332 2452 1394 atque
2487 1326 2669 1394 epulis
2731 1326 2891 1381 nobis
2951 1326 3147 1381 civitas
3204 1337 3373 1382 esset.
3428 1328 3588 1383 Nunc

1993 1415 2154 1485 plane
2182 1416 2334 1471 cives
2364 1422 2539 1472 nostri
2564 1419 2768 1474 choros
2789 1419 3077 1485 ducerent,
3112 1434 3175 1473 ac
3206 1419 3417 1473 inimici
3446 1435 3586 1489 prae-

1994 1508 2169 1561 sentis
2222 1518 2427 1565 nostra:
2481 1512 2721 1567 fortunae
2772 1512 3071 1582 participes
3124 1521 3330 1567 essent.
3363 1513 3587 1582 Vigeret
3678 1572 3683 1587 Α

1988 1601 2203 1671 justitia
2230 1601 2378 1657 inter
2420 1603 2696 1670 homines,
2724 1620 3066 1675 aureumque
3097 1620 3273 1676 genus
3320 1604 3375 1658 in
3419 1605 3584 1659 nobis

1995 1702 2278 1762 superstes
2317 1704 2484 1752 esset.
2517 1697 2674 1752 Nunc
2720 1713 2875 1764 vero,
2903 1713 2936 1753 ο
2961 1697 3238 1768 quomodo
3263 1713 3385 1768 quae
3434 1706 3584 1753 recte

290 1794 557 1865 διψῶντα,
571 1793 666 1847 ἐπὶ
679 1792 841 1864 κόρον
853 1784 976 1856 τᾶῖς
991 1795 1257 1864 πονηραῖς
1283 1771 1626 1864 παρεκάλουν
1637 1797 1699 1868 δη
1710 1814 1783 1867 μη
1792 1812 1884 1864 γο-

1991 1787 2243 1843 consiliis
2278 1787 2432 1845 initis
2490 1789 2797 1844 deliberata
2849 1800 3057 1853 essent,
3120 1790 3319 1844 ludens
3358 1788 3583 1843 fortuna

295 1889 466 1960 ρίαις.
488 1886 602 1940 Οίδ⁹
617 1883 913 1953 ἐκινοῦντο,
934 1879 1045 1938 οἷον
1068 1886 1216 1957 Ὀμη
1227 1902 1316 1957 ρος
1340 1886 1445 1958 ἔφη
1480 1888 1580 1958 τὴν
1612 1887 1887 1943 θάλατταν

294 1980 394 2033 ὑπ’
424 1978 685 2033 ἐναντίων
743 1976 1076 2048 πνευμάτων
1130 1978 1515 2049 ἐλαυνομένην.
1568 1979 1678 2033 Καὶ
1700 1980 1888 2034 λοιπὸν

293 2071 453 2124 οὐδὲν
485 2066 553 2142 ἦν
587 2072 687 2125 σὺν
720 2070 895 2142 νόμῳ,
947 2070 1063 2126 ἀλλ’
1088 2069 1286 2123 ἔπιπτε
1328 2071 1428 2141 μὲν
1458 2073 1486 2125 ό
1522 2071 1844 2143 προστυχὼν
1869 2092 1882 2105 -

296 2160 395 2214 διὰ
419 2160 473 2214 δὲ
499 2160 605 2215 τῶν
632 2160 846 2232 νεκρῶν
879 2162 974 2215 ἐπὶ
1026 2162 1153 2225 τοὺς
1194 2160 1465 2232 ἄρχοντας
1496 2164 1685 2235 ᾔεσαν.
1720 2166 1783 2217 Ui
1831 2164 1887 2218 δέ

289 2250 805 2321 διασκεδασάμενοι,
855 2251 1107 2323 δέχεσθαι
1156 2252 1256 2324 μὲν
1297 2255 1425 2317 τοὺς
1480 2254 1755 2318 ἐπιόντας,
1793 2256 1887 2308 καὶ

291 2344 482 2413 σφίσιν
511 2344 697 2408 αὐτοῖς
731 2345 960 2423 ἀμύνειν
986 2347 1275 2401 ἐϐούλοντο
1298 2366 1310 2380 ’
1348 2348 1534 2418 ἕτερος
1561 2348 1615 2401 δὲ
1650 2347 1887 2418 πόλεμος

288 2431 509 2485 ἔνδοθεν
535 2435 677 2488 κατὰ
694 2433 866 2487 νῶτον
900 2435 1119 2506 ἀπήντα
1150 2452 1165 2466 ο
1199 2434 1329 2488 ὥστ’
1356 2437 1459 2489 οὐκ
1507 2430 1655 2506 εἶχον
1700 2437 1886 2489 λοιπὸν

286 2524 416 2577 ὅποι
445 2523 514 2577 τὰ
552 2526 823 2594 πρόσωπα
875 2525 1155 2595 τρέψειαν.
1201 2526 1335 2580 Τότε
1364 2527 1429 2599 δὴ
1481 2527 1595 2598 πῦρ
1642 2527 1740 2597 μὲν
1766 2532 1886 2591 ταῖς

288 2615 494 2679 πύλαις
524 2618 853 2688 προσήγετο,
909 2619 1005 2670 καὶ
1056 2620 1085 2670 ὁ
1140 2618 1349 2682 καπνὸς
1402 2621 1530 2683 τοὺς
1566 2619 1664 2689 μὲν
1687 2619 1885 2685 ἔξωθεν

287 2708 685 2777 ἐπειγομένους
739 2703 893 2776 εἶργε
923 2707 1019 2761 τοῦ
1050 2709 1240 2777 πρόσω
1266 2724 1279 2739 °
1304 2709 1378 2771 ὼς
1403 2710 1469 2761 ἂν
1490 2704 1571 2772 οἷς
1601 2709 1886 2763 ἐϐούλοντο

290 2797 529 2866 βοηθεῖν,
562 2797 934 2868 είλημμένων.
971 2800 1030 2852 Οἱ
1054 2798 1098 2850 δ’
1117 2798 1327 2852 ἔνδοθεν
1343 2800 1557 2870 ἧνοιγον
1575 2799 1673 2863 τὰς
1707 2800 1881 2864 πύλας

288 2891 405 2950 τοῖς
431 2889 810 2963 ἀνδροφόνοιςο
856 2891 903 2941 οἱ
940 2888 988 2940 δ’
1026 2890 1395 2959 εἰσχυθέντες,
1432 2894 1615 2946 πᾶσαν
1642 2892 1882 2949 ἀνάστα-

291 2997 381 3033 σιν
402 2980 611 3043 πόλεως
641 2973 722 3042 οἷς
762 2979 1022 3051 ἔδρασαν,
1064 2981 1374 3052 ἀπέφηναν.
1424 2982 1761 3053 Ἐγυμνοῦτο
1785 2983 1884 3053 μὲν

287 3072 403 3125 τῶν
432 3072 612 3125 ὅπλων
640 3071 668 3122 ὁ
702 3072 1046 3142 στρατιώτης
1070 3088 1083 3102 ⁸
1116 3073 1329 3126 εἵλκετο
1346 3073 1400 3125 δὲ
1425 3074 1529 3127 ὑπὸ
1554 3075 1665 3129 τῶν
1694 3076 1885 3146 τυχόν⁶

286 3180 400 3217 των
448 3165 477 3215 ό
510 3162 682 3218 πολλὰ
707 3163 772 3235 δὴ
820 3164 1035 3229 πολλοῖς
1066 3164 1273 3229 εἰωθὼς
1322 3167 1654 3221 ἐπιτάττειν.
1687 3168 1885 3231 Δοῦλος

286 3257 348 3310 δὲ
379 3258 471 3310 τὸν
502 3256 771 3328 δεσπότην
802 3259 1011 3329 ἠγνόει,
1039 3261 1132 3314 καὶ
1162 3254 1237 3314 ὧν
1277 3261 1547 3332 πρότερον
1583 3264 1888 3333 ἐπετιμᾶτο

284 3351 515 3415 δικαίως
535 3350 657 3404 τότε
691 3350 851 3421 δίκην
878 3350 1029 3420 ἠξίου
1071 3349 1392 3421 λαμϐάνειν.
1432 3351 1654 3406 Ὅπλων
1681 3352 1746 3423 δὴ
1792 3354 1888 3407 καὶ

285 3445 591 3517 χρημάτων
623 3444 673 3497 οἱ
720 3444 897 3498 δοῦλοι
927 3444 1023 3498 καὶ
1047 3444 1279 3515 πένητες
1295 3445 1475 3515 κύριοι
1495 3447 1882 3514 καταστάντες,

288 3543 405 3605 τοῖς
435 3542 568 3612 πρὶν
622 3539 765 3595 αὐτὰ
814 3538 1198 3610 κεκτημένοις,
1226 3539 1326 3612 τὴν
1381 3540 1489 3594 τῶν
1531 3541 1885 3613 ἀνδραπόδων

292 3634 597 3704 προσήκειν
621 3632 873 3703 ἐνόμιζον
900 3632 1093 3704 τύχην,
1127 3634 1222 3687 καὶ
1245 3633 1508 3704 δήσαντες
1538 3630 1743 3705 εἶργον,
1777 3652 1886 3707 μη-

290 3726 351 3778 δὲ
390 3728 499 3780 τῶν
549 3723 790 3780 ἀκτίνων
853 3724 1154 3780 ἀπολαύειν
1199 3725 1400 3789 αὐτοὺς
1448 3726 1881 3796 συγχωροῦντες.

302 3818 510 3888 Δρόμος
543 3818 639 3870 ἐπὶ
665 3817 765 3881 τὰς
811 3817 1011 3884 οἰκίας,
1050 3820 1146 3872 καὶ
1188 3818 1372 3882 πάσας
1416 3817 1607 3889 ὥσπερ
1648 3818 1885 3890 ἐρημίας

306 3910 591 3979 διέσκαψαν
621 3911 833 3974 πόλεις.
867 3910 927 3965 '0
952 3911 1009 3965 δέ
1037 3911 1337 3983 δακρύσας,
1386 3912 1553 3965 αὑτοῦ
1602 3912 1756 3983 παρά
1778 3913 1884 3968 τῶν

302 4002 523 4055 ἀσεϐῶν
551 4005 947 4075 ἀπεσφάττετο.
972 4006 1035 4057 Ὢ
1064 4004 1296 4070 πόλεως,
1319 4004 1440 4058 ἀντὶ
1465 4004 1615 4074 μιᾶς,
1648 4003 1882 4071 πολλῶν,

293 4093 394 4148 καὶ
426 4095 623 4151 τούτων
643 4096 1057 4152 ἐναντιωτάτων
1073 4097 1475 4168 γεγενημένηςί
1501 4098 1564 4149 Ὢ
1584 4096 1882 4163 πολιτείας,

289 4188 564 4261 θαλάττης
594 4192 781 4263 πάσης
808 4192 1176 4260 ἀπιστοτέρας
1202 4192 1215 4245 !
1254 4191 1319 4243 Ὢ
1353 4190 1614 4257 πολιτῶν,
1647 4190 1802 4246 οὐδέν
1830 4210 1883 4245 τι

282 4280 399 4335 τῶν
436 4282 598 4351 φύσει
652 4282 948 4355 βαρϐάρων
996 4285 1406 4355 ἀπιστοτέρωνε
1436 4286 1883 4339 Καταποντισταί

282 4389 434 4437 τινες
463 4373 726 4447 ἄντικρυς
758 4378 816 4431 ἐν
835 4376 1051 4449 ἠπείρῳ
1071 4394 1085 4409 ο
1122 4377 1324 4449 μᾶλλον
1348 4378 1406 4431 δὲ
1434 4378 1503 4432 τὰ
1530 4377 1757 4444 τούτων,
1784 4377 1881 4433 καὶ

1989 1879 2228 1934 evertit!
2260 1881 2326 1936 lli
2360 1898 2561 1953 nempe
2590 1883 2881 1954 urgebant,
2910 1883 2990 1937 illi
3021 1898 3051 1936 e
3082 1883 3305 1937 sublimi
3339 1881 3578 1936 stabant:

1984 1970 2211 2042 jamque
2238 1974 2437 2029 vexilla
2464 1983 2593 2029 ante
2624 1984 2813 2044 portas
2835 1974 3105 2045 explicata
3139 1982 3318 2039 erant,
3347 1990 3472 2029 cum
3501 1973 3584 2027 in-

1987 2065 2150 2123 vidus
2200 2054 2426 2137 quidam
2464 2068 2679 2123 dagmon
2731 2084 2924 2123 omnes
2973 2068 3164 2132 subiit,
3203 2068 3298 2138 qui
3330 2068 3453 2139 pari
3501 2067 3582 2123 illi

1987 2156 2213 2226 ingenio
2261 2168 2488 2228 essent;
2523 2161 2730 2231 quique
2781 2161 3001 2231 plebem
3050 2161 3265 2231 pridem
3301 2160 3586 2231 sanguinis

1988 2251 2351 2319 sitibnndam,
2382 2263 2444 2309 ut
2468 2270 2536 2310 eo
2586 2255 2955 2311 exsatiaretur
3002 2255 3413 2311 scelestissimis
3443 2269 3579 2309 eon-

1988 2344 2246 2401 cionibus
2295 2346 2625 2402 incitabant.
2663 2348 2741 2402 Ea
2772 2364 2938 2418 porro
2980 2347 3062 2403 sic
3098 2348 3448 2413 movebatur,
3501 2347 3582 2402 uti

1988 2450 2141 2491 mare
2172 2436 2313 2491 dixit
2344 2438 2643 2504 Homerus,
2680 2456 2808 2496 cum
2844 2440 3145 2496 contrariis
3174 2442 3357 2495 ventis
3394 2440 3582 2510 quati-

1990 2536 2098 2582 tur.
2130 2529 2322 2600 Neque
2368 2533 2482 2603 jam
2523 2532 2725 2588 rationi
2778 2532 2989 2603 aliquid
3048 2534 3404 2605 eonjunctum
3442 2542 3583 2597 erat,

1988 2622 2084 2675 sed
2116 2623 2353 2693 quisque
2386 2624 2587 2679 obvius
2610 2624 2862 2680 cadebat.
2881 2625 2985 2680 Per
3012 2624 3293 2680 substrata
3317 2625 3585 2680 cadavera

1986 2715 2126 2769 itum
2157 2717 2225 2771 ad
2257 2719 2637 2790 magistratus.
2670 2719 2750 2773 Illi
2786 2719 3062 2788 dissipati,
3094 2719 3421 2789 ingruentes
3449 2720 3581 2789 qui-

1987 2808 2111 2862 dem
2145 2811 2425 2879 excipere,
2467 2826 2638 2881 seque
2673 2811 2817 2865 tueri
2847 2811 3149 2881 optabant;
3178 2812 3269 2866 his
3295 2813 3584 2867 enimvero

1988 2900 2324 2956 intrinsecus
2351 2918 2381 2957 a
2412 2912 2566 2973 tergo
2592 2920 2771 2975 pugna
2795 2904 2967 2958 altera
2996 2904 3349 2959 occurrebat.
3378 2904 3585 2970 Quam-

1986 2991 2178 3046 obrem
2219 3008 2329 3047 non
2379 2994 2492 3064 jam
2533 3004 2652 3049 erat
2701 3010 2813 3064 quo
2857 2994 3026 3049 facies
3086 3002 3394 3049 verterent.
3428 2995 3587 3049 Tunc

1987 3084 2252 3139 nimirum
2284 3086 2408 3156 igne
2440 3088 2615 3156 portis
2668 3088 2912 3152 admoto,
2974 3086 3177 3152 fumus,
3207 3102 3304 3141 eos
3346 3087 3441 3156 qui
3488 3103 3587 3143 ex-

1991 3174 2267 3230 trinsecus
2320 3158 2603 3246 urgerent,
2641 3177 2900 3247 progredi
2953 3176 3267 3242 inhibebat,
3301 3176 3461 3247 quasi
3515 3177 3584 3231 iis

1991 3268 2431 3338 comprehensis,
2465 3271 2671 3340 quibus
2698 3272 2801 3340 ipsi
2835 3271 3118 3341 suppetias
3146 3270 3319 3325 ibant.
3353 3271 3458 3337 Qui
3498 3273 3584 3323 in-

1990 3369 2080 3414 tus
2108 3370 2287 3427 erant,
2322 3362 2538 3417 sicariis
2569 3379 2633 3419 ae
2662 3364 2928 3419 maleficis
2954 3373 3144 3433 portas
3178 3363 3454 3434 aperiunt.
3500 3363 3584 3417 llli

1990 3453 2047 3507 in
2081 3454 2278 3509 urbem
2340 3457 2525 3521 effusi,
2563 3456 2768 3525 quibus
2828 3466 3143 3528 gesserunt,
3197 3472 3419 3511 omnem
3476 3457 3583 3526 ipsi

1989 3548 2307 3604 vastitatem
2343 3548 2639 3606 inducunt.
2667 3550 2822 3606 Miles
2880 3551 3055 3606 armis
3085 3550 3438 3617 nudabatur;
3468 3558 3586 3604 tra-

1989 3640 2226 3695 hebatur
2258 3658 2288 3697 a
2326 3642 2422 3697 vili
2450 3643 2635 3714 vulgo,
2672 3642 2766 3713 qui
2807 3645 2981 3698 multa
3033 3643 3223 3697 multis
3283 3642 3584 3714 praecipere

1989 3731 2187 3786 solitus
2212 3741 2351 3787 erat.
2387 3732 2595 3789 Servus
2629 3733 2828 3788 herum
2865 3733 3151 3790 nesciebat
3176 3751 3188 3787 :
3216 3748 3280 3787 ac
3335 3748 3500 3803 quem
3540 3733 3587 3786 is

1991 3821 2145 3890 prius
2168 3824 2295 3894 jure
2348 3823 2693 3893 increpabat,
2723 3833 2856 3879 tunc
2889 3825 2994 3880 sibi
3046 3840 3241 3894 pmnas
3286 3839 3414 3879 eum
3448 3824 3582 3879 dare

1988 3914 2272 3985 poscebat.
2301 3916 2601 3971 Armorum
2641 3933 2923 3987 opumque
2953 3917 3101 3971 servi
3128 3932 3193 3971 ac
3229 3916 3422 3987 inapes
3450 3916 3584 3971 facti

1988 4018 2292 4080 compotes,
2325 4010 2534 4079 quibus
2570 4010 2661 4063 illa
2692 4013 2847 4080 prius
2902 4010 3312 4079 competebant,
3368 4009 3585 4063 manci-

1987 4103 2206 4173 piorum
2238 4101 2380 4157 forte
2416 4117 2485 4157 ac
2531 4101 2754 4156 fortuna
2816 4101 3120 4167 habebant,
3148 4108 3584 4170 compactosque

1989 4194 2044 4249 in
2096 4210 2399 4259 carcerem,
2458 4209 2562 4248 nec
2621 4193 2763 4248 lucis
2813 4193 2984 4247 radiis
3038 4191 3147 4246 frui
3208 4191 3483 4247 sinebant.
3522 4193 3585 4246 In

1986 4285 2132 4341 aedes
2160 4285 2536 4351 concitabant,
2580 4298 2883 4353 omnesque
2940 4282 3197 4337 civitates
3230 4281 3581 4337 desertorum

1988 4393 2140 4432 more
2165 4378 2457 4433 eruebant.
2484 4377 2587 4433 Cui
2615 4378 2873 4448 lacrymae
2897 4375 3108 4433 obortae
3130 4383 3338 4440 essent,
3372 4374 3583 4445 impios

280 4466 476 4538 χείρω.
503 4467 569 4520 Οί
603 4468 704 4539 μέν
731 4485 795 4538 γε
826 4469 937 4523 τῶν
958 4469 1128 4523 όντων
1167 4469 1581 4541 γυμνώσαντες,
1613 4471 1675 4524 οὐ
1695 4472 1789 4525 καὶ
1822 4472 1883 4525 τὸ

1991 4484 2114 4522 rum
2145 4470 2441 4524 confestim
2495 4469 2694 4540 gladiis
2742 4467 3257 4523 contrucidabatur.
3291 4465 3335 4522 Ο
3386 4467 3584 4521 civita-

283 4560 388 4631 ζῇν
420 4561 888 4631 προσαφείλοντο·
931 4556 1078 4617 οὗτοι
1105 4562 1183 4627 δὲ,
1214 4564 1305 4616 τὸν
1346 4564 1446 4633 μὲν
1472 4562 1686 4618 οἴκοθεν
1719 4565 1885 4635 στρά-

278 4670 464 4724 τευμα
488 4654 713 4727 τρέφειν
748 4654 1073 4727 δυνάμενον,
1103 4653 1189 4728 [Ρ.
1239 4654 1369 4726 589]
1403 4655 1667 4726 ἐξαίφνης
1696 4655 1884 4726 ὥσπερ

280 4747 535 4818 σκηπτοῦ
595 4750 1052 4820 κατενεχθέντος,
1115 4750 1513 4820 ἀποπέμπουσι
1578 4751 1883 4819 προσαιτή-

281 4860 473 4897 σοντα.
515 4844 581 4897 Ἡ
631 4845 676 4898 δ’
740 4844 1039 4917 ὑπερϐολὴ,
1090 4844 1170 4898 ὅτι
1212 4845 1308 4897 καὶ
1356 4846 1465 4897 τῶν
1493 4843 1663 4897 ὄντων
1689 4843 1885 4896 ἐκϐάλ-

275 4938 471 5001 λοντες
492 4938 923 5008 ἀγανακτοῦσιν,
955 4939 1005 4992 εί
1053 4936 1221 5001 ζῶντι
1258 4935 1399 5008 μετὰ
1435 4936 1543 4989 τῶν
1576 4934 1752 4991 ἀλλων
1793 4935 1881 4999 ἐξ·

278 5032 442 5084 ἐσται
478 5030 793 5103 μεμνῆσθαι
816 5032 917 5101 τῆς
955 5032 1264 5103 συμφορᾶς.

1983 4571 2118 4630 tern,
2138 4579 2264 4634 qua:
2289 4579 2357 4617 ex
2385 4579 2516 4630 una,
2546 4564 2756 4627 multae,
2792 4562 3363 4632 contrariissimisque
3386 4562 3588 4615 studiis

1983 4666 2150 4727 atque
2178 4656 2381 4711 animis
2431 4658 2680 4712 evaseris
2708 4658 2720 4710 ί
2745 4654 2789 4710 Ο
2822 4655 3226 4726 rempublicam
3262 4655 3460 4725 quovis
3493 4671 3561 4725 pc

1986 4752 2111 4821 lago
2160 4748 2393 4805 inﬁdam
2447 4753 2661 4821 magis!
2696 4750 2739 4804 Ο
2797 4751 2948 4805 cives
2996 4750 3139 4805 nihil
3198 4750 3391 4822 majori
3455 4748 3587 4813 fide,

1987 4858 2155 4913 quam
2184 4843 2282 4913 qui
2307 4852 2507 4898 natura
2546 4843 2768 4898 barbari
2801 4844 3067 4914 omnique
3128 4842 3313 4897 indole
3341 4843 3353 4896 l
3386 4841 3585 4895 Marini

1991 4937 2218 5008 quidam
2264 4937 2428 5007 plane
2483 4936 2773 5007 praedones
2818 4937 2875 4992 in
2906 4938 3271 5003 continente;
3304 4935 3439 5005 quin
3500 4934 3587 4986 his

1990 5045 2213 5100 quoque
2242 5029 2442 5085 studiis
2471 5028 2800 5095 deteriores.
2840 5030 2924 5085 llli
2956 5042 3198 5099 namque
3250 5041 3393 5097 quos
3422 5024 3586 5079 bonis

276 5122 597 5194 spoliarint,
633 5122 784 5178 haud
808 5124 978 5179 etiam
999 5124 1171 5179 vitam
1197 5137 1419 5193 quoque
1441 5121 1523 5177 eis
1544 5121 1885 5190 ademerint;
1923 5122 1982 5176 hi
2012 5136 2149 5178 vero
2172 5123 2332 5194 queis
2363 5121 2511 5177 domi
2542 5123 2848 5193 repositum
2905 5130 2967 5176 ut
3014 5119 3273 5193 praesidio
3309 5119 3585 5188 militique

276 5218 388 5274 hos
411 5226 638 5288 repente
666 5219 821 5274 velut
856 5218 1106 5276 immisso
1131 5218 1386 5285 fulmine,
1414 5217 1485 5273 ad
1512 5217 1976 5273 emendieandum
2004 5233 2035 5272 a
2059 5232 2118 5273 se
2146 5217 2467 5273 amandant.
2525 5216 2797 5287 Quodque
2859 5215 2999 5271 adeo
3064 5228 3286 5268 omnem
3357 5213 3589 5268 sceleris

278 5312 683 5367 immanitatem
714 5314 911 5380 vineit,
949 5330 980 5368 a
1027 5314 1147 5369 suis
1179 5326 1403 5384 quoque
1448 5311 1757 5383 ejicientes,
1788 5310 2014 5382 indigne
2044 5310 2272 5379 ferunt;
2346 5310 2393 5367 si
2427 5310 2515 5366 cui
2542 5310 2656 5364 vita
2693 5307 2917 5364 residua
2985 5308 3079 5373 sit,

277 5407 602 5461 meminisse
632 5406 828 5461 saltem
858 5407 1189 5461 calamitatis
1219 5407 1466 5461 licuerit.

353 5504 431 5561 ς’.
464 5500 529 5551 Ὢ
577 5498 843 5570 λογισμοῦ
888 5498 1362 5570 περιυϐρισμένου
1391 5498 1403 5551 !
1435 5497 1501 5548 Ὢ
1534 5496 1716 5551 πάντα
1757 5494 1881 5549 άλο-

275 5591 410 5663 γίας
435 5591 680 5663 ἀγούσης
705 5594 718 5645 !
750 5593 814 5645 Οἱ
840 5591 962 5662 μὲν,
988 5592 1083 5644 ἐπὶ
1110 5593 1237 5654 τοὺς
1268 5592 1378 5645 τῶν
1408 5590 1635 5645 δικαίων
1659 5592 1877 5655 πόνους,

273 5685 380 5739 καὶ
406 5685 502 5738 τοῦ
550 5685 722 5756 πυρὸς
756 5684 1013 5755 ὀξύτερον
1043 5684 1346 5739 ἐκινοῦντω
1378 5683 1602 5755 θαρρεῖν
1632 5682 1690 5735 δέ
1734 5677 1881 5752 εῖχεν

272 5778 481 5847 οὐδεὶς,
504 5780 564 5833 οὐ
591 5779 738 5849 γένει
761 5779 1161 5850 κοσμούμενος,
1179 5778 1240 5833 ού
1271 5776 1484 5848 μεγάλα
1505 5775 1568 5848 δὴ
1591 5776 1686 5830 καὶ
1711 5775 1881 5828 πολλά

3157 5320 3284 5360 cum
3357 5306 3591 5375 reliquis

2056 5493 2252 5567 6006
2267 5491 2320 5547 6.
2342 5492 2386 5545 Ο
2405 5490 2575 5545 animi
2598 5489 3093 5545 rationcsludibrio
3106 5486 3346 5542 habitas!
3369 5485 3412 5542 Ο
3429 5502 3588 5541 men-

1985 5588 2057 5642 tis
2077 5583 2559 5653 insaniamjcuncta
2579 5591 2852 5654 agentem,
2874 5582 3219 5651 rationisque
3236 5577 3542 5635 absentiam
3560 5576 3583 5637 1

1985 5679 2091 5743 llli,
2121 5680 2177 5733 in
2204 5678 2479 5749 justorum
2515 5675 2754 5739 labores,
2788 5674 2909 5744 ipso
2936 5674 3058 5745 igne
3086 5675 3322 5730 celerius
3356 5670 3585 5725 invade-

1986 5773 2141 5829 bant.
2195 5771 2368 5827 Nemo
2408 5785 2583 5840 usque
2624 5767 2905 5824 confidere
2938 5779 3194 5840 poterat;
3245 5782 3353 5822 non
3411 5779 3586 5833 quem
