4094 6416
507 288 612 352 547

1758 287 2140 347 DEMETRII
2175 288 2482 349 CYDONII

3678 294 3784 361 6ίὸ

510 399 733 469 generis
764 396 951 453 infula!
1000 401 1284 459 ornarent,
1334 409 1445 449 non
1483 394 1577 464 qui
1602 409 1797 463 magna
1826 410 1891 450 ac
1920 396 2089 460 clara,

2201 396 2693 468 λελειτουργηκὼς·
2716 400 2778 453 οὑ
2808 404 2973 455 πᾶσιν
3006 404 3202 457 ἐαυτὸν
3234 406 3580 477 εὐάρμοστον
3602 426 3789 483 παρα-

504 507 607 547 nec
636 504 809 561 pauca
867 502 1099 543 munera
1144 487 1434 551 edidisset,
1466 503 1576 541 non
1605 487 1701 555 qui
1735 503 1793 542 se
1836 488 2098 543 omnibus

504 584 866 645 concinnum,
904 579 1246 650 placidisque
1287 580 1537 633 moribus
1583 579 1967 643 exhibuisset;
1999 580 2095 633 sed

506 676 656 729 velut
694 675 957 729 omnibus
978 674 1183 726 indicta
1214 682 1411 736 morte,
1454 673 1534 725 sic
1562 671 1895 726 irruentium
1928 670 2098 725 furia-

502 782 625 819 rum
659 766 878 820 illarum
915 766 1115 819 obtutu
1148 763 1482 817 tremebant.
1514 762 1747 829 Quidam
1781 780 1885 818 nec
1918 764 2095 818 solum

503 870 789 930 aspectum
813 857 1101 917 ferebant;
1131 856 1381 909 nonnulli
1415 856 1519 909 sub
1544 856 1852 909 vicinorum
1875 855 2098 910 lectulis

504 952 611 1006 sibi
639 950 881 1005 latebras
908 949 1267 1018 quaerebant;
1316 956 1513 1017 puteos
1542 949 1636 1002 alii
1663 949 1959 1013 subibant;
2005 948 2098 1002 alii

509 1041 876 1111 apprehensis
924 1040 1057 1100 aris,
1117 1054 1220 1093 nec
1268 1040 1374 1093 loci
1434 1040 1699 1110 religione
1732 1056 1761 1093 a
1793 1056 1852 1095 se
1888 1050 2097 1094 metum

506 1131 879 1201 depellebant.
914 1130 1026 1183 Nec
1046 1128 1245 1182 desunt
1276 1128 1371 1196 qui
1402 1128 1626 1198 indigne
1652 1128 1916 1193 ferentes,
1949 1129 2096 1198 quod

506 1236 619 1275 non
645 1221 858 1289 pridem
889 1219 1000 1272 vita
1023 1218 1200 1271 functi
1218 1227 1425 1282 essent,
1451 1217 1689 1288 diruptis
1712 1219 1908 1273 loculis
1931 1228 2097 1289 atque

508 1313 758 1375 tumulis,
780 1326 844 1365 ac
873 1310 1139 1364 cadavera
1164 1309 1467 1363 subeuntes
1487 1309 1670 1364 adhuc
1692 1310 1820 1364 tabo
1844 1308 2094 1375 ﬂuentia,

505 1422 608 1461 nec
636 1406 682 1459 si
718 1406 843 1474 quis
900 1404 1132 1473 propius
1160 1403 1452 1458 accederet
1487 1404 1575 1457 vel
1599 1403 1855 1473 spiritum
1890 1403 2097 1459 ducere

507 1498 779 1561 sinentia,
835 1511 939 1550 nec
993 1496 1075 1551 sic
1110 1495 1337 1564 quidem
1376 1498 1759 1566 sepulcrorum
1802 1497 2098 1552 eﬂ'ossores

505 1589 630 1643 illos
657 1588 832 1642 vitare
871 1588 1176 1658 potuerint.
1221 1587 1326 1642 Per
1355 1588 1550 1643 domos
1585 1589 1795 1642 clamor
1830 1588 2096 1643 audieba-

505 1692 619 1743 tur,
663 1696 729 1735 ac
758 1681 854 1748 qui
904 1679 1027 1733 heri
1077 1680 1353 1734 conducta
1406 1680 1571 1734 obolo
1620 1696 1787 1751 opera
1824 1680 2093 1745 fodiebat,

2202 490 2485 561 σχόμενος.
2522 494 2663 545 Ἀλλ’
2699 492 2891 565 ῶσπερ
2926 496 3161 551 θανάτου
3206 499 3350 553 κατά
3386 501 3604 554 πάντων
3654 522 3789 575 προ-

2202 583 2520 652 ειρημένου,
2547 585 2691 637 οὕτω
2720 586 2952 656 ἔτρεμον
2984 589 3083 652 τὰς
3123 591 3368 660 Ἐριννῦς
3413 594 3630 657 ἐκείνας
3672 597 3791 648 ἐπι-

2197 674 2356 726 όντας
2413 673 2670 741 ὁρῶντες.
2726 677 2788 727 Ol
2848 678 2946 744 μὲν
3008 680 3103 731 καὶ
3153 680 3324 750 μόνην
3358 681 3456 752 τὴν
3517 684 3643 751 ὄψιν
3690 689 3790 740 οὑκ

2200 764 2550 831 ἐνεγκόντες*
2585 768 2634 817 οί
2684 767 2738 819 δὲ
2785 771 2924 835 σφᾶς
2974 771 3173 832 αὐτοὺς
3235 772 3341 825 ὑπὸ
3382 774 3482 836 τὰς
3524 776 3632 827 τῶν
3677 792 3794 841 γει-

2199 858 2371 907 τόνων
2414 855 2686 925 ἔκρυπτον
2738 859 2949 920 κλίνας.
2987 863 3050 912 Οἱ
3082 862 3127 913 δ’
3171 862 3417 933 ὑπῄεσαν
3464 866 3711 935 φρέατα·
3742 870 3792 920 οί

2198 946 2276 1012 δὲ,
2341 948 2449 1001 τῶν
2522 949 2722 1018 βωμῶν
2796 952 3070 1020 ἐχόμενοι,
3118 954 3242 1006 οὐδὲ
3291 955 3384 1007 τὸν
3436 956 3600 1010 τόπον
3638 958 3793 1027 εὕρι-

2202 1054 2330 1091 σκον
2388 1041 2727 1110 ἀφαιροῦντα
2759 1060 2811 1095 τι
2844 1042 2939 1096 τοῦ
2984 1044 3159 1108 δέους.
3212 1048 3336 1099 Εἰσὶ
3369 1047 3415 1100 δ’
3490 1052 3540 1101 ot
3594 1050 3791 1121 δυσχε-

2201 1130 2481 1199 ραίνοντες
2512 1130 2589 1199 τῷ
2626 1132 2700 1201 μὴ
2739 1132 2912 1186 πάλαι
2942 1135 3218 1198 τεθνάναι,
3272 1137 3370 1199 τὰς
3407 1137 3579 1206 θήκας
3620 1142 3788 1212 ἀναῤ-

2202 1221 2523 1290 ῥηγνύντες,
2553 1226 2648 1275 καὶ
2695 1223 2823 1286 τοὺς
2867 1226 3096 1295 νεκροὺς
3153 1227 3430 1293 ὑπιόντες,
3485 1230 3565 1283 ἑτι.
3612 1248 3786 1300 σηπο-

2201 1312 2418 1382 μένους,
2484 1314 2581 1367 καὶ
2635 1314 2755 1384 μηδ’
2809 1316 2863 1367 εἴ
2919 1334 2998 1379 τις
3055 1321 3472 1388 προσεγγίσειεν
3525 1325 3787 1376 ἀναπνεῖν

2201 1403 2638 1475 συγχωροῦντας,
2655 1407 2762 1459 οὐδ’
2787 1408 2951 1461 αὑτοῦ
2970 1410 3097 1471 τοὺς
3122 1412 3518 1482 τυμϐωρύχους
3543 1416 3789 1479 ἐκείνους

2200 1490 2304 1547 οἷοί
2336 1514 2395 1549 τε
2448 1498 2699 1564 ἐγένοντο
2738 1499 3048 1569 διαδρᾶναι.
3082 1504 3191 1572 Βοὴ
3227 1504 3270 1556 δ’
3302 1505 3395 1558 ἐπὶ
3444 1508 3543 1570 τὰς
3587 1509 3786 1572 οίκίας,

2199 1590 2294 1640 καλ⁸
2327 1591 2355 1641 ὁ
2386 1590 2645 1644 σκάπτων
2681 1592 2810 1660 χθὲς
2852 1593 3065 1660 ὀϐολοῦ,
3104 1596 3346 1667 σήμερον
3380 1603 3790 1655 κατασκάπτων

2198 1678 2295 1749 τὴν
2350 1681 2510 1735 πόλιν
2555 1683 2841 1737 ἐπλούτει·
2899 1688 2993 1740 καὶ
3037 1689 3331 1753 πολυτελὲς
3372 1690 3434 1744 τὸ
3478 1692 3717 1759 δεῖπνον,
3745 1690 3790 1763 ᾧ

503 1773 670 1827 hodie
709 1770 1062 1825 suffodiendo
1115 1772 1400 1826 civitatem
1442 1788 1677 1842 eamque
1707 1789 1911 1828 eruens
1940 1773 2096 1832 dives

2201 1771 2467 1842 θεραπεία
2508 1774 2603 1827 τοῦ
2650 1775 2837 1844 δίψους
2905 1779 2961 1831 αί
3039 1781 3263 1851 κρῆναι.
3311 1784 3536 1847 Κτύπος
3588 1787 3645 1841 δὲ
3694 1743 3788 1841 καλ

502 1872 643 1918 erat.
706 1865 986 1931 Coenaque
1034 1862 1115 1916 illi
1176 1862 1426 1931 opipara,
1482 1862 1573 1916 cui
1639 1863 1788 1918 sitim
1838 1863 2099 1920 levabant

502 1955 685 2009 fontes
707 1970 772 2009 ac
801 1954 1024 2023 frigida.
1078 1954 1284 2023 Fragor
1308 1970 1476 2023 porro
1501 1970 1564 2009 ac
1587 1956 1788 2025 pulvis.
1826 1970 2097 2011 corruen-

506 2048 643 2101 tium
694 2047 886 2116 procul
923 2062 1207 2099 murorum
1240 2046 1449 2100 indicio
1472 2058 1649 2109 erant,
1691 2049 1991 2118 uxorisque
2033 2064 2099 2103 ac

506 2136 810 2190 liberorum
836 2135 940 2189 sub
972 2135 1040 2189 iis
1065 2134 1240 2188 ruinis
1274 2136 1625 2190 obrutorunt.
1654 2137 1755 2199 .lis
1775 2148 1963 2193 autem
2000 2137 2096 2207 qui

502 2226 832 2296 superstites
883 2235 1108 2291 essent,
1164 2225 1533 2280 aerumnosius
1566 2236 1688 2281 erat
1725 2228 1872 2297 quod
1904 2244 2093 2283 evase-

503 2327 647 2381 rant,
679 2332 819 2385 quos
856 2332 967 2370 non
1006 2316 1207 2370 lateret
1229 2317 1466 2370 salutem
1489 2316 1637 2371 haud
1669 2319 1774 2372 sibi
1806 2320 1922 2373 lore
1948 2320 2091 2388 peri-

505 2412 633 2465 culo
668 2418 841 2463 tutam
866 2427 878 2462 :
915 2409 981 2462 ad
1009 2409 1145 2463 alias
1174 2410 1322 2463 enim
1352 2410 1700 2465 ducebantur
1729 2413 2034 2482 angustias,
2060 2428 2091 2467 a

504 2504 707 2572 quibus
739 2500 915 2556 Croesi
944 2500 1192 2554 thesauri
1216 2501 1593 2571 exigerentur.
1630 2502 1743 2557 Nec
1770 2503 1967 2571 defuit,
2000 2504 2095 2559 ubi

503 2606 558 2648 et
593 2593 795 2662 puella,
828 2607 950 2662 qua:
984 2592 1040 2645 in
1071 2607 1234 2646 omne
1269 2601 1489 2663 tempus
1532 2595 1779 2648 virorum
1816 2596 2096 2667 inaspecta

504 2686 681 2740 oculis
707 2684 959 2737 instituta
986 2692 1154 2749 esset,
1194 2683 1251 2737 in
1284 2684 1419 2754 ipsis
1448 2688 1776 2741 verberibus
1810 2687 2093 2743 denudata

504 2777 790 2831 occiderit.
840 2775 883 2830 Ο
940 2775 1236 2840 insaniam,
1298 2793 1421 2846 quae
1458 2794 1562 2833 nec
1592 2780 1846 2834 homines
1885 2781 2097 2851 liquido

2201 1864 2504 1935 κονιορτὸς,
2529 1868 2945 1922 καταπίπτοντα
2976 1872 3264 1943 πόρρωθεν
3292 1874 3485 1944 ἐδήλου
3513 1875 3581 1928 τὰ
3607 1877 3781 1947 τείχη,

2202 1959 2297 2012 καὶ
2344 1961 2604 2028 γυναικὸς
2656 1963 2753 2016 καὶ
2792 1964 3000 2019 παίδων
3039 1966 3204 2020 αὑτοῦ
3258 1972 3783 2040 καταχωννυμένων.

2201 2051 2325 2115 Τοῖς
2357 2052 2414 2105 δέ
2460 2056 2901 2125 περιγινομένοις
2940 2058 3321 2129 ἀλγεινότερον
3374 2063 3435 2115 τὸ
3481 2064 3786 2134 διαφυγεῖν,

2202 2145 2400 2198 εἰδόσιν
2429 2146 2532 2200 οὑκ
2553 2148 2837 2203 ἀκίνδυνον
2860 2150 3042 2213 αὐτοῖς
3074 2153 3341 2223 ἐσομένην
3367 2154 3464 2226 τὴν
3489 2159 3787 2227 σωτηρίανο

2203 2238 2403 2307 ἤγοντο
2438 2238 2546 2308 γὰρ
2581 2240 2718 2309 πρὸς
2771 2242 3030 2313 δευτέρας
3065 2245 3331 2314 ἀνάγκας,
3370 2250 3497 2312 τοὺς
3551 2251 3789 2321 Κροίσου

2203 2328 2519 2399 θησαυροὺς
2560 2333 2975 2403 ἀπαιτούμενοι.
3021 2336 3131 2390 Καί
3170 2346 3275 2391 που
3322 2339 3418 2392 καὶ
3467 2339 3638 2409 κόρη,
3694 2343 3788 2394 τὸν

2203 2420 2423 2474 ἅπαντα
2472 2422 2536 2491 δὴ
2568 2426 2760 2493 χρόνον
2797 2425 3112 2496 ὀφθαλμοὺς
3152 2428 3363 2499 ἀνδρῶν
3408 2428 3693 2502 διαδρᾶσα,
3730 2435 3789 2486 ἐν

2202 2512 2397 2575 αὑταῖς
2457 2516 2579 2577 ταῖς
2634 2515 2888 2584 μάστιξιν
2945 2518 3267 2590 ἐτελεύτησε
3312 2523 3689 2590 γυμνωθεῖσα.
3724 2526 3791 2578 Ὤ

2206 2604 2427 2672 μανίας,
2465 2605 2589 2675 μηδ’
2611 2607 2939 2677 ἀνθρώπους
2969 2611 3229 2683 καθαρῶς
3258 2617 3653 2687 συγχωρούσης
3684 2636 3787 2671 κα-

2203 2695 2414 2750 λεῖσθαι
2443 2700 2570 2761 τοὺς
2611 2699 2787 2754 ταῦτα
2816 2703 3224 2774 τετολμηκότας
3248 2708 3261 2761 !
3295 2709 3359 2760 Ὢ
3388 2707 3476 2763 οἷα
3513 2712 3609 2780 μὲν
3632 2711 3791 2781 ἐδρα-

2208 2805 2329 2853 σαν,
2361 2785 2450 2842 οἶα
2478 2791 2537 2844 δέ
2567 2792 2868 2863 ἐπέθηκανί

506 2870 733 2925 vocitari
770 2869 935 2933 sinat,
968 2868 1169 2938 quibus
1193 2872 1332 2925 tanti
1356 2871 1472 2927 hac
1501 2874 1731 2929 sceleris
1756 2886 2091 2946 praesumpta
2128 2878 2278 2935 sint!
2343 2881 2387 2937 0
2422 2885 2607 2953 qualia
2639 2888 2747 2941 illis
2787 2889 3071 2960 designata
3099 2890 3370 2960 facinora,
3432 2894 3635 2964 quibus
3694 2912 3787 2952 sn-

505 2976 695 3036 perata
724 2966 996 3020 cumulis!

576 3064 630 3115 7.
673 3063 896 3116 Illorum
931 3063 1117 3132 itaque
1149 3072 1269 3117 erat
1311 3063 1666 3133 superiorum
1706 3067 1975 3121 malorum
1998 3084 2096 3124 cu-

2274 3071 2338 3136 ζ’.
2385 3071 2643 3125 Ἐκείνων
2668 3073 2757 3145 ἄρ’
2795 3069 2885 3144 ἦν,
2920 3077 3035 3140 τοῖς
3067 3077 3307 3146 φθάσασι
3335 3083 3525 3143 κακοῖς
3556 3080 3784 3136 τοιαῦτα

506 3152 677 3215 mulo,
714 3158 878 3205 tanta:
906 3167 995 3205 res
1030 3151 1333 3220 impietatis
1379 3153 1724 3217 adinvenire,
1754 3156 2092 3226 secutisque,

503 3257 696 3296 corum
742 3257 864 3311 quae
913 3241 1033 3295 dira
1079 3242 1426 3311 praeivissent
1476 3243 1876 3298 immanitatem
1942 3248 2098 3301 obte-

504 3350 657 3405 gere.
720 3336 894 3401 Quam
944 3336 1069 3405 quis
1121 3351 1152 3389 a
1203 3335 1342 3389 viris
1385 3338 1775 3405 prmstantibus
1832 3342 2097 3409 majorem

505 3428 863 3497 exquisiisset
913 3443 1156 3497 pmnam,
1210 3445 1373 3498 quam
1406 3440 1464 3484 ut
1503 3446 1723 3487 carcere
1752 3441 2095 3499 tenerentur,

507 3519 794 3589 virgisque
828 3518 1350 3585 dehonestarentur,
1380 3537 1444 3576 ac
1478 3523 1672 3587 vincti,
1717 3524 2096 3579 maleficorum

511 3625 665 3663 more
720 3610 1013 3663 sederent?
1063 3608 1197 3676 Quis
1253 3613 1456 3666 talibus
1498 3616 1837 3685 mancipatos
1878 3617 2093 3683 videns,

513 3718 623 3755 non
663 3701 874 3757 fractus
904 3704 1089 3757 animo
1118 3719 1183 3759 ac
1218 3706 1524 3772 emollitus,
1560 3708 1903 3779 fortunaeque
1926 3712 2093 3766 vicis-

519 3791 797 3847 situdines
834 3795 1142 3861 reveritus,
1196 3796 1284 3851 his
1334 3813 1511 3867 poena:
1557 3800 1719 3855 finem
1780 3802 2098 3857 statuisset?

511 3882 667 3937 Haud
724 3883 1010 3939 enimvero
1072 3885 1288 3955 impura
1348 3890 1854 3961 scclcstissimaque
1913 3893 2097 3962 capita

512 3975 629 4028 haec
668 3975 800 4030 satis
826 3976 1107 4044 habuere;
1145 3981 1238 4033 sed
1284 3981 1390 4036 nisi
1434 3982 1660 4036 immani
1708 3984 1943 4053 quadam
1983 3993 2095 4039 tra-

512 4066 695 4136 goedia
728 4066 950 4138 flagitiis
1002 4068 1211 4137 addita,
1244 4073 1383 4126 nihil
1413 4074 1519 4129 sibi
1548 4075 1682 4130 satis
1735 4091 1856 4131 esse
1923 4076 2095 4132 duce-

512 4159 666 4213 bant.
692 4159 901 4230 Nempe
944 4161 1125 4217 nudos
1162 4163 1217 4217 in
1245 4164 1480 4221 indusiis
1535 4167 1868 4231 educebant,
1901 4185 1966 4224 ac
1997 4169 2093 4239 qui

512 4247 714 4318 sapius
748 4266 851 4325 pro
884 4251 1104 4306 illorum
1133 4268 1197 4308 ac
1234 4255 1474 4311 civitatis
1506 4257 1766 4313 libertate
1816 4260 2096 4329 perfuncti

512 4342 818 4397 certamine
844 4354 1020 4408 erant,
1044 4345 1271 4401 funibus
1298 4364 1327 4401 a
1355 4349 1669 4405 cervicibus
1692 4353 2095 4424 mancipiorum

2201 3163 2593 3234 προσεξευρεῖν
2636 3166 3064 3236 δυσσεϐήματα·
3099 3173 3193 3223 καὶ
3232 3174 3347 3233 τοῖς
3395 3173 3642 3242 ὑστέροις
3687 3176 3787 3237 τὰς

2198 3256 2307 3309 τῶν
2340 3256 2621 3325 προτέρων
2672 3257 2863 3309 δεινῶν
2917 3259 3225 3330 ὑπερϐολὰς
3274 3262 3613 3334 ἀποκρύψαι.
3654 3266 3787 3317 Τίνα

2198 3345 2263 3400 ἄν
2284 3362 2369 3408 τις
2408 3346 2529 3398 κατ’
2554 3346 2767 3417 ἀνδρῶν
2812 3347 2957 3401 οὕτω
3010 3350 3262 3419 μεγάλων
3309 3353 3485 3422 μείζω
3518 3356 3790 3425 τιμωρίαν

2198 3432 2488 3506 ἐζήτησεν,
2518 3436 2749 3508 εἱρκτῆς
2783 3440 2883 3492 καὶ
2916 3440 3167 3509 πληγῶν,
3198 3443 3294 3496 καὶ
3338 3444 3438 3497 τοῦ
3466 3445 3787 3515 δεδεμένους

2199 3528 2389 3599 ὥσπερ
2411 3529 2538 3593 τοὺς
2569 3530 2930 3601 κακούργους,
2965 3532 3237 3604 καθῆσθαι
3263 3552 3278 3599 ;
3311 3536 3407 3599 Τίς
3430 3536 3654 3589 τοιαῦτα
3692 3555 3788 3590 πε-

2200 3620 2471 3685 πονθότας
2501 3622 2745 3683 ἐκείνους
2786 3623 2953 3692 ὀρῶν,
2986 3625 3086 3679 οὐκ
3117 3626 3182 3680 ἀν
3227 3626 3327 3696 τὴν
3374 3628 3554 3697 ψυχὴν
3580 3628 3785 3697 ἐδαμάε

2202 3710 2326 3783 σθη,
2355 3714 2452 3764 καὶ
2483 3712 2749 3783 λογισμὸν
2782 3713 2933 3785 ἔσχε,
2968 3718 3065 3771 καὶ
3096 3718 3196 3781 τὰς
3223 3719 3435 3788 τροπὰς
3474 3722 3576 3788 τῆς
3611 3722 3785 3791 τύχης

2199 3803 2546 3870 εὐλαϐηθεὶς,
2571 3803 2655 3875 [Ρ.
2682 3804 2813 3877 590]
2844 3806 3056 3871 τούτοις
3080 3809 3179 3877 τὴν
3213 3812 3482 3883 τιμωρίαν
3510 3813 3782 3882 ὠρίσατο;

2210 3894 2351 3948 Ἀλλ’
2382 3896 2443 3948 οὑ
2474 3896 2567 3948 καὶ
2590 3898 2702 3958 τοῖς
2726 3901 2945 3969 μιαροῖς
2970 3901 3202 3966 ἐκείνοις
3229 3902 3402 3957 ταῦτα
3432 3905 3749 3977 ἀπέχρησεν
3770 3923 3784 3937 ⁸

2199 3987 2312 4040 ἀλλ’
2337 3988 2385 4039 εί
2420 3990 2494 4059 μή
2526 4005 2651 4043 τινα
2675 3993 2799 4054 ταῖς
2829 3993 3121 4063 πονηρίαις
3159 3995 3448 4067 προσθεῖεν
3479 4000 3789 4070 τραγῳδίαν

2198 4078 2590 4150 ἀπάνθρωπον,
2630 4082 2785 4137 οὐδὲν
2833 4085 3083 4160 ἐνόμιζον
3112 4087 3387 4158 ἐξαρκεῖν.
3425 4090 3651 4161 Ἐξῆγον
3687 4093 3786 4162 μὲν

2199 4171 2263 4241 δὴ
2302 4173 2543 4241 γυμνοὺς
2574 4174 2633 4225 ἐν
2675 4176 2790 4239 τοῖς
2828 4178 3197 4244 χιτωνίσκοις,
3233 4182 3327 4233 καλ¹
3359 4183 3488 4245 τοὺς
3518 4183 3657 4253 ὑπὲρ
3685 4184 3785 4251 τῆς

2202 4265 2516 4336 ἐλευθερίας
2545 4266 2728 4319 αὐτῶν
2760 4285 2819 4320 τε
2842 4268 2936 4321 καὶ
2965 4270 3065 4337 τῆς
3105 4272 3315 4336 πόλεως
3342 4275 3601 4340 πολλάκις
3638 4278 3785 4345 ἡγω-

2199 4358 2511 4426 νισμένους,
2539 4354 2723 4411 εἷλκον
2747 4360 2857 4414 ἀπὸ
2886 4361 2994 4414 τῶν
3030 4362 3300 4434 αὐχένων,
3353 4363 3443 4422 οἷα
3461 4369 3528 4422 τὰ
3549 4368 3659 4422 τῶν
3689 4371 3787 4423 ἀν-

513 4448 667 4489 morc
699 4434 1011 4489 trahebant.
1044 4435 1147 4489 Hic
1179 4454 1370 4493 servus
1394 4441 1591 4495 herum
1617 4444 1913 4511 trudebat;
1945 4462 2095 4501 man-

2201 4447 2500 4520 δραπόδων,
2533 4449 2809 4520 σχοινίοις.
2858 4452 3125 4509 Ἐνταῦθα
3168 4457 3359 4524 δοῦλος
3421 4460 3522 4530 μὲν
3558 4450 3657 4516 τὸν
3700 4464 3789 4518 δε-

515 4526 746 4596 cipium,
790 4542 821 4581 a
871 4544 981 4598 quo
1037 4531 1218 4601 pretio
1276 4533 1595 4605 redemptus
1640 4546 1795 4591 erat:
1833 4541 2094 4606 rusticus,

518 4619 807 4674 ductorem
847 4622 1127 4678 exercitus
1153 4641 1166 4691 ;
1198 4626 1452 4693 militem,
1479 4627 1644 4683 homo
1691 4631 1968 4699 agricola;
1998 4647 2097 4686 cu-

510 4711 602 4780 jus
623 4710 823 4778 opibus
855 4712 1015 4765 multi
1038 4715 1272 4782 patriam
1300 4717 1545 4788 adjutam
1574 4730 1868 4787 noverant,
1892 4737 2100 4792 egenus

516 4800 741 4870 otioque
776 4802 1081 4870 maleficus,
1117 4806 1526 4880 ducebantque,
1556 4827 1666 4881 quo
1698 4828 1795 4870 eos
1844 4814 1967 4869 loco
1998 4830 2098 4869 ne-

517 4908 610 4948 ces
637 4895 953 4949 manebant.

585 5068 638 5123 8.
672 5068 716 5125 0
747 5069 1050 5137 civitatem,
1103 5073 1161 5127 in
1195 5089 1304 5143 qua
1334 5076 1542 5133 invidis
1590 5078 1931 5140 daemonibus
1963 5087 2098 5142 tales

516 5168 645 5216 sunt
694 5161 859 5217 editae
888 5164 1139 5221 choreaal
1198 5166 1242 5223 Ο
1307 5184 1515 5235 muros,
1573 5174 1764 5242 quales
1802 5178 2100 5234 exstinctas

515 5253 844 5323 suscepistis
880 5259 1099 5311 turres!
1153 5257 1196 5313 Ο
1230 5261 1377 5314 muri
1413 5263 1703 5332 ambitum,
1746 5280 2095 5342 septumque,

515 5359 585 5399 ex
607 5360 717 5415 quo
746 5347 825 5400 illi
861 5349 1064 5418 saepius
1087 5350 1287 5421 fugatis
1320 5353 1591 5421 hostibus,
1618 5360 1906 5417 acerbiora
1935 5380 2100 5433 quam

516 5452 617 5506 pro
646 5439 919 5495 victorum
952 5444 1165 5498 ratione
1216 5447 1531 5504 sustinuere
1581 5454 1760 5507 malai
1802 5455 2009 5526 Nempe
2044 5459 2099 5512 in

519 5546 729 5595 muros,
761 5533 964 5588 vinctis
989 5536 1266 5603 manibus,
1303 5540 1681 5598 maleficorum
1714 5562 1890 5613 more,
1941 5548 2099 5603 nefa-

520 5622 591 5676 rii
621 5622 936 5693 ducebant;
961 5634 1194 5682 mortem
1222 5632 1336 5701 jam
1369 5649 1399 5687 e
1433 5635 1614 5692 vicino
1644 5640 1957 5694 venientem
1983 5658 2102 5696 cer-

524 5717 718 5769 nentes
765 5717 976 5785 miseri,
1012 5721 1212 5779 animis
1254 5723 1599 5797 fugitabant:
1635 5746 1699 5785 ac
1748 5732 1825 5786 illi
1875 5735 2097 5804 quidem

2202 4539 2406 4608 σπότην
2429 4538 2560 4593 ὤθει
2591 4556 2605 4570 ·
2644 4540 2734 4593 τὸν
2761 4542 2818 4596 δὲ
2841 4544 3166 4616 πριάμενον,
3195 4550 3256 4602 τὸ
3302 4552 3638 4622 ἀνδράποδον
3657 4570 3673 4584 ⁶
3698 4556 3792 4608 τὸν

2200 4630 2257 4683 δὲ
2286 4633 2612 4701 στρατηγὸν,
2677 4635 2705 4687 ὁ
2761 4637 3021 4707 ἀγροῖκος
3048 4654 3063 4669 ⁸
3094 4644 3189 4694 καὶ
3225 4642 3320 4695 τὸν
3359 4645 3699 4716 στρατιώτην
3719 4689 3733 4712 ,
3764 4650 3794 4701 ὁ

2201 4723 2447 4793 γεωργός
2472 4740 2485 4753 ·
2589 4726 2633 4779 δ’
2662 4728 2728 4780 ἐκ
2756 4729 2869 4783 τῶν
2919 4731 3090 4785 ὄντων
3131 4734 3317 4786 πολλοὶ
3345 4734 3644 4802 συνῄδεσαν
3690 4739 3792 4805 τὴν

2201 4814 2433 4883 πατρίδα
2462 4815 2796 4888 ὠφεληκότι,
2854 4823 2882 4876 ὁ
2928 4824 3147 4895 ἄπορος.
3172 4826 3267 4878 καὶ
3316 4826 3644 4893 κακουργῶν
3699 4827 3789 4880 διὰ

2202 4907 2527 4979 τῆςάργίας,
2563 4912 2656 4965 καὶ
2694 4914 2931 4984 ἀπῆγον,
2960 4911 3023 4969 οὗ
3056 4916 3378 4984 γενομένους
3403 4916 3786 4983 ἐδειδέξασθαι

2198 5001 2300 5069 τὴν
2328 5004 2563 5073 σφαγήν.

2272 5092 2342 5159 η’.
2393 5096 2457 5146 Ὢ
2483 5096 2716 5162 πόλεως,
2751 5098 2808 5149 ἐν
2902 5099 3120 5169 δαίμοσι
3140 5100 3422 5172 φθονεροις
3455 5119 3525 5158 τα
3559 5122 3787 5161 τοιαυτα

2204 5184 2521 5254 ἐχόρευσανε
2561 5188 2623 5238 Ὢ
2648 5189 3027 5257 τειχῶν,οῖους
3058 5192 3506 5264 ἀποθνήσκοντας
3531 5198 3786 5267 ἐδέξασθε

2204 5275 2469 5345 πύργουςί
2504 5279 2567 5330 Ὢ
2597 5281 2909 5349 περιϐόλου,
2944 5284 3036 5354 ἀφ’
3058 5277 3119 5338 οῦ
3154 5285 3417 5352 πολλάκις
3442 5291 3641 5345 ἐκεῖνοι
3662 5310 3782 5364 τρε·

2201 5371 2433 5442 φάμενοι
2463 5391 2589 5437 τους
2624 5377 2876 5448 εχθροὺς.
2916 5381 3057 5451 μετὰ
3079 5383 3180 5446 τὰς
3229 5385 3385 5449 νίκας
3433 5384 3636 5440 ἔπαθον
3678 5388 3785 5439 τῶν

2203 5468 2522 5538 ἡττημένων
2555 5474 2858 5545 πικρότερα
2887 5478 2899 5530 !
2929 5479 2992 5529 Οί
3027 5480 3125 5549 μὲν
3154 5480 3361 5552 ἀνῆγον
3391 5483 3484 5535 ἐπὶ
3513 5485 3581 5537 τὰ
3605 5483 3782 5553 τείχη,

2202 5561 2292 5612 τὸν
2334 5562 2445 5616 τῶν
2512 5566 2840 5637 κακούργων
2889 5571 3112 5640 τρόπον,
3144 5574 3461 5645 δεδεμένους
3485 5575 3561 5629 τὼ
3592 5578 3741 5646 χεῖρε
3766 5591 3784 5609 ⁸

2203 5654 2252 5706 οί
2274 5653 2317 5706 δ’
2348 5658 2743 5727 ἀνεστρέφοντο
2792 5662 2891 5724 τὰς
2938 5663 3135 5735 ψυχὰς,
3190 5668 3287 5738 τὴν
3317 5668 3573 5740 τελευτὴν
3603 5670 3697 5721 καὶ
3722 5669 3785 5741 δὴ

2205 5749 2545 5816 προσιοῦσαν
2571 5753 2809 5823 ὁρῶντες
2829 5772 2840 5785 ·
2891 5760 2985 5811 καὶ
3032 5760 3080 5812 οί
3122 5760 3240 5829 μὲν,
3276 5761 3501 5833 ἤπειγον
3529 5761 3653 5823 τοὺς
3682 5761 3787 5815 ὑπὸ
