4094 6438
366 330 465 391 ῦῦι

1432 321 1809 399 ῐὶΕΜΕΤΒοΗ
1853 319 2162 380 CYDONII
2204 317 2576 379 MONODIA.

3540 328 3647 391 652

367 445 470 503 ria,
506 443 643 494 mala
682 438 927 501 Lemnia,
962 449 1025 488 ac
1067 429 1336 500 quidquid
1373 430 1643 483 hactenus
1663 427 1950 480 calamita-

2062 427 2122 477 "tt
2149 426 2247 495 τῆς
2278 428 2447 495 αὐτῆς
2500 406 2671 495 ὑήκης
2710 445 2766 479 τε
2810 428 2945 497 ὁμοῦ
2981 432 3071 482 καὶ
3120 432 3370 503 πατρίδος
3403 436 3414 487 ί
3442 438 3505 487 Ὢ
3546 438 3649 506 τῆς

368 543 485 587 tum
529 530 732 585 celebri
769 529 909 581 fama
953 523 1293 595 percrebuit.
1351 521 1395 575 0
1425 520 1616 574 eadem
1665 529 1722 574 et
1762 517 1951 589 sepul-

368 638 522 677 crum
556 622 720 676 simul
749 630 805 675 et
835 616 1047 688 patrial
1089 614 1133 669 0
1172 629 1295 683 quae
1337 614 1502 668 simul
1543 613 1721 668 edidit
1764 627 1827 667 ac
1856 612 1954 665 ab-

369 715 584 767 sorbuit
617 714 767 767 velut
812 711 869 763 in
924 708 1165 778 procella
1220 705 1414 759 marisl
1472 705 1517 759 0
1563 705 1683 759 falsi
1714 705 1956 758 nominis

369 809 566 876 patria,
600 805 750 859 omni
795 816 1015 873 quoque
1051 800 1228 870 Scylla
1269 799 1511 865 inﬁdior,
1555 799 1608 851 in
1652 812 1770 861 eos,
1814 812 1957 868 quos

369 897 627 951 educavit
653 912 717 950 ac
749 894 1013 949 sustulit!
1049 891 1093 945 0
1117 892 1320 945 civium
1345 905 1600 945 cruorem
1634 891 1715 944 sic
1749 890 1955 960 injuste

366 990 425 1041 in
463 989 636 1057 patria
676 986 950 1040 effusum!
1006 982 1051 1037 0
1091 983 1369 1036 civitatem
1401 980 1551 1034 omni
1587 980 1750 1051 Styge
1796 995 1953 1034 acer-

370 1082 611 1136 biorem!
672 1078 715 1133 0
744 1075 1021 1147 quomodo
1065 1090 1187 1145 quae
1231 1074 1299 1127 de
1331 1073 1455 1127 aliis
1496 1087 1687 1141 poenas
1732 1084 1955 1127 sumere

370 1174 686 1237 videbatur,
727 1173 843 1240 ipsa
891 1180 1102 1233 contra,
1133 1182 1326 1220 eorum
1374 1181 1497 1236 quae
1531 1166 1721 1234 gessit.
1765 1180 1956 1235 pinnas

373 1265 549 1329 dabit,
581 1280 666 1329 ac,
699 1262 847 1332 quod
870 1272 953 1315 est
986 1258 1402 1321 insanientium,
1435 1256 1536 1326 ipsi
1569 1257 1811 1321 eveniet,
1836 1256 1953 1325 qui,

373 1360 503 1413 dum
532 1357 669 1411 alios
696 1353 959 1423 cogitant,
1009 1366 1138 1403 suas
1177 1349 1279 1418 ipsi
1309 1347 1553 1402 exedunt
1582 1348 1812 1401 carnes!
1850 1346 1957 1401 Ce-

373 1450 506 1505 cidit
557 1447 743 1510 miles;
810 1443 980 1514 periit
1027 1442 1121 1511 qui
1165 1439 1492 1494 invadentes
1532 1439 1723 1492 hostes
1766 1452 1956 1492 arcere

372 1548 589 1609 posset;
640 1551 742 1590 nec
790 1533 883 1604 qui
929 1532 1081 1587 utilis
1110 1532 1317 1600 aliquid
1361 1530 1577 1585 consilii
1610 1529 1841 1584 daturus
1862 1528 1953 1594 sit,

372 1633 516 1687 ullus
564 1639 672 1683 est.
718 1629 795 1682 Ac
836 1641 984 1680 nunc
1042 1624 1232 1677 hostes
1272 1622 1533 1691 ingruont
1562 1659 1575 1682 ,
1632 1621 1840 1690 quique
1900 1619 1955 1673 in

372 1723 511 1776 urbe
545 1728 733 1789 agunt,
772 1726 827 1771 et
865 1716 1135 1769 adversus
1163 1713 1313 1766 cives
1344 1710 1688 1780 tribulesque
1717 1710 1958 1764 audaces

2058 519 2229 584 αὐτῆς
2258 518 2513 589 δειξάσης
2564 536 2625 573 τε
2656 520 2792 582 ὁμοῦ
2828 524 2921 574 καὶ
2961 524 3337 594 καταπιούσης
3369 526 3560 598 ὥσπερ
3589 533 3649 583 ὲν

2058 606 2290 659 κλύδωνι
2316 608 2328 660 !
2359 608 2421 660 ’Ὠ
2456 608 2737 679 πατρίδος,
2764 608 3003 681 τοῦνομα
3034 611 3404 684 ψευσαμένης,
3444 619 3523 680 είς
3553 618 3649 683 οὓς

2056 696 2100 748 δ’
2133 696 2426 766 ἐθρέψατο,
2456 698 2551 751 καὶ
2580 698 2825 770 Σκύλλης
2855 699 3039 771 πάσης
3068 702 3399 775 ἀπιστοτέρα
3420 707 3433 759 !
3458 707 3522 759 Ὢ
3551 725 3651 762 πο-

2057 788 2222 841 λιτῶν
2249 790 2506 860 αἵματος,
2527 789 2701 855 οὕτως
2727 792 2931 856 ἀδίκως
2951 795 3011 847 έν
3042 797 3107 867 τῇ
3133 796 3355 868 πατρίδι
3386 799 3604 869 ῥυέντος
3628 803 3643 856 2

2062 880 2126 931 Ὢ
2154 880 2363 944 πόλεως
2407 882 2590 953 πάσης
2634 884 2840 953 Στυγὸς
2877 886 3232 957 πικροτέρας.
3270 889 3335 941 Ὢ
3379 888 3498 954 πῶς
3544 892 3647 961 μὲν

2059 972 2197 1042 αὐτὴ
2246 972 2499 1037 κολάζειν
2546 974 2742 1040 ἄλλους
2769 976 2968 1041 ἐδόκει,
2997 978 3161 1032 πάλιν
3211 979 3271 1032 δὲ
3316 980 3445 1050 παρ’
3473 983 3646 1053 αὐτῆς

2058 1067 2156 1137 τὴν
2184 1065 2346 1136 δίκην
2382 1059 2457 1119 ὧν
2490 1065 2715 1137 ἔδρασεν
2745 1067 2998 1139 λήψεται,
3030 1073 3124 1123 καὶ
3156 1072 3408 1128 πείσεται
3441 1076 3511 1128 τὰ
3534 1076 3645 1130 τῶν

2063 1160 2431 1229 μαινομένων,
2462 1160 2511 1215 οἳ
2556 1163 2698 1228 σφᾶς
2728 1164 2926 1228 αὐτοὺς
2958 1167 3361 1232 κατεσθίοντες,
3398 1172 3646 1227 δοκοῦσιν

2060 1250 2280 1320 ἑτέρους
2316 1253 2328 1304 !
2363 1253 2629 1306 Πέπτωκε
2666 1255 2764 1323 μὲν
2796 1258 2823 1308 ὁ
2851 1256 3211 1329 στρατιώτης,
3248 1261 3497 1316 ἀπώλετο
3533 1264 3590 1317 δὲ
3620 1266 3649 1316 ὁ

2061 1345 2388 1413 προσιόντας
2426 1347 2553 1409 τοὺς
2594 1346 2887 1417 πολεμίους
2917 1350 3126 1419 εἵργειν
3161 1348 3488 1423 δυ’νάμενος·
3525 1344 3555 1408 δ
3592 1357 3647 1409 δὲ

2062 1434 2484 1506 βουλευσόμενος
2513 1439 2541 1490 ὅ
2574 1455 2627 1490 τι
2651 1441 2758 1511 χρὴ
2777 1440 3063 1511 δρᾷν,ούδὲ
3083 1439 3189 1505 εἷς.
3208 1446 3315 1498 Καὶ
3345 1447 3438 1499 νῦν
3480 1464 3648 1518 προσ-

2059 1527 2309 1581 ελάσουσι
2344 1530 2444 1599 μὲν
2472 1530 2525 1583 οἱ
2556 1531 2835 1601 πολέμιοι·
2866 1535 2915 1586 οἱ
2942 1534 2999 1587 δὲ
3029 1538 3086 1586 ὲν
3118 1535 3203 1607 [Ρ.
3223 1534 3352 1609 592]
3378 1541 3442 1609 τῇ
3469 1538 3644 1603 πόλει,

2061 1620 2157 1671 καὶ
2195 1620 2340 1674 κατά
2384 1620 2494 1673 τῶν
2541 1622 2834 1691 ὁμοφύλων
2865 1623 3110 1693 Ορασεῖς,
3157 1627 3434 1697 φρίξουσι,
3474 1630 3647 1700 arpi-

2060 1728 2239 1782 τευμα
2274 1712 2384 1780 πρὸ
2427 1712 2536 1765 τῶν
2573 1713 2759 1767 πυλῶν
2796 1717 3114 1787 ἀστράπτον
3146 1718 3408 1788 ὁρῶντες.
3452 1721 3564 1773 Καὶ
3597 1722 3647 1773 oi

368 1826 499 1871 sunt
523 1831 588 1870 ac
612 1812 961 1884 praaferoces,
987 1810 1409 1868 exhorrescent,
1436 1806 1532 1875 qui
1563 1804 1870 1859 exercitum
1903 1804 1956 1857 in

2067 1807 2166 1873 μὲν
2221 1807 2614 1876 ἐπιθήσονται·
2646 1810 2695 1861 oi
2721 1809 2778 1861 δὲ
2827 1810 2923 1879 οὐχ
2953 1811 3300 1865 ὑποίσουσινο
3334 1814 3368 1883 ή
3401 1813 3456 1865 δὲ
3490 1816 3648 1878 πόλις

369 1908 539 1963 armis
566 1907 859 1959 micantem
894 1918 992 1971 pro
1024 1899 1198 1970 portis
1236 1898 1480 1952 videant.
1523 1895 1591 1950 Et
1620 1896 1697 1951 illi
1735 1896 1958 1964 quidem

366 1997 787 2069 impressionem
819 1994 1042 2057 facient,
1065 1990 1120 2044 hi
1160 2001 1345 2046 autem
1388 1989 1653 2058 impetum
1687 2003 1796 2041 non
1829 2003 1956 2041 sus-

369 2086 655 2141 tinebunt:
684 2084 816 2137 urbs
882 2096 1016 2136 vero
1048 2095 1241 2134 eorum
1271 2080 1398 2143 erit,
1425 2077 1518 2148 qui
1548 2078 1955 2147 praevalebunt:

368 2192 432 2230 ac
463 2185 594 2229 tunc
616 2189 681 2228 ex
712 2179 915 2227 eventu
940 2172 1175 2241 ipsoque
1199 2170 1448 2239 periculo
1477 2183 1699 2223 sensum
1728 2167 1955 2231 facient,

366 2284 560 2323 eorum
597 2281 719 2337 qua
751 2272 1062 2336 gesserunt.
1112 2264 1229 2317 Hoc
1258 2263 1520 2317 nimirum
1554 2261 1657 2315 sibi
1693 2260 1952 2316 volebant

368 2360 605 2415 insolitae
627 2358 818 2421 stellae,
848 2364 1215 2419 terrtemotus,
1244 2355 1636 2423 vibrantesque
1657 2368 1722 2407 ac
1750 2352 1953 2407 salien-

370 2466 454 2511 tes
504 2450 746 2506 interdiu
794 2448 966 2504 veluti
1016 2447 1216 2502 sublati
1268 2446 1422 2516 ignes
1471 2446 1718 2498 omnium
1779 2446 1956 2499 oculis

2064 1896 2220 1949 ἔσται
2248 1897 2360 1950 τῶν
2389 1899 2683 1968 ίσχυόντων
2701 1916 2715 1931 ο
2740 1902 2836 1954 καὶ
2865 1903 2988 1955 τότε
3018 1903 3053 1957 ἀ
3079 1904 3430 1975 δεδράκασιν,
3458 1906 3649 1976 αίσθή-

2065 2005 2249 2041 count
2281 1990 2609 2060 πάσχοντες.
2649 1992 2809 2046 Τοῦτ’
2842 1988 2908 2063 ἦν
2943 1993 3055 2063 ἄρα
3086 1995 3279 2064 ἀήθεις
3304 2012 3363 2048 τε
3394 1997 3647 2067 ἀστέρες,

2062 2077 2158 2130 καὶ
2191 2083 2407 2148 σεισμοὶ
2438 2083 2562 2150 γῆς,
2600 2082 2695 2134 καὶ
2723 2081 3027 2146 διάττοντες
3055 2084 3268 2155 ἡμέρας
3294 2085 3486 2156 ὥσπερ
3511 2102 3651 2157 φρυ-

2063 2171 2183 2222 κτοὶ
2232 2173 2397 2223 πᾶσιν
2428 2172 2716 2243 ὁρώμενοι.
2757 2174 2820 2229 Ὢ
2854 2176 3117 2243 ναυαγίου
3147 2176 3331 2230 κοινοῦ
3363 2178 3375 2231 l
3421 2176 3562 2246 Ἐγὼ
3591 2177 3650 2230 δὲ

2062 2264 2344 2331 σκηπτοὺς
2392 2266 2485 2316 καὶ
2540 2264 2873 2335 πρηστῆρας
2925 2268 3020 2320 καὶ
3062 2267 3324 2338 χάσματα
3375 2268 3501 2338 γῆς,
3556 2270 3651 2322 καὶ

2061 2354 2252 2417 νόσους
2284 2356 2385 2425 τὴν
2443 2357 2708 2429 τελευτήν
2740 2360 2876 2424 ήδίω
2922 2360 3206 2429 ποιούσας,
3253 2364 3369 2426 τοῖς
3425 2362 3647 2418 ἀσεϐέσι

2062 2449 2272 2513 τούτοις
2309 2451 2463 2522 ἥξειν
2495 2454 2765 2524 ἐνόμιζον.

371 2546 640 2618 usurpati.
708 2543 752 2598 0
782 2559 1078 2599 commune
1128 2541 1510 2611 naufragium!
1582 2539 1663 2594 Ail
1717 2554 1804 2594 me
1850 2552 2035 2597 autem
2070 2546 2218 2615 quod
2274 2548 2493 2609 attinet,
2545 2548 2798 2614 fulmina,
2848 2566 3112 2607 accensos
3169 2552 3439 2620 turbines,
3489 2562 3650 2613 terrm

370 2636 577 2704 hiatus,
624 2636 868 2699 morbos,
916 2634 1123 2705 quibus
1172 2648 1319 2686 mors
1372 2630 1597 2687 suavior
1638 2630 1754 2696 fiat,
1799 2632 1953 2687 hisce
1994 2634 2183 2705 impiis
2215 2638 2558 2695 obventuros
2592 2642 2998 2697 existimabam.

443 2729 531 2781 tl.
572 2728 617 2783 0
643 2727 737 2797 qui
764 2727 1086 2797 perierunt!
1116 2740 1150 2779 o
1179 2724 1272 2793 qui
1309 2732 1546 2793 pereunt
1574 2723 1586 2776 ί
1617 2738 1650 2777 o
1681 2723 1774 2791 qui
1807 2723 1955 2792 peri-

373 2819 517 2872 turil
546 2832 579 2871 ο
602 2818 695 2887 qui
728 2814 934 2870 residui
973 2815 1138 2868 sunt!
1170 2813 1319 2868 Nihil
1343 2814 1493 2867 enim
1528 2813 1629 2867 hos
1680 2812 1959 2868 feliciores

370 2910 537 2975 duco,
570 2926 734 2979 quam
772 2909 867 2979 qui
903 2908 1105 2962 mortui
1138 2914 1289 2962 sunt.
1320 2907 1416 2962 llis
1443 2923 1681 2976 namque
1715 2907 1810 2976 qui
1844 2908 1956 2961 vita

369 3003 541 3057 functi
578 3010 728 3063 sunt,
757 3001 935 3056 tristia
964 2999 1129 3055 ﬁnem
1156 3000 1475 3054 habuerunt
1499 3017 1512 3052 :
1541 3001 1636 3070 qui
1674 3017 1805 3056 vero
1832 3002 1957 3054 vitae

2134 2735 2222 2782 ια’.
2256 2732 2318 2784 Ὢ
2364 2732 2473 2786 τῶν
2514 2734 2909 2790 ἀπολωλότωνί
2966 2736 3012 2791 ὢ
3058 2738 3170 2792 τῶν
3220 2740 3646 2810 ἀπολλυμένωνί

2062 2820 2107 2873 ὣ
2136 2822 2244 2874 τῶν
2272 2824 2662 2895 ἀπολουμένων
2688 2829 2701 2881 !
2729 2827 2776 2882 ὣ
2809 2829 2918 2882 τῶν
2952 2831 3426 2903 ύπολειφθέντωνί
3459 2835 3649 2887 Οὐδενὶ

2062 2911 2172 2981 γὰρ
2214 2912 2333 2965 οὐδὲ
2375 2913 2605 2979 τούτους
2654 2918 3083 2991 εὐτυχεστέρους
3137 2923 3311 2992 κρίνω
3354 2923 3465 2975 τῶν
3502 2925 3647 2993 οίχο-

2065 3004 2259 3072 μένων.
2280 3006 2403 3069 Τοῖς
2429 3008 2527 3076 μὲν
2546 3008 2655 3078 γὰρ
2695 3008 2827 3081 ἔστη
2859 3014 2927 3064 τὰ
2949 3012 3175 3083 λυπηρά
3194 3030 3207 3044 ·
3239 3014 3289 3065 οί
3314 3014 3396 3082 δὲ,
3428 3013 3644 3067 ὀνειδῶν

370 3094 700 3165 superstites
748 3104 942 3163 agunt,
994 3092 1145 3146 omni
1192 3092 1313 3147 loco
1360 3091 1661 3162 opprobria
1710 3092 1955 3146 audituri

2070 3096 2167 3163 μὲν
2198 3096 2526 3152 ἀκούσονται
2567 3102 2851 3173 πανταχοῦ
2876 3119 2892 3135 ο
2916 3103 2993 3166 ὡς
3023 3105 3239 3173 ἐναγεῖς
3266 3105 3342 3171 δὲ,
3389 3104 3647 3176 ὲξελαθήο

370 3196 518 3250 sunt,
545 3202 607 3240 ac
639 3187 787 3240 velut
814 3183 1193 3240 scelestissimi
1225 3182 1375 3236 omni
1405 3198 1475 3237 ex
1503 3191 1652 3237 ccetu
1703 3182 1959 3253 proﬂiga-

373 3284 601 3344 buntur,
635 3289 1059 3349 quaerentesque
1101 3276 1195 3347 qui
1223 3276 1537 3339 condoleat,
1568 3292 1692 3345 quae
1724 3276 1958 3345 parrici-

370 3375 566 3428 darum
601 3381 732 3427 sunt
776 3371 1026 3433 audient,
1066 3382 1406 3437 neceSchue
1444 3369 1554 3422 erit
1587 3370 1769 3424 celare
1809 3369 1962 3440 cujas

372 3466 593 3522 tandem
619 3465 750 3519 sint.
784 3462 829 3518 0
860 3463 1142 3517 civitatem
1176 3460 1327 3531 prius
1361 3460 1583 3530 quidem
1610 3461 1827 3515 civibus
1849 3462 1963 3515 suf-

374 3559 651 3614 ficientem
698 3555 766 3609 ad
815 3554 1160 3619 claritatem;
1214 3561 1271 3606 et
1323 3568 1448 3623 quae
1492 3568 1641 3609 nunc
1687 3553 1959 3623 prolixum

373 3651 588 3703 cunctis
618 3648 863 3702 dedecus
891 3662 955 3701 ac
976 3645 1242 3715 probrum
1270 3653 1525 3716 aspergat
1551 3648 1563 3699 !
1585 3645 1727 3712 Quid
1760 3646 1959 3701 facturi

374 3739 663 3795 sumusad
692 3753 790 3793 eos
819 3737 914 3807 qui
957 3736 1447 3792 criminabuntur?
1493 3737 1628 3790 Nam
1678 3736 1960 3792 silentium

374 3845 585 3895 tenere,
622 3831 797 3895 nefas,
824 3830 957 3884 dum
986 3829 1186 3900 injuria
1213 3828 1386 3897 patria
1421 3828 1661 3883 violatur
1686 3848 1698 3882 :
1728 3845 1959 3898 respon-

373 3926 505 3980 dere
533 3938 684 3989 vero,
715 3922 950 3987 insania,
968 3937 1031 3976 ac
1055 3920 1355 3976 defendere
1380 3921 1538 3991 cujus
1564 3922 1644 3975 sic
1663 3922 1961 3991 conspicua

372 4019 484 4072 sint
532 4015 803 4088 ejusmodi
847 4030 1014 4084 opera
1046 4029 1112 4069 ac
1154 4013 1420 4069 facinora.
1470 4013 1809 4084 Sapientiam
1864 4015 1959 4084 qui

370 4110 721 4181 suspiciunt,
778 4108 974 4179 majori
1027 4107 1159 4163 odio
1212 4106 1601 4163 crudelitatem
1651 4108 1958 4175 habebunt,

370 4204 601 4273 ejusque
622 4201 868 4257 dedecus
898 4200 1118 4256 civibus
1149 4200 1437 4269 objicient.
1468 4199 1868 4257 Obmutescent
1902 4202 1959 4256 hi

373 4296 427 4348 in
448 4294 693 4365 judieiis,
726 4294 820 4365 qui
849 4293 953 4348 sibi
975 4292 1183 4348 conscii
1212 4293 1327 4346 sint
1350 4292 1567 4349 funesta
1594 4303 1958 4363 perpetrasse.

369 4386 660 4440 Civitatem
697 4401 892 4440 omnes
920 4385 1156 4455 fugient,
1180 4383 1328 4438 haud
1357 4399 1518 4439 secus
1551 4400 1615 4439 ac
1648 4385 1960 4454 pestilentia

372 4477 492 4531 loca
521 4489 577 4532 et
603 4494 727 4547 quae
760 4476 1091 4546 corporibus
1135 4474 1492 4530 insidientur.
1541 4475 1772 4546 Egregia
1827 4492 1960 4532 sane

373 4570 688 4623 mortalium
720 4570 969 4623 omnium
1001 4567 1379 4625 scelestissimi
1409 4567 1603 4637 patria:
1638 4568 1960 4624 reddidistis

372 4660 765 4715 nutricationis
790 4663 1033 4730 praemia,
1057 4660 1218 4731 cujus
1260 4659 1315 4713 in
1354 4675 1445 4714 vos
1476 4659 1633 4729 plura
1664 4659 1866 4714 merito
1894 4675 1959 4714 ac

371 4754 579 4822 majora
611 4762 761 4816 sunt,
794 4769 958 4824 quam
996 4762 1311 4824 parentum,
1359 4752 1605 4807 nomina.
1652 4753 1730 4808 Ne
1761 4753 1959 4807 civita-

372 4856 481 4900 tem
514 4845 739 4915 quidem
769 4846 954 4901 vocari
986 4846 1172 4909 sinitis
1196 4845 1345 4900 ausis
1369 4844 1479 4900 illis
1510 4843 1793 4900 vestris.0
1815 4859 1961 4898 mor-

371 4939 503 4993 bum
537 4956 602 4994 ac
634 4938 841 5002 labem,
869 4957 991 5009 qua:
1023 4939 1139 5009 ipsa
1165 4937 1366 4993 invasit
1394 4937 1732 5007 prtecordial
1757 4935 1803 4992 0
1844 4952 1967 4991 rem

371 5047 538 5099 quam
570 5033 802 5086 maxime
838 5033 947 5087 illis
972 5030 1328 5097 contrariam,
1360 5030 1456 5101 qui
1486 5029 1690 5085 sociale
1718 5027 1844 5085 vita:
1868 5046 1962 5100 ge-

371 5138 499 5183 nus,
541 5124 772 5193 ejusque
821 5123 1245 5179 communicatis
1279 5120 1592 5176 rationibus
1631 5121 1954 5191 elegerunt!

2066 3203 2274 3254 σονται,
2293 3190 2503 3243 καὶτὸν
2540 3193 2950 3265 συναλγήσοντα
2982 3195 3295 3266 ζητοῦντες,
3323 3197 3647 3250 ἀκούσονται

2064 3279 2134 3332 τὰ
2165 3282 2274 3335 τῶν
2304 3282 2671 3353 ἀνδροφόνων,
2696 3289 2794 3341 καὶ
2825 3287 3010 3357 δεήσει
3039 3288 3308 3361 κρύπτειν
3333 3290 3456 3343 ὅθεν
3487 3290 3648 3343 εἰσιν.

2068 3374 2131 3426 Ὢ
2162 3374 2394 3438 πόλεως,
2426 3376 2461 3447 ἢ
2492 3378 2625 3449 πρὶν
2658 3378 2777 3448 μὲν,
2815 3381 2976 3450 ἤρκει
3003 3384 3118 3444 τοῖς
3158 3382 3407 3446 πολίταις
3448 3385 3529 3445 εἰς
3565 3382 3651 3435 δό-

2065 3466 2196 3533 ξαν·
2229 3467 2325 3521 νῦν
2375 3469 2433 3521 δὲ
2467 3470 2758 3540 περιόαλεῖ
2801 3472 3014 3535 πάντας
3052 3472 3286 3547 αἰσχύνῃ
3330 3474 3519 3545 μακρᾷ
3546 3474 3559 3524 ι
3585 3473 3651 3527 Τί

2063 3559 2338 3631 δράσομεν
2369 3561 2509 3632 πρὸς
2550 3564 2680 3627 τοὺς
2716 3564 3084 3633 ἐγκαλοῦντας
3114 3566 3275 3638 αὐτῇ.
3305 3566 3380 3620 Τὸ
3412 3567 3511 3637 μὲν
3538 3564 3648 3636 γὰρ

2065 3653 2298 3724 σιωπᾷν,
2332 3655 2569 3721 ἀνόσιον,
2607 3657 2870 3729 πατρίδος
2901 3658 3299 3731 ὑϐριζομένηςο
3338 3659 3401 3713 τδ
3433 3660 3480 3712 δ’
3508 3661 3648 3713 ἀπο-

2062 3742 2362 3811 λογεῖσθαι,
2415 3748 2606 3816 μανία,
2638 3750 2899 3804 τοιούτων
2948 3753 3087 3824 αὐτῇ
3149 3752 3493 3824 φαινομένων
3539 3753 3648 3808 τῶν

2064 3835 2276 3906 ἔργων·
2321 3840 2370 3891 οἱ
2412 3839 2469 3891 δὲ
2501 3841 2602 3909 τὴν
2644 3843 2837 3911 σοφίαν
2885 3844 3278 3915 θαυμάζοντες,
3323 3847 3525 3917 μᾶλλον
3556 3867 3646 3919 μι-

2066 3924 2295 3993 σήσουσι
2322 3928 2422 3998 τὴν
2452 3928 2736 3999 ὠμότητα,
2774 3934 2867 3987 καὶ⁵
2895 3937 3008 3997 τοῖς
3039 3936 3289 4000 πολίταις
3333 3938 3651 4009 προοίσουσι

2062 4017 2288 4089 ταύτην.
2316 4021 2380 4073 Οί
2409 4022 2467 4074 δὲ
2508 4026 2884 4095 σιωπήσονται
2917 4030 2978 4080 ὲν
3017 4032 3132 4092 τοῖς
3170 4030 3569 4105 δικαστηρίοις,
3602 4036 3651 4087 οί

2065 4111 2252 4180 σφίσιν
2284 4114 2470 4178 αὐτοῖς
2517 4119 2734 4187 πονηρὰ
2777 4120 3113 4185 συνειδότες·
3158 4124 3254 4176 καὶ
3288 4126 3490 4188 πάντες
3518 4126 3650 4196 φεύ-

2066 4200 2248 4267 ξονται
2291 4206 2524 4276 ταύτην,
2575 4208 2765 4282 ὥσπερ
2817 4211 2876 4264 ὲν
2910 4207 2994 4275 οἷς
3050 4214 3268 4285 ἀνάγκη
3318 4219 3496 4271 νοσεῖν
3544 4218 3650 4271 τῶν

2064 4295 2304 4365 χωρίων.
2335 4299 2495 4352 Καλά
2520 4317 2583 4369 γε
2617 4305 2682 4374 τῇ
2723 4304 2964 4373 πατρίδι,
3010 4305 3352 4378 μιαρώτατοι
3404 4310 3647 4377 πάντων,

2064 4388 2445 4444 ἀποδεδώκατε
2499 4394 2568 4447 τά
2600 4398 2850 4466 τροφεῖα,
2882 4399 2934 4452 οἳ
2976 4398 3203 4465 δικαίως
3232 4403 3370 4477 αὐτῇ
3418 4408 3513 4459 καὶ
3545 4404 3652 4457 τῶν

2066 4479 2271 4545 γονέων
2303 4482 2617 4551 ὀφείλοντες
2648 4486 2853 4553 πλείω,
2900 4490 3023 4544 οὐδὲ
3056 4492 3233 4559 πόλιν,
3266 4488 3347 4558 οἷς
3384 4495 3652 4567 τετολμή-

2067 4588 2221 4638 κατε,
2245 4579 2583 4647 συγχωρεῖτε
2616 4580 2923 4640 καλεῖσθαι.
2953 4585 3018 4639 Ὢ
3044 4587 3350 4658 νοσήματος
3370 4587 3481 4640 τῶν
3506 4587 3655 4642 ἔνδον

2064 4664 2315 4734 ήμμένου
2342 4667 2355 4721 l
2390 4669 2455 4722 Ὦ
2492 4672 2818 4743 πράγματος
2854 4678 3251 4733 ὲναντιωτάτου
3278 4681 3392 4744 τοῖς
3416 4679 3538 4748 μετ’
3561 4679 3656 4730 ἀλ-

2066 4752 2249 4823 λήλων
2297 4755 2398 4829 ζῇν
2447 4760 2793 4832 ᾑρημένοιςι
2833 4765 2995 4820 Ἀλλὰ
3023 4769 3133 4838 γὰρ
3184 4770 3267 4822 δεῖ
3310 4769 3445 4821 θεὸν
3490 4767 3652 4835 μόνον

2068 4848 2240 4899 αξτεῖν
2302 4854 2462 4921 χεῖρα
2511 4855 2721 4925 ὀρέξαι,
2759 4859 2855 4912 καὶ
2895 4860 3064 4913 πάλιν
3110 4861 3170 4925 ἐξ
3226 4859 3399 4930 ἀρχῆς
3445 4858 3652 4930 ταύτην

2067 4940 2321 5005 οἰκίζειν.
2378 4946 2492 5016 Τῆς
2534 4950 2643 5019 γὰρ
2686 4948 2783 5004 νῦν
2833 4950 3073 5023 ἐρημίας
3120 4954 3328 5006 ἐκεῖνον
3360 4952 3442 5006 δεῖ
3492 4952 3698 5023 μόνονι

2069 5030 2365 5105 πληρωτὴν
2406 5039 2725 5108 ἀναμένειν.
2770 5041 3099 5115 Ἀνθρώπων
3127 5042 3182 5096 δὲ
3210 5046 3260 5098 oi
3293 5046 3391 5115 μὲν
3431 5047 3654 5120 ἀνέτρε-

2069 5122 2179 5193 ψαν
2210 5127 2415 5196 αὑτήν·
2455 5133 2504 5182 οἱ
2543 5131 2601 5184 δὲ
2634 5134 2966 5202 μισήσαντες
2994 5136 3417 5206 ἀποφεύξονται.

371 5211 669 5267 Enimvero
709 5214 853 5270 Deus
885 5214 1036 5270 solus
1069 5213 1317 5269 orandus
1344 5220 1450 5276 est,
1484 5220 1543 5266 ut
1575 5227 1797 5267 manum
1823 5210 2089 5282 porrigat,
2116 5231 2180 5272 ac
2204 5219 2349 5273 sicut
2376 5235 2407 5273 a
2442 5220 2719 5291 principio
2772 5238 2897 5278 eam
2958 5224 3198 5282 habitari
3261 5228 3446 5284 facim,
3512 5228 3657 5283 pm-

370 5311 582 5394 sentem
641 5306 790 5359 enim
852 5304 1027 5375 ipsius
1074 5304 1475 5359 desolationem
1538 5303 1639 5373 qui
1692 5303 1950 5373 impleat,
1989 5318 2135 5363 unus
2166 5306 2285 5378 ipse
2324 5312 2734 5382 exspectandus
2766 5314 2861 5371 sit.
2933 5315 3195 5374 Mortales
3236 5320 3387 5394 quod
3430 5319 3654 5386 attinet,

368 5391 463 5447 alii
487 5406 832 5464 everterunt,
866 5396 957 5451 alii
985 5411 1208 5453 exesam
1241 5394 1473 5466 fugient.
