4094 6474
513 322 619 386 653
1597 321 1702 383 EX
1733 322 1913 385 VITA
1966 321 2256 383 BASILII
2309 321 2678 384 JUNIORIS

3691 326 3803 387 6εά

516 470 3163 502 mm

762 656 911 745 AD
1012 650 1691 759 SEQUENTIA
1792 654 1944 743 Ex
2059 657 2348 748 VITA
2459 656 2893 745 BASILII
2999 657 3576 747 JUNIOBIS

1618 867 1740 929 ΡΒ.
1789 866 2225 931 COMBEFISII
2284 867 2706 930 PR/EFATIO.

592 1196 743 1264 Quod
785 1198 915 1253 olim
970 1201 1328 1262 adverteram,
1368 1200 1585 1271 viroque
1630 1199 1782 1254 docto
1821 1197 2105 1269 Codefrido
2139 1194 2470 1250 Henschenio
2492 1195 2551 1252 S.
2574 1196 2625 1251 J.
2657 1198 2999 1266 scripseram,
3026 1204 3161 1260 tum,
3195 1210 3313 1249 cum
3339 1193 3422 1248 illi
3456 1195 3580 1248 uitat
3613 1194 3794 1264 hujus.

518 1303 584 1342 ex
606 1288 901 1343 cardinalis
935 1288 1069 1343 Julii
1094 1287 1361 1343 Mazarini
1394 1287 1486 1342 τοῦ
1527 1289 1859 1359 μακαρίτου,
1903 1303 2043 1341 nunc
2078 1282 2262 1355 Regio,
2304 1286 2497 1349 codice,
2535 1286 2634 1355 feci
2664 1286 2896 1356 capiam,
2928 1293 2987 1338 ut
3032 1285 3089 1339 in
3131 1300 3243 1338 rem
3282 1282 3715 1346 ecclesiasticam,
3742 1283 3797 1337 in

516 1392 615 1429 suo
642 1375 833 1429 Martio
863 1375 1128 1446 uulgaret,
1158 1378 1306 1447 isque
1331 1392 1395 1429 ea:
1428 1376 1558 1430 meis
1581 1375 1813 1444 ﬁdeliter
1845 1378 2140 1446 expressit:
2175 1393 2280 1431 non
2306 1378 2568 1431 modicam
2587 1377 2784 1431 scilicet
2821 1376 2985 1430 lucem
3018 1391 3083 1429 ea:
3111 1392 3173 1430 ea
3200 1375 3385 1429 haberi
3416 1389 3566 1445 posse
3599 1374 3657 1427 in
3684 1389 3796 1426 rem

519 1464 773 1520 Historia
800 1463 1149 1535 Byzantium;
1192 1466 1362 1535 magis
1402 1481 1541 1518 nunc
1566 1464 1919 1533 deprehendo,
1943 1482 2061 1518 cum
2086 1482 2181 1536 per
2205 1466 2647 1521 Christianissimi
2676 1469 2814 1537 regis
2839 1465 3255 1536 indulgentiam,
3286 1481 3349 1518 ea:
3374 1463 3535 1534 Regia
3555 1464 3670 1533 ejus
3688 1462 3798 1516 Lu-

521 1570 660 1623 para
688 1553 926 1608 Annales
956 1555 1117 1618 edidi,
1159 1554 1408 1625 Vitasque
1442 1554 1857 1624 Imperatorum,
1904 1554 1974 1607 ad
1996 1571 2222 1623 quorum
2271 1564 2515 1625 tempora
2547 1553 2739 1608 Basilii
2776 1553 2891 1607 Vita
2930 1555 3047 1624 ipsa
3081 1562 3301 1621 spectat,
3337 1551 3547 1614 Basilii,
3588 1551 3799 1609 Leonis,

519 1640 836 1705 Alexandri,
866 1640 1222 1700 Constantini.
1252 1642 1786 1712 RomaniLacapeni,
1823 1652 1921 1697 etc.
1960 1643 2035 1697 Ac
2062 1643 2274 1712 quidem
2306 1628 2478 1711 primo
2515 1651 2835 1705 statueram,
2870 1658 2932 1695 ea
2963 1642 3135 1696 solum
3158 1643 3297 1697 inter
3331 1650 3483 1695 notas
3513 1655 3802 1710 repraesen-

522 1737 662 1790 tare,
684 1745 805 1798 qua:
828 1730 898 1783 ad
929 1731 1160 1795 primum
1190 1731 1490 1800 ingressum
1520 1729 1860 1785 Constantini
1888 1739 2155 1801 spectant,
2186 1732 2444 1801 Dacisque
2469 1733 2859 1803 aggressionem
2891 1739 2938 1784 et
2961 1731 3175 1791 caedem.
3205 1730 3342 1801 quod
3371 1729 3654 1800 Gregorius
3675 1739 3802 1781 tan-

521 1829 635 1870 tum
671 1816 799 1871 Duci
820 1818 999 1886 faveat
1037 1823 1125 1886 (ac
1158 1835 1329 1889 prope
1354 1829 1645 1890 martyrem
1666 1821 1954 1881 consecret)
1985 1830 2250 1885 quantum
2282 1820 2472 1891 reliqui
2503 1820 2813 1883 detrahunt,
2852 1827 2908 1872 ut
2946 1818 3144 1873 scilicet
3170 1818 3525 1872 Constantino
3557 1834 3619 1871 ac
3646 1816 3803 1886 fami-

524 1907 612 1959 litu
631 1906 1040 1976 gratiﬁcentur:
1065 1908 1215 1978 cujus
1244 1908 1519 1978 stipendiis
1562 1909 1849 1978 scriptores
1866 1920 1911 1961 et
1930 1910 2196 1979 .tequales,
2230 1908 2539 1974 merebant;
2565 1914 2615 1961 et
2642 1924 2674 1961 a
2704 1906 2892 1976 quibus
2920 1905 3113 1976 reliqui
3146 1920 3417 1975 accepere.
3440 1901 3590 1968 Quod
3620 1912 3800 1956 tamen

524 1994 684 2047 etiam
747 1994 859 2048 alia
925 1998 1172 2065 quaedam
1229 1999 1575 2055 contineant,
1628 1997 2014 2066 imperatorum
2078 2014 2142 2052 ac
2200 1997 2565 2051 ministrorum
2631 1996 2894 2066 propria,
2955 1993 3199 2064 aulteque
3257 1990 3340 2048 vel
3408 1995 3667 2057 virtutes,
3716 1991 3800 2044 vel

528 2082 675 2145 uitia,
707 2083 821 2151 ipsa
842 2083 1121 2136 annalium
1148 2100 1307 2153 prape
1332 2084 1636 2153 compendio
1661 2085 1862 2155 digesta
1886 2101 1904 2147 ;
1940 2102 1973 2138 a
2000 2086 2171 2155 primo
2203 2102 2321 2155 cap.
2360 2087 2431 2138 ad
2451 2084 2484 2137 4
2514 2085 2589 2136 ita
2626 2094 2684 2137 ut
2715 2083 2957 2138 distinxit
2976 2080 3331 2137 Hensclienius
3349 2095 3552 2152 ;opera:
3578 2080 3805 2147 pretium

530 2170 705 2239 putavi
729 2171 882 2240 quasi
909 2171 1221 2242 Appendicis
1246 2170 1379 2235 loco,
1417 2180 1541 2225 ante
1569 2180 1744 2235 notas,
1784 2173 1868 2227 hic
1907 2190 2017 2227 una
2046 2175 2182 2227 serie
2216 2173 2337 2228 aliis
2365 2172 2583 2239 perinde
2615 2173 2961 2242 appendicem
2999 2169 3314 2240 facientibus
3353 2169 3664 2223 summatim
3703 2169 3805 2221 od-

528 2259 669 2319 dere,
694 2265 851 2327 atque
884 2260 939 2312 in
971 2261 1044 2313 eis
1086 2267 1286 2314 tomum
1328 2261 1466 2313 hunc
1509 2258 1940 2315 Continuationis
1976 2279 2008 2316 a
2040 2261 2375 2333 TlteOphane,
2419 2278 2484 2315 ne
2511 2260 2648 2315 mole
2674 2260 2934 2332 grandior
2968 2259 3137 2313 videri
3168 2258 3353 2329 possit,
3387 2257 3608 2327 adjectis
3633 2258 3792 2318 notis,

523 2344 719 2412 ﬁnire:
762 2349 861 2401 nisi
884 2350 1046 2401 etiam
1084 2346 1360 2419 Symeonis
1396 2346 1689 2419 Logothetaz
1716 2347 2012 2403 Chronicon
2048 2368 2078 2404 a
2112 2350 2284 2404 Leone
2307 2350 2539 2403 Armeno
2593 2350 2663 2404 ad
2695 2348 2957 2402 Basiliam
2991 2347 3269 2402 Juniorem
3292 2362 3482 2417 capere
3511 2346 3672 2417 possit
3699 2363 3717 2400 :
3742 2362 3807 2398 ne

524 2433 763 2503 ejusdem
797 2437 1048 2505 temporis
1104 2438 1330 2490 historia
1376 2454 1408 2490 a
1440 2453 1495 2491 se
1516 2436 1822 2502 divellatur,
1854 2439 2059 2508 etquod
2088 2439 2385 2511 Logotheta:
2406 2441 2516 2510 ipse
2549 2439 2894 2510 singulariter
2916 2437 3241 2505 Tthphanis
3280 2438 3643 2501 continuator,
3689 2437 3805 2499 eius

523 2521 699 2591 ipsam
723 2539 931 2576 omnem
950 2525 1251 2579 methodum
1289 2534 1520 2588 secutus,
1551 2526 1690 2597 quod
1716 2543 1820 2580 non
1854 2525 1973 2592 alii,
2013 2525 2165 2581 nulla
2200 2530 2272 2582 eis
2301 2544 2569 2581 annorum
2590 2528 2791 2598 digesta
2822 2527 3049 2589 ratione,
3076 2525 3131 2578 in
3164 2542 3268 2593 qua
3304 2523 3592 2595 Logotheta
3624 2522 3797 2595 pluri-

525 2625 670 2663 mum
695 2611 961 2666 desudat:
992 2621 1043 2665 et
1066 2630 1186 2666 vero
1204 2630 1394 2685 capere
1428 2613 1634 2679 debere,
1671 2630 1764 2667 nec
1807 2613 2033 2669 ulterius
2071 2616 2356 2670 trahendus
2385 2617 2534 2669 hosce
2569 2614 2826 2675 Annales,
2882 2621 2932 2667 et
2976 2612 3138 2667 doctis
3173 2615 3367 2678 visum,
3406 2620 3455 2666 et
3486 2613 3636 2683 cujus
3667 2612 3807 2666 curis

523 2698 690 2772 Regia
737 2703 937 2757 credita
977 2702 1216 2774 Lupara,
1269 2705 1498 2775 rejectis,
1554 2706 1598 2757 si
1623 2705 1748 2768 quid
1781 2714 1859 2758 est
1888 2722 2129 2760 mearum
2168 2705 2451 2766 Natarum,
2488 2705 2543 2758 in
2573 2703 3017 2759 Continuatorem
3042 2703 3261 2774 ejusque
3289 2703 3625 2774 appendices,
3673 2713 3724 2755 et
3749 2704 3806 2754 in

524 2789 885 2860 Logothetam,
931 2793 1002 2845 ad
1049 2793 1168 2846 libri
1220 2792 1404 2859 ﬁnem,
1450 2808 1567 2860 qua:
1600 2793 1710 2847 alia
1747 2793 1870 2847 aliis
1915 2792 2083 2847 lucem
2119 2795 2337 2864 facient.
2396 2791 2657 2863 Sequens,
2706 2792 2798 2861 qui
2842 2801 3009 2845 certos
3038 2800 3280 2844 auctores
3319 2790 3532 2854 habeat,
3577 2789 3805 2844 Leonem

526 2877 822 2933 Diaconnm
853 2888 902 2933 et
938 2878 1247 2935 Michaelem
1286 2879 1545 2944 Psellum,
1575 2879 1756 2934 ambos
1789 2879 1947 2935 titulo
1977 2881 2245 2953 prazferet,
2274 2899 2336 2937 ac
2369 2898 2463 2952 per
2482 2898 2568 2935 eos
2593 2881 2801 2952 insigne
2827 2888 3287 2936 auctoramentum
3310 2882 3564 2935 Historia:
3594 2880 3807 2951 Byzan-

526 2968 654 3020 tina:
708 2967 862 3036 faciet
891 2984 909 3022 :
958 2969 1230 3039 aberitque
1268 2970 1438 3023 omnis
1471 2969 1569 3022 illa
1598 2967 1842 3023 dictionis
1876 2971 2159 3037 impuritas
2180 3013 2195 3038 ,
2231 2985 2350 3043 qute
2386 2978 2441 3024 et
2470 2970 2601 3024 mihi
2634 2985 2739 3023 non
2773 2986 2937 3024 unam
2962 2969 3081 3037 ﬁxit
3116 2985 3344 3032 crucem,
3376 2977 3426 3023 et
3452 2969 3565 3034 tibi,
3596 2968 3803 3031 Lector,

524 3070 786 3109 nauseam
837 3056 1079 3128 aliquam
1137 3074 1344 3113 movere
1389 3059 1607 3128 poterit,
1674 3058 1777 3112 nisi
1830 3065 2096 3128 quantum
2148 3073 2328 3113 rerum
2382 3057 2501 3127 ipsa
2550 3057 2806 3127 majestas
2846 3055 3149 3122 solabitur,
3210 3054 3610 3127 Annaliumque
3658 3070 3805 3110 com-

529 3145 804 3213 pendium.

1432 3441 1583 3527 EK
1655 3442 1885 3529 ΤΟΥ
1972 3445 2234 3531 ΒΙΟΥ
2305 3440 2891 3533 ΒΑΣΙΛΕΙΟΥ

1988 3626 2127 3682 ΤΟΥ
2173 3628 2361 3683 ΝΕΟΥ

1382 3785 1570 3838 ΠΑΡΑ
1626 3781 2021 3838 ΓΡΗΓΟΡΙΟΥ
2074 3784 2218 3837 ΤΟΥ
2303 3785 2644 3849 ΜΔΘΗΕΟΥ
2690 3788 2744 3855 ,Α
2760 3786 2885 3841 rm
2900 3787 2962 3839 Υ.

2123 3974 2174 3984 ...ο

1254 4115 1415 4203 EX
1518 4114 1960 4202 BASILII
2070 4112 2647 4204 JUNIORIS
2751 4115 3036 4205 VITA

1355 4308 1762 4374 AUCTORE
1804 4309 2245 4375 GREGORIO
2276 4312 2490 4374 EJUS
2522 4310 2994 4374 DISCIPULO.

2161 4504 2200 4517 ὼ

610 4631 698 4703 [Ρ.
722 4629 845 4692 393.
871 4629 999 4705 59η
1027 4635 1097 4683 α’.
1131 4627 1409 4690 Βασίλειος
1447 4627 1478 4678 ὁ
1510 4626 1794 4698 βασιλεὺς,
1833 4621 1879 4695 ᾧ
1910 4628 1971 4681 τὸ
2004 4627 2125 4681 ἐπί·
2156 4637 2198 4692 Α

2298 4630 2459 4701 σοι
2482 4629 2715 4685 Basilius
2738 4630 3060 4700 imperator,
3080 4643 3448 4704 cognomento
3468 4634 3712 4697 Macedo.
3752 4640 3820 4693 li-

536 4723 675 4791 κλην
707 4720 998 4784 Μακεδὼν,
1032 4722 1182 4784 υἱοὺς
1204 4720 1329 4789 ἔσχε
1358 4720 1655 4790 τέσσαρας,
1680 4722 2120 4786 Κωνσεαντίνον,
2234 4722 2269 4777 b

2234 4722 2396 4778 beroe
2411 4732 2652 4793 quatuor
2671 4724 2916 4787 sustulit,
2935 4724 3384 4794 Constantinum,
3411 4727 3673 4793 Leonem,
3700 4732 3823 4796 Ste-

536 4814 765 4879 Λέοντα,
798 4814 1071 4882 Στέφανον
1102 4814 1197 4867 καὶ
1233 4812 1606 4884 Ἀλέξανδρον.
1638 4807 1742 4867 Ὧν
1769 4816 1798 4867 ὁ
1833 4814 1934 4886 μὲν
1966 4816 2126 4869 Κων-
2234 4832 2268 4886 p

2234 4817 2478 4886 phanum
2505 4825 2562 4872 et
2591 4818 2988 4873 Alexandrum.
3020 4819 3102 4873 Ex
3132 4820 3217 4875 uis
3245 4820 3645 4880 Constantinus
3683 4826 3823 4879 vivis

537 4909 817 4970 παντῖνος
847 4907 1042 4977 κομιδῇ
1076 4907 1217 4971 νέος,
1255 4905 1527 4975 ὑπεξῆλθε
1548 4905 1647 4958 τοῦ
1678 4906 1817 4977 βίου·
1850 4908 2125 4976 Στέφανος

534 5002 614 5066 δὲ,
672 5000 1107 5072 ἀρχιεπίσκοπος
1158 4999 1788 5061 Κωνσταντινουπόλεως
1834 5001 2124 5071 προχειρί-

537 5096 707 5160 ζεται,
745 5093 885 5166 ἀνὴρ
916 5093 1067 5165 πάσῃ
1087 5093 1256 5163 ἀρετῇ
1290 5089 1599 5162 διαπρέψας
1621 5107 1634 5122 ·
1662 5093 1712 5145 si
1751 5093 1848 5145 καὶ
1875 5084 2036 5157 οὗτος
2066 5096 2125 5148 ἐν

538 5187 790 5257 συντόμῳ
811 5186 874 5238 τὸ
893 5184 1073 5256 χρεὼν
1105 5183 1523 5254 ἑλειτούργησιο
1555 5184 1651 5237 καὶ
1683 5184 1886 5254 συνεχῆ
1918 5183 2127 5257 καθάρ-

538 5293 630 5331 σια
658 5277 811 5349 παρὰ
849 5278 1054 5331 παίδων
1080 5276 1281 5349 ἰατρῶν
1294 5276 1610 5347 δεξάμενος,
1639 5275 1725 5330 διὰ
1742 5279 1842 5347 τήν
1873 5276 2126 5348 ἐνοχλοῦ-

538 5385 639 5423 σαν
671 5368 822 5441 αὑτῷ
848 5373 983 5424 ἐκ...
1020 5369 1321 5437 πυρκαϊὰν,
1343 5368 1435 5437 ὑφ’
1464 5362 1542 5423 ὧν
1568 5368 1757 5432 κακῶς
1788 5368 2125 5441 ψυχρανϐεὶς

536 5462 628 5514 τὸν
659 5462 956 5534 στόμαχον,
986 5466 1079 5515 καὶ
1106 5463 1190 5525 ei;
1219 5462 1375 5516 νόσον
1394 5461 1753 5533 δυσδιήγητον
1784 5462 2126 5532 περιπεσὼν,

535 5556 881 5625 ἐτελεύτησε.
900 5556 1011 5608 Καὶ
1040 5554 1148 5625 μὴν
1174 5554 1271 5607 καὶ
1293 5555 1321 5607 ὁ
1340 5554 1533 5607 τούτου
1572 5554 1758 5624 πατὴρ
1784 5554 2082 5619 Βασίλειος,
2102 5554 2131 5606 6

536 5649 632 5701 καὶ
654 5649 747 5701 τὸν
767 5650 875 5719 πρὸ
900 5647 1068 5702 αὐτοῦ
1096 5645 1523 5719 βεϐασιλευκότα
1538 5646 1761 5717 Μιχαὴλ
1783 5647 2011 5715 ἀνελὼν,
2038 5649 2134 5702 καὶ

536 5740 682 5796 οὓτω
711 5742 779 5795 τὰ
804 5744 1061 5814 σκῆπτρα
1090 5737 1407 5808 κατασχών.
1476 5740 1573 5792 Ὃν
1621 5738 1690 5810 δὴ
1720 5739 1813 5793 καὶ
1850 5738 2133 5811 ψυχορῤα-

400 5842 427 5867 ⁵
538 5833 656 5904 τῶν
714 5833 943 5891 ἔϐλεπεν
1008 5832 1348 5905 ἐγκαλοῦντα
1405 5831 1583 5903 τούτῳ
1622 5834 1715 5887 καὶ
1755 5832 1983 5903 λέγοντα
2011 5849 2029 5866 ·
2063 5833 2131 5891 Τί

2232 4917 2526 4978 exemptus
2572 4917 2679 4972 est,
2732 4909 2916 4964 adhuc
2967 4909 3128 4965 valde
3178 4912 3451 4982 juvenis:
3503 4915 3823 4985 Stephanus

2233 5016 2388 5063 vero,
2428 5001 2879 5072 archiepiscopus
2896 5000 3553 5075 Constantinopolitanus
3582 5008 3824 5078 paelicis

2236 5105 2347 5161 tur,
2372 5094 2460 5149 vir
2489 5095 2639 5149 omni
2671 5095 2895 5151 virtutis
2919 5095 3082 5151 laude
3110 5098 3480 5167 conspicuus:
3521 5102 3737 5155 tametsi
3776 5103 3824 5157 is

2234 5187 2388 5243 brevi
2443 5185 2557 5241 fato
2614 5185 2839 5242 iunctus
2884 5196 3009 5242 est:
3066 5189 3461 5260 continuisque
3502 5207 3531 5246 a
3588 5194 3821 5249 medicis

2235 5279 2603 5352 purgantibus
2646 5280 2910 5335 remediis
2953 5286 3247 5349 acceptus,
3296 5281 3365 5336 ad
3406 5282 3577 5339 febris
3606 5299 3780 5339 ex...
3818 5328 3827 5339 .

2236 5371 2608 5426 moderandus
2628 5372 2877 5436 ardores,
2920 5387 3083 5426 verso
3110 5371 3165 5424 in
3202 5371 3456 5443 frigidam
3496 5376 3824 5445 qualitatem

2234 5464 2546 5529 stomacho,
2578 5478 2661 5529 ac,
2702 5479 2868 5534 quam
2900 5478 3064 5518 nemo
3104 5464 3292 5519 verbis
3317 5464 3477 5521 facile
3511 5468 3825 5538 eXplicax-e‘

2234 5554 2328 5620 nit,
2366 5563 2648 5611 contracta
2673 5555 3021 5625 aegritudine,
3055 5557 3361 5613 exstinctus
3386 5568 3492 5613 est.
3529 5559 3671 5627 Quin
3703 5562 3825 5631 ejus

2232 5662 2454 5717 quoque
2484 5659 2643 5718 pater
2690 5647 2962 5712 Basilius,
2998 5648 3092 5718 qui
3140 5649 3488 5704 decessorem
3530 5665 3690 5706 suum
3726 5653 3826 5706 Mi-

2233 5740 2481 5821 chaclem
2512 5740 2900 5810 imperatorem
2935 5740 3178 5803 sustulit,
3240 5749 3402 5806 atque
3440 5741 3501 5796 in
3535 5743 3683 5797 hunc
3711 5759 3829 5796 mo-

2236 5833 2367 5889 dum
2396 5849 2579 5890 rerum
2613 5833 2669 5888 in
2701 5849 2758 5889 se
2785 5847 3057 5887 summam
3093 5833 3372 5889 transtulit
3412 5855 3423 5887 :
3465 5852 3632 5906 quem
3656 5836 3834 5904 ipsum
