  <div class='ocr_page' id='page_1' title='image "/cluster/home/n/w/nwhite01/storage/ocr_20150623/109/coo.31924054870138/338.png"; bbox 0 0 4094 6418; ppageno 0'>
   <div class='ocr_carea' id='block_1_1' title="bbox 408 272 511 337">
    <p class='ocr_par' dir='ltr' id='par_1_1' title="bbox 408 272 511 337">
     <span class='ocr_line' id='line_1_1' title="bbox 408 272 511 337; baseline 0 -1"><span class='ocrx_word' id='word_1_1' title='bbox 408 272 511 337; x_wconf 84' lang='grc'>661</span> 
     </span>
    </p>
   </div>
   <div class='ocr_carea' id='block_1_2' title="bbox 1634 267 2458 335">
    <p class='ocr_par' dir='ltr' id='par_1_2' title="bbox 1634 267 2458 335">
     <span class='ocr_line' id='line_1_2' title="bbox 1634 267 2458 335; baseline 0.005 -5"><span class='ocrx_word' id='word_1_2' title='bbox 1634 267 2219 331; x_wconf 82' lang='lat' dir='ltr'><strong>CONSTANTINUS</strong></span> <span class='ocrx_word' id='word_1_3' title='bbox 2275 270 2458 335; x_wconf 80' lang='lat' dir='ltr'><strong>DUX.</strong></span> 
     </span>
    </p>
   </div>
   <div class='ocr_carea' id='block_1_3' title="bbox 3578 272 3687 343">
    <p class='ocr_par' dir='ltr' id='par_1_3' title="bbox 3578 272 3687 343">
     <span class='ocr_line' id='line_1_3' title="bbox 3578 272 3687 343; baseline 0.037 -4"><span class='ocrx_word' id='word_1_4' title='bbox 3578 272 3687 343; x_wconf 60' lang='grc' dir='ltr'><strong>6σὲ</strong></span> 
     </span>
    </p>
   </div>
   <div class='ocr_carea' id='block_1_4' title="bbox 421 378 2026 457">
    <p class='ocr_par' dir='ltr' id='par_1_4' title="bbox 421 378 1999 455">
     <span class='ocr_line' id='line_1_4' title="bbox 421 378 1999 455; baseline -0.002 -19"><span class='ocrx_word' id='word_1_5' title='bbox 421 385 559 455; x_wconf 66' lang='lat' dir='ltr'><strong>pob;</strong></span> <span class='ocrx_word' id='word_1_6' title='bbox 586 378 998 450; x_wconf 71' lang='grc' dir='ltr'>ἐξορύττεσθαι,</span> <span class='ocrx_word' id='word_1_7' title='bbox 1032 378 1255 449; x_wconf 73' lang='grc' dir='ltr'>ἑτέρους</span> <span class='ocrx_word' id='word_1_8' title='bbox 1285 379 1758 447; x_wconf 79' lang='grc' dir='ltr'>νευροκοπείσθαι,</span> <span class='ocrx_word' id='word_1_9' title='bbox 1803 380 1999 446; x_wconf 60' lang='grc' dir='ltr'>ἄλλους</span> 
     </span>
    </p>
   </div>
   <div class='ocr_carea' id='block_1_5' title="bbox 2130 378 3686 457">
    <p class='ocr_par' dir='ltr' id='par_1_5' title="bbox 2133 384 3686 457">
     <span class='ocr_line' id='line_1_5' title="bbox 2133 384 3686 457; baseline 0.006 -20"><span class='ocrx_word' id='word_1_10' title='bbox 2133 391 2252 447; x_wconf 91' lang='lat' dir='ltr'><strong>unt,</strong></span> <span class='ocrx_word' id='word_1_11' title='bbox 2309 384 2545 440; x_wconf 83' lang='lat' dir='ltr'><strong>aliorum</strong></span> <span class='ocrx_word' id='word_1_12' title='bbox 2588 384 2881 441; x_wconf 77' lang='lat' dir='ltr'><strong>facultates</strong></span> <span class='ocrx_word' id='word_1_13' title='bbox 2931 384 3310 457; x_wconf 76' lang='lat' dir='ltr'><strong>publicarunt.</strong></span> <span class='ocrx_word' id='word_1_14' title='bbox 3380 389 3457 445; x_wconf 74' lang='lat' dir='ltr'><strong>Ac</strong></span> <span class='ocrx_word' id='word_1_15' title='bbox 3496 390 3686 448; x_wconf 83' lang='lat' dir='ltr'><strong>videre</strong></span> 
     </span>
    </p>
   </div>
   <div class='ocr_carea' id='block_1_6' title="bbox 414 471 2000 546">
    <p class='ocr_par' dir='ltr' id='par_1_6' title="bbox 414 471 2000 546">
     <span class='ocr_line' id='line_1_6' title="bbox 414 471 2000 546; baseline -0.002 -17"><span class='ocrx_word' id='word_1_16' title='bbox 414 475 781 546; x_wconf 70' lang='grc' dir='ltr'>ὶξορίζεσθαι,</span> <span class='ocrx_word' id='word_1_17' title='bbox 846 472 939 525; x_wconf 73' lang='grc' dir='ltr'>καὶ</span> <span class='ocrx_word' id='word_1_18' title='bbox 992 471 1213 542; x_wconf 74' lang='grc' dir='ltr'>ἑτέρους</span> <span class='ocrx_word' id='word_1_19' title='bbox 1256 471 1383 535; x_wconf 80' lang='grc' dir='ltr'>τοὺς</span> <span class='ocrx_word' id='word_1_20' title='bbox 1445 471 1613 542; x_wconf 71' lang='grc' dir='ltr'>μηδὲν</span> <span class='ocrx_word' id='word_1_21' title='bbox 1665 472 2000 543; x_wconf 74' lang='grc' dir='ltr'><strong>ἠδικηκότας</strong></span> 
     </span>
    </p>
   </div>
   <div class='ocr_carea' id='block_1_7' title="bbox 425 563 1998 638">
    <p class='ocr_par' dir='ltr' id='par_1_7' title="bbox 425 563 1998 638">
     <span class='ocr_line' id='line_1_7' title="bbox 425 563 1998 638; baseline -0.003 -15"><span class='ocrx_word' id='word_1_22' title='bbox 425 565 821 638; x_wconf 74' lang='grc' dir='ltr'>μαστίζεσθαι,</span> <span class='ocrx_word' id='word_1_23' title='bbox 871 564 1049 619; x_wconf 80' lang='grc' dir='ltr'>ἄλλων</span> <span class='ocrx_word' id='word_1_24' title='bbox 1108 563 1207 626; x_wconf 75' lang='grc' dir='ltr'>τὰς</span> <span class='ocrx_word' id='word_1_25' title='bbox 1277 564 1605 627; x_wconf 78' lang='grc' dir='ltr'><strong>ὑποστάσεις</strong></span> <span class='ocrx_word' id='word_1_26' title='bbox 1644 564 1998 634; x_wconf 69' lang='grc' dir='ltr'>δημεύεσθαι.</span> 
     </span>
    </p>
   </div>
   <div class='ocr_carea' id='block_1_8' title="bbox 417 653 2001 728">
    <p class='ocr_par' dir='ltr' id='par_1_8' title="bbox 417 653 2001 728">
     <span class='ocr_line' id='line_1_8' title="bbox 417 653 2001 728; baseline -0.004 -14"><span class='ocrx_word' id='word_1_27' title='bbox 417 662 528 714; x_wconf 75' lang='grc' dir='ltr'>Καὶ</span> <span class='ocrx_word' id='word_1_28' title='bbox 561 654 627 728; x_wconf 82' lang='grc' dir='ltr'>ἧν</span> <span class='ocrx_word' id='word_1_29' title='bbox 659 657 791 710; x_wconf 84' lang='grc' dir='ltr'>ίδεῖν</span> <span class='ocrx_word' id='word_1_30' title='bbox 822 656 942 708; x_wconf 84' lang='grc' dir='ltr'>τότε</span> <span class='ocrx_word' id='word_1_31' title='bbox 994 654 1095 724; x_wconf 86' lang='grc' dir='ltr'><strong>τὴν</strong></span> <span class='ocrx_word' id='word_1_32' title='bbox 1160 653 1526 723; x_wconf 85' lang='grc' dir='ltr'>μεγαλόπολιν</span> <span class='ocrx_word' id='word_1_33' title='bbox 1572 655 1911 725; x_wconf 83' lang='grc' dir='ltr'><strong>πάσχουσαν,</strong></span> <span class='ocrx_word' id='word_1_34' title='bbox 1966 654 2001 708; x_wconf 75' lang='grc' dir='ltr'>ἃ</span> 
     </span>
    </p>
   </div>
   <div class='ocr_carea' id='block_1_9' title="bbox 415 744 2002 819">
    <p class='ocr_par' dir='ltr' id='par_1_9' title="bbox 415 744 2002 819">
     <span class='ocr_line' id='line_1_9' title="bbox 415 744 2002 819; baseline -0.002 -15"><span class='ocrx_word' id='word_1_35' title='bbox 415 752 539 805; x_wconf 68' lang='grc' dir='ltr'><strong>οὐδὲ</strong></span> <span class='ocrx_word' id='word_1_36' title='bbox 570 750 663 802; x_wconf 68' lang='grc' dir='ltr'><strong>ἐπὶ</strong></span> <span class='ocrx_word' id='word_1_37' title='bbox 693 748 960 819; x_wconf 82' lang='grc' dir='ltr'><strong>κρατήσει</strong></span> <span class='ocrx_word' id='word_1_38' title='bbox 990 748 1085 800; x_wconf 74' lang='grc' dir='ltr'>καὶ</span> <span class='ocrx_word' id='word_1_39' title='bbox 1124 744 1324 799; x_wconf 78' lang='grc' dir='ltr'>ἁλώσει</span> <span class='ocrx_word' id='word_1_40' title='bbox 1380 745 1677 819; x_wconf 80' lang='grc' dir='ltr'>βαρσάρων</span> <span class='ocrx_word' id='word_1_41' title='bbox 1708 747 2002 818; x_wconf 83' lang='grc' dir='ltr'>ὑπομείνα-</span> 
     </span>
    </p>
   </div>
   <div class='ocr_carea' id='block_1_10' title="bbox 420 842 652 898">
    <p class='ocr_par' dir='ltr' id='par_1_10' title="bbox 420 842 652 898">
     <span class='ocr_line' id='line_1_10' title="bbox 420 842 652 898; baseline 0.004 -1"><span class='ocrx_word' id='word_1_42' title='bbox 420 862 523 897; x_wconf 86' lang='grc' dir='ltr'><strong>σαν</strong></span> <span class='ocrx_word' id='word_1_43' title='bbox 567 842 652 898; x_wconf 76' lang='grc' dir='ltr'>ἄν.</span> 
     </span>
    </p>
   </div>
   <div class='ocr_carea' id='block_1_11' title="bbox 491 928 2001 999">
    <p class='ocr_par' dir='ltr' id='par_1_11' title="bbox 491 928 2001 999">
     <span class='ocr_line' id='line_1_11' title="bbox 491 928 2001 999; baseline 0 -13"><span class='ocrx_word' id='word_1_44' title='bbox 491 932 557 987; x_wconf 87' lang='grc' dir='ltr'>θ’.</span> <span class='ocrx_word' id='word_1_45' title='bbox 595 932 659 985; x_wconf 80' lang='lat' dir='ltr'><strong>0i</strong></span> <span class='ocrx_word' id='word_1_46' title='bbox 684 929 777 984; x_wconf 81' lang='grc' dir='ltr'><strong>οὖν</strong></span> <span class='ocrx_word' id='word_1_47' title='bbox 803 928 1089 991; x_wconf 76' lang='grc' dir='ltr'><strong>ἀνελόντες</strong></span> <span class='ocrx_word' id='word_1_48' title='bbox 1117 930 1209 981; x_wconf 79' lang='grc' dir='ltr'><strong>τὸν</strong></span> <span class='ocrx_word' id='word_1_49' title='bbox 1233 928 1411 982; x_wconf 90' lang='grc' dir='ltr'>Δοῦκα</span> <span class='ocrx_word' id='word_1_50' title='bbox 1435 931 1530 984; x_wconf 71' lang='grc' dir='ltr'><strong>καὶ</strong></span> <span class='ocrx_word' id='word_1_51' title='bbox 1546 929 1639 983; x_wconf 77' lang='grc' dir='ltr'><strong>τὸν</strong></span> <span class='ocrx_word' id='word_1_52' title='bbox 1666 931 1782 984; x_wconf 79' lang='grc' dir='ltr'>υίδν</span> <span class='ocrx_word' id='word_1_53' title='bbox 1812 931 2001 999; x_wconf 82' lang='grc' dir='ltr'>αὐτοῦ,</span> 
     </span>
    </p>
   </div>
   <div class='ocr_carea' id='block_1_12' title="bbox 418 1020 2004 1095">
    <p class='ocr_par' dir='ltr' id='par_1_12' title="bbox 418 1020 2004 1095">
     <span class='ocr_line' id='line_1_12' title="bbox 418 1020 2004 1095; baseline -0.006 -18"><span class='ocrx_word' id='word_1_54' title='bbox 418 1028 519 1085; x_wconf 65' lang='grc' dir='ltr'>τὰς</span> <span class='ocrx_word' id='word_1_55' title='bbox 557 1022 739 1076; x_wconf 83' lang='grc' dir='ltr'>αὐτῶν</span> <span class='ocrx_word' id='word_1_56' title='bbox 767 1020 947 1090; x_wconf 81' lang='grc' dir='ltr'>κὰρας</span> <span class='ocrx_word' id='word_1_57' title='bbox 969 1020 1363 1091; x_wconf 83' lang='grc' dir='ltr'><strong>ἀποτεμόντες,</strong></span> <span class='ocrx_word' id='word_1_58' title='bbox 1388 1022 1467 1091; x_wconf 84' lang='grc' dir='ltr'>τῷ</span> <span class='ocrx_word' id='word_1_59' title='bbox 1493 1022 1766 1094; x_wconf 77' lang='grc' dir='ltr'><strong>Νικολάῳ,</strong></span> <span class='ocrx_word' id='word_1_60' title='bbox 1796 1025 1829 1095; x_wconf 74' lang='grc' dir='ltr'><strong>ἢ</strong></span> <span class='ocrx_word' id='word_1_61' title='bbox 1866 1027 2004 1095; x_wconf 72' lang='grc' dir='ltr'>μᾶλ-</span> 
     </span>
    </p>
   </div>
   <div class='ocr_carea' id='block_1_13' title="bbox 421 1110 2003 1185">
    <p class='ocr_par' dir='ltr' id='par_1_13' title="bbox 421 1110 2003 1185">
     <span class='ocr_line' id='line_1_13' title="bbox 421 1110 2003 1185; baseline 0.001 -19"><span class='ocrx_word' id='word_1_62' title='bbox 421 1114 514 1166; x_wconf 76' lang='grc' dir='ltr'><strong>λον</strong></span> <span class='ocrx_word' id='word_1_63' title='bbox 541 1114 736 1175; x_wconf 81' lang='grc' dir='ltr'>εἰπεῖν,</span> <span class='ocrx_word' id='word_1_64' title='bbox 766 1111 1110 1182; x_wconf 77' lang='grc' dir='ltr'>Ἀγρικολάῳ</span> <span class='ocrx_word' id='word_1_65' title='bbox 1136 1110 1231 1163; x_wconf 78' lang='grc' dir='ltr'>καὶ</span> <span class='ocrx_word' id='word_1_66' title='bbox 1262 1112 1375 1175; x_wconf 87' lang='grc' dir='ltr'>τοῖς</span> <span class='ocrx_word' id='word_1_67' title='bbox 1403 1113 1500 1164; x_wconf 75' lang='grc' dir='ltr'><strong>σὺν</strong></span> <span class='ocrx_word' id='word_1_68' title='bbox 1530 1112 1681 1182; x_wconf 80' lang='grc' dir='ltr'>αὑτῷ</span> <span class='ocrx_word' id='word_1_69' title='bbox 1713 1115 2003 1185; x_wconf 67' lang='grc' dir='ltr'>ἐκόμισαν.</span> 
     </span>
    </p>
   </div>
   <div class='ocr_carea' id='block_1_14' title="bbox 418 1202 2007 1275">
    <p class='ocr_par' dir='ltr' id='par_1_14' title="bbox 418 1202 2007 1275">
     <span class='ocr_line' id='line_1_14' title="bbox 418 1202 2007 1275; baseline 0.001 -18"><span class='ocrx_word' id='word_1_70' title='bbox 418 1203 489 1257; x_wconf 79' lang='grc' dir='ltr'><strong>οι</strong></span> <span class='ocrx_word' id='word_1_71' title='bbox 526 1205 615 1256; x_wconf 75' lang='grc' dir='ltr'><strong>καὶ</strong></span> <span class='ocrx_word' id='word_1_72' title='bbox 632 1202 837 1264; x_wconf 84' lang='grc' dir='ltr'>ταύτας</span> <span class='ocrx_word' id='word_1_73' title='bbox 866 1203 1260 1272; x_wconf 79' lang='grc' dir='ltr'>γνωρίσαντες,</span> <span class='ocrx_word' id='word_1_74' title='bbox 1294 1202 1461 1270; x_wconf 71' lang='grc' dir='ltr'>τιμὰς</span> <span class='ocrx_word' id='word_1_75' title='bbox 1504 1202 1566 1256; x_wconf 79' lang='grc' dir='ltr'><strong>οὐ</strong></span> <span class='ocrx_word' id='word_1_76' title='bbox 1600 1204 1701 1267; x_wconf 84' lang='grc' dir='ltr'><strong>τάς</strong></span> <span class='ocrx_word' id='word_1_77' title='bbox 1735 1206 2007 1275; x_wconf 76' lang='grc' dir='ltr'><strong>τυχούσας</strong></span> 
     </span>
    </p>
   </div>
   <div class='ocr_carea' id='block_1_15' title="bbox 420 1291 2009 1362">
    <p class='ocr_par' dir='ltr' id='par_1_15' title="bbox 420 1291 2009 1362">
     <span class='ocr_line' id='line_1_15' title="bbox 420 1291 2009 1362; baseline 0.001 -17"><span class='ocrx_word' id='word_1_78' title='bbox 420 1295 538 1355; x_wconf 72' lang='grc' dir='ltr'>τοῖς</span> <span class='ocrx_word' id='word_1_79' title='bbox 598 1292 891 1361; x_wconf 78' lang='grc' dir='ltr'>κομίσασιν</span> <span class='ocrx_word' id='word_1_80' title='bbox 948 1292 1197 1362; x_wconf 77' lang='grc' dir='ltr'>ἔνειμαν,</span> <span class='ocrx_word' id='word_1_81' title='bbox 1238 1292 1334 1345; x_wconf 79' lang='grc' dir='ltr'><strong>καὶ</strong></span> <span class='ocrx_word' id='word_1_82' title='bbox 1364 1292 1486 1345; x_wconf 76' lang='grc' dir='ltr'>οὐδὲ</span> <span class='ocrx_word' id='word_1_83' title='bbox 1537 1291 1710 1357; x_wconf 77' lang='grc' dir='ltr'>οὕτως</span> <span class='ocrx_word' id='word_1_84' title='bbox 1761 1296 1811 1347; x_wconf 81' lang='lat' dir='ltr'><strong>oi</strong></span> <span class='ocrx_word' id='word_1_85' title='bbox 1846 1294 2009 1349; x_wconf 77' lang='grc' dir='ltr'>κακοὶ</span> 
     </span>
    </p>
   </div>
   <div class='ocr_carea' id='block_1_16' title="bbox 423 1384 2011 1459">
    <p class='ocr_par' dir='ltr' id='par_1_16' title="bbox 423 1384 2011 1459">
     <span class='ocr_line' id='line_1_16' title="bbox 423 1384 2011 1459; baseline 0.002 -20"><span class='ocrx_word' id='word_1_86' title='bbox 423 1386 587 1457; x_wconf 84' lang='grc' dir='ltr'>κόρον</span> <span class='ocrx_word' id='word_1_87' title='bbox 614 1384 807 1438; x_wconf 75' lang='grc' dir='ltr'>ἔλαϐον</span> <span class='ocrx_word' id='word_1_88' title='bbox 829 1403 843 1417; x_wconf 88' lang='grc'><strong>·</strong></span> <span class='ocrx_word' id='word_1_89' title='bbox 896 1384 1035 1438; x_wconf 77' lang='grc' dir='ltr'>ἀλλὰ</span> <span class='ocrx_word' id='word_1_90' title='bbox 1076 1384 1356 1438; x_wconf 82' lang='grc' dir='ltr'>κελεύουσι</span> <span class='ocrx_word' id='word_1_91' title='bbox 1396 1385 1475 1457; x_wconf 81' lang='grc' dir='ltr'>τῷ</span> <span class='ocrx_word' id='word_1_92' title='bbox 1521 1386 1753 1458; x_wconf 82' lang='grc' dir='ltr'><strong>ὑπάρχῳ</strong></span> <span class='ocrx_word' id='word_1_93' title='bbox 1780 1389 1880 1459; x_wconf 78' lang='grc' dir='ltr'>τῆς</span> <span class='ocrx_word' id='word_1_94' title='bbox 1914 1388 2011 1442; x_wconf 80' lang='grc' dir='ltr'>πό-</span> 
     </span>
    </p>
   </div>
   <div class='ocr_carea' id='block_1_17' title="bbox 420 1476 2008 1551">
    <p class='ocr_par' dir='ltr' id='par_1_17' title="bbox 420 1476 2008 1551">
     <span class='ocr_line' id='line_1_17' title="bbox 420 1476 2008 1551; baseline 0.004 -22"><span class='ocrx_word' id='word_1_95' title='bbox 420 1476 582 1544; x_wconf 79' lang='grc' dir='ltr'>λεως,</span> <span class='ocrx_word' id='word_1_96' title='bbox 614 1477 835 1531; x_wconf 87' lang='grc' dir='ltr'>πάντων</span> <span class='ocrx_word' id='word_1_97' title='bbox 867 1476 976 1530; x_wconf 89' lang='grc' dir='ltr'><strong>τῶν</strong></span> <span class='ocrx_word' id='word_1_98' title='bbox 993 1477 1391 1547; x_wconf 82' lang='grc' dir='ltr'>ἀναιρεθέντων</span> <span class='ocrx_word' id='word_1_99' title='bbox 1417 1478 1488 1531; x_wconf 83' lang='grc' dir='ltr'><strong>τά</strong></span> <span class='ocrx_word' id='word_1_100' title='bbox 1511 1478 1761 1549; x_wconf 78' lang='grc' dir='ltr'>λείψανα,</span> <span class='ocrx_word' id='word_1_101' title='bbox 1782 1481 2008 1551; x_wconf 79' lang='grc' dir='ltr'>ῥιφῆναι</span> 
     </span>
    </p>
   </div>
   <div class='ocr_carea' id='block_1_18' title="bbox 422 1566 2006 1642">
    <p class='ocr_par' dir='ltr' id='par_1_18' title="bbox 422 1566 2006 1642">
     <span class='ocr_line' id='line_1_18' title="bbox 422 1566 2006 1642; baseline 0.003 -22"><span class='ocrx_word' id='word_1_102' title='bbox 422 1570 484 1620; x_wconf 74' lang='grc' dir='ltr'>ἐν</span> <span class='ocrx_word' id='word_1_103' title='bbox 517 1568 594 1638; x_wconf 83' lang='grc' dir='ltr'>τῷ</span> <span class='ocrx_word' id='word_1_104' title='bbox 616 1568 841 1637; x_wconf 82' lang='grc' dir='ltr'>πελάγει</span> <span class='ocrx_word' id='word_1_105' title='bbox 869 1584 884 1599; x_wconf 79' lang='lat'><strong><em>°</em></strong></span> <span class='ocrx_word' id='word_1_106' title='bbox 916 1569 1011 1621; x_wconf 74' lang='grc' dir='ltr'>καὶ</span> <span class='ocrx_word' id='word_1_107' title='bbox 1048 1566 1176 1621; x_wconf 79' lang='grc' dir='ltr'>οὗτε</span> <span class='ocrx_word' id='word_1_108' title='bbox 1210 1568 1286 1632; x_wconf 86' lang='grc' dir='ltr'>ὼς</span> <span class='ocrx_word' id='word_1_109' title='bbox 1339 1569 1672 1637; x_wconf 83' lang='grc' dir='ltr'>όμοπίστους</span> <span class='ocrx_word' id='word_1_110' title='bbox 1713 1571 2006 1642; x_wconf 76' lang='grc' dir='ltr'>ᾤκτειραν,</span> 
     </span>
    </p>
   </div>
   <div class='ocr_carea' id='block_1_19' title="bbox 420 1658 2006 1733">
    <p class='ocr_par' dir='ltr' id='par_1_19' title="bbox 420 1658 2006 1733">
     <span class='ocr_line' id='line_1_19' title="bbox 420 1658 2006 1733; baseline 0.003 -21"><span class='ocrx_word' id='word_1_111' title='bbox 420 1658 548 1713; x_wconf 76' lang='grc' dir='ltr'>οὔτε</span> <span class='ocrx_word' id='word_1_112' title='bbox 595 1660 671 1722; x_wconf 82' lang='grc' dir='ltr'>ὡς</span> <span class='ocrx_word' id='word_1_113' title='bbox 725 1658 1056 1730; x_wconf 78' lang='grc' dir='ltr'><strong>ὁμοφύλους,</strong></span> <span class='ocrx_word' id='word_1_114' title='bbox 1102 1660 1188 1714; x_wconf 85' lang='grc' dir='ltr'><strong>ῐνα</strong></span> <span class='ocrx_word' id='word_1_115' title='bbox 1222 1660 1297 1732; x_wconf 87' lang='grc' dir='ltr'>μὴ</span> <span class='ocrx_word' id='word_1_116' title='bbox 1331 1659 1477 1730; x_wconf 73' lang='grc' dir='ltr'>λέγω</span> <span class='ocrx_word' id='word_1_117' title='bbox 1528 1664 1622 1715; x_wconf 76' lang='grc' dir='ltr'>καὶ</span> <span class='ocrx_word' id='word_1_118' title='bbox 1658 1667 2006 1733; x_wconf 85' lang='grc' dir='ltr'>προσγενείς,</span> 
     </span>
    </p>
   </div>
   <div class='ocr_carea' id='block_1_20' title="bbox 2103 475 3685 551">
    <p class='ocr_par' dir='ltr' id='par_1_20' title="bbox 2103 475 3685 551">
     <span class='ocr_line' id='line_1_20' title="bbox 2103 475 3685 551; baseline 0.007 -27"><span class='ocrx_word' id='word_1_119' title='bbox 2103 480 2226 525; x_wconf 90' lang='lat' dir='ltr'><strong>erat</strong></span> <span class='ocrx_word' id='word_1_120' title='bbox 2284 489 2535 543; x_wconf 81' lang='lat' dir='ltr'><strong>magnam</strong></span> <span class='ocrx_word' id='word_1_121' title='bbox 2593 475 2875 531; x_wconf 89' lang='lat' dir='ltr'><strong>civitatem</strong></span> <span class='ocrx_word' id='word_1_122' title='bbox 2935 492 2999 532; x_wconf 86' lang='lat' dir='ltr'><strong>ea</strong></span> <span class='ocrx_word' id='word_1_123' title='bbox 3043 487 3175 533; x_wconf 92' lang='lat' dir='ltr'><strong>tunc</strong></span> <span class='ocrx_word' id='word_1_124' title='bbox 3224 484 3363 534; x_wconf 88' lang='lat' dir='ltr'><strong>mala</strong></span> <span class='ocrx_word' id='word_1_125' title='bbox 3421 483 3685 551; x_wconf 77' lang='lat' dir='ltr'><strong>experiri,</strong></span> 
     </span>
    </p>
   </div>
   <div class='ocr_carea' id='block_1_21' title="bbox 2104 567 3687 641">
    <p class='ocr_par' dir='ltr' id='par_1_21' title="bbox 2104 567 3687 641">
     <span class='ocr_line' id='line_1_21' title="bbox 2104 567 3687 641; baseline 0.005 -22"><span class='ocrx_word' id='word_1_126' title='bbox 2104 580 2228 634; x_wconf 68' lang='lat' dir='ltr'><strong>qua:</strong></span> <span class='ocrx_word' id='word_1_127' title='bbox 2280 582 2383 621; x_wconf 89' lang='lat' dir='ltr'><strong>nec</strong></span> <span class='ocrx_word' id='word_1_128' title='bbox 2444 582 2474 620; x_wconf 93' lang='lat' dir='ltr'><strong>a</strong></span> <span class='ocrx_word' id='word_1_129' title='bbox 2519 567 2777 623; x_wconf 85' lang='lat' dir='ltr'><strong>Barbaris</strong></span> <span class='ocrx_word' id='word_1_130' title='bbox 2823 577 2980 639; x_wconf 79' lang='lat' dir='ltr'><strong>capta</strong></span> <span class='ocrx_word' id='word_1_131' title='bbox 3036 569 3367 641; x_wconf 76' lang='lat' dir='ltr'><strong>direptaque</strong></span> <span class='ocrx_word' id='word_1_132' title='bbox 3428 586 3687 641; x_wconf 83' lang='lat' dir='ltr'><strong>perpessa</strong></span> 
     </span>
    </p>
   </div>
   <div class='ocr_carea' id='block_1_22' title="bbox 2103 665 2271 712">
    <p class='ocr_par' dir='ltr' id='par_1_22' title="bbox 2103 665 2271 712">
     <span class='ocr_line' id='line_1_22' title="bbox 2103 665 2271 712; baseline -0.006 0"><span class='ocrx_word' id='word_1_133' title='bbox 2103 665 2271 712; x_wconf 84' lang='lat' dir='ltr'><strong>esset.</strong></span> 
     </span>
    </p>
   </div>
   <div class='ocr_carea' id='block_1_23' title="bbox 2181 927 3690 1002">
    <p class='ocr_par' dir='ltr' id='par_1_23' title="bbox 2181 927 3690 1002">
     <span class='ocr_line' id='line_1_23' title="bbox 2181 927 3690 1002; baseline 0.001 -17"><span class='ocrx_word' id='word_1_134' title='bbox 2181 931 2233 985; x_wconf 89' lang='lat'><strong>9.</strong></span> <span class='ocrx_word' id='word_1_135' title='bbox 2276 927 2446 1000; x_wconf 83' lang='lat' dir='ltr'><strong>igitur</strong></span> <span class='ocrx_word' id='word_1_136' title='bbox 2474 928 2569 999; x_wconf 87' lang='lat' dir='ltr'><strong>qui</strong></span> <span class='ocrx_word' id='word_1_137' title='bbox 2588 929 2789 985; x_wconf 88' lang='lat' dir='ltr'><strong>ducem</strong></span> <span class='ocrx_word' id='word_1_138' title='bbox 2815 930 3047 1002; x_wconf 77' lang='lat' dir='ltr'><strong>ejusque</strong></span> <span class='ocrx_word' id='word_1_139' title='bbox 3075 929 3248 986; x_wconf 89' lang='lat' dir='ltr'><strong>ﬁlium</strong></span> <span class='ocrx_word' id='word_1_140' title='bbox 3270 930 3690 998; x_wconf 83' lang='lat' dir='ltr'><strong>interemerant,</strong></span> 
     </span>
    </p>
   </div>
   <div class='ocr_carea' id='block_1_24' title="bbox 2106 1021 3695 1092">
    <p class='ocr_par' dir='ltr' id='par_1_24' title="bbox 2106 1021 3695 1092">
     <span class='ocr_line' id='line_1_24' title="bbox 2106 1021 3695 1092; baseline 0.002 -16"><span class='ocrx_word' id='word_1_141' title='bbox 2106 1035 2303 1076; x_wconf 89' lang='lat' dir='ltr'><strong>eorum</strong></span> <span class='ocrx_word' id='word_1_142' title='bbox 2334 1021 2770 1091; x_wconf 64' lang='lat' dir='ltr'><strong>praseindentes</strong></span> <span class='ocrx_word' id='word_1_143' title='bbox 2792 1024 2996 1092; x_wconf 86' lang='lat' dir='ltr'><strong>capita,</strong></span> <span class='ocrx_word' id='word_1_144' title='bbox 3030 1022 3097 1078; x_wconf 91' lang='lat' dir='ltr'><strong>ad</strong></span> <span class='ocrx_word' id='word_1_145' title='bbox 3128 1023 3436 1086; x_wconf 80' lang='lat' dir='ltr'><strong>Nicolaum,</strong></span> <span class='ocrx_word' id='word_1_146' title='bbox 3468 1039 3562 1078; x_wconf 90' lang='lat' dir='ltr'><strong>seu</strong></span> <span class='ocrx_word' id='word_1_147' title='bbox 3601 1041 3695 1079; x_wconf 80' lang='lat' dir='ltr'><strong>ve—</strong></span> 
     </span>
    </p>
   </div>
   <div class='ocr_carea' id='block_1_25' title="bbox 2108 1114 3691 1186">
    <p class='ocr_par' dir='ltr' id='par_1_25' title="bbox 2108 1114 3691 1186">
     <span class='ocr_line' id='line_1_25' title="bbox 2108 1114 3691 1186; baseline 0 -17"><span class='ocrx_word' id='word_1_148' title='bbox 2108 1114 2229 1169; x_wconf 90' lang='lat' dir='ltr'><strong>rius</strong></span> <span class='ocrx_word' id='word_1_149' title='bbox 2264 1115 2636 1185; x_wconf 81' lang='lat' dir='ltr'><strong>Agricolaum,</strong></span> <span class='ocrx_word' id='word_1_150' title='bbox 2689 1116 2922 1186; x_wconf 83' lang='lat' dir='ltr'><strong>ejusque</strong></span> <span class='ocrx_word' id='word_1_151' title='bbox 2979 1116 3280 1185; x_wconf 87' lang='lat' dir='ltr'><strong>eomplices</strong></span> <span class='ocrx_word' id='word_1_152' title='bbox 3333 1116 3691 1171; x_wconf 86' lang='lat' dir='ltr'><strong>detulerunt:</strong></span> 
     </span>
    </p>
   </div>
   <div class='ocr_carea' id='block_1_26' title="bbox 2108 1204 3698 1275">
    <p class='ocr_par' dir='ltr' id='par_1_26' title="bbox 2108 1204 3698 1275">
     <span class='ocr_line' id='line_1_26' title="bbox 2108 1204 3698 1275; baseline 0.001 -20"><span class='ocrx_word' id='word_1_153' title='bbox 2108 1205 2203 1274; x_wconf 87' lang='lat' dir='ltr'><strong>qui</strong></span> <span class='ocrx_word' id='word_1_154' title='bbox 2234 1219 2297 1259; x_wconf 91' lang='lat' dir='ltr'><strong>ea</strong></span> <span class='ocrx_word' id='word_1_155' title='bbox 2328 1213 2692 1273; x_wconf 78' lang='lat' dir='ltr'><strong>agnoscentes</strong></span> <span class='ocrx_word' id='word_1_156' title='bbox 2716 1244 2731 1268; x_wconf 91' lang='lat'><strong>,</strong></span> <span class='ocrx_word' id='word_1_157' title='bbox 2773 1219 2884 1258; x_wconf 88' lang='lat' dir='ltr'><strong>non</strong></span> <span class='ocrx_word' id='word_1_158' title='bbox 2921 1204 3245 1275; x_wconf 79' lang='lat' dir='ltr'><strong>vulgaribus</strong></span> <span class='ocrx_word' id='word_1_159' title='bbox 3269 1205 3579 1261; x_wconf 85' lang='lat' dir='ltr'><strong>honoribus</strong></span> <span class='ocrx_word' id='word_1_160' title='bbox 3614 1214 3698 1259; x_wconf 86' lang='lat' dir='ltr'><strong>at-</strong></span> 
     </span>
    </p>
   </div>
   <div class='ocr_carea' id='block_1_27' title="bbox 2108 1290 3692 1363">
    <p class='ocr_par' dir='ltr' id='par_1_27' title="bbox 2108 1290 3692 1363">
     <span class='ocr_line' id='line_1_27' title="bbox 2108 1290 3692 1363; baseline 0.001 -18"><span class='ocrx_word' id='word_1_161' title='bbox 2108 1306 2218 1361; x_wconf 88' lang='lat' dir='ltr'><strong>que</strong></span> <span class='ocrx_word' id='word_1_162' title='bbox 2269 1290 2557 1361; x_wconf 71' lang='lat' dir='ltr'><strong>praemiis,</strong></span> <span class='ocrx_word' id='word_1_163' title='bbox 2623 1307 2760 1357; x_wconf 89' lang='lat' dir='ltr'><strong>eos,</strong></span> <span class='ocrx_word' id='word_1_164' title='bbox 2824 1293 2919 1363; x_wconf 90' lang='lat' dir='ltr'><strong>qui</strong></span> <span class='ocrx_word' id='word_1_165' title='bbox 2965 1292 3320 1358; x_wconf 81' lang='lat' dir='ltr'><strong>detulerant,</strong></span> <span class='ocrx_word' id='word_1_166' title='bbox 3368 1294 3692 1349; x_wconf 79' lang='lat' dir='ltr'><strong>affecerunt.</strong></span> 
     </span>
    </p>
   </div>
   <div class='ocr_carea' id='block_1_28' title="bbox 2107 1381 3698 1454">
    <p class='ocr_par' dir='ltr' id='par_1_28' title="bbox 2107 1381 3698 1454">
     <span class='ocr_line' id='line_1_28' title="bbox 2107 1381 3698 1454; baseline 0 -14"><span class='ocrx_word' id='word_1_167' title='bbox 2107 1381 2359 1453; x_wconf 87' lang='lat' dir='ltr'><strong>Cumque</strong></span> <span class='ocrx_word' id='word_1_168' title='bbox 2394 1400 2463 1439; x_wconf 90' lang='lat' dir='ltr'><strong>ne</strong></span> <span class='ocrx_word' id='word_1_169' title='bbox 2502 1384 2582 1439; x_wconf 90' lang='lat' dir='ltr'><strong>sic</strong></span> <span class='ocrx_word' id='word_1_170' title='bbox 2628 1383 2849 1454; x_wconf 86' lang='lat' dir='ltr'><strong>quidem</strong></span> <span class='ocrx_word' id='word_1_171' title='bbox 2882 1384 3077 1438; x_wconf 79' lang='lat' dir='ltr'><strong>nefarii</strong></span> <span class='ocrx_word' id='word_1_172' title='bbox 3117 1384 3371 1439; x_wconf 85' lang='lat' dir='ltr'><strong>homines</strong></span> <span class='ocrx_word' id='word_1_173' title='bbox 3402 1385 3514 1439; x_wconf 85' lang='lat' dir='ltr'><strong>iras</strong></span> <span class='ocrx_word' id='word_1_174' title='bbox 3538 1401 3698 1440; x_wconf 80' lang='lat' dir='ltr'><strong>exsa-</strong></span> 
     </span>
    </p>
   </div>
   <div class='ocr_carea' id='block_1_29' title="bbox 2111 1477 3695 1548">
    <p class='ocr_par' dir='ltr' id='par_1_29' title="bbox 2111 1477 3695 1548">
     <span class='ocr_line' id='line_1_29' title="bbox 2111 1477 3695 1548; baseline 0 -16"><span class='ocrx_word' id='word_1_175' title='bbox 2111 1478 2362 1540; x_wconf 89' lang='lat' dir='ltr'><strong>tiassent,</strong></span> <span class='ocrx_word' id='word_1_176' title='bbox 2392 1492 2659 1531; x_wconf 59' lang='lat' dir='ltr'><strong>caesorum</strong></span> <span class='ocrx_word' id='word_1_177' title='bbox 2686 1477 2951 1532; x_wconf 84' lang='lat' dir='ltr'><strong>cadavera</strong></span> <span class='ocrx_word' id='word_1_178' title='bbox 2973 1477 3156 1532; x_wconf 90' lang='lat' dir='ltr'><strong>omnia</strong></span> <span class='ocrx_word' id='word_1_179' title='bbox 3183 1478 3238 1531; x_wconf 91' lang='lat' dir='ltr'><strong>in</strong></span> <span class='ocrx_word' id='word_1_180' title='bbox 3268 1494 3415 1533; x_wconf 89' lang='lat' dir='ltr'><strong>mare</strong></span> <span class='ocrx_word' id='word_1_181' title='bbox 3441 1478 3695 1548; x_wconf 87' lang='lat' dir='ltr'><strong>jacienda</strong></span> 
     </span>
    </p>
   </div>
   <div class='ocr_carea' id='block_1_30' title="bbox 2112 1568 3695 1640">
    <p class='ocr_par' dir='ltr' id='par_1_30' title="bbox 2112 1568 3695 1640">
     <span class='ocr_line' id='line_1_30' title="bbox 2112 1568 3695 1640; baseline 0.001 -16"><span class='ocrx_word' id='word_1_182' title='bbox 2112 1568 2267 1624; x_wconf 80' lang='lat' dir='ltr'><strong>urbis</strong></span> <span class='ocrx_word' id='word_1_183' title='bbox 2292 1568 2554 1639; x_wconf 66' lang='lat' dir='ltr'><strong>praefecto</strong></span> <span class='ocrx_word' id='word_1_184' title='bbox 2579 1569 2894 1640; x_wconf 71' lang='lat' dir='ltr'><strong>iniungunt,</strong></span> <span class='ocrx_word' id='word_1_185' title='bbox 2930 1569 3081 1625; x_wconf 85' lang='lat' dir='ltr'><strong>nulla</strong></span> <span class='ocrx_word' id='word_1_186' title='bbox 3114 1569 3197 1624; x_wconf 88' lang='lat' dir='ltr'><strong>vel</strong></span> <span class='ocrx_word' id='word_1_187' title='bbox 3226 1571 3538 1625; x_wconf 87' lang='lat' dir='ltr'><strong>communis</strong></span> <span class='ocrx_word' id='word_1_188' title='bbox 3570 1569 3695 1626; x_wconf 90' lang='lat' dir='ltr'><strong>ﬁdei</strong></span> 
     </span>
    </p>
   </div>
   <div class='ocr_carea' id='block_1_31' title="bbox 2111 1656 3700 1727">
    <p class='ocr_par' dir='ltr' id='par_1_31' title="bbox 2111 1656 3700 1727">
     <span class='ocr_line' id='line_1_31' title="bbox 2111 1656 3700 1727; baseline 0.001 -17"><span class='ocrx_word' id='word_1_189' title='bbox 2111 1656 2349 1722; x_wconf 87' lang='lat' dir='ltr'><strong>ratione,</strong></span> <span class='ocrx_word' id='word_1_190' title='bbox 2402 1656 2553 1711; x_wconf 87' lang='lat' dir='ltr'><strong>nulla</strong></span> <span class='ocrx_word' id='word_1_191' title='bbox 2583 1657 2805 1727; x_wconf 78' lang='lat' dir='ltr'><strong>generis</strong></span> <span class='ocrx_word' id='word_1_192' title='bbox 2851 1656 3228 1721; x_wconf 81' lang='lat' dir='ltr'><strong>miseratione,</strong></span> <span class='ocrx_word' id='word_1_193' title='bbox 3274 1674 3339 1712; x_wconf 89' lang='lat' dir='ltr'><strong>ac</strong></span> <span class='ocrx_word' id='word_1_194' title='bbox 3376 1673 3444 1712; x_wconf 91' lang='lat' dir='ltr'><strong>ne</strong></span> <span class='ocrx_word' id='word_1_195' title='bbox 3479 1656 3700 1712; x_wconf 71' lang='lat' dir='ltr'><strong>familiae</strong></span> 
     </span>
    </p>
   </div>
   <div class='ocr_carea' id='block_1_32' title="bbox 424 1747 2026 1827">
    <p class='ocr_par' dir='ltr' id='par_1_32' title="bbox 424 1752 2009 1827">
     <span class='ocr_line' id='line_1_32' title="bbox 424 1752 2009 1827; baseline 0.001 -20"><span class='ocrx_word' id='word_1_196' title='bbox 424 1756 512 1807; x_wconf 78' lang='grc' dir='ltr'><strong>ίνα</strong></span> <span class='ocrx_word' id='word_1_197' title='bbox 536 1754 642 1807; x_wconf 76' lang='grc' dir='ltr'><strong>κᾶν</strong></span> <span class='ocrx_word' id='word_1_198' title='bbox 670 1753 740 1805; x_wconf 82' lang='grc' dir='ltr'><strong>τά</strong></span> <span class='ocrx_word' id='word_1_199' title='bbox 771 1753 1001 1823; x_wconf 80' lang='grc' dir='ltr'>σώματα</span> <span class='ocrx_word' id='word_1_200' title='bbox 1032 1752 1212 1806; x_wconf 77' lang='grc' dir='ltr'>αὐτῶν</span> <span class='ocrx_word' id='word_1_201' title='bbox 1271 1753 1477 1807; x_wconf 72' lang='grc' dir='ltr'>ἐάσωσι</span> <span class='ocrx_word' id='word_1_202' title='bbox 1502 1756 1568 1825; x_wconf 82' lang='grc' dir='ltr'>τῇ</span> <span class='ocrx_word' id='word_1_203' title='bbox 1600 1756 1724 1826; x_wconf 61' lang='grc' dir='ltr'>ὁσία</span> <span class='ocrx_word' id='word_1_204' title='bbox 1766 1757 2009 1827; x_wconf 73' lang='grc' dir='ltr'>παραδοι</span> 
     </span>
    </p>
   </div>
   <div class='ocr_carea' id='block_1_33' title="bbox 2130 1747 3698 1827">
    <p class='ocr_par' dir='ltr' id='par_1_33' title="bbox 2130 1749 3698 1822">
     <span class='ocr_line' id='line_1_33' title="bbox 2130 1749 3698 1822; baseline 0.001 -18"><span class='ocrx_word' id='word_1_205' title='bbox 2130 1750 2337 1821; x_wconf 87' lang='lat' dir='ltr'><strong>[uidem</strong></span> <span class='ocrx_word' id='word_1_206' title='bbox 2380 1766 2447 1806; x_wconf 88' lang='lat' dir='ltr'><strong>ac</strong></span> <span class='ocrx_word' id='word_1_207' title='bbox 2488 1749 2732 1805; x_wconf 86' lang='lat' dir='ltr'><strong>ailinium</strong></span> <span class='ocrx_word' id='word_1_208' title='bbox 2767 1751 3005 1822; x_wconf 88' lang='lat' dir='ltr'><strong>pietate,</strong></span> <span class='ocrx_word' id='word_1_209' title='bbox 3055 1761 3117 1806; x_wconf 85' lang='lat' dir='ltr'><strong>ut</strong></span> <span class='ocrx_word' id='word_1_210' title='bbox 3156 1752 3241 1806; x_wconf 90' lang='lat' dir='ltr'><strong>vel</strong></span> <span class='ocrx_word' id='word_1_211' title='bbox 3278 1752 3471 1806; x_wconf 88' lang='lat' dir='ltr'><strong>funera</strong></span> <span class='ocrx_word' id='word_1_212' title='bbox 3514 1751 3698 1806; x_wconf 78' lang='lat' dir='ltr'><strong>eﬂerri</strong></span> 
     </span>
    </p>
   </div>
   <div class='ocr_carea' id='block_1_34' title="bbox 428 1845 2012 1919">
    <p class='ocr_par' dir='ltr' id='par_1_34' title="bbox 428 1845 2012 1919">
     <span class='ocr_line' id='line_1_34' title="bbox 428 1845 2012 1919; baseline 0.001 -20"><span class='ocrx_word' id='word_1_213' title='bbox 428 1846 614 1915; x_wconf 80' lang='grc' dir='ltr'>θῆναι.</span> <span class='ocrx_word' id='word_1_214' title='bbox 670 1845 812 1898; x_wconf 77' lang='grc' dir='ltr'>Ἀλλ’</span> <span class='ocrx_word' id='word_1_215' title='bbox 841 1846 926 1914; x_wconf 72' lang='grc' dir='ltr'><strong>ἐφ’</strong></span> <span class='ocrx_word' id='word_1_216' title='bbox 949 1846 1187 1915; x_wconf 77' lang='grc' dir='ltr'>ἁμάξαις</span> <span class='ocrx_word' id='word_1_217' title='bbox 1219 1845 1426 1907; x_wconf 82' lang='grc' dir='ltr'>Θέντες,</span> <span class='ocrx_word' id='word_1_218' title='bbox 1458 1848 1505 1899; x_wconf 83' lang='lat' dir='ltr'><strong>oi</strong></span> <span class='ocrx_word' id='word_1_219' title='bbox 1537 1847 2012 1919; x_wconf 71' lang='grc' dir='ltr'>άνήμεροιθῆρες,</span> 
     </span>
    </p>
   </div>
   <div class='ocr_carea' id='block_1_35' title="bbox 426 1934 2011 2005">
    <p class='ocr_par' dir='ltr' id='par_1_35' title="bbox 426 1934 2011 2005">
     <span class='ocr_line' id='line_1_35' title="bbox 426 1934 2011 2005; baseline 0.001 -18"><span class='ocrx_word' id='word_1_220' title='bbox 426 1938 775 2005; x_wconf 72' lang='grc' dir='ltr'>ἡμιτμήτους</span> <span class='ocrx_word' id='word_1_221' title='bbox 793 1979 807 2002; x_wconf 86' lang='grc'><strong>,</strong></span> <span class='ocrx_word' id='word_1_222' title='bbox 865 1935 1328 2005; x_wconf 79' lang='grc' dir='ltr'>γεγυμνωμένους</span> <span class='ocrx_word' id='word_1_223' title='bbox 1354 1973 1369 1995; x_wconf 86' lang='grc'><strong>,</strong></span> <span class='ocrx_word' id='word_1_224' title='bbox 1425 1934 1771 2005; x_wconf 78' lang='grc' dir='ltr'>μεσολελωὸη</span> <span class='ocrx_word' id='word_1_225' title='bbox 1782 1938 1975 2005; x_wconf 78' lang='grc' dir='ltr'>μένους</span> <span class='ocrx_word' id='word_1_226' title='bbox 1995 1975 2011 2000; x_wconf 95' lang='grc'><strong>,</strong></span> 
     </span>
    </p>
   </div>
   <div class='ocr_carea' id='block_1_36' title="bbox 427 2023 2014 2099">
    <p class='ocr_par' dir='ltr' id='par_1_36' title="bbox 427 2023 2014 2099">
     <span class='ocr_line' id='line_1_36' title="bbox 427 2023 2014 2099; baseline 0.001 -19"><span class='ocrx_word' id='word_1_227' title='bbox 427 2028 571 2081; x_wconf 65' lang='grc' dir='ltr'>οὕτω</span> <span class='ocrx_word' id='word_1_228' title='bbox 622 2029 857 2099; x_wconf 85' lang='grc' dir='ltr'>δημόσια</span> <span class='ocrx_word' id='word_1_229' title='bbox 904 2027 1182 2099; x_wconf 82' lang='grc' dir='ltr'>σύροντες,</span> <span class='ocrx_word' id='word_1_230' title='bbox 1249 2029 1307 2080; x_wconf 80' lang='grc' dir='ltr'>ὲν</span> <span class='ocrx_word' id='word_1_231' title='bbox 1351 2026 1429 2097; x_wconf 81' lang='grc' dir='ltr'><strong>τῷ</strong></span> <span class='ocrx_word' id='word_1_232' title='bbox 1491 2027 1673 2099; x_wconf 83' lang='grc' dir='ltr'>πόντῳ</span> <span class='ocrx_word' id='word_1_233' title='bbox 1716 2023 1806 2082; x_wconf 76' lang='grc' dir='ltr'>οἶα</span> <span class='ocrx_word' id='word_1_234' title='bbox 1835 2028 2014 2082; x_wconf 82' lang='grc' dir='ltr'>κυνῶν</span> 
     </span>
    </p>
   </div>
   <div class='ocr_carea' id='block_1_37' title="bbox 440 2122 680 2176">
    <p class='ocr_par' dir='ltr' id='par_1_37' title="bbox 440 2122 680 2176">
     <span class='ocr_line' id='line_1_37' title="bbox 440 2122 680 2176; baseline 0.004 -1"><span class='ocrx_word' id='word_1_235' title='bbox 440 2122 680 2176; x_wconf 73' lang='grc' dir='ltr'>ῐϐαλλον.</span> 
     </span>
    </p>
   </div>
   <div class='ocr_carea' id='block_1_38' title="bbox 506 2212 2016 2284">
    <p class='ocr_par' dir='ltr' id='par_1_38' title="bbox 506 2212 2016 2284">
     <span class='ocr_line' id='line_1_38' title="bbox 506 2212 2016 2284; baseline 0.001 -19"><span class='ocrx_word' id='word_1_236' title='bbox 506 2213 555 2265; x_wconf 86' lang='grc' dir='ltr'>ι’.</span> <span class='ocrx_word' id='word_1_237' title='bbox 589 2215 723 2266; x_wconf 74' lang='grc' dir='ltr'>Φασὶ</span> <span class='ocrx_word' id='word_1_238' title='bbox 751 2212 809 2266; x_wconf 82' lang='grc' dir='ltr'><strong>δέ</strong></span> <span class='ocrx_word' id='word_1_239' title='bbox 839 2229 1009 2276; x_wconf 85' lang='grc' dir='ltr'>τινες,</span> <span class='ocrx_word' id='word_1_240' title='bbox 1048 2213 1131 2267; x_wconf 80' lang='grc' dir='ltr'>ὅτι</span> <span class='ocrx_word' id='word_1_241' title='bbox 1189 2213 1408 2278; x_wconf 82' lang='grc' dir='ltr'>πλείους</span> <span class='ocrx_word' id='word_1_242' title='bbox 1451 2215 1561 2267; x_wconf 86' lang='grc' dir='ltr'><strong>τῶν</strong></span> <span class='ocrx_word' id='word_1_243' title='bbox 1586 2212 1904 2284; x_wconf 82' lang='grc' dir='ltr'>τρισχιλίων</span> <span class='ocrx_word' id='word_1_244' title='bbox 1965 2213 2016 2266; x_wconf 79' lang='lat' dir='ltr'><strong>oi</strong></span> 
     </span>
    </p>
   </div>
   <div class='ocr_carea' id='block_1_39' title="bbox 431 2301 2017 2378">
    <p class='ocr_par' dir='ltr' id='par_1_39' title="bbox 431 2301 2017 2378">
     <span class='ocr_line' id='line_1_39' title="bbox 431 2301 2017 2378; baseline 0.001 -20"><span class='ocrx_word' id='word_1_245' title='bbox 431 2306 613 2369; x_wconf 82' lang='grc' dir='ltr'>δόντες</span> <span class='ocrx_word' id='word_1_246' title='bbox 639 2301 779 2377; x_wconf 82' lang='grc' dir='ltr'>ἦσαν</span> <span class='ocrx_word' id='word_1_247' title='bbox 813 2306 1043 2369; x_wconf 78' lang='grc' dir='ltr'>ἑαυτοὺς</span> <span class='ocrx_word' id='word_1_248' title='bbox 1098 2306 1179 2374; x_wconf 86' lang='grc' dir='ltr'>τῷ</span> <span class='ocrx_word' id='word_1_249' title='bbox 1230 2306 1467 2378; x_wconf 78' lang='grc' dir='ltr'>θανάτῳ,</span> <span class='ocrx_word' id='word_1_250' title='bbox 1501 2309 1558 2361; x_wconf 77' lang='grc' dir='ltr'>ὲν</span> <span class='ocrx_word' id='word_1_251' title='bbox 1589 2306 1666 2378; x_wconf 80' lang='grc' dir='ltr'>τῷ</span> <span class='ocrx_word' id='word_1_252' title='bbox 1697 2306 1772 2377; x_wconf 82' lang='grc' dir='ltr'>μὴ</span> <span class='ocrx_word' id='word_1_253' title='bbox 1804 2306 2017 2360; x_wconf 88' lang='grc' dir='ltr'>σπάσα-</span> 
     </span>
    </p>
   </div>
   <div class='ocr_carea' id='block_1_40' title="bbox 429 2397 2019 2469">
    <p class='ocr_par' dir='ltr' id='par_1_40' title="bbox 429 2397 2019 2469">
     <span class='ocr_line' id='line_1_40' title="bbox 429 2397 2019 2469; baseline -0.001 -16"><span class='ocrx_word' id='word_1_254' title='bbox 429 2397 555 2453; x_wconf 83' lang='grc' dir='ltr'>σθαι</span> <span class='ocrx_word' id='word_1_255' title='bbox 588 2398 861 2469; x_wconf 75' lang='grc' dir='ltr'>ῥομφαίαν</span> <span class='ocrx_word' id='word_1_256' title='bbox 892 2399 925 2469; x_wconf 72' lang='grc' dir='ltr'><strong>ἢ</strong></span> <span class='ocrx_word' id='word_1_257' title='bbox 978 2400 1110 2453; x_wconf 80' lang='grc' dir='ltr'>ἄλλο</span> <span class='ocrx_word' id='word_1_258' title='bbox 1147 2417 1201 2452; x_wconf 86' lang='grc' dir='ltr'><strong>τι</strong></span> <span class='ocrx_word' id='word_1_259' title='bbox 1237 2398 1421 2468; x_wconf 71' lang='grc' dir='ltr'>ξίφος,</span> <span class='ocrx_word' id='word_1_260' title='bbox 1439 2400 1528 2453; x_wconf 81' lang='grc' dir='ltr'><strong>διά</strong></span> <span class='ocrx_word' id='word_1_261' title='bbox 1554 2400 1646 2453; x_wconf 77' lang='grc' dir='ltr'><strong>τὸν</strong></span> <span class='ocrx_word' id='word_1_262' title='bbox 1675 2400 1857 2469; x_wconf 83' lang='grc' dir='ltr'>ὅρκον.</span> <span class='ocrx_word' id='word_1_263' title='bbox 1884 2398 2019 2469; x_wconf 84' lang='grc' dir='ltr'>Περὶ</span> 
     </span>
    </p>
   </div>
   <div class='ocr_carea' id='block_1_41' title="bbox 424 2485 2020 2559">
    <p class='ocr_par' dir='ltr' id='par_1_41' title="bbox 424 2485 2020 2559">
     <span class='ocr_line' id='line_1_41' title="bbox 424 2485 2020 2559; baseline -0.002 -18"><span class='ocrx_word' id='word_1_264' title='bbox 424 2488 481 2541; x_wconf 84' lang='grc' dir='ltr'><strong>δὲ</strong></span> <span class='ocrx_word' id='word_1_265' title='bbox 515 2488 623 2540; x_wconf 87' lang='grc' dir='ltr'><strong>τῶν</strong></span> <span class='ocrx_word' id='word_1_266' title='bbox 649 2488 1074 2559; x_wconf 76' lang='grc' dir='ltr'>κρεμασθέντων</span> <span class='ocrx_word' id='word_1_267' title='bbox 1117 2491 1175 2541; x_wconf 81' lang='grc' dir='ltr'>ὲν</span> <span class='ocrx_word' id='word_1_268' title='bbox 1226 2489 1348 2550; x_wconf 83' lang='grc' dir='ltr'>ταῖς</span> <span class='ocrx_word' id='word_1_269' title='bbox 1379 2487 1670 2558; x_wconf 79' lang='grc' dir='ltr'>φούρκαις,</span> <span class='ocrx_word' id='word_1_270' title='bbox 1713 2486 1888 2539; x_wconf 73' lang='grc' dir='ltr'>ίκανοῖ</span> <span class='ocrx_word' id='word_1_271' title='bbox 1923 2485 2020 2538; x_wconf 74' lang='grc' dir='ltr'><strong>καὶ</strong></span> 
     </span>
    </p>
   </div>
   <div class='ocr_carea' id='block_1_42' title="bbox 425 2576 2019 2652">
    <p class='ocr_par' dir='ltr' id='par_1_42' title="bbox 425 2576 2019 2652">
     <span class='ocr_line' id='line_1_42' title="bbox 425 2576 2019 2652; baseline -0.001 -20"><span class='ocrx_word' id='word_1_272' title='bbox 425 2578 732 2643; x_wconf 77' lang='grc' dir='ltr'>ἀξιόπιστοι</span> <span class='ocrx_word' id='word_1_273' title='bbox 761 2580 1177 2652; x_wconf 79' lang='grc' dir='ltr'>ἐμαρτύρησαν·</span> <span class='ocrx_word' id='word_1_274' title='bbox 1252 2580 1334 2646; x_wconf 84' lang='grc' dir='ltr'>ὡς</span> <span class='ocrx_word' id='word_1_275' title='bbox 1356 2576 1522 2634; x_wconf 75' lang='grc' dir='ltr'>εἶδον</span> <span class='ocrx_word' id='word_1_276' title='bbox 1556 2578 1860 2643; x_wconf 72' lang='grc' dir='ltr'>πολλάκις</span> <span class='ocrx_word' id='word_1_277' title='bbox 1889 2579 2019 2631; x_wconf 79' lang='grc' dir='ltr'>καθ’</span> 
     </span>
    </p>
   </div>
   <div class='ocr_carea' id='block_1_43' title="bbox 428 2670 2020 2740">
    <p class='ocr_par' dir='ltr' id='par_1_43' title="bbox 428 2670 2020 2740">
     <span class='ocr_line' id='line_1_43' title="bbox 428 2670 2020 2740; baseline -0.001 -14"><span class='ocrx_word' id='word_1_278' title='bbox 428 2672 543 2726; x_wconf 75' lang='grc' dir='ltr'><strong>ἕνα</strong></span> <span class='ocrx_word' id='word_1_279' title='bbox 576 2671 843 2727; x_wconf 77' lang='grc' dir='ltr'>ἕκαστον</span> <span class='ocrx_word' id='word_1_280' title='bbox 883 2674 1113 2728; x_wconf 80' lang='grc' dir='ltr'>τούτων</span> <span class='ocrx_word' id='word_1_281' title='bbox 1140 2672 1376 2740; x_wconf 72' lang='grc' dir='ltr'>νύκτωρ</span> <span class='ocrx_word' id='word_1_282' title='bbox 1402 2670 1629 2739; x_wconf 81' lang='grc' dir='ltr'>ἀστέρα</span> <span class='ocrx_word' id='word_1_283' title='bbox 1672 2671 1742 2724; x_wconf 76' lang='grc' dir='ltr'>ἐκ</span> <span class='ocrx_word' id='word_1_284' title='bbox 1779 2670 1888 2724; x_wconf 84' lang='grc' dir='ltr'><strong>τοῦ</strong></span> <span class='ocrx_word' id='word_1_285' title='bbox 1918 2673 2020 2725; x_wconf 82' lang='grc' dir='ltr'><strong>οὐ·</strong></span> 
     </span>
    </p>
   </div>
   <div class='ocr_carea' id='block_1_44' title="bbox 422 2762 2017 2834">
    <p class='ocr_par' dir='ltr' id='par_1_44' title="bbox 422 2762 2017 2834">
     <span class='ocr_line' id='line_1_44' title="bbox 422 2762 2017 2834; baseline 0.001 -19"><span class='ocrx_word' id='word_1_286' title='bbox 422 2765 619 2832; x_wconf 73' lang='grc' dir='ltr'>ρανοῦ</span> <span class='ocrx_word' id='word_1_287' title='bbox 635 2766 1099 2834; x_wconf 77' lang='grc' dir='ltr'>κατερχόμενον,</span> <span class='ocrx_word' id='word_1_288' title='bbox 1118 2763 1216 2818; x_wconf 74' lang='grc' dir='ltr'><strong>καί</strong></span> <span class='ocrx_word' id='word_1_289' title='bbox 1233 2765 1411 2833; x_wconf 74' lang='grc' dir='ltr'>μέχρι</span> <span class='ocrx_word' id='word_1_290' title='bbox 1430 2778 1557 2831; x_wconf 75' lang='grc' dir='ltr'><strong>πρω</strong></span> <span class='ocrx_word' id='word_1_291' title='bbox 1565 2764 1661 2829; x_wconf 84' lang='grc' dir='ltr'>τας</span> <span class='ocrx_word' id='word_1_292' title='bbox 1677 2762 2017 2817; x_wconf 80' lang='grc' dir='ltr'>διὰττοντα“</span> 
     </span>
    </p>
   </div>
   <div class='ocr_carea' id='block_1_45' title="bbox 430 2855 2023 2923">
    <p class='ocr_par' dir='ltr' id='par_1_45' title="bbox 430 2855 2023 2923">
     <span class='ocr_line' id='line_1_45' title="bbox 430 2855 2023 2923; baseline 0 -15"><span class='ocrx_word' id='word_1_293' title='bbox 430 2856 768 2920; x_wconf 82' lang='grc' dir='ltr'>δεικνύοντος</span> <span class='ocrx_word' id='word_1_294' title='bbox 803 2857 898 2911; x_wconf 89' lang='grc' dir='ltr'><strong>τοῦ</strong></span> <span class='ocrx_word' id='word_1_295' title='bbox 920 2857 1081 2915; x_wconf 85' lang='grc' dir='ltr'>Θεοῦ.</span> <span class='ocrx_word' id='word_1_296' title='bbox 1114 2858 1195 2912; x_wconf 75' lang='grc' dir='ltr'>ὅτι</span> <span class='ocrx_word' id='word_1_297' title='bbox 1226 2857 1429 2920; x_wconf 78' lang='grc' dir='ltr'><strong>ἀδίκως</strong></span> <span class='ocrx_word' id='word_1_298' title='bbox 1452 2856 1546 2910; x_wconf 75' lang='grc' dir='ltr'>τὸν</span> <span class='ocrx_word' id='word_1_299' title='bbox 1581 2855 1837 2910; x_wconf 84' lang='grc' dir='ltr'>τοσοῦτον</span> <span class='ocrx_word' id='word_1_300' title='bbox 1862 2858 2023 2923; x_wconf 72' lang='grc' dir='ltr'>φόνον</span> 
     </span>
    </p>
   </div>
   <div class='ocr_carea' id='block_1_46' title="bbox 330 2948 2023 3035">
    <p class='ocr_par' dir='ltr' id='par_1_46' title="bbox 330 2948 2023 3035">
     <span class='ocr_line' id='line_1_46' title="bbox 330 2948 2023 3035; baseline 0.001 -35"><span class='ocrx_word' id='word_1_301' title='bbox 330 3022 351 3035; x_wconf 47' lang='grc'><strong><em>“</em></strong></span> <span class='ocrx_word' id='word_1_302' title='bbox 433 2950 515 3010; x_wconf 75' lang='grc' dir='ltr'><strong>είς</strong></span> <span class='ocrx_word' id='word_1_303' title='bbox 540 2951 665 3012; x_wconf 78' lang='grc' dir='ltr'>τοὺς</span> <span class='ocrx_word' id='word_1_304' title='bbox 697 2950 978 3015; x_wconf 76' lang='grc' dir='ltr'>ἀναιτίους</span> <span class='ocrx_word' id='word_1_305' title='bbox 1004 2950 1336 3020; x_wconf 76' lang='grc' dir='ltr'>πεποίηκαν.</span> <span class='ocrx_word' id='word_1_306' title='bbox 1367 2949 1476 3002; x_wconf 85' lang='grc' dir='ltr'>Τοῦ</span> <span class='ocrx_word' id='word_1_307' title='bbox 1501 2951 1610 3019; x_wconf 82' lang='grc' dir='ltr'><strong>γὰρ</strong></span> <span class='ocrx_word' id='word_1_308' title='bbox 1647 2948 1825 3001; x_wconf 87' lang='grc' dir='ltr'>Δοῦκα</span> <span class='ocrx_word' id='word_1_309' title='bbox 1868 2952 2023 3003; x_wconf 81' lang='grc' dir='ltr'>ἀναι-</span> 
     </span>
    </p>
   </div>
   <div class='ocr_carea' id='block_1_47' title="bbox 437 3036 2025 3110">
    <p class='ocr_par' dir='ltr' id='par_1_47' title="bbox 437 3036 2025 3110">
     <span class='ocr_line' id='line_1_47' title="bbox 437 3036 2025 3110; baseline 0.001 -21"><span class='ocrx_word' id='word_1_310' title='bbox 437 3036 711 3107; x_wconf 80' lang='grc' dir='ltr'>ρεθέντος,</span> <span class='ocrx_word' id='word_1_311' title='bbox 751 3039 870 3092; x_wconf 82' lang='grc' dir='ltr'>δέον</span> <span class='ocrx_word' id='word_1_312' title='bbox 904 3039 1014 3093; x_wconf 84' lang='grc' dir='ltr'><strong>τῶν</strong></span> <span class='ocrx_word' id='word_1_313' title='bbox 1036 3040 1215 3094; x_wconf 76' lang='grc' dir='ltr'>ἄλλων</span> <span class='ocrx_word' id='word_1_314' title='bbox 1236 3039 1540 3109; x_wconf 85' lang='grc' dir='ltr'>φείδεσθαι,</span> <span class='ocrx_word' id='word_1_315' title='bbox 1564 3040 1626 3093; x_wconf 86' lang='grc' dir='ltr'><strong>ού</strong></span> <span class='ocrx_word' id='word_1_316' title='bbox 1652 3041 1812 3110; x_wconf 76' lang='grc' dir='ltr'>χεῖρα</span> <span class='ocrx_word' id='word_1_317' title='bbox 1841 3040 2025 3110; x_wconf 80' lang='grc' dir='ltr'>αἰρόν-</span> 
     </span>
    </p>
   </div>
   <div class='ocr_carea' id='block_1_48' title="bbox 2113 1841 3703 1914">
    <p class='ocr_par' dir='ltr' id='par_1_48' title="bbox 2113 1841 3703 1914">
     <span class='ocr_line' id='line_1_48' title="bbox 2113 1841 3703 1914; baseline 0 -17"><span class='ocrx_word' id='word_1_318' title='bbox 2113 1841 2363 1897; x_wconf 87' lang='lat' dir='ltr'><strong>sinerent</strong></span> <span class='ocrx_word' id='word_1_319' title='bbox 2403 1857 2469 1897; x_wconf 92' lang='lat' dir='ltr'><strong>ac</strong></span> <span class='ocrx_word' id='word_1_320' title='bbox 2514 1843 2775 1913; x_wconf 87' lang='lat' dir='ltr'><strong>sepeliri:</strong></span> <span class='ocrx_word' id='word_1_321' title='bbox 2807 1842 2902 1898; x_wconf 89' lang='lat' dir='ltr'><strong>sed</strong></span> <span class='ocrx_word' id='word_1_322' title='bbox 2942 1843 3207 1914; x_wconf 88' lang='lat' dir='ltr'><strong>plaustris</strong></span> <span class='ocrx_word' id='word_1_323' title='bbox 3257 1844 3539 1914; x_wconf 85' lang='lat' dir='ltr'><strong>imposita,</strong></span> <span class='ocrx_word' id='word_1_324' title='bbox 3588 1843 3703 1898; x_wconf 85' lang='lat' dir='ltr'><strong>dis-</strong></span> 
     </span>
    </p>
   </div>
   <div class='ocr_carea' id='block_1_49' title="bbox 2113 1930 3701 2002">
    <p class='ocr_par' dir='ltr' id='par_1_49' title="bbox 2113 1930 3701 2002">
     <span class='ocr_line' id='line_1_49' title="bbox 2113 1930 3701 2002; baseline -0.001 -16"><span class='ocrx_word' id='word_1_325' title='bbox 2113 1940 2287 1993; x_wconf 84' lang='lat' dir='ltr'><strong>secta,</strong></span> <span class='ocrx_word' id='word_1_326' title='bbox 2337 1930 2507 1995; x_wconf 89' lang='lat' dir='ltr'><strong>nuda,</strong></span> <span class='ocrx_word' id='word_1_327' title='bbox 2534 1930 2749 1995; x_wconf 89' lang='lat' dir='ltr'><strong>mutila,</strong></span> <span class='ocrx_word' id='word_1_328' title='bbox 2792 1931 3062 1986; x_wconf 89' lang='lat' dir='ltr'><strong>immanes</strong></span> <span class='ocrx_word' id='word_1_329' title='bbox 3100 1932 3207 1987; x_wconf 66' lang='lat' dir='ltr'><strong>illae</strong></span> <span class='ocrx_word' id='word_1_330' title='bbox 3252 1932 3415 1997; x_wconf 58' lang='lat' dir='ltr'><strong>ferae,</strong></span> <span class='ocrx_word' id='word_1_331' title='bbox 3480 1932 3701 2002; x_wconf 89' lang='lat' dir='ltr'><strong>publica</strong></span> 
     </span>
    </p>
   </div>
   <div class='ocr_carea' id='block_1_50' title="bbox 2116 2017 3701 2090">
    <p class='ocr_par' dir='ltr' id='par_1_50' title="bbox 2116 2017 3701 2090">
     <span class='ocr_line' id='line_1_50' title="bbox 2116 2017 3701 2090; baseline 0.002 -19"><span class='ocrx_word' id='word_1_332' title='bbox 2116 2026 2417 2087; x_wconf 87' lang='lat' dir='ltr'><strong>raptantes,</strong></span> <span class='ocrx_word' id='word_1_333' title='bbox 2464 2017 2613 2075; x_wconf 86' lang='lat' dir='ltr'><strong>velut</strong></span> <span class='ocrx_word' id='word_1_334' title='bbox 2638 2033 2838 2073; x_wconf 88' lang='lat' dir='ltr'><strong>canum</strong></span> <span class='ocrx_word' id='word_1_335' title='bbox 2858 2018 3127 2074; x_wconf 87' lang='lat' dir='ltr'><strong>cadavera</strong></span> <span class='ocrx_word' id='word_1_336' title='bbox 3162 2019 3215 2072; x_wconf 91' lang='lat' dir='ltr'><strong>in</strong></span> <span class='ocrx_word' id='word_1_337' title='bbox 3257 2035 3408 2075; x_wconf 90' lang='lat' dir='ltr'><strong>mare</strong></span> <span class='ocrx_word' id='word_1_338' title='bbox 3444 2018 3701 2090; x_wconf 82' lang='lat' dir='ltr'><strong>projicie-</strong></span> 
     </span>
    </p>
   </div>
   <div class='ocr_carea' id='block_1_51' title="bbox 2116 2110 2271 2166">
    <p class='ocr_par' dir='ltr' id='par_1_51' title="bbox 2116 2110 2271 2166">
     <span class='ocr_line' id='line_1_51' title="bbox 2116 2110 2271 2166; baseline -0.006 0"><span class='ocrx_word' id='word_1_339' title='bbox 2116 2110 2271 2166; x_wconf 87' lang='lat' dir='ltr'><strong>bant.</strong></span> 
     </span>
    </p>
   </div>
   <div class='ocr_carea' id='block_1_52' title="bbox 2188 2204 3705 2275">
    <p class='ocr_par' dir='ltr' id='par_1_52' title="bbox 2188 2204 3705 2275">
     <span class='ocr_line' id='line_1_52' title="bbox 2188 2204 3705 2275; baseline 0.001 -17"><span class='ocrx_word' id='word_1_340' title='bbox 2188 2204 2275 2258; x_wconf 82' lang='grc'>10.</span> <span class='ocrx_word' id='word_1_341' title='bbox 2322 2204 2489 2259; x_wconf 82' lang='lat' dir='ltr'><strong>Porro</strong></span> <span class='ocrx_word' id='word_1_342' title='bbox 2519 2205 2675 2259; x_wconf 88' lang='lat' dir='ltr'><strong>aiunt</strong></span> <span class='ocrx_word' id='word_1_343' title='bbox 2699 2206 2887 2275; x_wconf 83' lang='lat' dir='ltr'><strong>plures</strong></span> <span class='ocrx_word' id='word_1_344' title='bbox 2912 2205 3091 2261; x_wconf 90' lang='lat' dir='ltr'><strong>tribus</strong></span> <span class='ocrx_word' id='word_1_345' title='bbox 3116 2207 3361 2261; x_wconf 84' lang='lat' dir='ltr'><strong>millibus</strong></span> <span class='ocrx_word' id='word_1_346' title='bbox 3390 2206 3581 2269; x_wconf 89' lang='lat' dir='ltr'><strong>fuisse,</strong></span> <span class='ocrx_word' id='word_1_347' title='bbox 3608 2204 3705 2275; x_wconf 90' lang='lat' dir='ltr'><strong>qui</strong></span> 
     </span>
    </p>
   </div>
   <div class='ocr_carea' id='block_1_53' title="bbox 2117 2295 3705 2366">
    <p class='ocr_par' dir='ltr' id='par_1_53' title="bbox 2117 2295 3705 2366">
     <span class='ocr_line' id='line_1_53' title="bbox 2117 2295 3705 2366; baseline -0.001 -14"><span class='ocrx_word' id='word_1_348' title='bbox 2117 2296 2331 2366; x_wconf 87' lang='lat' dir='ltr'><strong>scipsos</strong></span> <span class='ocrx_word' id='word_1_349' title='bbox 2373 2297 2427 2349; x_wconf 90' lang='lat' dir='ltr'><strong>in</strong></span> <span class='ocrx_word' id='word_1_350' title='bbox 2464 2302 2696 2351; x_wconf 85' lang='lat' dir='ltr'><strong>mortem</strong></span> <span class='ocrx_word' id='word_1_351' title='bbox 2735 2297 3047 2363; x_wconf 85' lang='lat' dir='ltr'><strong>tradidere,</strong></span> <span class='ocrx_word' id='word_1_352' title='bbox 3101 2306 3449 2352; x_wconf 87' lang='lat' dir='ltr'><strong>sacramento</strong></span> <span class='ocrx_word' id='word_1_353' title='bbox 3499 2295 3705 2360; x_wconf 82' lang='lat' dir='ltr'><strong>adacti,</strong></span> 
     </span>
    </p>
   </div>
   <div class='ocr_carea' id='block_1_54' title="bbox 2118 2388 3705 2459">
    <p class='ocr_par' dir='ltr' id='par_1_54' title="bbox 2118 2388 3705 2459">
     <span class='ocr_line' id='line_1_54' title="bbox 2118 2388 3705 2459; baseline 0.001 -17"><span class='ocrx_word' id='word_1_354' title='bbox 2118 2404 2188 2444; x_wconf 90' lang='lat' dir='ltr'><strong>ne</strong></span> <span class='ocrx_word' id='word_1_355' title='bbox 2228 2388 2473 2459; x_wconf 83' lang='lat' dir='ltr'><strong>gladium</strong></span> <span class='ocrx_word' id='word_1_356' title='bbox 2520 2390 2893 2459; x_wconf 88' lang='lat' dir='ltr'><strong>stringerent,</strong></span> <span class='ocrx_word' id='word_1_357' title='bbox 2939 2398 3037 2443; x_wconf 89' lang='lat' dir='ltr'><strong>aut</strong></span> <span class='ocrx_word' id='word_1_358' title='bbox 3085 2392 3253 2444; x_wconf 63' lang='lat' dir='ltr'><strong>telum</strong></span> <span class='ocrx_word' id='word_1_359' title='bbox 3298 2390 3705 2459; x_wconf 88' lang='lat' dir='ltr'><strong>iutorquerent.</strong></span> 
     </span>
    </p>
   </div>
   <div class='ocr_carea' id='block_1_55' title="bbox 2118 2479 3709 2551">
    <p class='ocr_par' dir='ltr' id='par_1_55' title="bbox 2118 2479 3709 2551">
     <span class='ocr_line' id='line_1_55' title="bbox 2118 2479 3709 2551; baseline 0.001 -17"><span class='ocrx_word' id='word_1_360' title='bbox 2118 2479 2196 2534; x_wconf 88' lang='lat' dir='ltr'><strong>De</strong></span> <span class='ocrx_word' id='word_1_361' title='bbox 2227 2479 2314 2534; x_wconf 90' lang='lat' dir='ltr'><strong>his</strong></span> <span class='ocrx_word' id='word_1_362' title='bbox 2342 2496 2475 2535; x_wconf 88' lang='lat' dir='ltr'><strong>vero</strong></span> <span class='ocrx_word' id='word_1_363' title='bbox 2499 2480 2593 2549; x_wconf 90' lang='lat' dir='ltr'><strong>qui</strong></span> <span class='ocrx_word' id='word_1_364' title='bbox 2624 2481 2677 2534; x_wconf 89' lang='lat' dir='ltr'><strong>in</strong></span> <span class='ocrx_word' id='word_1_365' title='bbox 2710 2480 2882 2534; x_wconf 88' lang='lat' dir='ltr'><strong>furcis</strong></span> <span class='ocrx_word' id='word_1_366' title='bbox 2907 2480 3316 2551; x_wconf 88' lang='lat' dir='ltr'><strong>pependerunt,</strong></span> <span class='ocrx_word' id='word_1_367' title='bbox 3344 2481 3500 2536; x_wconf 89' lang='lat' dir='ltr'><strong>multi</strong></span> <span class='ocrx_word' id='word_1_368' title='bbox 3524 2496 3589 2535; x_wconf 88' lang='lat' dir='ltr'><strong>ac</strong></span> <span class='ocrx_word' id='word_1_369' title='bbox 3602 2479 3709 2535; x_wconf 88' lang='lat' dir='ltr'><strong>ﬁde</strong></span> 
     </span>
    </p>
   </div>
   <div class='ocr_carea' id='block_1_56' title="bbox 2120 2570 3712 2643">
    <p class='ocr_par' dir='ltr' id='par_1_56' title="bbox 2120 2570 3712 2643">
     <span class='ocr_line' id='line_1_56' title="bbox 2120 2570 3712 2643; baseline -0.001 -17"><span class='ocrx_word' id='word_1_370' title='bbox 2120 2570 2271 2642; x_wconf 80' lang='lat' dir='ltr'><strong>digni</strong></span> <span class='ocrx_word' id='word_1_371' title='bbox 2324 2574 2506 2627; x_wconf 85' lang='lat' dir='ltr'><strong>testati</strong></span> <span class='ocrx_word' id='word_1_372' title='bbox 2551 2582 2730 2628; x_wconf 91' lang='lat' dir='ltr'><strong>sunt:</strong></span> <span class='ocrx_word' id='word_1_373' title='bbox 2776 2574 2966 2627; x_wconf 75' lang='lat' dir='ltr'><strong>uidisse</strong></span> <span class='ocrx_word' id='word_1_374' title='bbox 3022 2590 3129 2627; x_wconf 85' lang='lat' dir='ltr'><strong>non</strong></span> <span class='ocrx_word' id='word_1_375' title='bbox 3168 2589 3295 2628; x_wconf 87' lang='lat' dir='ltr'><strong>raro</strong></span> <span class='ocrx_word' id='word_1_376' title='bbox 3334 2589 3493 2643; x_wconf 78' lang='lat' dir='ltr'><strong>super</strong></span> <span class='ocrx_word' id='word_1_377' title='bbox 3512 2586 3712 2626; x_wconf 82' lang='lat' dir='ltr'><strong>unum-</strong></span> 
     </span>
    </p>
   </div>
   <div class='ocr_carea' id='block_1_57' title="bbox 2120 2664 3714 2734">
    <p class='ocr_par' dir='ltr' id='par_1_57' title="bbox 2120 2664 3714 2734">
     <span class='ocr_line' id='line_1_57' title="bbox 2120 2664 3714 2734; baseline 0.001 -18"><span class='ocrx_word' id='word_1_378' title='bbox 2120 2680 2378 2734; x_wconf 71' lang='lat' dir='ltr'><strong>quemque</strong></span> <span class='ocrx_word' id='word_1_379' title='bbox 2417 2680 2601 2717; x_wconf 84' lang='lat' dir='ltr'><strong>eorum</strong></span> <span class='ocrx_word' id='word_1_380' title='bbox 2634 2664 2847 2719; x_wconf 65' lang='lat' dir='ltr'><strong>stellam</strong></span> <span class='ocrx_word' id='word_1_381' title='bbox 2879 2675 3034 2719; x_wconf 82' lang='lat' dir='ltr'><strong>noctu</strong></span> <span class='ocrx_word' id='word_1_382' title='bbox 3057 2682 3085 2719; x_wconf 88' lang='lat' dir='ltr'><strong>e</strong></span> <span class='ocrx_word' id='word_1_383' title='bbox 3118 2664 3248 2720; x_wconf 72' lang='lat' dir='ltr'><strong>caelo</strong></span> <span class='ocrx_word' id='word_1_384' title='bbox 3282 2667 3595 2726; x_wconf 68' lang='lat' dir='ltr'><strong>vadentem,</strong></span> <span class='ocrx_word' id='word_1_385' title='bbox 3630 2672 3714 2717; x_wconf 88' lang='lat' dir='ltr'><strong>at—</strong></span> 
     </span>
    </p>
   </div>
   <div class='ocr_carea' id='block_1_58' title="bbox 2123 2755 3711 2827">
    <p class='ocr_par' dir='ltr' id='par_1_58' title="bbox 2123 2755 3711 2827">
     <span class='ocr_line' id='line_1_58' title="bbox 2123 2755 3711 2827; baseline 0 -19"><span class='ocrx_word' id='word_1_386' title='bbox 2123 2771 2224 2826; x_wconf 81' lang='lat' dir='ltr'><strong>que</strong></span> <span class='ocrx_word' id='word_1_387' title='bbox 2250 2756 2321 2811; x_wconf 83' lang='lat' dir='ltr'><strong>ad</strong></span> <span class='ocrx_word' id='word_1_388' title='bbox 2351 2772 2564 2810; x_wconf 79' lang='lat' dir='ltr'><strong>aurora:</strong></span> <span class='ocrx_word' id='word_1_389' title='bbox 2586 2772 2751 2827; x_wconf 81' lang='lat' dir='ltr'><strong>usque</strong></span> <span class='ocrx_word' id='word_1_390' title='bbox 2778 2765 2982 2826; x_wconf 72' lang='lat' dir='ltr'><strong>tempus</strong></span> <span class='ocrx_word' id='word_1_391' title='bbox 3012 2759 3331 2821; x_wconf 73' lang='lat' dir='ltr'><strong>micantem;</strong></span> <span class='ocrx_word' id='word_1_392' title='bbox 3363 2757 3475 2810; x_wconf 87' lang='lat' dir='ltr'><strong>Deo</strong></span> <span class='ocrx_word' id='word_1_393' title='bbox 3495 2755 3711 2811; x_wconf 88' lang='lat' dir='ltr'><strong>scilicet</strong></span> 
     </span>
    </p>
   </div>
   <div class='ocr_carea' id='block_1_59' title="bbox 2123 2846 3707 2919">
    <p class='ocr_par' dir='ltr' id='par_1_59' title="bbox 2123 2846 3707 2919">
     <span class='ocr_line' id='line_1_59' title="bbox 2123 2846 3707 2919; baseline 0.002 -19"><span class='ocrx_word' id='word_1_394' title='bbox 2123 2846 2303 2916; x_wconf 88' lang='lat' dir='ltr'><strong>palam</strong></span> <span class='ocrx_word' id='word_1_395' title='bbox 2337 2856 2703 2911; x_wconf 83' lang='lat' dir='ltr'><strong>monstrante,</strong></span> <span class='ocrx_word' id='word_1_396' title='bbox 2757 2849 2959 2919; x_wconf 86' lang='lat' dir='ltr'><strong>injusta</strong></span> <span class='ocrx_word' id='word_1_397' title='bbox 3017 2865 3115 2903; x_wconf 87' lang='lat' dir='ltr'><strong>eos</strong></span> <span class='ocrx_word' id='word_1_398' title='bbox 3154 2848 3305 2903; x_wconf 59' lang='lat' dir='ltr'><strong>caede</strong></span> <span class='ocrx_word' id='word_1_399' title='bbox 3354 2864 3419 2903; x_wconf 90' lang='lat' dir='ltr'><strong>ac</strong></span> <span class='ocrx_word' id='word_1_400' title='bbox 3460 2849 3707 2903; x_wconf 85' lang='lat' dir='ltr'><strong>insontes</strong></span> 
     </span>
    </p>
   </div>
   <div class='ocr_carea' id='block_1_60' title="bbox 2125 2933 3716 3010">
    <p class='ocr_par' dir='ltr' id='par_1_60' title="bbox 2125 2933 3716 3010">
     <span class='ocr_line' id='line_1_60' title="bbox 2125 2933 3716 3010; baseline 0.001 -17"><span class='ocrx_word' id='word_1_401' title='bbox 2125 2933 2375 2993; x_wconf 71' lang='lat' dir='ltr'><strong>sublaios</strong></span> <span class='ocrx_word' id='word_1_402' title='bbox 2426 2953 2573 2995; x_wconf 86' lang='lat' dir='ltr'><strong>esse.</strong></span> <span class='ocrx_word' id='word_1_403' title='bbox 2618 2939 2838 2993; x_wconf 88' lang='lat' dir='ltr'><strong>Etenim</strong></span> <span class='ocrx_word' id='word_1_404' title='bbox 2889 2940 3030 2994; x_wconf 86' lang='lat' dir='ltr'><strong>duce</strong></span> <span class='ocrx_word' id='word_1_405' title='bbox 3077 2939 3434 3010; x_wconf 85' lang='lat' dir='ltr'><strong>interempto,</strong></span> <span class='ocrx_word' id='word_1_406' title='bbox 3482 2939 3716 3008; x_wconf 83' lang='lat' dir='ltr'><strong>reliquis</strong></span> 
     </span>
    </p>
   </div>
   <div class='ocr_carea' id='block_1_61' title="bbox 2130 3027 3717 3099">
    <p class='ocr_par' dir='ltr' id='par_1_61' title="bbox 2130 3027 3717 3099">
     <span class='ocr_line' id='line_1_61' title="bbox 2130 3027 3717 3099; baseline 0 -17"><span class='ocrx_word' id='word_1_407' title='bbox 2130 3027 2468 3098; x_wconf 87' lang='lat' dir='ltr'><strong>parcendum</strong></span> <span class='ocrx_word' id='word_1_408' title='bbox 2518 3038 2675 3093; x_wconf 87' lang='lat' dir='ltr'><strong>erat,</strong></span> <span class='ocrx_word' id='word_1_409' title='bbox 2727 3029 2822 3099; x_wconf 89' lang='lat' dir='ltr'><strong>qui</strong></span> <span class='ocrx_word' id='word_1_410' title='bbox 2864 3046 2968 3085; x_wconf 85' lang='lat' dir='ltr'><strong>nec</strong></span> <span class='ocrx_word' id='word_1_411' title='bbox 3006 3045 3229 3084; x_wconf 88' lang='lat' dir='ltr'><strong>manum</strong></span> <span class='ocrx_word' id='word_1_412' title='bbox 3277 3030 3558 3094; x_wconf 84' lang='lat' dir='ltr'><strong>levarent,</strong></span> <span class='ocrx_word' id='word_1_413' title='bbox 3614 3044 3717 3082; x_wconf 82' lang='lat' dir='ltr'><strong>nec</strong></span> 
     </span>
    </p>
   </div>
   <div class='ocr_carea' id='block_1_62' title="bbox 432 3098 2026 3203">
    <p class='ocr_par' dir='ltr' id='par_1_62' title="bbox 432 3098 2021 3203">
     <span class='ocr_line' id='line_1_62' title="bbox 432 3098 2021 3203; baseline 0.003 -22"><span class='ocrx_word' id='word_1_414' title='bbox 432 3098 564 3190; x_wconf 62' lang='grc' dir='ltr'>των,</span> <span class='ocrx_word' id='word_1_415' title='bbox 598 3098 1036 3202; x_wconf 20' lang='grc' dir='ltr'>οὑκνὲριξόντων,</span> <span class='ocrx_word' id='word_1_416' title='bbox 1067 3132 1129 3185; x_wconf 83' lang='grc' dir='ltr'><strong>ού</strong></span> <span class='ocrx_word' id='word_1_417' title='bbox 1148 3098 1567 3202; x_wconf 67' lang='grc' dir='ltr'>κραυγαζόντων</span> <span class='ocrx_word' id='word_1_418' title='bbox 1584 3146 1595 3161; x_wconf 82' lang='grc'><em>’</em></span> <span class='ocrx_word' id='word_1_419' title='bbox 1623 3098 1683 3185; x_wconf 63' lang='grc' dir='ltr'>οἶ</span> <span class='ocrx_word' id='word_1_420' title='bbox 1703 3098 1760 3186; x_wconf 58' lang='grc' dir='ltr'><strong>δέ</strong></span> <span class='ocrx_word' id='word_1_421' title='bbox 1776 3098 2021 3203; x_wconf 71' lang='grc' dir='ltr'>ἀνηλεῶς</span> 
     </span>
    </p>
   </div>
   <div class='ocr_carea' id='block_1_63' title="bbox 2130 3098 3719 3203">
    <p class='ocr_par' dir='ltr' id='par_1_63' title="bbox 2130 3117 3719 3188">
     <span class='ocr_line' id='line_1_63' title="bbox 2130 3117 3719 3188; baseline -0.004 -14"><span class='ocrx_word' id='word_1_422' title='bbox 2130 3118 2562 3185; x_wconf 85' lang='lat' dir='ltr'><strong>contenderent,</strong></span> <span class='ocrx_word' id='word_1_423' title='bbox 2621 3135 2799 3188; x_wconf 83' lang='lat' dir='ltr'><strong>neque</strong></span> <span class='ocrx_word' id='word_1_424' title='bbox 2838 3119 3133 3174; x_wconf 87' lang='lat' dir='ltr'><strong>clamorem</strong></span> <span class='ocrx_word' id='word_1_425' title='bbox 3199 3117 3468 3173; x_wconf 78' lang='lat' dir='ltr'><strong>eﬁerrent</strong></span> <span class='ocrx_word' id='word_1_426' title='bbox 3510 3117 3551 3170; x_wconf 75' lang='grc'>⁸.</span> <span class='ocrx_word' id='word_1_427' title='bbox 3646 3118 3719 3170; x_wconf 83' lang='lat' dir='ltr'><strong>At</strong></span> 
     </span>
    </p>
   </div>
   <div class='ocr_carea' id='block_1_64' title="bbox 436 3215 2022 3294">
    <p class='ocr_par' dir='ltr' id='par_1_64' title="bbox 436 3215 2022 3294">
     <span class='ocr_line' id='line_1_64' title="bbox 436 3215 2022 3294; baseline 0.002 -20"><span class='ocrx_word' id='word_1_428' title='bbox 436 3215 576 3291; x_wconf 78' lang='grc' dir='ltr'>αἷμα</span> <span class='ocrx_word' id='word_1_429' title='bbox 600 3221 777 3275; x_wconf 77' lang='grc' dir='ltr'>ἀθῶον</span> <span class='ocrx_word' id='word_1_430' title='bbox 808 3222 1049 3293; x_wconf 69' lang='grc' dir='ltr'>ἐξέχεαν.</span> <span class='ocrx_word' id='word_1_431' title='bbox 1078 3222 1186 3276; x_wconf 81' lang='grc' dir='ltr'>Φεῦ</span> <span class='ocrx_word' id='word_1_432' title='bbox 1220 3224 1318 3292; x_wconf 83' lang='grc' dir='ltr'>τῆς</span> <span class='ocrx_word' id='word_1_433' title='bbox 1356 3223 1468 3276; x_wconf 84' lang='grc' dir='ltr'><strong>τῶν</strong></span> <span class='ocrx_word' id='word_1_434' title='bbox 1494 3223 1811 3294; x_wconf 84' lang='grc' dir='ltr'>δρασάντων</span> <span class='ocrx_word' id='word_1_435' title='bbox 1838 3224 2022 3278; x_wconf 83' lang='grc' dir='ltr'>ἀθλιό-</span> 
     </span>
    </p>
   </div>
   <div class='ocr_carea' id='block_1_65' title="bbox 436 3310 2028 3384">
    <p class='ocr_par' dir='ltr' id='par_1_65' title="bbox 436 3310 2028 3384">
     <span class='ocr_line' id='line_1_65' title="bbox 436 3310 2028 3384; baseline 0.001 -21"><span class='ocrx_word' id='word_1_436' title='bbox 436 3328 622 3381; x_wconf 83' lang='grc' dir='ltr'>τητος,</span> <span class='ocrx_word' id='word_1_437' title='bbox 657 3314 751 3365; x_wconf 67' lang='grc' dir='ltr'><strong>καλ⁵</strong></span> <span class='ocrx_word' id='word_1_438' title='bbox 801 3314 925 3367; x_wconf 75' lang='grc' dir='ltr'>οὐαὶ</span> <span class='ocrx_word' id='word_1_439' title='bbox 974 3313 1159 3376; x_wconf 76' lang='grc' dir='ltr'>αὐτοῖς</span> <span class='ocrx_word' id='word_1_440' title='bbox 1191 3312 1335 3365; x_wconf 81' lang='grc' dir='ltr'>κατὰ</span> <span class='ocrx_word' id='word_1_441' title='bbox 1363 3313 1463 3383; x_wconf 82' lang='grc' dir='ltr'>τὴν</span> <span class='ocrx_word' id='word_1_442' title='bbox 1497 3314 1735 3383; x_wconf 82' lang='grc' dir='ltr'>φρικτὴν</span> <span class='ocrx_word' id='word_1_443' title='bbox 1774 3310 1875 3381; x_wconf 80' lang='grc' dir='ltr'>τῆς</span> <span class='ocrx_word' id='word_1_444' title='bbox 1907 3311 2028 3384; x_wconf 76' lang='grc' dir='ltr'>κρί-</span> 
     </span>
    </p>
   </div>
   <div class='ocr_carea' id='block_1_66' title="bbox 438 3400 2028 3476">
    <p class='ocr_par' dir='ltr' id='par_1_66' title="bbox 438 3400 2028 3476">
     <span class='ocr_line' id='line_1_66' title="bbox 438 3400 2028 3476; baseline -0.001 -20"><span class='ocrx_word' id='word_1_445' title='bbox 438 3420 580 3466; x_wconf 87' lang='grc' dir='ltr'>σεως</span> <span class='ocrx_word' id='word_1_446' title='bbox 638 3405 875 3476; x_wconf 78' lang='grc' dir='ltr'>ἡμέραν,</span> <span class='ocrx_word' id='word_1_447' title='bbox 920 3406 1003 3459; x_wconf 81' lang='grc' dir='ltr'>δτι</span> <span class='ocrx_word' id='word_1_448' title='bbox 1072 3405 1135 3457; x_wconf 82' lang='grc' dir='ltr'><strong>τὸ</strong></span> <span class='ocrx_word' id='word_1_449' title='bbox 1174 3400 1315 3474; x_wconf 78' lang='grc' dir='ltr'>αἷμα</span> <span class='ocrx_word' id='word_1_450' title='bbox 1351 3403 1436 3475; x_wconf 85' lang='grc' dir='ltr'><strong>[Ρ.</strong></span> <span class='ocrx_word' id='word_1_451' title='bbox 1466 3404 1595 3476; x_wconf 75' lang='lat'><strong>599]</strong></span> <span class='ocrx_word' id='word_1_452' title='bbox 1643 3404 1753 3457; x_wconf 84' lang='grc' dir='ltr'><strong>τῶν</strong></span> <span class='ocrx_word' id='word_1_453' title='bbox 1780 3402 2028 3472; x_wconf 81' lang='grc' dir='ltr'>ἀδελφῶν</span> 
     </span>
    </p>
   </div>
   <div class='ocr_carea' id='block_1_67' title="bbox 438 3494 1917 3569">
    <p class='ocr_par' dir='ltr' id='par_1_67' title="bbox 438 3494 1917 3569">
     <span class='ocr_line' id='line_1_67' title="bbox 438 3494 1917 3569; baseline 0 -20"><span class='ocrx_word' id='word_1_454' title='bbox 438 3495 621 3549; x_wconf 84' lang='grc' dir='ltr'>αὐτῶν</span> <span class='ocrx_word' id='word_1_455' title='bbox 661 3497 725 3551; x_wconf 80' lang='grc' dir='ltr'>ἐκ</span> <span class='ocrx_word' id='word_1_456' title='bbox 772 3497 975 3569; x_wconf 80' lang='grc' dir='ltr'>χειρῶν</span> <span class='ocrx_word' id='word_1_457' title='bbox 1030 3494 1212 3551; x_wconf 82' lang='grc' dir='ltr'>αὐτῶν</span> <span class='ocrx_word' id='word_1_458' title='bbox 1280 3495 1576 3567; x_wconf 73' lang='grc' dir='ltr'>ἐκζητήσει</span> <span class='ocrx_word' id='word_1_459' title='bbox 1618 3498 1646 3551; x_wconf 83' lang='grc' dir='ltr'>ὁ</span> <span class='ocrx_word' id='word_1_460' title='bbox 1693 3495 1917 3567; x_wconf 81' lang='grc' dir='ltr'>Κύριος.</span> 
     </span>
    </p>
   </div>
   <div class='ocr_carea' id='block_1_68' title="bbox 516 3679 2031 3753">
    <p class='ocr_par' dir='ltr' id='par_1_68' title="bbox 516 3679 2031 3753">
     <span class='ocr_line' id='line_1_68' title="bbox 516 3679 2031 3753; baseline -0.003 -16"><span class='ocrx_word' id='word_1_461' title='bbox 516 3688 606 3737; x_wconf 85' lang='grc' dir='ltr'>ια’.</span> <span class='ocrx_word' id='word_1_462' title='bbox 641 3679 755 3753; x_wconf 77' lang='grc' dir='ltr'><strong>Τὴν</strong></span> <span class='ocrx_word' id='word_1_463' title='bbox 788 3681 843 3733; x_wconf 72' lang='grc' dir='ltr'><strong>δέ</strong></span> <span class='ocrx_word' id='word_1_464' title='bbox 867 3698 931 3750; x_wconf 77' lang='grc' dir='ltr'>γε</span> <span class='ocrx_word' id='word_1_465' title='bbox 949 3679 1194 3752; x_wconf 82' lang='grc' dir='ltr'>κεφαλὴν</span> <span class='ocrx_word' id='word_1_466' title='bbox 1222 3680 1319 3733; x_wconf 87' lang='grc' dir='ltr'><strong>τοῦ</strong></span> <span class='ocrx_word' id='word_1_467' title='bbox 1360 3679 1541 3735; x_wconf 84' lang='grc' dir='ltr'>Δοῦκα</span> <span class='ocrx_word' id='word_1_468' title='bbox 1577 3679 1781 3743; x_wconf 81' lang='grc' dir='ltr'>ἰδόντες</span> <span class='ocrx_word' id='word_1_469' title='bbox 1818 3680 1869 3733; x_wconf 79' lang='lat' dir='ltr'><strong>oi</strong></span> <span class='ocrx_word' id='word_1_470' title='bbox 1910 3680 2031 3751; x_wconf 86' lang='grc' dir='ltr'>βδε-</span> 
     </span>
    </p>
   </div>
   <div class='ocr_carea' id='block_1_69' title="bbox 442 3771 2034 3845">
    <p class='ocr_par' dir='ltr' id='par_1_69' title="bbox 442 3771 2034 3845">
     <span class='ocr_line' id='line_1_69' title="bbox 442 3771 2034 3845; baseline 0.001 -20"><span class='ocrx_word' id='word_1_471' title='bbox 442 3772 715 3845; x_wconf 76' lang='grc' dir='ltr'>λυροὶ,ὠς</span> <span class='ocrx_word' id='word_1_472' title='bbox 744 3772 1054 3841; x_wconf 77' lang='grc' dir='ltr'>φθάσαντες</span> <span class='ocrx_word' id='word_1_473' title='bbox 1076 3773 1329 3841; x_wconf 73' lang='grc' dir='ltr'>εἴπομεν,</span> <span class='ocrx_word' id='word_1_474' title='bbox 1363 3774 1458 3826; x_wconf 76' lang='grc' dir='ltr'>καὶ</span> <span class='ocrx_word' id='word_1_475' title='bbox 1485 3771 2034 3843; x_wconf 82' lang='grc' dir='ltr'>καταμωκησάμενοι</span> 
     </span>
    </p>
   </div>
   <div class='ocr_carea' id='block_1_70' title="bbox 450 3865 2035 3937">
    <p class='ocr_par' dir='ltr' id='par_1_70' title="bbox 450 3865 2035 3937">
     <span class='ocr_line' id='line_1_70' title="bbox 450 3865 2035 3937; baseline 0.001 -19"><span class='ocrx_word' id='word_1_476' title='bbox 450 3866 674 3934; x_wconf 76' lang='grc' dir='ltr'>ταύτης,</span> <span class='ocrx_word' id='word_1_477' title='bbox 713 3865 1010 3919; x_wconf 71' lang='grc' dir='ltr'>ἐκέλευσαν</span> <span class='ocrx_word' id='word_1_478' title='bbox 1041 3866 1219 3937; x_wconf 80' lang='grc' dir='ltr'>κοντῷ</span> <span class='ocrx_word' id='word_1_479' title='bbox 1242 3867 1589 3937; x_wconf 82' lang='grc' dir='ltr'>ἐμπαρείσαν</span> <span class='ocrx_word' id='word_1_480' title='bbox 1612 3865 1699 3919; x_wconf 85' lang='grc' dir='ltr'>διά</span> <span class='ocrx_word' id='word_1_481' title='bbox 1722 3867 1903 3935; x_wconf 82' lang='grc' dir='ltr'>πάσης</span> <span class='ocrx_word' id='word_1_482' title='bbox 1933 3867 2035 3934; x_wconf 83' lang='grc' dir='ltr'><strong>τῆς</strong></span> 
     </span>
    </p>
   </div>
   <div class='ocr_carea' id='block_1_71' title="bbox 460 3952 2032 4030">
    <p class='ocr_par' dir='ltr' id='par_1_71' title="bbox 460 3952 2032 4030">
     <span class='ocr_line' id='line_1_71' title="bbox 460 3952 2032 4030; baseline 0.002 -22"><span class='ocrx_word' id='word_1_483' title='bbox 460 3956 657 4022; x_wconf 81' lang='grc' dir='ltr'>πόλεως</span> <span class='ocrx_word' id='word_1_484' title='bbox 699 3952 1120 4030; x_wconf 75' lang='grc' dir='ltr'>θεατριζεσθαι·</span> <span class='ocrx_word' id='word_1_485' title='bbox 1164 3959 1287 4023; x_wconf 77' lang='lat' dir='ltr'><strong>Ira,</strong></span> <span class='ocrx_word' id='word_1_486' title='bbox 1329 3958 1518 4028; x_wconf 76' lang='grc' dir='ltr'>φησὶν,</span> <span class='ocrx_word' id='word_1_487' title='bbox 1588 3958 2032 4026; x_wconf 75' lang='grc' dir='ltr'>αἱσχυνθῶσιν,</span> 
     </span>
    </p>
   </div>
   <div class='ocr_carea' id='block_1_72' title="bbox 456 4047 2037 4118">
    <p class='ocr_par' dir='ltr' id='par_1_72' title="bbox 456 4047 2037 4118">
     <span class='ocr_line' id='line_1_72' title="bbox 456 4047 2037 4118; baseline 0.006 -19"><span class='ocrx_word' id='word_1_488' title='bbox 456 4049 514 4100; x_wconf 84' lang='grc' dir='ltr'>οι</span> <span class='ocrx_word' id='word_1_489' title='bbox 537 4047 833 4104; x_wconf 78' lang='grc' dir='ltr'>ἐπἀὐτὸν</span> <span class='ocrx_word' id='word_1_490' title='bbox 861 4051 969 4117; x_wconf 84' lang='grc' dir='ltr'>τὰς</span> <span class='ocrx_word' id='word_1_491' title='bbox 999 4050 1253 4117; x_wconf 74' lang='grc' dir='ltr'>ἐλπίδας</span> <span class='ocrx_word' id='word_1_492' title='bbox 1286 4050 1544 4118; x_wconf 82' lang='grc' dir='ltr'>θέμενοι,</span> <span class='ocrx_word' id='word_1_493' title='bbox 1586 4052 1680 4103; x_wconf 74' lang='grc' dir='ltr'>καὶ</span> <span class='ocrx_word' id='word_1_494' title='bbox 1729 4052 1905 4117; x_wconf 83' lang='grc' dir='ltr'>τέλος,</span> <span class='ocrx_word' id='word_1_495' title='bbox 1940 4055 2037 4109; x_wconf 76' lang='grc' dir='ltr'>καὶ</span> 
     </span>
    </p>
   </div>
   <div class='ocr_carea' id='block_1_73' title="bbox 450 4140 2038 4217">
    <p class='ocr_par' dir='ltr' id='par_1_73' title="bbox 450 4140 2038 4217">
     <span class='ocr_line' id='line_1_73' title="bbox 450 4140 2038 4217; baseline 0.005 -26"><span class='ocrx_word' id='word_1_496' title='bbox 450 4140 655 4212; x_wconf 79' lang='grc' dir='ltr'>ταύτην</span> <span class='ocrx_word' id='word_1_497' title='bbox 680 4143 762 4213; x_wconf 76' lang='grc' dir='ltr'>τῷ</span> <span class='ocrx_word' id='word_1_498' title='bbox 803 4143 950 4214; x_wconf 86' lang='grc' dir='ltr'>βυθῷ</span> <span class='ocrx_word' id='word_1_499' title='bbox 978 4144 1074 4197; x_wconf 86' lang='grc' dir='ltr'><strong>τοῦ</strong></span> <span class='ocrx_word' id='word_1_500' title='bbox 1123 4144 1318 4197; x_wconf 82' lang='grc' dir='ltr'>πόντου</span> <span class='ocrx_word' id='word_1_501' title='bbox 1351 4144 1577 4215; x_wconf 83' lang='grc' dir='ltr'>δοθῆναι</span> <span class='ocrx_word' id='word_1_502' title='bbox 1602 4146 1699 4199; x_wconf 82' lang='grc' dir='ltr'><strong>σὺν</strong></span> <span class='ocrx_word' id='word_1_503' title='bbox 1746 4145 1827 4216; x_wconf 81' lang='grc' dir='ltr'>τῷ</span> <span class='ocrx_word' id='word_1_504' title='bbox 1864 4146 2038 4217; x_wconf 89' lang='grc' dir='ltr'>λοιπῷ</span> 
     </span>
    </p>
   </div>
   <div class='ocr_carea' id='block_1_74' title="bbox 451 4234 2040 4309">
    <p class='ocr_par' dir='ltr' id='par_1_74' title="bbox 451 4234 2040 4309">
     <span class='ocr_line' id='line_1_74' title="bbox 451 4234 2040 4309; baseline 0.004 -22"><span class='ocrx_word' id='word_1_505' title='bbox 451 4234 691 4305; x_wconf 81' lang='grc' dir='ltr'>σώματι.</span> <span class='ocrx_word' id='word_1_506' title='bbox 718 4238 829 4291; x_wconf 74' lang='grc' dir='ltr'>Καὶ</span> <span class='ocrx_word' id='word_1_507' title='bbox 858 4237 1019 4291; x_wconf 85' lang='grc' dir='ltr'>τοῦτο</span> <span class='ocrx_word' id='word_1_508' title='bbox 1052 4238 1151 4308; x_wconf 81' lang='grc' dir='ltr'>μὲν</span> <span class='ocrx_word' id='word_1_509' title='bbox 1180 4236 1423 4308; x_wconf 87' lang='grc' dir='ltr'>τοσούτῳ</span> <span class='ocrx_word' id='word_1_510' title='bbox 1451 4240 1641 4309; x_wconf 87' lang='grc' dir='ltr'>τρόπῳ</span> <span class='ocrx_word' id='word_1_511' title='bbox 1665 4237 1915 4294; x_wconf 84' lang='grc' dir='ltr'>ἀπώλετο</span> <span class='ocrx_word' id='word_1_512' title='bbox 1934 4255 1948 4269; x_wconf 92' lang='grc'><strong>·</strong></span> <span class='ocrx_word' id='word_1_513' title='bbox 1978 4240 2040 4293; x_wconf 76' lang='grc' dir='ltr'>τὸ</span> 
     </span>
    </p>
   </div>
   <div class='ocr_carea' id='block_1_75' title="bbox 446 4327 2038 4400">
    <p class='ocr_par' dir='ltr' id='par_1_75' title="bbox 446 4327 2038 4400">
     <span class='ocr_line' id='line_1_75' title="bbox 446 4327 2038 4400; baseline 0.001 -17"><span class='ocrx_word' id='word_1_514' title='bbox 446 4327 509 4383; x_wconf 81' lang='grc' dir='ltr'><em>δέ</em></span> <span class='ocrx_word' id='word_1_515' title='bbox 538 4344 603 4396; x_wconf 74' lang='grc' dir='ltr'>γε</span> <span class='ocrx_word' id='word_1_516' title='bbox 649 4329 872 4400; x_wconf 82' lang='grc' dir='ltr'>πνεῦμα</span> <span class='ocrx_word' id='word_1_517' title='bbox 919 4330 1087 4384; x_wconf 73' lang='grc' dir='ltr'>αὐτοῦ</span> <span class='ocrx_word' id='word_1_518' title='bbox 1118 4330 1179 4383; x_wconf 74' lang='grc' dir='ltr'>τὸ</span> <span class='ocrx_word' id='word_1_519' title='bbox 1216 4331 1549 4400; x_wconf 73' lang='grc' dir='ltr'>ἀείμνηστον</span> <span class='ocrx_word' id='word_1_520' title='bbox 1611 4332 1660 4384; x_wconf 79' lang='lat' dir='ltr'><strong>oi</strong></span> <span class='ocrx_word' id='word_1_521' title='bbox 1710 4333 1903 4385; x_wconf 84' lang='grc' dir='ltr'>κόλποι</span> <span class='ocrx_word' id='word_1_522' title='bbox 1942 4332 2038 4386; x_wconf 79' lang='grc' dir='ltr'><strong>τοῦ</strong></span> 
     </span>
    </p>
   </div>
   <div class='ocr_carea' id='block_1_76' title="bbox 2127 3207 3718 3280">
    <p class='ocr_par' dir='ltr' id='par_1_76' title="bbox 2127 3207 3718 3280">
     <span class='ocr_line' id='line_1_76' title="bbox 2127 3207 3718 3280; baseline -0.003 -15"><span class='ocrx_word' id='word_1_523' title='bbox 2127 3211 2205 3265; x_wconf 90' lang='lat' dir='ltr'><strong>illi</strong></span> <span class='ocrx_word' id='word_1_524' title='bbox 2266 3211 2554 3267; x_wconf 87' lang='lat' dir='ltr'><strong>enimvero</strong></span> <span class='ocrx_word' id='word_1_525' title='bbox 2586 3211 2810 3266; x_wconf 83' lang='lat' dir='ltr'><strong>immani</strong></span> <span class='ocrx_word' id='word_1_526' title='bbox 2838 3211 3045 3267; x_wconf 57' lang='lat' dir='ltr'><strong>saevitia</strong></span> <span class='ocrx_word' id='word_1_527' title='bbox 3076 3210 3398 3280; x_wconf 86' lang='lat' dir='ltr'><strong>sanguinem</strong></span> <span class='ocrx_word' id='word_1_528' title='bbox 3432 3207 3718 3262; x_wconf 73' lang='lat' dir='ltr'><strong>innoxium</strong></span> 
     </span>
    </p>
   </div>
   <div class='ocr_carea' id='block_1_77' title="bbox 2130 3300 3722 3371">
    <p class='ocr_par' dir='ltr' id='par_1_77' title="bbox 2130 3300 3722 3371">
     <span class='ocr_line' id='line_1_77' title="bbox 2130 3300 3722 3371; baseline -0.003 -15"><span class='ocrx_word' id='word_1_529' title='bbox 2130 3302 2419 3357; x_wconf 89' lang='lat' dir='ltr'><strong>fuderunt.</strong></span> <span class='ocrx_word' id='word_1_530' title='bbox 2443 3303 2587 3359; x_wconf 87' lang='lat' dir='ltr'><strong>Proh</strong></span> <span class='ocrx_word' id='word_1_531' title='bbox 2625 3303 2846 3357; x_wconf 91' lang='lat' dir='ltr'><strong>illorum</strong></span> <span class='ocrx_word' id='word_1_532' title='bbox 2883 3302 3187 3366; x_wconf 88' lang='lat' dir='ltr'><strong>miseriam,</strong></span> <span class='ocrx_word' id='word_1_533' title='bbox 3237 3301 3331 3371; x_wconf 90' lang='lat' dir='ltr'><strong>qui</strong></span> <span class='ocrx_word' id='word_1_534' title='bbox 3367 3300 3495 3355; x_wconf 86' lang='lat' dir='ltr'><strong>talia</strong></span> <span class='ocrx_word' id='word_1_535' title='bbox 3525 3315 3722 3369; x_wconf 87' lang='lat' dir='ltr'><strong>perpe-</strong></span> 
     </span>
    </p>
   </div>
   <div class='ocr_carea' id='block_1_78' title="bbox 2130 3391 3723 3463">
    <p class='ocr_par' dir='ltr' id='par_1_78' title="bbox 2130 3391 3723 3463">
     <span class='ocr_line' id='line_1_78' title="bbox 2130 3391 3723 3463; baseline -0.006 -11"><span class='ocrx_word' id='word_1_536' title='bbox 2130 3404 2349 3452; x_wconf 89' lang='lat' dir='ltr'><strong>trarunt</strong></span> <span class='ocrx_word' id='word_1_537' title='bbox 2400 3396 2413 3449; x_wconf 86' lang='grc' dir='ltr'><strong>ι</strong></span> <span class='ocrx_word' id='word_1_538' title='bbox 2458 3396 2548 3450; x_wconf 67' lang='lat' dir='ltr'><strong>Va‘.</strong></span> <span class='ocrx_word' id='word_1_539' title='bbox 2614 3395 2724 3450; x_wconf 89' lang='lat' dir='ltr'><strong>illis</strong></span> <span class='ocrx_word' id='word_1_540' title='bbox 2772 3394 2827 3447; x_wconf 89' lang='lat' dir='ltr'><strong>in</strong></span> <span class='ocrx_word' id='word_1_541' title='bbox 2873 3394 3160 3449; x_wconf 87' lang='lat' dir='ltr'><strong>tremendo</strong></span> <span class='ocrx_word' id='word_1_542' title='bbox 3223 3392 3419 3463; x_wconf 85' lang='lat' dir='ltr'><strong>judicii</strong></span> <span class='ocrx_word' id='word_1_543' title='bbox 3474 3391 3588 3455; x_wconf 85' lang='lat' dir='ltr'><strong>die,</strong></span> <span class='ocrx_word' id='word_1_544' title='bbox 3653 3404 3723 3443; x_wconf 87' lang='lat' dir='ltr'><strong>eo</strong></span> 
     </span>
    </p>
   </div>
   <div class='ocr_carea' id='block_1_79' title="bbox 2131 3480 3724 3556">
    <p class='ocr_par' dir='ltr' id='par_1_79' title="bbox 2131 3480 3724 3556">
     <span class='ocr_line' id='line_1_79' title="bbox 2131 3480 3724 3556; baseline -0.002 -18"><span class='ocrx_word' id='word_1_545' title='bbox 2131 3485 2280 3556; x_wconf 89' lang='lat' dir='ltr'><strong>quod</strong></span> <span class='ocrx_word' id='word_1_546' title='bbox 2312 3485 2579 3541; x_wconf 89' lang='lat' dir='ltr'><strong>Dominus</strong></span> <span class='ocrx_word' id='word_1_547' title='bbox 2607 3484 2930 3555; x_wconf 82' lang='lat' dir='ltr'><strong>sanguinem</strong></span> <span class='ocrx_word' id='word_1_548' title='bbox 2962 3484 3193 3541; x_wconf 88' lang='lat' dir='ltr'><strong>fratrum</strong></span> <span class='ocrx_word' id='word_1_549' title='bbox 3214 3498 3439 3539; x_wconf 87' lang='lat' dir='ltr'><strong>suorum</strong></span> <span class='ocrx_word' id='word_1_550' title='bbox 3477 3480 3724 3551; x_wconf 77' lang='lat' dir='ltr'><strong>requiret</strong></span> 
     </span>
    </p>
   </div>
   <div class='ocr_carea' id='block_1_80' title="bbox 2130 3579 2763 3638">
    <p class='ocr_par' dir='ltr' id='par_1_80' title="bbox 2130 3579 2763 3638">
     <span class='ocr_line' id='line_1_80' title="bbox 2130 3579 2763 3638; baseline -0.005 -5"><span class='ocrx_word' id='word_1_551' title='bbox 2130 3596 2199 3638; x_wconf 80' lang='lat' dir='ltr'><strong>ex</strong></span> <span class='ocrx_word' id='word_1_552' title='bbox 2225 3579 2480 3633; x_wconf 87' lang='lat' dir='ltr'><strong>manibus</strong></span> <span class='ocrx_word' id='word_1_553' title='bbox 2502 3594 2694 3634; x_wconf 88' lang='lat' dir='ltr'><strong>eorum</strong></span> <span class='ocrx_word' id='word_1_554' title='bbox 2717 3580 2763 3630; x_wconf 82' lang='grc'>¹.</span> 
     </span>
    </p>
   </div>
   <div class='ocr_carea' id='block_1_81' title="bbox 2208 3666 3723 3735">
    <p class='ocr_par' dir='ltr' id='par_1_81' title="bbox 2208 3666 3723 3735">
     <span class='ocr_line' id='line_1_81' title="bbox 2208 3666 3723 3735; baseline -0.004 -11"><span class='ocrx_word' id='word_1_555' title='bbox 2208 3669 2295 3724; x_wconf 81' lang='grc' dir='ltr'>Η.</span> <span class='ocrx_word' id='word_1_556' title='bbox 2338 3669 2490 3730; x_wconf 81' lang='lat' dir='ltr'><strong>Viso.</strong></span> <span class='ocrx_word' id='word_1_557' title='bbox 2525 3678 2585 3722; x_wconf 93' lang='lat' dir='ltr'><strong>ut</strong></span> <span class='ocrx_word' id='word_1_558' title='bbox 2630 3684 2757 3723; x_wconf 83' lang='lat' dir='ltr'><strong>mox</strong></span> <span class='ocrx_word' id='word_1_559' title='bbox 2783 3666 3126 3731; x_wconf 87' lang='lat' dir='ltr'><strong>dicebamus,</strong></span> <span class='ocrx_word' id='word_1_560' title='bbox 3151 3666 3317 3721; x_wconf 90' lang='lat' dir='ltr'><strong>Ducis</strong></span> <span class='ocrx_word' id='word_1_561' title='bbox 3335 3667 3534 3735; x_wconf 81' lang='lat' dir='ltr'><strong>capite,</strong></span> <span class='ocrx_word' id='word_1_562' title='bbox 3561 3680 3723 3718; x_wconf 75' lang='lat' dir='ltr'><strong>exse-</strong></span> 
     </span>
    </p>
   </div>
   <div class='ocr_carea' id='block_1_82' title="bbox 2134 3759 3725 3828">
    <p class='ocr_par' dir='ltr' id='par_1_82' title="bbox 2134 3759 3725 3828">
     <span class='ocr_line' id='line_1_82' title="bbox 2134 3759 3725 3828; baseline -0.006 -12"><span class='ocrx_word' id='word_1_563' title='bbox 2134 3760 2372 3816; x_wconf 81' lang='lat' dir='ltr'><strong>crabiles</strong></span> <span class='ocrx_word' id='word_1_564' title='bbox 2420 3760 2499 3815; x_wconf 77' lang='lat' dir='ltr'><strong>illi</strong></span> <span class='ocrx_word' id='word_1_565' title='bbox 2565 3759 2617 3814; x_wconf 91' lang='lat' dir='ltr'><strong>ei</strong></span> <span class='ocrx_word' id='word_1_566' title='bbox 2664 3760 2978 3822; x_wconf 86' lang='lat' dir='ltr'><strong>illuserunt,</strong></span> <span class='ocrx_word' id='word_1_567' title='bbox 3008 3759 3404 3828; x_wconf 72' lang='lat' dir='ltr'><strong>iusseruntque</strong></span> <span class='ocrx_word' id='word_1_568' title='bbox 3426 3772 3523 3825; x_wconf 90' lang='lat' dir='ltr'><strong>per</strong></span> <span class='ocrx_word' id='word_1_569' title='bbox 3556 3764 3725 3808; x_wconf 87' lang='lat' dir='ltr'><strong>totam</strong></span> 
     </span>
    </p>
   </div>
   <div class='ocr_carea' id='block_1_83' title="bbox 2136 3848 3730 3921">
    <p class='ocr_par' dir='ltr' id='par_1_83' title="bbox 2136 3848 3730 3921">
     <span class='ocr_line' id='line_1_83' title="bbox 2136 3848 3730 3921; baseline -0.004 -13"><span class='ocrx_word' id='word_1_570' title='bbox 2136 3852 2333 3908; x_wconf 90' lang='lat' dir='ltr'><strong>urbem</strong></span> <span class='ocrx_word' id='word_1_571' title='bbox 2387 3860 2555 3908; x_wconf 88' lang='lat' dir='ltr'><strong>conto</strong></span> <span class='ocrx_word' id='word_1_572' title='bbox 2584 3851 2814 3906; x_wconf 81' lang='lat' dir='ltr'><strong>infixum</strong></span> <span class='ocrx_word' id='word_1_573' title='bbox 2850 3852 2916 3906; x_wconf 89' lang='lat' dir='ltr'><strong>ad</strong></span> <span class='ocrx_word' id='word_1_574' title='bbox 2952 3852 3334 3921; x_wconf 85' lang='lat' dir='ltr'><strong>spectaculum</strong></span> <span class='ocrx_word' id='word_1_575' title='bbox 3366 3848 3730 3919; x_wconf 84' lang='lat' dir='ltr'><strong>propudiosa-</strong></span> 
     </span>
    </p>
   </div>
   <div class='ocr_carea' id='block_1_84' title="bbox 2136 3940 3731 4014">
    <p class='ocr_par' dir='ltr' id='par_1_84' title="bbox 2136 3940 3731 4014">
     <span class='ocr_line' id='line_1_84' title="bbox 2136 3940 3731 4014; baseline -0.004 -17"><span class='ocrx_word' id='word_1_576' title='bbox 2136 3959 2245 4014; x_wconf 89' lang='lat' dir='ltr'><strong>que</strong></span> <span class='ocrx_word' id='word_1_577' title='bbox 2274 3959 2473 4014; x_wconf 85' lang='lat' dir='ltr'><strong>pompa</strong></span> <span class='ocrx_word' id='word_1_578' title='bbox 2510 3943 2897 4009; x_wconf 86' lang='lat' dir='ltr'><strong>circumferri;</strong></span> <span class='ocrx_word' id='word_1_579' title='bbox 2959 3952 3041 4006; x_wconf 86' lang='lat' dir='ltr'><strong>ut,</strong></span> <span class='ocrx_word' id='word_1_580' title='bbox 3069 3941 3311 4005; x_wconf 87' lang='lat' dir='ltr'><strong>aiebant,</strong></span> <span class='ocrx_word' id='word_1_581' title='bbox 3344 3940 3731 4009; x_wconf 78' lang='lat' dir='ltr'><strong>confunderen-</strong></span> 
     </span>
    </p>
   </div>
   <div class='ocr_carea' id='block_1_85' title="bbox 2139 4032 3729 4107">
    <p class='ocr_par' dir='ltr' id='par_1_85' title="bbox 2139 4032 3729 4107">
     <span class='ocr_line' id='line_1_85' title="bbox 2139 4032 3729 4107; baseline -0.003 -17"><span class='ocrx_word' id='word_1_582' title='bbox 2139 4045 2249 4102; x_wconf 87' lang='lat' dir='ltr'><strong>tur,</strong></span> <span class='ocrx_word' id='word_1_583' title='bbox 2271 4037 2360 4107; x_wconf 79' lang='lat' dir='ltr'><strong>qui</strong></span> <span class='ocrx_word' id='word_1_584' title='bbox 2381 4053 2498 4107; x_wconf 66' lang='lat' dir='ltr'><strong>spes</strong></span> <span class='ocrx_word' id='word_1_585' title='bbox 2525 4052 2651 4090; x_wconf 67' lang='lat' dir='ltr'><strong>sua:</strong></span> <span class='ocrx_word' id='word_1_586' title='bbox 2676 4037 2733 4091; x_wconf 78' lang='lat' dir='ltr'><strong>in</strong></span> <span class='ocrx_word' id='word_1_587' title='bbox 2760 4053 2880 4089; x_wconf 85' lang='lat' dir='ltr'><strong>eum</strong></span> <span class='ocrx_word' id='word_1_588' title='bbox 2918 4034 3336 4097; x_wconf 81' lang='lat' dir='ltr'><strong>collocaverunt,</strong></span> <span class='ocrx_word' id='word_1_589' title='bbox 3383 4049 3447 4087; x_wconf 85' lang='lat' dir='ltr'><strong>ac</strong></span> <span class='ocrx_word' id='word_1_590' title='bbox 3487 4032 3729 4100; x_wconf 89' lang='lat' dir='ltr'><strong>denique</strong></span> 
     </span>
    </p>
   </div>
   <div class='ocr_carea' id='block_1_86' title="bbox 2137 4122 3727 4197">
    <p class='ocr_par' dir='ltr' id='par_1_86' title="bbox 2137 4122 3727 4197">
     <span class='ocr_line' id='line_1_86' title="bbox 2137 4122 3727 4197; baseline -0.006 -12"><span class='ocrx_word' id='word_1_591' title='bbox 2137 4129 2202 4187; x_wconf 86' lang='lat' dir='ltr'><strong>in</strong></span> <span class='ocrx_word' id='word_1_592' title='bbox 2229 4144 2381 4184; x_wconf 88' lang='lat' dir='ltr'><strong>mare</strong></span> <span class='ocrx_word' id='word_1_593' title='bbox 2408 4144 2534 4185; x_wconf 85' lang='lat' dir='ltr'><strong>cum</strong></span> <span class='ocrx_word' id='word_1_594' title='bbox 2564 4127 2783 4197; x_wconf 81' lang='lat' dir='ltr'><strong>reliquo</strong></span> <span class='ocrx_word' id='word_1_595' title='bbox 2821 4137 3021 4183; x_wconf 88' lang='lat' dir='ltr'><strong>trunco</strong></span> <span class='ocrx_word' id='word_1_596' title='bbox 3055 4124 3296 4181; x_wconf 89' lang='lat' dir='ltr'><strong>devolvi.</strong></span> <span class='ocrx_word' id='word_1_597' title='bbox 3362 4123 3440 4178; x_wconf 84' lang='lat' dir='ltr'><strong>Ac</strong></span> <span class='ocrx_word' id='word_1_598' title='bbox 3501 4122 3727 4190; x_wconf 86' lang='lat' dir='ltr'><strong>quidem</strong></span> 
     </span>
    </p>
   </div>
   <div class='ocr_carea' id='block_1_87' title="bbox 2141 4210 3729 4287">
    <p class='ocr_par' dir='ltr' id='par_1_87' title="bbox 2141 4210 3729 4287">
     <span class='ocr_line' id='line_1_87' title="bbox 2141 4210 3729 4287; baseline -0.007 -14"><span class='ocrx_word' id='word_1_599' title='bbox 2141 4233 2346 4287; x_wconf 76' lang='lat' dir='ltr'><strong>corpus</strong></span> <span class='ocrx_word' id='word_1_600' title='bbox 2395 4216 2506 4270; x_wconf 88' lang='lat' dir='ltr'><strong>tali-</strong></span> <span class='ocrx_word' id='word_1_601' title='bbox 2538 4216 2771 4270; x_wconf 83' lang='lat' dir='ltr'><strong>interitu</strong></span> <span class='ocrx_word' id='word_1_602' title='bbox 2808 4214 3012 4284; x_wconf 89' lang='lat' dir='ltr'><strong>periit;</strong></span> <span class='ocrx_word' id='word_1_603' title='bbox 3067 4214 3187 4283; x_wconf 75' lang='lat' dir='ltr'><strong>ejus</strong></span> <span class='ocrx_word' id='word_1_604' title='bbox 3228 4225 3359 4265; x_wconf 88' lang='lat' dir='ltr'><strong>vero</strong></span> <span class='ocrx_word' id='word_1_605' title='bbox 3389 4210 3729 4276; x_wconf 81' lang='lat' dir='ltr'><strong>sempiterna</strong></span> 
     </span>
    </p>
   </div>
   <div class='ocr_carea' id='block_1_88' title="bbox 2143 4302 3731 4383">
    <p class='ocr_par' dir='ltr' id='par_1_88' title="bbox 2143 4302 3731 4383">
     <span class='ocr_line' id='line_1_88' title="bbox 2143 4302 3731 4383; baseline -0.006 -17"><span class='ocrx_word' id='word_1_606' title='bbox 2143 4311 2371 4383; x_wconf 83' lang='lat' dir='ltr'><strong>dignum</strong></span> <span class='ocrx_word' id='word_1_607' title='bbox 2404 4310 2669 4365; x_wconf 88' lang='lat' dir='ltr'><strong>memoria</strong></span> <span class='ocrx_word' id='word_1_608' title='bbox 2699 4309 2956 4380; x_wconf 75' lang='lat' dir='ltr'><strong>Spiritum</strong></span> <span class='ocrx_word' id='word_1_609' title='bbox 3027 4305 3260 4361; x_wconf 75' lang='lat' dir='ltr'><strong>Abrahae</strong></span> <span class='ocrx_word' id='word_1_610' title='bbox 3285 4304 3449 4359; x_wconf 84' lang='lat' dir='ltr'><strong>sinus</strong></span> <span class='ocrx_word' id='word_1_611' title='bbox 3466 4302 3731 4372; x_wconf 85' lang='lat' dir='ltr'><strong>suscepit.</strong></span> 
     </span>
    </p>
   </div>
   <div class='ocr_carea' id='block_1_89' title="bbox 463 4394 2026 4507">
    <p class='ocr_par' dir='ltr' id='par_1_89' title="bbox 463 4394 2026 4497">
     <span class='ocr_line' id='line_1_89' title="bbox 463 4394 2026 4497; baseline 0.004 -25"><span class='ocrx_word' id='word_1_612' title='bbox 463 4394 720 4493; x_wconf 77' lang='grc' dir='ltr'>⁹Ᾱ6ραάμ</span> <span class='ocrx_word' id='word_1_613' title='bbox 750 4394 1022 4487; x_wconf 64' lang='grc' dir='ltr'>ὲόέξαντο.</span> <span class='ocrx_word' id='word_1_614' title='bbox 1057 4424 1131 4476; x_wconf 78' lang='grc' dir='ltr'>Ού</span> <span class='ocrx_word' id='word_1_615' title='bbox 1160 4422 1270 4493; x_wconf 72' lang='grc' dir='ltr'><strong>γὰρ</strong></span> <span class='ocrx_word' id='word_1_616' title='bbox 1300 4394 1661 4494; x_wconf 72' lang='grc' dir='ltr'>τυραννικῶς,</span> <span class='ocrx_word' id='word_1_617' title='bbox 1684 4424 1758 4489; x_wconf 83' lang='grc' dir='ltr'>ὡς</span> <span class='ocrx_word' id='word_1_618' title='bbox 1789 4425 2026 4497; x_wconf 69' lang='grc' dir='ltr'>εἴπομεν,</span> 
     </span>
    </p>
   </div>
   <div class='ocr_carea' id='block_1_90' title="bbox 2130 4394 3735 4507">
    <p class='ocr_par' dir='ltr' id='par_1_90' title="bbox 2144 4394 3735 4476">
     <span class='ocr_line' id='line_1_90' title="bbox 2144 4394 3735 4476; baseline -0.008 -15"><span class='ocrx_word' id='word_1_619' title='bbox 2144 4406 2266 4461; x_wconf 83' lang='grc' dir='ltr'><strong>Νοη</strong></span> <span class='ocrx_word' id='word_1_620' title='bbox 2304 4404 2455 4460; x_wconf 89' lang='lat' dir='ltr'><strong>enim</strong></span> <span class='ocrx_word' id='word_1_621' title='bbox 2488 4403 2795 4476; x_wconf 89' lang='lat' dir='ltr'><strong>tyrannice,</strong></span> <span class='ocrx_word' id='word_1_622' title='bbox 2831 4410 2893 4456; x_wconf 94' lang='lat' dir='ltr'><strong>ut</strong></span> <span class='ocrx_word' id='word_1_623' title='bbox 2922 4400 3134 4472; x_wconf 55' lang='lat' dir='ltr'><strong>praefati</strong></span> <span class='ocrx_word' id='word_1_624' title='bbox 3166 4413 3377 4463; x_wconf 85' lang='lat' dir='ltr'><strong>sumus,</strong></span> <span class='ocrx_word' id='word_1_625' title='bbox 3412 4394 3618 4465; x_wconf 80' lang='lat' dir='ltr'><strong>regiam</strong></span> <span class='ocrx_word' id='word_1_626' title='bbox 3651 4395 3735 4448; x_wconf 88' lang='lat' dir='ltr'><strong>in-</strong></span> 
     </span>
    </p>
   </div>
   <div class='ocr_carea' id='block_1_91' title="bbox 451 4513 2075 4587">
    <p class='ocr_par' dir='ltr' id='par_1_91' title="bbox 451 4513 2075 4587">
     <span class='ocr_line' id='line_1_91' title="bbox 451 4513 2075 4587; baseline 0.004 -23"><span class='ocrx_word' id='word_1_627' title='bbox 451 4515 568 4575; x_wconf 81' lang='grc' dir='ltr'>τοῖς</span> <span class='ocrx_word' id='word_1_628' title='bbox 609 4513 905 4583; x_wconf 82' lang='grc' dir='ltr'>βασιλείοις</span> <span class='ocrx_word' id='word_1_629' title='bbox 942 4515 1145 4585; x_wconf 78' lang='grc' dir='ltr'><strong>ὲπέ6η’</strong></span> <span class='ocrx_word' id='word_1_630' title='bbox 1197 4515 1314 4569; x_wconf 84' lang='grc' dir='ltr'>ἀλλ’</span> <span class='ocrx_word' id='word_1_631' title='bbox 1357 4518 1540 4586; x_wconf 81' lang='grc' dir='ltr'>ὅρκοις</span> <span class='ocrx_word' id='word_1_632' title='bbox 1574 4519 2075 4587; x_wconf 68' lang='grc' dir='ltr'>φρικωδεστάτοιῄ</span> 
     </span>
    </p>
   </div>
   <div class='ocr_carea' id='block_1_92' title="bbox 452 4602 2040 4681">
    <p class='ocr_par' dir='ltr' id='par_1_92' title="bbox 452 4602 2040 4681">
     <span class='ocr_line' id='line_1_92' title="bbox 452 4602 2040 4681; baseline 0.004 -26"><span class='ocrx_word' id='word_1_633' title='bbox 452 4602 764 4675; x_wconf 78' lang='grc' dir='ltr'>θαρρήσας.</span> <span class='ocrx_word' id='word_1_634' title='bbox 801 4606 1109 4674; x_wconf 86' lang='grc' dir='ltr'>Δυνάμενος</span> <span class='ocrx_word' id='word_1_635' title='bbox 1135 4604 1192 4659; x_wconf 79' lang='grc' dir='ltr'><strong>δὲ</strong></span> <span class='ocrx_word' id='word_1_636' title='bbox 1236 4606 1332 4658; x_wconf 75' lang='grc' dir='ltr'>καὶ</span> <span class='ocrx_word' id='word_1_637' title='bbox 1373 4605 1560 4669; x_wconf 80' lang='grc' dir='ltr'>ὅπλοις</span> <span class='ocrx_word' id='word_1_638' title='bbox 1601 4608 1965 4678; x_wconf 81' lang='grc' dir='ltr'>μαχέσασθαι,</span> <span class='ocrx_word' id='word_1_639' title='bbox 2008 4609 2040 4681; x_wconf 76' lang='grc' dir='ltr'>ἦ</span> 
     </span>
    </p>
   </div>
   <div class='ocr_carea' id='block_1_93' title="bbox 455 4693 2044 4765">
    <p class='ocr_par' dir='ltr' id='par_1_93' title="bbox 455 4693 2044 4765">
     <span class='ocr_line' id='line_1_93' title="bbox 455 4693 2044 4765; baseline 0.004 -21"><span class='ocrx_word' id='word_1_640' title='bbox 455 4693 573 4765; x_wconf 81' lang='grc' dir='ltr'><strong>πῦρ</strong></span> <span class='ocrx_word' id='word_1_641' title='bbox 596 4695 782 4764; x_wconf 81' lang='grc' dir='ltr'>βαλεῖν</span> <span class='ocrx_word' id='word_1_642' title='bbox 810 4696 867 4747; x_wconf 82' lang='grc' dir='ltr'>ὲν</span> <span class='ocrx_word' id='word_1_643' title='bbox 897 4698 1009 4757; x_wconf 80' lang='grc' dir='ltr'>τοῖς</span> <span class='ocrx_word' id='word_1_644' title='bbox 1041 4694 1363 4765; x_wconf 77' lang='grc' dir='ltr'>βασιλείοις,</span> <span class='ocrx_word' id='word_1_645' title='bbox 1386 4695 1484 4749; x_wconf 75' lang='grc' dir='ltr'>καὶ</span> <span class='ocrx_word' id='word_1_646' title='bbox 1512 4695 1656 4749; x_wconf 77' lang='grc' dir='ltr'>οὕτω</span> <span class='ocrx_word' id='word_1_647' title='bbox 1683 4698 1809 4760; x_wconf 82' lang='grc' dir='ltr'>τοὺς</span> <span class='ocrx_word' id='word_1_648' title='bbox 1838 4696 2044 4751; x_wconf 76' lang='grc' dir='ltr'>ἔσωθεν</span> 
     </span>
    </p>
   </div>
   <div class='ocr_carea' id='block_1_94' title="bbox 455 4785 2044 4856">
    <p class='ocr_par' dir='ltr' id='par_1_94' title="bbox 455 4785 2044 4856">
     <span class='ocr_line' id='line_1_94' title="bbox 455 4785 2044 4856; baseline 0.002 -20"><span class='ocrx_word' id='word_1_649' title='bbox 455 4785 797 4854; x_wconf 86' lang='grc' dir='ltr'>ἀμύνασθαι,</span> <span class='ocrx_word' id='word_1_650' title='bbox 834 4785 996 4840; x_wconf 87' lang='grc' dir='ltr'>τοῦτο</span> <span class='ocrx_word' id='word_1_651' title='bbox 1032 4786 1131 4856; x_wconf 81' lang='grc' dir='ltr'><strong>μὲν</strong></span> <span class='ocrx_word' id='word_1_652' title='bbox 1175 4787 1277 4838; x_wconf 77' lang='grc' dir='ltr'><strong>οὐκ</strong></span> <span class='ocrx_word' id='word_1_653' title='bbox 1310 4785 1590 4855; x_wconf 74' lang='grc' dir='ltr'>εποίησεν.</span> <span class='ocrx_word' id='word_1_654' title='bbox 1641 4785 1765 4839; x_wconf 74' lang='grc' dir='ltr'>Ἐπὶ</span> <span class='ocrx_word' id='word_1_655' title='bbox 1807 4785 1940 4841; x_wconf 74' lang='grc' dir='ltr'>Θεὸν</span> <span class='ocrx_word' id='word_1_656' title='bbox 1988 4787 2044 4839; x_wconf 83' lang='grc' dir='ltr'><strong>δὲ</strong></span> 
     </span>
    </p>
   </div>
   <div class='ocr_carea' id='block_1_95' title="bbox 457 4877 2047 4948">
    <p class='ocr_par' dir='ltr' id='par_1_95' title="bbox 457 4877 2047 4948">
     <span class='ocr_line' id='line_1_95' title="bbox 457 4877 2047 4948; baseline -0.001 -15"><span class='ocrx_word' id='word_1_657' title='bbox 457 4880 683 4944; x_wconf 77' lang='grc' dir='ltr'>ἀναθεὶς</span> <span class='ocrx_word' id='word_1_658' title='bbox 714 4880 931 4945; x_wconf 77' lang='grc' dir='ltr'>ἑαυτὸν,</span> <span class='ocrx_word' id='word_1_659' title='bbox 961 4877 1053 4933; x_wconf 83' lang='grc' dir='ltr'>διὰ</span> <span class='ocrx_word' id='word_1_660' title='bbox 1080 4878 1237 4933; x_wconf 86' lang='grc' dir='ltr'>τοῦδε</span> <span class='ocrx_word' id='word_1_661' title='bbox 1266 4877 1362 4931; x_wconf 84' lang='grc' dir='ltr'><strong>τοῦ</strong></span> <span class='ocrx_word' id='word_1_662' title='bbox 1392 4877 1734 4948; x_wconf 82' lang='grc' dir='ltr'>πειρασμοῦ,</span> <span class='ocrx_word' id='word_1_663' title='bbox 1770 4879 2047 4948; x_wconf 77' lang='grc' dir='ltr'>βασιλείας</span> 
     </span>
    </p>
   </div>
   <div class='ocr_carea' id='block_1_96' title="bbox 456 4970 2048 5044">
    <p class='ocr_par' dir='ltr' id='par_1_96' title="bbox 456 4970 2048 5044">
     <span class='ocr_line' id='line_1_96' title="bbox 456 4970 2048 5044; baseline 0.001 -20"><span class='ocrx_word' id='word_1_664' title='bbox 456 4972 710 5043; x_wconf 76' lang='grc' dir='ltr'>οὐρανῶν</span> <span class='ocrx_word' id='word_1_665' title='bbox 750 4972 1007 5044; x_wconf 74' lang='grc' dir='ltr'>ἐπέτυχε.</span> <span class='ocrx_word' id='word_1_666' title='bbox 1056 4973 1167 5026; x_wconf 71' lang='grc' dir='ltr'>Καὶ</span> <span class='ocrx_word' id='word_1_667' title='bbox 1205 4973 1268 5025; x_wconf 86' lang='grc' dir='ltr'><strong>οὐ</strong></span> <span class='ocrx_word' id='word_1_668' title='bbox 1319 4970 1576 5025; x_wconf 81' lang='grc' dir='ltr'>τοσοῦτον</span> <span class='ocrx_word' id='word_1_669' title='bbox 1609 4988 1713 5025; x_wconf 87' lang='grc' dir='ltr'><strong>των</strong></span> <span class='ocrx_word' id='word_1_670' title='bbox 1757 4970 1934 5024; x_wconf 82' lang='grc' dir='ltr'>ἄλλων</span> <span class='ocrx_word' id='word_1_671' title='bbox 1985 4973 2048 5025; x_wconf 81' lang='grc' dir='ltr'><strong>τὸ</strong></span> 
     </span>
    </p>
   </div>
   <div class='ocr_carea' id='block_1_97' title="bbox 462 5062 2050 5135">
    <p class='ocr_par' dir='ltr' id='par_1_97' title="bbox 462 5062 2050 5135">
     <span class='ocr_line' id='line_1_97' title="bbox 462 5062 2050 5135; baseline -0.002 -19"><span class='ocrx_word' id='word_1_672' title='bbox 462 5064 722 5135; x_wconf 73' lang='grc' dir='ltr'>ἔγκλημα</span> <span class='ocrx_word' id='word_1_673' title='bbox 750 5063 860 5119; x_wconf 87' lang='grc' dir='ltr'><strong>τῶν</strong></span> <span class='ocrx_word' id='word_1_674' title='bbox 892 5065 962 5118; x_wconf 82' lang='grc' dir='ltr'>τὰ</span> <span class='ocrx_word' id='word_1_675' title='bbox 983 5064 1231 5134; x_wconf 83' lang='grc' dir='ltr'>βασίλεια</span> <span class='ocrx_word' id='word_1_676' title='bbox 1267 5064 1667 5132; x_wconf 83' lang='grc' dir='ltr'>φυλαττόντων,</span> <span class='ocrx_word' id='word_1_677' title='bbox 1701 5064 1825 5117; x_wconf 82' lang='grc' dir='ltr'>ὅσον</span> <span class='ocrx_word' id='word_1_678' title='bbox 1853 5063 1947 5116; x_wconf 76' lang='grc' dir='ltr'><strong>ἐπὶ</strong></span> <span class='ocrx_word' id='word_1_679' title='bbox 1971 5062 2050 5133; x_wconf 84' lang='grc' dir='ltr'>τῷ</span> 
     </span>
    </p>
   </div>
   <div class='ocr_carea' id='block_1_98' title="bbox 465 5155 2051 5228">
    <p class='ocr_par' dir='ltr' id='par_1_98' title="bbox 465 5155 2051 5228">
     <span class='ocr_line' id='line_1_98' title="bbox 465 5155 2051 5228; baseline -0.002 -19"><span class='ocrx_word' id='word_1_680' title='bbox 465 5157 687 5228; x_wconf 77' lang='grc' dir='ltr'>ποιμένι</span> <span class='ocrx_word' id='word_1_681' title='bbox 713 5158 823 5211; x_wconf 90' lang='grc' dir='ltr'><strong>τῶν</strong></span> <span class='ocrx_word' id='word_1_682' title='bbox 851 5157 1087 5225; x_wconf 88' lang='grc' dir='ltr'>λογικῶν</span> <span class='ocrx_word' id='word_1_683' title='bbox 1114 5157 1426 5228; x_wconf 81' lang='grc' dir='ltr'>προΰάτων,</span> <span class='ocrx_word' id='word_1_684' title='bbox 1450 5155 1526 5227; x_wconf 84' lang='grc' dir='ltr'>τῷ</span> <span class='ocrx_word' id='word_1_685' title='bbox 1552 5157 1822 5226; x_wconf 79' lang='grc' dir='ltr'>Ἠττιλάῳ</span> <span class='ocrx_word' id='word_1_686' title='bbox 1850 5156 2051 5226; x_wconf 77' lang='grc' dir='ltr'>μᾶλλον</span> 
     </span>
    </p>
   </div>
   <div class='ocr_carea' id='block_1_99' title="bbox 463 5248 2052 5321">
    <p class='ocr_par' dir='ltr' id='par_1_99' title="bbox 463 5248 2052 5321">
     <span class='ocr_line' id='line_1_99' title="bbox 463 5248 2052 5321; baseline -0.004 -16"><span class='ocrx_word' id='word_1_687' title='bbox 463 5251 499 5321; x_wconf 81' lang='grc' dir='ltr'>ἢ</span> <span class='ocrx_word' id='word_1_688' title='bbox 542 5251 822 5321; x_wconf 80' lang='grc' dir='ltr'>Νικολάῳ.</span> <span class='ocrx_word' id='word_1_689' title='bbox 877 5252 943 5303; x_wconf 83' lang='grc' dir='ltr'><strong>Ὢ</strong></span> <span class='ocrx_word' id='word_1_690' title='bbox 991 5250 1110 5310; x_wconf 89' lang='grc' dir='ltr'><strong>πῶς</strong></span> <span class='ocrx_word' id='word_1_691' title='bbox 1150 5248 1421 5314; x_wconf 78' lang='grc' dir='ltr'>άνέπτυξε</span> <span class='ocrx_word' id='word_1_692' title='bbox 1466 5250 1536 5302; x_wconf 75' lang='grc' dir='ltr'><strong>τὰ</strong></span> <span class='ocrx_word' id='word_1_693' title='bbox 1595 5249 1905 5317; x_wconf 78' lang='grc' dir='ltr'>Εὑαγγὲλια</span> <span class='ocrx_word' id='word_1_694' title='bbox 1932 5249 2052 5310; x_wconf 83' lang='grc' dir='ltr'>ταῖς</span> 
     </span>
    </p>
   </div>
   <div class='ocr_carea' id='block_1_100' title="bbox 470 5341 2054 5415">
    <p class='ocr_par' dir='ltr' id='par_1_100' title="bbox 470 5341 2054 5415">
     <span class='ocr_line' id='line_1_100' title="bbox 470 5341 2054 5415; baseline -0.003 -19"><span class='ocrx_word' id='word_1_695' title='bbox 470 5346 697 5415; x_wconf 84' lang='grc' dir='ltr'>μιαραϊς</span> <span class='ocrx_word' id='word_1_696' title='bbox 740 5341 906 5397; x_wconf 82' lang='grc' dir='ltr'>αὑτοῦ</span> <span class='ocrx_word' id='word_1_697' title='bbox 949 5343 1107 5414; x_wconf 83' lang='grc' dir='ltr'>χερσί</span> <span class='ocrx_word' id='word_1_698' title='bbox 1139 5342 1152 5394; x_wconf 83' lang='grc' dir='ltr'><strong>ι</strong></span> <span class='ocrx_word' id='word_1_699' title='bbox 1179 5342 1306 5406; x_wconf 85' lang='grc' dir='ltr'>Πῶς</span> <span class='ocrx_word' id='word_1_700' title='bbox 1331 5343 1432 5396; x_wconf 78' lang='grc' dir='ltr'><strong>οὐκ</strong></span> <span class='ocrx_word' id='word_1_701' title='bbox 1460 5343 1625 5413; x_wconf 73' lang='grc' dir='ltr'>ἤκουε</span> <span class='ocrx_word' id='word_1_702' title='bbox 1668 5342 1763 5395; x_wconf 86' lang='grc' dir='ltr'><strong>τοῦ</strong></span> <span class='ocrx_word' id='word_1_703' title='bbox 1802 5342 2054 5409; x_wconf 78' lang='grc' dir='ltr'>λέγοντος</span> 
     </span>
    </p>
   </div>
   <div class='ocr_carea' id='block_1_101' title="bbox 467 5432 2054 5506">
    <p class='ocr_par' dir='ltr' id='par_1_101' title="bbox 467 5432 2054 5506">
     <span class='ocr_line' id='line_1_101' title="bbox 467 5432 2054 5506; baseline -0.003 -17"><span class='ocrx_word' id='word_1_704' title='bbox 467 5436 537 5490; x_wconf 82' lang='grc' dir='ltr'><strong>δι’</strong></span> <span class='ocrx_word' id='word_1_705' title='bbox 567 5437 769 5502; x_wconf 79' lang='grc' dir='ltr'>αὐτῶν,</span> <span class='ocrx_word' id='word_1_706' title='bbox 808 5436 863 5489; x_wconf 86' lang='lat'><strong>&#39;0</strong></span> <span class='ocrx_word' id='word_1_707' title='bbox 883 5436 1114 5506; x_wconf 77' lang='grc' dir='ltr'>ποιμὴν</span> <span class='ocrx_word' id='word_1_708' title='bbox 1142 5440 1175 5491; x_wconf 87' lang='grc' dir='ltr'><strong>ό</strong></span> <span class='ocrx_word' id='word_1_709' title='bbox 1209 5436 1420 5503; x_wconf 70' lang='grc' dir='ltr'>καλὸς.</span> <span class='ocrx_word' id='word_1_710' title='bbox 1460 5435 1576 5502; x_wconf 79' lang='grc' dir='ltr'><strong>τὴν</strong></span> <span class='ocrx_word' id='word_1_711' title='bbox 1605 5433 1822 5503; x_wconf 68' lang='grc' dir='ltr'>ψυχὴν</span> <span class='ocrx_word' id='word_1_712' title='bbox 1867 5432 2054 5487; x_wconf 76' lang='grc' dir='ltr'>αὑτοῦ</span> 
     </span>
    </p>
   </div>
   <div class='ocr_carea' id='block_1_102' title="bbox 468 5529 2055 5601">
    <p class='ocr_par' dir='ltr' id='par_1_102' title="bbox 468 5529 2055 5601">
     <span class='ocr_line' id='line_1_102' title="bbox 468 5529 2055 5601; baseline -0.004 -16"><span class='ocrx_word' id='word_1_713' title='bbox 468 5532 715 5601; x_wconf 73' lang='grc' dir='ltr'>τίθησιν</span> <span class='ocrx_word' id='word_1_714' title='bbox 758 5531 913 5601; x_wconf 79' lang='grc' dir='ltr'>ὑπὲρ</span> <span class='ocrx_word' id='word_1_715' title='bbox 952 5531 1072 5586; x_wconf 82' lang='grc' dir='ltr'>τῶν</span> <span class='ocrx_word' id='word_1_716' title='bbox 1127 5530 1438 5601; x_wconf 71' lang='grc' dir='ltr'>προϐάτων</span> <span class='ocrx_word' id='word_1_717' title='bbox 1487 5530 1628 5585; x_wconf 79' lang='grc' dir='ltr'>Ἀλλ’</span> <span class='ocrx_word' id='word_1_718' title='bbox 1675 5529 2055 5599; x_wconf 64' lang='grc' dir='ltr'>ἀντιπράττων</span> 
     </span>
    </p>
   </div>
   <div class='ocr_carea' id='block_1_103' title="bbox 548 5710 1592 5775">
    <p class='ocr_par' dir='ltr' id='par_1_103' title="bbox 548 5710 1592 5775">
     <span class='ocr_line' id='line_1_103' title="bbox 548 5710 1592 5775; baseline -0.005 -10"><span class='ocrx_word' id='word_1_719' title='bbox 548 5712 563 5744; x_wconf 81' lang='grc'>¹</span> <span class='ocrx_word' id='word_1_720' title='bbox 599 5710 789 5765; x_wconf 80' lang='lat' dir='ltr'><strong>Matth.</strong></span> <span class='ocrx_word' id='word_1_721' title='bbox 822 5728 915 5774; x_wconf 61' lang='lat' dir='ltr'><strong>sn,</strong></span> <span class='ocrx_word' id='word_1_722' title='bbox 960 5712 1037 5765; x_wconf 67' lang='lat'><strong>19.</strong></span> <span class='ocrx_word' id='word_1_723' title='bbox 1124 5715 1139 5741; x_wconf 85' lang='grc'>²</span> <span class='ocrx_word' id='word_1_724' title='bbox 1177 5712 1355 5766; x_wconf 72' lang='lat' dir='ltr'><strong>Ezcch</strong></span> <span class='ocrx_word' id='word_1_725' title='bbox 1416 5727 1489 5775; x_wconf 71' lang='grc' dir='ltr'>ιιι,</span> <span class='ocrx_word' id='word_1_726' title='bbox 1532 5710 1592 5761; x_wconf 75' lang='lat' dir='ltr'><strong>l8</strong></span> 
     </span>
    </p>
   </div>
   <div class='ocr_carea' id='block_1_104' title="bbox 2146 4488 3735 4566">
    <p class='ocr_par' dir='ltr' id='par_1_104' title="bbox 2146 4488 3735 4566">
     <span class='ocr_line' id='line_1_104' title="bbox 2146 4488 3735 4566; baseline -0.008 -13"><span class='ocrx_word' id='word_1_727' title='bbox 2146 4500 2326 4566; x_wconf 89' lang='lat' dir='ltr'><strong>vasit,</strong></span> <span class='ocrx_word' id='word_1_728' title='bbox 2362 4498 2459 4553; x_wconf 86' lang='lat' dir='ltr'><strong>sed</strong></span> <span class='ocrx_word' id='word_1_729' title='bbox 2507 4495 2920 4552; x_wconf 86' lang='lat' dir='ltr'><strong>horrendorum</strong></span> <span class='ocrx_word' id='word_1_730' title='bbox 2961 4501 3433 4549; x_wconf 86' lang='lat' dir='ltr'><strong>sacramentorum</strong></span> <span class='ocrx_word' id='word_1_731' title='bbox 3469 4488 3735 4558; x_wconf 84' lang='lat' dir='ltr'><strong>religione</strong></span> 
     </span>
    </p>
   </div>
   <div class='ocr_carea' id='block_1_105' title="bbox 2148 4584 3739 4660">
    <p class='ocr_par' dir='ltr' id='par_1_105' title="bbox 2148 4584 3739 4660">
     <span class='ocr_line' id='line_1_105' title="bbox 2148 4584 3739 4660; baseline -0.008 -15"><span class='ocrx_word' id='word_1_732' title='bbox 2148 4591 2342 4647; x_wconf 88' lang='lat' dir='ltr'><strong>fretus.</strong></span> <span class='ocrx_word' id='word_1_733' title='bbox 2370 4590 2626 4660; x_wconf 80' lang='lat' dir='ltr'><strong>Cumque</strong></span> <span class='ocrx_word' id='word_1_734' title='bbox 2660 4588 2856 4642; x_wconf 85' lang='lat' dir='ltr'><strong>liceret</strong></span> <span class='ocrx_word' id='word_1_735' title='bbox 2880 4585 3047 4642; x_wconf 88' lang='lat' dir='ltr'><strong>etiam</strong></span> <span class='ocrx_word' id='word_1_736' title='bbox 3087 4584 3256 4639; x_wconf 85' lang='lat' dir='ltr'><strong>armis</strong></span> <span class='ocrx_word' id='word_1_737' title='bbox 3286 4584 3610 4644; x_wconf 81' lang='lat' dir='ltr'><strong>decernere,</strong></span> <span class='ocrx_word' id='word_1_738' title='bbox 3640 4589 3739 4634; x_wconf 90' lang='lat' dir='ltr'><strong>aut</strong></span> 
     </span>
    </p>
   </div>
   <div class='ocr_carea' id='block_1_106' title="bbox 2150 4673 3735 4756">
    <p class='ocr_par' dir='ltr' id='par_1_106' title="bbox 2150 4673 3735 4756">
     <span class='ocr_line' id='line_1_106' title="bbox 2150 4673 3735 4756; baseline -0.008 -16"><span class='ocrx_word' id='word_1_739' title='bbox 2150 4674 2353 4756; x_wconf 87' lang='lat' dir='ltr'><strong>palatio</strong></span> <span class='ocrx_word' id='word_1_740' title='bbox 2389 4686 2569 4755; x_wconf 88' lang='lat' dir='ltr'><strong>ignem</strong></span> <span class='ocrx_word' id='word_1_741' title='bbox 2594 4684 2839 4754; x_wconf 86' lang='lat' dir='ltr'><strong>injicere,</strong></span> <span class='ocrx_word' id='word_1_742' title='bbox 2862 4691 3029 4751; x_wconf 85' lang='lat' dir='ltr'><strong>atque</strong></span> <span class='ocrx_word' id='word_1_743' title='bbox 3062 4695 3124 4736; x_wconf 89' lang='lat' dir='ltr'><strong>ea</strong></span> <span class='ocrx_word' id='word_1_744' title='bbox 3156 4680 3372 4733; x_wconf 87' lang='lat' dir='ltr'><strong>ratione</strong></span> <span class='ocrx_word' id='word_1_745' title='bbox 3395 4694 3489 4732; x_wconf 88' lang='lat' dir='ltr'><strong>eos</strong></span> <span class='ocrx_word' id='word_1_746' title='bbox 3522 4673 3735 4736; x_wconf 86' lang='lat' dir='ltr'><strong>ulcisci.</strong></span> 
     </span>
    </p>
   </div>
   <div class='ocr_carea' id='block_1_107' title="bbox 2152 4764 3738 4845">
    <p class='ocr_par' dir='ltr' id='par_1_107' title="bbox 2152 4764 3738 4845">
     <span class='ocr_line' id='line_1_107' title="bbox 2152 4764 3738 4845; baseline -0.009 -15"><span class='ocrx_word' id='word_1_747' title='bbox 2152 4776 2248 4845; x_wconf 91' lang='lat' dir='ltr'><strong>qui</strong></span> <span class='ocrx_word' id='word_1_748' title='bbox 2288 4789 2351 4829; x_wconf 84' lang='lat' dir='ltr'><strong>se</strong></span> <span class='ocrx_word' id='word_1_749' title='bbox 2388 4774 2486 4828; x_wconf 90' lang='lat' dir='ltr'><strong>illo</strong></span> <span class='ocrx_word' id='word_1_750' title='bbox 2534 4788 2660 4827; x_wconf 89' lang='lat' dir='ltr'><strong>arce</strong></span> <span class='ocrx_word' id='word_1_751' title='bbox 2708 4771 3032 4835; x_wconf 85' lang='lat' dir='ltr'><strong>tuebantur,</strong></span> <span class='ocrx_word' id='word_1_752' title='bbox 3089 4769 3519 4839; x_wconf 85' lang='lat' dir='ltr'><strong>haudquaquam</strong></span> <span class='ocrx_word' id='word_1_753' title='bbox 3561 4764 3738 4819; x_wconf 90' lang='lat' dir='ltr'><strong>fecit:</strong></span> 
     </span>
    </p>
   </div>
   <div class='ocr_carea' id='block_1_108' title="bbox 2154 4862 3741 4933">
    <p class='ocr_par' dir='ltr' id='par_1_108' title="bbox 2154 4862 3741 4933">
     <span class='ocr_line' id='line_1_108' title="bbox 2154 4862 3741 4933; baseline -0.009 -11"><span class='ocrx_word' id='word_1_754' title='bbox 2154 4868 2250 4922; x_wconf 87' lang='lat' dir='ltr'><strong>sed</strong></span> <span class='ocrx_word' id='word_1_755' title='bbox 2282 4882 2504 4922; x_wconf 87' lang='lat' dir='ltr'><strong>causam</strong></span> <span class='ocrx_word' id='word_1_756' title='bbox 2540 4881 2695 4921; x_wconf 86' lang='lat' dir='ltr'><strong>suam</strong></span> <span class='ocrx_word' id='word_1_757' title='bbox 2728 4880 2899 4933; x_wconf 88' lang='lat' dir='ltr'><strong>seque</strong></span> <span class='ocrx_word' id='word_1_758' title='bbox 2942 4865 3056 4919; x_wconf 90' lang='lat' dir='ltr'><strong>Deo</strong></span> <span class='ocrx_word' id='word_1_759' title='bbox 3088 4862 3466 4925; x_wconf 86' lang='lat' dir='ltr'><strong>committens,</strong></span> <span class='ocrx_word' id='word_1_760' title='bbox 3496 4874 3594 4927; x_wconf 85' lang='lat' dir='ltr'><strong>per</strong></span> <span class='ocrx_word' id='word_1_761' title='bbox 3619 4872 3741 4912; x_wconf 86' lang='lat' dir='ltr'><strong>eam</strong></span> 
     </span>
    </p>
   </div>
   <div class='ocr_carea' id='block_1_109' title="bbox 2156 4958 3741 5029">
    <p class='ocr_par' dir='ltr' id='par_1_109' title="bbox 2156 4958 3741 5029">
     <span class='ocr_line' id='line_1_109' title="bbox 2156 4958 3741 5029; baseline -0.008 -14"><span class='ocrx_word' id='word_1_762' title='bbox 2156 4961 2573 5016; x_wconf 89' lang='lat' dir='ltr'><strong>tribulationem</strong></span> <span class='ocrx_word' id='word_1_763' title='bbox 2635 4976 2864 5029; x_wconf 82' lang='lat' dir='ltr'><strong>regnum</strong></span> <span class='ocrx_word' id='word_1_764' title='bbox 2918 4960 3187 5015; x_wconf 63' lang='lat' dir='ltr'><strong>caelorum</strong></span> <span class='ocrx_word' id='word_1_765' title='bbox 3252 4962 3588 5011; x_wconf 84' lang='lat' dir='ltr'><strong>consecutus</strong></span> <span class='ocrx_word' id='word_1_766' title='bbox 3635 4958 3741 5005; x_wconf 89' lang='lat' dir='ltr'><strong>est.</strong></span> 
     </span>
    </p>
   </div>
   <div class='ocr_carea' id='block_1_110' title="bbox 2157 5040 3745 5121">
    <p class='ocr_par' dir='ltr' id='par_1_110' title="bbox 2157 5040 3745 5121">
     <span class='ocr_line' id='line_1_110' title="bbox 2157 5040 3745 5121; baseline -0.009 -11"><span class='ocrx_word' id='word_1_767' title='bbox 2157 5054 2429 5110; x_wconf 70' lang='lat' dir='ltr'><strong>Cmterum</strong></span> <span class='ocrx_word' id='word_1_768' title='bbox 2478 5068 2591 5108; x_wconf 88' lang='lat' dir='ltr'><strong>non</strong></span> <span class='ocrx_word' id='word_1_769' title='bbox 2650 5063 2761 5108; x_wconf 88' lang='lat' dir='ltr'><strong>tam</strong></span> <span class='ocrx_word' id='word_1_770' title='bbox 2799 5052 2868 5106; x_wconf 89' lang='lat' dir='ltr'><strong>iis</strong></span> <span class='ocrx_word' id='word_1_771' title='bbox 2908 5048 3293 5121; x_wconf 88' lang='lat' dir='ltr'><strong>imputandum</strong></span> <span class='ocrx_word' id='word_1_772' title='bbox 3345 5054 3432 5101; x_wconf 86' lang='lat' dir='ltr'><strong>est</strong></span> <span class='ocrx_word' id='word_1_773' title='bbox 3471 5040 3745 5113; x_wconf 83' lang='lat' dir='ltr'><strong>quidquid</strong></span> 
     </span>
    </p>
   </div>
   <div class='ocr_carea' id='block_1_111' title="bbox 2161 5133 3744 5213">
    <p class='ocr_par' dir='ltr' id='par_1_111' title="bbox 2161 5133 3744 5213">
     <span class='ocr_line' id='line_1_111' title="bbox 2161 5133 3744 5213; baseline -0.008 -12"><span class='ocrx_word' id='word_1_774' title='bbox 2161 5146 2309 5202; x_wconf 85' lang='lat' dir='ltr'><strong>istud</strong></span> <span class='ocrx_word' id='word_1_775' title='bbox 2371 5154 2458 5200; x_wconf 79' lang='lat' dir='ltr'><strong>est</strong></span> <span class='ocrx_word' id='word_1_776' title='bbox 2509 5144 2811 5210; x_wconf 89' lang='lat' dir='ltr'><strong>facinoris,</strong></span> <span class='ocrx_word' id='word_1_777' title='bbox 2863 5142 2957 5213; x_wconf 86' lang='lat' dir='ltr'><strong>qui</strong></span> <span class='ocrx_word' id='word_1_778' title='bbox 2999 5139 3387 5196; x_wconf 89' lang='lat' dir='ltr'><strong>custodiebant</strong></span> <span class='ocrx_word' id='word_1_779' title='bbox 3456 5133 3744 5204; x_wconf 85' lang='lat' dir='ltr'><strong>palatium,</strong></span> 
     </span>
    </p>
   </div>
   <div class='ocr_carea' id='block_1_112' title="bbox 2160 5220 3749 5311">
    <p class='ocr_par' dir='ltr' id='par_1_112' title="bbox 2160 5220 3749 5311">
     <span class='ocr_line' id='line_1_112' title="bbox 2160 5220 3749 5311; baseline -0.009 -17"><span class='ocrx_word' id='word_1_780' title='bbox 2160 5255 2326 5311; x_wconf 90' lang='lat' dir='ltr'><strong>quam</strong></span> <span class='ocrx_word' id='word_1_781' title='bbox 2364 5237 2551 5293; x_wconf 81' lang='lat' dir='ltr'><strong>ovium</strong></span> <span class='ocrx_word' id='word_1_782' title='bbox 2604 5220 2958 5293; x_wconf 73' lang='lat' dir='ltr'><strong>rationaliiim</strong></span> <span class='ocrx_word' id='word_1_783' title='bbox 2999 5233 3238 5303; x_wconf 80' lang='lat' dir='ltr'><strong>pastori,</strong></span> <span class='ocrx_word' id='word_1_784' title='bbox 3290 5230 3530 5285; x_wconf 86' lang='lat' dir='ltr'><strong>Hetlilao</strong></span> <span class='ocrx_word' id='word_1_785' title='bbox 3563 5227 3749 5297; x_wconf 89' lang='lat' dir='ltr'><strong>potius</strong></span> 
     </span>
    </p>
   </div>
   <div class='ocr_carea' id='block_1_113' title="bbox 2164 5318 3750 5403">
    <p class='ocr_par' dir='ltr' id='par_1_113' title="bbox 2164 5318 3750 5403">
     <span class='ocr_line' id='line_1_113' title="bbox 2164 5318 3750 5403; baseline -0.01 -16"><span class='ocrx_word' id='word_1_786' title='bbox 2164 5332 2422 5395; x_wconf 83' lang='lat' dir='ltr'><strong>dixerim,</strong></span> <span class='ocrx_word' id='word_1_787' title='bbox 2470 5347 2634 5403; x_wconf 85' lang='lat' dir='ltr'><strong>quam</strong></span> <span class='ocrx_word' id='word_1_788' title='bbox 2670 5329 2929 5392; x_wconf 86' lang='lat' dir='ltr'><strong>Nicolao;</strong></span> <span class='ocrx_word' id='word_1_789' title='bbox 2977 5324 3155 5395; x_wconf 89' lang='lat' dir='ltr'><strong>plebis</strong></span> <span class='ocrx_word' id='word_1_790' title='bbox 3187 5322 3401 5378; x_wconf 82' lang='lat' dir='ltr'><strong>scilicet</strong></span> <span class='ocrx_word' id='word_1_791' title='bbox 3435 5319 3577 5374; x_wconf 85' lang='lat' dir='ltr'><strong>cladi</strong></span> <span class='ocrx_word' id='word_1_792' title='bbox 3611 5318 3750 5372; x_wconf 89' lang='lat' dir='ltr'><strong>labi-</strong></span> 
     </span>
    </p>
   </div>
   <div class='ocr_carea' id='block_1_114' title="bbox 2165 5411 3750 5497">
    <p class='ocr_par' dir='ltr' id='par_1_114' title="bbox 2165 5411 3750 5497">
     <span class='ocr_line' id='line_1_114' title="bbox 2165 5411 3750 5497; baseline -0.011 -18"><span class='ocrx_word' id='word_1_793' title='bbox 2165 5441 2293 5495; x_wconf 86' lang='lat' dir='ltr'><strong>que,</strong></span> <span class='ocrx_word' id='word_1_794' title='bbox 2328 5442 2436 5480; x_wconf 84' lang='lat' dir='ltr'><strong>non</strong></span> <span class='ocrx_word' id='word_1_795' title='bbox 2482 5426 2601 5497; x_wconf 82' lang='lat' dir='ltr'><strong>ejus</strong></span> <span class='ocrx_word' id='word_1_796' title='bbox 2637 5420 2904 5483; x_wconf 61' lang='lat' dir='ltr'><strong>victoriae,</strong></span> <span class='ocrx_word' id='word_1_797' title='bbox 2950 5416 3108 5488; x_wconf 88' lang='lat' dir='ltr'><strong>quasi</strong></span> <span class='ocrx_word' id='word_1_798' title='bbox 3133 5432 3199 5471; x_wconf 76' lang='lat' dir='ltr'><strong>ex</strong></span> <span class='ocrx_word' id='word_1_799' title='bbox 3230 5412 3471 5470; x_wconf 88' lang='lat' dir='ltr'><strong>nominis</strong></span> <span class='ocrx_word' id='word_1_800' title='bbox 3507 5411 3624 5481; x_wconf 87' lang='lat' dir='ltr'><strong>ipsa</strong></span> <span class='ocrx_word' id='word_1_801' title='bbox 3664 5425 3750 5463; x_wconf 89' lang='lat' dir='ltr'><strong>ra-</strong></span> 
     </span>
    </p>
   </div>
   <div class='ocr_carea' id='block_1_115' title="bbox 2169 5499 3753 5589">
    <p class='ocr_par' dir='ltr' id='par_1_115' title="bbox 2169 5499 3753 5589">
     <span class='ocr_line' id='line_1_115' title="bbox 2169 5499 3753 5589; baseline -0.014 -17"><span class='ocrx_word' id='word_1_802' title='bbox 2169 5521 2336 5574; x_wconf 84' lang='lat' dir='ltr'><strong>tione.</strong></span> <span class='ocrx_word' id='word_1_803' title='bbox 2393 5518 2436 5573; x_wconf 90' lang='grc' dir='ltr'><strong>Ο</strong></span> <span class='ocrx_word' id='word_1_804' title='bbox 2477 5515 2753 5589; x_wconf 61' lang='lat' dir='ltr'><strong>quomodo</strong></span> <span class='ocrx_word' id='word_1_805' title='bbox 2804 5510 3041 5581; x_wconf 86' lang='lat' dir='ltr'><strong>impuris</strong></span> <span class='ocrx_word' id='word_1_806' title='bbox 3086 5506 3340 5564; x_wconf 90' lang='lat' dir='ltr'><strong>manibus</strong></span> <span class='ocrx_word' id='word_1_807' title='bbox 3391 5503 3505 5558; x_wconf 86' lang='lat' dir='ltr'><strong>suis</strong></span> <span class='ocrx_word' id='word_1_808' title='bbox 3549 5499 3753 5557; x_wconf 77' lang='lat' dir='ltr'><strong>evolvit</strong></span> 
     </span>
    </p>
   </div>
  </div>
