4094 6494
471 305 578 369 667

1721 309 1861 371 SYM
1879 308 2100 368 EONIS
2141 311 2515 372 MAGISTRI

3634 309 3742 375 668

467 428 577 482 bitu
605 442 684 478 me
705 424 918 477 ductore
944 432 1134 493 prarsto
1162 426 1372 493 futurus
1403 431 1478 478 est
1511 442 1528 480 :
1558 435 1638 490 tu,
1667 427 1710 479 si
1740 443 1820 479 me
1843 427 2050 498 audies,

2171 428 2264 482 ro?)
2284 429 2429 494 ,βίου
2462 430 2726 495 ἐξειπεῖν
2750 431 3260 500 συμϐουλεύομαι,
3293 433 3345 484 sl
3376 428 3462 499 μὴ
3488 429 3744 497 Λέοντος

471 520 762 575 maledictis
786 521 1030 583 incesses,
1057 520 1303 589 brevique
1329 522 1646 574 moriturum
1690 521 2050 584 denuntiabis,

470 614 735 671 niLeonis
762 612 939 668 Isauri
960 614 1255 668 doctrinam
1281 614 1542 685 fidemque
1570 621 1842 684 sequatur.
1869 614 1979 669 Hoc
2008 616 2054 668 si

470 707 797 778 pra'stiterit,
834 723 1003 760 annos
1037 706 1164 759 duos
1185 723 1350 776 supra
1381 707 1546 778 606
1573 707 1912 777 septuaginta
1957 724 2054 776 po-

470 799 692 852 titurum
719 799 963 867 imperio,
998 797 1237 868 ﬁliosque
1271 798 1505 867 ﬁliorum
1541 800 1780 854 visurum
1822 802 2056 855 sedentes

471 908 636 964 super
663 891 832 956 solio;
870 891 1010 945 tertii
1067 892 1255 945 decimi
1311 893 1519 946 demum
1575 892 1800 964 apostoli
1862 895 2058 948 honore

473 982 675 1037 elatum
701 983 791 1037 iri.
827 980 921 1036 Sin
949 991 1125 1036 autem
1185 1000 1328 1036 secus
1379 999 1434 1036 se
1488 986 1724 1055 gesserit,
1759 986 2056 1039 innumeris

479 1074 642 1131 malis
690 1075 802 1144 fore
829 1075 1114 1129 obnoxium
1157 1076 1400 1146 brevique
1435 1076 1718 1146 imperium
1778 1095 1898 1131 cum
1952 1079 2060 1132 vita

477 1169 825 1222 amissurum.
853 1168 974 1224 Jam
1031 1183 1163 1238 ergo
1224 1169 1404 1223 noctis
1459 1168 1699 1224 obscuro
1761 1169 2060 1240 imperator

471 1259 747 1316 Cassitera
779 1261 980 1316 comite
1009 1259 1077 1314 ad
1104 1261 1435 1316 monachum
1465 1263 1753 1332 profectus
1775 1264 1960 1317 statim
1989 1263 2059 1317 ab

471 1365 543 1407 eo
576 1350 770 1406 durius
795 1353 1130 1422 increpatur,
1164 1360 1436 1428 tanquam.
1459 1353 1553 1407 ille
1585 1351 1772 1408 fictura
1799 1355 1920 1426 ejus
1945 1355 2061 1407 ani-

473 1460 622 1499 mum
653 1444 1015 1513 fraudemque
1039 1444 1402 1514 prtesciverit.
1435 1444 1555 1498 Non
1582 1447 1656 1500 sic
1700 1446 1932 1508 decebat,
1971 1445 2059 1499 in-

471 1537 614 1606 quit,
656 1537 748 1607 qui
789 1538 861 1591 sis
912 1519 1226 1608 imperator,
1295 1538 1492 1607 privati
1544 1538 1726 1591 habitu
1780 1555 2060 1608 personam

471 1629 752 1685 simulare.
785 1629 882 1683 His
917 1627 1217 1699 imperator
1246 1637 1473 1698 stupore
1506 1631 1796 1699 perculsus
1826 1630 1880 1684 in
1933 1646 2060 1684 sen-

475 1720 704 1775 tentiam
730 1721 1126 1776 abnlendarum
1162 1736 1446 1777 sacrarum
1484 1722 1787 1793 imaginum
1843 1722 2058 1778 facilem

2157 519 2261 575 τοῦ
2290 522 2573 590 Ἰσαύρου
2621 521 2977 590 στοιχειοῖτο
3015 520 3095 587 τῷ
3135 521 3403 591 δόγματι.
3438 521 3546 576 Kal
3584 522 3656 587 ὡς
3695 525 3747 576 εὶ

2157 613 3344 683 τοῦτοποραςρυλὰξοι,οβ’βασιλεύσειν,
3390 615 3484 668 καὶ
3526 615 3748 682 παῖδας

2160 705 2394 760 παίδων
2443 707 2542 759 ἐπὶ
2589 708 2808 775 θρόνου
2863 707 2974 775 τῆς
3023 708 3351 772 ,ϐασιλείας
3413 708 3584 771 ἰδεῖν,
3646 709 3744 760 καὶ

2157 796 2651 866 τρισκαιδέκατος
2695 800 2816 853 τῶν
2856 799 3222 854 ἀποστόλων
3255 799 3525 869 φανῆναι
3546 818 3561 831 ο
3596 803 3646 853 εὶ
3679 799 3749 852 δὲ

2152 889 2263 958 μὴ,
2291 890 2602 954 τάναντία,
2657 892 2846 961 μυρία
2880 891 3049 946 δεινὰ
3104 893 3202 946 καὶ
3249 891 3553 947 ἀπώλειαν
3591 893 3746 946 σύν-

2158 981 2362 1053 τομον.
2395 984 2507 1056 Τῆς
2530 980 2624 1038 οὖν
2645 986 2842 1049 νυκτὸς
2870 985 3176 1056 ἐπιστάσης
3205 985 3376 1056 ἀπῄει
3417 987 3446 1039 ὁ
3487 984 3746 1056 βασιλεὺς

2168 1076 2309 1145 μετὰ
2373 1076 2703 1147 Κασσιτηρᾶ
2755 1074 2892 1146 πρὸς
2941 1075 3033 1129 τὸν
3097 1075 3360 1148 μοναχὸν,
3423 1077 3516 1129 καὶ⁸
3584 1076 3747 1138 εὐθὺς

2165 1167 2421 1238 παραυτὰ
2448 1167 2894 1240 ἁπορραπίζεται
2925 1169 3001 1232 ὡς
3034 1170 3446 1239 προεγνωκότος
3479 1170 3538 1221 τὸ
3581 1169 3745 1223 αὐτοῦ

2163 1263 2484 1332 πρόσχημα,
2506 1259 2650 1314 οὕτω
2683 1262 2880 1330 λέγων,
2907 1261 2993 1330 μὴ
3021 1261 3151 1316 δεῖν
3171 1262 3241 1314 ἐν
3267 1260 3530 1328 ἰδιωτικῇ
3566 1279 3747 1316 κατα-

2162 1352 2379 1408 στάσει
2413 1351 2680 1418 βασιλέα
2725 1368 2800 1408 σε
2838 1353 2986 1408 ὄντα
3022 1353 3248 1408 οὑτωσὶ
3295 1353 3751 1432 ὑποκρίνεσθαι.

2164 1446 2243 1496 Δι’
2273 1437 2460 1514 ὧνπερ
2515 1443 2894 1511 καταπλαγεὶς
2923 1445 2950 1496 ὁ
2981 1443 3241 1512 βασιλεὺς
3284 1443 3548 1514 εὐπειθὴς
3577 1443 3755 1514 τούτῳ

2163 1537 2490 1591 καθίσταται
2545 1537 2680 1610 πρὸς
2717 1537 2815 1608 τὴν
2849 1537 2958 1591 τῶν
2996 1537 3170 1605 ἁγίων
3223 1538 3448 1591 εἰκόνων
3492 1534 3755 1608 καθαίρεὲ

2166 1647 2250 1682 σιν
2271 1648 2285 1662 ο
2319 1632 2412 1684 καὶ
2434 1631 2680 1702 παρευθὺ
2731 1631 2822 1684 τὸν
2873 1630 2931 1682 ὲν
2965 1629 3116 1698 αὐτῷ
3167 1629 3308 1686 κατὰ
3347 1631 3443 1700 τῆς
3472 1629 3758 1694 εὐσεϐείας

2169 1722 2248 1775 ξὺν
2279 1721 2545 1792 ἐξεμέσας
2568 1723 2662 1775 καὶ
2691 1721 2883 1792 μανεὶς
2908 1720 3114 1792 ἧρξατο
3146 1721 3247 1792 τῆς
3274 1723 3566 1793 αἱρέσεως.

473 1827 533 1867 se
565 1813 764 1868 adduci
834 1813 1125 1884 permisit;
1195 1816 1491 1886 statimque
1557 1816 1704 1888 quod
1757 1817 1944 1873 animo
2005 1815 2304 1886 impietatis
2353 1817 2505 1873 virus
2537 1815 2831 1884 condebat,
2879 1833 3144 1874 evomens
3199 1817 3470 1887 furiisque
3519 1815 3757 1888 agitatus

477 1911 710 1966 ἥλιξι-θεῖε
742 1910 1032 1966 exordium
1063 1912 1239 1966 (luxit.

548 2003 603 2057 4.
633 2003 971 2075 Symmystas
991 2019 1122 2058 vero
1140 2003 1244 2058 sibi
1271 2020 1524 2074 quaerens
1549 2005 1872 2078 adjungere,
1902 2006 2066 2062 Joan-

2244 1997 2305 2054 δ’.
2340 1998 2679 2070 Συμμύστας
2731 1997 3071 2069 ἑπιζητῄσας
3099 1998 3348 2068 εὑρίσκει
3381 1999 3636 2068 Ἰωάννην
3667 2000 3758 2052 τὸν

475 2110 602 2149 nem
633 2093 839 2151 dictum
866 2095 1296 2152 Grammaticum
1325 2097 1491 2168 (quin
1531 2099 1699 2152 alium
1734 2100 1906 2171 magis
1941 2099 2068 2155 Jan-

483 2203 608 2242 nem
639 2197 735 2243 aut
781 2187 1100 2260 Simonem)
1142 2189 1398 2256 oﬂ‘endit,
1460 2191 1727 2265 Hylzilam
1779 2201 1835 2247 et
1888 2191 2068 2262 ipsum

476 2287 896 2349 nuncupatum;
928 2280 1085 2350 cujus
1115 2281 1384 2337 Hebraica
1415 2285 1659 2339 nominis
1689 2285 2068 2355 interpretatio

474 2371 677 2428 diaboli
717 2389 1015 2442 prtecursor
1043 2374 1267 2428 dicatur
1300 2393 1362 2429 ac
1387 2377 1626 2445 adjutor.
1656 2377 1788 2432 Erat
1823 2393 1955 2432 vero
1980 2377 2068 2434 illc

477 2465 755 2521 Pancratii
801 2465 1015 2522 sciastze
1051 2466 1335 2536 (dicamus
1369 2485 1468 2522 nos
1500 2469 1772 2538 pileorum
1803 2468 2068 2539 artiﬁcis)

480 2556 650 2620 ﬁlius,
685 2574 850 2627 quem
881 2575 912 2612 a
947 2574 1121 2628 puero
1172 2558 1387 2613 daemon
1441 2560 1763 2625 incesserat,
1797 2576 1861 2616 ac
1911 2561 2069 2631 cujus

478 2645 590 2700 late
614 2662 806 2701 rumor
854 2647 1259 2703 divinationum
1288 2664 1354 2703 ex
1391 2648 1534 2718 pelvi
1566 2651 1788 2705 nomine
1826 2652 2058 2720 turpitu-

477 2738 782 2809 dinumque
817 2755 882 2794 ac
921 2740 1214 2794 libidinum
1263 2741 1680 2811 percrebuerat.
1740 2742 1957 2799 invenit
2011 2752 2070 2799 ct

475 2829 908 2885 Constantinum
946 2831 1331 2904 presbyterum
1385 2833 1592 2888 sutoris
1642 2832 1838 2898 illium,
1888 2833 1982 2906 qui
2013 2843 2070 2890 et

476 2919 630 2986 leges
663 2922 717 2975 in
749 2921 1000 2977 Pboracii
1032 2923 1314 2987 docuerat,
1352 2939 1416 2978 ac
1443 2923 1674 3001 crimen,
1705 2925 1758 2979 in
1793 2927 1938 2996 quod
1969 2942 2068 2980 vo-

476 3014 734 3080 cabatur,
775 3027 805 3069 a
834 3031 894 3070 se
929 3015 1195 3070 amoliens
1228 3016 1445 3086 sibique
1474 3016 1696 3072 Antonii
1738 3033 1940 3072 nomen
1973 3018 2070 3073 ad-

474 3104 721 3159 sciscens
769 3105 1100 3160 monachum
1138 3106 1411 3172 induerat,
1449 3106 1617 3162 homo
1649 3108 1849 3164 fabulis
1901 3117 2068 3180 atque

473 3196 708 3252 ludicris
744 3199 997 3262 studens,
1030 3199 1311 3268 vitamque
1368 3206 1586 3270 turpem
1640 3217 1827 3272 agens.
1871 3194 2072 3257 ls'mo-

480 3289 713 3342 nastcrii
753 3288 900 3359 quod
930 3287 1403 3358 Metropolitarum
1427 3297 1626 3344 vocant
1653 3289 1830 3345 iactus
1857 3307 2070 3361 praepo—

477 3379 644 3441 situs.
674 3380 841 3433 etiam
891 3395 1030 3450 quos
1076 3380 1311 3450 imperio
1341 3381 1569 3452 regebat
1620 3365 1920 3437 monachos
1954 3382 2070 3437 lucc

478 3469 599 3540 ipsa
626 3469 899 3535 docebat;
934 3486 998 3526 ac
1029 3481 1244 3542 postea,
1280 3472 1393 3527 Deo
1425 3473 1506 3528 sic
1549 3474 1931 3544 permittente,
1967 3475 2068 3546 Sy-

476 3561 560 3615 lati
587 3561 880 3632 episcopus
908 3561 1086 3616 factus
1112 3573 1216 3618 est.
1269 3564 1487 3619 Invenit
1509 3575 1566 3620 et
1617 3566 1777 3626 alios.
1821 3567 1916 3637 qui
1965 3567 2066 3638 ipsi

477 3649 624 3704 idem
653 3649 948 3704 sentirent.
984 3650 1136 3706 Inter
1168 3653 1284 3706 haec
1303 3653 1467 3724 607
1494 3664 1828 3724 conspectus
1853 3665 2068 3711 cometa

475 3751 582 3802 est.
618 3744 789 3814 ﬁgura
825 3745 1060 3800 duorum
1093 3748 1503 3817 splendentium
1550 3750 1768 3805 orbium
1805 3761 2068 3822 tanquam

476 3831 642 3895 lunae.
673 3833 838 3889 simul
871 3837 1190 3892 coeuntium
1237 3848 1463 3911 tumque
1493 3841 1548 3895 in
1574 3841 1819 3897 diversas
1869 3843 2071 3914 ﬁguras

476 3923 825 3991 abeuntium,
861 3937 922 3984 ut
966 3939 1022 3985 et
1076 3930 1132 3985 in
1187 3931 1294 3987 viri
1349 3932 1578 4004 ﬁguram
1640 3943 1837 3990 trunco
1887 3937 2068 4006 capite

476 4017 739 4091 deinceps
765 4023 1174 4091 formarentur;
1235 4025 1544 4097 cujusmodi
1577 4027 1741 4082 etiam
1797 4027 2066 4084 Micltaele

475 4112 810 4186 Cur0palata
873 4117 1204 4189 imperatore
1274 4129 1631 4190 conspectum
1702 4121 1874 4177 sidus.
1934 4122 2067 4192 Ejus

477 4205 730 4263 nonnulli
765 4211 1027 4282 praesagia
1056 4222 1393 4282 exponentes
1419 4213 1680 4267 dixerunt
1733 4223 1899 4283 caput
1944 4230 2066 4268 esse

481 4299 627 4368 quod
655 4301 835 4371 capite
872 4312 1055 4359 careat
1088 4322 1100 4357 :
1135 4321 1333 4375 nempe
1388 4305 1718 4377 praesignare
1773 4306 2065 4370 Thomam,

478 4389 574 4458 qui
606 4403 792 4460 postea
829 4403 1045 4466 arrepta
1086 4396 1374 4466 tyrannide
1403 4412 1528 4450 cum
1587 4397 1753 4451 sociis
1783 4414 1846 4451 ac
1877 4399 2071 4468 conju-

2172 2092 2468 2160 λεγόμενον
2509 2090 2922 2161 Γραμματικὸν,
2977 2090 3137 2145 ἄλλον
3199 2091 3409 2161 Ἰαννῆν
3473 2090 3672 2160 μᾶλλον
3724 2091 3758 2162 ἢ

2173 2183 2414 2254 Σίμωνα,
2447 2182 2509 2246 ὃς
2543 2182 2640 2235 καὶ
2667 2183 2920 2248 ’Υλζιλᾶς
2953 2182 3291 2253 ὠνομάζετο,
3315 2183 3453 2252 ὅπερ
3478 2183 3761 2253 Ἐϐραϊστὶ

2171 2275 2542 2346 ἑρμηνεύεται
2572 2275 2909 2345 πρόδρομος
2962 2275 3059 2329 καὶ
3101 2273 3400 2344 συνεργός
3428 2275 3533 2329 τοῦ
3563 2274 3764 2329 διαϐό-

2171 2370 2285 2419 λου
2309 2382 2322 2397 ⁸
2354 2361 2420 2439 ἦν
2455 2366 2510 2419 δὲ
2536 2365 2652 2429 υἱὸς
2695 2366 3046 2437 Παγκρατίου
3095 2364 3382 2430 σκιαστοῦ,
3407 2366 3502 2420 καὶ
3529 2367 3592 2419 ὲκ
3622 2384 3755 2420 παι-

2175 2457 2330 2510 δόΟεν
2362 2457 2590 2528 δαίμονα
2619 2452 2756 2528 εἶχε,
2787 2457 3107 2525 διαϐεϐόητο
3140 2457 3194 2509 δὲ
3223 2457 3312 2509 ἐπί
3334 2475 3390 2509 τε
3422 2457 3761 2525 λεκανομαν-

2171 2550 2346 2612 τείαις
2401 2551 2492 2603 καὶ
2534 2548 2977 2620 αἱσχρουργίαις.
3034 2543 3175 2619 Εὗρε
3225 2548 3318 2601 καὶ
3346 2549 3760 2603 Κωνσταντῖνον

2171 2644 2545 2716 πρεσϐύτερον
2608 2643 2974 2716 τζαγγαρῐου,
3048 2644 3107 2708 ὃς
3157 2645 3252 2698 καὶ
3308 2644 3531 2717 νομικὸς
3568 2649 3648 2710 εἰς
3690 2646 3760 2699 τὰ

2169 2735 2437 2808 Φορακίου
2493 2737 2709 2805 γέγονε,
2753 2735 2842 2788 διὰ
2895 2735 2952 2788 δὲ
3017 2735 3340 2804 ἐγκλήματα
3389 2735 3630 2805 φυγόντα
3665 2736 3760 2788 καὶ

2172 2827 2465 2898 γενόμενον
2549 2826 2784 2897 μοναχὸν
2861 2827 3339 2898 μετονομασθέντα
3428 2826 3714 2880 ’Λντώνιον
3742 2867 3759 2892 ,

2174 2918 2477 2991 μυθολόγον
2511 2919 2609 2971 καὶ
2660 2917 2986 2989 γελοιαστὴν
3019 2919 3112 2972 καὶ
3155 2919 3395 2989 αἰσχρῶς
3419 2917 3668 2988 βιοῦντα·
3701 2918 3759 2982 ὃς

2171 3009 2267 3063 καὶ
2312 3008 2612 3079 ἡγούμενος
2658 3010 2738 3072 εἰς
2786 3008 2885 3079 τὴν
2937 3009 3107 3079 μονὴν
3156 3008 3223 3060 τὰ
3265 3007 3347 3080 ιΡ.
3375 3006 3758 3079 40413113190-

2173 3101 2413 3155 πολιτῶν
2451 3102 2743 3172 γενόμενος
2793 3103 2888 3154 καὶ
2930 3102 3059 3164 τοὺς
3110 3100 3201 3154 ὑπ’
3239 3100 3403 3168 αὑτὸν
3459 3099 3633 3153 ταῦτα
3674 3100 3762 3166 ὲξο

2172 3193 2514 3257 επαίδευσεν,
2559 3193 2789 3265 ὕστερον
2812 3193 2867 3246 δὲ
2895 3193 3037 3246 κατά
3079 3190 3476 3264 παραχώρησιν
3505 3191 3640 3245 Θεοῦ
3672 3195 3766 3246 καὶ

2173 3286 2474 3359 ἐπίσκοπος
2531 3286 2764 3340 Συλαίου
2821 3287 3068 3356 γέγονεν.
3120 3281 3263 3358 Εὗρε
3315 3285 3372 3339 δὲ
3419 3286 3512 3341 καὶ
3545 3286 3766 3358 ἐτέρους

2173 3382 2325 3445 τινὰς
2366 3381 2679 3453 ὁμόφρονας
2745 3379 2912 3452 αὐτῷ.
2961 3382 3050 3434 Ἐν
3101 3379 3180 3451 τῷ
3224 3379 3538 3451 ἀναμεταξὺ
3588 3379 3768 3450 ἀστὴρ

2171 3475 2421 3545 κομήτης
2465 3475 2640 3544 ἐφάνη
2687 3475 2747 3527 ὲν
2798 3475 3041 3545 σχήματι
3093 3473 3189 3526 δύο
3237 3471 3508 3542 λαμπρῶν
3565 3472 3767 3525 δίσκων

2173 3565 2497 3636 σεληναίων,
2543 3565 2851 3634 ἑνουμένων
2906 3566 3002 3618 καὶ
3045 3565 3208 3619 πάλιν
3259 3564 3654 3634 διαιρουμένων
3686 3565 3767 3626 εἰς

2170 3657 2407 3730 διάφορα
2437 3658 2718 3727 σχήματα,
2769 3656 2845 3718 ὡς
2895 3658 2990 3711 καὶ
3022 3658 3104 3719 εἰς
3152 3656 3430 3722 ἀκεφάλου
3477 3653 3764 3707 διάπλασιν

2175 3749 2366 3820 ἀνδρὸς
2413 3749 2741 3814 τυποῦσθαι,
2804 3743 2916 3812 οἷος
2948 3750 3043 3802 καὶ
3097 3748 3190 3801 ἐπὶ
3239 3747 3458 3818 Μιχαὴλ
3501 3746 3765 3817 βασιλέως

2177 3843 2269 3896 τοῦ
2303 3843 2734 3915 Κουροπαλὰτου
2771 3842 2976 3912 ἐφάνη·
3014 3842 3182 3914 ὅνπερ
3217 3839 3358 3904 τινὲς
3389 3838 3765 3912 ἑρμηνεύσαν-

2175 3955 2268 4002 τες
2317 3937 2531 4008 ἔφασαν
2595 3938 2697 4008 τὴν
2746 3935 3022 4006 ἀκέφαλον
3072 3933 3211 3991 εἶναι
3269 3935 3530 4007 κεφαλὴν,
3561 3935 3768 4006 προδη-

2172 4028 2372 4084 λοῦντα
2421 4029 2512 4083 τὸν
2545 4029 2812 4100 μέλλοντα
2853 4029 3178 4101 ἀνταροίαις
3235 4028 3599 4100 ἐπιθήσεσθαι
3630 4028 3768 4098 μετὰ

2174 4121 2350 4176 ταῦτα
2381 4122 2585 4191 Θωμᾶν
2615 4124 2711 4175 καὶ
2742 4123 2869 4186 τοὺς
2908 4122 3024 4192 μετ’
3058 4122 3226 4176 αὐτοῦ
3269 4121 3623 4184 στασιαστὰς.
3655 4119 3767 4173 Καὶ

2178 4213 2364 4284 μέντοι
2404 4213 2500 4267 καὶ
2530 4214 2746 4283 σεισμοὶ
2774 4214 2999 4286 φοϐερώ⁸
3045 4215 3140 4265 καὶ
3173 4213 3357 4284 λοιμοὶ
3415 4215 3510 4267 καὶ
3564 4212 3766 4283 αὐχμοὶ

2176 4307 2271 4360 καὶ
2300 4305 2605 4375 φλογώσεις
2631 4310 2922 4377 γεγόνασιν
2962 4307 3054 4358 ἐπὶ
3101 4306 3210 4359 τῶν
3254 4307 3483 4380 ἡμερῶν
3523 4307 3616 4360 τοῦ
3651 4307 3767 4358 θεο-

2179 4413 2434 4466 στυγους.

481 4480 615 4535 ratis
642 4483 833 4538 urbem
859 4487 1214 4554 aggressurus
1234 4497 1372 4540 erat.
1401 4486 1505 4541 Sed
1531 4496 1587 4541 ct
1610 4487 1881 4543 tremendi
1944 4495 2294 4542 terrasmotus
2327 4488 2565 4558 luesque
2595 4495 2653 4543 et
2677 4486 2960 4544 siccitates
2988 4505 3052 4545 ac
3121 4489 3585 4549 inflammationes
3647 4492 3770 4548 iue-

480 4584 610 4628 runt
639 4592 737 4646 per
761 4577 865 4630 viri
900 4579 1011 4632 Deo
1044 4579 1194 4635 exosi
1230 4580 1371 4636 dies.

555 4669 584 4698 Η

429 4819 438 4830 ,
481 4761 850 4832 patriarcham
903 4781 1026 4819 cum
1073 4767 1297 4838 collegis
1346 4769 1622 4839 episcopis
1657 4785 1841 4824 coram
1874 4780 2069 4826 senatu

479 4855 735 4917 accersit,
767 4871 831 4911 ac
860 4856 966 4910 ait:
997 4857 1165 4913 Plane
1191 4877 1296 4914 non
1320 4878 1406 4915 vos
1441 4861 1568 4915 latet
1591 4864 1884 4916 surrexisse
1913 4880 2072 4934 quos—

478 4945 605 4998 dam
645 4949 737 5016 qui
767 4949 944 5002 dicant
987 4951 1131 5004 haud
1157 4969 1370 5022 prorsus
1395 4953 1639 5008 colendas
1659 4971 1768 5008 esse
1795 4955 2071 5025 imagines.

479 5035 561 5091 Ad
591 5054 752 5107 quem
778 5039 987 5110 primus
1013 5043 1088 5097 ait
1112 5045 1168 5100 S.
1196 5045 1566 5115 Nicephorus:
1601 5045 1743 5100 Sane
1771 5047 1956 5100 honori
1977 5049 2077 5102 ha-

479 5129 659 5186 benda:
679 5147 824 5198 sunt,
858 5153 887 5190 ο
915 5139 1223 5209 imperator,
1256 5157 1425 5194 sacra:
1463 5151 1772 5194 sanctorum
1795 5142 2075 5213 imagines,

480 5231 540 5276 ut
597 5242 716 5296 qua:
768 5245 800 5280 a
851 5229 1107 5300 principio
1159 5231 1333 5284 divino
1381 5240 1511 5284 nutu
1565 5233 1879 5286 exstiterint.
1928 5231 2079 5298 Quod

487 5334 714 5389 namque
746 5332 1016 5392 acceptum
1053 5323 1322 5391 quondam
1354 5324 1409 5375 in
1443 5323 1686 5377 manibus
1717 5341 1930 5378 sacrum
1977 5325 2077 5378 lin-

486 5415 628 5462 teum
672 5409 874 5481 sibique
917 5411 1087 5466 vultui
1126 5413 1416 5468 adhibendo
1461 5431 1559 5467 sua
1609 5412 1844 5468 Christus
1889 5416 2072 5486 eﬁigie,

486 5499 637 5554 nulla
682 5503 780 5555 viri
820 5519 1006 5574 Opera,
1031 5504 1345 5575 obsignavit,
1381 5507 1564 5559 merito
1600 5507 1784 5562 honori
1815 5509 2076 5562 habeatur

489 5611 551 5645 ac
613 5594 833 5664 dignum
883 5597 1218 5650 veneratione
1263 5596 1352 5651 sit.
1400 5597 1620 5662 Deinde,
1671 5615 1800 5667 quas
1852 5601 2078 5670 apostoli

465 5685 597 5737 suis
625 5687 722 5756 ipsi
756 5688 995 5742 manibus
1019 5691 1276 5760 imagines
1303 5691 1584 5758 pinxerunt
1616 5692 1800 5764 (ipsius
1828 5695 2075 5748 nimirum

489 5770 681 5828 Citriin
733 5776 949 5850 ejusque
981 5779 1280 5853 Genitricis)
1327 5792 1373 5835 et
1403 5799 1519 5852 qurr
1569 5785 1859 5839 etiamnum
1902 5784 2078 5838 Roma‘

552 4669 604 4723 5.
661 4668 865 4725 Eodem
926 4688 1072 4728 anno
1124 4674 1306 4729 virum
1361 4673 1625 4748 inclytum
1697 4676 2066 4747 Nicephorum

2248 4670 2309 4726 ε’.
2332 4669 2424 4740 Τῷ
2453 4671 2604 4741 αὐτῷ
2659 4670 2774 4726 ἔτει
2827 4675 3131 4743 προσκαλεί
3170 4676 3485 4746 Νικηφόρον
3525 4677 3770 4745 ἀοίδιμον

2179 4765 2527 4836 πατριάρχην
2562 4766 2659 4818 nul.
2694 4764 2824 4830 τοὺς
2855 4769 2954 4821 σὺν
2983 4767 3134 4839 αὐτῷ
3175 4769 3510 4830 ἐπισκόπους
3539 4769 3768 4820 ἐνώπιον

2179 4863 2276 4929 τῆς
2337 4859 2669 4930 συγκλήτου,
2721 4859 2814 4912 καί
2863 4877 3064 4931 φησιν·
3113 4861 3268 4913 Ἵστε
3307 4858 3518 4926 σαφῶς
3547 4859 3625 4924 ὡς
3671 4861 3769 4913 ἁν-

2179 4949 2457 5020 ἐστησὰν
2488 4967 2650 5017 τινες
2696 4950 2980 5018 λέγοντες
3005 4950 3090 5019 μὴ
3121 4949 3251 5003 δεῖν
3293 4950 3768 5018 «porrum-sicam

2183 5047 2293 5112 τὰς
2327 5044 2588 5109 εἰκόνας.
2635 5043 2773 5109 Ιιρδς
2800 5042 2858 5094 ὃν
2882 5041 3100 5112 πρῶτος
3121 5043 3148 5094 ὁ
3165 5043 3224 5094 ὲν
3248 5042 3426 5111 ἁγίοις
3453 5044 3769 5116 Νικηφόρος

2183 5137 2352 5208 φησί’
2395 5133 2686 5205 Τιμητέαι,
2719 5129 2764 5187 ὦ
2809 5134 3099 5198 βασιλεῦ,
3140 5138 3201 5190 al
3239 5138 3389 5206 ἱεραὶ
3432 5136 3551 5192 τῶν
3587 5139 3773 5208 ἁγίων

2179 5232 2412 5294 εἰκόνες
2431 5227 2590 5282 εἰσὶν
2612 5227 2686 5292 ὡς
2710 5227 2780 5288 ἐξ
2819 5224 3011 5295 ἀρχῆς
3043 5228 3178 5294 θείῳ
3201 5232 3446 5300 νεύματι
3464 5233 3770 5301 φανεῖσαι.

2180 5323 2289 5378 Kal
2325 5321 2435 5391 γὰρ
2458 5321 2496 5387 ἡ
2520 5319 2655 5386 ἀγίτι
2712 5317 2895 5382 ὀθόνη
2936 5316 3018 5384 ἢν
3041 5335 3187 5373 ποτε
3206 5323 3412 5376 λαϐὼν
3449 5325 3482 5378 ό
3516 5326 3772 5390 Χρισῖςις

2179 5414 2425 5467 ἐπέθετο
2452 5408 2549 5462 ἐπὶ
2613 5405 2678 5458 τὸ
2736 5406 3066 5473 πρόσωπον
3118 5412 3331 5476 αὐτοῦ,
3372 5412 3470 5466 καὶ
3508 5415 3571 5468 τὸ
3611 5410 3771 5480 εἶδος

2182 5503 2370 5559 αὐτοῦ
2427 5496 2892 5567 ἀχειροποιήτως
2961 5498 3222 5570 ἐγένετο,
3254 5507 3499 5575 τιμητέίι
3536 5509 3631 5571 καὶ
3665 5525 3768 5560 σε-

2184 5593 2438 5663 ϐάσμιός
2457 5590 2651 5644 ἐστιν.
2696 5589 2941 5643 Ἔπειτα
2963 5595 3022 5646 ai
3046 5595 3165 5648 τῶν
3193 5597 3379 5666 ἁγίων
3408 5599 3770 5652 ἀποστόλων

2186 5689 2492 5756 ιδιόχειροι
2513 5682 2746 5747 εἰκόνες
2776 5683 2883 5737 τοῦ
2916 5702 2978 5738 τε
3006 5691 3193 5744 αὐτοῦ
3248 5691 3506 5760 λῇιοντοῦ
3533 5691 3631 5744 καὶ
3662 5690 3771 5755 τῆς

2189 5781 2404 5837 τοῦτον
2427 5774 2741 5841 τεκούσης,
2800 5773 2838 5842 ἧ
2887 5793 2945 5830 τε
2980 5779 3048 5836 ἐν
3089 5782 3481 5854 Ῥώμῃμέχμ
3528 5784 3630 5838 τοῦ
3658 5783 3773 5837 νῦν·
