4094 6506
16 5010 41 5083 ii

16 5078 45 5273 ἒ

470 303 569 367 (i7!
1720 300 2102 361 SYMEONIS
2136 298 2425 361 MAGIST
2435 298 2515 358 Ri
3656 294 3763 357 G72

468 419 912 475 Christianorum
984 419 1149 476 ﬁdem
1206 430 1470 492 negaret;
1527 422 1744 476 divinas
1804 421 2071 492 imagines

466 521 742 568 everteret
770 529 785 578 ;
813 514 934 583 pios
956 528 1020 567 ac
1043 513 1385 569 orthodoxos
1410 514 1797 584 persecutione
1820 524 2064 569 vexaret.

468 605 548 663 Ae
590 605 828 674 primum
858 605 1084 675 quidem
1115 607 1320 676 ubique
1350 608 1402 660 in
1438 606 1688 661 ecclesiis
1720 617 1934 661 erectas
1968 606 2066 661 de-

470 696 697 751 molitur
750 697 1057 769 imagines:
1101 707 1216 752 tum
1268 698 1362 768 qui
1409 697 1558 751 domi
1604 695 1809 753 Christi
1853 707 2077 751 sancto-

2177 419 2369 485 λωσιν,
2392 415 2692 470 κάντεῦθεν
2714 415 2839 479 τοὺς
2872 414 3300 484 εὑρισκομένους
3337 413 3560 482 ἔχοντας
3588 412 3781 466 εἰκόνα

2180 512 2415 583 Χριστοῦ
2447 510 2481 583 ἢ
2513 510 2620 563 τῶν
2669 509 2840 577 ἁγίων
2866 509 3068 570 δειναῖς
3108 506 3401 577 τιμωρίαις
3442 506 3535 559 καὶ
3557 505 3782 576 θανάτῳ

2177 606 2559 667 κατεδίκασεν,
2611 602 2841 665 πολλοὺς
2899 601 2955 652 δὲ
3007 599 3115 652 τῶν
3168 600 3224 652 ὲν
3270 598 3397 669 δόξῃ
3457 599 3554 650 καὶ
3614 615 3781 666 περι-

2184 697 2392 769 φανῶν,
2422 696 2556 751 ἀλλὰ
2574 695 2681 766 μὴν
2710 694 2803 748 καὶ
2821 693 3090 763 μοναχοὺς
3109 692 3394 760 ἀπείρους,
3415 691 3793 779 πειρόνευιιιεὲνὅ

471 807 667 846 rumve
702 791 875 847 ullam
932 791 1226 863 imaginem
1262 791 1465 847 habere
1515 791 1848 862 deprehensi
1917 804 2125 859 essent,
2168 792 2305 848 diris
2363 790 2654 861 suppliciis
2715 803 2780 841 ac
2835 796 3013 841 morte
3076 783 3396 839 damnavit:
3461 767 3785 855 conplures

472 884 715 956 denique
752 889 904 944 viros
942 889 1188 944 illustres
1220 905 1282 945 ac
1310 891 1491 944 claros
1529 887 1647 953 (sed
1681 897 1737 942 et
1799 889 2200 945 monachorum
2254 890 2606 943 innumeram
2656 881 2911 949 turbam)
2948 896 3080 936 nece
3132 879 3376 934 sustulit.

545 979 598 1032 7.
633 979 788 1046 Quod
819 989 1007 1035 autem
1047 982 1370 1036 Michaelem
1412 980 1638 1035 Amorio
1666 990 1873 1045 ortum,
1917 982 2077 1052 cujus

475 1071 643 1126 ﬁliam
679 1086 749 1126 ex
790 1071 1021 1142 spiritali
1060 1073 1227 1143 610
1265 1071 1476 1141 piscina
1529 1071 1643 1126 Leo
1691 1071 2071 1142 adoptaverat,

473 1162 692 1229 patricii
741 1161 1010 1233 dignitate
1058 1173 1279 1217 ornarat
1307 1173 1363 1217 et
1395 1162 1774 1218 excubitorem
1806 1164 2072 1234 praefece-

476 1262 578 1315 rat,
617 1254 774 1323 isque
803 1255 1099 1309 audaciore
1148 1270 1213 1309 ac
1262 1254 1483 1325 procaci
1517 1256 1725 1326 lingua,
1761 1256 1953 1321 Leoni,
1988 1257 2067 1312 uti

474 1360 756 1400 sacrarum
792 1346 1090 1417 imaginum
1126 1349 1374 1402 eversori
1408 1349 1797 1416 exprobrabat,
1833 1350 2065 1421 ejusque

475 1452 704 1493 uxorem
749 1438 979 1493 incestis
1033 1439 1244 1509 nuptiis
1289 1440 1756 1496 coulimisccndam
1801 1441 1918 1498 fore
1978 1443 2064 1497 di-

470 1536 728 1602 ctitabat,
781 1537 961 1591 moliri
1027 1552 1155 1593 eum
1207 1538 1555 1609 tyrannidem
1587 1539 1945 1605 'arbitratus,
1994 1539 2062 1594 ad

477 1629 663 1697 palatii
696 1628 988 1696 Thermas,
1032 1646 1170 1701 quas
1211 1631 1519 1687 Pithecium
1562 1641 1783 1697 vocant,
1817 1634 2064 1689 vinctum

477 1720 715 1789 paloque
775 1722 1059 1793 alligatum
1113 1723 1171 1779 in
1223 1724 1503 1778 fornacem
1555 1724 1665 1794 igni
1720 1725 2065 1780 exurendum

2255 980 2323 1044 ζ’.
2365 978 2519 1032 Ἐπεὶ
2570 977 2626 1031 δὲ
2682 975 2903 1043 Μιχαὴλ
2952 974 3045 1025 τὸν
3079 974 3098 1004 ¹
3155 972 3212 1037 ἐξ
3268 969 3546 1041 Ἀμορίου,
3579 965 3641 1022 οὗ
3675 971 3786 1042 τὴν

2182 1077 2353 1129 παῖδα
2392 1074 2457 1127 ὲκ
2500 1073 2598 1142 τῆς
2634 1067 3021 1139 πνευματικῆς
3089 1064 3479 1135 κολυμϐήθρας
3529 1066 3786 1136 υἱοποιή-

2181 1184 2332 1231 σατο,
2364 1164 2653 1236 πατρίκιον
2685 1162 2777 1215 καὶ
2836 1157 3159 1213 ὲκκούόιτον
3198 1156 3486 1226 ἐτίμησεν,
3520 1155 3682 1220 αὐτὸς
3718 1155 3786 1209 δὲ

2177 1262 2244 1330 τῇ
2313 1257 2587 1329 τολμηρίᾳ
2644 1254 2743 1324 τῆς
2805 1251 3058 1324 γλώττης
3097 1249 3188 1305 τὸν
3245 1249 3454 1303 Λέοντα
3500 1246 3788 1312 ὠνείδιζεν

2178 1352 2262 1426 [Ρ.
2283 1351 2407 1427 ιοθ]
2444 1352 2519 1415 ὼς
2548 1348 2889 1421 καθαιρέτην
2921 1344 3034 1402 τῶν
3061 1344 3237 1411 ἁγίων
3271 1343 3519 1404 είκόνων,
3558 1342 3652 1397 καὶ
3676 1342 3785 1413 τὴν

2174 1447 2424 1516 γαμετὴν
2437 1443 2604 1498 αὐτοῦ
2628 1441 2861 1503 ἀνοσίοις
2879 1439 3080 1509 γάμοις
3103 1435 3354 1508 ὲμμιγῆν
3366 1454 3447 1499 αι,
3488 1433 3794 1489 ὑπολαϐὼν

2175 1539 2339 1599 αὐτὸν
2370 1535 2673 1606 ἀνταρσίαν
2729 1532 2963 1604 μελετᾷν
3010 1529 3091 1592 είς
3137 1528 3197 1582 τὸ
3228 1527 3320 1581 τοῦ
3356 1525 3620 1585 παλατίου
3651 1524 3794 1579 λοῦ-

2175 1649 2304 1702 τρον
2338 1628 2635 1699 Πιθήκειον
2653 1624 2866 1693 δεσμεῖ,
2890 1621 3065 1692 κοντῷ
3084 1639 3141 1674 τε
3176 1620 3542 1691 προσδεθῆναι
3569 1615 3799 1672 κελεύειι

2175 1726 2272 1778 καὶ
2297 1723 2373 1794 τῷ
2410 1719 2696 1791 καμιναίῳ
2751 1717 2887 1789 πυρὶ
2936 1713 3313 1786 παραδοθῆναι
3363 1713 3630 1783 ἀνάλωμα
3656 1728 3671 1744 ·
3714 1704 3789 1766 οὖ

475 1812 627 1883 injici
681 1815 939 1883 mandat;
992 1816 1182 1886 reique
1241 1818 1353 1887 jam
1427 1818 1713 1886 procinctu
1774 1819 2075 1889 imperator

2188 1813 2647 1889 προϐιϐασθέντος
2682 1814 2710 1865 ό
2746 1809 3006 1881 βασιλεὺς
3041 1808 3286 1877 εἱστήκει
3311 1806 3535 1877 θεωρῶν
3562 1804 3786 1860 τοῦτον,

474 1913 761 1974 spectator
802 1907 1025 1963 futurus
1087 1909 1361 1964 adstabat.
1414 1909 1711 1963 Enimvero
1760 1909 2080 1971 Theodosia

478 1998 724 2067 Angusta
783 1998 1045 2070 lacrymis
1107 2001 1337 2071 supplex
1385 2000 1455 2054 ab
1508 2016 1571 2055 ea
1641 2001 1820 2054 virum
1882 2001 2078 2056 liberat

478 2086 822 2145 carniﬁcina.
868 2090 1065 2147 Jussus
1110 2092 1296 2163 itaque
1342 2108 1370 2147 ο
1403 2092 1585 2148 Leone
1618 2093 1841 2148 interim
1872 2093 2075 2148 dimitti

484 2194 637 2246 reus,
668 2183 827 2252 cujus
868 2183 985 2240 haec
1015 2183 1083 2239 ad
1117 2200 1345 2239 uxorem
1377 2184 1545 2238 verba
1568 2184 1661 2238 :Tu
1691 2185 1920 2255 quidem,
1958 2201 2076 2238 mu-

480 2270 600 2336 lier,
640 2274 882 2329 animam
912 2292 1086 2330 meam
1113 2293 1144 2329 a
1172 2275 1350 2345 futuro
1396 2276 1547 2329 hodie
1579 2275 1816 2329 liberasti
1836 2276 2077 2346 judicio;

482 2365 618 2433 forte
647 2383 717 2445 an
758 2383 881 2422 vero
905 2369 1065 2422 etiam
1090 2368 1230 2422 brevi
1258 2370 1367 2423 vita
1397 2367 1626 2438 privabis
1651 2386 1667 2431 ;
1696 2369 1915 2438 ipsaque
1949 2368 2078 2421 adeo

482 2474 549 2512 ac
588 2456 738 2513 liberi
775 2460 902 2529 quid
942 2462 1008 2515 sit
1045 2471 1355 2516 eventurum
1397 2461 1615 2516 ridebis.
1665 2459 1905 2515 Noverat
1933 2461 2081 2515 enim

484 2567 553 2605 ex
602 2553 844 2623 quodam
900 2554 1297 2626 Sibyllinorum
1347 2555 1697 2609 oraculorum
1759 2555 1925 2619 libro,
1973 2570 2085 2625 quo

486 2644 567 2699 illi
623 2656 893 2714 tempore,
950 2654 1013 2701 ut
1061 2661 1196 2701 nece
1242 2646 1551 2711 tolleretur,
1619 2646 1747 2701 fatis
1815 2645 2081 2701 indictum

485 2746 655 2789 esset.
707 2737 917 2808 Nempe
946 2737 1043 2792 illo
1088 2753 1346 2807 expressa
1382 2747 1503 2792 erat
1563 2735 1733 2805 ﬁgura
1766 2736 2037 2805 ejusmodi
2066 2754 2081 2791 :

487 2828 691 2884 Leonis
734 2832 961 2901 ﬁguram
1003 2846 1069 2886 ex
1115 2830 1330 2901 integro
1366 2829 1659 2884 referebat.
1684 2828 1862 2899 Capiti
1900 2829 2084 2884 littera

488 2922 533 2973 Χ
598 2921 865 2993 inscripta
917 2930 1119 2986 erat,a
1179 2932 1331 2993 tergo
1376 2936 1510 2976 vero
1570 2922 1730 2976 litera
1783 2923 1845 2984 Φ,
1890 2921 2086 2977 mediae

488 3011 678 3068 bestiae
707 3013 773 3066 ad
798 3013 916 3082 ipsa
942 3013 1034 3068 ilia
1061 3013 1332 3081 impactus
1353 3023 1618 3067 cruentus
1643 3011 1795 3067 ensis
1814 3012 2081 3068 hrerebat.

488 3106 601 3161 llac
658 3107 958 3177 imperator
994 3105 1277 3175 Stephano
1327 3116 1695 3176 cognomento
1751 3102 2086 3176 Capitoliges

483 3206 728 3262 ostensa,
766 3213 832 3252 ex
863 3214 930 3254 eo
964 3198 1352 3254 sciscitabatur
1378 3198 1512 3268 quid
1559 3197 1675 3254 inec
1717 3198 1824 3252 sibi
1855 3198 2082 3253 vellent.

481 3289 586 3345 Cui
616 3290 744 3344 ille:
777 3288 924 3355 Sine,
956 3290 1186 3352 domine,
1217 3300 1273 3344 ut
1321 3306 1414 3343 nec
1457 3289 1622 3344 oculis
1658 3290 1891 3361 [ig-uram
1924 3306 2084 3344 usur-

488 3398 626 3454 pem.
666 3383 719 3437 ls
757 3383 1047 3437 enimvero
1072 3383 1210 3437 nihil
1247 3382 1543 3453 acquievit.
1578 3384 1736 3438 Tunc
1761 3382 1930 3453 igitur
1958 3382 2087 3437 Ste-

487 3476 707 3546 phanus
748 3490 934 3530 secum
978 3474 1094 3544 ipse
1141 3484 1403 3544 reputans
1437 3475 1755 3544 imperatori
1790 3475 1947 3531 inﬁt:
1983 3475 2086 3529 Leo

487 3571 588 3622 iste
626 3568 683 3622 in
728 3567 938 3635 imperii
978 3567 1189 3637 signum
1231 3568 1430 3635 positus
1454 3576 1528 3620 est
1552 3584 1569 3633 ;
1594 3584 1655 3620 ac
1680 3568 1818 3620 inter
1851 3566 2087 3621 litteram

487 3660 535 3711 Χ
562 3667 611 3711 et
644 3658 690 3710 Φ
717 3656 921 3710 malum
949 3656 1167 3722 aliquod
1190 3656 1271 3709 illi
1306 3657 1568 3711 imminet.
1602 3658 1763 3728 611
1791 3657 1931 3712 Tum
1981 3659 2087 3712 im-

489 3760 751 3820 perator:
813 3747 951 3814 Quid
999 3764 1122 3802 vero
1154 3750 1267 3805 .sibi
1307 3748 1489 3804 volunt
1532 3750 1577 3803 X
1614 3761 1662 3804 ct
1711 3752 1794 3803 ΦΥ
1838 3751 1930 3805 Ait
1961 3751 2084 3806 ille:

490 3843 639 3899 Inter
684 3842 879 3899 Christi
927 3842 1164 3897 natalem
1208 3851 1256 3895 et
1286 3842 1394 3895 τῶν
1430 3842 1625 3913 φώτων
1657 3842 1795 3897 diem
1827 3843 2089 3914 (Epipha—

493 3938 713 3991 niorum
766 3938 979 3993 scilicet
1026 3946 1191 4006 atque
1237 3935 1557 4005 luminum).
1592 3934 1697 3991 Sed
1731 3945 1789 3990 et
1821 3936 1969 4005 quod
1994 3953 2089 4007 pa-

493 4029 655 4085 tricio
702 4030 952 4087 Bardane
1012 4030 1293 4086 referente
1342 4044 1372 4084 a
1424 4029 1753 4084 Philomelio
1815 4029 2090 4084 monacho

489 4121 702 4179 dictum
746 4132 1073 4194 acceperat:
1104 4138 1170 4178 ex
1197 4137 1265 4178 eo
1291 4121 1420 4177 item
1459 4120 1606 4191 quod
1634 4129 1956 4192 prattextam
1996 4120 2090 4177 ille

488 4215 768 4284 induerat,
801 4218 1032 4289 ejusque
1053 4228 1356 4274 extremam
1376 4217 1547 4271 vestis
1574 4231 1726 4273 oram
1758 4217 2087 4283 ealcaverat,

494 4322 610 4365 tum
660 4326 786 4367 cum
839 4312 1073 4382 imperio
1109 4311 1390 4382 potiturus
1434 4310 1551 4378 ipse
1580 4310 1787 4379 regiam
1826 4308 2088 4363 intrabat.

491 4403 572 4459 Ad
608 4404 726 4460 haec
768 4421 902 4459 vero
939 4406 1106 4460 etiam
1147 4404 1340 4459 matris
1372 4403 1512 4457 visio
1550 4412 1762 4455 terrore
1800 4400 2087 4472 implebat.

2192 1909 2254 1961 Ἥ
2290 1906 2346 1959 δὲ
2385 1905 2679 1976 βασίλισσα
2716 1900 2977 1957 Θεοδοσία
3019 1899 3285 1967 δάκρυσιν
3316 1896 3651 1951 ίκετεύσασα
3682 1897 3794 1967 τῆς

2185 1998 2500 2072 μιαιφονίας
2528 1992 2901 2066 ἐλυτρώσατο,
2937 1992 3035 2048 καὶ
3063 1993 3090 2045 ό
3118 1990 3372 2059 βασιλεὺς
3411 1989 3504 2043 τὸν
3542 1988 3793 2042 ὑπεύθυο

2181 2113 2271 2148 νον
2300 2093 2528 2163 ὲαθῆναι
2562 2087 2919 2162 προσέταξεν.
2956 2084 3097 2157 Πρὸς
3118 2083 3174 2137 δὲ
3198 2083 3297 2154 τὴν
3325 2080 3521 2137 ἑαυτοῦ
3549 2084 3797 2151 γυναῖκα

2183 2183 2338 2240 εἶπεν
2365 2202 2378 2215 ·
2420 2180 2497 2238 Ὠ
2522 2182 2720 2253 γύναι,
2754 2177 2869 2247 τὴν
2884 2174 3003 2247 μὲν
3027 2174 3184 2246 ἐμὴν
3196 2173 3412 2245 ψυχὴν
3428 2172 3539 2243 τῆς
3554 2173 3800 2228 ἐκεῖθεν

2183 2282 2453 2352 σήμερον
2483 2279 2659 2346 δίκης
2705 2272 3102 2344 ἀπήλλαξας,
3144 2258 3286 2338 ίσως
3335 2271 3452 2341 μὲν
3484 2271 3504 2302 ³
3548 2269 3648 2325 καί
3677 2269 3799 2339 τῆς

2186 2376 2339 2444 (tofm
2363 2375 2682 2443 συντόμως
2709 2369 3034 2438 στερήσεις
3055 2382 3068 2397 ο
3124 2365 3207 2420 σὺ
3252 2364 3322 2418 δὲ
3350 2364 3447 2419 καὶ
3491 2364 3567 2420 τὰ
3601 2363 3791 2419 τέκνα

2186 2456 2359 2541 ἡμῶν
2388 2460 2583 2535 θεάσῃ
2642 2462 2708 2519 τὸ
2746 2462 3238 2529 ἀποϐησόμενον.
3260 2452 3370 2511 Ἦν
3399 2457 3508 2529 γὰρ
3538 2456 3687 2526 αὐτῷ
3724 2456 3793 2511 ἐκ

2185 2579 2332 2624 τινος
2386 2556 2765 2628 συμϐουλικῆς
2821 2556 2845 2587 ⁸
2904 2552 3091 2625 βίϐλου
3140 2552 3168 2605 ό
3204 2550 3564 2622 ἀναιρέσιμος
3598 2548 3794 2621 χρόνος

2189 2652 2564 2726 μεμυημένος.
2624 2644 2753 2719 Εἶχε
2809 2646 2918 2716 γὰρ
2954 2644 3174 2715 γραφὴν
3220 2642 3506 2714 τοιαύτην.
3556 2643 3789 2704 Λέοντος

2187 2748 2375 2802 εἰκόνα
2410 2744 2603 2815 θηρίου
2633 2740 2953 2811 ὁλόκληρον,
2987 2740 3045 2791 ὲν
3079 2736 3180 2809 μὲν
3218 2738 3283 2807 τῇ
3315 2735 3526 2805 κεφαλῇ
3556 2733 3789 2804 ἔχουσαν

2187 2842 2232 2894 Χ
2255 2838 2511 2909 γράμμα,
2529 2837 2585 2889 ὲν
2599 2833 2657 2889 δὲ
2688 2834 2802 2897 τοῖς
2831 2830 3054 2886 ὄπισθεν
3071 2830 3134 2895 Φ,
3162 2830 3257 2883 καὶ
3293 2827 3460 2899 μέσον
3481 2826 3574 2879 τοῦ
3588 2824 3787 2896 θηρίου

2187 2933 2325 3005 πρὸς
2350 2930 2523 3000 αὐτὴν
2544 2927 2644 2999 τὴν
2670 2926 2811 2997 ψόαν
2866 2924 3020 2993 ξίφος
3069 2922 3241 2992 ἡγουν
3283 2917 3500 2983 σπάθην
3532 2917 3787 3005 ips-cene:

2187 3000 2398 3094 γμένην
2423 3022 2519 3076 καὶ
2549 3018 2887 3092 ᾑμαγμένην
2906 3030 2920 3047 ο
2969 3016 3037 3086 ἢν
3086 3011 3375 3077 ὑποδείξας
3428 3008 3710 3080 Στεφάνῳ,
3740 3000 3787 3077 ᾧ

2189 3114 2428 3185 ἐπίκλην
2466 3110 2896 3178 Καπετωλίγης,
2949 3107 3056 3179 ἔφη
3108 3106 3243 3176 πρὸς
3275 3102 3473 3158 αὐτόν·
3507 3103 3567 3159 Τί
3609 3100 3793 3168 δηλοῖ

2187 3208 2414 3275 ταῦτα;
2453 3208 2513 3261 'O
2560 3205 2616 3259 δὲ
2666 3204 2773 3275 ἔφη
2801 3220 2815 3235 ·
2858 3204 3065 3273 Ἄφες.
3095 3200 3385 3261 δέσποτα,
3427 3196 3514 3266 μὴ
3548 3196 3655 3250 ἴδω
3689 3196 3789 3250 καὶ

2186 3286 2305 3371 τὴν
2334 3300 2594 3373 γραφήν.
2627 3298 2686 3351 ’0
2721 3297 2776 3351 δὲ
2824 3297 2885 3349 ού
2941 3293 3289 3359 κατεδέξατο.
3323 3291 3794 3361 Συλλογισάμενος

2187 3392 2279 3447 οὖν
2304 3393 2332 3446 ό
2367 3391 2636 3459 Στέφανος
2662 3388 2812 3456 λέγει
2849 3386 2927 3456 τῷ
2953 3385 3165 3455 βασιλεῖ
3193 3379 3413 3450 Ὀὗτος
3455 3385 3487 3436 ὁ
3519 3381 3677 3437 λέων
3706 3385 3793 3447 είς

2189 3488 2519 3555 πρόσωπον
2569 3482 2681 3550 τῆς
2719 3480 3050 3548 βασιλείας
3081 3478 3290 3538 κεῖται,
3331 3475 3430 3532 καί
3462 3475 3660 3546 μέσον
3687 3474 3792 3530 τοῦ

2190 3581 2241 3632 Χ
2260 3576 2599 3647 γράμματος
2629 3573 2731 3627 καί
2752 3572 2859 3627 τοῦ
2884 3576 2931 3626 Φ
2956 3571 3151 3625 κακόν
3179 3587 3231 3623 τι
3263 3568 3584 3636 συμϐαίνει
3607 3567 3789 3632 αὐτῷ.

2193 3672 2303 3724 Καὶ
2330 3673 2359 3723 ό
2388 3666 2643 3738 βασιλεύς
2663 3684 2676 3696 ·
2708 3666 2767 3718 Τί
2790 3664 2921 3719 ἐστι
2944 3664 3077 3716 τὸΦ
3108 3659 3290 3715 καὶτὸ
3317 3662 3399 3724 Χ;
3438 3659 3496 3711 '0
3518 3658 3577 3712 δέ
3616 3673 3786 3728 φησι·

2194 3761 2400 3815 Μέσον
2422 3757 2533 3826 τῆς
2568 3754 2828 3825 Χριστοῦ
2875 3751 3220 3824 γεννήσεως
3272 3750 3367 3803 καί
3402 3748 3521 3815 τῶν
3558 3748 3789 3818 φώτων.

2204 3850 2364 3905 Ἀλλὰ
2397 3848 2490 3902 καὶ
2521 3848 2586 3900 ὲκ
2621 3845 2715 3899 τοῦ
2753 3844 3013 3917 ῥηθέντος
3040 3841 3192 3910 αὑτῴ
3223 3840 3312 3894 διὰ
3357 3837 3451 3893 τοῦ
3497 3838 3792 3911 πατρικίου

2195 3941 2495 4013 Βαρδανίου
2556 3938 2712 4011 παρὰ
2746 3916 2841 3991 τοῦ
2880 3939 2938 3989 ὲν
2986 3916 3064 4008 tu")
3096 3934 3411 4005 Φιλομηλίῳ
3434 3933 3786 4004 μονάζοντος,

2192 4034 2289 4088 καὶ
2316 4033 2381 4087 ἐκ
2397 4032 2499 4104 τῆς
2534 4030 2862 4102 ἀμφιάσεως
2894 4030 2989 4083 καὶ⁸
3029 4028 3344 4091 ὲπιϐἁσεως
3371 4026 3482 4079 τῶν
3519 4025 3788 4096 ἐσθήτων,

2190 4127 2280 4180 ὅτε
2308 4126 2446 4199 πρὸς
2462 4124 2531 4179 τὰ
2563 4123 2813 4195 βασίλεια
2847 4125 2927 4187 είς
2959 4122 3059 4191 τὴν
3089 4122 3267 4191 ἀρχὴν
3284 4120 3590 4191 εἰσήρχετο.
3612 4118 3789 4188 Προσ-

2193 4223 2274 4276 ἐτι
2305 4222 2363 4276 δὲ
2394 4222 2491 4275 καὶ
2531 4223 2563 4292 ἡ
2598 4224 2699 4291 τῆς
2730 4219 2936 4289 μητρὸς
2960 4218 3083 4288 ὄψις
3133 4218 3379 4289 ἐπλήρου
3408 4216 3575 4284 φόϐου
3603 4213 3786 4279 αὐτὸν,

2192 4316 2372 4387 ἢτότε
2402 4315 2500 4385 μὲν
2532 4312 2789 4382 λεχθεῖσα
2839 4313 2919 4375 είς
2949 4311 3101 4363 οὐδὲν
3148 4309 3326 4380 τούτῳ
3383 4309 3683 4376 λελόγιστο,
3722 4307 3791 4360 τὰ

2194 4407 2289 4461 νῦν
2317 4407 2377 4460 δὲ
2414 4406 2507 4459 καὶ
2566 4404 2771 4475 σφόδρα
2822 4404 3096 4456 δάκνουσα
3156 4402 3411 4456 ἐπέκειτο
3447 4400 3545 4473 τὴν
3591 4400 3788 4472 ψυχήν.

493 4495 613 4564 ipsa
647 4496 872 4567 quidem
907 4513 1018 4565 quo
1048 4505 1299 4565 tempore
1324 4494 1558 4563 contigit
1579 4493 1786 4548 uirilius
1810 4494 1888 4547 illi
1915 4493 2081 4562 frugis

2209 4498 2412 4569 Ἐφόινη
2445 4494 2554 4566 γὰρ
2582 4496 2744 4567 αὐτῇ,
2778 4494 3026 4549 κατὰτὸν
3050 4495 3106 4548 ἐν
3128 4493 3466 4565 Βλαχέρναις
3493 4492 3637 4548 θεῖον
3668 4492 3793 4547 ναδν

496 4584 682 4639 l-abita
732 4596 851 4649 est;
885 4601 1033 4640 nunc
1062 4601 1193 4640 vero
1220 4585 1387 4640 etiam
1421 4584 1644 4655 gravius
1675 4585 1934 4639 mordens
1962 4585 2084 4639 ani-

497 4691 646 4729 mum
707 4691 771 4731 ac
822 4676 1176 4745 distorquens
1216 4675 1593 4731 incumbebat.
1633 4676 1768 4730 Nam
1816 4691 1942 4730 cum
1991 4676 2083 4730 illa

496 4767 565 4823 ad
617 4767 863 4823 divinam
913 4768 1168 4824 crebrius
1223 4768 1688 4841 Blachernensem
1730 4769 1903 4824 :edem
1962 4784 2085 4824 sese

497 4860 798 4927 conferret,
831 4859 1051 4933 piisque
1083 4861 1227 4917 votis
1272 4862 1479 4933 iugiter
1507 4878 1628 4917 eam
1683 4861 2085 4933 frequentaret,

496 4954 754 5024 apparuit
799 4954 851 5011 ei
904 4955 1085 5025 puella
1128 4955 1305 5011 multo
1346 4955 1768 5011 candidatorum
1824 4955 2089 5011 satellitio

496 5048 732 5118 stipata:
765 5048 912 5104 aedes
948 5048 1064 5119 ipsa
1095 5064 1296 5104 cruore
1342 5048 1666 5103 inundabat.
1721 5048 1860 5103 Tum
1909 5049 2092 5118 puella

498 5140 592 5196 uni
653 5143 991 5197 adstantium
1045 5143 1344 5213 imperare,
1400 5144 1623 5215 impleta
1681 5159 1881 5199 cruore
1939 5145 2093 5212 olla,

495 5234 849 5305 imperatoris
902 5237 1064 5292 matri
1123 5247 1185 5293 ut
1246 5238 1587 5309 propinat-et.
1636 5238 1951 5294 Excusante
1998 5239 2089 5295 illa

496 5330 803 5401 longosque
839 5330 1180 5386 obtendente
1216 5346 1413 5398 annos,
1450 5347 1548 5402 per
1575 5346 1716 5401 quos
1764 5346 1869 5385 nec
1897 5346 2094 5387 carnes

498 5436 603 5478 nec
648 5438 839 5477 eorum
881 5422 1093 5494 aliquid
1131 5424 1334 5493 quibus
1388 5424 1613 5497 sanguis
1658 5433 1952 5481 concretus
2007 5434 2094 5483 est

497 5512 879 5583 degustasset;
919 5513 1126 5570 idcirco
1155 5531 1336 5586 neque
1379 5515 1487 5571 olla
1527 5516 1630 5570 hac
1659 5515 1738 5570 illi
1764 5532 1906 5585 opus
1932 5532 2089 5586 esse;

501 5616 691 5661 contra
741 5608 1079 5677 respondere
1138 5609 1318 5679 puella
1363 5624 1488 5665 cum
1543 5608 1657 5662 ira:
1715 5608 1921 5679 Ειηηὶά
1974 5629 2096 5666 vero

2193 4594 2612 4665 προσφοιτώσης
2644 4594 2755 4658 ἀεὶ,
2781 4594 2921 4667 κόρη
2948 4610 3032 4656 τις
3054 4593 3159 4647 ὑπὸ
3183 4591 3397 4646 πολλῶν
3426 4591 3793 4660 λευχειμόνων

2194 4688 2733 4759 περιστοιχιζομένη,
2774 4689 2868 4742 καὶ
2909 4688 2939 4741 ό
2970 4687 3098 4750 ναὸς
3129 4686 3276 4749 ἄπας
3322 4684 3518 4754 αἵματι
3555 4684 3787 4751 πλήρης.

2195 4780 2413 4845 Ταύτην
2432 4778 2525 4832 οὖν
2556 4777 2653 4848 τὴν
2679 4778 2852 4851 κόρην
2886 4777 3063 4833 εἰπεῖν
3104 4791 3214 4831 τινι
3242 4770 3350 4825 τῶν
3396 4766 3785 4837 παρεστώτων,

2196 4871 2406 4942 χύτραν
2437 4870 2810 4943 πληρώσαντα
2840 4869 3036 4939 αἵματι
3065 4862 3346 4921 ἐπιδοῦναι
3388 4863 3457 4932 τῇ
3487 4859 3657 4931 μητρὶ
3695 4858 3786 4913 τοῦ

2204 4966 2428 5028 Λέοντος
2461 4968 2628 5020 πιεῖν.
2666 4963 2851 5032 Αὐτῆς
2901 4962 2958 5017 δὲ
3007 4958 3302 5013 πολυετίαν
3343 4955 3788 5028 προϐαλλομένης

2192 5060 2258 5114 δι’
2282 5057 2345 5133 ἦς
2391 5061 2530 5130 μήτε
2564 5060 2742 5130 κρεῶν
2777 5059 2915 5130 μήτε
2949 5056 3095 5118 τινος
3126 5055 3237 5107 τῶν
3292 5054 3542 5125 ἐναίμων
3587 5052 3788 5121 γεύσα-

2197 5153 2343 5216 σθαι,
2384 5154 2480 5207 καὶ
2494 5152 2581 5205 διὰ
2600 5151 2760 5205 τοῦτο
2785 5149 2920 5221 μηδὲ
2945 5147 3153 5218 ταύτης
3175 5147 3400 5219 χρῄζειν
3429 5147 3529 5217 τῆς
3550 5146 3757 5217 χύτρας
3774 5163 3787 5179 ·

2197 5244 2308 5297 Καὶ
2344 5241 2493 5308 πῶς.
2524 5241 2732 5310 ἀντέφη
2768 5241 2801 5311 ἡ
2834 5239 2970 5310 κόρη
3010 5239 3152 5309 μετὰ
3194 5238 3394 5310 θυμοῦ,
3436 5242 3469 5293 ὁ
3499 5238 3614 5305 σὸς
3661 5240 3789 5303 υίὸς

2197 5336 2270 5391 οὐ
2300 5335 2550 5388 παύεται
2580 5332 2684 5402 ἐμὲ
2705 5331 2954 5387 πολλῶν
2968 5331 3233 5402 αἱμάτων
3264 5330 3518 5401 πληρῶν
3532 5328 3631 5384 καί
3659 5328 3792 5383 τοῦ-

2199 5444 2309 5482 τον
2330 5427 2438 5480 τὸν
2472 5426 2620 5493 ἐμὸν
2664 5428 2802 5481 υἱὸν
2859 5428 3228 5498 παροργίζῑυν
3261 5429 3362 5483 καὶ
3396 5429 3579 5491 Θεόν;
3615 5426 3790 5481 Πολλά

2203 5519 2287 5593 [Ρ.
2318 5518 2446 5591 4οη
2476 5537 2532 5572 τε
2591 5518 2781 5574 ἔκτοτε
2836 5521 3113 5575 ὲλιτάνευε
3167 5521 3258 5575 τὸν
3295 5520 3499 5591 ἑαυτῆς
3536 5518 3650 5573 υίὸν
3695 5517 3787 5584 τῆς

2202 5614 2312 5667 τῶν
2339 5614 2779 5668 εἰκονοκαυστὼν
2848 5615 3116 5684 αἱρέσεως
3164 5614 3494 5687 ἀποστῆναι,
3543 5607 3789 5681 rip/NW

1784 5705 1865 5759 VA
1880 5706 2019 5761 Ri/E
2062 5707 2468 5763 LECTIUNI‘IS.

606 5793 626 5823 ’
660 5794 755 5848 alii
785 5794 872 5849 τδν
906 5797 1019 5851 υἱὸν
1048 5814 1236 5871 margo
1271 5799 1327 5852 Ρ.
1445 5800 1463 5829 ³
1498 5798 1722 5869 nev-cm?
1822 5803 1841 5835 "
1879 5802 2294 5874 Σιϐυλλιακῆςῗ
2331 5800 2406 5857 cf.
2453 5819 2506 5874 p.
2541 5801 2610 5856 22
2644 5818 2694 5855 ρ.
