4094 6412
636 367 747 433 675

1884 371 2263 431 SYMEONIS
2304 372 2678 432 MAGISTRI

3818 382 3923 446 676

636 489 766 543 mati
800 486 1069 550 latebant,
1104 495 1259 541 retro
1294 485 1528 540 insecuti
1579 493 1745 547 sunt;
1780 483 2073 554 missisque
2120 485 2218 555 spi

2338 504 2437 555 μσς
2486 488 2575 539 καὶ
2613 488 3020 553 σκανδαλισθεὶς
3072 488 3410 560 ἀνεπήδησεν
3436 504 3451 520 ·
3484 495 3579 543 καὶ
3620 491 3761 561 ἔχων
3783 497 3920 552 ἕτοι-

634 585 776 638 ‹·ιι1ἰε
806 599 929 637 cum
958 598 1015 637 se
1060 598 1184 636 eum
1216 582 1537 659 vulnerasse
1563 588 1842 651 putarent,
1879 579 1968 633 ille
2003 579 2067 633 ad
2098 595 2228 633 suos

636 674 929 730 incolumis
978 673 1173 729 evasit.
1217 673 1322 726 Alii
1377 681 1490 726 tres
1531 671 1677 741 capti
1730 679 1858 727 sunt
1883 670 1950 723 ab
2010 670 2076 724 iis
2132 670 2226 739 qui
2269 740 2289 762 .

631 769 798 841 614
834 768 888 822 in
917 769 1083 822 lintre
1115 776 1292 821 erant.
1324 767 1398 819 Ex
1431 767 1497 821 iis
1530 766 1813 835 logotheta
1856 765 2041 820 statim
2069 764 2228 835 jugu-

633 863 796 924 latus,
830 859 1230 915 Constantinus
1270 861 1498 930 cjusque
1544 857 1687 912 filius
1736 856 1847 913 vivi
1876 857 2025 926 capti
2073 866 2223 913 sunt.

2341 598 2440 648 μον
2480 582 2571 633 τὸν
2627 581 2812 645 ἵππον,
2879 581 3229 653 σηκώσαντες
3278 582 3441 636 αὑτὸν
3487 585 3538 637 οἱ
3582 588 3698 655 μετ’
3735 592 3919 657 αὐτοῦ,

2336 672 2779 727 ὲκαόαλίκευσεν,
2820 676 2932 728 Kal
2980 675 3285 748 ἀνέκραξεν
3314 678 3342 729 ὁ
3384 675 3516 741 λαὸς
3550 679 3660 731 ἀπὸ
3690 682 3785 734 τοῦ
3813 684 3921 736 τείο

2334 782 2503 835 χους’
2551 767 2610 819 '0
2661 769 2925 835 σταυρὸς
2967 770 3278 837 ἐνίκησεν.
3340 772 3452 824 Kal
3507 773 3671 840 αὐτὸς
3720 777 3924 848 ἧρξατο

2335 857 2583 926 φεύγειν.
2636 860 2747 912 Kal
2791 860 3103 925 ἐξελθόντες
3163 864 3213 915 οἱ
3271 864 3674 936 ἐνωπλισμένοι
3720 868 3787 924 ἐκ
3816 871 3925 927 τῶν

631 954 899 1023 δωμάτων
933 952 1260 1017 κατεδίωξαν
1304 953 1480 1005 ὀπίσω
1515 952 1610 1005 τοῦ
1641 952 1924 1022 Κρούμου,
1955 953 2047 1004 καὶ
2088 950 2465 1015 ἀπολύσαντες
2489 952 2668 1005 αὐτῶν
2696 954 2764 1007 τὰ
2814 954 2967 1024 βέλη,
3035 954 3113 1016 ὼς
3174 955 3457 1026 ᾠήθησαν,
3523 960 3603 1012 ὅτι
3670 961 3927 1035 ἐπλήγω·

636 1063 735 1098 σαν
767 1046 950 1106 αὑτὸν,
984 1045 1148 1108 αὐτὸς
1185 1045 1240 1097 δέ
1272 1043 1584 1114 μονώτατος
1611 1045 1812 1114 ἔφυγεν
1842 1046 1922 1108 εἰς
1952 1046 2044 1097 τὸν
2088 1044 2218 1096 λαὶν
2257 1044 2447 1099 αὑτοῦ.
2482 1046 2547 1099 0i
2571 1047 2627 1100 δὲ
2658 1046 2807 1099 ἄλλοι
2842 1048 2993 1116 τρεῖς
3030 1048 3376 1115 ἐπιάσθησαν
3412 1050 3517 1102 ὑπὸ
3580 1051 3688 1105 τῶν
3748 1053 3922 1107 ὅντων

631 1142 692 1195 ἐν
740 1142 819 1212 τῷ
882 1141 1167 1213 χελανδίῳ.
1228 1144 1338 1196 Καὶ
1392 1143 1421 1196 ό
1477 1143 1579 1214 μὲν
1630 1142 1922 1213 λογοθέτης
1962 1144 2221 1212 παραυτά
2240 1144 2494 1221 ἐσφάγη,
2556 1146 2964 1208 Κωνσταντῖνος
2998 1144 3054 1198 δέ
3101 1146 3196 1199 καὶ⁵
3259 1148 3287 1200 ὁ
3322 1148 3439 1210 υίὸς
3471 1147 3639 1201 αὐτοῦ
3716 1148 3920 1214 ζῶντες

631 1232 865 1301 ἐπιάσθη
875 1249 991 1285 σαν.

699 1327 749 1380 9.
779 1326 897 1380 Jam
936 1326 1118 1395 itaque
1139 1325 1226 1382 lllS
1270 1326 1344 1381 ita
1377 1327 1546 1398 gestis
1580 1327 1770 1382 furore
1800 1342 2067 1381 accensus
2092 1327 2231 1382 Cru-

628 1434 750 1472 mns
783 1418 967 1472 omnia
1007 1418 1129 1473 loca
1184 1420 1239 1473 in
1282 1420 1587 1474 crastinum
1625 1420 1735 1491 igni
1792 1420 2050 1490 ferroque
2100 1436 2232 1477 suos

626 1519 842 1563 vastare
869 1511 1150 1579 pratcepit.
1184 1498 1489 1580 Cmptoquc
1523 1511 1780 1565 incendio
1808 1511 2072 1565 ecclesias
2111 1526 2230 1565 om-

626 1618 725 1657 nes
762 1611 914 1657 trans
964 1604 1117 1657 urbis
1150 1614 1393 1673 portum,
1435 1620 1660 1673 magnas
1706 1620 1838 1659 sane
1870 1619 1934 1659 ac
1984 1604 2227 1673 superbo

2406 1324 2470 1379 0'.
2516 1325 2720 1380 Λοιπὸν
2799 1320 2895 1378 οὖν
2942 1325 3150 1381 τούτων
3204 1325 3516 1394 γενομένων
3562 1324 3835 1395 θυμωθεὶς
3891 1327 3919 1379 ὀ

2334 1420 2588 1492 Κροῦμος
2616 1420 2870 1473 ἐκέλευσε
2901 1422 2966 1489 τῇ
2999 1419 3265 1489 ἐπαύριον
3307 1418 3610 1488 ἐμπυρέσαι
3633 1416 3732 1471 καὶ
3749 1434 3924 1471 κατα-

2332 1513 2562 1583 στρέψαι
2605 1513 2785 1566 πάντα
2831 1512 3029 1564 τόπον⁹
3085 1512 3181 1565 καὶ
3235 1512 3537 1581 ἀρξάμενοι
3591 1509 3923 1580 ἐμπυρίζειν

2331 1605 2684 1656 κατέκαυσαν
2715 1603 2900 1665 πάσας
2957 1603 3057 1666 τάς
3105 1602 3405 1671 ἐκκλησίας
3461 1602 3562 1667 τὰς
3616 1603 3924 1674 ἀντίπεραν

624 1709 813 1763 opere,
864 1709 1002 1763 quas
1039 1694 1195 1749 lrene
1221 1704 1276 1748 et
1306 1695 1654 1763 Nic-ephorus
1692 1705 1856 1763 atque
1887 1694 2116 1750 Michael
2140 1694 2218 1748 in-

2329 1692 2428 1759 τῆς
2464 1690 2691 1754 πόλεως,
2722 1689 2966 1761 μεγάλας
2997 1690 3185 1753 οὔσας,
3214 1690 3284 1753 ἃς
3328 1692 3681 1745 άνεκαίνισιν
3715 1691 3919 1762 Εἰρήνη

626 1794 1049 1851 stauravcraut,
1097 1788 1432 1842 monasteria
1463 1788 1592 1842 item
1622 1796 1679 1841 et
1719 1788 1918 1857 palatia
1968 1787 2222 1856 aedesque

626 1879 765 1932 alias
812 1892 877 1932 ac
924 1878 1244 1932 suburbana
1289 1878 1399 1948 igni
1448 1878 1829 1933 devastarunt.
1882 1877 1964 1932 Ad
2011 1877 2069 1933 S.
2106 1878 2223 1932 Ma-

625 1980 869 2025 mantem
908 1971 1116 2040 pariter
1165 1973 1443 2042 progressi
1496 1972 1606 2035 his,
1653 1988 1776 2041 qua:
1812 1972 1885 2026 ibi
1927 1981 2074 2037 sunt,
2126 1987 2223 2041 pa-

624 2066 773 2119 latiis
814 2065 1090 2136 regiisque
1123 2081 1186 2121 ac
1222 2070 1393 2122 sacris
1441 2067 1716 2121 cubiculis
1751 2066 1929 2136 ignem
1967 2066 2219 2136 subjece-

574 2166 776 2220 .runt,
828 2171 893 2211 ac
950 2159 1240 2213 columnas
1301 2160 1712 2229 confregerunt.
1770 2157 1985 2213 Plumbi
2047 2157 2222 2212 moles

621 2249 875 2319 circique
938 2252 1208 2305 ambitum
1277 2261 1540 2307 ornantes
1598 2259 1812 2305 statuas
1851 2250 2217 2305 sustulerunt.

619 2339 882 2410 Captivos
927 2358 1123 2397 omnes
1173 2344 1539 2414 jngularunt;
1575 2343 1833 2397 similiter
1864 2357 2089 2412 quoque
2123 2356 2219 2411 pe-

624 2448 754 2488 cora
782 2444 1162 2503 peremerunt.
1199 2434 1340 2489 llinc
1374 2434 1730 2491 Stenilittora
1762 2434 2219 2504 superioremque

632 2539 787 2580 oram
856 2536 1216 2598 peragrantes
1266 2528 1479 2583 navalia
1539 2528 1724 2582 omnia
1786 2528 2216 2592 succenderunt,

622 2625 947 2695 ingentique
990 2627 1148 2697 potiti
1201 2626 1381 2697 prada
1414 2625 1704 2690 abierunt;
1743 2624 2047 2695 dextraque
2078 2624 2217 2679 civi-

623 2720 753 2772 tatis
792 2727 948 2787 parte
981 2727 1250 2789 occupata
1300 2718 1368 2773 ad
1422 2717 1728 2782 Orientem,
1760 2732 1882 2787 qua:
1904 2726 2033 2771 sunt
2062 2726 2216 2771 extra

618 2807 869 2880 Chrysen
923 2821 1137 2880 portam
1179 2810 1245 2866 ad
1286 2811 1506 2882 Rigium
1545 2825 1721 2879 usque
1768 2809 2215 2863 combusserunt.

619 2902 823 2973 Athyra
857 2918 984 2957 cum
1016 2904 1323 2968 venissent,
1366 2902 1513 2974 quod
1547 2903 1661 2957 illic
1686 2910 1772 2957 est
1804 2902 2094 2973 oppidum,
2123 2917 2214 2955 ra-

619 2992 665 3046 ri
705 3009 927 3064 quoque
966 2994 1151 3065 operis
1201 3004 1447 3066 pontem,
1484 2994 1775 3064 ipsumque
1817 2993 1978 3063 longe
2018 2992 2217 3047 ﬁrmis-

620 3086 851 3152 simum,
898 3097 1245 3142 everterunt.
1292 3086 1601 3159 Selybriam
1637 3087 1869 3157 profecti
1923 3087 2045 3159 ejus
2107 3086 2214 3141 loci
2244 3104 2287 3162 ο

616 3176 883 3245 oppidum
922 3178 1043 3231 solo
1094 3187 1476 3247 aequaverunt,
1513 3178 1888 3248 ecclesiasque
1919 3188 1976 3231 et
2023 3177 2220 3233 domos

618 3268 1010 3323 incenderunt.
1057 3269 1567 3325 Exinde‘Daonem
1620 3268 1884 3340 oppidum
1945 3268 2215 3331 demoliti,

618 3358 937 3414 lleracleam
988 3377 1115 3415 cum
1172 3361 1459 3416 venissent
1508 3376 1613 3416 nec
1674 3360 1955 3416 civitatem
2001 3359 2216 3431 ingredi

618 3450 952 3517 potuissent,
998 3452 1193 3507 domos
1221 3468 1416 3507 omnes
1447 3451 1515 3508 ad
1547 3453 1702 3508 littus
1728 3453 1955 3523 positas,
1985 3461 2041 3506 et
2093 3466 2217 3522 qua

619 3540 742 3594 urbi
775 3543 1170 3598 circumvicina
1200 3551 1329 3598 sunt
1365 3544 1570 3615 prtedia
1612 3545 1862 3613 locaque,
1895 3544 2219 3599 combusse-

619 3641 771 3687 ruut.
806 3632 1003 3690 Postea
1038 3635 1393 3691 lilia-destum
1425 3636 1731 3699 venientes,
1762 3637 1867 3691 hoc
1890 3636 2055 3708 615
2086 3652 2216 3708 quo-

616 3739 724 3793 que
772 3725 1038 3796 oppidum
1101 3718 1375 3794 demoliti,
1416 3738 1649 3783 cunctas
1699 3729 1752 3782 in
1820 3744 1888 3783 eo
1946 3730 2093 3783 ardes
2150 3744 2214 3783 ac

615 3817 881 3873 ecclesias
942 3819 1334 3884 incenderunt,
1399 3821 1737 3890 multamque
1801 3820 1875 3875 ibi
1925 3820 2214 3876 hominum

616 3911 834 3965 turbam
878 3914 1246 3968 sustulerunt.
1278 3914 1508 3968 Panium
1539 3929 1662 3968 eum
1710 3914 2015 3979 venissent,
2050 3915 2211 3985 oppi-

613 4000 746 4055 dum
801 4005 1075 4058 munitum
1130 4004 1470 4060 invenerunt
1499 4005 1826 4077 ingentique
1858 4017 2036 4060 tutum
2076 4022 2212 4077 pra:-

612 4094 758 4149 sidio
820 4098 1099 4163 militum;
1152 4096 1470 4169 frustraque
1506 4099 1629 4171 ejus
1682 4099 1911 4154 tentatis
1962 4098 2208 4165 mceniis,

612 4186 947 4244 suburbanis
994 4192 1255 4245 omnibus
1302 4191 1413 4262 igni
1458 4190 1717 4263 ferroque
1758 4192 2006 4256 vastatis,
2054 4192 2211 4247 inde-

609 4294 719 4348 que
770 4280 1007 4350 Asprum
1062 4298 1280 4347 versus,
1330 4282 1478 4353 quod
1544 4285 1726 4355 ipsum
1780 4285 2045 4355 oppidum
2099 4294 2207 4353 est,

611 4370 717 4424 iter
741 4371 1063 4443 dirigentes,
1093 4389 1161 4428 eo
1193 4390 1416 4444 quoque
1456 4376 1689 4445 aliisque
1737 4377 1992 4447 pluribus
2038 4376 2233 4446 oppi—‘

2330 1784 2423 1833 καὶ
2451 1780 2766 1852 Νικηφόρος
2800 1782 2895 1833 καὶ⁵
2957 1780 3179 1852 Μιχαὴλ
3207 1797 3224 1813 ο
3275 1781 3477 1851 ὁμοίως
3529 1783 3625 1836 καὶ
3650 1784 3727 1836 τὰ
3758 1800 3920 1853 μονα-

2330 1874 2531 1944 στήρια
2590 1874 2686 1925 καὶ
2735 1872 2806 1925 τὰ
2857 1871 3098 1927 παλάτια
3161 1874 3256 1926 καὶ
3310 1875 3437 1937 τοὺς
3476 1872 3660 1937 οῖκους
3694 1874 3799 1927 καὶ
3854 1876 3923 1928 τὰ

2329 1965 2657 2034 προάστεια.
2712 1964 2822 2017 Kal
2872 1964 3125 2027 ἐλθόντες
3175 1965 3256 2027 είς
3297 1963 3391 2015 τὸν
3424 1963 3614 2031 ’Δγιον
3642 1964 3921 2033 Μάμαντα

2328 2055 2656 2123 ἐνεπύρισαν
2706 2054 2775 2107 τὰ
2838 2056 3020 2107 ἐκεῖσε
3054 2053 3298 2108 παλάτια
3321 2053 3567 2115 καὶτοὺς
3598 2051 3922 2121 paci-amcis;

2328 2147 2615 2209 κοιτῶνας,
2661 2146 2757 2200 xal
2808 2147 2937 2209 τοὺς
2995 2146 3182 2209 κίονας
3241 2146 3610 2208 κατέκλασαν,
3649 2146 3755 2199 καὶ
3794 2146 3921 2205 τοὺς

2330 2240 2614 2309 μολίϐδους
2638 2240 2850 2309 ἐπῆραν
2876 2238 2970 2292 καὶ
2993 2239 3062 2292 τὰ
3078 2238 3246 2303 ζώδια
3281 2237 3376 2291 τοῦ
3401 2240 3796 2309 ῖτιποδρομίου,
3825 2240 3920 2293 καὶ

2329 2332 2511 2384 πᾶσαν
2540 2331 2646 2396 τὴν
2676 2330 3056 2399 αἰχμαλωσίαν
3092 2330 3465 2397 κατέσφαξαν,
3489 2329 3693 2399 ὁμοίως
3729 2331 3823 2384 καὶ
3850 2333 3916 2383 τὰ

2328 2427 2521 2493 κτήνη.
2555 2424 2665 2476 Kal
2691 2422 2992 2486 διελθόντες
3020 2421 3122 2492 τὴν
3158 2422 3613 2494 παραθαλασσίαν
3640 2423 3744 2477 τοῦ
3786 2425 3912 2477 Στε-

2325 2515 2417 2569 νοῦ
2462 2517 2556 2569 καὶ
2608 2518 2707 2587 τὴν
2741 2518 2854 2569 ἄνω
2886 2515 3066 2569 πάντα
3098 2515 3167 2569 τὰ
3217 2518 3490 2586 ἐμπορεῖα
3532 2516 3909 2580 κατέκαυσαν,

2325 2610 2421 2663 καὶ
2448 2610 2683 2680 ἄραντες
2709 2608 2884 2663 σκῦλα
2921 2608 3094 2662 πολλὰ
3120 2608 3347 2679 ᾤχοντο.
3383 2610 3495 2664 Kal
3530 2612 3834 2675 πιάσαντες
3850 2612 3914 2664 τὸ

2324 2702 2499 2769 δεξιὸν
2525 2702 2693 2773 μέρος
2718 2702 2819 2771 τῆς
2853 2701 3062 2760 πόλεως
3081 2701 3219 2773 πρὸς
3246 2702 3534 2767 ἀνατολὰς,
3559 2704 3913 2758 κατέκαυσαν

2324 2796 2391 2849 τά
2425 2794 2637 2860 ἔξωθεν
2658 2794 2761 2863 τῆς
2790 2795 3012 2865 Χρυσῆς
3042 2794 3250 2865 πόρτης
3279 2795 3384 2859 ἕως
3409 2795 3503 2849 τοῦ
3546 2796 3771 2863 Ῥιγίου.
3802 2796 3911 2850 Kal

2323 2890 2572 2955 ἐλθόντες
2598 2891 2677 2954 εις
2696 2891 2788 2943 τὸν
2831 2890 3037 2961 Ἀθύρα
3095 2889 3474 2960 κατέστρεψαν
3509 2889 3570 2942 τὸ
3601 2891 3781 2942 ἐκεῖσε
3807 2890 3907 2943 κά-

2327 3000 2491 3055 στρον
2542 2983 2638 3036 καὶ
2688 2983 2789 3055 τὴν
2826 2981 3072 3054 γέφυραν
3110 2981 3421 3053 παράξενον
3449 2976 3616 3034 οὖσαν
3638 2980 3742 3034 καὶ
3766 2981 3903 3032 πάνυ

2323 3076 2697 3150 ὀχυρωτάτην.
2732 3076 2844 3131 Kal
2873 3077 3119 3142 ἐλθόντες
3164 3079 3243 3140 είς
3278 3074 3583 3146 Σηλυϐρίαν
3605 3077 3905 3147 κατέστρε⁴

2319 3171 2427 3242 ψαν
2486 3170 2549 3224 τὸ
2599 3169 2793 3224 αὐτόθι
2851 3170 3092 3241 κάστρον
3141 3170 3245 3233 ἕως
3277 3167 3372 3223 τοῦ
3402 3168 3655 3237 ἐδάφους,
3684 3169 3783 3222 καὶ
3806 3168 3907 3229 τὰς

2290 3252 2621 3333 ’ἐκκλησίας
2669 3260 2766 3314 καὶ
2821 3261 2950 3323 τοὺς
2993 3260 3180 3323 οῖκους
3232 3258 3583 3331 ἐνεπύρισαν.
3618 3260 3730 3313 Kal
3772 3257 3907 3331 μετὰ

2318 3353 2478 3406 τοῦτο
2528 3353 2588 3405 τὸ
2629 3351 2856 3423 Δαώνην
2909 3352 3146 3422 κάστρον
3222 3352 3469 3421 ὑπάρχον
3511 3350 3903 3423 κατέστρεψαν.

2320 3448 2429 3501 Kal
2463 3446 2711 3511 ἐλθόντες
2736 3448 2817 3509 εἰς
2842 3445 2941 3515 τὴν
2984 3446 3141 3497 πόλιν
3176 3443 3532 3516 Ἡρακλείας,
3565 3446 3639 3516 μὴ
3671 3445 3903 3515 δυνάμε-

2318 3557 2399 3595 νοι
2427 3540 2505 3604 είς
2540 3539 2711 3610 αὐτὴν
2740 3538 2937 3601 ἐλθεῖν,
2978 3537 3309 3608 ἐνεπύρισαν
3340 3538 3519 3591 πάντα
3543 3538 3610 3590 τὰ
3630 3540 3902 3608 οἰκήματα

2317 3634 2387 3687 τὰ
2424 3633 2553 3688 ὅντα
2585 3634 2663 3697 εἰς
2690 3632 2783 3686 τὸν
2807 3631 3002 3701 λιμένα
3032 3634 3128 3685 καὶ
3157 3631 3225 3685 τὰ
3271 3631 3434 3700 πέριξ
3468 3631 3565 3700 τῆς
3597 3631 3772 3700 αὐτῆς
3804 3630 3901 3683 πό-

2318 3726 2474 3789 λεως.
2508 3725 2617 3778 Kal
2659 3723 2797 3794 μετὰ
2816 3723 2978 3777 τοῦτο
3018 3722 3267 3786 ἐλθόντες
3320 3723 3399 3785 είς
3445 3721 3747 3775 Ῥαιδεστδν
3774 3739 3901 3775 κατ-

2316 3816 2585 3888 έστρεψαν
2608 3815 2703 3869 καὶ
2736 3814 2893 3869 τοῦτο
2921 3814 2982 3869 τὸ
3005 3816 3261 3885 κάστρον,
3296 3816 3320 3867 ἐ
3330 3815 3699 3885 μπυρίσαντες
3726 3817 3903 3868 πάντα

2315 3910 2383 3962 τὰ
2410 3910 2469 3962 ἐν
2496 3908 2647 3979 αὐτῷ
2676 3909 2956 3979 οἰκήματα
3013 3909 3104 3961 καὶ
3144 3910 3244 3969 τὰς
3283 3907 3578 3979 ἐκκλησίας
3606 3910 3704 3961 καὶ
3733 3924 3903 3961 κατα-

2318 4001 2619 4071 σφάξαντες
2645 4000 2835 4054 αὐτόθι
2864 4000 2993 4054 λαὸν
3047 4000 3237 4054 πολύν.
3290 4001 3398 4054 Kal
3439 3998 3685 4063 ἐλθόντες
3730 4002 3810 4062 είς
3844 4000 3904 4051 τὸ

2316 4095 2517 4147 Πάνιον
2543 4093 2782 4165 κάστρον
2817 4086 2978 4164 εὗρον
3024 4092 3156 4147 αὐτὸ
3200 4094 3628 4163 ὴσφαλισμένον,
3657 4094 3848 4164 ἔχοντα
3879 4094 3899 4123 '

2313 4186 2441 4239 λαὸν
2477 4185 2645 4238 πολύν
2667 4202 2681 4216 ·
2714 4187 2810 4240 καὶ
2836 4186 3004 4257 μηδὲν
3032 4184 3352 4256 ἰσχύσαντες
3384 4187 3463 4250 είς
3502 4184 3653 4246 αὐτὸ,
3691 4187 3761 4239 τὰ
3797 4186 3899 4251 ἔξω

2313 4279 2491 4333 πάντα
2534 4278 2938 4348 ἐμπυρίσαντες
2994 4278 3089 4331 καὶ
3131 4278 3612 4348 καταστρέψαντες
3668 4276 3898 4346 ἀνῆλθον

2313 4372 2391 4433 είς
2419 4371 2511 4424 τὸν
2546 4372 2812 4442 ’Δσπρον,
2856 4371 3094 4442 κάστρον
3125 4370 3184 4424 ὃν
3203 4371 3297 4425 καὶ
3341 4371 3501 4437 αὐτὸ,
3538 4370 3623 4445 [Ρ.
3659 4370 3786 4444 409]
3810 4369 3901 4423 καὶ

609 4459 697 4513 dis
741 4462 955 4517 eversis
988 4470 1153 4532 atque
1192 4461 1457 4527 incensis,
1488 4465 1693 4520 abliine
1733 4466 1965 4537 digressi
2008 4466 2201 4521 decem

2320 4462 2785 4534 εαταστρὲψαντες
2848 4464 2941 4516 καὶ
2975 4461 3134 4516 τοῦτο
3197 4464 3291 4516 καὶ
3332 4464 3762 4536 ἐμπυρίσαντες,
3804 4461 3902 4517 καὶ

613 4551 841 4606 circiter
881 4553 1000 4608 dies
1048 4554 1184 4609 Gani
1234 4567 1451 4612 montes
1511 4558 1811 4613 intrarunt.
1849 4558 1965 4612 Illic
1994 4559 2217 4614 latentis

617 4641 930 4710 plebecula:
977 4644 1321 4701 innumeram
1356 4647 1504 4701 nacti
1545 4648 1955 4703 multitudinem
1987 4656 2216 4703 cuncta-

608 4747 719 4801 que
752 4733 865 4789 fere
891 4734 1141 4790 Thracia:
1176 4752 1400 4807 pecora,
1433 4738 1756 4794 hominibus
1791 4740 1915 4794 neci
1969 4741 2209 4795 traditis.

608 4838 809 4892 pecora
853 4841 1171 4897 puerosque
1198 4841 1264 4881 ac
1293 4829 1555 4885 mulieres
1585 4830 1795 4901 ingenti
1831 4831 1995 4886 turba
2031 4831 2209 4900 capti-

607 4931 707 4971 vos
738 4918 792 4971 in
831 4918 1135 4989 Bulgariam
1181 4921 1405 4977 misere.
1428 4923 1657 4995 Jamque
1689 4924 1830 4979 adeo
1855 4925 1923 4978 ad
1955 4923 2211 4978 Hexami-

603 5009 741 5063 lium
786 5025 1009 5080 quoque
1043 5020 1396 5068 transeuntes
1452 5014 1704 5085 Abydum
1755 5031 1932 5085 usque
1975 5016 2195 5071 descen~

604 5103 845 5164 derunt:
879 5104 1133 5177 ﬂexoque
1168 5107 1370 5162 itinere
1407 5108 1616 5163 Ebrum
1663 5109 1905 5165 assecuti
1940 5124 2005 5164 ac
2037 5124 2205 5179 supe-

602 5197 803 5251 riorem
844 5200 921 5253 illi
953 5199 1260 5270 regionem,
1292 5200 1495 5270 oppida
1526 5202 1712 5257 omnia
1760 5204 1966 5274 majora
1995 5204 2205 5273 pariter

598 5296 657 5342 et
682 5288 895 5345 minora
926 5290 1342 5362 AdrianOpolim
1396 5309 1572 5363 usque
1609 5303 1956 5350 everterunt.
1999 5296 2197 5350 Adria-

602 5381 845 5450 nopolim
894 5391 1079 5438 autem
1113 5385 1382 5439 munitam
1408 5401 1535 5441 cum
1576 5386 1943 5452 invenissent,
2000 5389 2196 5444 urbem

599 5472 974 5543 obsederunt;
1013 5486 1403 5548 protractaque
1449 5478 1569 5534 dies
1626 5494 1737 5535 non
1789 5495 1995 5551 paucos
2045 5481 2197 5537 obsi-

2318 4556 2481 4625 ἐτερα
2502 4554 2732 4608 πλεῖστα
2765 4555 2997 4627 κὰστρα,
3035 4554 3305 4627 κατῆλθον
3337 4555 3546 4609 ἐκεῖθεν
3576 4555 3644 4608 δι’
3677 4555 3903 4628 ἡμερῶν

2316 4648 2467 4712 δέκα,
2485 4648 2578 4703 καὶ
2594 4648 2843 4719 εἰσῆλθον
2867 4649 2943 4712 εἰς
2957 4649 3027 4703 τά
3053 4649 3155 4719 δρη
3186 4648 3280 4701 τοῦ
3305 4648 3506 4701 Γάνοψ
3524 4648 3621 4701 καὶ
3649 4649 3902 4717 εὑρόντες

2315 4747 2494 4799 ἐκεῖσε
2527 4744 2656 4800 λαὸν
2712 4746 2883 4799 πολὺν
2920 4744 3298 4815 κρυπτόμενον
3335 4741 3430 4794 καὶ
3492 4739 3681 4808 σχεδὸν
3719 4744 3902 4793 πάντα

2312 4838 2380 4891 τὰ
2406 4840 2579 4908 κτήνη
2605 4839 2703 4908 τῆς
2739 4837 2981 4908 Θρᾴκης,
3010 4830 3361 4901 κατέσφαξαν
3383 4829 3508 4890 τοὺς
3545 4826 3895 4897 ἀνθρώπους,

2313 4932 2507 4986 καὶτὰ
2551 4932 2721 5001 κτήνη
2768 4930 2897 4982 ὄντα
2954 4931 3034 4988 είς
3090 4925 3294 4995 πλῆθος
3348 4922 3899 4993 αἰχμαλωτεύσαντες

2312 5024 2638 5077 ἀπέστειλαν
2665 5024 2743 5083 εἰς
2767 5019 3123 5087 Βουλγαρίαν,
3156 5016 3249 5069 καί
3276 5014 3676 5081 γυναικόπαιδα
3703 5012 3899 5081 πολλὰ.

2310 5115 2420 5169 Kal
2454 5115 2642 5168 λοιπον
2670 5112 2914 5182 ἀπῆλθον
2938 5110 3032 5163 καὶ
3078 5111 3157 5172 είς
3194 5109 3256 5162 τδ
3298 5106 3618 5179 Ἐξαμίλην,
3637 5108 3734 5163 καὶ
3756 5125 3896 5165 κατι·

2308 5208 2473 5276 ἦλθον
2502 5208 2607 5269 ’ἕως
2645 5204 2898 5269 ΙἌϐυδον,
2933 5203 3028 5256 καὶ
3076 5200 3406 5271 ἀνέκαμψαν
3440 5202 3534 5254 ἐπὶ
3565 5200 3659 5255 τὸν
3694 5201 3898 5272 Ἕϐρον

2306 5298 2401 5351 καὶ
2420 5297 2519 5367 τὴν
2536 5297 2672 5362 ἄνω,
2706 5295 2801 5347 καὶ
2832 5294 3011 5348 πάντα
3041 5293 3110 5347 τὰ
3142 5293 3354 5363 κάστρα
3387 5292 3767 5363 κατέστρεψαν
3788 5289 3900 5346 ἀπὸ

2307 5389 2506 5460 μικροῦ
2538 5390 2643 5452 ἕως
2678 5388 2921 5460 μεγάλου
2948 5387 3054 5451 ἐως
3096 5387 3198 5456 τῆς
3237 5384 3755 5458 Ἀδριανουπόλεως.
3784 5381 3897 5437 Kal

2301 5482 2558 5553 εὑρόντες
2610 5482 2712 5552 τὴν
2758 5478 3211 5553 Ἀδριανούπολιν
3261 5477 3706 5550 κραταιουμένην
3751 5491 3898 5542 παρ-

604 5566 791 5633 dione,
849 5584 975 5624 cum
1026 5571 1191 5639 potiri
1227 5572 1453 5627 civitate
1486 5588 1596 5627 non
1629 5584 1877 5644 possent,
1908 5575 2199 5629 instructis

2320 5575 2590 5629 εκάοισαν.
2620 5574 2730 5628 Kal
2763 5574 3097 5645 ποιήσαντες
3122 5570 3339 5643 ἡμέρας
3371 5569 3576 5632 πολλὰς
3608 5568 3703 5621 καὶ
3728 5564 3900 5637 μηδὲν

604 5660 873 5716 machinis
910 5676 1031 5716 eam
1067 5676 1387 5735 Oppugnare
1431 5676 1739 5735 cmperunt.
1780 5668 1847 5724 Et
1889 5682 2023 5723 vero
2043 5667 2196 5725 cives

2326 5668 2626 5740 σχύσαντες
2704 5668 2814 5725 ἀπὸ
2860 5666 2958 5723 τοῦ
3014 5663 3422 5739 περικαθισμοῢ
3498 5660 3546 5731 ⁸,
3597 5660 3897 5733 στήσαντες

1888 5762 2120 5819 νΑΙὶΙιιΕ
2172 5763 2581 5823 LECTIONES.

682 5845 829 5913 ’ἔχον
852 5864 912 5901 τε
945 5850 967 5902 τ
1041 5850 1062 5882 ⁸
1088 5853 1553 5927 παρακαθισμοῦῖ
