4094 6470
255 394 361 453 (ΥΠ

1407 384 1777 445 ANNALES.
1819 407 1886 416 -
1930 384 2075 443 LEO
2115 386 2536 448 ARMENIUS.

3431 390 3537 451 678

256 505 574 573 μαγγανικὶι
631 501 937 569 ἐπολέμουν
982 498 1041 551 τὸ
1084 499 1343 569 κάστρον.
1392 497 1501 551 Καὶ
1534 496 1598 566 δὴ
1652 513 1847 548 στενω-

1955 494 2006 548 in
2040 496 2319 565 angustias
2349 499 2547 557 coacti,
2576 512 2702 552 cum
2737 498 2887 551 nulla
2918 499 3107 552 auxilii
3140 514 3267 569 spes
3302 514 3537 568 usquam

256 596 468 658 θέντες,
495 594 572 663 μὴ
596 592 813 661 ἔχοντες
846 588 1099 659 βοήθειάν
1128 590 1294 641 ποθεν
1324 587 1419 640 καὶ
1465 586 1841 656 ἀποθνήσκον-

249 707 345 752 τες
371 688 465 741 τοῦ
500 684 685 756 λιμοῦ,
718 683 1051 754 παρέδωκαν
1078 680 1325 744 ἑαυτούς.
1364 680 1470 733 Καὶ
1513 678 1767 740 λαϐόντες
1797 678 1845 730 οἱ

258 781 559 850 Βούλγαροι
586 780 681 850 τὴν
702 776 1087 848 αἰχμαλωσίαν
1118 776 1300 828 πᾶσαν
1331 776 1410 835 εἰς
1440 772 1647 841 πλῆθος
1681 766 1848 824 οὖσαν

256 874 653 944 ἀναρίθμητον,
684 874 779 926 καὶ
810 872 994 924 πᾶσαν
1020 868 1117 939 τὴν
1146 865 1459 938 ἀποσκευὴν
1492 865 1693 930 αὐτῶν,
1714 882 1846 936 μετ-

257 966 472 1038 ᾠκισαν
520 966 718 1027 αὐτοὺς
762 964 841 1028 εἰς
874 962 1215 1032 Βουλγαρίαν
1253 960 1463 1014 ἐκεῖθεν
1492 959 1588 1012 τοῦ
1630 959 1846 1027 Ἴστρου

254 1057 530 1129 ποταμοῦ.
567 1055 677 1109 Καὶ
710 1054 916 1107 τούτων
948 1053 1249 1123 γινομένων
1275 1052 1303 1103 ὁ
1336 1052 1486 1105 Λέων
1517 1051 1615 1121 τῆς
1638 1049 1847 1113 πόλεως

252 1152 358 1205 οὐκ
412 1149 659 1219 ἐξῆλθεν,
722 1147 838 1200 ἀλλ’
868 1147 1089 1216 ἐκράτει
1120 1146 1221 1215 τῆς
1272 1144 1551 1215 βασιλείας
1588 1160 1846 1213 τυραννι-

256 1243 395 1306 κῶς.
428 1244 539 1296 Καὶ
567 1241 754 1295 λοιπὸν
780 1241 1103 1311 φθασάντων
1131 1244 1239 1293 τῶν
1269 1239 1473 1310 ἑορτῶν
1502 1235 1728 1306 ἔστεψεν
1756 1235 1873 1289 τὸν³

254 1336 380 1388 υἱὸν
406 1334 574 1388 αὐτοῦ
604 1335 801 1404 μικρὸν
828 1332 958 1386 ὄντα
990 1332 1083 1385 καὶ
1117 1330 1592 1401 ἐπονομαζόμενον
1618 1327 1846 1398 Σαμϐά-

253 1446 381 1498 την,
424 1426 695 1497 ἐψεύσατο
720 1427 740 1456 ⁹
769 1424 945 1492 λέγων
970 1425 1052 1477 ὃτι
1097 1424 1505 1485 Κωνσταντῖνος
1558 1421 1844 1476 καλεῖται’

258 1520 361 1572 καὶ
393 1517 770 1588 σωρεύσαντες
795 1518 885 1570 τὸν
925 1516 1306 1588 περισωθέντα
1333 1515 1460 1568 λαὸν
1492 1514 1557 1568 ὲκ
1585 1512 1694 1567 τῶν
1728 1512 1846 1566 δια-

256 1611 446 1681 φόρων
476 1609 705 1675 πόλεων,
738 1609 1028 1681 ὲρόγευσεν
1072 1610 1293 1671 αὐτοὺς,
1361 1608 1599 1678 ποιήσας
1648 1606 1848 1669 αὐτοὺς

254 1703 581 1773 εὐφημῆσαι
628 1702 838 1756 Λέοντα
884 1700 979 1755 καὶ
1034 1702 1465 1763 Κωνσταντῖνον,
1508 1698 1845 1769 μιμούμενος

257 1794 387 1856 τοὺς
412 1793 604 1861 πρώην
632 1791 1055 1862 βασιλεύσαντας
1085 1792 1291 1846 Λέοντα
1313 1792 1408 1846 καὶ
1438 1792 1845 1846 Κωνσταντῖνον

255 1886 388 1947 τοὺς
426 1883 727 1952 ’ἰσαύρους,
756 1876 832 1937 ὧν
855 1885 951 1938 καὶ
980 1884 1078 1955 τὴν
1105 1884 1315 1955 αἰρεσιν
1332 1883 1691 1942 ἀνενεώσατο.
1718 1881 1841 1951 βου-

256 1975 485 2044 λ’ὅμενος
519 1972 683 2045 ζῆσαι
712 1973 808 2044 ἐτη
834 1975 1026 2040 πολλὰ,
1058 1977 1133 2038 ὡς
1151 1977 1242 2027 καὶ
1262 1974 1436 2036 αὐτοὶ,
1470 1972 1565 2028 καὶ
1594 1971 1844 2040 γενέσθαι

260 2066 611 2137 περίφημοςο
653 2058 859 2130 οὗτινος
897 2065 995 2136 τὴν
1038 2065 1233 2137 βουλὴν
1273 2068 1300 2121 ὁ
1325 2065 1456 2129 Θεὸς
1487 2064 1842 2136 κατῄσχυνεν,

262 2160 441 2228 κόψας
470 2162 594 2224 τοὺς
623 2158 849 2231 χρόνους
872 2158 1058 2215 αὐτοῦ.

336 2428 390 2475 ι’.
426 2422 533 2474 Καὶ
568 2422 631 2492 δὴ
653 2421 1153 2491 λοιπονγεγονότος
1181 2422 1355 2477 εὐδίου
1388 2425 1429 2455 ¹⁰
1452 2424 1544 2476 τοῦ
1588 2425 1748 2495 ἀέρος
1772 2426 1849 2495 τῷ

271 2513 518 2583 χειμῶνι,
551 2514 648 2566 καὶ
682 2514 791 2565 τῶν
822 2514 1084 2583 ποταμῶν
1118 2514 1193 2585 μὴ
1223 2515 1459 2582 ἐχόντων
1492 2514 1640 2586 ὕδωρ
1691 2513 1845 2580 πολὺ,

280 2604 492 2673 ἐξῆλθον
538 2605 588 2658 οἰ
640 2604 941 2677 Βούλγαροι
998 2606 1237 2676 χιλιάδες
1279 2603 1342 2668 λ’.
1381 2606 1680 2679 ὁλοσίδηροι
1705 2624 1720 2639 ·
1755 2608 1851 2662 καὶ

279 2695 517 2761 ἐλθόντες
564 2697 672 2760 ἕως
729 2697 1175 2767 ’Λρκαδιούπολιν
1236 2699 1331 2751 καὶ
1374 2700 1716 2771 περάσαντες
1757 2701 1850 2754 τὸν

284 2787 486 2854 Ῥιγίαν
519 2786 787 2857 (ποταμὸς
833 2787 889 2839 δὲ
922 2786 1096 2850 οὕτως
1127 2789 1275 2840 ἐστὶν
1304 2786 1642 2857 λεγόμενος),
1683 2781 1849 2858 ηὗρον

269 2877 395 2930 λαὸν
421 2877 588 2931 πολὺν
636 2878 733 2931 καί
782 2878 1217 2950 ᾐχμαλώτευσαν
1253 2878 1438 2933 αὐτόν.
1480 2880 1590 2933 Καὶ
1620 2879 1725 2950 πρὸ
1755 2878 1849 2932 τοῦ

270 2971 509 3041 περᾶσαι
526 2969 723 3032 αὐτοὺς
746 2969 845 3041 τὴν
868 2970 1244 3041 αἰχμαλωσίαν
1270 2971 1485 3040 ἐγένετο
1508 2970 1851 3041 ύετὸςπολὺς

267 3062 483 3131 ἡμέρας
514 3059 680 3126 ὀκτὼ,
739 3065 835 3113 καὶ
880 3062 1147 3129 ὁγκωθεὶς
1179 3064 1207 3116 ὁ
1254 3062 1499 3134 ποταμὸς
1529 3064 1747 3130 ἐγένετο
1774 3062 1851 3127 ὡς

1880 1836 1922 1890 Β

1950 588 2241 657 effulgeret
2270 589 2499 658 diraque
2550 590 2723 644 fames
2751 601 3125 655 consumeret,
3161 592 3415 647 hostibus
3440 593 3539 647 de-

1950 678 2218 732 ditionem
2247 680 2449 734 fecere.
2475 680 2691 749 Bulgari
2721 680 2954 749 captivis
2984 682 3245 737 omnibus
3274 682 3535 751 acceptis,

1952 780 2101 825 tanta
2137 772 2493 828 multitudine
2534 783 2594 827 ut
2626 781 2683 827 et
2719 789 3012 829 numerum
3059 775 3327 839 vinceret,
3354 777 3536 829 omni-

1949 877 2057 930 que
2084 862 2305 917 illorum
2339 864 2554 934 direpta
2581 865 2935 934 supellectili,
2963 865 3015 919 in
3049 865 3358 935 Bulgariam
3386 874 3538 921 trans

1950 952 2149 1007 Estrum
2207 954 2409 1009 ﬂumen
2466 956 2657 1026 procul
2706 957 3092 1026 deportarunt.
3146 957 3357 1011 Interea
3405 958 3535 1021 Leo,

1951 1054 2211 1116 tantaque
2265 1048 2441 1103 hostis
2491 1052 2856 1119 grassatione.
2915 1065 3019 1105 nec
3075 1050 3212 1104 urbe
3261 1065 3537 1120 egressus,

1947 1140 2114 1210 616
2167 1141 2451 1210 lyranniee
2497 1142 2790 1211 imperium
2845 1143 3083 1198 tenebat.
3134 1142 3385 1213 Cumque
3426 1142 3538 1211 jam

1949 1231 2088 1286 festa
2154 1233 2439 1289 venissent
2485 1234 2984 1306 Natalitiorumque
3035 1235 3321 1299 solemnis,
3366 1235 3539 1289 lilium

1949 1340 2108 1381 suum
2163 1327 2346 1381 adhuc
2393 1328 2653 1397 pusillum
2701 1329 3036 1383 Sammatem
3080 1329 3326 1393 nomine,
3372 1343 3538 1398 quem

1949 1418 2086 1473 falso
2133 1418 2557 1475 Constantinum
2604 1421 2791 1476 vocari
2846 1421 3049 1485 aiebat,
3101 1436 3305 1475 corona
3354 1421 3542 1491 Augu-

1948 1509 2071 1564 stali
2103 1510 2368 1576 donavit;
2405 1513 2762 1583 collectisque
2806 1529 2872 1568 ex
2904 1513 3140 1569 diversis
3181 1513 3412 1569 urbibus
3444 1512 3541 1582 qui

1947 1603 2088 1657 cladi
2116 1604 2438 1672 superstites
2477 1614 2664 1659 essent
2717 1606 3035 1676 manipulis,
3075 1613 3297 1676 erogata
3340 1605 3424 1659 eis
3450 1620 3541 1675 pe-

1947 1697 2133 1762 cunia,
2186 1698 2386 1753 faustis
2440 1699 2937 1753 acclamationibus
2994 1698 3250 1767 votisque
3296 1697 3538 1751 Leonem

1949 1805 2011 1844 ac
2042 1789 2465 1844 Constantinum
2493 1791 2751 1860 prosequi
2778 1791 2962 1860 jussit,
3011 1790 3133 1845 illos
3159 1789 3407 1844 imitatus
3444 1788 3542 1859 qui

1949 1898 2126 1951 nuper
2174 1883 2465 1953 imperium
2494 1885 2818 1954 gessissent,
2862 1884 3101 1938 Leonem
3147 1881 3540 1937 etConstanli-

1950 1989 2080 2026 num
2132 1974 2370 2038 Isauros,
2413 1991 2649 2045 quorum
2702 1976 2871 2030 etiam
2917 1976 3144 2030 haeresis
3206 1976 3544 2029 instaurator

1950 2063 2073 2129 fuit,
2121 2066 2253 2120 dum
2290 2068 2440 2122 velut
2491 2068 2591 2132 illi,
2632 2068 2912 2139 longaevos
2946 2068 3052 2123 sibi
3110 2066 3330 2136 imperii
3370 2080 3545 2121 anius

1949 2169 2272 2226 auguratus,
2329 2161 2607 2232 ingentem
2681 2162 2921 2217 nominis
2979 2162 3284 2215 claritatem
3328 2157 3548 2231 ambit,

1950 2251 2109 2322 cujus
2135 2260 2316 2308 tamen
2353 2253 2500 2309 Deus
2534 2255 2831 2310 consilium
2880 2253 2936 2308 in
2991 2262 3285 2324 angustum
3336 2249 3545 2311 coactis

1952 2342 2126 2411 ipsius
2173 2346 2336 2400 annis
2384 2346 2657 2401 confudit.

2024 2434 2113 2490 10.
2137 2435 2408 2491 Caeterum
2425 2437 2566 2491 sudo
2585 2437 2783 2492 hiemis
2803 2445 3126 2506 tempestate
3143 2450 3288 2501 acre,
3306 2434 3547 2503 hincque

1951 2524 2091 2581 adeo
2121 2525 2488 2583 lluviatilibus
2521 2529 2681 2597 aquis
2708 2527 3145 2589 subsidentibus,
3180 2526 3321 2581 facta
3353 2526 3548 2596 Bulga-

1953 2632 2142 2672 rorum
2177 2619 2246 2673 ad
2277 2620 2500 2690 triginta
2528 2620 2701 2674 millia
2738 2619 3223 2689 cataphractorum
3247 2618 3502 2673 excursio
3528 2633 3545 2681 ;

1951 2709 2348 2779 venientesque
2382 2710 2813 2780 ArcadiOpolim,
2848 2726 2911 2766 ac
2940 2722 3201 2781 superato
3230 2710 3388 2780 Rigio
3420 2710 3545 2780 (hoc

1953 2800 2211 2855 nimirum
2264 2801 2414 2855 lluvii
2466 2804 2688 2869 nomen)
2728 2803 3008 2857 inventam
3056 2803 3332 2872 ingentem
3364 2788 3581 2855 humi-fu

1953 2900 2085 2949 nu'm
2134 2894 2546 2948 multitudinem
2580 2896 2684 2950 sub
2724 2896 2915 2966 jugum
2959 2895 3248 2949 miserunt.
3301 2893 3549 2949 Necdum

1958 3002 2087 3041 vero
2134 2986 2476 3042 transmissis
2526 2988 2781 3056 captivis.
2838 2987 3046 3058 ingenti
3097 2985 3361 3039 imbrium
3394 2985 3450 3039 vi
3485 2984 3544 3038 in

1955 3077 2076 3132 dies
2115 3086 2241 3133 octo
2270 3079 2351 3133 sic
2388 3078 2634 3133 ﬂuminis
2675 3094 2829 3148 aqua:
2862 3079 3271 3139 intumuerunt.
3301 3086 3362 3128 ut
3380 3075 3552 3130 maris

267 3155 536 3208 θάλασσα.
567 3155 677 3207 Kal
710 3153 785 3224 μὴ
813 3154 1105 3223 δυνάμενοι
1132 3156 1492 3226 ἀντιπερᾶσαι
1527 3154 1610 3227 [Ρ.
1644 3155 1772 3228 MO]
1800 3158 1848 3209 οἰ

1955 3185 2125 3240 prope
2158 3170 2470 3225 vastitatem
2511 3186 2731 3240 aequare
2761 3169 3104 3224 viderentur.
3138 3168 3387 3235 Cumque
3420 3164 3550 3218 inde

271 3246 572 3316 Βούλγαροι
598 3246 816 3316 ἔμειναν
835 3246 941 3316 ήμέ
952 3262 1050 3317 ρας
1074 3245 1157 3310 ιε’,
1180 3247 1508 3317 κατέχοντες
1530 3248 1628 3319 τὴν
1677 3250 1848 3321 αἰχμυ

267 3337 531 3391 αλωσίαν.
570 3339 679 3391 Καὶ
722 3337 1060 3407 μηνύσαντες
1087 3341 1178 3392 τὸν
1214 3340 1418 3393 Λέοντα
1439 3340 1534 3394 τοῦ
1562 3341 1849 3412 βοηθῆσαι,

268 3431 333 3484 ού
366 3430 689 3501 προσέσχεν,
714 3430 835 3484 οὐδὲ
858 3431 956 3502 τῆς
982 3432 1188 3493 πόλεως
1236 3432 1479 3504 ἐξῆλθεν,
1510 3433 1631 3487 οὐδὲ
1658 3434 1850 3499 ἄλλους

270 3522 423 3585 τινὰς
456 3524 780 3576 ἀπέστειλεν
837 3525 975 3592 πρὸς
1032 3523 1310 3596 βοήθειαν.
1342 3527 1454 3585 Καὶ
1496 3528 1683 3581 λοιπον
1706 3545 1852 3593 γενο-

277 3614 446 3684 μένης
483 3615 664 3679 εὐδίας
696 3616 793 3668 καὶ
824 3615 918 3669 τοῦ
938 3618 1187 3687 ποταμοῦ
1212 3618 1628 3685 ὲλαττωθέντος,
1654 3619 1852 3682 αὐτοὺς

276 3708 396 3770 τοὺς
424 3707 808 3779 αἰχμαλώτους
866 3710 1289 3780 παρεσκεύασαν
1336 3711 1502 3783 κόψαι
1552 3711 1714 3784 ξυλὴν
1756 3712 1854 3765 καὶ

275 3802 496 3869 ποιῆσαι
548 3801 819 3872 γέφυραν,
869 3805 964 3855 καὶ
1010 3801 1183 3866 οὕτως
1230 3803 1508 3875 ἐπέρασαν
1565 3804 1705 3875 μετὰ
1752 3806 1853 3873 τῆς

280 3892 652 3959 αἰχμαλωσίας
681 3893 852 3946 ὄντων
905 3894 1040 3962 ὁμοῦ
1100 3894 1308 3967 ἀνδρῶν
1332 3896 1425 3948 καὶ
1458 3896 1736 3963 γυναικῶν
1759 3897 1854 3949 καὶ

284 3982 509 4035 παιδίων
569 3987 801 4053 χιλιάδες
835 3985 899 4042 ν’.
948 3987 1216 4051 Λαϐόντες
1263 3989 1357 4041 καὶ
1406 3990 1586 4043 πάντα
1634 3989 1703 4041 τὰ
1744 3989 1851 4041 ὑπ-

276 4072 515 4142 άρχοντα
561 4077 758 4139 αὐτῶν,
815 4078 1207 4148 Ἀρμενιατικὰ
1284 4079 1854 4151 οτραγλομαλωτάρια

272 4168 371 4219 καὶ
394 4168 744 4238 νακοτάπητα
776 4169 1024 4241 ἀνώτερα
1086 4172 1183 4224 καὶ
1228 4173 1525 4243 ἱματισμὸν
1559 4172 1730 4226 πολὺν
1762 4176 1855 4226 καὶ

268 4258 629 4329 χαλκώματα,
673 4262 991 4332 ὲφόρτωσαν
1034 4264 1214 4317 πάντα
1246 4264 1325 4327 εἰς
1361 4264 1456 4328 τὰς
1486 4265 1724 4335 ἀμάξας,
1760 4268 1855 4320 καὶ

268 4350 525 4415 λαϐόντες
555 4354 735 4411 πάσας
748 4354 846 4418 τὰς
864 4357 1065 4424 ἀγέλας
1087 4358 1289 4423 αὐτῶν,
1312 4358 1440 4430 βόας
1468 4359 1562 4413 καὶ
1581 4360 1852 4432 πρόϐατα,

270 4442 525 4511 εἰσῆλθον
562 4447 641 4506 εἰς
677 4444 1038 4514 Βουλγαρίαν.
1074 4449 1181 4500 Καὶ
1221 4452 1248 4503 ὁ
1283 4450 1486 4514 ἀδίκως
1528 4451 1856 4521 βασιλεύσας

271 4534 418 4586 κατὰ
484 4536 882 4607 παραχώρησιν
932 4539 1068 4593 Θεοῦ
1127 4539 1251 4593 οὔτε
1301 4542 1466 4606 αὐτὸς
1507 4542 1731 4613 ἐξῆλθεν
1755 4544 1857 4611 τῆς

269 4627 483 4690 πόλεως
508 4628 645 4697 πρὸς
683 4630 933 4702 βοήθειαν
959 4636 1060 4703 τῆς
1092 4633 1491 4705 αἰχμαλωσίας,
1520 4636 1643 4690 οὔτε
1665 4638 1858 4702 ἄλλους

271 4720 527 4772 ἁπέστει)
540 4739 617 4777 εν.

343 4902 438 4947 ια’.
468 4897 669 4950 Λοιπὸν
691 4894 785 4952 οὖν
818 4899 959 4970 μετὰ
978 4900 1151 4954 ταῦτα
1182 4902 1461 4973 ἀνηγγέλη
1486 4904 1665 4958 αὐτῶν
1698 4906 1737 4938 ¹¹
1770 4907 1859 4961 λε-

273 4987 504 5055 γόντων,
534 4988 616 5042 δτι
648 4991 677 5043 ὁ
707 4990 965 5062 Κροῦμος
991 4994 1352 5063 ἐστράτευσεν
1384 4994 1514 5049 λαὸν
1539 4996 1706 5052 πολὺν
1736 5016 1863 5053 συν-

279 5076 542 5150 αθροίσας
564 5082 662 5135 καὶ
694 5086 823 5145 τοὺς
863 5084 1116 5157 ’Δϐἀρεις
1146 5088 1242 5139 καὶ
1276 5087 1459 5151 πάσας
1489 5090 1589 5153 τὰς
1624 5091 1860 5146 Σκλαϐι-

274 5167 393 5233 νίας
418 5188 431 5202 ·
463 5172 604 5242 πρὸς
624 5173 681 5227 δὲ
702 5173 913 5239 τούτοις
940 5178 1349 5248 παρασκευάζει
1371 5178 1649 5252 διαφόρων
1673 5182 1863 5238 ἑλεπό-

269 5260 411 5312 λιων
468 5261 679 5333 δργανὰ
726 5281 785 5318 τε
839 5267 936 5320 καὶ
992 5269 1365 5339 μηχανήματα
1412 5271 1508 5325 καὶ
1545 5274 1864 5344 μαγγανικὰ

264 5353 803 5422 παμμεγεθέστατα,
832 5357 1115 5429 τριϐόλους
1140 5369 1235 5415 καὶ
1268 5362 1630 5433 πετροϐόλους
1646 5366 1741 5421 καὶ
1771 5385 1864 5436 χε-

262 5444 449 5509 λώνας
473 5450 567 5502 καὶ
590 5448 831 5519 ὑψηλοὺς
854 5451 1150 5521 κλίμακας,
1173 5455 1410 5526 σφαίρας
1433 5473 1490 5509 τε
1515 5458 1610 5511 καὶ
1634 5459 1866 5530 μοχλοὺς

261 5538 367 5592 καὶ
398 5538 627 5612 δρυγας,
659 5544 852 5614 κριούς
881 5561 941 5599 τε
968 5548 1064 5600 καὶ
1095 5546 1468 5618 βελοστάσεις,
1500 5551 1777 5623 πυροϐόλα
1800 5571 1861 5608 τε

261 5637 364 5690 καὶ
396 5634 649 5693 λιθοϐόλα
685 5642 780 5693 καὶ
811 5642 1099 5713 σκορπίδια
1124 5644 1203 5707 εἰς
1225 5643 1287 5696 τὸ
1320 5636 1577 5713 βαλέσθαι
1612 5645 1742 5720 βέλη
1767 5652 1865 5706 καὶ

1956 3262 2226 3331 permeari
2272 3277 2380 3315 non
2434 3272 2642 3332 posset,
2690 3262 2809 3316 dies
2854 3259 3172 3330 quindecim
3229 3258 3284 3311 in
3336 3257 3554 3312 stativis

1957 3355 2206 3424 captivos
2268 3364 2583 3410 tenuerunt.
2635 3357 2843 3425 [togata
2900 3354 3008 3407 illis
3052 3352 3256 3407 frustra
3290 3367 3322 3405 a
3366 3349 3553 3406 Lente

1958 3446 2196 3501 auxilia:
2225 3462 2351 3501 nam
2395 3462 2499 3501 nec
2550 3447 2795 3501 animum
2829 3444 3086 3510 attendit,
3126 3457 3228 3497 nec
3274 3441 3407 3496 urbe
3437 3440 3551 3509 ipse

1960 3537 2183 3606 prodiit,
2236 3553 2341 3593 nec
2379 3538 2474 3609 qui
2526 3538 2811 3607 suppetias
2864 3537 3010 3591 irent
3043 3535 3185 3590 ullos
3211 3533 3351 3589 alios
3377 3532 3551 3586 misit.

1958 3628 2193 3699 Jamque
2255 3630 2393 3685 adeo
2453 3630 2601 3685 facto
2653 3643 2852 3684 sereno
2899 3637 3065 3698 atque
3115 3626 3343 3681 ﬂumine
3411 3623 3555 3678 intra

1959 3721 2178 3775 alveum
2205 3737 2541 3792 compresso,
2568 3722 2831 3791 ipsosmet
2855 3721 3102 3791 captivos
3133 3719 3280 3789 ligna
3340 3716 3556 3772 ca'dere

1961 3828 2025 3867 ac
2090 3823 2311 3882 pontem
2360 3824 2579 3869 struere
2623 3813 3144 3885 coegerunt;617
3178 3811 3345 3880 inque
3406 3809 3559 3865 hunc

1961 3906 2185 3959 modum
2242 3922 2367 3960 cum
2424 3906 2666 3971 iisdem,
2723 3907 2793 3961 ad
2862 3904 3260 3976 quinquaginta
3331 3901 3555 3958 circiter

1962 3998 2133 4052 millia
2159 4039 2174 4063 ,
2203 3998 2476 4065 virorum,
2516 4000 2811 4054 mulierum
2849 4015 2912 4054 ac
2956 4014 3279 4068 puerorum,
3334 4009 3555 4048 amnem

1963 4087 2423 4155 transmiserunt;
2489 4104 2822 4159 omnemque
2891 4103 3086 4144 eorum
3152 4084 3555 4144 substantiam:

1963 4180 2317 4235 Armeniacas
2342 4192 2521 4238 vestes
2549 4183 2839 4252 stragulas,
2877 4179 3224 4253 grandesque
3252 4194 3352 4234 acu
3378 4179 3556 4249 pictos

1966 4280 2177 4341 tapetes
2226 4288 2290 4328 ac
2323 4274 2779 4329 vestimentorum
2834 4274 3065 4328 multam
3127 4271 3552 4342 supellectilem,

1964 4380 2201 4435 vasaque
2249 4382 2421 4431 aenea,
2480 4377 2677 4422 cuncta
2724 4367 2982 4423 curribus
3033 4365 3327 4436 imposita;
3361 4378 3559 4419 omnes

1963 4458 2204 4529 denique
2237 4476 2433 4531 greges
2472 4471 2528 4517 et
2557 4470 2826 4525 armenta,
2858 4460 3140 4530 bovesque
3166 4468 3222 4514 et
3244 4473 3394 4522 oves,
3419 4472 3557 4511 con-

1890 4530 1934 4586 θ
1962 4562 2264 4618 vexerunt;
2300 4530 2513 4623 hacque
2550 4554 2706 4609 dilati
2752 4554 2933 4624 praeda
2965 4553 3019 4607 in
3049 4550 3362 4621 Bulgariam
3392 4549 3559 4604 intra-

1967 4654 2115 4698 runt.
2153 4643 2265 4700 Nec
2291 4644 2386 4714 qui
2428 4645 2525 4699 Dei
2564 4645 2903 4715 indulgentia
2954 4644 3142 4713 inique
3178 4652 3398 4713 sceptra
3441 4657 3559 4695 mo-

1964 4735 2286 4801 derabatur,
2316 4746 2412 4792 aut
2448 4738 2566 4807 ipse
2606 4752 2769 4807 opem
2800 4739 3015 4793 laturus
3043 4736 3275 4807 captivis
3302 4750 3559 4806 egressus

1963 4839 2071 4894 est,
2107 4839 2202 4884 aut
2227 4830 2322 4900 qui
2374 4830 2586 4886 ferrent
2613 4832 2749 4887 alios
2780 4832 2923 4887 ullos
2952 4830 3273 4886 destinavit.

2039 4924 2125 4980 ll.
2158 4921 2276 4978 Jam
2314 4921 2482 4992 igitur
2533 4924 2780 4992 perlatus
2812 4922 2882 4977 ad
2914 4922 3157 4978 Leonem
3213 4935 3425 4989 rumor,
3468 4920 3556 4975 in-

1967 5022 2188 5085 gentem
2219 5012 2488 5068 Crumum
2517 5010 2758 5070 conﬂare
2785 5015 3118 5077 exercitum,
3160 5017 3477 5082 Avaresque
3502 5022 3559 5066 et

1969 5103 2357 5159 Sclabinorum
2386 5104 2577 5175 copias
2613 5118 2808 5159 omnes
2836 5104 3142 5174 adlegisse;
3170 5103 3244 5157 ad
3293 5104 3433 5169 haec,
3470 5102 3557 5157 in-

1969 5205 2281 5253 strumenta
2306 5209 2474 5269 atque
2516 5199 2799 5253 machinas
2822 5203 3207 5264 tormentaque
3238 5210 3562 5265 expugnan-

1968 5285 2056 5341 dis
2082 5288 2317 5343 iirbibus
2354 5297 2671 5359 comparata
2722 5287 2905 5342 omnis
2932 5284 3152 5356 generis
3200 5294 3438 5348 struere,
3468 5284 3559 5338 in-

1969 5377 2151 5448 gentia
2176 5394 2309 5435 sane
2341 5380 2472 5443 illa;
2507 5380 2852 5449 tribulosque
2883 5394 2980 5445 seu
3023 5377 3262 5432 murices
3281 5385 3340 5430 et
3382 5384 3558 5431 testu-

1968 5469 2152 5532 dines,
2179 5470 2321 5526 altas
2351 5473 2551 5538 scalas,
2573 5471 2789 5542 globos,
2818 5481 3024 5534 vectes,
3068 5470 3282 5540 ligones
3312 5481 3555 5535 vasaqne

1966 5562 2224 5628 fossoria,
2276 5563 2503 5630 arietes,
2554 5564 2804 5627 balistas,
2836 5562 2997 5634 ignea
3023 5562 3227 5633 jacula,
3264 5558 3554 5630 petrarias,

1966 5655 2293 5725 scorpiones
2330 5656 2615 5715 mittendis
2656 5657 2861 5730 iaculis
2898 5671 2965 5712 ac
3010 5653 3251 5722 fundas;
3284 5649 3556 5724 quidquid

1545 5735 1783 5798 VARUE
1831 5743 2245 5804 LECTIONES.

338 5828 358 5859 '
386 5826 447 5880 ὃν
469 5828 779 5900 ὲψεύσατοῗ

854 5831 1065 5893 ηειδεα
1096 5834 1155 5891 P.
1238 5839 1278 5871 υ
1312 5838 1511 5911 «me?
