4094 6448
432 342 534 403 68Ἱ

1664 334 2040 393 SYHEOXIS
2075 334 2442 394 MAGISTIU

3591 335 3698 398 684

431 456 569 506 dens
607 450 757 505 nullo
790 448 1010 520 negotio
1051 448 1105 500 in
1154 454 1481 516 potestatem
1526 443 1775 514 redegit;
1810 444 2002 513 prceci-

2121 443 2198 495 τὸν
2228 442 2537 512 ἐξώρμησε,
2574 444 2662 494 καὶ
2690 444 2753 512 δὴ
2787 441 3164 513 παρακαθίσας
3194 441 3397 512 βραχύν
3421 459 3542 495 τινα
3574 464 3695 499 και-

430 543 617 613 sisque
646 538 901 596 manibus
926 548 1091 607 alque
1116 536 1370 606 pedibus,
1392 550 1455 590 ac
1482 544 1596 589 tum
1619 536 1745 604 palo
1770 536 2011 601 alligens,

431 634 591 687 civile
629 631 794 687 trium
826 645 1097 685 annorum
1128 628 1330 682 bellum
1364 625 1693 695 consepivit.

504 900 559 953 3.
598 899 746 952 luter
776 897 878 952 hos
936 895 1224 958 tumultus,
1283 894 1541 962 liiscequc
1577 894 1723 946 curis
1778 891 2016 947 distento

436 990 723 1052 Michaele,
745 988 934 1049 Creta,
960 986 1145 1041 Sicilia
1175 995 1230 1039 et
1256 984 1517 1056 Cyclades
1545 984 1613 1037 ab
1646 984 1879 1052 imperio
1906 983 2015 1035 Ro-

437 1098 602 1136 manu
660 1081 731 1134 ab
786 1080 933 1134 Afris
974 1088 1029 1132 et
1068 1078 1341 1131 Arabibus
1392 1075 1637 1130 rescissae
1686 1082 1834 1134 sunt.
1889 1088 2015 1126 cum

362 1178 363 1181 “
432 1176 544 1245 jam
579 1188 643 1228 ex
671 1173 857 1244 populi
887 1172 1128 1243 peccatis
1154 1184 1217 1224 ac
1248 1169 1559 1239 principum
1595 1169 1878 1237 impietate
1917 1167 2014 1221 de-

439 1268 604 1326 lectio
636 1268 919 1324 habuisset
948 1266 1111 1337 622
1142 1265 1452 1320 exordium.
1494 1263 1584 1319 Sic
1620 1274 1802 1319 autem
1836 1280 1891 1317 se
1925 1279 2014 1316 re-

438 1360 545 1415 bus
576 1359 928 1423 habentibus,
963 1359 1236 1413 accersito
1261 1358 1566 1427 imperator
1597 1357 1803 1412 lrenaeo
1841 1356 2014 1425 magi-

438 1460 572 1514 stro,
600 1452 676 1507 ait
708 1450 821 1504 illi:
855 1448 1212 1521 Congratulor
1244 1450 1357 1512 tibi,
1399 1450 1672 1519 magister,
1707 1450 1842 1519 quod
1880 1447 2012 1502 Sici-

442 1543 516 1597 lia
549 1541 846 1597 rebellavit.
876 1540 957 1595 Ad
989 1556 1153 1611 quem
1180 1541 1271 1595 ille
1297 1557 1308 1592 :
1346 1539 1542 1593 Procul
1571 1547 1667 1604 est,
1701 1540 1928 1604 domine,
1956 1546 2014 1591 ut

432 1633 815 1704 gratulandum
839 1635 905 1687 sit
929 1650 988 1687 eo
1023 1636 1232 1687 nomine
1254 1649 1272 1698 ;
1292 1647 1701 1702 conversusque
1730 1632 1796 1686 ad
1827 1646 2017 1701 quem-

433 1727 557 1781 dam
587 1740 878 1796 procerum
913 1724 1025 1781 ait:

541 1818 650 1872 Hoc
671 1818 884 1872 initium
914 1816 1183 1872 malorum
1221 1816 1402 1873 telluri
1430 1820 1647 1883 accidet,

539 1887 734 1959 Rerum
765 1890 995 1957 potietur
1026 1905 1144 1942 cum
1168 1888 1489 1959 Babylonius
1523 1890 1703 1952 draco,

538 1958 761 2029 Lingua:
791 1958 1055 2028 impedita:
1085 1967 1137 2012 et
1171 1958 1726 2014 aurisitientissimus.

502 2050 555 2102 4.
589 2050 960 2120 Agarenorum
988 2050 1135 2104 enim
1165 2050 1276 2105 dux
1300 2052 1569 2121 Apochat,
1601 2050 1668 2105 ad
1691 2048 1866 2105 Creta:
1890 2064 2012 2119 pro-

434 2145 795 2208 montorium,
826 2144 912 2197 cui
945 2142 1160 2197 Charax
1197 2160 1422 2205 nomen.
1451 2146 1678 2214 appulsa
1710 2144 1883 2199 classe
1922 2158 2013 2197 ca-

434 2243 545 2287 stra
574 2234 780 2303 posuit,
802 2235 1008 2305 jubens
1042 2244 1105 2291 ut
1136 2236 1347 2292 relictis
1379 2238 1637 2302 navibus,
1668 2253 1811 2308 quos
1839 2238 2015 2294 duxe-

434 2340 522 2385 rat
544 2329 769 2390 milites,
805 2344 1001 2386 omnes
1042 2330 1323 2400 regionem
1366 2331 1671 2400 praedatum
1705 2331 2016 2402 direptum-

435 2436 543 2490 que
574 2420 737 2476 irent.
783 2419 971 2491 Copiis
1014 2430 1199 2476 autem
1230 2422 1285 2475 in
1337 2421 1549 2492 praedas
1582 2421 1773 2478 ell'usis
1823 2437 2016 2477 eorum

436 2529 608 2569 naves
631 2514 898 2569 succendi
949 2514 1136 2585 jussit.
1162 2513 1333 2585 Cujus
1368 2516 1445 2570 rei
1474 2530 1639 2569 causa
1664 2530 2017 2569 murmurari.

436 2605 607 2672 tibus,
626 2605 731 2658 ait:
758 2604 857 2663 Vos
884 2606 985 2675 ipsi
1014 2606 1420 2670 nudiustertius,
1444 2622 1474 2659 ο
1504 2606 1601 2660 viri
1625 2614 2017 2660 murmurantes

435 2694 703 2749 coloniam
754 2696 944 2751 ducere
974 2698 1311 2766 quazrebatis.
1345 2697 1409 2751 In
1470 2713 1590 2751 eam
1642 2714 1751 2751 rem
1792 2714 1880 2751 vos
1926 2713 2018 2767 ego

435 2788 535 2840 huc
570 2786 670 2840 loci
702 2787 922 2852 adduxi,
970 2789 1061 2841 ubi
1117 2787 1272 2842 tellus
1305 2788 1440 2843 lacte
1472 2806 1535 2842 ac
1578 2788 1731 2842 melle
1781 2790 1917 2859 ﬂuit.
1952 2791 2019 2842 At

438 2876 518 2929 illi
546 2895 557 2930 :
598 2875 821 2932 Ubinam
860 2895 979 2933 vero
1007 2877 1195 2933 liberos
1239 2889 1444 2933 nostros
1472 2895 1762 2950 uxoresque
1791 2880 2020 2933 invenie-

436 2983 553 3021 mus
573 2967 599 3020 .9
626 2968 838 3034 Quibus
866 2969 958 3023 ille
986 2987 999 3023 :
1036 2968 1193 3025 Scitis
1222 2970 1457 3042 plurima
1500 2988 1588 3025 vos
1615 2971 1789 3041 spolia
1822 2989 1884 3025 ac
1928 2987 2018 3025 ca-

436 3062 603 3131 ptivos
634 3062 836 3115 tulisse.
858 3062 941 3117 Ea:
968 3062 1076 3119 illis
1103 3064 1346 3119 mulieres
1390 3067 1446 3119 in
1490 3083 1710 3137 sponsas
1750 3065 1888 3120 vobis
1921 3066 2019 3119 ad-

432 3153 658 3223 jungite.
742 3155 956 3210 Placuit
1038 3157 1300 3212 omnibus
1376 3159 1737 3223 consilium;

436 3260 545 3314 que
594 3247 1025 3317 circumquaque
1077 3250 1221 3304 vallo
1272 3250 1453 3304 locum
1506 3250 1863 3303 munierunt:
1919 3248 2018 3318 χά-

443 3350 582 3402 ρακα
613 3333 787 3390 Grtcci
827 3336 1044 3392 dicunt.
1078 3339 1155 3393 Ex
1183 3355 1294 3408 quo
1326 3338 1531 3394 factum
1563 3348 1648 3394 est
1682 3350 1741 3394 ut
1776 3350 1831 3395 et
1864 3341 2020 3395 locus

439 3424 710 3479 hactenus
731 3424 946 3481 Charax
980 3429 1321 3484 nominetur.
1345 3430 1540 3485 Postea
1567 3448 1695 3485 vero
1721 3432 2021 3486 monachus

439 3515 666 3584 quidam
702 3516 758 3568 in
811 3516 1048 3573 insulam
1092 3520 1357 3577 devectus
1400 3520 1522 3576 iniit
1559 3523 1705 3577 illis:
1754 3521 2020 3592 Siquidem

439 3607 535 3659 hoc
582 3607 724 3661 vobis
777 3610 1119 3665 constitutum
1170 3623 1267 3678 est,
1307 3616 1486 3685 sicque
1533 3617 1723 3669 animis
1764 3616 1905 3669 sedet
1965 3629 2020 3668 ut

440 3694 592 3767 plene
620 3698 795 3752 insula
822 3700 1120 3769 potiamini,
1152 3706 1278 3759 mihi
1300 3724 1386 3761 vos
1410 3709 1765 3778 adjungimini
1787 3712 2018 3774 comites,

440 3804 505 3841 ac
555 3788 641 3840 ubi
700 3788 870 3865 locum
918 3797 1247 3850 exstruendte
1291 3798 1452 3869 623
1504 3801 1645 3853 urbis
1693 3802 2020 3855 commodum

442 3886 830 3944 monstravero,
879 3883 952 3936 ibi
990 3886 1269 3954 wdiﬁcate,
1308 3890 1447 3944 unde
1488 3892 1766 3961 imperium
1791 3904 2021 3947 vestrum

444 3975 554 4021 tota
603 3968 711 4022 late
744 3972 923 4026 insula
971 3976 1273 4045 proferatis.
1321 3979 1483 4033 Duxit
1511 3982 1696 4051 itaque
1739 3983 1793 4036 in
1838 3984 2020 4038 locum

440 4056 702 4116 Chandax
732 4066 975 4130 nomine,
1020 4069 1109 4122 ubi
1144 4085 1336 4124 eorum
1369 4071 1473 4125 sita
1503 4072 1697 4127 civitas
1728 4089 1832 4136 ess,
1872 4090 2020 4128 eam-
2066 4110 2069 4117 ς

443 4166 551 4221 que
581 4152 724 4206 vallo
756 4154 1000 4223 undique
1027 4158 1347 4213 munierunt
1372 4176 1387 4225 ;
1416 4160 1698 4229 captisque
1726 4162 2021 4231 nonaginta

442 4240 699 4307 urbibus,
762 4243 819 4297 in
876 4247 1197 4302 servitutem
1252 4263 1444 4302 omnes
1502 4248 1849 4312 addixerunt,
1916 4264 2024 4302 una

444 4331 709 4385 duntaxat
737 4347 846 4387 non
873 4344 1183 4403 expugnata
1208 4346 1371 4405 atque
1397 4336 1633 4407 direpta,
1653 4353 1774 4407 quae
1801 4348 2024 4409 accepta

444 4418 573 4485 llde,
614 4418 899 4477 deditione
912 4452 919 4455 η
944 4421 1108 4487 facta,
1135 4425 1247 4477 ritu
1278 4423 1597 4480 Christiano
1628 4426 1849 4481 vivendi
1880 4427 2021 4481 libe-

444 4528 563 4568 ram
595 4513 911 4567 facultatem
942 4515 1170 4584 accepit.
1202 4514 1477 4572 Hactenus
1513 4517 1703 4573 Graeca
1729 4535 1863 4574 voce
1897 4521 2026 4572 ὑπο-

444 4602 617 4671 λόγιοι
649 4603 902 4667 audiunt,
938 4618 1003 4658 ac
1051 4605 1096 4659 si
1125 4605 1277 4660 dicas
1324 4617 1626 4677 spontanea
1656 4608 1937 4665 deditione
1968 4610 2025 4663 in

446 4692 612 4748 ﬁdem
644 4694 874 4765 accepti.
913 4694 990 4749 Ac
1024 4710 1153 4751 sane
1182 4699 1559 4769 Agarenorum
1604 4700 1835 4755 ditionis
1868 4717 2023 4755 man-

445 4785 647 4841 sissent
678 4785 1003 4852 insulaemisi
1027 4787 1257 4845 Michael
1277 4790 1501 4846 Cratero
1513 4792 2023 4863 ’Cibyrrhaeotarnm
2053 4808 2061 4815 '

443 4876 572 4933 duci
620 4877 875 4947 jussisset
906 4888 964 4933 ut
998 4881 1146 4934 omni
1182 4881 1447 4936 instructa
1490 4883 1664 4938 classe
1720 4884 1775 4937 in
1805 4883 2024 4938 Cretam

441 4968 565 5023 vela
592 4968 766 5023 daret.
804 4972 1179 5026 Ducentarum
1212 4973 1381 5043 igitur
1410 4975 1634 5028 navium
1670 4975 1842 5030 classe
1872 4976 2025 5031 inve-

441 5067 567 5117 ctus
592 5075 685 5115 eas
727 5061 1061 5130 vindicavit;
1088 5064 1416 5135 Cretamque
1447 5067 1745 5134 prolectus,
1774 5070 2020 5122 omnium

444 5152 503 5206 in
532 5166 596 5206 ea
625 5152 1000 5222 Agarenorum
1030 5156 1261 5225 potitus,
1288 5156 1478 5210 hostes
1510 5158 1632 5212 neci
1663 5159 1793 5213 dare
1819 5161 2022 5215 consti-

445 5253 646 5310 tuerat,
672 5245 778 5300 nisi
810 5247 1050 5302 militum
1078 5247 1301 5317 quidam
1344 5248 1489 5302 haud
1525 5265 1659 5304 sano
1704 5252 1835 5305 satis
1882 5268 2018 5306 con-

447 5334 575 5389 silio
609 5337 1051 5393 intercessissent
1078 5379 1090 5398 ,
1116 5340 1211 5407 qui
1236 5340 1485 5393 dicerent
1516 5359 1527 5392 :
1566 5341 1770 5395 nullum
1811 5361 1894 5396 eos
1932 5362 2029 5396 no-

446 5433 533 5479 ctu
582 5428 977 5498 impressionem
1021 5434 1293 5499 ]acturos:
1332 5449 1487 5485 mane
1540 5436 1785 5490 tenendos
1820 5457 1881 5490 ac
1934 5457 2027 5491 ca-

448 5520 663 5588 piendos
694 5521 824 5590 fore.
862 5523 1071 5576 Horum
1112 5525 1296 5592 itaque
1324 5524 1624 5581 dementati
1656 5532 2024 5597 sermonibus,

447 5624 560 5667 suae
590 5612 782 5667 salutis
810 5615 1059 5684 neglecta
1091 5631 1244 5681 cura,
1284 5617 1340 5670 in
1380 5616 1731 5675 tabernacula
1768 5639 1888 5678 sese
1937 5642 2025 5680 re-

2121 535 2213 603 ρδν
2240 533 2427 585 τοῦτον
2454 534 2689 601 ἀμογητὶ
2741 532 3071 603 ἐχειρώσατο
3096 547 3109 561 ⁸
3167 534 3593 604 ἀκρωτηριάσας
3640 555 3699 591 τε

2116 625 2279 677 αὐτὸν
2312 626 2497 694 χεῖρας
2556 626 2650 677 καὶ
2704 624 2892 689 πόδας,
2931 621 3048 677 εἶτα
3104 625 3199 677 καὶ
3235 626 3697 693 ἀνασκολοπίσας,

2116 717 2427 769 κατέπαυσε
2460 716 2549 768 τὶν
2581 718 2635 767 ἐν
2681 716 2829 786 τρισὶ
2859 719 3070 786 χρόνοις
3109 717 3374 786 ἐμφύλιον
3406 722 3700 788 γενόμενον

2120 808 2379 875 πόλεμον.

2187 896 2253 964 γ’.
2282 898 2367 950 Ἑν
2388 895 2596 958 τούτοις
2627 894 2718 948 τοῦ
2751 896 2968 965 Μιχαὴλ
2986 898 3445 967 ὲνασχολουμένου
3475 902 3691 973 Κρήτη,
3768 896 3774 900 ’

2119 991 2210 1041 καὶ
2253 988 2496 1055 Σικελία,
2536 987 2625 1039 καὶ
2672 989 2725 1037 αἱ
2760 985 3038 1049 Κυκλὰδες
3087 991 3239 1058 νῆσοι
3279 988 3377 1058 τῆς
3407 988 3513 1041 τῶν
3555 990 3691 1043 Ῥω-

2122 1078 2292 1146 μαίων
2324 1077 2499 1147 ἀρχῆς
2526 1076 2583 1140 ἐξ
2628 1075 2901 1145 Ἀφρικῶν
2926 1092 2985 1128 τε
3015 1076 3107 1129 καὶ
3157 1077 3403 1148 Ἀράϐων
3433 1080 3698 1151 περιῃρέ-

2118 1169 2310 1238 θησαν,
2340 1169 2591 1230 λαῦὸντος
2623 1168 2941 1238 ἀρχὴνιᾶρτι
2972 1168 3186 1240 πρῶτον
3211 1169 3302 1222 διὰ
3320 1170 3421 1233 τὰς
3452 1170 3546 1223 τοῦ
3570 1171 3699 1225 λαοῦ

2117 1261 2395 1331 ἁμαρτίας
2427 1263 2522 1315 καὶ
2552 1260 2648 1333 τὴν
2680 1263 2787 1315 τῶν
2814 1264 3162 1334 κρατούντων
3200 1264 3540 1321 δυσσέϐειαν.
3577 1264 3699 1318 Τῶν

2115 1354 2541 1424 δὲ’πραγμάτων
2570 1354 2742 1420 οὕτως
2780 1357 3013 1425 ἐχόντων
3069 1356 3460 1427 προσκαλεῖται
3482 1357 3511 1411 ὁ
3543 1357 3700 1436 βασι-

2116 1446 2238 1509 λεὺς
2260 1448 2550 1518 Είρηναῖον
2573 1448 2665 1500 τὸν
2701 1449 3029 1519 μὰγιστρον,
3055 1449 3149 1502 καί
3183 1466 3314 1520 φησι
3344 1450 3478 1520 πρὸς
3505 1450 3664 1503 αὐτόν
3686 1467 3699 1480 '

2117 1542 2427 1608 Svyza’pto
2479 1557 2598 1603 σοι,
2644 1542 2956 1610 μάγιστρε,
2992 1541 3079 1594 ὅτι
3118 1541 3157 1608 ἡ
3195 1543 3437 1597 Σικελία
3485 1543 3704 1612 ἐμούλ-

2117 1646 2355 1686 τευσεν.
2409 1631 2464 1682 ’0
2502 1632 2557 1684 δὲ
2591 1631 2696 1700 ἔφη
2719 1648 2731 1661 ·
2764 1633 2940 1687 Τοῦτο
2976 1634 3158 1698 ξένον
3186 1633 3374 1704 χαρᾶς
3414 1634 3567 1699 ἐστι,
3600 1633 3696 1687 δέ·

2118 1738 2334 1777 σποτα.
2358 1725 2469 1777 Καὶ
2506 1728 2765 1794 στραφεὶς
2793 1726 2927 1795 πρός
2954 1744 3074 1780 τινα
3121 1727 3228 1780 τῶν
3266 1726 3524 1796 μεγάλων
3560 1726 3662 1796 ἔφη
3688 1744 3699 1756 ·

2272 1816 2455 1887 Ἃρχὴ
2480 1816 2680 1887 κακῶν
2708 1835 2774 1885 γε
2804 1818 3071 1887 πεσεῖται
3106 1817 3182 1886 τῇ
3200 1819 3392 1887 χθονὶ,

2257 1886 2444 1939 ὀταν
2472 1885 2740 1954 κατάρξῃ
2771 1886 2878 1954 τῆς
2912 1885 3267 1954 Βαϐυλῶνος
3294 1885 3534 1957 δράκων

2255 1958 2667 2025 Δύσγιίωσσος
2700 1957 2891 2025 ἄρδην
2913 1960 3008 2011 καὶ
3036 1959 3413 2029 φιλόχρυσος
3442 1960 3607 2013 λίαν.

2185 2048 2247 2101 δ’.
2286 2049 2351 2100 Ὀ
2382 2048 2489 2118 γὰρ
2521 2048 2630 2101 τῶν
2673 2048 2988 2119 ’Δγαρηνῶν
3047 2049 3294 2121 ἀρχηγὸς
3341 2048 3578 2117 ’Δπόχατ
3626 2047 3703 2116 τῷ

2115 2138 2211 2208 τῆς
2240 2140 2461 2211 Κρήτης
2484 2140 2813 2212 ἀκρωτηρίῳ
2841 2140 3147 2210 προσέϐαλε
3178 2141 3273 2193 καὶ
3301 2138 3699 2211 προσωρμίσθη

2115 2232 2193 2301 τῷ
2226 2232 2467 2304 Χάρακι,
2494 2233 2684 2303 ὁρίσας
2732 2235 2825 2287 τόν
2857 2233 2948 2286 ὑπ’
2989 2234 3150 2287 αὑτὸν
3198 2232 3327 2287 λαὸν
3373 2234 3696 2286 καταλιπεῖν

2117 2323 2215 2387 τὰς
2246 2324 2376 2386 ναῦς
2408 2326 2589 2380 αὐτῶν
2641 2326 2735 2378 καὶ
2779 2325 2878 2396 τὴν
2914 2325 3096 2397 χώραν
3152 2325 3457 2394 ληῖζεσθαι.
3494 2326 3600 2378 Τοῦ
3641 2325 3698 2377 δὲ

2121 2418 2351 2488 στρατοῦ
2392 2418 2525 2487 πρὸς
2550 2418 2645 2488 τὴν
2677 2420 2938 2487 τοιαύτην
2965 2419 3279 2489 ἐγχείρησιν
3328 2420 3730 2489 ἀποκινήσανι,

2118 2528 2208 2574 τος
2236 2510 2547 2581 προστάξας
2573 2510 2667 2574 τὰς
2700 2511 2830 2574 ναῦς
2871 2511 3050 2563 αὐτῶν
3082 2512 3483 2582 ἐπυρπόλησεν.
3522 2514 3705 2567 Κατα-
3776 2516 3781 2523 τ

2119 2603 2499 2671 γογγυζόντων
2543 2602 2599 2654 δὲ
2634 2602 2815 2656 αὐτῶν
2872 2603 3001 2673 περὶ
3056 2603 3248 2655 τούτου
3285 2603 3389 2674 ἔφη
3428 2604 3565 2674 πρὸς
3607 2605 3706 2658 αὐ-

2120 2693 2266 2755 τοὺς,
2299 2692 2381 2743 ὅτι
2418 2690 2498 2760 Τῇ
2526 2694 2846 2761 προτεραίᾳ
2876 2693 3328 2763 κατεγογγύζετέ
3353 2714 3494 2763 μου,
3517 2691 3562 2751 ὦ
3594 2695 3699 2749 ἆν-

2121 2782 2277 2850 δρες,
2328 2781 2642 2851 ζητοῦντες
2686 2785 2886 2853 χώραν
2921 2787 3009 2850 εις
3057 2787 3390 2851 κατοικίαν,
3454 2785 3552 2840 καὶ
3609 2785 3706 2839 διὰ

2122 2875 2296 2928 τοῦτο
2326 2876 2555 2944 ἤγαγον
2584 2876 2739 2944 ὑμᾶς
2770 2875 3070 2940 ἐνταυθοῖ,
3100 2876 3170 2929 ἐν
3208 2875 3255 2941 ᾧ
3277 2878 3572 2946 γάλακτος
3604 2875 3704 2929 καὶ

2102 2968 2361 3035 μέλιτος
2384 2968 2552 3021 ἔστιν
2583 2966 2878 3035 ἀπορῤώξ.
2919 2969 2982 3021 Ol
3012 2967 3068 3020 δὲ
3098 2970 3351 3023 ἀντεῖπον
3383 2968 3560 3039 αὐτῷ’
3592 2968 3699 3023 Καὶ

2125 3059 2242 3112 ποῦ
2282 3058 2350 3112 τὰ
2381 3058 2561 3113 τέκνα
2613 3060 2849 3124 καὶτὰς
2902 3059 3192 3128 γυναῖκας
3240 3058 3404 3127 ἡμῶν
3448 3059 3703 3129 εὑρήσο-

1795 3158 2019 3212 ετθιη-ο-
2046 3138 2092 3197 C
2117 3167 2269 3218 per;
2312 3151 2369 3205 '0
2402 3151 2460 3204 δὲ
2508 3151 2641 3223 πρὸς
2672 3152 2865 3214 αὐτούς
2888 3168 2900 3180 ’
2959 3154 3123 3206 Ἴστε
3162 3152 3250 3204 ὅτι
3285 3154 3701 3221 αἰχμαλωσίαν

2123 3244 2421 3309 πλείστην
2445 3242 2680 3308 ἑαυτοῖς
2696 3242 2987 3313 ἠνέγκατε
3006 3259 3017 3272 °
3039 3245 3105 3297 ἐκ
3126 3245 3346 3310 ταύτης
3370 3240 3486 3299 οὖν
3502 3245 3717 3315 γυναῖ-“

2123 3352 2235 3400 κας
2260 3336 2397 3405 ὑμῖν
2417 3336 2784 3404 ἁρμόσασθε.
2822 3338 2930 3389 Καὶ
2966 3338 3162 3407 ἡρεσεν
3195 3338 3376 3399 αὐτοῖς
3410 3338 3587 3401 τοῦτο,
3611 3338 3705 3390 καὶ

2121 3429 2339 3499 χάρακα
2371 3430 2413 3460 ⁸⁷
2437 3428 2753 3498 περιέθεντο
2784 3428 2916 3498 πρὸς
2943 3427 3277 3499 ὀχυρώματα
3298 3445 3310 3457 ·
3346 3422 3525 3499 ἀφ’.οὖ
3559 3431 3585 3482 ὁ
3617 3430 3701 3481 τό-

2126 3537 2223 3583 πος
2252 3518 2443 3591 Χάραξ
2479 3521 2638 3591 μέχρι
2665 3520 2764 3590 τῆς
2792 3520 2953 3589 δεῦρο
2996 3519 3492 3591 προσονομάζεται.
3522 3521 3705 3574 Μονα-

2125 3610 2253 3681 στὴς
2283 3611 2340 3664 δέ
2370 3629 2452 3674 τις
2503 3612 2798 3681 μετέπειτα
2834 3614 2898 3681 τῇ
2940 3612 3087 3680 νήσῳ
3145 3611 3557 3681 προσφοιτήσας
3598 3611 3703 3680 ἔφη

2123 3704 2331 3768 αὐτοῖς,
2386 3702 2469 3756 ὅτι
2518 3703 2701 3771 Εἴπερ
2734 3702 2994 3757 ἐθέλοιτε
3021 3701 3582 3757 καταδυναστεῦσαι
3599 3699 3709 3766 τῆς

2122 3793 2341 3861 νήσου,
2375 3794 2830 3862 ἀκολουθήσατέ
2840 3813 2965 3863 μοι,
2994 3794 3091 3848 καὶ
3123 3794 3274 3849 ὅπου
3299 3793 3374 3848 ἂν
3403 3792 3709 3861 στοχασάο

2084 3900 2302 3954 ,μενος
2358 3885 2695 3954 παραδείξω
2742 3888 2883 3955 ὑμῖν
2926 3886 3375 3953 ἐπιτηδειότητα
3433 3885 3704 3949 κτίσεως,

2123 3977 2323 4031 ἐκεῖσε
2377 3980 2560 4031 πόλιν
2608 3976 3062 4046 οὶκοδομήσατε,
3119 3976 3193 4030 δι’
3218 3975 3292 4045 ἧς
3344 3972 3451 4043 τῆς
3510 3974 3707 4037 νήσου

2124 4073 2543 4139 ἐξουσιάσητε.
2582 4074 2691 4127 Καὶ
2723 4075 3009 4143 ἀπήγαγεν
3057 4071 3254 4133 αὐτοὺς
3285 4072 3364 4134 είς
3394 4070 3557 4123 τόπον
3612 4086 3708 4122 κα-

2125 4166 2385 4234 λούμενον
2410 4166 2689 4231 Χάνδακα,
2718 4169 2775 4219 ἐν
2800 4160 2843 4234 ᾧ
2878 4168 2911 4235 ἡ
2946 4164 3101 4227 πόλις
3129 4164 3334 4217 τούτων
3366 4163 3703 4233 καθίδρυται,

2126 4258 2220 4310 καὶ
2244 4257 2446 4325 ταύτην
2476 4258 2738 4311 κυκλόθεν
2789 4259 3155 4325 ὲτάφρξυσαν.
3188 4255 3298 4307 Καὶ
3349 4255 3705 4325 ἐννενήκοντα

2127 4351 2311 4413 πόλεις
2348 4353 2722 4421 κρατήσαντες
2747 4348 3228 4418 ἠνδραποδίσαντο,
3269 4348 3398 4417 μιᾶς
3431 4348 3601 4417 μόνης
3635 4344 3709 4415 μὴ

2055 4475 2103 4534 D
2129 4443 2429 4513 ἁλωθείσης
2459 4442 2571 4495 ἀλλ’
2606 4443 2637 4512 ἢ
2664 4442 2809 4509 λόγῳ
2837 4442 3240 4512 ἀπολιορκήτου
3280 4441 3565 4511 μεινάσης,
3598 4438 3709 4491 τῶν

2129 4537 2428 4606 οἰκητόρων
2465 4536 2633 4602 αὐτῆς
2661 4536 2757 4589 σὺν
2787 4535 3075 4605 ἐλευθερίᾳ
3127 4538 3305 4588 ποιεῖν
3331 4534 3401 4587 τὰ
3444 4535 3713 4603 Χριστια-

2128 4627 2237 4681 νῶν
2296 4625 2842 4696 συγκεχωρημένων·
2904 4628 2951 4680 οἳ
2984 4628 3144 4697 μέχρι
3176 4626 3270 4679 τοῦ
3304 4626 3399 4678 νῦν
3434 4624 3709 4690 ὑπολόγιοι

2129 4720 2445 4787 κέκληνται.
2511 4720 2595 4790 [Ρ.
2654 4719 2780 4791 M4]
2834 4721 2943 4773 Καὶ
2973 4721 3036 4790 δὴ
3091 4720 3157 4773 ἂν
3213 4719 3317 4771 ὑπὸ
3390 4714 3709 4783 Ἀγαρηνῶν

2114 4811 2538 4887 Δκοιτεκρόιτηντο
2564 4813 2618 4863 αἱ
2654 4808 2829 4880 νῆσοι,
2890 4814 2939 4863 εἰ
2988 4813 3061 4880 μὴ
3116 4806 3335 4877 Μιχαὴλ
3374 4807 3400 4857 ὁ
3453 4800 3708 4871 βασιλεὺς

2133 4904 2403 4975 Κρατερῷ
2426 4902 2500 4973 τῷ
2529 4903 2636 4955 τῶν
2667 4901 3098 4973 Κιϐυρραιωτῶν
3121 4898 3409 4968 στρατηγῷ
3438 4892 3708 4947 ἐνετείλα-

2133 5010 2195 5046 το
2223 4994 2399 5057 πάσας
2424 4995 2521 5055 τὰς
2554 4995 2648 5047 ὑπ’
2673 4994 2823 5063 αὐτῷ
2851 4993 2979 5055 ναῦς
3015 4991 3302 5060 ἑτοιμάσαι
3346 4990 3439 5041 καὶ
3495 4987 3710 5055 ἀπᾶραι

2134 5087 2213 5148 εἰς
2243 5085 2468 5155 Κρήτην
2491 5100 2504 5114 ·
2535 5085 2593 5148 ὃς
2624 5086 2721 5139 σὺν
2747 5084 3047 5145 διακοσίαις
3075 5082 3233 5134 ναυσὶ
3267 5079 3710 5149 παραγενόμενος

2131 5177 2300 5240 αὐτὰς
2328 5177 2690 5247 ἠλευθέρωσε,
2748 5179 2843 5230 καὶ
2896 5178 2953 5228 ὲν
2986 5178 3052 5245 τῇ
3102 5175 3299 5245 Κρήτῃ
3352 5173 3569 5242 ἀπάρας
3605 5170 3712 5222 τῶν

2131 5269 2308 5320 ἐκεῖσε
2353 5268 2668 5339 Ἀγαρηνῶν
2697 5270 2915 5322 πάντων
2946 5267 3395 5336 κατεκυρὶευσεν,
3438 5265 3531 5318 καὶ
3562 5264 3715 5316 ἀναι-

2132 5360 2320 5429 ρήσειν
2358 5359 2697 5429 βεϐούλευτο,
2736 5361 2784 5411 εἰ
2819 5362 2892 5429 μή
2926 5376 3069 5421 τινες
3098 5359 3190 5410 τοῦ
3224 5358 3354 5410 λαοῦ
3384 5359 3567 5417 κακῶς
3589 5374 3713 5425 φρο-

2132 5449 2352 5513 νοῦντες
2389 5450 2550 5504 τοῦτο
2584 5450 2887 5514 ἐκώλυσαν,
2945 5448 3250 5519 εἰρηκότες,
3305 5447 3379 5508 ὡς
3433 5444 3715 5514 Οἱδαμῶς

2130 5540 2199 5593 ὲν
2221 5542 2392 5595 νυκτὶ
2426 5539 2588 5596 οὗτοι
2631 5543 2781 5609 πρὸς
2830 5539 2988 5607 ἡμᾶς
3041 5538 3478 5601 ἀντιτάξοιντο.
3536 5536 3614 5598 τῷ
3646 5536 3714 5586 δὲ

2132 5634 2282 5699 πρωῒ
2306 5632 2699 5704 κατάσχωμεν
2727 5633 2970 5697 αὐτούς.
3004 5631 3109 5684 Καὶ
3139 5631 3203 5699 δὴ
3259 5626 3708 5700 φρεναπατηϐἐν-

1732 5715 1964 5769 νΑιιιΑς
2018 5719 2419 5775 ΙλῐῖίίὶῊΟΝΕὸ.

553 5796 595 5829 ³⁷
628 5798 721 5851 καὶ
751 5798 981 5868 audii-ua}
1018 5802 1237 5867 πυκνὸς,
1263 5805 1478 5875 χάρακα
1508 5803 1567 5859 Ρ.
