4094 6480
365 395 475 461 685

1506 395 1870 455 ANNALES.
1922 419 1982 430 --
2023 394 2325 453 TIlEOPH
2339 395 2532 453 II.US.

3464 394 3467 395 ⁷
3538 392 3643 454 686

364 534 457 581 τες
485 519 598 579 τοῖς
620 515 825 568 τούτων
847 514 1028 584 λόγοις
1066 513 1200 583 πρὸς
1232 511 1329 576 τὰς
1372 511 1577 582 σκηνὰς
1637 511 1816 565 αὐτῶν
1851 512 1943 565 ἔπ-

2053 518 2340 580 ceperunt.
2374 508 2551 563 Noctu
2611 516 2811 577 autem
2844 507 3125 564 irruentes
3181 506 3427 564 hostium
3479 511 3643 565 cunei

365 609 652 675 ανέλυσαν,
678 607 943 678 μηδαμῶς
956 606 1057 677 τῆς
1084 606 1357 677 σωτηρίας
1385 605 1564 659 αὐτῶν
1592 603 1956 676 πεφροντικόει

364 720 475 765 τες.
514 700 627 771 Τῆς
680 701 736 751 δὲ
766 700 961 762 νυκτὸς
1002 698 1326 761 ἐπελθόντες
1376 698 1423 749 οἱ
1458 696 1642 767 ἐχθροὶ
1678 694 1950 765 σιδήρειόν

367 795 533 847 ὕπνον
564 792 777 854 τούτοις
806 793 972 851 πᾶσιν
1000 792 1303 859 ἐπήγαγον,
1325 790 1485 859 μόνου
1518 787 1610 840 τοῦ
1645 784 1952 856 στρατηγοῦ

368 887 546 941 αὐτῶν
575 884 865 955 ὲμπορικῷ
895 883 1186 945 ἐπιϐάντος
1224 882 1394 953 πλοίῳ
1440 883 1533 953 καὶ
1563 879 1951 934 ἀποπλεύσαν-

366 997 477 1042 τος.
508 980 687 1047 Ὅπερ
720 978 908 1047 μαθὼν
950 979 977 1030 6
1007 977 1113 1028 τῶν
1155 975 1470 1046 Ἀγαρηνῶν
1513 973 1755 1044 ἀρχηγὸς
1800 972 1952 1024 δυσὶν

364 1069 587 1124 ὁλκάσιν
620 1070 915 1123 ὲπεὸίὸασε
944 1069 1040 1122 καὶ
1067 1068 1394 1132 κατεδίωξεν
1423 1065 1667 1132 ὄπισθεν,
1700 1065 1954 1136 καὶπρὸς

364 1164 465 1234 τὴν
490 1165 650 1233 νῆσον
682 1162 780 1233 τὴν
806 1162 903 1215 Κὼ
924 1160 1114 1214 τοῦτον
1135 1161 1422 1230 κατέσχεν,
1454 1159 1550 1213 καὶ
1575 1161 1632 1212 ἐν
1659 1158 1794 1228 αὐτῇ
1828 1154 1954 1209 τοῦ-

372 1269 464 1304 τον
494 1250 932 1304 ἀνεσκολόπισεν.
986 1246 1121 1303 Εἶτα
1177 1251 1204 1303 6
1266 1249 1505 1320 Ὅρύφας
1556 1248 1619 1300 τὸ
1666 1247 1953 1327 ἐπώνυμον

372 1343 660 1413 προστάξει
714 1341 981 1413 βασιλέως
1034 1341 1379 1411 συναθροίζει
1414 1339 1673 1394 ναυτικὸν
1717 1356 1950 1407 στρατο-
1986 1416 1995 1421 ⁸

365 1434 610 1504 λόγημα·
644 1431 725 1499 οἷς
764 1434 867 1487 ἀνὰ
885 1434 1299 1505 τεσσαράκοντα
1331 1433 1553 1503 χρυσίου
1603 1431 1822 1493 ἐπιδοὺς
1867 1448 1948 1494 νν,

362 1527 554 1580 ὁλκάσι
577 1544 638 1579 τε
674 1526 961 1589 ἐπιϐάντες
988 1527 1083 1580 καὶ
1129 1526 1221 1578 ἐπὶ
1257 1525 1482 1595 Κρήτης
1514 1523 1951 1593 στρατεύσαντες

361 1617 638 1685 ἄπρακτοι
694 1618 759 1669 ἐκ
785 1616 880 1669 τοῦ
928 1616 1165 1686 πολέμου
1216 1614 1602 1685 ὑπεχώρησαν,
1635 1615 1685 1666 oi
1732 1613 1952 1676 πλείους

363 1708 539 1760 ἐκεῖσε
571 1709 1051 1777 κατασφαγέντες·
1091 1700 1165 1761 ὧν
1195 1711 1291 1760 καὶ
1350 1706 1480 1769 τοὺς
1519 1705 1951 1772 ἀπολειφθέντας

369 1801 953 1873 τεσσαρακονταρίους
984 1800 1295 1870 ὠνόμασαν.
1338 1800 1425 1852 Ἐν
1463 1798 1636 1869 ταύτῃ
1687 1800 1752 1868 τῇ
1799 1797 1949 1867 νήσῳ

2057 602 2167 656 illis
2199 601 2460 656 omnibus
2488 600 2728 655 ferreum
2765 614 3018 655 somnum
3069 600 3439 655 immiserunt.
3483 600 3646 656 Solus

2056 708 2251 748 eorum
2287 694 2399 747 dux
2435 692 2703 747 Craterus
2736 694 3070 748 mercatorio
3103 706 3237 748 usus
3266 694 3486 765 navigio
3512 694 3642 767 fuga

2055 785 2289 840 salutem
2315 786 2571 840 tentavit.
2598 784 2657 839 ld
2688 800 2821 840 vero
2855 793 2914 839 ut
2972 786 3243 855 comperit
3266 788 3642 856 Agarenorum

2055 879 2186 943 dux,
2222 878 2475 948 imposita
2510 877 2730 932 duobus
2760 878 2977 933 ratibus
3006 878 3245 932 militum
3283 895 3446 933 manu
3480 880 3642 949 luga-

2056 986 2176 1026 ccm
2231 970 2448 1040 insequi
2500 970 2684 1041 jussit.
2723 967 2788 1024 lli
2840 986 3009 1039 porro
3066 970 3123 1024 in
3176 970 3254 1025 Co
3293 971 3472 1026 insula
3514 988 3643 1028 eum

2056 1062 2315 1127 assecuti,
2353 1062 2407 1116 in
2438 1078 2661 1117 crucem
2712 1071 2959 1132 agentes,
3012 1078 3043 1118 e
3079 1064 3221 1119 vivis
3273 1066 3640 1121 sustulerunt.

2054 1154 2184 1208 Post
2212 1154 2328 1208 haec
2350 1152 2601 1226 Oryphas
2628 1154 2756 1224 (hoc
2790 1154 2907 1208 viro
2946 1153 3171 1226 nomen)
3202 1155 3369 1228 624
3400 1157 3645 1226 impera-

2057 1245 2194 1298 toris
2217 1246 2399 1316 jussu,
2425 1247 2605 1301 navali
2634 1257 2824 1303 coacto
2846 1249 3119 1313 exercitu,
3145 1250 3201 1304 in
3234 1251 3482 1321 singulos
3510 1268 3647 1322 qua-

2055 1335 2308 1406 draginta
2340 1353 2543 1393 aureos
2572 1339 2877 1407 distribuit,
2912 1351 3079 1411 atque
3109 1343 3346 1397 navibus
3386 1344 3639 1413 imponit;

2055 1429 2401 1499 profectique
2431 1430 2653 1487 Cretam
2684 1448 2741 1487 re
2788 1433 2992 1487 inlecta
3023 1434 3232 1489 reversi
3267 1444 3434 1502 sunt;
3467 1438 3640 1506 pleri-

2054 1536 2164 1589 que
2210 1522 2375 1575 etiam
2431 1523 2544 1578 illic
2591 1524 2913 1591 desiderati,
2945 1526 3039 1595 qui
3094 1534 3150 1580 et
3202 1525 3638 1598 Quadragenarii

2055 1610 2189 1666 dicti
2226 1622 2374 1666 sunt.
2429 1612 2489 1667 In
2520 1629 2585 1669 ea
2616 1614 2793 1670 insula
2822 1614 3061 1686 Cyrillus
3087 1616 3344 1688 Gortynae
3379 1620 3502 1687 ejus
3554 1619 3643 1673 ἰη-

2055 1704 2189 1759 sula:
2251 1704 2491 1760 civitatis
2542 1707 2878 1777 episcopus,
2934 1708 3020 1761 vir
3083 1709 3480 1763 miraculorum
3541 1725 3639 1780 pa-

2056 1803 2251 1860 trator,
2314 1798 2464 1850 velut
2528 1798 2875 1853 immaculata
2925 1799 3105 1855 hostia
3154 1816 3255 1870 pro
3299 1800 3522 1857 Christo
3565 1803 3636 1857 ab

361 1863 634 1962 Κύριλλος
662 1893 691 1944 6
722 1863 1140 1963 θαῦματουργδς
1172 1891 1469 1953 ἐπίσκοπος
1502 1863 1776 1959 Γορτύνης
1808 1863 1943 1940 ταύ-

2052 1889 2323 1960 Agarenis
2369 1891 2685 1949 immolatus
2728 1903 2850 1959 est;
2887 1895 3043 1965 cujus
3082 1890 3366 1965 pretiosus
3412 1897 3638 1969 sanguis

358 2001 461 2054 της
512 1985 610 2053 τῆς
638 1985 801 2054 νήσου
850 1984 991 2053 ὑπὲρ
1049 1982 1320 2052 Χριστοῦ,
1356 1982 1585 2051 ἄμωμον
1619 1982 1694 2043 ὡς
1726 1981 1940 2050 ἱερεῖον,

2051 1978 2322 2035 hactenus
2346 1981 2620 2038 ebulliens
2641 1985 2907 2039 miracula
2942 1985 3090 2041 facit.

363 2077 470 2130 ὑπὸ
494 2077 601 2129 τῶν
648 2076 966 2146 Ἀγαρηνὼν
1019 2075 1373 2143 ὲσφαγίαστο,
1405 2069 1466 2127 οῦ
1500 2074 1558 2125 τὸ
1623 2074 1806 2143 τίμιον
1869 2067 2010 2143 αἷμα
2053 2073 2214 2145 μέχρι
2271 2074 2372 2144 τῆς
2428 2075 2591 2147 δεῦρο
2640 2077 2943 2142 ἀναϐλύζον
3005 2078 3260 2150 θαύματα
3322 2081 3637 2153 ἀπεργάζε-

358 2187 470 2222 ται.

432 2284 542 2338 Καὶ
572 2285 759 2337 τοῦτον
793 2284 891 2354 μὲν
944 2278 1097 2347 οὗτος
1128 2280 1240 2355 εἶχε
1278 2285 1369 2337 τὸν
1412 2286 1613 2356 τρόπον
1637 2303 1649 2315 ·
1684 2288 1712 2338 6
1737 2285 1791 2338 δὲ
1817 2285 1946 2337 δυτ-

359 2374 523 2445 σεσὴς
552 2376 769 2446 Μιχαὴλ
794 2379 857 2429 ὲκ
885 2378 983 2445 τῆς
1004 2376 1289 2445 δυσουρίας
1311 2377 1673 2447 ἀῤῥωστήσας
1698 2375 1947 2445 χαλεπῶς

358 2468 452 2520 καὶ
485 2467 587 2537 τῆς
613 2467 720 2521 τῶν
740 2468 956 2537 νεφρῶν
986 2467 1279 2537 ἀλγηδόνος
1312 2469 1497 2531 κακῶς
1526 2469 1816 2539 ἀπηλλάγη
1849 2468 1943 2522 τοῦ

363 2559 477 2631 ζῇν.
507 2560 582 2611 Τὸ
611 2559 667 2611 δὲ
699 2558 962 2628 δύστηνον
1007 2558 1171 2612 αὐτοῦ
1228 2559 1388 2630 σῶμα
1440 2561 1812 2631 ἀποκομισθὲν
1840 2562 1946 2615 ἀπε

369 2650 511 2702 ἔθετο
538 2650 581 2682 ⁸⁸
614 2651 673 2703 ὲν
697 2651 776 2721 τῷ
812 2650 924 2721 ναῷ
951 2653 1059 2704 τῶν
1098 2650 1294 2719 ’Δγίων
1340 2654 1682 2706 Ἀποστόλων
1706 2670 1719 2684 °
1754 2650 1948 2723 Θεόφιῖ

367 2739 453 2802 λος
480 2739 530 2792 δὲ
553 2742 582 2793 6
604 2741 718 2804 υίὸς
747 2741 912 2794 αὑτοῦ
953 2742 1091 2811 μετὰ
1124 2743 1226 2812 τῆς
1260 2744 1467 2813 μητρὸς
1499 2747 1541 2777 ¹⁹
1560 2744 1708 2816 αὐτῷ
1738 2746 1942 2817 Εὐφρο-

364 2833 525 2904 σύνης
552 2824 652 2904 τῆς
677 2834 956 2905 βασιλείας
989 2836 1317 2906 ἐκράτησεν.

368 2967 662 3039 Ῥωμαίων
688 2972 984 3044 ,ϐασιλεὺς
1022 2974 1310 3044 Θεόφιλος
1343 2976 1375 3027 ὁ
1404 2975 1534 3039 υἱὸς
1562 2976 1803 3044 Μιχαὴλ
1835 2978 1941 3032 τοῦ

660 3043 927 3108 Τραυλοῦ
960 3042 1392 3112 Εὶκονομάχος,
1435 3046 1540 3114 ἔτη
1567 3045 1664 3109 ιβ’.

427 3161 498 3207 α’.
527 3154 748 3225 Κόσμου
783 3154 900 3221 ἔτος
921 3164 1122 3229 ιςτκγς
1155 3158 1253 3227 τῆς
1286 3158 1435 3224 θείας
1464 3160 1793 3231 σαρκώσεως
1823 3162 1943 3225 ἔτος

352 3244 510 3314 ωκγ’,
553 3245 843 3316 Ῥωμαίων
885 3249 1141 3317 βασιλεὺς
1170 3250 1427 3318 Θεόφιλος
1473 3254 1500 3304 ὁ
1556 3253 1673 3314 νεὸς
1724 3255 1945 3324 Μιχαὴλ

2125 2285 2202 2340 Ac
2232 2286 2313 2339 sic
2346 2285 2569 2355 quidem
2604 2286 2716 2342 ille.
2753 2286 2961 2357 Impius
2990 2296 3170 2343 autem
3202 2288 3434 2347 Michael
3463 2292 3634 2349 urina:

2054 2374 2375 2430 dillicultate
2411 2376 2654 2445 graviter
2683 2386 2953 2447 mgrotans
2994 2395 3303 2450 renumque
3347 2382 3634 2440 doloribus

2052 2469 2402 2523 excruciatus
2428 2468 2569 2523 male
2600 2469 2769 2522 vitam
2793 2468 2990 2523 finivit.
3018 2471 3149 2541 Ejus
3173 2472 3437 2527 miserum
3468 2474 3636 2531 funus

2050 2561 2255 2614 elatum
2288 2560 2343 2613 in
2398 2560 2727 2616 Sanctorum
2764 2560 3153 2631 Apostolorum
3197 2564 3314 2619 aede
3352 2565 3634 2621 conditum

2053 2661 2158 2716 est,
2196 2650 2540 2722 Theophilus
2583 2668 2717 2708 vero
2748 2654 2871 2724 ejus
2927 2653 3072 2709 ﬁlius
3128 2670 3254 2710 cum
3310 2666 3482 2712 matre
3520 2656 3635 2713 Eu-

2054 2743 2330 2814 phrosyna
2362 2744 2596 2814 imperio
2624 2744 2851 2814 potitus.

2052 2962 2743 3037 Romanoruni‘imperator
2775 2967 3109 3037 Theophilus,
3154 2970 3423 3027 Michaelis
3479 2974 3634 3029 Balli

2371 3033 2515 3103 ﬁlius
2532 3033 2537 3034 ⁷
2554 3033 2950 3099 Icon’omachus,
2984 3054 3150 3093 annos
3186 3041 3269 3094 l2.

2119 3151 2170 3203 l.
2212 3148 2402 3203 Mundi
2441 3165 2620 3204 annus
2654 3150 2813 3214 639.3,
2850 3149 3049 3206 divinae
3082 3152 3476 3209 incarnationis
3507 3155 3632 3218 8‘25,

2053 3240 2424 3294 Romanorum
2460 3240 2759 3308 imperator
2786 3241 3126 3312 Theophilus
3165 3244 3448 3301 Michaelis
3480 3247 3633 3303 Balbi

352 3339 449 3392 τοῦ
481 3339 749 3410 Τραυλοῦ,
783 3341 1173 3411 Εἱκονομάχος,
1210 3342 1303 3412 ἐτη
1333 3341 1427 3411 ιβνς
1455 3342 1541 3415 [Ρ.
1572 3344 1700 3417 415]
1737 3323 1850 3416 Τῆς
1887 3323 1943 3399 δὲ

2051 3332 2202 3386 ﬁlius
2228 3332 2645 3396 lconomachus,
2676 3348 2850 3387 annos
2881 3333 2968 3386 l2.
2995 3334 3127 3404 Ejus
3160 3342 3335 3390 mater
3376 3336 3633 3408 Euphro-

360 3431 563 3501 μητρὸς
598 3430 764 3484 αὐτοῦ
793 3433 1147 3503 Εὑφροσύνης
1186 3434 1542 3505 βουληθείσης
1580 3437 1761 3490 δοῦναι
1793 3438 1942 3510 αὐτῷ

357 3526 611 3590 γυναῖκα,
642 3524 765 3591 ἄγει
796 3524 965 3594 κόρας
996 3526 1285 3595 διαφόρους
1310 3527 1679 3597 ἀσυγκρίτους
1712 3529 1788 3598 τῷ
1819 3530 1944 3583 κάλ-

356 3614 461 3678 λει,
490 3614 606 3685 μεθ’
632 3610 706 3669 ὧν
734 3620 833 3687 μία
861 3635 943 3679 τις
971 3618 1029 3683 ἐξ
1062 3618 1241 3671 αὐτῶν
1274 3619 1412 3690 κόρη
1435 3613 1742 3691 ὡραιοτάτη
1766 3622 1943 3692 ὑπῆρῦ

356 3724 452 3777 χεν
477 3708 705 3760 Είκασία
750 3709 1020 3779 λεγομένη
1071 3711 1162 3762 καὶ
1191 3711 1355 3781 ἑτέρα
1387 3710 1640 3781 Θεοδώρα
1672 3711 1939 3782 ὀνομαζο-

364 3800 521 3869 μένη.
574 3801 761 3872 Τούτῳ
788 3802 954 3855 δοῦσα
998 3804 1031 3868 ὴ
1063 3804 1249 3873 μήτηρ
1295 3802 1529 3872 χρυσοῦν
1568 3804 1737 3873 μῆλον
1784 3801 1940 3857 εἶπεν

363 3890 544 3943 δοῦναι
560 3896 624 3962 τῇ
652 3893 897 3965 ἀρεσάση
937 3893 1105 3963 αὐτῷ.
1144 3893 1201 3947 '0
1224 3895 1277 3947 δὲ
1301 3894 1556 3964 βασιλεὺς
1580 3894 1838 3963 Θεόφιλος
1860 3894 1939 3964 τῷ

365 3978 552 4031 κάλλει
584 3982 676 4049 τῆς
707 3982 973 4046 Είκασίας
1031 3983 1330 4051 ἐκπλαγεὶς
1377 3984 1504 4053 ἔφη,
1534 3983 1609 4046 ὡς
1656 3986 1795 4052 'Apa
1842 3985 1939 4039 διὰ

361 4073 642 4142 γυναικὸς
672 4076 852 4145 ἐρῤὐη
884 4076 956 4130 τὰ
987 4077 1211 4146 φαῦλα.
1256 4077 1321 4129 Ἠ
1351 4077 1407 4129 δὲ
1451 4077 1569 4146 μετ’
1600 4077 1779 4141 αἰδοῦς
1820 4095 1939 4142 πως

355 4165 698 4236 ἀντέφησεν·
749 4168 927 4225 Ἀλλὰ
958 4170 1057 4221 καὶ
1103 4168 1202 4221 διὰ
1251 4167 1537 4236 γυναικὸς
1565 4167 1809 4236 «metu
1865 4168 1939 4222 τὰ

353 4257 682 4325 κρείττονα.
731 4260 791 4312 ὐ
812 4259 868 4313 δὲ
897 4258 975 4331 τῷ
999 4260 1142 4330 λόγῳ
1162 4259 1261 4330 τὴν
1283 4259 1510 4329 καρδίαν
1540 4259 1769 4329 πληγεὶς
1799 4259 1937 4314 ταύ-

351 4366 452 4419 την
479 4350 577 4420 μὲν
598 4352 806 4418 εἴασεν,
827 4351 1082 4423 Θεοδώρᾳ
1106 4352 1162 4405 δὲ
1193 4352 1254 4404 τὸ
1277 4351 1447 4421 μῆλον
1474 4352 1774 4421 ἀπέδωκεν,
1800 4351 1933 4424 οῠσῃ

352 4444 419 4495 ὲκ
472 4443 875 4514 Παφλαγονίας.
931 4447 1041 4499 Καὶ
1091 4444 1374 4513 στέφονται
1423 4446 1727 4516 ἀμφότεροι
1770 4446 1829 4502 ἑν
1856 4446 1934 4517 τῷ

351 4536 630 4608 εὐκτηρίῳ
661 4537 756 4590 τοῦ
795 4537 954 4605 ἁγίου
988 4536 1282 4606 [Στεφάνου
1338 4537 1441 4590 ὑπὸ
1499 4539 1782 4593 Ἀντωνίου
1826 4556 1935 4591 πα-

349 4630 616 4700 τριάρχου
652 4632 719 4701 τῇ
753 4630 885 4701 ἁγίᾳ
936 4631 1311 4700 Πεντηκοστῇ,
1347 4629 1604 4683 κάκεῖθεν
1631 4631 1849 4700 ἔρχεται
1876 4633 1933 4685 ὲν

347 4724 419 4791 τῇ
480 4722 711 4797 Μεγάλῃ
764 4722 1034 4795 ἐκκλησία
1065 4763 1080 4787 ,
1131 4723 1632 4792 φιλοτιμησάμενος
1684 4725 1931 4795 χρήμασι

348 4812 567 4879 πολλοῖς
594 4816 686 4868 τόν
731 4832 790 4868 τε
820 4814 1172 4885 πατριάρχην
1200 4813 1296 4866 καὶ
1343 4813 1437 4867 τὸν
1493 4814 1697 4884 κλῆρον
1725 4814 1842 4883 ἅμα
1865 4817 1930 4886 τῇ

350 4903 661 4975 συγκλήτῳ.
694 4906 859 4976 Καλή
898 4906 998 4975 μὲν
1035 4904 1267 4958 Είκασία
1292 4904 1390 4975 τῆς
1419 4902 1693 4973 βασιλείας
1725 4904 1931 4956 ἀποτυ-

346 4996 526 5064 χοῦσα
553 4998 719 5067 μονὴν
742 4997 1171 5063 κατεσκεύασεν,
1194 4999 1274 5059 είς
1301 4997 1371 5068 ἢν
1402 4997 1494 5049 καὶ
1515 4995 1930 5066 ἀποκειραμένη

348 5087 628 5161 φιλοσόφῳ
665 5090 766 5161 βίῳ
807 5091 904 5145 καὶ
934 5090 1052 5161 Θεῷ
1102 5091 1395 5162 ἀρέσκοντι
1452 5088 1721 5141 διετέλεσε
1773 5088 1934 5159 μέχρι

347 5181 609 5252 τελευτῆς
641 5185 831 5253 αὐτῆς,
859 5184 1030 5237 πολλὰ
1052 5183 1159 5236 ἴδια
1190 5181 1603 5253 συγγράμματα
1632 5182 1802 5250 αὐτῆς
1836 5197 1936 5233 κα-

347 5273 689 5328 ταλιποῦσα·
732 5278 763 5346 ἡ
826 5276 881 5329 δὲ
931 5275 1025 5328 τοῦ
1062 5274 1326 5345 βασιλέως
1380 5275 1565 5344 μήτηρ
1612 5274 1934 5344 Εὑφροσύνη

350 5365 617 5430 ἑκουσίως
646 5352 985 5423 κατελθοῦσα
1035 5367 1131 5420 τοῦ
1165 5366 1429 5421 παλατίου
1464 5368 1523 5419 ἐν
1552 5367 1620 5436 τῇ
1659 5369 1791 5436 μονῇ
1826 5363 1935 5417 τῶν

349 5457 631 5529 Γαστρίων
660 5460 955 5531 ἡσύχασεν.

426 5545 490 5617 β’.
543 5549 793 5602 Ἱππικοῦ
823 5552 878 5604 δὲ
899 5550 1194 5620 γενομένου
1230 5552 1422 5620 ἄγεται
1446 5551 1507 5604 τὸ
1536 5549 1934 5620 πολυκάνδηλον

346 5638 413 5692 τὸ
449 5641 507 5692 ἐν
540 5643 607 5711 τῇ
635 5644 816 5713 σφαγῇ
853 5641 949 5695 τοῦ
1012 5643 1299 5711 ’Δρμενίου
1330 5642 1558 5705 Λέοντος
1579 5642 1724 5709 ξίφει
1754 5640 1935 5692 διακο-

2052 3440 2186 3496 syna
2222 3424 2415 3478 volens
2442 3424 2492 3478 ei
2524 3426 2813 3494 conjugem
2840 3426 3093 3496 jungere,
3126 3427 3312 3496 plures
3355 3429 3635 3500 incompa-

2052 3516 2214 3571 rabili
2240 3525 2529 3571 venustate
2559 3517 2705 3587 cogit
2730 3514 2992 3586 virgines.
3031 3518 3164 3572 Erat
3198 3518 3343 3574 inter
3376 3520 3500 3577 illas
3525 3539 3633 3577 una

2051 3608 2300 3679 qumdam
2348 3607 2746 3663 formosissima
2783 3609 2957 3664 [casia
3002 3612 3249 3677 nomine,
3277 3612 3494 3684 aliaque
3538 3631 3635 3669 no-

2052 3701 2201 3754 mine
2239 3700 2551 3755 Theodora.
2583 3700 2756 3754 Mater
2787 3715 3016 3755 aureum
3053 3703 3258 3757 malum
3291 3720 3417 3759 cum
3452 3705 3636 3763 dedis-

2049 3800 2154 3855 set,
2205 3789 2337 3845 dare
2370 3792 2538 3861 jussit
2565 3794 2723 3857 cujus
2778 3791 2852 3845 illi
2888 3792 3061 3863 magis
3096 3793 3271 3848 forma
3316 3796 3630 3866 placuisset.

2048 3883 2390 3951 Theophilus
2422 3883 2608 3937 lcasia:
2635 3883 3105 3951 pulchritudinem
3157 3886 3320 3957 625
3352 3897 3581 3959 stupens
3616 3910 3631 3947 :

2047 3974 2087 4026 Α
2131 3972 2370 4039 muliere,
2406 3974 2504 4039 ait,
2538 3983 2862 4028 emanarunt
2906 3975 3070 4029 mala.
3096 3977 3196 4031 Cui
3228 3979 3319 4032 illa
3372 3981 3635 4037 subvere-

2047 4064 2228 4119 cunde
2252 4083 2265 4117 :
2300 4065 2404 4121 Sed
2437 4076 2487 4118 et
2516 4082 2597 4119 res
2624 4066 2864 4121 meliores
2894 4085 2920 4120 e
2949 4067 3169 4122 muliere
3196 4072 3505 4126 exuberant.
3540 4074 3633 4129 llle

2048 4172 2317 4228 responso
2347 4157 2618 4212 attonitus
2648 4167 2815 4227 atque
2840 4157 3106 4224 offensus,
3143 4175 3206 4215 ea
3238 4160 3487 4229 dimissa,
3519 4180 3634 4219 ma—

2045 4251 2159 4306 lum
2224 4265 2454 4304 aureum
2518 4248 2823 4304 Theodorae
2878 4249 3031 4304 dedit
3087 4265 3156 4305 ex
3216 4251 3630 4323 Paphlagonum

2045 4350 2228 4413 gente.
2259 4341 2436 4396 Ambo
2484 4341 2735 4395 coronati
2790 4340 2860 4395 ab
2914 4341 3155 4396 Antonio
3201 4341 3515 4413 patriarcha
3571 4344 3630 4400 in

2046 4433 2234 4489 Sancti
2285 4432 2549 4503 Stephani
2584 4433 2828 4488 oratorio
2860 4432 2914 4487 in
2960 4433 3049 4488 die
3093 4434 3466 4491 Pentecostes.
3495 4435 3629 4494 Inde

2043 4520 2190 4576 facto
2218 4536 2479 4591 processu
2511 4521 2577 4575 ad
2606 4521 2853 4592 Magnam
2881 4523 3203 4591 Ecclesiam,
3238 4524 3444 4597 ingenti
3470 4527 3630 4598 largi.

2045 4613 2196 4669 tione
2227 4613 2592 4683 patriarcham
2622 4621 2679 4668 et
2719 4614 2927 4669 clerum
2972 4624 3335 4687 senatumque
3378 4617 3625 4674 donavit.

1963 4680 2014 4739 Β
2048 4706 2125 4761 Ac
2152 4680 2375 4776 quidem
2410 4707 2603 4771 lcasia,
2630 4706 2849 4776 imperii
2892 4723 2990 4778 spe
3035 4680 3320 4775 frustrata,
3353 4722 3631 4769 monaste-

2042 4798 2186 4852 rium
2218 4800 2488 4865 exstruit;
2522 4798 2687 4869 inque
2714 4816 2782 4855 eo
2826 4816 2983 4856 coma
3008 4802 3209 4871 posita,
3264 4804 3372 4859 vita
3416 4820 3479 4861 ex
3512 4807 3627 4861 vir—

2044 4892 2178 4946 tutis
2205 4892 2418 4946 ratione
2444 4892 2697 4947 instituta
2731 4908 2794 4947 ac
2823 4894 2936 4949 Deo
2962 4894 3181 4964 placita,
3209 4896 3457 4967 adusque
3498 4898 3627 4954 vita:

2043 4981 2209 5037 ﬁnem
2258 4983 2655 5053 perseveravit,
2701 4985 2892 5040 multis
2924 4986 3136 5056 proprii
3175 4987 3380 5057 ingenii
3425 5004 3624 5043 monu-

2040 5077 2243 5132 mentis
2270 5079 2497 5134 relictis.
2535 5080 2896 5150 Euphrosyna
2930 5090 3112 5136 autem
3138 5080 3485 5149 imperatoris
3514 5097 3627 5134 ma-

2039 5178 2124 5223 ter
2168 5169 2287 5239 ipsa
2321 5180 2516 5238 sponte
2550 5186 2582 5225 a
2618 5172 2822 5241 palatio
2856 5171 3150 5227 discedens
3192 5170 3249 5226 in
3288 5173 3625 5226 monasterio

2037 5260 2252 5317 Gastria
2279 5262 2445 5317 vitam
2475 5264 2689 5333 privato
2715 5265 2868 5319 cultu
2894 5263 3025 5333 egit.

2112 5544 2165 5597 2.
2207 5543 2347 5600 Cum
2376 5545 2669 5603 Circenses
2704 5558 3022 5620 agerentur,
3056 5548 3335 5620 profertur
3367 5548 3622 5601 multltn.

2043 5637 2161 5692 dini
2198 5639 2616 5709 candelabrum,
2664 5642 2812 5711 quod
2862 5643 2916 5699 in
2965 5643 3111 5699 caede
3156 5641 3354 5697 Leonis
3394 5638 3623 5694 Armen‘.

1663 5732 1894 5788 VARUE
1934 5728 2338 5786 LECTIONES.

457 5825 503 5859 ¹³
539 5826 874 5884 auaritiam?
956 5828 1009 5906 ,ιθ
1046 5828 1311 5900 Scylitzes
1338 5836 1392 5885 et
1424 5827 1705 5887 Cedrenus
1743 5828 1940 5885 melius
1984 5827 2276 5900 μητρυιᾶς.
2314 5823 2561 5882 Combef.
