4094 6476
390 360 499 424 687

1647 346 2026 406 SYMEON’IS
2065 343 2440 402 MAGISTRI

3567 343 3682 406 688

391 471 575 526 fuerat
627 461 806 537 glad-io
856 459 1172 517 discissum.
1221 455 1474 513 Ostendit
1523 454 1869 524 Theophilus
1927 455 2021 513 in,

2131 459 2207 517 ὲν,
2241 455 2333 509 καὶ
2364 455 2744 508 ὑποδείκνυσιν
2776 454 2905 508 αὐτὸ
2932 455 3079 526 πάσῃ
3103 457 3169 526 τῇ
3206 455 3498 524 συγκλήτῳ
3523 456 3581 508 ὲν
3603 456 3682 525 τῷ

396 559 589 616 sedilis
639 558 762 611 loco
825 554 1087 608 universo
1153 549 1400 613 senatui,
1458 563 1520 601 ac
1572 547 1724 600 velut
1778 546 1871 615 qui
1926 545 1980 597 in

393 651 597 720 templo
638 647 854 704 Domini
899 647 1103 700 caedem
1136 647 1574 714 perpetrassent,
1608 638 1666 692 in
1701 653 1798 692 eos
1825 636 1981 710 jubet

395 740 806 804 animadverti,
867 753 1062 792 revera
1114 745 1300 790 autem
1355 733 1507 786 velut
1556 731 1648 800 qui
1726 728 1978 799 ejusdem

397 850 585 891 secum
621 831 847 886 hrcrcsis
878 830 1089 884 socium
1128 828 1357 898 parique
1395 825 1735 878 laborantem
1789 821 1985 890 impie-

401 936 512 982 tate
537 924 912 981 sustulissent.
947 919 1277 974 Adhaerebat
1302 915 1448 971 enim
1480 914 1647 968 miser
1675 914 1785 967 Deo
1811 926 1989 965 exosa:

403 1018 555 1072 illius
585 1014 818 1079 haeresi;
847 1013 942 1083 qui
974 1021 1292 1066 sanctorum
1331 1009 1596 1079 imagines
1632 1005 1768 1059 alias
1802 1005 1992 1058 detra-

404 1109 602 1173 heret,
665 1107 801 1160 alias
853 1104 1151 1166 effoderet,
1211 1112 1377 1170 atque
1434 1098 1734 1152 monachos
1788 1097 1992 1166 pietate

411 1201 658 1255 illustres
705 1197 901 1253 exsilio
947 1196 1210 1250 multaret
1264 1209 1328 1247 ac
1377 1190 1708 1247 verberibus
1760 1189 1992 1258 aliisque

415 1292 808 1350 cruciamentis
847 1289 1261 1344 dehonestaret.

482 1427 538 1480 3.
580 1422 871 1493 Theophili
911 1436 1057 1474 anno
1101 1418 1348 1474 secundo
1401 1417 1778 1488 TheOphobus
1831 1417 2000 1472 Persa

416 1530 525 1569 una
555 1528 680 1568 cum
709 1521 864 1582 patre
887 1525 950 1564 ac
977 1511 1272 1566 Persarum
1302 1506 1724 1577 quatuordecim
1757 1506 2000 1561 millibus

415 1607 486 1662 ad
531 1607 812 1662 Romanos
856 1602 1183 1673 transfugit;
1235 1602 1440 1672 quibus
1471 1617 1570 1672 per
1605 1610 1813 1656 turmas
1839 1601 2005 1672 626

417 1699 610 1754 divisis
635 1698 693 1752 in
711 1696 1052 1752 thematibus
1070 1695 1444 1750 habitationes
1467 1694 1762 1766 assignavit
1789 1713 1800 1747 :
1823 1695 2003 1764 ipsum

2091 547 2410 616 καθίσματι,
2435 547 2527 600 καί
2559 565 2721 617 φησιν
2749 547 2820 610 ὡς
2854 550 2931 612 εἰς
2957 547 3084 600 ναὸν
3104 547 3314 617 Κυρίου
3348 546 3684 619 τετολμηκό-

2089 659 2184 704 τας
2224 640 2558 711 ποιήσασθαι
2596 642 2696 710 τὴν
2729 641 3031 711 ἀναίρεσιν,
3064 640 3194 711 τῇδ’
3225 639 3457 711 ἀληθείᾳ
3481 639 3555 704 ὡς
3589 641 3679 693 τὸν

2094 733 2520 805 συναιρεσιώτην
2550 733 2712 786 αὑτοῦ
2749 734 2843 788 καὶ
2863 733 3140 803 ὁμόφρονα
3164 734 3243 795 είς
3266 732 3525 786 ἀσέϐειαν
3547 735 3679 788 ἀπο-

2093 826 2426 890 κτείναντας.
2464 828 2654 897 Εἴχετο
2686 827 2793 896 γὰρ
2825 829 2850 878 6
2873 825 3156 896 ἀλιτήριος
3192 827 3290 897 τῆς
3322 826 3532 880 ἐκείνου
3565 827 3683 880 θεο-

2095 917 2324 987 στυγοῦς
2363 920 2649 990 αἱρέσεως,
2704 918 2812 971 τῶν
2846 935 2905 970 τε
2940 919 3110 986 ἁγίων
3159 919 3385 973 εἰκόνων
3437 919 3538 984 τὰς
3579 920 3682 990 μὲν

2095 1013 2422 1076 κατασπῶν,
2457 1013 2554 1076 τὰς
2585 1012 2641 1064 δὲ
2673 1011 3005 1081 ἀνορύττων,
3035 1011 3129 1068 καὶ
3156 1011 3283 1076 τοὺς
3314 1013 3399 1066 ἐπ’
3430 1012 3684 1084 εὐλαϐείᾳ

2103 1107 2369 1176 μοναχους
2393 1103 2651 1175 ὲξορίζων
2683 1103 2775 1156 καὶ
2798 1102 3171 1172 αἰκιζόμενος.

2174 1427 2243 1488 γ’.
2280 1417 2370 1490 Τῷ
2403 1418 2444 1488 β’
2467 1417 2656 1470 τούτου
2690 1417 2800 1470 ἔτει
2835 1418 3148 1487 προσέφυγε
3184 1416 3457 1484 Θεόφοϐος
3484 1419 3512 1470 6
3543 1417 3690 1489 Πέρ..

2106 1528 2206 1582 σης
2244 1510 2561 1580 Ῥωμαίοις,
2599 1508 2718 1579 ἅμα
2771 1509 2849 1578 τῷ
2887 1510 3055 1580 πατρὶ
3086 1511 3252 1564 αὑτοῦ
3293 1512 3431 1581 μετά
3464 1513 3691 1584 Περσῶν

2105 1602 2348 1673 χιλιάδας
2375 1599 2453 1664 ιδ’,
2485 1599 2577 1664 οὓς
2617 1601 2712 1653 καὶ
2759 1599 3027 1670 διένειμεν
3061 1601 3118 1654 ὲν
3141 1603 3252 1662 τοῖς
3289 1602 3490 1671 Οέμασι
3520 1621 3695 1658 κατα-

2109 1695 2397 1766 σκηνώσας
2429 1695 2520 1748 καὶ
2549 1696 2793 1764 τούρμας
2823 1696 3304 1766 ἀποκαταστήσας.
3322 1698 3495 1752 Αὐτὸν
3520 1698 3575 1751 δὲ
3603 1698 3692 1752 τὸν

335 1863 338 1866 γ
415 1807 553 1848 vero
586 1788 989 1859 Theophobum
1023 1787 1331 1842 Theodore:
1366 1787 1625 1857 Augustae
1675 1787 1856 1841 sorori
1899 1802 2004 1839 nu-

2127 1789 2377 1856 ᾖεόφοϐον
2414 1790 2492 1851 εἰς
2523 1787 2757 1857 ἀδελφὴν
2792 1786 3072 1857 Θεοδώρας
3095 1789 3413 1859 Αύγούστης
3447 1790 3698 1860 γαμσρὲΝ

419 1886 556 1957 ptiis
581 1883 870 1953 cepula'ns,
902 1897 967 1936 ea
1002 1880 1109 1934 sibi
1153 1879 1368 1933 ratione
1415 1878 1653 1934 levirum
1698 1877 1850 1932 fecit.
1886 1878 2009 1931 Per-

420 1993 610 2035 sarum
645 1974 894 2030 moribus
922 1989 986 2028 ea
1014 1975 1102 2028 lex
1137 1971 1427 2026 obtinebat
1456 1979 1516 2025 ut
1546 1987 1612 2026 ex
1646 1971 1819 2040 stirpe
1857 1969 2010 2039 regia

423 2071 778 2141 designarent
823 2066 919 2138 qui
959 2067 1105 2135 apud
1138 2066 1262 2121 illos
1296 2080 1484 2120 rerum
1531 2071 1717 2118 essent
1756 2061 2010 2133 petituri.

423 2161 560 2216 Cum
593 2164 779 2229 itaque
805 2156 1090 2213 continuis
1124 2155 1290 2211 bellis
1311 2155 1496 2210 excisa
1526 2153 1820 2208 defecisset
1847 2153 2013 2222 stirps

425 2252 576 2323 regia
624 2251 792 2320 inque
842 2248 932 2304 bis
981 2247 1254 2318 angustiis
1289 2246 1470 2301 Persae
1515 2251 1896 2306 versarentur.
1958 2243 2014 2298 in

405 2354 670 2398 mentem
697 2341 851 2396 venit
879 2339 1147 2410 quosdam
1180 2337 1318 2409 regii
1355 2337 1636 2407 sanguinis
1665 2336 1732 2390 ad
1775 2337 2014 2406 impera-

431 2445 614 2492 torem
667 2434 979 2488 Romanum
1024 2429 1402 2500 transfugisse.
1458 2427 1730 2492 Quocirca
1788 2441 2016 2480 necesse

431 2533 790 2597 putaverunt,
819 2524 1012 2578 relicta
1054 2521 1252 2592 patria,
1300 2529 1362 2574 ut
1399 2519 1468 2574 ad
1499 2520 1761 2574 Romanae
1792 2518 2019 2573 ditionis

432 2619 555 2674 loca
597 2615 1104 2687 proficiscerentur,
1165 2610 1493 2680 Theophobi
1539 2625 1725 2674 causa,
1789 2625 1900 2678 quo
1953 2623 2020 2663 ex

435 2722 599 2786 gente
657 2727 757 2767 sua
821 2711 1017 2765 ducem
1077 2708 1162 2762 eis
1229 2705 1478 2760 nancisci
1535 2705 1751 2760 liceret.
1811 2701 1889 2757 Ac
1937 2699 2020 2755 vel

436 2804 694 2867 maxime,
726 2799 872 2870 quod
900 2806 956 2852 et
984 2798 1278 2852 Persarum
1321 2795 1432 2849 dux
1465 2795 1664 2859 Babec,
1693 2807 1818 2846 cum
1850 2805 2024 2844 annos

437 2897 682 2966 quinque
713 2890 1023 2946 defectione
1054 2888 1122 2943 ab
1148 2891 1497 2942 Amermume
1539 2886 1812 2941 exaltatus
1854 2888 2021 2946 esset,

437 2987 711 3042 bellorum
737 2983 960 3038 interim
999 2980 1430 3052 praeliorumque
1459 2979 1673 3032 incerto
1707 2984 2021 3047 superatus,

439 3076 764 3154 Theophobi
810 3083 1024 3147 patrem
1079 3073 1284 3142 Sinope
1339 3072 1698 3143 qumsiturus,
1755 3083 1882 3122 cum
1940 3080 2027 3120 se-

2115 1885 2412 1952 ἐποιήσατο
2454 1887 2642 1952 τρόπῳ
2677 1880 2911 1951 ποιῷδε·
2946 1882 3072 1944 Τοῖς
3104 1871 3344 1952 Πέρσαις
3386 1882 3507 1946 ἔθος
3535 1880 3603 1952 ἦν
3632 1885 3697 1935 ὲκ

2116 1977 2302 2046 σειρᾶς
2334 1974 2621 2044 βασιλικῆς
2643 1974 2868 2044 ὑπέχειν
2895 1975 3200 2045 ἀνάρρησιν
3220 1991 3235 2007 ο
3268 1973 3389 2026 ὅθεν
3422 1977 3538 2038 τοῖς
3569 1974 3699 2027 ἀλλ-

2116 2067 2440 2136 επαλλήλοις
2468 2067 2727 2137 πολέμοις
2780 2067 2882 2137 τῆς
2914 2067 3200 2137 βασιλικῆς
3222 2067 3411 2136 σειρᾶς
3443 2067 3701 2121 ἐκλιπού-

2119 2177 2238 2231 σης,
2273 2161 2369 2214 καὶ
2395 2162 2452 2213 ἐν
2480 2159 2763 2230 ἀμηχανίᾳ
2786 2159 3094 2227 γεγονότες,
3120 2157 3367 2226 ἔγνωσαν
3397 2159 3472 2222 ὡς
3507 2161 3570 2212 ἐκ
3599 2159 3702 2228 τῆς

2121 2253 2411 2324 βασιλικῆς
2468 2255 2790 2322 συγγενείας
2838 2253 2914 2321 τῷ
2951 2251 3162 2321 βασιλεῖ
3214 2252 3504 2322 Ῥωμαίων
3558 2253 3702 2316 τινὲς

2120 2347 2567 2418 προσερῤύησᾳν,
2597 2345 2694 2400 καὶ
2737 2345 2831 2398 ἐπὶ
2873 2344 3051 2413 τούτῳ
3087 2344 3366 2398 ἀσπαστὸν
3392 2344 3704 2413 ἐλογίσαντο

2118 2440 2219 2510 τῆς
2253 2440 2460 2502 οἰκείας
2490 2440 2675 2508 χώρας
2723 2437 3138 2492 ἀπαναστεῢσαι
3191 2436 3284 2490 καὶ
3310 2438 3705 2508 προσχωρῆσαι

2120 2533 2186 2602 τῇ
2231 2529 2494 2599 Ῥωμαῒδι
2520 2529 2608 2581 διά
2658 2529 2750 2581 τὸν
2801 2529 3093 2599 Θεόφοϐον,
3124 2527 3210 2599 [Ρ.
3247 2528 3378 2600 Ηϐ]
3421 2530 3574 2592 ὅπως
3606 2530 3702 2583 τοῦ

2124 2624 2262 2678 κατὰ
2309 2623 2499 2690 γένους
2531 2623 2574 2655 ²⁰
2607 2621 2852 2692 ἀρχηγοῦ
2899 2621 3285 2688 ὲπιτεύξοιντο,
3326 2623 3422 2676 καὶ
3472 2623 3710 2694 μάλιστα

2123 2717 2204 2770 ὅτι
2238 2715 2332 2769 καὶ
2359 2716 2385 2768 ὁ
2419 2713 2645 2785 Περσῶν
2669 2713 2911 2784 ἀρχηγὸς
2929 2713 3109 2767 Βαϐὲκ
3135 2715 3436 2770 ἀποστάσει
3469 2718 3534 2786 τῇ
3569 2716 3707 2784 πρὸς

2124 2809 2214 2861 τὸν
2242 2809 2637 2879 Ἀμερμουμῆν
2668 2807 2759 2860 ἐπὶ
2791 2808 2950 2861 πέντε
2985 2807 3161 2862 ἐτεσιν
3184 2808 3584 2878 ὲκεκορύφωτο.
3606 2803 3709 2865 Ὧν

2125 2902 2434 2971 ἀναμεταξὺ
2476 2901 2700 2972 πόλεμοι
2726 2900 3154 2971 συμϐεϐηκότες,
3192 2902 3444 2972 ἡττηθεὶς
3469 2903 3497 2954 6
3529 2901 3708 2960 Βαϐὲκ

2129 2994 2302 3065 εἰσῄει
2339 2995 2437 3048 σὺν
2469 2994 2705 3065 χιλιάσιν
2734 2990 2777 3060 ζ’
2808 2994 2944 3066 πρὸς
2979 2993 3078 3062 τὴν
3123 2993 3438 3065 Ῥωμαϊκὴν
3469 2994 3707 3064 ἐπικρά-

2129 3105 2300 3153 τειαν,
2330 3088 2420 3141 τὸν
2435 3087 2704 3156 Θεοφόόου
2736 3088 2950 3158 πατέρα
2978 3088 3120 3142 κατά
3136 3089 3234 3158 τὴν
3262 3085 3415 3140 πόλιν
3428 3085 3706 3160 Σινώπῃἰ

439 3181 589 3242 ptem
640 3169 877 3224 millium
928 3167 1159 3222 cohorte
1231 3165 1298 3219 ad
1354 3166 1634 3219 Romanos
1694 3167 2021 3216 accesserat.

2133 3182 2470 3252 ἀνερευνῶν·
2499 3181 2558 3234 ὃν
2577 3185 2604 3236 6
2635 3183 2815 3236 Βαϐὲκ
2845 3180 3212 3253 κατειληφὼς,
3245 3181 3446 3251 ὲγγύας
3469 3198 3527 3236 τε
3561 3182 3712 3252 παρά

440 3261 601 3316 llunc
629 3261 808 3316 Babec
836 3273 961 3315 cum
1007 3256 1334 3321 invenisset,
1383 3263 1548 3323 atque
1583 3253 1652 3306 ab
1696 3252 2030 3321 imperatore

443 3353 760 3409 securitatis
814 3351 978 3405 ﬁdem
1043 3348 1392 3420 accepisset,
1469 3360 1592 3400 eam
1655 3345 1748 3399 cui
1797 3352 2032 3413 prmerat

445 3445 686 3500 militum
721 3459 947 3498 manum
978 3457 1150 3511 seque
1187 3440 1367 3510 ipsum
1405 3437 1728 3508 imperatori
1770 3437 2028 3507 subjecit.

445 3539 588 3595 Sunt
621 3539 715 3610 qui
766 3539 928 3594 aliter
962 3535 1229 3600 referant,
1265 3533 1592 3604 Theophobi
1644 3540 1858 3602 patrem
1904 3545 2032 3599 cge-

446 3646 582 3688 num
652 3629 935 3684 hominem
995 3627 1320 3698 Byzantium
1381 3626 1640 3690 venisse,
1699 3639 1762 3677 ac
1815 3622 2033 3677 cuidam

447 3722 672 3778 mulieri
722 3722 826 3776 sub
877 3718 1137 3774 mercede
1184 3715 1520 3786 cauponaria
1568 3714 1804 3769 merenti
1849 3713 2036 3767 adhae-

452 3814 616 3870 sisse.
646 3814 779 3886 Ejus
812 3828 945 3868 vero
987 3821 1209 3883 captum
1240 3826 1429 3866 amore
1472 3825 1741 3864 venereos
1777 3825 1903 3863 eum
1946 3808 2036 3861 illa

453 3905 738 3976 amplexus
775 3904 1077 3970 habuisse;
1111 3919 1176 3958 ex
1209 3919 1320 3973 quo
1347 3903 1547 3957 mulier
1585 3917 1712 3956 cum
1752 3901 2037 3970 concepis-

453 4006 556 4064 set,
601 3997 909 4052 masculum
957 3995 1262 4067 peperisse.
1318 3995 1515 4050 Persas
1557 3995 1742 4064 itaque
1789 4002 2036 4047 astrono-

454 4091 597 4146 mica
627 4091 857 4149 scientia
887 4107 952 4146 ac
972 4091 1257 4147 vaticinali
1286 4090 1512 4146 solertia
1543 4087 2038 4144 exercitatissimos

454 4182 745 4238 Persarum
777 4183 924 4255 regis
963 4181 1181 4237 afﬁnem
1211 4182 1507 4254 quemdam
1552 4179 1800 4252 Byzantii
1827 4176 2038 4233 versari

454 4277 816 4345 cognovisse;
882 4288 1111 4346 tumque
1178 4275 1248 4328 ad
1314 4275 1702 4344 imperatorem
1761 4271 2040 4341 ingressos

454 4367 616 4440 627
647 4383 795 4433 eum,
832 4369 991 4438 cujus
1020 4381 1183 4421 causa
1225 4366 1331 4420 iter
1373 4370 1753 4433 susceperant,
1803 4361 2040 4432 diligen-

462 4473 547 4516 ter
586 4463 946 4534 quaerendum
1007 4477 1246 4534 rogasse.
1301 4463 1715 4531 Imperatorem,
1766 4475 1890 4514 cum
1945 4475 2041 4512 au-

462 4553 632 4608 disset
664 4555 842 4623 deque
874 4553 1097 4607 homine
1136 4555 1329 4609 sedulo
1359 4554 1673 4609 sciscitatus
1701 4561 1868 4617 esset,
1903 4553 2039 4608 nihil

461 4659 642 4712 opera:
675 4643 890 4697 fecisse.
919 4643 1118 4698 Postea
1146 4655 1326 4699 tamen
1359 4645 1582 4699 iuventa
1621 4644 1879 4708 muliere,
1914 4658 2039 4697 cum

460 4749 569 4804 qua
600 4733 782 4789 Babec
806 4735 970 4790 Persa
1031 4746 1284 4791 versatus
1344 4738 1546 4797 fuerat,
1590 4735 1852 4789 didicisse
1886 4733 2039 4786 illum

461 4825 689 4896 quidem
725 4827 838 4896 jam
871 4827 1012 4881 vivis
1049 4829 1373 4893 excessisse,
1408 4813 1572 4899 quem
1606 4836 1788 4880 autem
1835 4841 1898 4880 ex
1935 4826 2045 4879 illis

461 4917 803 4988 amplexibus
835 4921 1005 4975 [ilium
1035 4923 1394 4985 sustulerant,
1445 4922 1628 4975 adhuc
1682 4920 2038 4990 superstitem

460 5025 604 5075 esse,
635 5025 698 5067 ac
728 5013 1081 5069 duodennem
1109 5014 1214 5086 ipsi
1272 5014 1620 5078 ostendisse;
1683 5027 1921 5082 eumque
1951 5027 2040 5063 as-

461 5123 741 5182 sumptum
799 5111 1186 5183 imperatorem
1240 5112 1296 5166 in
1346 5112 1469 5165 aula
1537 5109 1824 5174 educasse,
1876 5108 2042 5178 inque

459 5204 730 5260 militares
765 5222 1026 5260 numeros
1057 5206 1252 5260 Persas
1301 5205 1576 5260 retulisse.

510 5342 565 5395 4.
603 5340 944 5410 TheOphilus
969 5341 1154 5409 itaque
1180 5339 1501 5409 imperator,
1537 5351 1661 5391 cum
1711 5351 1896 5390 rerum
1927 5337 2041 5390 ele-

460 5433 645 5502 gantia
673 5444 985 5502 ornatuque
1028 5448 1092 5486 ac
1135 5439 1358 5500 sumptu
1413 5429 1809 5493 deleCtaretur,
1837 5427 2040 5481 Penta-

465 5526 714 5597 pyrgium
738 5542 805 5581 ex
831 5527 1048 5596 integro
1082 5524 1386 5580 fabricatus
1409 5530 1516 5584 est,
1547 5520 1771 5588 duoque
1804 5518 2042 5574 maxima

462 5631 670 5690 organa
697 5634 834 5673 auro
877 5617 1051 5673 solida
1112 5616 1350 5672 diversis
1400 5612 1751 5670 interstincta
1812 5609 2038 5680 lapillis,

2135 3272 2398 3342 βασιλέως
2423 3273 2738 3342 δεξάμενος,
2789 3275 2879 3330 τὸν
2904 3275 2996 3327 ὑπ’
3038 3274 3186 3346 αὐτῷ
3222 3273 3350 3328 λαον
3391 3275 3487 3327 καὶ
3517 3274 3715 3326 ἑαυτὸν

2132 3363 2209 3434 τῷ
2237 3363 2450 3433 βασιλεῖ
2501 3365 2742 3434 ὑπήκοον
2779 3365 3046 3420 τέθεικεν.
3093 3364 3304 3426 ’Ἄλλως
3337 3362 3394 3417 δέ
3432 3379 3596 3432 φασιν
3635 3361 3712 3414 ὅτι

2133 3455 2161 3510 ό
2189 3455 2280 3508 τοῦ
2315 3456 2588 3526 Θεοφόὸου
2624 3456 2807 3528 πατὴρ
2854 3457 3026 3528 εἰσῄει
3056 3455 3134 3530 τῷ
3165 3456 3447 3526 Βυζαντίῳ
3481 3453 3717 3522 πενόμε-

2135 3566 2243 3614 νος,
2270 3549 2364 3602 καί
2402 3567 2506 3604 τινι
2538 3551 2757 3619 γυναικὶ
2811 3551 2952 3604 κατὰ
3009 3549 3336 3622 μισθαρνίαν
3385 3546 3718 3617 καπηλεύειν

2136 3640 2375 3713 λαχούσῃ
2427 3643 2929 3714 προσκεκόλληται·
2965 3643 3022 3706 ὃς
3074 3643 3152 3714 τῷ
3182 3641 3317 3714 πρὸς
3361 3641 3530 3711 αὐτὴν
3555 3639 3718 3711 ἔρωτι

2139 3739 2299 3802 ἁλοὺς
2328 3738 2462 3809 πρὸς
2493 3739 2686 3809 ἡδονὴν
2712 3738 3110 3810 συμϐιϐάζεται
3134 3756 3147 3769 ·
3183 3739 3243 3804 ἐξ
3273 3731 3334 3792 οὗ
3363 3735 3720 3807 συκιειληφυῖα

2137 3831 2343 3901 ἄρρενα
2373 3829 2656 3885 ἐκτέτοκεν
2695 3832 2760 3883 ’⁸.
2790 3831 2850 3883 Οί
2887 3830 2978 3884 οὖν
3018 3831 3225 3900 Πέρσαι
3260 3827 3599 3900 ἀστρονομίᾳ.
3628 3827 3722 3879 καὶ

2143 3920 2370 3992 μαντείᾳ
2397 3921 2763 3992 ἠκριϐωμένοι
2793 3922 3034 3990 ἔγνωσαν
3061 3922 3154 3975 τοῦ
3193 3922 3417 3992 Περσῶν
3459 3919 3724 3990 βασιλέως

2142 4017 2380 4084 συγγενῆ
2411 4032 2534 4069 τινα
2565 4017 2620 4068 ἐν
2647 4015 2888 4080 ’Βύζαντι
2919 4015 2964 4046 ’³
2999 4015 3228 4084 διάγειν.
3275 4012 3555 4067 Ἐντεῦθεν
3585 4011 3721 4082 πρὸς

2140 4107 2231 4159 τὸν
2260 4107 2485 4177 βασιλέα
2516 4107 2850 4178 εἰσελθόντες
2874 4108 3063 4162 τοῦτον
3112 4107 3243 4179 περὶ
3289 4101 3350 4160 οὗ
3377 4102 3540 4178 ἦλθον
3565 4107 3721 4175 ἐρευ-

2141 4201 2410 4271 νήσασΟαι
2459 4200 2720 4271 ἠξίωσαν.
2777 4201 2835 4254 Ὀ
2864 4202 2919 4255 δὲ
2974 4200 3230 4272 βασιλεὺς
3263 4198 3422 4252 τοῦτο
3472 4196 3724 4270 ἀκηκοὼς

2142 4290 2239 4344 καὶ
2297 4291 2734 4361 ἐρευνησᾶμενος
2770 4291 2899 4360 περὶ
2929 4289 3118 4341 τούτου
3175 4287 3325 4341 οὐδὲν
3353 4290 3573 4360 ἤνυσεν.
3637 4285 3724 4337 Ἐν

2144 4381 2354 4454 ὑστέρῳ
2407 4383 2463 4434 δὲ
2493 4384 2550 4435 τὸ
2585 4383 2804 4451 γύναιον
2855 4381 3150 4452 εὑρηκότες
3184 4379 3323 4450 ’μεθ’
3358 4373 3416 4433 οὗ
3467 4378 3564 4449 τὴν
3596 4381 3726 4432 ἀνα-

2148 4475 2387 4546 στροφὴν
2411 4477 2438 4527 6
2458 4475 2674 4545 Πέρσης
2697 4476 2993 4544 ἐπεποίητο
3021 4473 3222 4537 Βαϐὲκ,
3257 4472 3458 4546 ἔμαθον
3481 4473 3554 4534 ὼς
3580 4471 3697 4523 ἐκεῖ
3718 4499 3728 4509 -

2147 4583 2235 4630 νος
2272 4565 2372 4637 μὲν
2401 4566 2813 4636 τετελεύτηκεν,
2848 4565 2951 4618 ὁδὲ
2985 4565 3046 4618 ὲκ
3097 4566 3288 4620 τούτου
3323 4562 3732 4638 προενηνεγμέ-

2144 4673 2234 4720 νος
2265 4656 2405 4710 κατὰ
2429 4655 2691 4723 συζυγίαν
2726 4659 2854 4719 παῖς
2879 4657 2960 4709 ἔτι
2989 4656 3299 4728 περίεστινο
3332 4655 3390 4707 ὃν
3429 4653 3521 4708 καὶ
3555 4651 3730 4720 τούτῳ

2147 4748 2491 4803 ἐπεδείκνυον
2522 4749 2829 4822 δωδεκαετῆ
2877 4751 3235 4821 τυγχάνοντα.
3269 4747 3469 4799 Τοῦτον
3510 4747 3538 4796 ό
3571 4743 3727 4811 βασι-

2147 4839 2273 4902 λεὺς
2315 4839 2756 4911 προσλαϐόμενος
2788 4841 3082 4911 ἀνέτρεφεν
3125 4841 3183 4893 ἐν
3219 4837 3297 4906 τῷ
3319 4834 3587 4905 παλατίῳ,
3634 4832 3730 4884 καὶ

2146 4933 2272 4995 τοὺς
2305 4932 2520 5002 Πέρσας
2556 4933 2614 4986 ὲν
2640 4935 2754 4996 τοῖς
2799 4932 3210 5002 στρατιωτικοῖς
3249 4927 3466 4994 κώδιξιν
3492 4925 3730 5000 ἀνεγρά-

2148 5025 2306 5094 ψατο.

2227 5331 2289 5386 δ’.
2341 5330 2398 5382 '0
2448 5329 2628 5384 τοίνυν
2679 5328 2932 5400 βασιλεὺς
2967 5326 3224 5396 Θεόφιλος
3281 5324 3607 5394 φιλόκοσμος
3662 5321 3737 5374 ὢν

2157 5423 2556 5486 κατασκευάζει
2585 5421 2646 5487 ἐξ
2672 5422 2849 5491 ἀρχῆς
2876 5420 2935 5474 τὸ
2958 5417 3390 5491 Πενταπύργιον,
3423 5418 3515 5470 καὶ
3548 5415 3614 5470 τὰ
3645 5414 3738 5466 δύο

2158 5519 2390 5587 μέγιστα
2417 5515 2624 5584 δργανα
2649 5514 2921 5584 ὁλόχρυσα
2952 5511 3094 5582 μετά
3115 5511 3389 5582 διαφόρων
3429 5509 3614 5568 λίθων,
3645 5503 3739 5557 καὶ

2147 5607 2364 5679 δένδρον
2391 5608 2644 5678 χρύσεον,
2689 5608 2747 5661 ἐν
2770 5599 2814 5676 ᾧ
2855 5605 3106 5677 στρουθοὶ
3136 5603 3455 5676 ἐφεζόμενοι
3509 5601 3596 5654 διὰ
3632 5614 3738 5669 μη-

1781 5698 2014 5758 VARUE
2047 5697 2449 5753 LECTIONES.

535 5801 579 5838 9°
601 5802 756 5871 γένος
783 5805 806 5856 ’ί
878 5804 920 5836 ¹¹¹
956 5800 1246 5873 Σινώπηςῖ
1320 5803 1364 5834 ²¹
1398 5800 1562 5854 παῖδα
1591 5796 1858 5851 τέτοκενῖ
1935 5797 1979 5826 ’³
2005 5795 2063 5848 ἐν
2099 5795 2165 5865 τῇ
2203 5791 2520 5858 Βύζαντοςῖ
