4094 6452
333 357 447 432 €33

1459 385 1831 444 ANNALES.
1858 409 1927 422 -
1965 387 2476 450 THEOPHILUS.

3504 397 3610 460 69-0

340 482 512 551 χανῆς
546 500 693 548 τινος
721 487 998 556 μουσικῶς
1033 489 1342 558 ἐκελάδουν,
1372 494 1467 548 τοῦ
1503 495 1814 568 πνεύματος
1848 497 1934 551 διὰ

2061 499 2292 555 trborem
2324 517 2546 572 quoque
2579 517 2824 570 auream,
2861 504 3233 564 insidentibus
3287 507 3346 564 in
3399 525 3464 565 ea
3491 510 3613 567 avi-

336 575 597 652 κρυφίων
621 576 804 648 πόρων
828 582 1296 654 εἰσπεμπομένου.

318 710 333 831 ὶ
416 753 479 812 ε’.
523 754 956 829 Ἑκαινούργησε
1002 760 1060 815 δὲ
1113 763 1339 827 καὶτὰς
1386 764 1670 833 βασιλικὰς
1718 767 1932 833 στολὰς,

353 848 474 911 τούς
503 866 564 902 τε
623 849 832 921 λώρους
879 853 976 906 καὶ
1004 853 1074 906 τὰ
1101 854 1286 922 λοιπὰ,
1344 857 1523 910 πάντα
1552 858 1936 929 χρυσοῢφαντα

360 943 796 1008 κατασκευάσας.
833 947 940 1000 Καὶ
972 947 1042 1001 τὰ
1089 947 1190 1018 τῆς
1237 950 1444 1013 πόλεως
1477 950 1631 1021 τείχη
1679 952 1935 1024 χθαμαλὰ

356 1034 484 1087 ὄντα
514 1035 791 1103 ἁνύψωσε.
828 1038 1190 1110 Δικαιοσύνην
1218 1058 1276 1094 τε
1307 1043 1580 1113 κοσμικὴν
1605 1045 1936 1113 προσποιού-

355 1143 518 1194 μενος
547 1130 575 1181 ὁ
601 1127 700 1199 τὴν
721 1130 905 1185 πίστιν
931 1132 1027 1186 καὶ
1043 1132 1140 1204 τὴν
1157 1135 1455 1189 εύσέσειαν·
1471 1134 1629 1189 πλέον
1653 1137 1793 1208 ὑπὲρ
1811 1138 1938 1200 τοὺς

353 1216 546 1288 πρώην
585 1219 1011 1290 βασιλεύσαντας
1038 1224 1324 1296 ἀδικήσας,
1357 1227 1762 1298 προσελθούσης
1790 1228 1938 1297 αύτῷ

351 1311 610 1376 γυναικὸς
631 1315 804 1383 χήρας
826 1315 884 1366 ὲν
914 1315 1251 1388 Βλαχέρναις
1281 1319 1424 1390 (ἔθος
1456 1321 1564 1392 γὰρ
1586 1321 1735 1392 αύτῷ
1759 1324 1938 1376 ἐκεῖσε

350 1401 711 1472 ἀπέρχεσθαι)
745 1406 838 1457 καὶ
862 1405 1136 1480 βοησάσης
1165 1409 1240 1473 ὡς
1269 1410 1506 1465 ἀδικοῖτο
1540 1413 1690 1483 παρὰ
1717 1413 1812 1466 τοῦ
1842 1414 1942 1483 τῆς

353 1493 674 1563 Δύγούστης
701 1496 934 1566 ἀδελφοῦ
955 1501 1214 1571 Πετρωνᾶ
1236 1502 1602 1574 δρουγγαρίου
1631 1507 1730 1573 τῆς
1753 1503 1941 1574 βίγλας

350 1587 683 1660 δντος(ύψοί
715 1591 823 1662 γὰρ
865 1593 934 1648 τὰ
989 1594 1186 1649 ἑαυτοῦ
1241 1598 1541 1668 οἰκήματα,
1599 1599 1666 1651 τὰ
1720 1598 1776 1651 δὲ
1832 1597 1942 1668 ἐμὰ

355 1685 540 1734 σκοτεῐ
566 1683 662 1736 καὶ
690 1685 773 1747 εὶς
827 1685 890 1737 τὸ
931 1685 1099 1757 μηδὲν
1151 1682 1297 1740 εἶναι
1348 1690 1492 1742 ποιεῖ
1520 1689 1594 1752 ὠς
1633 1688 1729 1742 ἅτε
1763 1690 1941 1759 χήρας

355 1775 969 1848 καταπεφρονημένης),
1018 1779 1266 1848 παρευθὺ
1314 1781 1636 1834 ἀποστέλλει
1673 1780 1800 1833 ἰδεῖν
1838 1780 1942 1850 τὴν

352 1865 634 1934 ἀλήθειαν,
664 1868 712 1920 εἰ
735 1865 904 1932 οὕτως
945 1867 1056 1940 ἔχει
1079 1885 1092 1901 ·
1129 1872 1225 1924 καὶ
1257 1870 1343 1942 [Ρ.
1374 1870 1502 1941 417]
1529 1870 1845 1941 βεϐαιωθεὶς
1868 1871 1943 1934 ὡς

353 1957 615 2027 ἀλήθειαν
650 1960 682 2029 ἡ
711 1959 848 2032 γυνὴ
881 1959 1051 2029 λέγει,
1083 1963 1142 2015 ὲν
1180 1963 1321 2036 μέσῃ
1353 1965 1418 2034 τῇ
1455 1964 1560 2033 ὀδῷ
1589 1961 1822 2027 ἐκδύσας
1851 1967 1942 2017 τὸν

353 2048 717 2120 δρουγγάριον
735 2049 930 2104 τύπτει
953 2054 1220 2123 σφοδρῶς,
1257 2055 1349 2107 καὶ
1383 2054 1450 2107 τὰ
1484 2054 1753 2125 εἰρημένα
1783 2055 1942 2125 οἰκή-

359 2155 510 2208 ματα
539 2139 706 2193 αὐτοῦ
738 2143 1060 2214 ὲξεδαφίσας
1082 2148 1147 2216 τῇ
1181 2145 1328 2217 χήρᾳ
1382 2147 1586 2202 δίδωσι.
1622 2150 1731 2202 Καὶ
1753 2148 1944 2202 πλοίου

359 2233 493 2285 ποτὲ
531 2232 620 2286 διὰ
673 2232 769 2287 τοῦ
817 2235 1204 2300 Βουκολέοντος
1233 2239 1610 2311 διερχομένου,
1663 2244 1946 2313 ἐρωτήσας

357 2323 503 2387 τίνος
531 2323 598 2378 ἂν
632 2325 716 2397 εἴη
750 2325 932 2393 τοῦτο,
991 2330 1084 2381 καὶ
1140 2329 1330 2400 μαθὼν
1387 2333 1464 2396 ὡς
1515 2333 1613 2400 τῆς
1659 2333 1948 2402 δεσποίνης

358 2414 532 2476 ἐστὶν,
560 2413 748 2483 Οῑμοι,
778 2417 904 2489 ἔφη,
924 2420 1370 2487 φανερωθέντος
1392 2421 1760 2488 ναυκλήρου,
1790 2423 1948 2476 ἐπεί-

359 2519 472 2575 περ
494 2509 674 2564 τοῦτο
695 2509 806 2579 τῆς
832 2510 984 2580 ἐμῆς
1017 2514 1278 2580 συμϐίου
1302 2514 1455 2568 ἐστι.
1489 2516 1600 2568 Καὶ
1627 2514 1950 2578 ἀποστείλας

360 2599 551 2664 αὐτοῖς
581 2605 694 2666 τοῖς
719 2603 1028 2673 ἀγωγίμοις
1063 2606 1163 2676 τὴν
1193 2607 1326 2660 ναῦν
1350 2608 1678 2678 ἐνέπρησεν.

437 2691 514 2759 ς’.
559 2695 625 2747 Ἦ
661 2695 720 2748 δὲ
765 2696 858 2751 τοῦ
905 2698 1168 2768 Θεοφίλου
1213 2702 1398 2770 μήτηρ
1434 2699 1755 2772 Εὐφροσύνη
1803 2701 1860 2757 ἐν
1886 2703 1950 2772 τῇ

367 2786 476 2859 ῑδίᾳ
503 2790 639 2859 μονῇ
669 2789 761 2842 τὸν
805 2790 1087 2858 Γαστρίων
1121 2787 1270 2847 οἶκον
1324 2794 1526 2863 ἑαυτῆς
1553 2794 1701 2859 ὄντα,
1749 2795 1807 2848 ὃν
1865 2795 1952 2859 ἐξ-

366 2880 820 2951 ωνήσατοπαρὰ
853 2882 1068 2952 Νικήτα
1105 2884 1396 2954 πατρικίου
1451 2886 1541 2938 καὶ
1595 2887 1954 2958 μοναστήριον

368 2974 679 3042 γυναικεῖον
716 2974 996 3046 ἐποίησεν,
1047 2978 1439 3048 ὲπονομάσασα
1469 2978 1733 3050 Γαστρία,
1792 2979 1958 3050 μονά-

369 3068 538 3129 ζουσα
560 3061 629 3137 ἦν
648 3068 832 3131 ¹⁵.Τάς
854 3069 953 3138 τῆς
975 3069 1258 3140 Θεοδώρας
1283 3070 1592 3141 θυγατέρας
1622 3071 1957 3141 μετακαλου-

2039 589 2180 643 culis
2215 606 2279 644 ac
2306 591 2558 646 machina
2591 594 2846 662 quadam,
2878 594 3124 651 immisso
3173 599 3407 654 occultis
3462 615 3617 656 mea-

2041 681 2190 737 tibus
2216 683 2438 752 spiritu,
2473 685 2682 740 musice
2717 688 3154 745 eantillantibus.

2109 773 2163 827 ὅ.
2196 774 2366 845 Regia
2393 789 2612 845 quoque
2638 777 3026 846 paludamenta
3077 779 3304 852 loraque
3337 781 3616 838 instaura-

2038 864 2117 918 vit
2146 880 2210 920 ac
2237 867 2465 936 reliqua,
2502 883 2638 923 auro
2669 879 2868 924 cuncta
2931 881 3250 928 contexens.
3285 871 3450 928 Urbis
3475 890 3618 945 quos

2038 965 2146 1022 que
2182 969 2388 1018 muros,
2443 955 2538 1024 qui
2597 956 2925 1012 humiliores
2976 968 3184 1026 essent,
3244 959 3300 1013 in
3355 961 3619 1030 majorem

2040 1043 2391 1099 altitudinem
2423 1045 2641 1100 extulit.
2675 1046 2912 1101 Humani
2937 1048 3083 1118 juris
3132 1058 3380 1104 tenacem
3428 1049 3622 1119 praefe-

2040 1133 2216 1199 rebat,
2252 1135 2346 1201 qui
2382 1136 2601 1190 cunctis
2631 1145 2781 1191 retro
2815 1136 3206 1192 deeessoribus
3229 1136 3391 1193 ﬁdem
3417 1155 3482 1194 ac
3511 1140 3627 1209 pie-

2042 1233 2208 1280 tatem
2233 1227 2456 1297 gravius
2483 1229 2645 1284 laesit.
2677 1229 2964 1285 Accedens
2990 1229 3057 1284 ad
3089 1222 3216 1285 eum
3243 1231 3412 1287 vidua
3471 1247 3626 1302 qua:-

2041 1317 2188 1382 dam,
2217 1318 2283 1373 ad
2340 1319 2674 1376 Blachernas
2729 1336 2798 1376 ex
2826 1337 2980 1376 more
3033 1323 3446 1391 procedentem,
3499 1339 3624 1378 eum

2042 1409 2321 1479 injuriam,
2348 1426 2456 1480 qua
2487 1428 2517 1466 a
2547 1411 2782 1467 Petrona
2813 1413 3072 1483 Augustae
3135 1413 3305 1468 fratre
3361 1415 3625 1469 excubia-

2043 1516 2165 1555 rum
2203 1502 2502 1573 drungario
2531 1503 2896 1570 adiciebatur,
2931 1507 3352 1572 conclamasset,
3385 1508 3630 1562 exaltare

2043 1588 2199 1644 illum
2229 1606 2358 1645 suas
2377 1591 2542 1658 mdes,
2576 1593 2835 1664 illiusque
2869 1595 3082 1650 aedibus
3109 1596 3299 1650 lumen
3358 1596 3625 1660 adimere,

2045 1696 2107 1736 ac
2135 1683 2342 1736 nullius
2394 1684 2474 1738 illi
2521 1683 2697 1756 frugis
2753 1685 2957 1751 facere,
3018 1701 3083 1742 ea
3140 1688 3354 1742 scilicet
3418 1688 3629 1742 ratione
3711 1758 3720 1768 _

2045 1773 2194 1842 quod
2228 1774 2394 1829 vidua
2421 1774 2777 1846 despicabilis
2801 1787 2970 1842 esset,
3007 1778 3178 1834 mittit
3222 1779 3408 1833 statim
3440 1779 3630 1848 explo-

1974 1859 2017 1915 Β
2048 1875 2266 1921 raturos
2289 1867 2457 1938 628
2485 1885 2620 1923 num
2653 1885 2712 1925 se
2739 1871 2814 1925 ita
2873 1887 2960 1926 res
3001 1872 3254 1926 haberet.
3304 1870 3630 1940 Ccrtiorque

2047 1958 2224 2014 factus
2277 1959 2400 2029 jure;
2443 1961 2642 2016 merito
2705 1961 2969 2017 feminam
3027 1963 3400 2033 expostulare,
3450 1961 3633 2018 media

2049 2051 2165 2121 ipsa
2197 2051 2287 2106 via
2318 2052 2586 2108 nudatum
2645 2055 2850 2109 acriter
2905 2055 3064 2124 jubet
3119 2054 3306 2109 dorso.
3347 2055 3630 2124 vapulare,

2047 2143 2303 2215 aedesque
2339 2146 2457 2200 solo
2494 2155 2739 2216 aequatas
2768 2146 2824 2200 in
2850 2146 3034 2201 viduae
3065 2147 3156 2217 jus
3189 2146 3408 2202 cedere.
3431 2146 3635 2200 Traus—

2050 2246 2218 2291 eunte
2247 2237 2581 2308 quandoque
2609 2239 2736 2292 navi
2759 2254 2858 2309 per
2883 2239 3273 2317 Bucoleonem,
3299 2248 3632 2309 percuncta-

2055 2337 2147 2383 tur
2176 2331 2462 2400 cnjusnam
2489 2338 2668 2396 esset;
2700 2331 3002 2400 auditoque
3053 2345 3175 2385 esse
3203 2330 3463 2401 Augusta:
3498 2349 3511 2383 :
3549 2327 3635 2384 Vw

2055 2422 2204 2485 mihi,
2237 2421 2438 2491 inquit,
2469 2423 2558 2493 qui
2595 2424 2694 2476 sim
2753 2423 2963 2493 effectus
3027 2421 3333 2484 nauclerus,
3380 2422 3638 2492 siquidem

2053 2514 2150 2569 illa
2180 2517 2329 2570 navis
2357 2517 2538 2570 uxoris
2565 2526 2684 2582 est;
2719 2516 3060 2587 mittensque
3089 2514 3273 2570 navim
3327 2529 3456 2571 cum
3492 2529 3637 2568 mer-

2054 2607 2214 2662 cibus
2245 2609 2358 2678 igni
2383 2609 2713 2678 absumpsit.

2125 2700 2181 2755 6.
2216 2701 2508 2771 Theophili
2544 2710 2721 2758 mater
2752 2702 3118 2773 Euphrosyna
3175 2703 3227 2756 in
3264 2716 3365 2756 suo
3393 2700 3640 2756 Gastrio-

2057 2809 2179 2848 rum
2211 2795 2548 2848 monasterio
2581 2795 2723 2864 (quae
2766 2795 2887 2864 ejus
2932 2794 3078 2848 {edes
3129 2800 3339 2857 essent,
3376 2800 3643 2862 coempta:

2058 2904 2086 2942 a
2113 2887 2303 2940 Niceta
2334 2885 2594 2956 patricio,
2646 2901 2709 2940 ac
2742 2882 2880 2955 quas
2937 2886 3028 2939 illa
3067 2885 3395 2939 feminarum
3452 2900 3644 2938 mona-

2059 2979 2290 3034 sterium
2350 2978 2584 3041 fecerat,
2643 2977 2854 3032 dictum
2915 2976 3158 3048 Gastria)
3210 2977 3646 3032 sanctimonialis

2061 3079 2210 3135 erat;
2249 3069 2496 3139 filiasque
2524 3068 2833 3124 Theodorae
2860 3083 3152 3124 accersens
3190 3067 3458 3138 (quinque
3490 3068 3643 3123 enim

376 3159 509 3232 μέν-η
545 3161 728 3231 (πέντε
776 3162 832 3215 δὲ
869 3156 1031 3234 ἦσαν,
1065 3164 1098 3234 ἦ
1128 3181 1187 3216 τε
1220 3162 1400 3217 Θέκλα
1435 3165 1528 3216 καὶ
1566 3164 1757 3227 Ἄννα,
1793 3164 1956 3217 Ἀνα-

2063 3167 2153 3220 illa
2175 3172 2518 3234 susceperat,
2559 3163 2842 3230 Theclam,
2877 3164 3112 3229 Annam,
3144 3163 3509 3226 Anastasiam,
3530 3162 3645 3217 Ma;

382 3253 568 3307 στασία
589 3271 672 3319 τε,
705 3254 892 3326 Μαρία
938 3257 1032 3309 καὶ
1062 3256 1390 3326 Πουλχερία)
1444 3257 1500 3309 ἐν
1527 3256 1674 3327 πάσῃ
1707 3256 1958 3327 εὐσεϐείᾳ

377 3347 468 3400 καὶ
504 3347 762 3419 νουθεσίᾳ
794 3348 1001 3418 Κυρίου
1025 3350 1119 3403 καὶ
1147 3331 1212 3421 τῇ
1246 3351 1618 3420 προσκυνήσει
1643 3350 1751 3401 τῶν
1785 3349 1959 3417 ἁγίων

375 3439 601 3496 εἰκόνων
626 3439 957 3494 νουθετούσα
979 3441 1079 3494 οὐκ
1107 3441 1364 3496 ἐπαύετο.
1393 3442 1564 3496 Τοῦτο
1585 3443 1675 3496 τὸν
1700 3442 1960 3512 Θεόφιλον

377 3534 478 3587 οὐκ
497 3532 710 3597 ἔλαθεν,
740 3532 876 3587 ἀλλά
897 3534 1380 3605 προσκαλούμενος
1405 3536 1504 3600 τὰς
1530 3536 1840 3607 θυγατέρας
1868 3535 1963 3588 αύ-

379 3623 474 3679 τοῦ
503 3627 682 3680 πάντα
709 3625 919 3697 ἠρώτα.
945 3625 1052 3681 Καὶ
1080 3629 1134 3681 at
1159 3629 1258 3698 μὲν
1281 3628 1437 3683 ἄλλαι
1472 3631 1570 3693 τὰς
1594 3629 1817 3692 πεύσεις
1843 3628 1965 3682 τού-

379 3735 498 3783 του,
534 3719 715 3787 ἀγαθὰ
744 3718 1063 3790 φρονοῦσαι,
1121 3719 1311 3792 ὥσπερ
1339 3721 1493 3785 τινὰς
1522 3701 1694 3784 λοίὸἅς
1720 3721 1966 3793 ἐρρωμέ-

380 3823 490 3875 νως
528 3814 863 3883 παρέτρεχον
885 3829 896 3842 ·
930 3814 963 3884 ἡ
991 3812 1046 3866 δὲ
1086 3813 1411 3884 Πουλχερία,
1445 3813 1539 3867 ἆτε
1571 3812 1634 3882 δὴ
1665 3813 1757 3865 καὶ
1781 3813 1969 3884 ἡλικίᾳ

390 3907 488 3958 καὶ
513 3905 971 3976 νῷνηπιάζουσα,
1007 3906 1104 3969 τὰς
1134 3923 1193 3957 τε
1235 3904 1636 3975 φιλοφροσύνας
1676 3904 1828 3972 ἔλεγε
1875 3905 1970 3956 καὶ

388 3998 453 4051 τὺ
474 3998 673 4068 πλῆθος
690 4001 800 4054 τῶν
826 3999 1080 4072 ὀπωρῶν,
1111 4000 1515 4070 συναπηρίθμειι
1533 3998 1590 4051 δὲ
1622 4000 1714 4052 καὶ
1736 4001 1835 4068 τῆς
1862 3996 1970 4049 τῶν

389 4089 861 4145 σεπτῶνείκόνων
915 4091 1363 4160 προσκυνήσεως,
1396 4088 1541 4141 οὕτω
1580 4087 1635 4141 δὲ
1688 4089 1748 4140 ού
1801 4087 1972 4140 πολλὰ

388 4181 663 4251 φρονοῦσα
686 4185 779 4237 καὶ
800 4183 1032 4252 λέγουσα
1059 4183 1134 4246 ὡς
1163 4183 1303 4235 νινία
1329 4181 1497 4234 πολλὰ
1519 4177 1657 4233 εἶναι
1674 4179 1808 4252 αὐτῇ
1833 4178 1974 4232 κατὰ

387 4277 754 4351 τὺικιόώτιον,
791 4279 885 4332 καὶ
932 4277 1104 4332 ταῦτα
1130 4281 1196 4349 τῇ
1230 4276 1440 4346 κεφαλῇ
1477 4291 1535 4326 τε
1572 4273 1663 4327 καὶ
1695 4273 1768 4342 τῷ
1807 4289 1976 4344 προσ-

387 4371 705 4443 ώπῳήμῶν
736 4369 1008 4444 ἐπιτίθησι
1040 4373 1177 4441 μετὰ
1202 4373 1270 4425 τὰ
1304 4369 1608 4441 φιλήματα.
1650 4367 1836 4421 Ταῦτα
1884 4368 1976 4422 τὸν

392 4465 616 4534 βασιλέα
646 4467 726 4529 εἰς
760 4461 958 4536 μανῖαν
979 4461 1114 4536 ἦγεν
1135 4479 1148 4494 '
1191 4463 1358 4536 μηδὲν
1375 4463 1429 4525 δὲ
1456 4462 1651 4531 δρᾶσαι
1679 4460 1978 4533 δυνάμενος

2061 3257 2200 3316 riam
2235 3265 2290 3309 et
2319 3255 2692 3324 Pulcheriam)
2723 3255 2780 3308 in
2815 3255 2965 3308 omni
2995 3254 3201 3324 pietate
3251 3261 3308 3308 et
3356 3253 3647 3323 disciplina

2062 3347 2279 3402 Domini
2316 3361 2532 3400 necnon
2590 3347 2742 3400 cultu
2771 3360 3054 3400 sacrarum
3085 3344 3381 3414 imaginum
3423 3343 3650 3399 erudire

2063 3455 2173 3493 non
2209 3439 2480 3494 cessabat.
2512 3438 2702 3507 Neque
2735 3453 2827 3492 res
2859 3436 3236 3506 Theophilum
3289 3437 3472 3491 latuit.
3522 3435 3651 3490 Illas

2064 3535 2213 3588 en':m
2278 3547 2572 3587 accersens
2631 3538 2831 3586 cuncta
2880 3545 2949 3586 ex
3000 3531 3083 3585 eis
3128 3529 3540 3585 sciscitabatur.
3576 3530 3654 3584 Ac

2067 3630 2292 3700 quidem
2333 3629 2556 3698 reliquae
2582 3628 2785 3684 saniori
2826 3635 3009 3682 mente
3061 3642 3123 3682 ac
3173 3627 3430 3691 consilio,
3490 3625 3654 3697 quid-

2069 3723 2200 3794 quid
2233 3724 2323 3778 ille
2352 3723 2752 3794 interrogabat,
2785 3723 2939 3776 velut
2968 3736 3130 3776 ansas
3184 3737 3249 3776 ac
3291 3721 3547 3790 capiendi
3574 3721 3657 3774 lc-

2071 3813 2287 3867 nocinia
2314 3812 2566 3882 quaedam
2596 3819 2918 3866 constanter
2949 3810 3325 3864 declinabant.
3362 3809 3659 3865 Pulcheria

2072 3914 2279 3967 autem,
2312 3907 2517 3974 quippe
2561 3913 2674 3957 tum
2707 3911 2866 3957 aetate
2889 3910 3000 3956 tum
3033 3917 3197 3956 sensu
3224 3903 3469 3971 parvula,
3495 3917 3658 3971 quam

2074 3996 2274 4051 blande
2303 3996 2373 4051 ab
2406 3997 2499 4050 illa
2538 3995 2954 4064 exciperentur,
2988 4009 3053 4047 ac
3111 3991 3394 4047 fructuum
3443 3993 3658 4062 cepiam

2075 4088 2386 4154 referebat,
2445 4102 2556 4142 una
2605 4100 2828 4156 quoque
2883 4081 3291 4137 venerabilium
3358 4082 3659 4151 imaginum

2075 4180 2457 4235 adorationem
2496 4191 2834 4238 memorans,
2894 4174 2974 4229 sic
3022 4171 3312 4233 nimirum,
3364 4171 3511 4225 haud
3565 4169 3662 4224 θνα

2078 4253 2252 4328 ιιῖῑωγο
2304 4289 2436 4328 sane
2467 4271 2700 4344 judicio,
2740 4270 2947 4332 locuta,
3011 4267 3214 4320 multas
3265 4279 3387 4320 eam
3444 4263 3501 4318 in
3534 4279 3662 4318 arca

2078 4382 2290 4440 puppas
2315 4367 2542 4431 habere,
2588 4366 2798 4434 hasque
2830 4369 2955 4434 post
2985 4359 3173 4416 oscula
3223 4356 3441 4414 illarum
3498 4356 3666 4429 629

2082 4460 2248 4530 capiti
2281 4460 2473 4528 orique
2504 4459 2820 4512 admovere.
2860 4455 3000 4510 [line
3034 4454 3114 4508 ira
3142 4460 3425 4521 mstroque
3456 4449 3666 4505 furoris

392 4559 552 4629 αὐτῇ,
607 4558 776 4628 μόνην
836 4558 1110 4628 ἀπέτεμεν
1143 4556 1242 4628 τὴν
1294 4556 1428 4627 πρὸς
1473 4554 1570 4624 τὴν
1607 4553 1841 4625 μάμμη-θ
1871 4553 1959 4608 τῶτ

2086 4556 2332 4627 percitus
2367 4551 2732 4622 Theophilus,
2786 4563 2910 4604 cum
2968 4545 3108 4601 nihil
3156 4545 3209 4599 ei
3244 4542 3422 4600 facere
3455 4552 3665 4614 posset,

393 4650 585 4705 τούτου
609 4651 928 4722 θυγατέρων
959 4652 1164 4722 ἄφιξιν.

470 4829 536 4891 ζ’.
565 4829 792 4891 Τούτοις
813 4829 1017 4898 ἀδελφὰ
1039 4829 1132 4883 καὶ
1161 4831 1225 4902 τῇ
1263 4830 1490 4900 βασιλίδι
1506 4830 1760 4902 Θεοδώρᾳ
1785 4832 1989 4900 συμϐέ-

398 4925 588 4994 ϐηκεν.
641 4923 885 4993 ’Υπῆρχέ
916 4939 968 4976 τι
1000 4922 1078 4992 τῷ
1107 4922 1318 4992 βασιλεῖ
1354 4923 1849 4995 παρακεκομμένον
1893 4923 1989 4976 ἁν-

397 5017 643 5088 δράριον,
680 5014 760 5084 τῷ
801 5014 1090 5086 Ὁμηρικῷ
1119 5015 1355 5087 Θερσίτῃ
1398 5015 1707 5086 διενηνοχὸς
1740 5015 1864 5069 κατ’
1895 5017 1990 5070 ού-

399 5109 491 5161 δὲν
530 5105 801 5179 (Δένδερις
835 5106 1005 5177 ὄνομα
1034 5105 1253 5178 τούτῳ),
1288 5107 1478 5177 ἄσημά
1524 5123 1584 5160 τε
1616 5107 1991 5175 φθεγγόμενον

402 5203 501 5253 καὶ
531 5199 776 5269 γέλωτας
827 5198 1008 5253 κινοῦν
1038 5199 1134 5252 καὶ
1178 5199 1447 5270 θυμηδίας
1476 5198 1664 5254 ἕνεκεν
1691 5203 1806 5264 τοῖς
1837 5200 1992 5271 βασι-

404 5291 572 5355 λείοις
619 5287 1057 5358 ὲνδιαιτώμενον.
1091 5281 1263 5354 Οὗτος
1289 5290 1419 5359 γοῦν
1464 5291 1806 5364 εἰσπηδήσας
1860 5291 1993 5344 ποτὲ

407 5382 551 5437 κατὰ
579 5384 670 5437 τὸν
698 5383 799 5452 τῆς
828 5381 1150 5454 Αύγούστης
1174 5385 1530 5438 κοιτωνίσκον
1559 5385 1861 5440 κατέλαϐεν
1891 5386 1988 5438 αύ-

404 5477 511 5547 τὴν
541 5474 689 5540 θείας
718 5475 934 5540 εἰκόνας
963 5477 1506 5550 ὲμπεριειλημμένην
1528 5479 1756 5542 καὶτοῖς
1789 5479 1990 5547 ἑαυτῆς

403 5569 621 5638 ὄμμασι
643 5569 784 5638 μετὰ
813 5570 1048 5640 σπουδῆς
1077 5568 1482 5640 προσαγούσης.
1513 5571 1732 5635 Ταύτας
1760 5570 1991 5640 ὑπ’ὖψιν

2084 4649 2299 4704 filiabus
2346 4664 2409 4702 ea
2452 4647 2648 4703 saltem
2679 4659 2803 4700 eum
2835 4641 2956 4696 avia
2996 4639 3373 4695 familiaritate
3405 4636 3671 4708 deinceps

2085 4740 2391 4797 interdixit.
3671 4734 3680 4742 '

2160 4837 2210 4891 7.
2251 4834 2561 4890 Germanus
2585 4832 2718 4886 huic
2767 4845 2928 4885 casus
2981 4827 3214 4898 contigit
3276 4825 3441 4881 etiam
3495 4823 3674 4878 Theo-

2089 4924 2537 4994 doraeAugustaa.
2602 4923 2736 4976 Erat
2794 4917 3116 4990 imperatori
3171 4917 3381 4971 delirus
3439 4913 3671 4982 quidam

2090 5018 2485 5082 homunculus,
2521 5012 2800 5070 Homerici
2837 5009 2986 5066 illius
3016 5009 3285 5064 Thersitm
3336 5005 3476 5060 nihil
3511 5001 3675 5059 dissi-

2091 5112 2257 5178 milis,
2289 5110 2560 5166 Denderis
2585 5107 2830 5171 nomine,
2858 5106 3057 5175 lingua:
3081 5101 3377 5171 impeditae,
3422 5113 3484 5152 ac
3502 5096 3676 5152 risuin

2093 5216 2444 5274 permovens,
2479 5199 2805 5254 deliciarum
2827 5195 3093 5249 duntaxat
3119 5204 3284 5245 causa
3314 5187 3369 5242 in
3398 5185 3522 5274 aula
3551 5189 3678 5239 Ver-

2092 5269 2242 5350 sans.
2275 5294 2377 5348 Hic
2404 5292 2572 5364 igitur
2631 5288 2966 5360 quandoque
3022 5283 3080 5337 in
3140 5294 3362 5337 sacrum
3417 5269 3679 5347 Augusta:

2097 5385 2417 5442 cubiculum
2472 5394 2680 5440 temere
2733 5380 2984 5436 insiliens
3036 5375 3251 5431 invenit
3309 5368 3682 5438 CompleCten-

2100 5487 2211 5533 tem
2241 5478 2528 5548 imagines,
2563 5487 2768 5544 easque
2824 5463 3002 5527 oculis
3056 5466 3241 5523 studio
3297 5462 3677 5518 adhibentem.

2101 5568 2209 5623 llas
2244 5567 2448 5623 stultus
2483 5566 2574 5621 ille
2601 5578 2784 5620 coram
2815 5559 3122 5620 contuitus,
3161 5554 3389 5626 rogabat
3413 5549 3681 5618 quidnam

409 5661 538 5715 ἰδὼν
563 5654 719 5724 οὗτος
751 5662 780 5713 ὀ
813 5663 1150 5733 παραπαίων
1188 5663 1240 5716 τί
1274 5678 1332 5715 τε
1362 5658 1472 5716 εἷεν
1512 5664 1867 5726 ἐπυνθάνετο,
1900 5682 1959 5716 κο

2104 5670 2331 5727 essent;
2363 5668 2529 5731 atque
2557 5659 2641 5716 eis
2693 5654 2885 5711 oculos
2940 5653 3167 5724 propius
3224 5641 3544 5704 adhibebat.
3581 5638 3680 5696 Cui

1711 5758 1946 5813 VARI/13
1985 5756 2389 5813 LECTIONES.
2849 5755 2852 5758 ’

486 5858 534 5888 ’⁸
564 5866 658 5912 aut
685 5851 753 5929 ἦν
780 5857 1139 5915 omittendum
1177 5869 1270 5914 aut
1298 5859 1354 5913 δὲ
1387 5865 1507 5930 post
1536 5859 1630 5922 τὰς
1660 5857 1992 5913 addendum.
