4094 6424
481 340 585 406 691

1734 343 2114 448 SYMEONI‘S
2153 344 2527 403 MAGISTRI

3658 351 3769 412 532

481 455 614 508 illa:
655 453 896 508 Pulchra!
921 468 1048 507 mea:
1073 461 1199 507 sunt
1222 468 1434 524 puppw,
1495 449 1790 523 plurimum
1849 471 1939 507 eas
1987 456 2070 508 di-

2181 455 2574 526 πλησιὲστερον
2595 456 2894 508 διέϐαινεν·
2917 459 2949 526 ὴ
2978 459 3054 523 δὲ,
3088 460 3162 512 Τὰ
3189 458 3352 513 καλά
3368 477 3511 528 μου.
3544 459 3770 532 ἔφησεν,

482 545 609 616 ligo.
648 545 892 600 Sedebat
928 554 1060 600 tunc
1088 544 1156 599 ad
1184 559 1431 600 mensam
1479 544 1806 614 imperator,
1858 546 2072 600 statim-

480 656 587 709 que
609 640 679 694 ad
709 656 767 694 se
823 647 1206 695 transeuntem
1267 640 1566 695 Denderim
1629 649 1784 709 rogat
1847 641 2070 695 ubinam

482 734 706 788 tandem
733 734 950 789 fuisset.
989 733 1299 804 Respondit
1344 733 1436 788 ille
1465 751 1477 786 :
1531 733 1688 804 Aput!
1718 750 1936 787 nzanam
1968 734 2072 801 (sic

481 824 832 880 Theodoram
870 840 1096 889 vocans,
1130 841 1194 880 ac
1221 825 1266 879 si
1304 832 1538 879 matrem
1573 825 1863 896 aviumque
1892 825 2069 897 dicas)

481 919 856 988 pulchrasque
888 916 1035 988 apud
1096 933 1216 973 eam
1272 933 1486 987 puppas
1542 916 1772 982 vidisse,
1821 933 1888 973 ex
1941 919 2070 989 pul-

483 1011 666 1066 vinari
718 1011 1098 1081 depromptas.
1148 1011 1426 1066 lntcllexit
1491 1009 1677 1080 itaque
1729 1011 2069 1082 imperator,

485 1107 677 1177 iraque
730 1108 948 1177 plenus,
1008 1114 1068 1160 ut
1116 1123 1146 1161 a
1200 1121 1390 1161 mensa
1458 1107 1724 1172 surrexit,
1753 1107 2070 1164 cubiculum

485 1200 804 1269 irrumpens
830 1199 1020 1254 multis
1053 1199 1174 1254 aliis
1196 1199 1472 1254 conviciis
1495 1209 1713 1264 onerat,
1759 1199 2073 1270 eilrenique

483 1291 672 1360 lingua
705 1290 1058 1346 idololatram
1094 1307 1320 1356 vocans,
1369 1290 1532 1346 deliri
1604 1291 1932 1347 homunculi
1990 1292 2074 1345 in-

483 1384 691 1438 dicium
740 1384 1019 1454 verbaque
1055 1384 1402 1454 exquirebat.
1460 1385 1709 1456 Augusta
1737 1401 1895 1448 vero,
1954 1385 2072 1454 ipsa

487 1473 713 1526 interim
749 1475 884 1527 iram
938 1474 1205 1539 condens,
1271 1474 1419 1529 baud
1478 1475 1553 1530 ita
1588 1491 1648 1531 se
1701 1491 1816 1528 rem
1869 1475 2072 1529 habere

481 1563 772 1619 confestim
806 1564 903 1629 ait,
963 1579 1028 1618 ac
1075 1564 1168 1618 ille
1232 1564 1547 1633 suspicatus
1598 1572 1720 1618 erat
1757 1581 1770 1616 :
1801 1562 1898 1618 sed
1947 1577 2070 1617 cum

481 1671 540 1711 se
583 1657 676 1710 illa
716 1671 842 1710 cum
901 1657 1120 1712 ancillis
1177 1657 1343 1727 630
1394 1657 1450 1710 in
1504 1656 1732 1726 speculo
1787 1657 2069 1725 conSpice—

481 1757 589 1815 ret,
624 1749 1002 1820 Denderisquc
1062 1751 1377 1805 relucentes
1430 1749 1559 1805 inde
1591 1749 1797 1804 formas
1836 1749 2072 1804 intuitus

483 1852 650 1908 esset,
677 1858 780 1913 pro
809 1857 911 1897 suo
951 1841 1152 1897 delirio
1197 1842 1266 1897 de
1313 1841 1517 1912 puppis
1553 1841 1780 1897 domino
1838 1857 1903 1895 ac
1967 1842 2064 1894 im-

482 1935 725 2004 peratori
763 1935 1036 1991 retulisse.
1069 1935 1166 1989 His
1198 1935 1368 2006 igitur
1397 1935 1520 2006 ejus
1567 1936 1836 2005 tantisper
1882 1935 2071 1989 sedata

485 2030 590 2085 ira.
632 2030 931 2086 Denderim
966 2046 1101 2086 vero
1155 2038 1282 2101 post
1310 2046 1423 2085 non
1464 2031 1669 2085 multos
1725 2031 1846 2086 dies
1889 2030 2070 2101 dignis

484 2121 668 2178 modis
697 2122 974 2192 castigans
997 2138 1193 2192 sapere
1241 2122 1456 2186 docuit,
1516 2122 1591 2177 ita
1649 2122 1767 2178 fere
1822 2122 2069 2177 inferens

484 2207 827 2282 dicensque:
866 2211 1005 2269 Cave
1055 2211 1155 2267 ulli
1196 2230 1434 2283 unquam
1479 2213 1543 2266 de
1593 2213 1828 2284 pulchris
1880 2214 2070 2284 puppis

485 2292 743 2374 loquaris.
783 2303 1128 2374 Quandoque
1160 2321 1298 2360 vero
1331 2321 1360 2358 a
1393 2315 1526 2375 potu
1582 2306 1854 2360 calentior
1885 2306 2071 2359 Theo-

484 2393 692 2462 philus,
725 2409 850 2450 cum
888 2395 1147 2466 Augustae
1191 2395 1486 2450 insultaret
1511 2436 1524 2460 ,
1558 2397 1788 2467 rogabat
1833 2396 1902 2451 de
1958 2397 2072 2462 illa,

486 2499 620 2537 num
651 2483 834 2540 adhuc
861 2501 1020 2540 mana
1037 2485 1298 2554 pulchras
1323 2502 1536 2556 puppas
1556 2487 1765 2541 osculis
1791 2487 2075 2556 amplexu-

485 2591 594 2644 que
625 2575 928 2646 acciperet.
958 2577 1229 2632 Denderis
1265 2577 1496 2633 dextera
1545 2577 1628 2632 ori
1685 2575 1966 2648 imposita,
2011 2595 2074 2634 ac

487 2668 711 2724 sinistra
746 2669 1055 2739 posteriora
1098 2679 1332 2724 tenens:
1364 2670 1518 2734 Tace:
1561 2678 1699 2736 tace,
1746 2671 2065 2741 imperator,

487 2762 794 2832 respondit,
829 2781 893 2818 ac
932 2764 996 2817 de
1013 2765 1202 2834 puppis
1229 2779 1294 2817 ne
1325 2763 1567 2833 loquare.

2175 545 2367 610 οὕτως
2393 547 2576 610 νιν-ια,
2612 546 2709 600 καὶ
2737 546 2948 616 ἀγαπῶ
2990 549 3182 602 ταῦτα
3213 550 3436 604 πολλά.
3471 551 3630 606 Κατὰ
3672 552 3777 624 τὴν

2173 639 2457 708 τράπεζαν
2479 639 2782 708 τηνικαῦτα
2814 642 3054 694 εἱστιᾶτο
3077 644 3105 695 6
3131 642 3409 712 βασιλεὺς,
3432 645 3528 698 καὶ
3550 645 3616 716 δὴ
3640 647 3778 718 πρὸς

2175 731 2339 784 αὐτὸν
2369 731 2530 794 εὐθὺς
2553 733 2814 786 διαϐάντα
2846 735 3010 805 ἧρετο
3036 735 3200 790 αὐτὸν
3229 738 3352 790 ὅποι
3382 739 3515 792 ποτέ
3538 739 3776 810 ἐτύγχα-

2175 841 2265 876 νεν
2287 823 2383 879 ὢν.
2423 825 2482 878 Ὀ
2509 825 2566 878 δὲ
2592 827 2754 892 παρὰ
2804 827 2920 894 τὴν
2941 825 3168 896 μάναν,
3220 829 3424 900 ἔφησεν
3470 827 3632 895 εἶναι,
3670 835 3771 907 τὴν

2175 916 2457 987 Θεοδώραν
2483 919 2624 971 οὕτω
2663 917 2858 987 λέγων,
2908 921 3002 972 καὶ
3032 920 3336 977 θεάσασθαι
3370 923 3429 975 ὲν
3459 924 3596 996 αὑτῇ
3629 928 3777 982 καλὰ

2175 1011 2315 1064 νινία
2347 1011 2441 1066 τοῦ
2493 1015 2938 1082 προσκεφαλαίου
2985 1014 3336 1084 ἐξαίρουσαν.
3381 1017 3628 1086 Συνῆκεν
3678 1020 3775 1075 οὖν

2174 1103 2203 1154 6
2231 1101 2504 1171 βασιλεὺς,
2537 1104 2634 1156 καὶ
2667 1103 2880 1173 πλήρης
2901 1104 3073 1174 ὀργῆς
3100 1103 3364 1172 γεγονὼς,
3405 1106 3481 1168 ὡς
3503 1108 3768 1181 ἐξανέστη

2181 1195 2276 1263 τῆς
2304 1192 2606 1265 τραπέζης,
2636 1194 2724 1266 [Ρ.
2753 1195 2882 1268 418]
2914 1197 3052 1267 πρὸς
3089 1196 3256 1266 αὐτὴν
3281 1197 3468 1268 ἀπῄει,
3501 1197 3689 1262 ἄλλαις
3709 1218 3768 1253 τε

2177 1287 2398 1350 πολλοῖς
2425 1288 2647 1358 ὕϐρεσιν
2684 1288 2854 1358 αὐτὴν
2887 1289 3171 1342 ἐπαντλῶν
3203 1291 3297 1343 καὶ
3324 1291 3559 1344 εἰδώλων
3579 1291 3769 1363 λάτριν

2176 1387 2464 1452 ἀκολάστῳ
2496 1382 2711 1454 γλώττῃ
2746 1383 2952 1452 ταύτην
3015 1383 3308 1437 ἀποκαλῶν
3331 1400 3343 1414 ’
3402 1386 3493 1438 καὶ
3540 1386 3656 1455 ἅμα
3694 1388 3772 1439 δι·

2181 1477 2368 1545 εξήτει
2403 1473 2530 1534 τοὺς
2558 1470 2750 1538 λόγους
2772 1470 2866 1523 τοῦ
2897 1471 3323 1540 παραπαίοντος.
3343 1473 3408 1524 Ἡ
3440 1473 3496 1525 δέ
3524 1472 3662 1535 τέως
3678 1473 3767 1524 τὸν

2176 1565 2344 1636 θυμὸν
2368 1564 2508 1617 κατὰ
2527 1563 2765 1631 στέρνων
2791 1563 3022 1621 κύουσα,
3041 1565 3124 1616 Οὐ
3148 1562 3327 1616 τοῦτό
3345 1564 3538 1623 ἐστιν.
3559 1563 3616 1628 ἐξ
3637 1564 3775 1616 ἑτοί-

2179 1675 2277 1728 μου
2309 1657 2516 1724 ἔλεγεν,
2533 1650 2580 1708 ὦ
2599 1655 2887 1718 βασιλεῦ,
2911 1657 2982 1709 οὐ
3001 1655 3196 1719 τοῦτο,
3210 1656 3291 1722 ὡς
3303 1656 3648 1724 ὑπείληφας
3665 1657 3768 1710 σύ.

2180 1743 2250 1804 Τὸ
2279 1748 2347 1802 δὲ
2383 1745 2722 1812 κὰτοπτρόν
2744 1763 2865 1814 μου
2895 1746 3056 1814 ἥμην
3090 1745 3449 1806 Liter-[Coan
3472 1748 3623 1814 μετὰ
3653 1745 3776 1800 τῶν

2176 1841 2614 1910 θεραπαινίδιον
2641 1840 2870 1906 καὶτὰς
2895 1839 3095 1894 ἐκεῖσε
3139 1838 3496 1906 mutauerat:
3551 1836 3695 1890 ἰδὼν
3740 1841 3774 1891 δ

2174 1932 2450 2000 Δένδερις
2470 1931 2710 2000 μορφὰς
2740 1929 2936 1984 ἐλθὼν
2965 1927 3336 1998 ἀπήγγειλεν
3378 1927 3655 1996 ἀφρόνως
3693 1926 3774 1993 τῷ

2174 2022 2441 2090 δεσπότῃ
2461 2023 2558 2076 καὶ
2584 2011 2858 2087 βασιλεῖ.
2894 2020 3052 2074 Οὕτω
3080 2019 3181 2090 μὲν
3225 2017 3318 2072 οὖν
3368 2018 3579 2071 ἐκείνου
3631 2018 3769 2082 τέως

2177 2115 2477 2169 κατέσϐεσε
2498 2114 2589 2167 τὸν
2621 2114 2795 2183 θυμόν
2818 2130 2830 2143 ·
2853 2113 2945 2165 τὸν
2969 2112 3125 2164 Δένδε
3136 2129 3221 2182 ριν
3249 2111 3305 2163 δέ
3335 2111 3450 2180 μετ’
3478 2111 3538 2164 οὗ
3572 2109 3774 2172 πολλὰς

2173 2208 2389 2278 ἡμέρας
2429 2204 3141 2278 παιδείᾳ-καθυποὸαλοῦσα
3173 2203 3403 2256 πέπεικε
3445 2205 3769 2272 σωφρονεῖν,

2181 2299 2326 2354 οὕτω
2379 2318 2496 2364 πως
2527 2300 2857 2367 ὲπιλέγουσα
2889 2299 2983 2351 καὶ
3016 2297 3342 2350 διδάσκουσα
3381 2297 3456 2359 ὡς
3501 2293 3584 2364 μή
3627 2310 3774 2348 ποτε

2173 2391 2377 2462 λέγειν
2405 2392 2539 2459 περὶ
2563 2390 2680 2444 τῶν
2706 2389 2910 2444 καλῶν
2931 2389 3137 2442 writer
3161 2388 3299 2441 τινί.
3327 2386 3434 2440 Καί
3457 2405 3588 2439 ποτε
3620 2387 3772 2458 παρὰ

2177 2483 2340 2537 πότον
2365 2482 2786 2553 ἐγκαυχὼμενος
2835 2483 2930 2535 καὶ
2979 2479 3081 2550 τῆς
3110 2479 3400 2551 δεσποίνης
3433 2477 3771 2549 κατεπαιρό-

2179 2594 2342 2646 μενος
2367 2579 2394 2630 ὁ
2425 2575 2684 2644 Θεόφιλος
2715 2574 2903 2644 ἠρώτα
2927 2572 3116 2626 τοῦτον
3143 2573 3270 2642 περὶ
3302 2573 3502 2642 αὐτῆς,-
3532 2572 3578 2623 εί
3610 2571 3774 2625 πάλιν

2178 2668 2288 2737 ἄρα
2318 2669 2386 2722 τὰ
2424 2667 2566 2722 καλὰ
2595 2667 2740 2719 νινία
2779 2669 2811 2735 ἡ
2866 2665 3014 2734 μάνα
3056 2665 3384 2727 ἀσπάζεται.
3450 2663 3509 2716 '0
3559 2663 3614 2714 δὲ
3658 2664 3775 2724 τοῖς

2182 2762 2384 2833 χείλεσι
2440 2763 2540 2831 τὴν
2567 2760 2748 2826 δεξιὰν
2787 2761 2948 2830 χεῖρα
2993 2758 3224 2822 ἐπιθεὶς,
3255 2759 3348 2810 καὶ
3378 2759 3442 2826 τῇ
3504 2753 3772 2827 ἀριστερᾷ

483 2852 592 2907 τῶν
621 2854 845 2930 ϐπισθεν
898 2855 1081 2926 μερῶν
1131 2855 1546 2927 ἐπιλαϐόμενος,
1591 2876 1609 2908 ι
1645 2858 1814 2928 Σίγα,
1848 2858 1994 2926 σίγα
2029 2855 2160 2924 περὶ
2192 2853 2310 2908 τῶν
2341 2855 2570 2919 writer,
2601 2849 2648 2906 ὦ
2669 2851 2967 2917 βασιλεῦ,
3004 2853 3309 2921 ὰντέφησεν
3333 2851 3362 2902 6
3393 2849 3743 2918 παραπαίων.

553 2947 606 3001 8.
630 2946 790 3002 Anno
825 2947 1042 3018 imperii
1078 2949 1267 3012 tertio,
1300 2948 1559 3003 Alexium
1595 2951 1918 3005 Armenium
1977 2965 2072 3004 co-

483 3048 784 3111 gnomento
817 3040 1104 3104 Muselem,
1132 3041 1314 3095 virum
1343 3041 1505 3097 valde
1531 3051 1820 3097 strenuum
1885 3057 1950 3097 ac
1976 3057 2063 3096 ro-

485 3132 732 3197 bustum,
761 3133 1025 3188 collocata
1054 3133 1106 3187 ei
1138 3133 1307 3187 Maria
1340 3134 1450 3188 lilia
1480 3150 1744 3204 generum
1802 3135 1906 3190 sibi
1936 3134 2072 3190 asci-

483 3224 585 3304 vit,
635 3224 1042 3295 patriciumque
1092 3239 1156 3279 ac
1191 3224 1396 3280 deinde
1450 3227 1776 3299 magistrum
1833 3227 2066 3282 creavit.

488 3314 630 3370 Tum
658 3331 796 3371 vero
824 3315 882 3370 in
905 3316 1282 3385 suspicionem
1329 3317 1633 3374 adductum
1652 3320 1805 3375 velut
1841 3319 1934 3389 qui
1971 3320 2074 3373 im-

487 3393 704 3476 perium
739 3416 1137 3478 aucuparetur,
1180 3417 1476 3477 praetorem
1528 3409 1837 3480 ducemque
1872 3411 2074 3466 Siciliae

489 3498 806 3555 institutum
839 3499 938 3556 abs
972 3515 1031 3554 se
1062 3500 1361 3572 ablegavit.
1393 3500 1590 3568 Qualia
1646 3519 1780 3557 vero
1833 3505 2074 3574 parturit

491 3590 634 3645 livor
664 3593 676 3645 ι
713 3591 886 3651 Siculi
945 3593 1172 3663 quidam
1233 3595 1522 3650 venientes
1552 3595 1761 3651 crimen
1789 3597 1868 3651 illi
1893 3599 2075 3652 inten-

489 3693 628 3745 tant,
656 3683 891 3753 prodere
946 3701 1074 3740 eum
1129 3703 1251 3756 qua:
1301 3686 1746 3744 Christianorum
1802 3691 2074 3746 exsistant

488 3776 776 3846 Agarenis,
810 3792 1010 3848 resque
1039 3795 1211 3834 novas
1240 3780 1509 3836 adversus
1541 3781 1928 3854 imperatorem
1958 3799 2075 3839 mo-

488 3868 602 3924 liri.
633 3868 783 3925 Inter
814 3869 932 3926 haec
958 3869 1177 3926 mortua
1210 3871 1377 3927 Maria
1409 3873 1703 3944 Theophili
1753 3873 1885 3940 filia,
1913 3884 2072 3946 pater

491 3960 642 4018 illius
667 3977 863 4018 urnam
885 3963 1165 4034 argenteis
1194 3964 1418 4020 laminis
1443 3966 1711 4030 contexit,
1736 3967 1803 4021 ad
1839 3982 2071 4038 eamque

487 4052 941 4124 confugientibus
955 4055 1082 4110 dato
1101 4055 1402 4125 diplomate
1427 4056 1837 4112 immunitatem
1866 4061 2069 4119 sanxit.

488 4144 605 4201 lloc
643 4155 836 4216 postea
861 4154 1153 4218 argentum
1181 4147 1294 4210 Leo
1324 4147 1627 4219 imperator
1661 4149 1908 4204 sustulit.

559 4328 612 4383 9.
647 4328 806 4384 Anno
836 4330 1055 4401 imperii
1106 4341 1339 4401 quarto,
1393 4333 1746 4390 Theodorum
1773 4335 2070 4406 archiepi-

485 4435 714 4489 scopum
743 4430 1115 4490 cognomento
1138 4422 1296 4494 631
1326 4423 1666 4490 Crithinum,
1698 4435 1829 4481 tunc
1852 4427 1907 4481 in
1934 4427 2070 4482 urbe

485 4520 823 4576 versantem,
871 4527 997 4566 cum
1051 4513 1276 4570 Alexins
1315 4531 1416 4585 per
1472 4518 1805 4572 calumniam
1853 4518 2072 4573 delatus

2254 2953 2324 3016 η’.
2356 2943 2447 3012 Τῷ
2480 2945 2530 3013 γ’
2562 2943 2729 2999 αὑτοῦ
2761 2943 2894 3009 ἔτει,
2941 2944 3178 3010 Ἀλέξιον
3227 2942 3315 2994 τὸν
3374 2940 3676 3009 Ἀρμένιον,
3723 2930 3768 3005 ᾧ

2180 3035 2471 3105 ἐπώνυμον
2505 3034 2776 3101 Μουσελέ,
2825 3034 2946 3086 λίαν
2997 3034 3242 3104 ἀνδρεῖον
3275 3031 3403 3084 ὅντα
3427 3033 3520 3084 καὶ
3579 3033 3769 3100 {Scopa-

2178 3126 2297 3180 λέον
2327 3128 2710 3193 εἰσεποιήσατο
2733 3125 2982 3197 γαμϐρὸν
3006 3127 3085 3190 είς
3114 3123 3332 3195 Μαρίαν
3363 3124 3461 3191 τὴν
3491 3123 3768 3191 θυγατέρα

2178 3217 2366 3280 αὐτοῦ,
2404 3219 2499 3270 καὶ
2527 3218 2819 3287 πατρίκιον
2847 3217 3129 3288 ἐποίησεν,
3181 3214 3298 3270 εἶτα
3319 3218 3413 3270 καὶ
3445 3215 3765 3286 μάγιστρον.

2100 3267 2146 3329 c
2191 3267 2521 3377 'l‘nol'ﬁ'jast;
2560 3307 2616 3361 δέ
2643 3267 2795 3371 τινας
2827 3308 2916 3360 ἐπ’
2967 3267 3129 3377 αὐτῷ,
3169 3305 3316 3378 σχὼν
3341 3307 3417 3369 ὼς
3445 3267 3770 3376 ιόρέγομῖένῳ

2181 3399 2282 3468 τῆς
2307 3398 2604 3468 βασιλείας,
2639 3399 2946 3468 στρατηγὸν
3006 3401 3102 3453 καὶ
3132 3399 3304 3452 δοῢκα
3332 3397 3580 3459 Σικελίας
3620 3397 3765 3466 πέμ-

2178 3507 2288 3544 πει.
2309 3483 2410 3542 Οἷα
2439 3489 2496 3543 δὲ
2529 3491 2557 3542 ὁ
2589 3491 2781 3559 φθόνος
2805 3490 3010 3554 ὠδίνει,
3038 3490 3251 3544 Σικελοί
3285 3507 3428 3552 τινες
3455 3489 3771 3552 ἀνελθόντες

2175 3582 2422 3636 διέϐαλον
2457 3581 2646 3637 τοῦτον
2695 3582 2774 3652 τῷ
2822 3582 3058 3654 βασιλεῖ,
3085 3584 3162 3646 ὡς
3215 3601 3234 3633 ι
3268 3582 3349 3636 Τὰ
3382 3577 3482 3652 μὲν
3507 3580 3614 3632 τῶν
3643 3581 3770 3652 Χριο

2179 3675 2412 3730 στιανῶν
2481 3676 2804 3746 Ἀγαρηνοῖς
2853 3675 3172 3745 προδίδωσι,
3207 3672 3349 3727 κατὰ
3393 3673 3450 3725 δὲ
3483 3671 3584 3741 τῆς
3615 3670 3768 3740 βασι-

2177 3765 2326 3829 λείας
2362 3784 2454 3819 σου
2481 3766 2704 3836 μελετᾷ.
2743 3785 2762 3817 ι
2820 3766 2908 3820 Ἐν
2933 3764 2990 3817 δὲ
3015 3765 3094 3834 τῷ
3127 3763 3330 3835 μεταξὺ
3365 3762 3463 3832 τῆς
3498 3759 3768 3832 θυγατρὸς

2175 3856 2269 3910 τοῦ
2325 3857 2590 3929 βασιλέως
2634 3857 2854 3928 Μαρίας
2903 3856 3254 3926 τεθνηκυίας,
3290 3856 3319 3907 6
3372 3853 3622 3925 βασιλεὺς
3668 3851 3768 3924 τὴν

2177 3950 2426 4021 λάρνακα
2470 3952 2675 4022 ταύτης
2703 3952 2761 4017 ἐξ
2808 3949 3054 4022 ἀργύρου
3105 3949 3420 4020 ἐκόσμησε,
3461 3947 3556 4000 καὶ
3601 3945 3768 4017 τόμον

2177 4039 2492 4110 ἐλευθερίας
2519 4043 2631 4104 τοῖς
2651 4043 2710 4094 ἐν
2742 4041 2896 4113 αὑτῷ
2929 4041 3341 4114 προσφεύγουσι
3367 4039 3612 4106 τέθεικεν
3637 4055 3650 4068 ⁸
3675 4039 3767 4092 ὅν-

2177 4149 2286 4204 περ
2343 4134 2586 4203 ἄργυρον
2625 4132 2776 4187 Λέων
2822 4135 2850 4186 6
2889 4132 3145 4204 βασιλεὺς
3205 4131 3344 4204 μετά
3393 4130 3572 4184 ταῦτα
3621 4131 3768 4184 ἀνείς

2175 4225 2321 4280 λετο.

2256 4317 2320 4372 θ’.
2355 4316 2444 4386 Τῷ
2477 4317 2516 4367 δ’
2545 4316 2696 4387 αὐτῷ
2743 4315 2852 4370 ἔτει
2908 4315 3182 4386 Θεόδωρον
3213 4315 3302 4368 τὸν
3335 4315 3768 4387 ἀρχιεπίσκοπον

2174 4410 2266 4463 τὸν
2293 4410 2587 4480 λεγόμενον
2624 4409 2904 4476 Κρίθινον,
2959 4409 3018 4460 ἐν
3044 4407 3122 4478 τῷ
3175 4406 3353 4478 καιρῷ
3383 4409 3484 4477 τῆς
3513 4406 3766 4474 διαϐολῆς

2188 4503 2424 4568 Ἀλεξίου
2458 4504 2514 4555 ἐν
2539 4505 2602 4573 τῇ
2631 4501 2784 4554 πόλει
2804 4501 2954 4564 ὄντα,
2985 4501 3202 4554 δίδωσιν
3221 4503 3248 4554 6
3277 4501 3531 4572 βασιλεὺς
3551 4491 3611 4554 τὸ
3641 4501 3768 4554 ἴδιον

486 4602 594 4655 est,
632 4594 985 4661 accersitum,
1025 4597 1334 4668 traditaque
1372 4599 1423 4654 ei
1453 4615 1619 4657 cruce
1644 4615 1742 4656 sua
1776 4602 2066 4670 pectorali,

2179 4596 2472 4668 φυλακτὸν,
2502 4595 2598 4648 καὶ
2627 4595 2947 4648 ἀποστέλλει
2974 4597 3054 4659 εἰς
3107 4596 3356 4648 Σικελίαν
3400 4594 3584 4648 δοῦναι
3612 4593 3768 4661 λόγον

488 4681 831 4754 TheOphilus
882 4687 937 4742 in
986 4687 1230 4744 Siciliam
1289 4691 1476 4754 mittit,
1527 4695 1844 4748 securitatis
1902 4694 2064 4748 ﬁdem

487 4774 680 4831 Alexio
703 4779 1077 4848 praestiturum
1106 4781 1174 4835 ad
1195 4797 1364 4852 seque
1389 4780 1801 4840 revocaturum.
1818 4785 2069 4854 Cumque

487 4868 755 4935 venisset,
793 4871 1096 4942 imperator
1132 4882 1394 4944 tanquam
1436 4877 1700 4933 rebellem
1741 4877 1939 4933 durius
1961 4893 2068 4931 ca:-

488 4956 590 5026 dit,
627 4960 858 5031 ejusque
888 4962 1051 5018 bonis
1074 4964 1336 5020 omnibus
1359 4967 1656 5035 publicatis
1695 4969 1752 5024 in
1785 4984 2067 5024 carcerem

487 5049 679 5105 tradit.
710 5051 1038 5110 Theodorus
1065 5055 1157 5110 ubi
1185 5057 1430 5121 rescivit,
1464 5075 1577 5114 rem
1603 5061 1889 5130 aegerrime
1921 5061 2066 5116 tulit.

484 5144 565 5199 Ac
587 5143 742 5198 brevi
787 5155 912 5214 post
944 5147 1281 5217 imperatore
1310 5149 1378 5201 ad
1417 5149 1750 5205 Blacbernas
1794 5152 2066 5221 profecto,

484 5238 606 5308 ejus
659 5236 752 5292 ille
805 5236 909 5292 iter
965 5239 1286 5310 occupavit,
1340 5254 1405 5293 ac
1447 5240 1775 5294 sacerdotali
1841 5242 2070 5299 indutus

486 5333 625 5386 stola
675 5339 803 5387 ante
832 5333 1003 5387 altare
1034 5333 1206 5386 stetit.
1247 5332 1479 5401 Jamque
1514 5332 1582 5387 ad
1634 5333 1840 5388 soleam
1897 5352 2070 5405 prope

486 5423 684 5494 posito,
729 5439 924 5494 magna
983 5440 1120 5480 voce
1160 5425 1457 5484 clamavit:
1524 5427 1768 5492 Intende,
1827 5445 2074 5500 prospere

486 5519 706 5583 procede
733 5525 783 5572 et
806 5535 972 5588 regna
998 5537 1015 5572 :
1037 5535 1312 5589 quorsum,
1360 5536 1484 5590 rogo
1523 5528 1592 5586 te,
1628 5537 1658 5573 ο
1688 5523 1976 5591 imperator
2004 5525 2074 5576 V?

487 5609 582 5665 llic
608 5617 860 5664 senatum
911 5626 1098 5665 coram
1158 5622 1485 5681 praesentem
1528 5613 1822 5680 reveritus,
1847 5615 2071 5685 Propter

562 5795 594 5830 ν
627 5777 774 5833 Psal.
815 5798 961 5846 πων,

2175 4692 2445 4755 ἀπαθείας
2502 4690 2723 4760 Ἀλεξίῳ
2759 4691 2852 4742 καὶ
2900 4691 3129 4757 ἀγαγεῖν
3176 4691 3311 4757 πρὸς
3352 4687 3537 4739 αὐτόν·
3583 4686 3642 4737 ὃν
3671 4687 3764 4736 καὶ

2177 4787 2399 4841 ἐλθόντα
2428 4788 2456 4839 6
2483 4784 2736 4854 βασιλεὺς
2761 4783 2836 4846 ὡς
2861 4782 3136 4852 ἁντάρτην
3166 4780 3342 4847 τύψας
3370 4776 3520 4828 ἔθετο
3549 4778 3628 4836 είς
3661 4792 3760 4841 φυ-

2175 4881 2369 4950 λακὴν,
2401 4879 2469 4932 τὰ
2497 4877 2660 4931 αὐτοῦ
2694 4877 2869 4930 πάντα
2892 4873 3190 4944 δημεύσας.
3227 4869 3499 4937 Θεόδωρος
3527 4865 3618 4919 οὖν
3647 4867 3761 4920 τοῦ-

2174 4989 2236 5026 το
2256 4969 2411 5033 εἰδὼς
2445 4969 2679 5041 ἤσχαλλε
2713 4968 2806 5020 καὶ
2835 4962 3118 5031 ἐδυσφόρει
3144 4977 3159 4991 ·
3187 4961 3279 5014 καὶ
3309 4957 3425 5029 μετ’
3466 4957 3646 5025 ὀλίγον
3668 4957 3762 5012 τοῦ

2181 5067 2445 5138 βασιλέως
2473 5068 2531 5118 ἐν
2562 5065 2894 5134 Βλαχέρναις
2926 5057 3253 5118 ἀπελθόντος
3307 5054 3597 5128 προλαϐὼν
3631 5055 3761 5125 ἔστη

2179 5159 2488 5230 ἔμπροσθεν
2520 5157 2616 5212 τοῦ
2647 5152 3054 5223 θυσιαστηρίου,
3108 5151 3206 5221 τὴν
3259 5149 3542 5220 ἱερατικὴν
3572 5147 3763 5218 στολὴν

2178 5252 2546 5320 ἐνδεδυμένος,
2580 5248 2674 5302 καὶ
2707 5244 2798 5298 τοῦ
2833 5243 3098 5314 βασιλέως
3119 5247 3182 5312 τῇ
3213 5242 3389 5314 σωλέᾳ
3424 5240 3758 5310 πλησιάσαν-

2179 5361 2267 5406 τος
2325 5343 2486 5404 αὐτὸς
2541 5342 2690 5411 φωνῇ
2736 5335 2949 5408 μεγάλῃ
3009 5336 3267 5408 ἐϐόησεν·
3332 5336 3622 5394 Ἔντεινε,
3663 5331 3762 5384 καὶ

2180 5436 2529 5498 κατευοδοῡ,
2556 5434 2654 5489 καὶ
2675 5432 2972 5498 ,βασίλευε
2991 5446 3004 5460 ·
3049 5430 3258 5483 ἕνεκεν
3290 5428 3470 5493 τίνος.
3500 5421 3548 5478 ὦ
3585 5425 3736 5487 ,βασι

2181 5529 2331 5594 .1εῦ;
2366 5527 2642 5590 Αίδεσθεὶς
2688 5525 2779 5579 οὖν
2811 5525 2839 5590 ᾧ
2879 5523 3132 5592 βασιλεὺς
3165 5524 3264 5592 τὴν
3296 5519 3596 5586 σύγκλητον
3619 5515 3720 5581 ἔφη
3745 5527 3757 5539 ⁸

2184 5624 2435 5677 ”Ενεκε-›··
2461 5619 2745 5687 ἀληθείας
2790 5616 2887 5670 καὶ
2915 5616 3246 5684 πραότητος
3283 5612 3363 5683 [Ρ.
3391 5608 3513 5677 “9]
3547 5605 3640 5659 καὶ
3669 5605 3758 5658 δι-
