4094 6412
406 345 507 411 70!

1508 347 1879 408 ANNALES.
1923 370 1986 382 -
2024 345 2540 408 THEOPHILUS.

3560 349 3668 413 702

405 466 645 528 τιθέντες,
676 461 815 516 ἀλλὰ
845 463 950 533 μὴν
983 464 1075 517 xui.
1123 463 1218 516 τοῦ
1270 463 1550 533 Βουδίτζη,
1581 467 1647 533 τῇ
1692 463 1800 517 τῶν
1849 461 1989 514 ἑπτὰ

2096 464 2254 532 longa
2282 480 2554 519 annorum
2577 474 2785 535 septem
2820 466 3059 522 carceris
3085 468 3456 522 maceratione
3477 483 3491 531 ;
3510 483 3672 522 cum-

403 556 615 627 χρόνων
666 554 967 625 καθείρξει,
1011 556 1108 610 καὶ
1159 556 1233 626 μὴ
1287 555 1604 618 πεισθέντες
1651 555 1991 626 ἀρνήσασθαι

403 650 496 701 τὸν
515 648 776 716 Χριστὸν,
809 647 955 714 ξίφει
987 647 1406 718 ἀπετμήθησαν,
1447 646 1569 700 ἀντὶ
1599 647 1701 716 τῆς
1731 647 1992 716 προσκαίο

408 757 502 811 ρου
539 740 687 809 ζωῆς
711 741 812 809 τὴν
840 741 1060 794 αἰώνιον
1077 742 1492 810 ἀγαπήσαντες,
1539 740 1638 793 καὶ
1693 739 1835 809 μετὰ
1861 742 1992 809 μίαν

405 832 620 902 ἡμέραν
643 833 702 884 ὲν
731 832 811 902 τῷ
839 832 1073 903 ποταμῷ
1117 835 1447 906 ἐρρίφησαν.
1480 835 1554 888 Τὸ
1598 835 1654 887 δὲ
1689 836 1991 905 παραδοξό-

403 939 590 989 τατον,
624 923 707 976 ὅτι
730 922 935 993 ἑκάστη
970 922 1181 992 κεφαλὴ
1211 923 1349 991 μετὰ
1383 923 1482 992 τὴν
1512 923 1751 991 ἐκτομὴν
1777 921 1855 993 τῷ
1876 924 1990 994 ἰδίῳ

409 1014 624 1084 σώματι
647 1014 830 1086 ήνὼθη
864 1016 958 1068 καὶ
990 1014 1230 1086 συνεφύη
1253 1032 1267 1046 ο
1313 1017 1407 1069 καὶ
1431 1015 1620 1085 ὥσπερ
1642 1016 1699 1068 αἱ
1732 1016 1902 1086 ψυχαὶ
1933 1018 1992 1068 ἐν

406 1111 488 1162 ἐνὶ
519 1109 674 1179 τόπῳ
725 1109 821 1162 τοῦ
872 1109 1229 1180 παραδείσου,
1261 1108 1403 1162 οὕτω
1437 1110 1532 1162 καὶ
1571 1108 1681 1162 τῶν
1714 1109 1888 1177 ἁγίων
1919 1108 1992 1162 τὰ

408 1203 638 1272 σώματα
667 1203 797 1272 μιᾶς
819 1202 973 1266 ὁσίας
993 1201 1148 1271 παρὰ
1164 1201 1274 1254 τῶν
1306 1202 1513 1254 πιστῶν
1540 1200 1752 1271 ἔλαχον.
1772 1201 1992 1254 Τούτων

406 1292 808 1346 τελειωθέντων
836 1293 1123 1345 ἐκέλευσεν
1149 1295 1177 1346 ὁ
1229 1292 1725 1363 πρωτοσύμϐουλος
1753 1292 1846 1344 καὶ
1899 1292 1990 1346 τὸν

407 1384 699 1454 Βουδίτζην
728 1384 1235 1454 ἀποκεφαλισθῆναι
1270 1384 1462 1449 εἰπὼν,
1518 1384 1600 1436 ὅτι
1653 1383 1764 1437 Καὶ
1787 1379 1987 1449 οὗτος,

405 1479 458 1530 εί
490 1472 564 1547 ἦν
593 1477 771 1546 ὀρθὸς
795 1478 1170 1545 Χριστιανὸς,
1207 1479 1317 1530 οὐκ
1339 1473 1470 1546 εἶχε
1490 1477 1844 1546 μαγαρίσαι.
1877 1477 1989 1529 Καὶ

406 1569 598 1622 τούτου
631 1569 927 1637 γενομένου
961 1569 1053 1622 καὶ
1078 1567 1172 1621 τοῦ
1219 1568 1472 1638 σώματος
1517 1568 1682 1622 αὐτοῦ
1738 1567 1989 1639 ῥιφέντος

409 1659 548 1730 μετὰ
577 1659 686 1712 τῶν
717 1659 910 1726 ἁγίων,
938 1659 1043 1726 ἔξω
1066 1659 1167 1728 τῆς
1192 1658 1412 1728 στοιϐἦς
1429 1659 1636 1714 τούτων
1668 1660 1982 1732 ηὑρίσκετο.

405 1752 521 1804 Καὶ
549 1754 582 1822 ἠ
613 1751 824 1822 κεφαλὴ
851 1752 907 1805 δὲ
935 1752 1103 1806 αὑτοῦ
1132 1752 1320 1829 πόρρω
1350 1752 1442 1805 τοῦ
1478 1752 1731 1822 σώματος
1766 1749 1856 1820 ἦν,
1892 1753 1986 1806 καὶ

405 1842 504 1910 οὐχ
533 1840 608 1905 ὡς
630 1841 738 1894 τῶν
764 1842 937 1910 ἁγίων
966 1842 1473 1913 συγκεκολλημένη.
1525 1841 1634 1895 Καὶ
1670 1844 1749 1905 είς
1779 1843 1866 1896 τὸν
1897 1861 1987 1896 πο-

407 1933 579 2002 ταμὸν
634 1934 926 2003 ῥιφέντων,
968 1937 1062 1986 καὶ
1129 1935 1351 1987 πάντων
1380 1931 1491 1988 τῶν
1545 1935 1816 2004 σωμάτιον
1875 1935 1984 1989 τῶν

407 2025 578 2093 ἁγίων
618 2023 907 2094 βλέποντος
931 2025 1024 2078 τοῦ
1059 2025 1217 2096 ὄχλου
1243 2025 1669 2095 εὐπλοησάντων
1699 2028 1790 2080 καὶ
1817 2028 1896 2090 είς
1923 2026 1984 2080 τὸ

407 2117 584 2186 πέραν
606 2115 892 2182 ἐλθόντων,
923 2115 1088 2169 αὑτοῦ
1123 2116 1285 2186 μόνον
1310 2115 1368 2168 τὺ
1392 2117 1552 2185 σῶμα
1577 2117 1625 2170 οἱ
1654 2115 1986 2187 κροκόδειλοι

385 2205 758 2278 διασύραντες
781 2207 1091 2277 κατέκοψαν
1111 2206 1204 2260 καὶ
1226 2207 1556 2277 κατέφαγον.

478 2387 549 2463 κ’τ
597 2388 656 2444 ’0
677 2388 734 2442 δὲ
771 2387 867 2442 τοῦ
894 2369 1444 2457 φιλοσόφουδΛέοντος
1487 2370 1759 2460 μαθητὴς,
1812 2392 1840 2444 ό
1892 2408 1986 2443 και

410 2481 656 2553 μηνυτὴς
690 2482 790 2552 τῆς
814 2482 1128 2551 προδοσίας,
1180 2481 1440 2552 ἠρωτήθη
1474 2482 1628 2552 παρὰ
1656 2482 1751 2535 τοῦ
1786 2484 1986 2554 Ἀμερ-

411 2572 628 2644 μουμνῆ
660 2573 788 2644 περὶ
815 2573 914 2644 τῆς
942 2573 1254 2643 ἐπιστήμης
1295 2573 1483 2637 αὐτοῦ,
1502 2573 1596 2627 καὶ
1622 2571 1790 2628 εἷπεν’
1807 2576 1988 2646 μαθη·

409 2664 509 2736 τὴς
536 2659 678 2718 εἶναι
699 2664 795 2718 τοῦ
820 2664 1110 2734 φιλοσόφου
1137 2665 1388 2728 Λέοντος.
1442 2665 1681 2728 Ἐκεῖνος
1708 2665 1763 2718 δὲ
1798 2667 1986 2734 μαθὼν

412 2756 595 2820 ὁποῖός
628 2757 776 2809 ἐστιν
803 2757 831 2808 ὁ
863 2755 1034 2821 Λέων,
1059 2755 1326 2826 ἐπεθύμει
1350 2756 1538 2810 τοῦτον
1574 2756 1725 2820 ίδεῖν,
1755 2757 1848 2810 καὶ
1865 2758 1988 2822 δούς

407 2865 514 2900 τινι
559 2845 666 2900 τῶν
707 2845 1072 2917 αἰχμαλώτων
1105 2849 1412 2919 γράμματα
1464 2849 1604 2918 πρὸς
1646 2850 1855 2904 Λέοντα
1898 2851 1988 2902 τὸν

411 2939 700 3009 φιλόσοφον
729 2939 1054 2993 ἀπέστειλεν
1087 2942 1146 2994 ὲν
1201 2939 1800 3007 Κωνσταντινουπόλει,
1854 2941 1987 2994 ὑπο-

412 3031 674 3103 σχόμενος
705 3031 961 3104 δεύτερον
978 3032 1144 3086 αὐτὸν
1185 3018 1407 3086 εἶναι’ὲν
1431 3035 1588 3104 τιμῇ.
1624 3032 1683 3086 '0
1732 3033 1787 3087 δὲ
1836 3033 1988 3087 Λέων

408 3123 476 3177 τὰ
496 3123 799 3196 γράμματα
837 3103 1127 3178 ἀπολαϐὼν
1162 3124 1409 3194 ἀνήγαγε
1441 3123 1617 3178 ταῦτα
1644 3125 1888 3196 Θεοφίλῳ
1911 3124 1988 3196 τῷ
2014 3103 2060 3166 C

412 3215 644 3286 βασιλεῖ.
685 3217 744 3270 ’0
772 3217 827 3270 δὲ
857 3217 1022 3285 γνοὺς
1042 3217 1110 3270 τὰ
1138 3217 1237 3287 τῆς
1272 3217 1471 3272 ἑαυτοῦ
1520 3220 1856 3288 ἐπιστήμης,
1893 3218 1992 3270 καὶ

409 3308 492 3361 ὅτι
549 3307 791 3362 τοιοῦτον
832 3308 994 3377 σοφὸν
1019 3309 1189 3380 ἄνδρα
1237 3309 1297 3361 ὲν
1341 3310 1407 3379 τῇ
1433 3309 1585 3362 πόλει
1639 3309 1804 3362 αὐτοῦ
1852 3308 1988 3380 ἔχει,

412 3399 854 3471 προσλαϐόμενος
899 3399 1061 3454 αὑτὸν
1129 3403 1209 3464 εἰς
1259 3401 1318 3454 τὸ
1373 3401 1635 3455 παλάτιον
1670 3401 1728 3453 ὲν
1775 3405 1841 3473 τῇ
1873 3403 1996 3456 Μα·

412 3490 624 3564 γναύρᾳ
648 3491 820 3555 ἔθετο,
849 3491 1129 3562 παραδοὺς
1151 3491 1300 3562 αὑτῷ
1318 3493 1414 3545 καὶ
1440 3491 1689 3563 μαθητὰς
1717 3491 1992 3546 διδάσκειν

412 3582 539 3644 τοὺς
595 3581 998 3650 εὐφυεστάτους
1051 3581 1225 3646 νέων,
1297 3581 1555 3652 παρέχων
1604 3579 1753 3651 αὐτῷ
1811 3583 1992 3636 πᾶσαν

414 3673 706 3728 ἀπάθειαν.
763 3665 932 3738 Οὗτος
999 3674 1096 3728 καλ⁵
1159 3673 1570 3746 μητροπολίτης
1636 3673 1773 3743 μετὰ
1820 3674 1993 3728 ταῦτα

415 3764 818 3838 θεσσαλονίκης
843 3751 1088 3835 γέγονεν,
1127 3766 1232 3820 ὑπὸ
1265 3765 1360 3820 τοῦ
1393 3765 1698 3836 ἁγιωτάτου
1727 3765 1996 3838 πατριάρ-

419 3873 512 3926 χου
537 3856 801 3912 Μεθοδίου
835 3857 1234 3930 χειροτονηθείς
1251 3858 1320 3912 ’⁸.

494 3947 596 4004 κα’.
624 3949 714 4020 Τῷ
746 3947 818 4002 ια’
850 3948 1014 4003 αὑτοῦ
1068 3949 1179 4002 ετει
1226 3946 1403 4013 κτίζει
1460 3952 1488 4004 ό
1519 3950 1770 4021 βασιλεὺς
1801 3953 1859 4004 ὲν
1915 3949 1993 4021 τῷ

425 4039 665 4113 παλατίῳ
684 4039 744 4094 τό
774 4041 1076 4112 Τρίκογχον
1107 4041 1204 4094 καὶ
1235 4039 1297 4094 τὸ
1349 4040 1644 4110 λεγόμενον
1674 4041 1855 4110 Σίγμα
1899 4043 1996 4095 καὶ

416 4130 515 4195 τὰς
541 4131 856 4203 άναόάθρας
888 4131 997 4185 τῶν
1025 4132 1236 4204 δήμων,
1267 4131 1448 4198 ἵστησι
1467 4131 1522 4184 δὲ
1553 4132 1648 4184 καὶ
1676 4131 1776 4201 τὴν
1796 4131 1994 4202 φιάλην

414 4226 471 4278 ἔν
546 4225 754 4295 γίνεται
781 4225 842 4279 τὸ
876 4224 1290 4294 σαξιμοδέξιμον
1320 4224 1632 4293 λεγόμενον,
1657 4225 1771 4278 τῶν
1809 4225 1995 4279 ἵππων

414 4306 742 4390 ἀμφοτέρων
790 4317 900 4374 τῶν
930 4317 1115 4390 μερῶν
1167 4319 1534 4390 διερχομένων
1592 4319 1731 4390 μετὰ
1776 4319 1995 4390 χρυσῶν

417 4411 794 4480 σαγισμάτων.
855 4410 993 4463 Ὑπὸ
1050 4409 1106 4462 δὲ
1163 4409 1225 4462 τὸ
1278 4408 1583 4481 Τρίκογχον
1640 4409 1886 4465 κάτωθεν
1909 4410 1997 4462 διὰ

418 4505 670 4576 μηχανῆς
701 4503 925 4573 ἐποίησε
947 4502 1008 4555 τὸ
1039 4502 1330 4571 λεγόμενον
1358 4503 1700 4574 Μυστήριον,
1738 4504 1798 4556 ὲν
1825 4495 1889 4570 ᾧ,
1937 4505 1995 4556 ὲν

411 4600 479 4668 τῇ
510 4597 611 4667 μιᾷ
639 4597 813 4666 γωνίᾳ
845 4595 873 4648 ὃ
896 4595 991 4647 ἐὰν
1018 4594 1146 4665 εἴπῃ
1184 4610 1268 4656 τις
1321 4596 1380 4647 ὲν
1414 4594 1703 4665 μυστηρίῳ
1756 4611 1995 4666 προσκε-

414 4687 625 4756 κυφὼς,
655 4685 974 4754 ἐξακούεται
1003 4687 1061 4738 ἐν
1088 4689 1155 4757 τῇ
1190 4686 1352 4757 ἑτέρᾳ
1393 4687 1664 4756 φανερῶς.

485 4867 590 4938 κβ¹.
632 4868 721 4920 Ἐν
742 4865 957 4929 τούτοις
1024 4864 1214 4935 μαθὼν
1244 4864 1506 4934 Θεόφιλος
1545 4864 1578 4918 ’ὁ
1619 4866 1873 4936 βασιλεὺς
1911 4868 1994 4921 ὅτι
2035 4910 2037 4912 ς

413 4959 692 5030 Θεοφάνης
724 4961 751 5012 ό
780 4957 888 5012 τῶν
913 4955 1385 5028 ἐκκλησιαστικῶν
1421 4957 1661 5010 κανόνων
1683 4957 1773 5010 καὶ
1808 4957 1995 5028 ὓμνων

413 5051 645 5123 ποιητὴς
691 5050 781 5122 [Ρ.
816 5050 944 5123 423]
1007 5051 1103 5105 καὶ
1155 5049 1430 5118 Θεόδωρος
1471 5049 1498 5100 ὁ
1540 5047 1706 5102 αὐτοῦ
1765 5049 1997 5120 ἁδελφὸς

414 5141 538 5196 καθ’
567 5143 794 5206 ἑαυτοὺς
829 5140 1030 5206 ζῶντες
1062 5139 1162 5210 τὴν
1191 5140 1449 5193 ἀσέϐειαν
1478 5139 1646 5194 αὐτοῦ
1671 5139 1996 5210 κωμῳδοῦσι

414 5232 517 5286 καὶ
543 5231 948 5303 διελέγχουσιν,
1005 5230 1215 5300 ἤγαγεν
1250 5230 1449 5293 αὐτοὺς
1489 5231 1626 5300 πρὸς
1655 5229 1842 5295 αὐτὸν,
1903 5233 1996 5284 καί

414 5340 579 5396 φησι·
611 5324 802 5380 Πόθεν
828 5322 1003 5387 ὲστέ;
1027 5323 1090 5374 Οἱ
1117 5321 1175 5374 δὲ
1203 5317 1357 5375 εἷπον
1391 5338 1404 5352 ο
1430 5324 1534 5377 Ἐκ
1555 5322 1990 5396 Παλαιστίνης.

415 5391 571 5471 ιςάιι
599 5413 856 5484 Θεόφιλος
878 5433 892 5446 ·
917 5415 1023 5469 Καὶ
1059 5413 1155 5468 διὰ
1186 5416 1242 5467 τί
1264 5415 1376 5482 τὴν
1410 5413 1531 5485 γῆν
1559 5415 1726 5485 ὑμῶν
1741 5391 1995 5484 ἀέρέντες

417 5509 517 5563 καὶ
553 5512 639 5574 εἰς
688 5508 804 5573 τὴν
845 5506 1139 5576 ἡμετέραν
1184 5507 1466 5574 ἐλθόντες
1520 5509 1592 5560 οὐ
1626 5505 1995 5575 πειθαρχεῖτε

417 5599 494 5670 τῇ
515 5601 808 5666 ,βασιλείᾳ
834 5618 994 5669 μους
1028 5601 1148 5653 Τῶν
1184 5601 1240 5654 δὲ
1294 5601 1460 5671 μηδὲν
1514 5600 1994 5670 ἀποκριναμένων,

2095 573 2203 627 que
2232 556 2402 611 nullis
2434 558 2698 614 aerumnis
2725 573 2790 612 ac
2830 559 3173 615 cruciatibus
3201 559 3400 614 adduci
3453 561 3663 630 potuis-

2095 659 2219 706 sent
2249 660 2311 705 ut
2334 651 2616 705 Christum
2642 661 2930 720 negarem,
2959 651 3143 722 gladio
3177 653 3303 708 cassi
3355 662 3506 718 sunt,
3559 668 3672 724 prae

2096 750 2450 810 temporanea
2503 740 2718 796 scilicet
2777 751 3041 796 mternam
3102 743 3272 797 vitam
3327 743 3668 798 adamantes.

2092 831 2367 886 Postridie
2422 829 2478 884 in
2519 831 2724 886 ﬂumen
2783 833 3026 902 projecta
3081 833 3368 888 cadavera.
3401 833 3671 902 Quodque

2092 939 2312 978 onmem
2361 923 2538 978 vincit
2593 923 3038 991 admirationem,
3081 924 3516 995 uniuscujusque
3583 921 3675 980 ab-

2092 1015 2324 1070 scissum
2368 1023 2534 1084 caput
2563 1029 2685 1069 cum
2736 1029 2836 1068 suo
2856 1022 3053 1068 trunco
3089 1015 3304 1066 unitum
3342 1020 3426 1067 est
3455 1028 3520 1068 ac
3542 1028 3676 1066 cou—

2092 1116 2343 1172 sertum;
2371 1122 2434 1161 ac
2469 1105 2835 1160 sicutanimae
2858 1106 3052 1160 in'uno
3096 1106 3386 1160 collocatae
3429 1101 3673 1174 paradisi

2089 1200 2234 1263 loco,
2274 1201 2354 1254 sic
2375 1207 2431 1254 et
2459 1214 2695 1268 corpora
2726 1207 3044 1253 sanctorum
3071 1214 3184 1254 uno
3217 1198 3414 1254 funere
3439 1215 3469 1252 ιι
3498 1197 3674 1252 fideli-

2092 1291 2196 1345 bus
2216 1291 2358 1344 elata
2380 1297 2528 1343 sunt.
2575 1288 2669 1344 liis
2709 1289 2953 1359 peractis
2995 1289 3163 1359 jussit
3221 1289 3676 1360 protosymbulus

2093 1390 2152 1435 ut
2180 1389 2234 1434 et
2260 1380 2475 1435 Buditzi
2506 1390 2670 1449 caput
2723 1380 3062 1444 auferretur,
3111 1379 3344 1433 dicens:
3393 1396 3511 1434 eum
3537 1397 3672 1449 quo-

2091 1490 2211 1544 que,
2235 1475 2280 1526 si
2305 1481 2476 1528 rectus
2513 1474 2695 1543 fuisset
2744 1472 3100 1535 Christianus,
3147 1488 3425 1542 nunquam
3475 1471 3672 1526 Maha-

2092 1568 2252 1621 methi
2292 1569 2458 1621 sacris
2510 1566 2847 1621 imbuendum
2879 1567 3011 1635 fore.
3069 1565 3170 1618 Illo
3209 1565 3395 1633 itaque
3429 1563 3671 1630 sublato,

2089 1661 2210 1729 ejus
2237 1659 2473 1714 cadaver
2501 1674 2609 1713 una
2635 1673 2760 1712 cum
2811 1657 3020 1712 sanctis
3059 1656 3391 1726 projectum,
3423 1661 3579 1708 extra
3607 1653 3674 1708 il-

2090 1750 2270 1804 lorum
2300 1758 2507 1804 struem
2551 1755 2832 1817 repertum
2865 1753 2949 1800 est
2975 1761 2987 1796 :
3028 1743 3124 1798 sed
3145 1752 3202 1797 et
3226 1749 3390 1811 caput
3415 1740 3608 1810 procul
3640 1756 3672 1794 a

2093 1852 2290 1897 trunco
2321 1850 2594 1896 semotum
2621 1847 2760 1901 erat,
2797 1852 2901 1892 nec
2935 1836 3094 1890 velut
3134 1835 3315 1903 capita
3354 1842 3671 1888 sanctorum

2092 1933 2172 1988 illi
2201 1932 2526 1987 cohmserat.
2563 1928 2831 1999 Projectis
2853 1942 3074 1997 quoque
3107 1924 3161 1978 in
3192 1925 3398 1979 ﬂumen
3422 1921 3673 1992 corpori-

2091 2026 2218 2087 bus.
2250 2039 2374 2078 cum
2404 2030 2724 2078 sanctorum
2741 2019 2925 2074 omnia
2945 2032 3177 2086 corpora
3212 2024 3494 2085 spectante
3513 2013 3672 2085 plebe

2091 2117 2254 2172 facile
2283 2119 2600 2170 enatassent
2627 2111 2794 2183 640
2838 2123 3170 2180 amnemque
3217 2114 3671 2170 transmeassent,

2091 2211 2213 2282 ejus
2234 2209 2402 2262 unius
2424 2221 2627 2276 corpus
2655 2202 2918 2260 crocodili
2954 2209 3194 2256 tractum
3219 2199 3673 2268 discerptumque

2094 2310 2381 2358 vorarunt.

2164 2397 2253 2452 20.
2278 2396 2481 2452 Leonis
2509 2402 2694 2450 autem
2724 2389 3044 2463 philosophi
3093 2387 3423 2456 discipulus,
3469 2383 3566 2454 qui
3617 2390 3676 2437 ct

2094 2489 2463 2562 proditionem
2497 2487 2873 2550 denuntiarat,
2909 2483 2976 2538 de
3000 2498 3098 2536 sua
3125 2479 3358 2536 scientia
3387 2477 3456 2532 ab
3480 2479 3676 2531 Amer-

2096 2597 2320 2637 mumne
2347 2582 2722 2650 interrogatus
2761 2576 2964 2632 Leonis
2997 2590 3056 2630 se
3093 2570 3412 2643 philosophi
3433 2568 3679 2638 discipu-

2095 2675 2210 2729 lum
2239 2672 2522 2742 professus
2552 2678 2658 2724 est.
2691 2670 2788 2723 llle
2830 2681 3022 2737 porro,
3053 2665 3146 2718 ubi
3179 2669 3425 2733 quantus
3453 2661 3540 2713 vir
3561 2658 3680 2714 Leo

2095 2771 2240 2818 esset
2269 2760 2500 2825 audivit,
2528 2761 2648 2830 ejus
2679 2756 2902 2812 videndi
2936 2754 3216 2809 desiderio
3263 2765 3532 2806 accensus
3581 2748 3677 2801 uni

2096 2855 2260 2910 alicui
2317 2856 2664 2923 captivorum
2720 2849 2867 2903 datis
2894 2846 3098 2901 litteris
3143 2844 3314 2899 Leoni
3342 2841 3682 2913 philosopho

2094 2951 2306 3020 Cpolim
2332 2947 2575 3017 scripsit,
2609 2953 2909 3013 sancteque
2942 2943 3022 2996 illi
3081 2939 3357 2996 secundas
3385 2939 3454 2992 ab
3484 2953 3542 2992 se
3573 2937 3677 2990 Ιιο-

2096 3042 2252 3097 noris
2273 3049 2456 3109 partes
2471 3036 2694 3092 obtulit.
2751 3035 2858 3089 Leo
2898 3033 3101 3088 litteris
3130 3032 3373 3101 acceptis
3393 3029 3461 3084 ad
3493 3030 3679 3084 Theo-

2093 3134 2307 3204 philum
2347 3130 2557 3184 retulit.
2592 3126 2935 3196 Theophilus
2977 3124 3263 3193 explorata
3285 3121 3393 3176 viri
3445 3121 3678 3176 scicntia

2093 3241 2158 3280 ac
2192 3223 2284 3278 ubi
2309 3231 2522 3276 tantum
2557 3218 2837 3274 hominem
2894 3225 3115 3269 nactum
3151 3228 3208 3268 se
3238 3213 3294 3267 in
3320 3211 3544 3267 civitate
3579 3225 3676 3265 co-

2094 3313 2303 3386 gnovit,
2344 3316 2691 3380 assumptum
2735 3307 2890 3360 illum
2938 3305 2995 3360 in
3024 3305 3228 3374 palatio
3283 3303 3338 3356 in
3385 3300 3678 3371 Magnaura

2095 3393 2465 3469 constituens,
2517 3403 2783 3472 omnique
2816 3400 3032 3455 donans
3093 3395 3468 3460 immunitate,
3523 3393 3680 3460 inge-

2095 3498 2460 3555 nuosissimos
2483 3495 2862 3550 adolescentes
2892 3490 3216 3560 disciplinas
3265 3487 3468 3543 docere
3492 3484 3678 3555 jussit.

2096 3594 2200 3650 Hic
2248 3601 2440 3663 postea
2492 3587 2902 3644 Thessalonicae
2963 3581 3315 3653 metmpolita
3357 3586 3599 3643 creatus,
3648 3593 3678 3630 a

2095 3685 2446 3744 sanctissimo
2479 3681 2793 3754 patriarcha
2831 3677 3114 3734 Methodio
3145 3675 3318 3748 gradu
3365 3680 3550 3728 motus
3573 3679 3677 3726 est.

2167 3954 2260 4010 2i.
2290 3957 2450 4010 Anno
2484 3952 2608 4023 ejus
2657 3950 2954 4006 undecimo
3004 3947 3242 4004 exstruit
3289 3945 3590 4016 imperator
3627 3945 3681 3998 in

2098 4046 2302 4118 palatio
2325 4044 2700 4100 Triconchum
2732 4042 3074 4107 cubiculum,
3118 4047 3175 4095 et
3203 4040 3353 4109 quod
3386 4039 3568 4108 Sigma
3590 4052 3684 4092 vo-

2099 4147 2248 4203 cant,
2279 4137 2592 4209 gradusque
2616 4150 2681 4191 ac
2709 4133 2971 4190 subsellia
2992 4131 3316 4197 factionum.
3345 4129 3526 4184 Struit
3547 4145 3682 4184 vero

2099 4232 2264 4287 etiam
2301 4229 2570 4294 Phialam,
2619 4229 2674 4282 in
2721 4242 2829 4297 qua
2862 4224 2921 4279 lit
2966 4223 3116 4295 quod
3179 4221 3682 4278 Saximodeximum

2099 4329 2322 4388 vocant,
2358 4332 2716 4390 utrarumque
2749 4319 2988 4390 partium
3041 4317 3202 4386 equis
3241 4315 3682 4376 transeuntibus,

2101 4415 2288 4472 aureis
2332 4413 2581 4471 instratis
2616 4411 2898 4484 stragulis.
2929 4410 3046 4465 Sub
3093 4409 3407 4464 Triconclio
3447 4407 3685 4462 inferius

2103 4517 2313 4566 structa
2345 4506 2600 4562 machina
2639 4504 2792 4570 fecit,
2818 4503 2966 4574 quod
2999 4511 3198 4558 vocant
3249 4501 3597 4574 Mysterium;
3629 4501 3682 4554 in

2099 4600 2262 4673 641
2289 4614 2422 4669 quo,
2466 4596 2739 4668 quidquid
2773 4595 2976 4665 aliquis
3006 4593 3064 4648 in
3090 4609 3203 4648 uno
3226 4592 3428 4664 angulo
3452 4606 3572 4646 sese
3599 4591 3685 4645 in-

2103 4694 2322 4748 clinans
2346 4697 2566 4746 secreto
2586 4688 2810 4743 locutus
2832 4686 3024 4750 fuerit,
3052 4686 3109 4740 in
3137 4685 3246 4741 alio
3274 4685 3425 4741 clare
3456 4683 3685 4739 exaudi-

2104 4795 2214 4839 tur.

2175 4875 2266 4932 9.2.
2295 4877 2444 4931 inter
2479 4877 2597 4930 haec
2643 4881 2929 4943 comperto
2987 4872 3333 4942 Theophilus
3389 4872 3688 4940 imperator

2104 4968 2499 5038 Theophanem
2525 4965 3029 5022 ecclesiasticarum
3052 4976 3328 5019 canonum
3358 4976 3422 5016 ac
3445 4962 3689 5015 cantico-

2104 5079 2226 5118 rum
2259 5070 2562 5126 auctorem,
2594 5075 2720 5115 cum
2749 5060 3044 5115 Theodoro
3073 5057 3266 5120 fratre,
3319 5069 3507 5108 secum
3538 5052 3688 5122 ipsos

2104 5160 2331 5224 agentes
2359 5151 2508 5206 illius
2542 5150 2885 5220 impietatem
2916 5147 3179 5217 sugillare
3205 5160 3272 5200 ac
3301 5159 3554 5214 arguere,
3580 5143 3684 5197 sibi

2103 5242 2228 5296 illos
2266 5240 2385 5295 sisti
2417 5238 2609 5309 jubet,
2643 5238 2870 5309 aitque:
2925 5234 3074 5292 Unde
3122 5233 3296 5288 estis?
3329 5232 3500 5286 Aiunt
3550 5229 3632 5284 illi
3669 5249 3684 5284 :

2105 5329 2191 5384 Ea:
2239 5327 2555 5383 Palaestina.
2603 5326 2744 5380 Tum
2793 5323 3180 5393 Theophilus:
3217 5320 3355 5386 Quid
3403 5335 3577 5374 causa
3611 5327 3686 5372 ut

2106 5437 2200 5473 cur
2225 5436 2344 5473 cum
2366 5419 2542 5489 patria
2575 5417 2760 5470 relicta
2789 5417 2845 5469 in
2867 5415 3045 5468 urbem
3070 5413 3336 5476 veneritis,
3363 5428 3562 5466 morem
3583 5427 3687 5464 non

2103 5512 2304 5581 geratis
2329 5527 2455 5564 mea:
2474 5509 2743 5580 majestati
2765 5507 3012 5574 ?Quihus
3031 5506 3167 5560 nihil
3199 5503 3684 5574 respondentibus,

2105 5614 2299 5654 eorum
2330 5598 2467 5663 dure
2495 5597 2662 5652 facies
2703 5597 2913 5666 percuti
2961 5597 3139 5668 jubet.
3184 5595 3320 5647 Tum
3363 5591 3572 5646 taurcis
3620 5591 3686 5646 ad

1696 5693 1932 5748 Vitille
1985 5693 2387 5747 LECTIONES.

493 5785 539 5816 ⁸⁸
570 5785 913 5856 καθαιρεθεὶς
943 5802 1130 5856 margo
1157 5785 1216 5839 Ρ.
