4094 6420
414 373 517 434 ἿΟἿ

1609 366 1988 427 Sl’fsiEONIS
2026 366 2394 424 MAGISTRI

3568 370 3675 431 708

413 496 498 539 est
560 484 756 538 domus
812 482 1120 553 hospitalis,
1173 496 1337 551 quam
1382 495 1530 533 nunc
1564 479 1858 547 Theophili
1901 494 1996 531 vo-

2101 476 2324 543 ξενῶνα,
2358 480 2450 529 τὸν
2486 476 2578 529 νῦν
2609 477 2870 545 Θεοφίλου
2901 480 3216 548 λεγόμενον,
3270 475 3417 531 οἷκον
3467 478 3565 549 μὲν
3608 483 3676 533 τά

414 584 577 639 cant;
630 561 963 641 fueruntque
1013 572 1257 639 primum
1314 569 1510 623 Isidori
1553 569 1775 638 patricii
1824 568 1988 629 :edes,

412 664 534 735 ejus
593 664 689 733 qui
756 662 931 717 Roma
984 677 1113 716 cum
1161 661 1388 732 Olybrio
1418 660 1569 714 venit
1627 659 1992 714 Constantino

415 772 610 827 magno
637 759 1007 827 imperatore;
1056 756 1357 825 multisque
1387 754 1648 822 deinceps
1683 753 1839 807 annis
1888 752 1991 805 im-

413 852 689 920 peratoris
712 850 944 905 addicta:
968 849 1121 913 fisco,
1144 848 1413 902 nobilium
1442 846 1639 900 scortis
1665 845 1991 897 feminarum

415 942 792 996 habitaculum
824 941 1130 1010 praebuere.
1168 939 1351 992 Leone
1382 945 1566 990 autem
1599 936 1788 988 Isauro
1822 933 1994 1003 impe-

416 1041 639 1097 ratore,
685 1048 807 1102 quae
851 1032 997 1086 ardes
1048 1031 1282 1099 lupanar
1332 1035 1524 1088 erant,
1562 1026 1618 1079 in
1666 1026 1992 1094 hospitalem

416 1124 642 1178 domum
679 1131 987 1178 cesserunt.
1041 1120 1180 1175 Exin
1213 1119 1577 1173 Constantino
1626 1117 1809 1170 Ireues
1857 1116 1990 1177 ﬁlio,

416 1210 839 1285 posteaquama
873 1219 1046 1265 matre
1076 1218 1381 1265 excmcatus
1423 1209 1624 1273 fuerat,
1670 1208 1869 1262 domus
1894 1223 1992 1260 ex-

418 1306 634 1360 stitere.
694 1304 859 1375 65,6
911 1302 1029 1367 Quo
1060 1301 1325 1355 defuncto
1348 1301 1497 1353 illius
1525 1316 1660 1354 uxor
1695 1297 1995 1352 sanctimo-

419 1397 579 1451 nialis
607 1396 918 1449 institutum
947 1395 1220 1463 amplexa,
1248 1393 1645 1448 monasterium
1662 1390 1992 1453 construxit,

414 1505 477 1545 ac
505 1490 785 1545 Metanoeae
825 1490 901 1559 (ill
933 1498 1017 1543 est
1045 1490 1410 1559 poenitentiae)
1460 1488 1817 1558 nuncupavit.
1866 1487 1993 1540 Tri-

415 1582 565 1635 clinii
591 1582 758 1651 igitur
784 1582 1021 1636 maxima
1056 1585 1342 1639 confracta
1368 1584 1554 1637 trabes
1579 1583 1796 1636 ruinam
1823 1581 1996 1633 mina-

414 1672 595 1725 batur.
654 1672 1117 1728 Sanctimoniales
1178 1690 1311 1729 vero
1363 1674 1485 1728 illac
1537 1673 1643 1727 iter
1700 1672 1995 1726 habentem

414 1764 784 1833 Theophilum
807 1779 969 1836 opem
1002 1766 1149 1821 ferre
1176 1775 1461 1837 rogarunt.
1488 1766 1583 1820 Ille
1610 1766 1794 1833 itaque
1829 1773 1996 1833 caput

2100 571 2295 639 πρῶτα
2362 570 2624 639 γεγονότα
2707 571 2979 641 Ἰσιδώρου
3052 573 3341 642 πατρικέου
3409 572 3502 624 τοῦ
3570 574 3677 626 ἀπὸ

2116 662 2337 733 Ῥώμης
2373 664 2512 731 μετὰ
2577 663 2860 734 Ὀλυϐρίου
2913 664 3229 727 ἀνελθόντος
3264 666 3356 718 ἐπὶ
3389 668 3679 718 Κωνσταν-

2100 754 2244 805 τίνου
2297 754 2389 807 τοῦ
2442 757 2681 824 μεγάλου
2715 796 2730 820 ,
2792 758 2929 827 μετὰ
2986 758 3042 809 δὲ
3107 758 3334 827 χρόνους
3390 759 3678 813 ἐκδοθέντα

2100 845 2447 915 κουρατὼρια
2494 850 2573 909 εἰς
2608 849 2669 900 τὸ
2712 850 2988 902 κατοικεῖν
3032 850 3208 901 ἐκεῖσε
3250 842 3515 916 γυναῖκας
3570 849 3678 901 τῶν

2100 939 2336 1005 εὐγενῶν
2398 940 2473 1010 μὴ
2524 940 2728 1003 εἰδυίας
2771 942 3092 1011 σωφρονεῖν.
3181 941 3304 993 Ἐπὶ
3354 940 3409 993 δὲ
3450 941 3675 1003 Λέοντος

2098 1031 2193 1083 τοῦ
2248 1032 2492 1102 Ἰσαύρου
2558 1032 2884 1104 ξενοδοχεῖον
2947 1034 3049 1087 ὑπ’
3105 1034 3274 1088 αὐτοῦ
3319 1035 3382 1085 ἐκ
3419 1033 3671 1102 πορνείου

2102 1123 2490 1193 ἐχρημάτισεν.
2530 1122 2662 1177 Εἶτα
2694 1125 2917 1193 γέγονεν
2952 1122 3099 1188 οἶκος
3135 1122 3545 1178 Κωνσταντίνου
3576 1124 3673 1191 τῆς

2102 1213 2339 1284 Εἰρήνης
2375 1216 2492 1268 υἱοῦ
2548 1217 2684 1286 μετά
2718 1218 2817 1286 τὴν
2866 1218 2971 1270 ὑπὸ
3002 1218 3102 1288 τῆς
3141 1217 3344 1287 μητρὸς
3392 1218 3676 1283 γεγονυῖαν

2101 1306 2180 1366 εἰς
2214 1306 2375 1359 αὑτὸν
2400 1306 2695 1375 τύφλωσιν.
2743 1309 3185 1379 Τελευτήσαντος
3213 1309 3268 1361 δὲ
3290 1307 3453 1359 αὐτοῦ
3486 1307 3677 1377 ήγυνὴ

2101 1395 2266 1446 αὑτοῦ
2312 1396 2595 1464 μονάσασα
2641 1399 3007 1468 μοναστήριον
3056 1398 3220 1451 αὐτὸν
3270 1396 3677 1450 κατεσκεύασεν

2102 1487 2197 1539 καὶ
2226 1490 2295 1538 τὰ
2328 1488 2635 1551 Μετανοίας
2673 1489 2954 1543 ἐκάλεσεν.
2980 1488 3144 1542 Ξύλον
3172 1484 3264 1543 οὖν
3297 1490 3552 1559 μέγιστον
3580 1486 3675 1539 τοῦ

2101 1579 2378 1649 τρικλίνου
2423 1582 2770 1635 ἀποκλασθὲν
2818 1584 3034 1652 ἠπείλει
3080 1584 3306 1647 πτῶσιν,
3340 1585 3393 1635 αί
3426 1582 3482 1633 δὲ
3510 1580 3675 1649 μονά-

2103 1671 2289 1735 ζουσαι
2341 1673 2436 1724 τοῦ
2495 1672 2760 1743 βασιλέως
2836 1674 2921 1746 [Ρ.
2966 1675 3094 1747 428]
3136 1675 3486 1746 διερχομένου
3546 1674 3677 1742 περὶ

2101 1760 2265 1813 αὑτοῦ
2301 1761 2619 1833 ἐδεήθησαν.
2653 1764 2945 1829 Ἐκνεύσας
2973 1766 3064 1820 οὖν
3093 1766 3292 1819 καὶτὸν
3310 1761 3455 1819 οἷκον
3476 1764 3676 1818 θεασά-

415 1852 778 1920 protendens,
814 1856 1152 1925 domumque
1182 1855 1535 1925 conspiciens
1567 1870 1631 1908 ac
1660 1870 1725 1908 ea
1757 1854 1996 1907 delecta-

2104 1870 2262 1922 μενος
2305 1855 2399 1907 καὶ
2428 1857 2679 1926 ἀρεσθεὶς
2716 1860 3012 1928 μετοικίζει
3058 1859 3158 1929 μὲν
3207 1858 3306 1921 τὰς
3336 1856 3678 1927 μοναζούσας

416 1956 522 2008 tus,
567 1947 1083 2002 sanctimonialibus
1119 1948 1171 2002 in
1206 1948 1355 2002 aliud
1387 1946 1782 2001 monasterium
1817 1941 1995 1998 trans-

415 2037 565 2106 latis,
606 2040 896 2109 omnisque
920 2040 1139 2110 generis
1174 2049 1372 2094 ornatu
1410 2040 1628 2094 exculta
1671 2038 1857 2099 domo,
1897 2052 1996 2105 pe-

418 2133 652 2203 regrinis
676 2132 1023 2202 excipiendis
1077 2132 1369 2201 hospitalis
1428 2132 1537 2185 ritu
1593 2146 1715 2185 eam
1766 2130 1995 2193 addixit,

416 2224 723 2294 opibusque
754 2240 819 2279 ac
848 2225 1113 2295 pomeriis
1144 2224 1535 2293 locupletatam
1571 2223 1863 2291 TheOphili
1900 2238 1996 2275 vo-

417 2318 581 2371 cavit.

482 2433 572 2486 27.
597 2429 932 2501 Dysenteriaa
954 2436 1137 2483 autem
1166 2428 1359 2481 morbo
1386 2427 1645 2481 laborans
1674 2427 1994 2496 imperator,

417 2520 646 2589 ejusque
674 2518 897 2587 gravius
921 2518 1208 2571 doloribus
1230 2517 1530 2579 cruciatus,
1555 2517 1843 2570 consilium
1874 2533 1996 2570 eum

418 2611 541 2666 suis
598 2609 910 2680 gregalibus
962 2610 1029 2663 de
1075 2608 1414 2678 Thcophobo
1468 2610 1631 2663 Persa
1684 2609 1804 2661 init.
1859 2608 1995 2663 Cum

417 2697 565 2751 enim
600 2712 709 2750 non
743 2698 982 2751 nesciret
1006 2697 1177 2750 multa
1218 2711 1343 2750 eum
1370 2697 1514 2766 apud
1542 2698 1753 2760 Persas,
1782 2700 1913 2767 quin
1943 2708 1999 2753 et

418 2788 559 2857 apud
588 2804 875 2857 procerum
900 2804 1009 2842 non
1044 2804 1267 2857 paucos,
1297 2790 1503 2858 pollere
1536 2788 1640 2842 fide
1666 2791 1840 2859 iisque
1867 2792 1998 2844 cha-

419 2880 696 2934 rissimum
729 2896 871 2945 esse,
912 2881 1095 2937 timuit
1128 2898 1195 2936 ne
1230 2883 1371 2937 forte
1402 2883 1521 2953 ipso
1553 2884 1690 2936 vivis
1719 2893 1993 2953 exempto,

418 2984 602 3041 spreto
652 2972 919 3028 Michaele
974 2974 1110 3040 filio,
1162 2975 1381 3044 imperii
1432 2975 1608 3029 fasces
1657 2975 1996 3045 ThCOphObO

2099 1951 2157 2002 ὲν
2179 1948 2341 2018 ἑτέρᾳ
2371 1954 2527 2020 μονῇ,
2552 1953 2715 2006 αὐτὸν
2743 1952 2801 2005 δὲ
2836 1952 3025 2023 κόσμῳ
3058 1950 3299 2021 παντοίῳ
3329 1949 3674 2011 καλλωπίσας

2103 2041 2311 2105 ξενῶνα
2348 2046 2671 2116 πεποίηκεν,
2701 2046 2918 2109 ἐπιδοὺς
2941 2048 3200 2118 χρήματα
3221 2046 3317 2099 καὶ
3347 2046 3673 2115 προάστεια,
3747 2081 3759 2092 ,

2102 2136 2192 2185 καὶ
2220 2135 2285 2186 τὰ
2314 2135 2574 2203 Θεοφίλου
2606 2138 2970 2206 ἐπονομάσας.

2172 2425 2273 2487 κζ’.
2311 2418 2686 2495 Δυσεντερικῷ
2705 2425 2761 2478 δὲ
2796 2427 3063 2495 νοσήματι
3100 2426 3428 2497 περιπαρεὶς
3459 2425 3487 2477 ό
3522 2425 3675 2495 βασι-

2100 2516 2224 2579 λεὺς
2258 2517 2454 2587 βουλὴν
2487 2517 2798 2587 βουλεύεται
2841 2520 2980 2587 μετὰ
3010 2520 3120 2572 τῶν
3155 2520 3473 2589 ὁμοφρόνων
3510 2516 3672 2570 αὐτοῦ

2102 2610 2228 2679 περὶ
2270 2610 2541 2678 Θεοφόϐου
2576 2610 2671 2662 τοῦ
2718 2610 2953 2680 Πέρσου.
3014 2609 3183 2671 Εἰδὼς
3224 2610 3332 2679 γὰρ
3357 2611 3439 2661 ὅτι
3473 2606 3677 2677 πολλὴν

2100 2700 2281 2751 πίστιν
2318 2702 2411 2752 καὶ
2454 2699 2674 2769 ἀγάπην
2717 2700 2930 2769 ἔχουσιν
2960 2700 3039 2762 είς
3064 2699 3227 2752 αὐτὸν
3259 2701 3310 2751 οἱ
3352 2700 3556 2768 Πέρσαι
3580 2699 3675 2749 καὶ

2098 2792 2163 2842 ὲκ
2194 2791 2301 2843 τῶν
2332 2793 2387 2843 ἐν
2423 2791 2568 2844 τέλει
2612 2792 2711 2844 ούκ
2741 2791 2935 2859 ὀλίγοι,
2973 2790 3216 2861 ἐφοϐήθη
3249 2793 3322 2860 μή
3356 2807 3471 2853 πως
3506 2787 3673 2842 αὐτοῦ

2097 2882 2520 2953 τελευτήσαντος
2550 2882 2713 2935 αὑτὸν
2738 2884 3122 2953 καταστήσωσι
3164 2881 3411 2952 βασιλέα,
3445 2880 3536 2932 τὸν
3562 2878 3675 2931 υἱὸν

2099 2973 2265 3027 αὐτοῦ
2302 2974 2520 3044 Μιχαὴλ
2558 2974 2951 3043 ἀπωσάμενοι*
2991 2974 3084 3026 καὶ
3116 2971 3440 3034 ἀποστείλας
3464 2971 3673 3038 ἤγαγεν

420 3064 719 3121 deferrent.
777 3065 998 3121 Mittens
1046 3068 1231 3137 itaque
1285 3067 1339 3120 in
1390 3068 1650 3136 palatium
1687 3068 1985 3124 adductum

2101 3064 2257 3118 αὐτὸν
2296 3066 2352 3117 ἐν
2391 3065 2469 3133 τῷ
2514 3064 2761 3134 παλατίῳ
2808 3064 2903 3117 καὶ
2946 3065 3005 3117 ἐν
3057 3064 3289 3135 τηρήσει
3320 3060 3487 3130 εἶχεν.
3542 3058 3673 3112 Εἶτα

417 3170 543 3210 eum
584 3158 687 3213 sub
721 3158 967 3212 custodia
1011 3157 1270 3211 habebat.
1331 3158 1540 3212 Exinde
1581 3158 1994 3229 ingravescente

414 3250 617 3303 morbo
647 3250 897 3305 cervices
933 3250 1011 3305 illi
1048 3250 1297 3315 abscindi
1328 3252 1505 3321 jubet.
1558 3252 1872 3321 Videasque
1904 3269 1997 3305 ex-

418 3350 628 3393 sectum
662 3351 847 3409 caput,
906 3340 1052 3405 1am,
1088 3341 1288 3410 inquit,
1326 3342 1647 3412 Tlaeopltobe,
1690 3350 1800 3395 tum
1847 3353 1900 3395 tu
1941 3345 1996 3396 in

415 3429 543 3483 vivis
570 3445 677 3483 esse
716 3432 938 3495 desiisli,
985 3441 1095 3485 tum
1126 3450 1219 3502 ego
1245 3436 1383 3486 curis
1414 3434 1616 3487 solutus
1656 3451 1806 3498 sum;
1846 3435 1996 3489 diro-

418 3536 526 3589 que
554 3536 678 3574 mox
710 3523 961 3576 cruciatu
996 3524 1136 3577 male
1169 3524 1421 3593 spiritum
1473 3525 1710 3595 abrupit.
1772 3526 1903 3596 Ejus
1941 3526 1997 3579 in

419 3608 519 3663 SS.
552 3608 938 3677 Apostolorum
969 3611 1173 3664 elatum
1207 3611 1393 3675 funus,
1432 3611 1757 3681 Theophobi
1785 3611 1839 3664 in
1880 3613 1999 3681 ejus

419 3701 645 3755 domum
688 3716 861 3770 prope
920 3702 1170 3757 Narsetis
1224 3704 1388 3757 aedes.
1452 3704 1600 3757 Inter
1654 3703 1770 3758 hazc
1816 3702 1999 3757 Persis

420 3792 849 3860 quuirentibus
900 3792 1303 3859 'l'beOphobum
1334 3793 1525 3863 ,.quid
1565 3793 1754 3863 utique
1796 3793 1890 3847 illo
1920 3793 1999 3846 fa-

419 3894 569 3938 ctum
604 3894 774 3949 esset,
830 3887 1013 3938 vivere
1060 3900 1186 3939 eum
1219 3885 1273 3938 in
1315 3885 1516 3955 palatio
1554 3884 1719 3939 aulici
1749 3901 2000 3940 asserue-

420 3983 571 4029 runt.
635 3975 800 4048 647
850 3975 1176 4031 Percrebuit
1226 3976 1495 4030 hactenus
1557 3991 1621 4031 ea
1668 3976 1808 4031 fama
1851 3976 1997 4047 apud

422 4066 638 4133 Persas,
700 4066 1100 4136 Theophobum
1147 4065 1569 4136 haudquaquam
1631 4078 1865 4121 mortem
1903 4083 2001 4138 gu-

421 4164 616 4213 susse.

554 4293 921 4347 Romanorum
947 4293 1239 4361 imperator
1261 4292 1486 4345 Michael
1517 4301 1565 4345 et
1591 4291 1877 4347 Theodoro.

2101 3156 2359 3227 βαρηθεὶς
2384 3156 2489 3208 ὑπὸ
2516 3157 2615 3225 τῆς
2634 3155 2789 3207 νόσου
2814 3155 3144 3226 προστάσσει
3171 3150 3675 3221 ἀποκεφαλιοθῆναι

2100 3248 2279 3301 αὐτόν.
2314 3249 2420 3301 Καὶ
2451 3248 2548 3317 τὴν
2579 3247 2822 3317 κεφαλὴν
2854 3247 2978 3300 ἰδὼν
3011 3246 3115 3315 ἔφη
3142 3260 3155 3274 ·
3180 3245 3365 3311 "Apta,
3396 3242 3673 3310 Θεόφοϐε,

2098 3340 2198 3394 καί
2249 3341 2330 3395 σὺ
2380 3340 2690 3405 ἀνεπαὺης
2745 3341 2844 3392 καὶ
2905 3337 3019 3407 ἐγὼ
3075 3338 3517 3405 ἀπεφρόντισα.
3566 3334 3677 3385 Καὶ

2099 3431 2260 3494 εὐθὺς
2285 3431 2345 3484 τὸ
2368 3431 2585 3499 πνεῦμα
2616 3429 2780 3485 αὐτοῦ
2812 3430 2999 3493 κακῶς
3021 3431 3114 3483 καὶ
3132 3428 3405 3498 ὀδυνηρῶς
3430 3426 3677 3498 ἀπέρρη-

2102 3524 2179 3589 ξε.
2247 3525 2320 3577 Τὸ
2365 3524 2421 3576 δὲ
2470 3525 2630 3594 σῶμα
2677 3522 2841 3578 αὐτοῦ
2887 3526 2965 3586 εἰς
3019 3523 3109 3575 τὸν
3152 3522 3283 3574 ναὸν
3318 3520 3427 3573 τῶν
3477 3519 3675 3585 Ἀγίων

2113 3610 2450 3666 Ἀποστόλων
2494 3608 2865 3681 ἀπεκομίσθη,
2907 3610 2968 3661 τὸ
2992 3607 3049 3662 δὲ
3073 3606 3166 3659 τοῦ
3198 3606 3470 3672 Θεοφόϐου
3508 3605 3567 3656 ἐν
3594 3601 3674 3673 τῷ

2099 3703 2233 3772 οἴκῳ
2263 3702 2426 3757 αύτοῦ
2457 3703 2685 3774 πλησίον
2720 3704 2829 3755 τῶν
2870 3700 3115 3771 Ναρσοῦ.
3161 3701 3284 3753 Ἐπὶ
3327 3698 3535 3760 τούτοις
3567 3696 3674 3749 τῶν

2102 3795 2325 3861 Περσῶν
2348 3796 2756 3864 ἐπιζητούντων
2785 3794 2877 3847 τὸν
2904 3792 3193 3860 Θεόφοϐον,
3227 3792 3277 3844 τί
3317 3792 3423 3861 ἄρα
3458 3790 3673 3857 γέγονε,

2100 3888 2149 3939 οἱ
2184 3888 2276 3939 τοῦ
2314 3887 2581 3957 βασιλέως
2628 3887 2850 3939 ἔπεισαν
2885 3884 3082 3947 αὐτοὺς
3112 3887 3168 3938 ἐν
3198 3884 3275 3955 τῷ
3306 3882 3553 3952 παλατίῳ
3594 3881 3675 3933 δι-

2101 3977 2377 4031 αιτᾶσθαι.
2441 3975 2628 4047 Τούτῳ
2657 3975 2734 4045 τῷ
2760 3979 2947 4044 τρόπῳ
2979 3975 3332 4044 διαϐεϐόηται
3362 3973 3511 4042 παρὰ
3536 3970 3675 4041 Πέρ-

2102 4083 2223 4131 σαις
2254 4068 2381 4137 ἄχρι
2411 4067 2518 4120 τῶν
2547 4060 2649 4120 ὧδε
2691 4067 2898 4137 χρόνων
2959 4066 3191 4120 θανάτου
3253 4065 3329 4137 μὴ
3375 4060 3675 4133 γεύσασθαι

2098 4158 2191 4211 τὸν
2220 4160 2509 4227 Θεόιροϐον.

2220 4298 2521 4366 Ῥωμαίων
2538 4297 2841 4363 ,βασιλεὺς
2878 4298 3120 4367 Μιχαὴλ
3153 4295 3250 4349 καί
3278 4295 3565 4363 Θεοδώρα.

416 4408 419 4413 1
493 4432 546 4489 Ι.
589 4430 781 4487 Mundi
811 4446 991 4486 annus
1023 4429 1185 4493 6335,
1214 4429 1414 4484 divinae
1448 4429 1843 4485 incarnationis
1872 4429 1995 4496 855,

2176 4424 2245 4470 α’.
2272 4415 2493 4483 Κόσμου
2530 4414 2650 4475 ἔτος
2680 4413 2854 4479 ,ςτλέ,
2896 4414 2995 4481 τῆς
3022 4412 3173 4476 θείας
3199 4410 3528 4483 σαρκώσεως
3560 4407 3678 4471 ἔτος

420 4527 792 4580 Romanorum
828 4522 1129 4590 imperator
1165 4520 1393 4574 Michael
1420 4531 1476 4574 et
1504 4521 1792 4576 Theodora
1824 4536 1998 4576 annos

421 4616 512 4679 Η,
550 4612 783 4667 Michael
825 4612 977 4666 solus
1007 4628 1182 4667 annos
1210 4612 1294 4675 10,
1330 4612 1531 4667 Basilio
1556 4613 1764 4684 collega
1792 4629 1996 4667 annum

422 4708 475 4769 l,
506 4718 730 4758 menses
759 4705 812 4765 4,
853 4702 1017 4757 simul
1051 4718 1226 4757 annos
1254 4704 1343 4767 27,
1374 4718 1594 4758 menses
1626 4705 1677 4757 4.
1708 4704 1999 4759 Theodora

418 4807 544 4846 cum
577 4791 667 4859 pia
700 4800 848 4845 esset
875 4800 931 4844 et
962 4790 1141 4844 ﬁdelis
1171 4800 1227 4845 et
1257 4792 1583 4858 orthodoxa,
1603 4794 1801 4847 marito
1820 4795 1999 4849 adhuc

420 4884 476 4937 in
522 4882 665 4937 vivis
695 4889 889 4953 agente
920 4896 1107 4937 sacras
1141 4882 1409 4954 imagines
1436 4885 1651 4939 colebat
1681 4899 1743 4937 ac
1775 4899 2002 4939 venera-

416 4973 601 5030 batur.
668 4972 797 5027 Ilac
833 4987 931 5026 sua
970 4972 1089 5041 ipsa
1122 4973 1423 5038 sententia,
1464 4975 1740 5043 simulque
1784 4975 1860 5029 illi
1896 4991 1997 5029 au-

418 5069 572 5119 ctore
622 5074 679 5119 et
727 5063 984 5118 hortante
1018 5064 1343 5119 Theoctisto
1377 5064 1609 5119 canielei
1654 5066 1909 5134 praefecto
1942 5076 1999 5121 et

416 5153 722 5225 Iogotheta,
760 5154 989 5223 impium
1037 5155 1407 5223 patriarcham
1455 5154 1721 5208 Joannem
1752 5156 1997 5210 Ecclesia

426 5248 599 5318 ejicit.
632 5249 850 5302 tametsi
891 5249 1011 5317 ejus
1034 5256 1317 5315 compater
1343 5256 1482 5309 erat,
1522 5254 1683 5314 atque
1717 5248 1771 5301 in
1805 5264 1996 5302 mona-

415 5338 648 5394 sterium
708 5337 1011 5407 quoddam,
1074 5337 1221 5405 quod
1254 5336 1490 5391 Clidium
1520 5345 1719 5389 vocant
1777 5339 1844 5391 ad
1876 5338 1999 5393 Ste-

416 5446 572 5495 num,
621 5431 817 5484 exsilio
846 5431 1074 5499 relegat.
1118 5429 1237 5482 Illic
1276 5443 1463 5497 agens,
1512 5443 1636 5481 cum
1663 5428 1867 5483 Christi
1902 5430 1997 5484 Dei

415 5521 596 5577 nostri
644 5528 957 5587 sanctzeque
982 5520 1249 5587 Deiparaz,
1282 5534 1496 5572 necnon
1526 5519 1765 5573 caelestis
1794 5520 2001 5574 militiae

418 5608 732 5676 principum
786 5608 1123 5679 imaginibus
1177 5609 1369 5663 oculos
1426 5610 1734 5673 effodisset,
1782 5611 1836 5664 in
1875 5627 1996 5665 eam

422 5699 749 5751 sententiam
785 5699 1074 5754 Theodora
1114 5700 1273 5765 ierat,
1307 5710 1367 5754 ut
1398 5711 1455 5755 et
1497 5702 1575 5756 illi
1609 5702 1814 5757 lumina
1863 5703 1998 5757 effo-

424 5787 597 5840 deret.
642 5789 843 5843 Verum
891 5808 1002 5845 non
1049 5793 1302 5847 siverunt
1358 5810 1590 5865 quorum
1628 5810 1714 5849 res
1764 5797 1997 5850 consilio

2103 4504 2247 4573 ωλε’,
2290 4506 2575 4575 Ῥωμαίων
2622 4505 2873 4573 βασιλεὺς
2920 4505 3138 4577 Μιχαὴλ
3172 4508 3266 4559 καὶ⁵
3302 4504 3550 4575 Θεοδὼρα
3582 4502 3678 4571 ἐτη

2104 4595 2184 4660 ιδ’,
2224 4598 2384 4667 μόνος
2416 4596 2509 4667 ἐτη
2547 4594 2634 4667 ιβ’,
2667 4598 2763 4651 καὶ
2795 4598 2891 4651 σὺν
2942 4598 3211 4669 Βασιλείῳ
3246 4598 3365 4660 ἔτος
3409 4603 3456 4650 α’
3505 4597 3678 4665 μῆνας

2100 4686 2163 4749 δ’,
2219 4686 2356 4758 ὁμοῦ
2403 4686 2500 4757 ἔτη
2535 4687 2617 4751 κζ’
2656 4688 2831 4758 μῆνας
2878 4686 2939 4741 δ’.
3016 4688 3084 4741 'Il
3137 4686 3388 4753 Θεοδώρα
3449 4683 3678 4747 εὐσεϐὴς

2100 4776 2232 4833 οὖσα
2274 4780 2366 4832 καὶ
2403 4780 2569 4850 πιστὴ
2601 4783 2693 4834 καὶ
2733 4779 3012 4849 ὀρθόδοξος
3051 4780 3129 4831 ἔτι
3164 4776 3256 4828 τοῦ
3284 4774 3471 4842 ἀνδρὸς
3508 4771 3677 4837 αὐτῆς

2103 4873 2387 4941 περιόντος
2421 4872 2596 4943 λάθρα
2631 4874 2730 4936 τὰς
2779 4874 2940 4938 ἁγίας
2982 4871 3198 4928 εἰκόνας
3237 4864 3399 4930 ἐτίμα
3432 4861 3524 4912 καὶ
3555 4859 3677 4913 ἐσέ-

2102 4963 2262 5016 ϐετο·
2314 4963 2435 5034 ἣτις
2494 4964 2689 5036 γνώμῃ
2750 4964 2847 5032 μὲν
2913 4961 3113 5026 αὐτῆς,
3180 4954 3429 5023 ὑποθήκῃ
3483 4952 3539 5004 δέ
3585 4949 3680 5002 rat

2103 5058 2425 5126 παραινέσει
2475 5058 2799 5111 Θεοκτίστου
2860 5051 3170 5105 κανικλείου
3224 5050 3317 5100 καὶ
3367 5045 3676 5114 λογοθέτου,

2104 5151 2383 5214 ἐξελαύνει
2435 5151 2533 5218 τῆς
2591 5144 2921 5214 Ἐκκλησίας
2980 5143 3071 5195 τὸν
3124 5141 3281 5194 ἄθεον
3332 5139 3677 5208 πατριάρχην

2102 5244 2361 5311 Ἰωάννην
2389 5281 2404 5304 ,
2440 5242 2644 5307 καίπερ
2676 5237 2964 5289 σύντεκνον
3004 5234 3173 5299 αὐτῆς
3218 5233 3348 5285 ὄντα
3373 5272 3386 5296 ,
3436 5229 3679 5301 περιορί-
3726 5238 3727 5241 ‘

2105 5352 2244 5388 σασα
2271 5335 2461 5388 τοῦτον
2486 5335 2542 5383 ἐν
2572 5331 2648 5399 τῷ
2674 5327 2853 5399 Στενῷ
2876 5329 2955 5390 εἰς
2986 5328 3047 5380 τὸ
3074 5326 3406 5396 καλούμενον
3434 5323 3680 5376 Κλείδιον

2105 5428 2162 5479 ἔν
2194 5445 2297 5480 τινι
2346 5424 2712 5493 μοναστηρίῳ.
2760 5422 2938 5474 Κάκεῖ
2969 5421 3129 5472 αὑτὸν
3167 5419 3264 5481 τὰς
3295 5418 3387 5469 τοῦ
3434 5414 3673 5486 Χριστοῦ

2103 5519 2198 5572 τοῦ
2232 5518 2368 5569 Θεοῦ
2414 5514 2571 5585 ἡμῶν
2626 5515 2838 5575 εἰκόνας
2889 5512 2972 5585 [Ρ.
3012 5511 3141 5583 429]
3192 5511 3285 5562 καὶ
3329 5510 3427 5575 τῆς
3470 5508 3683 5576 Θεομή-

2101 5627 2259 5680 τορος
2306 5610 2400 5661 καὶ
2446 5607 2552 5660 τῶν
2601 5608 3060 5677 ἀρχιστρατήγων
3109 5603 3503 5673 κατορύξαντα,
3555 5602 3679 5663 τοὺς

2107 5702 2424 5771 ὀφθαλμοὺς
2457 5701 2622 5753 αὑτοῦ
2658 5700 2911 5770 ἐξορύξαι
2940 5697 3247 5769 ὴϐουλήθη·
3290 5692 3592 5748 κωλυθεῖσα
3626 5691 3683 5745 δὲ

2108 5798 2315 5865 πέμπει
2362 5795 2455 5848 καὶ
2511 5792 2760 5865 μαστίζει
2786 5793 2944 5846 αὐτὸν
2975 5790 3269 5850 διακοσίοις
3301 5785 3517 5854 λώροις,
3563 5784 3682 5835 εἰσ-
