4094 6498
352 387 462 449 ἶο9

1246 374 1610 441 ΛΝΝᾹΙΕΕ.
1653 397 1722 406 —-
1754 367 2093 432 MICHAEL
2137 368 2230 427 ET
2251 365 2683 428 THEODORA.

3507 366 3610 429 710

353 504 477 560 tiret
513 497 569 552 δὲ
605 495 696 549 τὸν
745 495 803 547 ἰν
861 491 1035 562 ἁγίοις
1069 489 1354 544 Μεθόδιον.
1397 488 1535 549 Τοὺς
1573 486 1627 539 δὲ
1678 482 1783 536 ὑπὸ
1808 481 1964 536 ΘΞΟ·η

2066 475 2406 541 ἐι·θΙ›αηῑιιι·;
2442 477 2712 547 quocirca
2749 477 2973 532 mittens
3021 477 3275 533 ducentis
3298 476 3487 548 ﬂagris
3511 493 3619 534 eic-

351 593 509 661 cpi‘aou
556 584 934 656 ἐξορισθέντας
980 581 1250 652 μοκδαχοῦς
1285 580 1380 632 uel.
1433 577 1768 636 ἐπισκόπους
1803 570 1936 624 ἐνώ-

355 698 496 734 σασα
527 719 542 746 ,
601 679 701 747 τὴν
765 675 1048 746 ὀρθόδοξον
1113 671 1412 725 ἐϐεϐαίωσε
1461 668 1643 720 πίστιν
1689 665 1783 716 καὶ
1837 664 1938 731 τὴν

366 765 701 837 Ἐκκλησίαν
736 765 1052 834 είρήνευσεν
1094 763 1160 832 τῇ
1197 758 1388 829 πρώτῃ
1420 756 1672 826 Κυριακῇ
1706 750 1814 804 τῶν
1847 767 1941 820 νη-

361 858 576 914 στειῶν.
627 854 935 921 Ἐξελαὺνει
996 853 1179 906 τοίνυν
1237 849 1488 918 Θεοδώρα
1532 847 1621 898 τὸν
1660 843 1940 912 ἀλιτήριον

376 951 577 1021 Ἰαννῆν
609 947 701 1001 τοῦ
737 945 1131 1016 πατριαρχείου
1167 941 1354 1014 τρόπῳ
1385 938 1594 1010 τοιῷδε.
1637 933 1799 1006 Δηλοῖ
1833 932 1941 1003 γὰρ

364 1037 509 1106 αὐτῷ
549 1036 639 1088 διὰ
695 1033 1108 1086 Κωνσταντίνου
1156 1028 1520 1099 δρουγγαρίου
1567 1026 1666 1096 τῆς
1727 1021 1939 1091 βίγλης,

362 1129 436 1191 ὡς
466 1125 689 1182 Πολλοί
725 1123 1112 1192 πολλαχόθεν
1143 1120 1639 1186 συνεληλυθότες,
1668 1114 1944 1178 εὐλαϐεῖς

364 1235 429 1274 τε
465 1215 680 1286 ἄνδρες
709 1216 804 1269 καί
835 1212 1092 1284 μοναχοί
1147 1211 1361 1280 δέησιν
1384 1209 1750 1274 ἐποιήσαντο
1795 1204 1945 1271 πρὸς

366 1310 480 1378 τὴν
508 1307 840 1374 ,ϐασιλείαν
866 1321 984 1373 μου
1007 1303 1115 1357 τοῦ
1161 1303 1268 1368 τὰς
1314 1301 1702 1363 arat-crsuram;
1735 1295 1944 1350 κελεῦ-

367 1417 472 1454 σαι
497 1395 1276 1464 ἁναστηλωθῆναιείκόνας,
1294 1394 1360 1444 Et
1378 1393 1494 1460 μὲν
1517 1385 1630 1444 οὖν
1656 1390 1948 1458 ὁμόλογος

368 1487 425 1543 εἷ
443 1489 674 1553 τούτοις
703 1485 802 1539 καί
829 1485 1172 1552 σύμφωνος,
1199 1481 1294 1535 καὶ
1316 1481 1392 1548 δὴ
1427 1481 1534 1534 τὸν
1560 1480 1822 1533 παλαιὸν
1845 1480 1946 1532 κό-
1992 1488 2016 1512 ο

368 1597 527 1650 (mor
550 1580 587 1646 ἠ
617 1579 723 1632 τοῦ
753 1576 900 1632 Θεοῦ
929 1577 1257 1642 Ἐκκλησία
1290 1573 1780 1643 ἀπολαμϐανέτω.
1815 1569 1947 1624 Είδ¹

369 1677 700 1746 ἀμφίϐολος
716 1673 812 1727 καὶ
835 1672 951 1739 τὴν
975 1670 1214 1742 γνώμην
1241 1671 1352 1724 οὐκ
1375 1669 1533 1738 ἔχων
1559 1666 1822 1731 εὐθεῖαν,
1843 1663 1949 1718 τοῦ

365 1768 712 1836 μὲνθρὸνου
735 1764 852 1828 ἔξω
878 1763 1197 1832 γενόμενος
1213 1761 1311 1815 καὶ
1337 1761 1446 1828 τῆς
1470 1760 1700 1824 πόλεως
1722 1757 1869 1810 κατὰ
1882 1754 1950 1808 δὲ

371 1857 732 1928 προάστειόν
751 1870 868 1910 σου
885 1853 922 1906 δ
924 1853 1136 1920 ιὰὅηθι,
1138 1853 1343 1922 μέχρις
1369 1850 1444 1904 ἂν
1457 1852 1486 1903 ὁ
1511 1850 1818 1917 σύλλογος
1835 1845 1951 1899 τῶν

371 1950 557 2020 ἁγίων
577 1947 855 2016 Πατέρων
867 1944 1104 2015 γένηται
1117 1945 1269 2012 μετὰ
1290 1941 1430 1996 σοῦ’
1450 1941 1576 1994 οἵδε
1603 1941 1709 2010 γὰρ
1733 1940 1953 2007 ἕτοιμοι

370 2038 812 2101 διαδικάζεσθαι
837 2054 898 2091 τε
937 2036 1035 2090 καί
1090 2035 1472 2104 διαλέγεσθαι
1522 2033 1621 2087 καὶ
1660 2033 1838 2085 telam
1880 2046 1954 2084 σε

371 2132 506 2201 περὶ
543 2133 769 2187 τούτων
798 2127 996 2192 κακῶς
1025 2128 1301 2196 λέγοντα.
1365 2127 1423 2178 '0
1450 2125 1505 2178 δὲ
1538 2122 1885 2192 πατριάρχης
1920 2120 1954 2190 ἢ

377 2226 577 2296 μᾶλλον
627 2222 977 2295 φατριὰρχης
1025 2219 1166 2273 κατὰ
1226 2219 1318 2271 τὸν
1349 2220 1407 2271 ὲν
1452 2216 1530 2287 τῷ
1575 2215 1955 2287 πατριαρχείῳ

373 2317 646 2371 Θεσσαλὸν
702 2316 975 2386 τρίκλινον
1024 2310 1332 2385 τηνικαῦτα
1374 2311 1622 2363 ἀνέκειτο
1653 2309 1745 2361 ἐπὶ
1793 2308 1957 2377 cncip-

375 2410 553 2474 ποδος,
587 2408 687 2474 τὰς
742 2407 1026 2479 βασιλικὰς
1074 2404 1335 2474 ἀγγελίας
1374 2402 1699 2474 δεχόμενοςο
1747 2399 1804 2462 ὃς
1839 2399 1958 2468 ἃμα

372 2503 440 2572 τῇ
467 2503 605 2571 ἀκοῇ
630 2500 738 2552 τῶν
759 2497 932 2566 λόγων
957 2496 1176 2568 βληθεὶς
1205 2495 1304 2566 τὴν
1349 2495 1529 2564 ψυχὴν
1560 2491 1957 2563 βουλεύσασθαι

379 2592 482 2660 ἔφη
557 2590 688 2661 περὶ
747 2587 944 2644 ,τούτου
998 2586 1181 2649 καλῶς
1246 2585 1342 2638 καὶ
1418 2585 1510 2639 τὸν
1576 2580 1956 2652 ἀποκομιστὴν

382 2683 539 2742 εὐθὺς
571 2679 911 2742 ἀπέστειλεν,
937 2681 1034 2731 καὶ
1067 2677 1260 2731 θᾶττον
1288 2675 1321 2746 ἢ
1357 2675 1501 2746 λόγῳ
1533 2673 1855 2744 ἐγχειρίδιόν
1907 2689 1959 2724 τι

382 2776 559 2830 λαϐὼν
591 2777 692 2838 τὰς
736 2778 876 2828 κατά
897 2773 1141 2845 γαστέρα
1172 2771 1377 2842 φλέϐας
1403 2771 1701 2839 ἀπέτεμεν,
1742 2767 1807 2830 ἃς
1841 2767 1957 2838 ᾔδει

382 2869 579 2922 δειλίαν
639 2869 738 2938 μὲν
794 2869 888 2920 καὶ
937 2863 1116 2921 οἶκτον
1157 2869 1221 2919 ἐκ
1271 2865 1372 2934 τῆς
1416 2863 1647 2931 αἵματος
1701 2861 1960 2929 δαψιλοῦς

383 2961 655 3033 ἐκχύσεως
682 2963 975 3016 ἀποτεκεῖν
995 2962 1109 3022 τοῖς
1135 2958 1370 3024 πολλοῖς,
1407 2957 1636 3010 θάνατον
1674 2954 1730 3006 δὲ
1772 2953 1804 3024 ἡ
1837 2970 1959 3005 τινα

386 3054 627 3105 κίνδυνον
671 3051 943 3121 οὐδαμῶς.
1005 3049 1182 3120 Θροῦς
1243 3045 1336 3102 οὖν
1397 3047 1492 3102 καὶ
1542 3045 1641 3115 βοὴ
1676 3042 1836 3106 εὐθύς
1875 3060 1960 3105 τις

2038 568 2159 631 dit,
2220 578 2588 638 sanctumque
2657 566 2996 624 Methodium
3059 569 3304 636 inducit;
3365 585 3431 625 ac
3482 586 3625 640 quos

2040 658 2384 728 Theophilus
2411 659 2710 714 monachos
2744 675 2808 714 ac
2837 660 3126 730 episcopos
3168 663 3531 734 relegaverat,
3568 664 3625 717 in

2041 768 2211 807 unum
2248 767 2470 820 cogens,
2506 753 2868 808 orthodoxam
2907 753 3069 808 ﬁdem
3105 754 3471 821 conﬁrmavit,
3511 756 3626 826 pri-

2042 860 2241 914 maque
2295 845 2572 898 dominica
2621 844 3060 916 Quadragesimae
3113 863 3303 917 pacem
3365 844 3627 904 Ecclesiae

2046 937 2313 990 reddidit.
2382 937 2544 1008 Ejicit
2575 937 2761 1007 itaque
2795 936 3087 992 Theodora
3126 940 3453 1008 patriarchae
3494 940 3629 995 tedi-

2043 1029 2150 1083 bus
2201 1028 2656 1083 scelestissimum
2688 1029 2918 1084 Jannem
2955 1030 3009 1083 in
3053 1030 3200 1084 hunc
3230 1029 3345 1086 iere
3379 1031 3624 1086 modum.

2045 1121 2266 1176 Mandat
2290 1136 2388 1192 per
2415 1120 2836 1176 Constantinum
2861 1121 3222 1176 excubiarum
3245 1122 3627 1194 drungarium,

2047 1213 2242 1268 multos
2277 1215 2505 1284 undique
2535 1213 2803 1285 religiosos
2832 1215 2970 1268 viros
2995 1231 3057 1267 ac
3077 1216 3360 1269 monachos
3383 1217 3438 1270 in
3461 1233 3627 1270 unum

2046 1306 2214 1378 648
2265 1293 2508 1359 collectas
2557 1305 2998 1376 supplicationem
3036 1307 3354 1376 porrexisse,
3391 1316 3448 1360 ut
3489 1307 3632 1363 omni

2048 1402 2385 1454 veneratione
2422 1399 2669 1453 colendas
2711 1402 2970 1470 imagines
3013 1402 3147 1470 erigi
3189 1417 3252 1454 ac
3290 1401 3496 1456 restitui
3536 1417 3631 1471 pro

2049 1492 2270 1562 imperio
2288 1492 2520 1560 juberet.
2577 1489 2847 1562 Siquidem
2886 1507 3029 1562 ergo,
3075 1491 3172 1555 ait,
3209 1490 3264 1544 in
3305 1491 3542 1544 eamdem
3582 1498 3631 1543 et

2051 1583 2160 1651 ipse
2210 1582 2588 1652 confessionem
2632 1582 2912 1647 consentis,
2944 1598 3097 1636 suum
3127 1580 3224 1635 Dei
3261 1579 3502 1636 Ecclesia
3540 1597 3630 1635 or-

2052 1683 2236 1728 natum
2267 1675 2505 1745 recipiat.
2551 1673 2643 1729 Sin
2674 1682 2852 1728 autem
2896 1675 3111 1728 hwsitas
3145 1689 3238 1727 nec
3263 1683 3402 1727 recto
3445 1673 3632 1727 mentis

2052 1781 2206 1819 sensu
2248 1766 2466 1830 incedis,
2517 1765 2701 1820 relicta
2749 1765 2870 1820 sede
2905 1782 2968 1820 ac
3013 1765 3140 1818 urbe
3167 1766 3236 1818 ad
3269 1765 3633 1820 suburbanum

2056 1867 2206 1911 tuum
2228 1858 2496 1924 discedite,
2538 1857 2700 1911 donec
2737 1865 3044 1912 sanctorum
3080 1856 3306 1910 Patrum
3343 1866 3497 1910 coetus
3524 1873 3634 1911 una

2057 1959 2226 2004 tecum
2262 1967 2373 2003 rem
2419 1958 2843 2020 pertractaturus
2887 1957 3054 2004 coeat.
3108 1948 3174 2004 In
3209 1958 3458 2020 promptu
3495 1949 3635 2002 enim

2056 2043 2246 2096 habent
2281 2043 2574 2114 disceptare
2605 2060 2668 2096 ac
2700 2043 2994 2115 disputare,
3034 2043 3201 2114 deque
3225 2044 3304 2097 his
3344 2043 3484 2098 male
3515 2060 3638 2097 sen-

2057 2135 2272 2188 tientem
2317 2135 2387 2189 ad
2429 2136 2696 2189 saniorem
2738 2152 2949 2189 sensum
2985 2136 3252 2190 reducere.
3306 2137 3506 2190 Verum
3538 2151 3637 2206 pa-

2057 2227 2320 2292 triarcha,
2348 2242 2445 2282 seu
2475 2226 2681 2297 (verius
2708 2227 2911 2298 dicam)
2940 2213 3261 2295 (atriarcha,
3288 2229 3342 2283 in
3373 2229 3638 2284 Thessalo

2061 2317 2301 2373 triclinio
2343 2320 2400 2372 in
2433 2319 2650 2390 aedibus
2680 2319 3149 2390 patriarchalibus
3190 2321 3244 2374 in
3285 2321 3639 2390 suppedaneo

2059 2412 2303 2467 scabello
2340 2413 2394 2466 id
2428 2412 2930 2483 temporisjacens,
2971 2412 3175 2466 auditis
3198 2412 3475 2468 divalihus
3522 2414 3644 2484 jus-

2060 2505 2155 2568 sis,
2182 2520 2417 2574 moxque
2444 2520 2634 2581 eorum
2667 2504 2952 2559 auditione
2974 2505 3162 2558 animo
3191 2505 3434 2570 saucius,
3468 2505 3641 2576 probe

2061 2611 2121 2650 se
2171 2597 2290 2666 ejus
2349 2596 2427 2650 rei
2479 2596 2654 2664 gratia
2703 2594 3144 2650 deliberaturum
3203 2595 3524 2664 respondit;
3578 2611 3643 2651 ac

2061 2687 2248 2736 statim
2302 2684 2560 2735 nuntium
2603 2682 2835 2746 remisit,
2897 2682 3157 2752 dictoque
3206 2682 3370 2737 citius
3428 2693 3644 2753 arrepta

2059 2772 2308 2826 lanceola
2347 2780 2556 2827 ventris
2604 2772 2710 2826 sibi
2743 2772 2975 2826 venulas
3011 2771 3249 2839 incidit;
3298 2788 3435 2841 quas
3459 2773 3642 2844 vulgo,

2060 2880 2260 2918 cruore
2307 2863 2464 2933 c0pia
2517 2863 2798 2928 eﬂluente,
2836 2863 3094 2918 timorem
3125 2879 3190 2918 ac
3231 2865 3644 2918 miserationem

2053 2957 2418 3020 excitaturus,
2458 2970 2569 3009 non
2599 2970 2736 3010 vero
2765 2965 2998 3009 mortem
3038 2967 3134 3009 aut
3163 2955 3394 3024 periculi
3434 2954 3643 3024 aliquid

2062 3059 2346 3104 creaturas
2384 3058 2637 3103 noverat.
2701 3047 2964 3103 Sublatus
3006 3048 3191 3118 itaque
3238 3047 3422 3102 statim
3459 3063 3648 3102 rumor

386 3144 639 3215 περιήχει
681 3141 778 3214 τὴν
834 3140 1187 3210 Ἐκκλησίαν,
1219 3139 1278 3190 οὐ
1315 3137 1423 3208 μὴν
1463 3136 1521 3189 δὲ
1561 3135 1698 3189 ἀλλὰ
1729 3135 1821 3187 καὶ
1858 3132 1956 3194 τὰς

2066 3157 2125 3195 ac
2169 3141 2378 3194 clamor
2426 3149 2598 3194 totam
2631 3138 2738 3193 late
2769 3146 3033 3208 personat
3063 3136 3391 3202 Ecclesium;
3425 3137 3560 3207 quin
3589 3147 3648 3193 et

388 3233 670 3304 βασιλικὰς
689 3232 856 3295 ἀκοὰς
886 3230 1274 3302 προφοὰνονσα
1291 3229 1384 3281 τοῦ
1416 3226 1804 3297 δρουγγαρίου,
1835 3225 1961 3294 ὠςή

2069 3241 2195 3286 ante
2230 3231 2586 3301 drungarium
2621 3231 2803 3284 aulam
2858 3237 3116 3299 occupat,
3157 3231 3458 3300 Augustam
3502 3230 3651 3284 illius

386 3329 640 3381 δέσποινα
659 3324 749 3378 διὰ
764 3325 857 3378 τοῦ
875 3323 1115 3394 δρουγγα
1125 3322 1237 3392 ρίου
1257 3320 1344 3393 [Ρ.
1371 3319 1500 3390 450]
1519 3319 1610 3371 τὸν
1624 3317 1964 3388 πατρεάρχην

2069 3337 2236 3391 opera
2281 3321 2646 3390 patriarcham
2699 3335 2950 3375 necasse.
3007 3320 3171 3375 Misso
3228 3319 3412 3391 itaque
3473 3320 3648 3374 Barda

387 3416 751 3488 κατέσφαξεν.
808 3415 930 3467 Τῶν
957 3411 1051 3466 οὖν
1103 3413 1411 3481 λεγομένων
1460 3409 1692 3479 ἐταστὴς
1730 3409 1964 3478 ἀκριϐὴς

2069 3413 2322 3483 patricio,
2362 3413 2456 3482 qui
2491 3412 2787 3482 diligenter
2811 3427 2926 3466 rem
2963 3411 3293 3482 inquireret,
3331 3411 3535 3466 sensim
3584 3427 3654 3465 ex

386 3511 420 3563 ὁ
456 3509 744 3580 πατρίκιος
765 3507 976 3578 Βάρδας
1000 3505 1324 3566 ἀποσταλεὶς
1349 3502 1518 3566 αὐτάς
1550 3519 1612 3554 τε
1630 3503 1727 3564 τὰς
1754 3500 1968 3570 πληγὰς

394 3605 457 3656 ἐκ
507 3599 764 3673 προνοίας
810 3597 1108 3667 γενομένας
1155 3595 1341 3665 ἡρέμα
1392 3613 1509 3657 πως
1554 3591 1968 3662 κατεφώρασεν,

396 3690 571 3743 καὶτὸ
599 3688 786 3760 δρᾶμα
811 3686 904 3738 τὸν
942 3685 1165 3754 ἔλεγχον
1205 3686 1266 3735 οὐ
1311 3682 1593 3752 διέφυγεν,
1636 3680 1818 3733 αὐτῶν
1862 3679 1972 3732 τῶν

395 3781 746 3852 θεραπόντων
782 3777 1152 3831 κατειπόντων
1201 3774 1349 3845 αὐτῷ
1395 3777 1488 3827 καί
1538 3774 1606 3827 τά
1661 3774 1761 3839 τῆς
1799 3771 1975 3841 τομῆς

398 3875 604 3947 δρχανα
644 3872 977 3946 (ᾄφλεσοιέιμα
1013 3870 1068 3922 δὲ
1098 3865 1188 3940 ἦν)
1226 3871 1304 3931 εἰς
1344 3869 1508 3938 μέσον
1557 3865 1974 3920 καθυποὸαλλό-

416 3986 563 4037 μενα.
609 3971 836 4023 Ἔκτοτε
867 3966 960 4020 οὖν
1000 3961 1213 4027 οὐδενὸς
1247 3961 1405 4031 λόγου
1451 3957 1723 4024 ἀξιωθεὶς,
1768 3956 1842 4021 ὡς
1884 3955 1976 4008 ἐπὶ

411 4062 626 4133 τοιαύτῃ
691 4058 996 4130 αὐτοφώρῳ
1061 4056 1212 4128 αἰτίᾳ
1273 4053 1681 4126 ὐπειλημμένος
1735 4050 1819 4114 ³⁸,
1878 4051 1976 4116 τῆς

419 4152 741 4224 Ἐκκλησίας
786 4148 1152 4204 ἀπελαύνεται
1200 4149 1228 4199 ὁ
1260 4143 1539 4214 ἀλιτήριος
1571 4144 1665 4194 καὶ
1695 4139 1836 4192 κατά
1854 4152 1978 4189 τινα

405 4247 570 4318 μονὴν
617 4249 674 4298 ὲν
723 4243 800 4315 τῷ
857 4241 1090 4311 Κλειδίῳ
1138 4239 1529 4310 περιορίζεται.
1599 4226 1757 4307 Ἐνῇ
1807 4231 1976 4300 ἁγίων

399 4341 616 4402 εἰκόνας
675 4338 838 4404 Esca;
863 4377 876 4402 ,
910 4334 1096 4389 τοῦτον
1126 4335 1160 4402 ή
1192 4329 1483 4402 βασίλισσα
1528 4323 1744 4398 μάστιξι
1797 4323 1978 4377 διακο-

403 4435 546 4495 σίαις
611 4429 880 4494 παιδεύει,
912 4428 1006 4482 καὶ
1064 4425 1206 4479 κατά
1238 4423 1300 4476 τὸ
1332 4420 1654 4491 προάστειον
1693 4412 1860 4468 αὑτοῦ
1886 4453 1902 4478 ,
1950 4410 1979 4464 δ

401 4526 624 4593 λέγεται
663 4523 837 4592 Ψιχά,
866 4517 1336 4575 ἀποστέλλεται³¹.

477 4615 542 4684 β’.
590 4610 757 4677 Οὗτος
788 4611 879 4665 οὖν
903 4613 932 4665 ὁ
958 4607 1294 4681 προρῤηθεὶς
1328 4603 1582 4673 Ἰωάννης
1612 4597 1980 4670 πατριάρχης,

402 4714 431 4764 ὁ
471 4711 540 4764 δι’
589 4709 798 4763 οἰκείαν
834 4706 1093 4760 ἀσέϐειαν
1136 4703 1343 4772 Ἰαννῆς
1397 4698 1548 4769 παρά
1601 4696 1712 4748 τῶν
1743 4693 1984 4747 εὐσεὸὦν

401 4804 749 4874 ὀνομασοεὶς,
795 4801 896 4854 οὐκ
949 4796 1154 4869 έπηλύς
1201 4814 1282 4858 τις
1310 4793 1407 4846 καὶ
1442 4791 1589 4856 ξένος
1612 4787 1892 4858 αὐτόχθων
1921 4785 1977 4838 δὲ

405 4898 504 4950 καὶ
533 4896 631 4963 τῆς
664 4894 933 4967 βασιλίδος
971 4891 1079 4943 τῶν
1102 4890 1311 4942 πόλεων
1337 4883 1624 4956 βλάστημα
1653 4881 1747 4932 καὶ
1772 4881 1836 4932 ὲκ
1859 4878 1978 4931 λίαν

406 4988 667 5060 εὐγενοῦς
695 4989 1068 5056 καταγόμενος
1105 4983 1292 5052 σειρᾶς
1310 5021 1324 5045 ,
1360 4978 1458 5047 τῆς
1488 4975 1629 5029 οὕτω
1659 4973 1767 5026 τῶν
1794 4972 1982 5040 Μωρο-

407 5082 716 5156 καρδανίων
752 5081 796 5112 ³¹
841 5078 1160 5149 λεγομένης,
1196 5074 1291 5127 καὶ
1324 5071 1424 5143 τῆς
1464 5069 1573 5122 τῶν
1621 5067 1793 5136 ἁγίων
1844 5079 1984 5134 μαρ-

405 5179 592 5248 τύρων
637 5175 867 5243 Σεργίου
920 5175 1014 5226 καὶ
1056 5170 1270 5238 Βάκχου
1299 5166 1398 5236 τῆς
1431 5165 1489 5217 ὲν
1526 5163 1642 5248 τοῖς
1692 5156 1986 5248 Ὀρμί-σδου

413 5245 585 5336 μονῆς
642 5262 943 5334 ἡγούμενος
1001 5257 1208 5313 ἀνωθεν
1253 5254 1328 5308 ὣν
1378 5255 1474 5307 καὶ
1520 5247 1615 5304 τοῦ
1648 5248 1692 5280 ³³
1727 5245 1989 5336 βασιλέως

411 5335 698 5427 κληρικοῖς
766 5347 1314 5421 καταριθμούμενος,
1389 5341 1758 5413 διαφερόντως
1836 5335 1990 5406 ποιρά

411 5448 633 5519 Μιχαὴλ
663 5447 914 5518 ἠγαπᾶτο
935 5443 1010 5514 τῷ
1049 5438 1299 5511 Τραυλῷ,
1325 5436 1435 5490 εἴτε
1473 5435 1551 5504 τῷ
1579 5433 1721 5505 μόνῳ
1740 5430 1787 5462 ⁸⁸
1814 5430 1992 5498 τούτῳ

416 5542 673 5605 κοινωνὸς
728 5537 868 5594 εἶναι
908 5537 1008 5608 τῆς
1053 5534 1244 5588 τούτου
1299 5529 1587 5600 αἱρέσεως,
1640 5525 1750 5579 εἴτε
1782 5521 1879 5575 καὶ
1912 5519 1989 5590 τῷ

2072 3507 2343 3561 industria
2391 3507 2796 3575 deprehensum
2846 3504 2986 3559 facta
3019 3505 3288 3568 vulnera;
3339 3519 3441 3559 nec
3469 3504 3654 3559 fabula

2074 3598 2184 3653 ullo
2248 3597 2431 3652 colore
2489 3597 2595 3666 tegi
2668 3596 2867 3666 potuit.
2925 3596 3033 3664 lpsi
3091 3595 3282 3649 famuli
3318 3596 3373 3648 in
3414 3610 3541 3649 eum
3574 3593 3658 3648 rei

2075 3697 2284 3753 testes;
2337 3688 2548 3756 prolata
2583 3686 2637 3739 in
2667 3686 2910 3740 medium
2958 3685 3220 3740 sectionis
3269 3700 3491 3755 organa,
3537 3685 3656 3738 lan-

2074 3778 2238 3832 ceola:
2284 3777 2498 3830 scilicet
2542 3773 2596 3827 in
2647 3789 2772 3827 cum
2805 3788 2965 3826 usum
3006 3771 3440 3842 sanguinemque
3472 3777 3658 3840 aperta

2074 3888 2212 3927 vena
2227 3851 2608 3925 ‘minuenduiu
2631 3868 2970 3937 compositae.
3004 3866 3122 3921 Jam
3149 3864 3317 3936 65.9
3344 3877 3475 3934 ergo
3504 3861 3658 3932 quasi

2076 3965 2280 4019 nullius
2304 3961 2475 4032 frugis
2495 3960 2720 4030 (quippe
2749 3959 2803 4011 in
2833 3957 2925 4010 tali
2960 3954 3254 4009 manifesto
3277 3951 3661 4021 deprehensus

2076 4053 2340 4123 facinore)
2374 4053 2541 4107 miser
2555 4050 2800 4105 Ecclesia
2826 4048 3056 4118 pellitur
3085 4054 3140 4100 et
3172 4047 3225 4098 in
3261 4042 3660 4098 monasterium

2077 4146 2352 4218 quoddam
2416 4143 2655 4200 Clidium
2716 4140 2943 4195 nomine
2999 4139 3317 4208 relegatur;
3373 4134 3468 4188 ubi
3533 4147 3658 4188 cum

2079 4239 2346 4310 imagines
2386 4235 2696 4297 abraderet,
2738 4233 2998 4288 ducentis
3037 4233 3296 4301 Augustae
3340 4226 3526 4298 ﬂagris
3565 4241 3663 4280 va-

2079 4333 2252 4404 pulat,
2301 4340 2358 4385 et
2412 4329 2481 4384 ad
2521 4343 2617 4383 sua
2659 4325 2979 4381 suburbana
3010 4323 3268 4387 mittitur,
3307 4335 3429 4390 quae
3467 4327 3665 4373 vocant

2083 4427 2262 4481 Psica.

2099 4603 2106 4608 ’
2159 4613 2216 4665 2.
2283 4607 2385 4662 Hic
2439 4605 2646 4676 igitur,
2687 4615 2850 4671 quem
2885 4597 3134 4654 dicebam
3167 4635 3181 4659 ,
3229 4593 3466 4648 Joannes
3500 4587 3670 4659 patrio

2091 4701 2278 4762 arcba,
2333 4712 2436 4768 pro
2470 4710 2567 4751 sua
2606 4693 2888 4762 impietate
2931 4688 3135 4744 Jannes
3187 4685 3494 4755 appellatus
3554 4694 3667 4736 uno

2089 4795 2307 4867 piorum
2328 4790 2684 4857 ﬁdeliumque
2711 4783 2998 4852 suffragio,
3016 4794 3126 4834 non
3150 4777 3362 4832 advena
3388 4773 3670 4867 quispiam

2093 4901 2160 4941 ac
2208 4892 2503 4940 extraneus
2533 4879 2658 4940 fuit,
2705 4875 2800 4931 sed
2833 4874 3088 4944 indigena
3125 4869 3390 4938 urbisque
3414 4866 3671 4937 Augusta:

2094 4977 2252 5040 civis,
2293 4991 2362 5029 ex
2409 4973 2646 5042 ingenua
2674 4983 2738 5023 ac
2768 4964 3054 5036 przenobili
3095 4957 3668 5019 Morocardianorum,

2094 5081 2156 5125 ut
2190 5071 2409 5130 vocant,
2462 5072 2616 5118 ortus
2663 5059 2952 5130 prosapia;
2994 5050 3427 5118 monasteriique
3453 5056 3670 5100 sancto-

2102 5178 2220 5217 rum
2259 5157 2436 5228 Sergii
2459 5166 2512 5209 et
2538 5152 2762 5217 Bacchi,
2795 5148 2939 5220 quod
2968 5155 3054 5201 est
3078 5144 3144 5198 ad
3173 5137 3477 5228 liormisdre
3501 5134 3666 5196 :edes,

2092 5252 2222 5309 olim
2276 5227 2583 5319 prtefectus,
2626 5244 2878 5309 interque
2933 5233 3203 5306 palatinos
3250 5227 3482 5319 clericos
3544 5239 3674 5278 eoo-

2095 5318 2304 5413 ptatus,
2331 5354 2362 5393 a
2390 5335 2660 5391 Michaele
2689 5331 2855 5386 Balbo
2877 5337 3063 5383 tenere
3091 5321 3398 5416 amabatnr,
3431 5318 3545 5372 sive
3564 5331 3675 5416 uno

2095 5412 2202 5486 hoc
2234 5426 2384 5500 quod
2427 5423 2676 5480 fovendae
2721 5419 2948 5475 haeresis
2979 5415 3057 5470 illi
3107 5412 3294 5466 socius
3343 5415 3504 5472 erat,
3540 5412 3672 5500 sive

2097 5497 2266 5580 etiam
2306 5534 2407 5590 pro
2448 5533 2512 5573 ea
2561 5511 2890 5571 eruditionis
2918 5507 3080 5564 laude
3113 5518 3222 5574 qua
3258 5502 3438 5570 aliqua
3467 5497 3673 5568 pollere

1756 5639 1991 5695 VARIA‘J
2023 5634 2314 5694 LECTION
2325 5633 2406 5688 ES
2419 5674 2432 5688 .

490 5755 536 5788 ³ο
568 5748 935 5824 εἰλημμένοςῖ
1008 5745 1050 5778 ⁸¹
1070 5741 1487 5800 ἀποστέλλονται
1517 5736 1576 5790 P.
1653 5733 1696 5765 ³¹
1726 5730 2201 5804 Μωροχαρδανίων
2236 5731 2390 5828 a'ter’
2406 5741 2510 5781 ms.
2541 5738 2592 5781 c.
2643 5733 2830 5790 margo
2851 5717 2911 5772 Ρ.

425 5828 572 5900 μόνῳ
599 5821 722 5896 rip?

3013 5713 3058 5746 ³³
3083 5711 3204 5780 τοῦ]
3236 5705 3391 5772 τοῐςῖ
3487 5703 3532 5738 ³⁵
3560 5701 3674 5756 είτε
