4094 6426
421 352 478 414 Ἡ
492 351 556 415 15

1689 343 2068 404 SYMEONIS
2117 340 2488 403 MAGISTRI

3544 282 3547 284 ’
3621 335 3727 405 τιδ

439 481 547 534 que
581 463 909 518 adverteret.
947 457 1156 525 Quaerit
1198 455 1405 528 itaque,
1474 457 1595 528 quid
1631 473 1805 510 causa:
1837 459 1904 511 sit
1936 457 2032 510 c'ur

2147 455 2388 522 ὶτενοῦς
2421 454 2688 523 ὁράσεως
2717 471 2735 518 ;
2765 457 2798 527 ἡ
2831 444 2885 508 δὲ
2917 454 3020 528 ἔφη
3061 456 3160 528 τὴν
3182 457 3243 510 ὲκ
3294 459 3403 512 τῶν
3454 464 3721 532 γραμμὰ.

440 560 513 611 sic
546 558 750 610 intenta
779 557 833 624 in
855 553 1007 607 illum
1038 551 1331 622 aspiceret?
1359 549 1664 620 Respondit
1690 550 1838 604 illius
1867 566 1926 605 se
1951 559 2034 603 to-

442 650 726 704 lerantiam
753 647 1016 702 admirari
1044 661 1112 699 ex
1133 644 1417 713 inscriptis
1444 643 1525 697 ori
1557 642 1781 707 litteris,
1803 643 2033 711 ejusque

439 737 536 806 qui
564 737 760 791 horum
784 745 978 789 auctor
1003 733 1306 788 exstitisset
1331 731 1618 786 saevitiam.
1657 731 1796 784 Tum
1841 731 2033 784 beatus

440 827 808 898 Theophanes
841 826 991 879 nulla
1036 823 1347 879 reverentia
1378 823 1600 886 ductus,
1634 838 1737 877 nec
1778 838 1899 891 quae
1923 824 2035 892 jatn

443 930 634 976 sancte
669 919 942 989 promissa
996 924 1164 971 erant
1214 916 1396 970 animo
1451 926 1737 984 reputans,
1790 915 1904 983 jus,
1951 915 2034 967 in-

443 1014 590 1083 quit,
615 1013 765 1067 clara
782 1009 1078 1065 admodum
1098 1024 1234 1063 voce
1259 1009 1535 1079 scriptum
1558 1007 1767 1060 nomine
1789 1010 2038 1060 adversus

443 1106 619 1157 virum
658 1113 807 1156 tuum
834 1102 889 1155 in
915 1102 1220 1169 incorrupto
1250 1098 1347 1152 Dei
1382 1099 1584 1168 judicio
1627 1099 1811 1151 acrius
1873 1097 2039 1152 disce-

445 1195 607 1267 ptabo
632 1203 790 1264 atque
813 1192 1148 1246 contendam.
1181 1191 1278 1245 His
1299 1191 1543 1260 Augusta
1565 1190 1788 1254 auditis,
1811 1197 2040 1244 mtele-

448 1303 559 1357 que
591 1285 778 1341 animo
819 1284 982 1349 facta,
1011 1299 1075 1337 ac
1094 1283 1354 1354 lacrymis
1382 1282 1580 1347 olIusa,
1619 1281 1735 1347 Ηιε,
1762 1281 1940 1352 inquit
1972 1281 2040 1336 ad

449 1387 732 1442 sanctum,
759 1386 947 1430 vestra:
968 1376 1165 1444 scripto
1195 1373 1429 1442 ﬁrmata:
1448 1375 1820 1444 promissiones
1841 1391 1904 1427 ac
1923 1390 2041 1426 mu-

448 1487 608 1536 nera,
639 1479 695 1522 ut
719 1485 822 1522 non
837 1467 1012 1522 solum
1036 1469 1147 1522 viro
1181 1485 1286 1522 non
1309 1468 1653 1539 indulgeatis,
1673 1468 1764 1521 sed
1798 1477 1847 1521 et
1871 1469 2044 1522 actio-

454 1578 576 1615 nem
597 1562 701 1631 ipsi
733 1560 1024 1614 intendatis
1051 1561 1280 1628 atquein
1295 1560 1562 1629 judicium
1579 1559 1745 1632 654
1765 1549 1994 1616 Ira/tatis
2019 1560 2045 1613 ?

439 1651 779 1722 Non,inquit
832 1667 1065 1723 surgens
1095 1652 1386 1706 confestim
1404 1653 1716 1722 patriarcha
1744 1668 1810 1707 ac
1845 1653 2044 1722 reliqui

441 1744 782 1811 sacerdotes,
820 1761 924 1798 non
948 1742 1130 1814 plane,
1178 1744 1270 1798 sed
1307 1745 1471 1812 ﬁrma
1515 1754 1671 1798 erunt
1702 1754 1882 1800 nostra
1915 1761 2044 1814 pro-

2138 565 2247 604 των
2274 546 2576 618 θαυμάζειν
2631 549 2929 618 καρτερίαν
2979 567 3072 602 σου
3117 551 3214 602 καὶ
3258 550 3357 622 τὴν
3406 552 3500 606 τοῦ
3549 555 3726 608 ταῦτα

2139 639 2438 710 δράσαντος
2480 641 2769 710 ἀπήνειαν.
2804 643 2910 694 Καὶ
2941 645 2968 694 ό
2997 643 3267 712 μακάριος
3299 645 3582 716 Θεοφάνης
3617 665 3726 718 μη-

2140 733 2229 785 δὲν
2269 733 2591 803 εὐλαϐηθεὶς
2619 734 2651 803 ἢ
2687 734 2800 785 τῶν
2832 736 3366 806 προησφαλισμένων
3394 739 3725 818 διανοηθεὶς,

2150 825 2321 892 ’Υπὲρ
2342 828 2564 892 ταύτης
2591 825 2702 892 τῆς
2726 826 2985 902 γραφῆς,
3009 829 3213 897 ἔφησεν
3231 829 3294 882 εὖ
3317 830 3460 899 μάλα
3489 831 3726 899 τρανῶς,

2140 917 2210 970 ἐν
2226 917 2304 983 τῷ
2318 918 2425 972 τοῦ
2449 919 2598 974 Θεοῦ
2615 920 2931 984 ἁδεκάστῳ
2943 921 3306 990 δικαστηρίῳ
3322 923 3732 991 σφοδρότερον

2142 1011 2565 1082 ὄιαδικάσομαι
2596 1013 2676 1078 τῷ
2705 1013 2885 1082 ἀνδρί
2915 1031 3052 1069 σου.
3085 1015 3256 1067 Τοῦτο
3274 1017 3602 1086 ἀκούσασαή
3635 1017 3731 1086 βα-

2147 1103 2385 1168 σίλισσα,
2422 1105 2518 1158 καὶ
2540 1106 2838 1175 περίλυπος
2860 1107 3126 1176 γενομένη
3151 1109 3245 1159 καὶ
3277 1107 3597 1178 σύνδακρυς,
3622 1107 3725 1177 ἔφη

2146 1192 2282 1260 πρὸς
2308 1191 2398 1242 τὸν
2426 1193 2571 1244 ὅσιον
2589 1209 2602 1224 ⁸
2627 1190 2814 1249 Αὗται
2841 1197 2900 1246 al
2929 1194 3002 1247 δι’
3020 1195 3332 1264 ἐγγράφων
3351 1197 3728 1265 ὑποσχέσεις·

2145 1280 2313 1350 ὑμῶν
2342 1282 2442 1336 καὶ
2473 1285 2804 1353 ὁμολογίαι,
2830 1285 2911 1349 ὡς
2942 1284 3029 1353 μὴ
3067 1288 3262 1354 μόνον
3299 1289 3371 1339 οὐ
3415 1303 3727 1355 συγκεχω-

2138 1370 2414 1439 ρηκέναι,
2459 1373 2742 1427 ἀλλὰκαὶ
2778 1375 2930 1441 πρὸς
2965 1374 3202 1443 ἀγῶνας
3245 1375 3338 1448 [Ρ.
3370 1375 3507 1448 455]
3561 1377 3734 1446 ἄγειν

2146 1467 2335 1520 αὐτόν
2363 1467 2592 1533 ;-Οὓ,
2637 1471 2801 1537 φησὶν
2823 1471 2850 1521 ὁ
2884 1470 3230 1542 πατριάρχης
3288 1471 3537 1540 αὐθωρὸν
3597 1472 3728 1522 ἀνα-

2151 1559 2282 1619 στὰς
2319 1562 2413 1612 καὶ
2463 1562 2510 1613 οἱ
2561 1560 2737 1612 λοιποὶ
2761 1561 2871 1613 τῶν
2924 1561 3137 1630 ἱερέων,
3191 1561 3563 1624 βασίλισσα,
3614 1559 3727 1612 οὗο

2148 1651 2286 1706 ἀλλ’
2320 1651 2443 1714 ἕξει
2493 1653 2756 1717 βεϐαίως
2786 1651 2860 1705 τὰ
2899 1651 3188 1720 ἡμέτερα,
3248 1648 3360 1718 τῆς
3417 1649 3729 1716 ὀλιγωρίας

2148 1746 2366 1799 τούτου
2388 1745 2779 1814 λογιζομένης
2809 1747 2896 1809 εὶς
2923 1744 3122 1798 οὐδέν.
3155 1742 3310 1796 Οὕτω
3343 1742 3442 1812 μὲν
3490 1741 3584 1794 οὖν
3618 1744 3730 1794 ἐσιο

443 1838 627 1900 missa,
658 1835 754 1890 illa
783 1836 944 1905 hujus
983 1836 1254 1902 spretione
1278 1834 1433 1890 nihili
1460 1836 1661 1890 habita.
1692 1835 1782 1892 Sic
1813 1837 2038 1905 quidem

2147 1836 2323 1908 γάσθη
2356 1836 2552 1902 ταῦτα,
2590 1839 2684 1891 καὶ
2715 1841 2784 1890 τὰ
2812 1841 2910 1907 τῆς
2951 1836 3278 1907 Ἐκκλησίας
3305 1835 3401 1906 ἔθη
3439 1833 3729 1904 ἀκύμαντα

443 1931 536 1986 illa
567 1929 757 1986 sedata
782 1936 933 1996 sunt,
973 1937 1408 2000 manseruntque
1457 1929 1720 1986 Ecclesiae
1769 1931 1905 1986 scita
1954 1929 2037 1984 in-

443 2039 734 2078 concussa.

512 2117 566 2169 6.
604 2115 729 2170 Fuit
753 2123 810 2170 et
840 2113 946 2169 alia
995 2116 1246 2185 quaedam
1296 2116 1546 2182 haeresis,
1589 2131 1755 2186 quam
1792 2115 2039 2170 Zelicum

413 2216 662 2274 secant,
699 2223 825 2263 cum
858 2224 960 2264 suo
996 2219 1248 2276 auctore,
1293 2211 1389 2280 qui
1421 2211 1538 2280 ipse
1568 2210 1720 2265 Zelix
1749 2224 2040 2278 nuncupa-

443 2311 534 2355 tus
560 2315 588 2353 a
627 2300 860 2354 secretis
887 2316 1011 2354 cum
1037 2302 1231 2370 primis
1258 2301 1525 2372 dignitate
1551 2301 1816 2373 fulgebat.
1839 2302 2042 2356 Emen~

444 2393 606 2446 datus
639 2407 773 2445 vero
827 2401 911 2445 est
963 2402 1018 2444 et
1049 2390 1116 2444 ad
1164 2407 1352 2446 sanam
1399 2392 1706 2447 doctrinam
1762 2392 2045 2447 traductus

446 2487 501 2538 in
539 2484 691 2553 regio
724 2498 1013 2554 processu,
1051 2483 1141 2538 his
1171 2484 1266 2554 qui
1298 2485 1378 2539 illi
1400 2484 2043 2555 adhaeserantsociisque

446 2579 708 2649 unguenti
757 2579 1024 2633 duntaxat
1052 2577 1312 2633 unctione
1361 2593 1486 2632 cum
1533 2577 1692 2632 novis
1723 2578 2034 2634 luminibus

443 2681 610 2740 atque
635 2668 881 2724 vestibus
910 2666 1192 2733 delibutis,
1219 2681 1524 2737 eorumque
1553 2666 1840 2736 splendide
1869 2683 2038 2739 appa-

443 2771 570 2816 ratu
633 2758 925 2831 perfectis."

514 2856 566 2909 7.
599 2853 760 2910 Anno
795 2851 1099 2907 Theodora:
1129 2851 1345 2921 imperii
1382 2852 1555 2906 altero
1588 2853 1794 2906 missus
1854 2851 2038 2907 Theo-

441 2945 638 2999 ctistus
667 2944 947 3013 logotheta
976 2944 1240 2998 adversus
1255 2941 1508 3009 Cretam;
1556 2945 1809 3014 maleque
1841 2945 2038 2999 subdi-

444 3039 513 3093 tis
542 3054 675 3094 usus
702 3045 816 3090 tum
835 3035 951 3106 ipse
969 3035 1152 3106 fugam
1179 3036 1326 3104 iniit,
1357 3043 1474 3090 tum
1501 3037 1782 3092 exercitus
1802 3037 2040 3093 Creten-

443 3129 586 3184 sium
619 3128 764 3183 ferro
791 3134 1020 3183 necatus
1049 3137 1154 3182 est.

516 3305 565 3358 8.
602 3304 754 3358 lllius
780 3304 997 3373 imperii
1020 3321 1166 3360 anno
1195 3306 1380 3372 tertio,
1417 3316 1670 3377 suscepta
1701 3307 1916 3361 Ameraa
1940 3306 2041 3360 ad-

447 3409 644 3449 versus
684 3395 1010 3449 Romaniam
1054 3397 1436 3467 expeditione,
1463 3398 1753 3452 Theodora
1783 3398 2040 3453 eumdem

449 3502 644 3542 rursus
675 3487 1057 3544 Theoctistum
1087 3505 1213 3543 cum
1247 3489 1569 3560 ingentibus
1599 3491 1772 3559 copiis
1800 3491 1854 3544 in
1887 3491 2040 3544 illum

448 3577 629 3643 misit;
683 3578 1087 3648 commissoque
1115 3579 1314 3649 prcelio
1363 3580 1419 3634 in
1467 3579 1794 3650 Maurotopo
1839 3581 2040 3635 iterum

447 3677 740 3740 superatus
759 3677 864 3737 est,
890 3672 1189 3742 multisque
1211 3674 1386 3738 caesis,
1416 3674 1604 3744 plures
1631 3675 1786 3729 fuere
1816 3674 2038 3744 captivi.

449 3764 799 3819 Theoctistus
846 3764 913 3818 ad
960 3764 1264 3836 Augustam
1311 3783 1572 3823 reversus
1609 3768 1802 3823 eadem
1850 3781 2044 3822 rursus

451 3857 601 3912 illius
629 3857 841 3926 potitur
870 3858 1315 3926 necessitudine;
1364 3860 1667 3931 habitoque
1697 3877 1823 3916 cum
1865 3859 2042 3915 Barda

447 3951 709 4022 Augustae
734 3950 902 4006 fratre
939 3951 1215 4021 colloquio
1249 3953 1460 4008 cladem
1489 3953 1540 4010 ei
1570 3955 1856 4019 adscribit,
1889 3954 2043 4009 velut

446 4045 566 4114 ejus
596 4045 817 4098 hortatu
866 4060 928 4099 ac
975 4046 1212 4100 consilio
1256 4062 1431 4102 czesus
1482 4048 1556 4103 sit
1604 4065 1669 4103 ac
1719 4049 2044 4120 proﬂigatus

448 4136 729 4190 [tornanus
756 4136 1050 4192 exercitus.

517 4225 682 4296 655
724 4225 777 4281 9.
793 4225 1188 4297 Annoimperii
1213 4229 1746 4298 septimo,Michacle
1776 4233 1830 4286 in
1860 4232 2040 4287 virum

449 4325 781 4389 augescente
820 4319 1107 4388 otiumque
1141 4336 1306 4374 omne
1347 4328 1404 4374 et
1443 4336 1668 4391 operam
1708 4325 1932 4379 venatui
1979 4341 2044 4380 ac

450 4409 817 4479 impudicitiis
862 4410 1048 4476 dante,
1082 4421 1368 4482 comperto
1401 4413 1693 4468 Theodora
1719 4416 1876 4487 jungi
1914 4433 2039 4471 eum

451 4501 697 4555 amicitia
733 4501 992 4555 Eudocize
1021 4501 1231 4573 lngeris
1268 4504 1412 4569 filiae,
1444 4507 1602 4577 cujus
1637 4509 1878 4577 protervi
1921 4525 2042 4563 mo-

453 4608 542 4646 res
577 4593 652 4646 illi
687 4593 896 4661 pariter
926 4609 989 4647 ac
1034 4594 1356 4651 Theoctisto
1397 4598 1550 4653 exosi
1590 4607 1804 4665 essent,
1855 4601 2042 4655 Eudo-

454 4683 594 4737 ciam
630 4685 1163 4752 Decapolitaetiliam
1203 4688 1281 4742 illi
1321 4690 1610 4760 conjugem
1650 4691 1927 4762 jungunt;
1966 4692 2049 4745 in-

455 4791 563 4846 que
589 4776 646 4831 S.
673 4775 939 4845 Stephani
976 4779 1199 4847 templo,
1224 4781 1373 4849 quod
1397 4776 1483 4836 est
1518 4782 1574 4836 in
1621 4783 1866 4852 Daphne,
1942 4799 2046 4837 nu-

453 4869 654 4938 ptiales
682 4869 847 4922 ambo
876 4871 1114 4923 corollas
1143 4872 1444 4941 accipiunt.

527 4965 613 5018 l0.
678 4964 810 5033 Ejus
860 4964 1079 5034 imperii
1136 4980 1281 5020 anno
1335 4968 1552 5023 decimo
1581 4969 2062 5024 buccellariorum'

456 5057 568 5120 dux
616 5057 1004 5113 admirandum
1060 5074 1265 5128 equum
1318 5076 1383 5114 ac
1427 5069 1749 5127 strenuum,
1804 5063 2046 5118 ferocem

457 5159 640 5204 tamen
689 5167 753 5206 ac
800 5152 1227 5216 intractabilem,
1286 5154 1609 5224 imperatori
1647 5154 1895 5220 adduxit,
1947 5171 2051 5210 nec

456 5245 552 5311 qui
597 5244 685 5298 vel
723 5252 940 5298 aetatem
983 5246 1271 5316 explorare
1311 5253 1500 5316 posset
1547 5245 1796 5300 dentium
1843 5247 2048 5303 indicio

457 5336 602 5389 ullus
650 5347 772 5390 erat
820 5336 893 5391 ob
942 5338 1063 5408 ejus
1122 5337 1447 5393 indomitam
1512 5339 1777 5393 indolem.
1837 5341 2049 5397 Anxius

455 5427 627 5482 animi
659 5443 723 5482 ea
766 5445 823 5482 re
857 5427 1180 5499 imperator.
1229 5431 1309 5485 Ac
1339 5445 1464 5485 cum
1509 5431 1760 5488 audisset
1793 5435 1884 5502 qui
1931 5442 2046 5489 tum

455 5521 823 5574 Numerorum
887 5534 952 5574 ac
991 5519 1134 5575 muri
1181 5537 1369 5577 comes
1401 5531 1580 5589 esset,
1613 5523 2045 5594 Theophilitzes,

457 5611 524 5664 ad
557 5627 684 5666 eum
711 5611 834 5666 infit
866 5613 1055 5668 habere
1083 5631 1139 5668 se
1166 5615 1552 5670 adolescentem
1573 5633 1827 5687 equorum
1859 5635 2048 5688 exper-

459 5702 720 5758 tissimum
754 5722 816 5759 ac
853 5706 1027 5760 uirum
1072 5707 1284 5777 fortem,
1322 5707 1583 5763 Basiliam
1626 5711 1866 5774 nomine,
1901 5710 2047 5778 ejus-

461 5793 599 5847 modi
665 5795 862 5848 scilicet
921 5800 1072 5866 cujus
1122 5817 1176 5852 se
1224 5808 1516 5870 compotem
1585 5799 1696 5869 fore
1753 5799 2048 5870 imperator

2143 1929 2433 2001 διέμεινεν.

2219 2110 2292 2176 ς’.
2351 2112 2620 2183 Ἀνεφάνη
2653 2111 2708 2164 δέ
2743 2129 2826 2174 τις
2879 2113 2972 2164 καὶ
3023 2110 3185 2181 ἑτέρα
3238 2111 3451 2180 αἵρεσις
3503 2111 3535 2180 ή
3589 2107 3735 2162 οὕτω

2143 2203 2254 2258 τῶν
2313 2201 2563 2273 Ζηλίκων
2591 2202 2896 2273 λεγομένη,
2948 2203 3045 2254 σὺν
3097 2202 3176 2270 τῷ
3233 2202 3434 2271 ἑαυτῆς
3478 2199 3728 2270 ἀρχηγῷ,

2145 2296 2336 2363 Ζήλικι
2368 2295 2467 2366 μὲν
2497 2295 3157 2365 ὀνομαζομένῳ,φέροντι
3180 2294 3237 2346 δὲ
3264 2297 3362 2363 τὴν
3389 2293 3499 2346 τῶν
3523 2292 3734 2362 σηκρῆ..

2145 2407 2229 2453 τις
2260 2391 2317 2441 ὲν
2369 2387 2613 2458 πρώτοις
2668 2387 2856 2458 τιμήν.
2927 2385 3307 2457 Ἐθεραπεύθη
3353 2385 3410 2438 δὲ
3447 2386 3542 2438 καὶ
3597 2384 3734 2454 πρὸς

2147 2481 2458 2535 θεοσέϐειαν
2494 2479 2802 2551 μετηνέχθη
2847 2481 2905 2532 ὲν
2939 2479 3152 2548 προόδῳ
3181 2477 3462 2548 βασιλικῇ,
3495 2477 3596 2546 τῆς
3636 2476 3734 2529 τοῦ

2149 2575 2322 2646 μύρου
2357 2575 2520 2644 μόνου
2552 2573 2690 2644 μετὰ
2731 2573 2936 2626 καινῶν
2994 2572 3289 2641 ὲμφωτίων
3325 2587 3388 2624 τε
3437 2571 3531 2623 καὶ
3565 2570 3731 2640 ὲσθη-

2149 2667 2336 2736 μάτων
2361 2664 2810 2731 καταξιωθέντων
2834 2661 3079 2733 ἱχρίσεως
3112 2659 3223 2712 τῶν
3265 2655 3732 2728 ἀντιποιουμένων

2145 2761 2333 2831 αὐτῆς,
2368 2762 2461 2813 καὶ
2493 2758 2887 2812 τελειωθέντων
2911 2755 3200 2824 λαμπρῶς.

2219 2853 2285 2919 ζ’.
2315 2852 2405 2922 Τῷ
2435 2851 2478 2922 β’
2513 2851 2685 2921 αὐτῆς
2724 2851 2834 2903 ἔτει
2874 2848 3166 2903 ἀπέστειλε
3207 2843 3461 2915 Θεοδὼρα
3512 2843 3732 2896 Θεόκτι-

2149 2963 2274 2998 στον
2302 2944 2395 2996 τὸν
2425 2942 2718 3012 λογοθέτην
2770 2941 2910 2994 κατὰ
2948 2939 3050 3008 τῆς
3103 2938 3351 3006 Κρήτης,
3413 2936 3504 2988 καὶ
3546 2934 3735 2998 κακῶς

2144 3040 2260 3101 τοῖς
2291 3037 2397 3091 ὑπὸ
2421 3039 2579 3107 χεῖρα
2607 3035 2957 3106 χρησάμενος
2989 3031 3153 3093 αὐτὸς
3187 3030 3286 3099 μὲν
3308 3027 3406 3100 τὴν
3437 3027 3732 3097 φυγαδείαν

2145 3131 2474 3200 ἠσπάσατο,
2527 3131 2556 3183 ό
2586 3130 2643 3182 δὲ
2687 3126 2917 3199 στρατὸς
2971 3123 3248 3194 μαχαῖρας
3307 3120 3468 3192 ἔργον
3517 3121 3632 3185 τοῖς
3674 3121 3734 3174 ἐν

2063 3212 2108 3273 C
2142 3226 2336 3297 Κρήτῃ
2377 3225 2625 3292 γέγονεν.

2217 3317 2289 3390 η’.
2306 3318 2397 3388 Τῷ
2410 3317 2645 3387 γάὑτῆς
2663 3319 2773 3371 ἔτει
2797 3320 2976 3389 Ἃμερ
2998 3318 3139 3371 κατὰ
3165 3315 3453 3388 Ῥωμαίων
3466 3313 3732 3388 στρατεύ-

2149 3429 2340 3475 σαντος
2361 3412 2522 3466 αὐτὸν
2541 3413 2704 3466 πάλιν
2723 3411 2975 3482 Θεοδώρα
3009 3410 3301 3464 ἀπέστειλε
3341 3409 3482 3480 μετὰ
3515 3407 3728 3476 πολλῆς

2145 3502 2433 3572 δυνάμεως
2456 3517 2471 3534 ο
2497 3502 2591 3555 καὶ
2635 3502 2870 3571 πολέμου
2891 3502 2949 3553 ἐν
2972 3500 3048 3571 τῷ
3066 3501 3413 3572 Μαυροτόπῳ
3431 3499 3730 3569 γενομένου

2147 3593 2308 3648 πάλιν
2345 3596 2597 3664 ἡττᾶται,
2627 3596 2726 3648 καὶ
2758 3593 2969 3646 πολλῶν
3001 3591 3400 3662 ἀναιρεθέντων
3434 3591 3652 3653 πλείους
3680 3592 3731 3644 oi

2148 3687 2517 3757 κρατηθέντες
2548 3682 2708 3757 ἦσαν.
2735 3686 3058 3747 Θεόκτιστος
3086 3686 3144 3739 δὲ
3187 3685 3322 3755 πρὸς
3357 3685 3454 3753 τὴν
3486 3681 3729 3753 βασίλισ-

2149 3795 2249 3830 σαν
2279 3778 2450 3830 ἐλθὼν
2487 3777 2651 3831 πάλιν
2677 3778 2774 3847 τῆς
2803 3778 2974 3846 αὐτῆς
3020 3775 3358 3845 οἰκειότητος
3396 3773 3593 3844 εἴχετο,
3633 3772 3731 3827 καὶ

2245 3872 2344 3941 τῆς
2378 3870 2699 3939 Αὐγούστης
2730 3868 3012 3940 Θεοδὼρας
3042 3869 3255 3939 ἀδελφῷ
3284 3867 3464 3940 Βάρδᾳ
3485 3866 3564 3930 εἷς
3583 3883 3734 3928 τινας

2147 3966 2340 4033 λόγους
2373 3964 2543 4017 ἐλθὼν
2569 3965 2668 4035 τὴν
2703 3957 2876 4034 ἧτταν
2913 3962 3085 4033 τούτῳ
3112 3961 3398 4034 προσῆπτε
3430 3960 3526 4012 καὶ
3555 3959 3735 4012 ἀνετί-

2149 4058 2293 4122 θετο,
2325 4058 2400 4121 ὡς
2434 4061 2500 4128 τῇ
2534 4059 2858 4127 παραινέσει
2891 4055 3082 4109 τούτου
3111 4056 3206 4110 καὶ
3250 4057 3316 4126 τῇ
3351 4053 3632 4125 συμϐουλῇ
3675 4051 3737 4104 τὸ

2160 4151 2471 4222 Ῥωμαῖκδν
2503 4151 2717 4221 ἐτρώθη
2754 4148 3142 4221 στρατόπεδον.

2219 4242 2286 4298 θ’.
2321 4242 2411 4313 Τῷ
2447 4240 2492 4307 ζ’
2533 4244 2645 4295 ἔτει
2675 4241 2770 4295 τοῦ
2799 4241 3066 4306 βασιλέως
3099 4235 3323 4309 Μιχαὴλ
3349 4233 3734 4306 ἀνδρυνθέντος

2148 4335 2383 4398 καὶτοῖς
2430 4331 2715 4401 κυνηγίοις
2769 4333 2867 4384 καὶ
2930 4329 3297 4400 ἁκαθαρσῑαις
3358 4325 3729 4397 σχολάζοντος,

2147 4427 2271 4479 ἐπεὶ
2299 4427 2459 4494 ἔγνω
2491 4423 2744 4494 Θεοδώρα
2783 4424 3222 4495 συμφιλιωθῆναι
3266 4422 3427 4476 αὐτὸν
3473 4419 3735 4474 Εὺδοκίαν

2148 4522 2247 4591 τὴν
2277 4519 2372 4573 τοῦ
2409 4521 2700 4590 Ἷγγηρος,
2735 4519 3074 4590 μισουμένην
3109 4517 3175 4572 δι’
3210 4517 3485 4571 ἀναίδειαν
3521 4516 3587 4585 τῇ
3627 4513 3737 4566 Αὐ-

2153 4613 2359 4684 γούστῃ
2389 4615 2482 4667 καὶ
2519 4613 2597 4682 τῷ
2627 4612 2912 4684 λογοθέτῃ,
2954 4612 3245 4681 ζεύγνυσιν
3278 4609 3427 4679 αὐτῷ
3474 4605 3737 4660 Εὐδοκίαν

2150 4707 2251 4778 τὴν
2274 4706 2368 4760 τοῦ
2409 4705 2802 4772 Δεκαπολίτου,
2839 4707 2934 4760 καὶ
2968 4702 3360 4773 στεφανοῦνται
3391 4703 3448 4752 ιν
3492 4697 3570 4764 τῷ
3621 4693 3736 4762 ναῷ

2150 4800 2245 4850 τοῦ
2285 4798 2470 4867 Ἀγίου
2501 4797 2774 4866 Στεφάνου
2804 4797 2881 4867 τῷ
2911 4797 2992 4860 εἰς
3020 4797 3120 4863 τὴν
3155 4792 3397 4859 Δάφνην.

2225 4987 2275 5033 ι’.
2315 4980 2404 5050 Τῷ
2429 4980 2459 5034 ι’
2480 4980 2646 5034 αὐτοῦ
2675 4979 2829 5032 ἕτειὸ
2849 4978 2957 5032 τῶν
2985 4973 3384 5047 βουκελλαρίων
3431 4967 3736 5042 στρατηγὸς

2152 5074 2328 5144 ἤγαγε
2365 5073 2444 5143 τῷ
2495 5073 2709 5143 βασιλεῖ
2755 5073 2920 5124 ἵππον
2956 5067 3274 5138 θαυμαστὸν
3320 5066 3415 5120 καὶ
3462 5066 3733 5135 γενναῖον,

2154 5168 2522 5237 σκληρότατον
2569 5165 2626 5218 δὲ
2676 5164 2855 5228 πάνυ,
2899 5162 2977 5225 ὡς
3016 5164 3091 5233 μὴ
3127 5159 3388 5214 δύνασθαι
3443 5175 3565 5212 τινα
3608 5156 3738 5210 ῑδεῖν

2152 5259 2258 5312 κᾶν
2294 5258 2400 5310 ἀπὸ
2430 5257 2540 5310 τῶν
2567 5257 2797 5310 ὀδόντων
2829 5255 2922 5308 τὸν
2957 5254 3150 5326 χρόνον
3180 5253 3367 5307 αὐτοῦ.
3409 5247 3736 5322 Ἀχθομένου

2151 5349 2244 5402 οὖν
2291 5351 2382 5400 ἐπὶ
2420 5348 2611 5401 τούτου
2659 5347 2755 5401 τοῦ
2798 5347 3066 5418 βασιλέως
3092 5393 3105 5414 ,
3158 5346 3353 5418 παρὼν
3387 5343 3740 5413 Θεοφιλίτζης

2151 5441 2359 5501 ἐκεῖνος
2379 5441 2406 5491 ὁ
2435 5439 2542 5491 τῶν
2573 5439 2876 5510 Νουμέρων
2916 5440 3039 5493 τότε
3078 5441 3173 5492 καὶ
3211 5437 3306 5492 τοῦ
3328 5436 3540 5507 τείχους
3563 5433 3742 5504 κόμης

2154 5529 2229 5582 ὢν
2259 5524 2412 5584 εἶπεν
2446 5530 2523 5600 τῷ
2559 5530 2789 5600 βασιλεῖ·
2814 5533 2970 5600 Ἕχω
3001 5529 3296 5597 νεώτερον
3316 5527 3743 5596 ἐμπειρότατον

2152 5623 2250 5676 καὶ
2279 5621 2558 5691 ἀνδρεῖον
2581 5627 2668 5690 εὶς
2695 5623 2836 5690 τοὺς
2876 5625 3125 5688 ἵππους,
3161 5618 3291 5676 οἷον
3320 5616 3525 5689 ἀγαπᾷ
3554 5617 3592 5684 ἡ
3638 5616 3738 5683 βα·

2152 5715 2354 5769 σιλεία
2395 5731 2534 5782 σου,
2565 5718 2828 5788 τοῦνομα
2854 5719 3202 5772 Βασίλειον.
3234 5713 3341 5767 Τοῦ
3373 5711 3431 5765 δὲ
3477 5707 3761 5780 βασιλέως.

2152 5807 2510 5873 κελεύσαντος
2529 5812 2774 5882 παρευθίι
2799 5811 2963 5882 ἤχθη,
2998 5813 3089 5863 καὶ
3114 5812 3178 5879 τῇ
3212 5807 3312 5878 μὲν
3353 5804 3454 5877 μιᾷ
3486 5801 3630 5872 χειρὶ
3651 5799 3740 5852 τὸν
