4094 6412
378 386 490 453 ’117

376 499 594 572 χαλινὸν
611 497 707 553 τοῦ
733 497 902 552 ἵππου
922 501 1227 572 κρατήσας,
1251 500 1339 572 [Ρ.
1367 502 1495 574 454]
1526 505 1590 574 τῇ
1605 503 1661 556 δὲ
1689 503 1850 574 ἑτέρᾳ
1871 503 1963 555 τοῦ
1992 504 2041 562 Α
2068 513 2390 573 exposceret.

376 593 518 656 tian
543 591 906 663 δραξάμενος,
937 594 1018 656 εἰς
1054 594 1373 664 ἡμερότητα
1408 597 1685 665 προϐάτου
1729 595 1962 663 μετέϐα-

375 687 488 739 λεν.
543 685 662 749 Ἐφ’
694 679 740 753 ᾧ
793 685 1152 756 θεραπευθεὶς
1193 687 1222 738 ὁ
1272 687 1526 756 βασιλεὺς
1577 688 1962 758 παραδέδωκεν

390 776 540 842 αὺτὸν
583 775 663 843 τῷ
729 775 1083 846 ἑταιρειάρχῃ
1137 776 1360 847 Ἀνδρέᾳ
1412 776 1505 829 τοῦ
1559 779 1639 840 είς
1669 777 1766 848 τὴν
1814 777 1962 828 ἑται-

393 869 532 936 ρείαν
591 863 734 920 εἶναι
784 869 880 921 καὶ
937 871 1048 931 τοῖς
1091 869 1278 933 ἵπποις
1319 869 1414 922 τοῦ
1464 868 1730 939 βασιλέως
1773 870 1962 923 ἐκδου-

387 971 577 1009 Αιυειν.

453 1138 543 1194 ια’.
590 1140 790 1208 Γέγονε
824 1139 881 1192 δὲ
921 1134 1076 1202 οὗτος
1107 1141 1134 1194 ὀ
1177 1140 1456 1204 Βασίλειος
1489 1143 1553 1195 ἐκ
1597 1142 1958 1207 Μακεδονίας,

378 1233 444 1284 ἐκ
482 1229 700 1300 χωρίων
727 1231 829 1300 τῆς
877 1230 1393 1302 Ἀδριανουπόλεως.
1418 1234 1528 1287 Kal.
1548 1235 1960 1307 προσεκολλήθη

375 1321 456 1392 τῷ
482 1323 775 1393 στρατηγῷ
803 1324 1144 1386 Μακεδονίας
1195 1325 1274 1395 τῷ
1310 1325 1565 1398 Τζάντςῃ
1585 1326 1955 1381 ὲκδουλεύεινο

372 1411 444 1482 ἦν
470 1415 528 1466 δὲ
572 1413 712 1468 ἑτῶν
769 1413 870 1468 κε’.
908 1416 1018 1468 Καὶ
1044 1416 1238 1486 ’μηδὲν
1270 1418 1401 1488 παρ’
1442 1419 1608 1472 αὐτοῦ
1654 1419 1960 1489 ὠφεληθεὶς

372 1505 540 1580 ἦλθεν
577 1510 636 1560 ὲν
658 1511 725 1578 τῇ
751 1507 926 1562 πόλει.
961 1509 1074 1561 Καὶ⁹
1111 1509 1370 1563 εἰσελθὼν
1412 1511 1558 1565 ἔνδον
1589 1515 1687 1582 τῆς
1733 1513 1958 1582 Χρυσῆς

375 1601 606 1671 πόρτης,
635 1601 760 1653 ἐπεὶ
793 1601 1183 1670 κεκοπωμένος
1220 1597 1289 1672 ἦν
1329 1603 1434 1656 ἀπὸ
1465 1607 1564 1673 τῆς
1619 1604 1954 1678 ὁδοιπορίας,

373 1693 660 1763 Κυριακῆς
695 1693 907 1762 ἡμέρας
946 1692 1136 1763 οὔσης,
1169 1695 1408 1764 ἑσπέρας
1444 1695 1758 1759 ἀνακλιθεὶς
1789 1698 1846 1748 ἐν
1877 1697 1956 1766 τῷ

1277 391 1643 454 ANNALES.
1688 413 1755 429 ά·-
1786 394 2131 453 MICHAEL
2165 391 2258 454 ET
2304 392 2738 456 THEODORA.

2474 504 2598 558 Mox
2652 505 2840 575 itaque
2890 505 3120 574 jubente
3173 509 3505 579 imperatore
3554 517 3659 568 ad;

2066 591 2269 646 ductus
2313 593 2550 648 Basilius
2587 603 2700 655 est;
2750 610 2815 649 ac
2845 595 3070 650 dextera
3111 598 3333 667 quidem
3372 603 3499 672 equi
3547 604 3658 658 tre-

2066 698 2200 737 num
2252 695 2482 747 tenens,
2539 686 2826 755 alteraque
2885 686 3034 741 illius
3085 690 3430 759 apprehensa
3489 709 3655 759 aure,

2065 776 2134 829 ad
2202 778 2321 831 ovis
2385 792 2514 830 mox
2585 778 3071 833 mansuetudinem
3149 780 3352 851 adegit.
3443 783 3658 838 Placuit

2066 866 2357 930 Michaeli,
2427 868 2707 937 traditque
2765 869 3001 925 Andrea:
3078 871 3490 940 llCl‘JEI‘lal‘CbiB,
3562 893 3655 930 so-

2067 957 2284 1012 dalibus
2337 958 2746 1029 adlegendum,
2801 968 2858 1014 et
2917 970 2980 1015 ut
3024 963 3184 1031 equis
3250 964 3417 1035 regiis
3463 981 3652 1020 curam

2063 1060 2311 1106 navaret.

2133 1142 2224 1197 'll.
2278 1142 2404 1197 Fuit
2454 1143 2690 1199 Basilius
2735 1162 2935 1216 genere
2993 1149 3250 1215 Macedo,
3301 1151 3653 1222 Adrianopoa-

2061 1233 2267 1290 litanus
2329 1237 2542 1306 patria;
2608 1238 2948 1310 adhaesitque
3006 1241 3343 1298 Macedoniae
3423 1249 3650 1315 pratori

2063 1324 2346 1390 Tzantzze,
2400 1328 2522 1397 ejus
2567 1327 2822 1383 addictus
2867 1331 3157 1399 obsequio.
3213 1333 3402 1386 Annos
3453 1327 3649 1404 viginti

2061 1415 2309 1486 quinque
2361 1427 2527 1473 natus
2577 1427 2740 1484 erat;
2793 1420 3046 1490 nihilque
3101 1437 3170 1476 ex
3224 1421 3319 1476 illo
3365 1424 3652 1479 elucratus

2061 1509 2119 1563 in
2166 1509 2360 1564 urbem
2410 1525 2470 1565 se
2527 1511 2784 1566 contulit.
2851 1512 3138 1582 Ingressus
3196 1529 3331 1568 vero
3381 1513 3649 1585 Chrysem

2059 1611 2298 1670 portam,
2341 1603 2491 1673 quod
2530 1603 2710 1658 fessus
2742 1620 2811 1658 ex
2844 1604 3046 1660 itinere
3080 1606 3309 1675 diesque
3335 1598 3501 1679 656
3539 1609 3650 1662 Dos-

2059 1695 2264 1748 minica
2300 1702 2442 1760 erat,
2485 1695 2542 1750 in
2581 1695 2638 1750 S.
2683 1697 2986 1760 Diomedis,
3023 1693 3170 1766 quod
3215 1699 3348 1753 Elim
3384 1700 3649 1770 templum

373 1785 642 1855 πεζουλίῳ
668 1785 762 1837 τοῦ
798 1785 980 1852 Ἁγίου
1011 1786 1335 1856 Διομήδους,
1371 1786 1430 1849 ὃς
1456 1789 1517 1841 τὸ
1570 1792 1702 1857 πρὶν
1761 1790 1946 1843 Ἦλιοὺ

2060 1785 2217 1856 prius
2254 1787 2576 1853 vocabatur,
2620 1788 2821 1842 exedra
2862 1788 2930 1842 ad
2967 1790 3190 1859 januam
3237 1790 3476 1860 jacebat.
3520 1791 3650 1846 Erat

371 1877 498 1939 ναὸς
533 1878 890 1947 ἐχρημάτισε.
928 1878 1210 1950 Καθολικὴ
1243 1880 1352 1950 γὰρ
1380 1876 1447 1950 ἦν
1478 1883 1510 1951 ἡ
1539 1881 1826 1953 ἐκκλησία,
1857 1883 1952 1936 κα)⁸

372 1968 480 2022 ὑπὸ
521 1969 926 2039 προσμοναρίου
963 1967 1202 2039 τοῦνομα
1226 1971 1500 2024 Νικολάου
1529 1989 1542 2001 ·
1576 1966 1620 2039 ᾧ
1653 1974 1747 2026 καὶ
1777 1973 1951 2044 ἐφάνη

369 2064 438 2130 τῇ
469 2061 624 2114 νυκτί
666 2079 751 2124 τις
816 2065 1072 2133 φωνήσας
1098 2080 1112 2094 ο
1179 2065 1472 2133 Ἐγερθεὶς
1529 2066 1812 2136 εἰσάγαγε
1840 2072 1954 2120 τὸν

363 2150 635 2216 ,ϐασιλέα
671 2153 812 2207 ἔσω.
860 2153 919 2204 '0
976 2153 1032 2206 δὲ
1069 2155 1318 2226 ἐγερθεὶς
1367 2157 1557 2210 οὐδένα
1607 2152 1768 2230 εὗρεν
1793 2160 1950 2233 εἰμὴ

367 2243 462 2296 τὸν
495 2243 778 2296 Βασίλειον
813 2243 1068 2314 κείμενον
1101 2245 1176 2308 ὡς
1216 2247 1446 2317 πένητα,
1473 2249 1566 2302 καὶ
1592 2253 1951 2320 ἐπιστραφεὶς

370 2337 534 2390 πάλιν
551 2337 810 2408 ἀνεγλίθη
833 2340 912 2400 είς
943 2339 1041 2408 τὴν
1065 2340 1253 2410 κοίτην
1271 2341 1458 2397 αὐτοῦ.
1493 2343 1723 2411 Ὁμοίως
1752 2345 1808 2397 δὲ
1829 2344 1952 2396 τοῦ-

365 2441 428 2478 το
455 2429 550 2479 καὶ
583 2430 648 2480 ὲκ
685 2428 936 2497 δευτέρου
959 2429 1194 2496 ἐγένετο.
1227 2432 1322 2494 Εἰς
1377 2431 1432 2484 δὲ
1480 2431 1540 2483 τὸ
1581 2433 1764 2502 τρίτον
1813 2434 1953 2504 μετὰ

369 2521 647 2590 ῥομφαίας
705 2521 908 2591 ἔπληξε
956 2522 1055 2593 τὴν
1094 2523 1336 2592 πλευρὰν
1403 2525 1594 2591 αὐτού,
1629 2527 1802 2579 εἰπών
1829 2543 1840 2554 ·
1868 2532 1950 2582 Οὺ

369 2614 617 2679 βλέπεις
649 2614 873 2677 ἔξωθεν
927 2616 1033 2669 τοῦ
1082 2616 1364 2684 πυλῶνος
1408 2620 1951 2688 κείμενονςαὺτός

367 2707 538 2759 ἐστιν
563 2709 596 2760 ὀ
615 2707 920 2774 βασιλεὺς
941 2724 954 2736 ·
987 2708 1270 2779 εἰσάγαγε
1299 2713 1513 2767 αὐτόν.
1557 2703 1820 2776 Ἐξελθὼν
1853 2710 1948 2768 οὖν

368 2799 505 2870 μετὰ
554 2801 790 2870 σπουδῆς
820 2802 1143 2874 σύντρομος,
1177 2806 1270 2858 καὶ
1307 2804 1484 2876 εὑρὼν
1531 2806 1622 2859 τὸν
1661 2806 1948 2860 Βασίλειον

367 2890 506 2958 μετὰ
541 2890 726 2960 πήρας
766 2893 860 2944 καὶ
926 2893 1146 2962 ῥάϐδου,
1179 2896 1479 2964 εἰσήγαγεν
1531 2896 1658 2950 ἔσω.
1723 2897 1836 2949 Καὶ
1877 2900 1942 2969 τῇ

364 2982 629 3052 ἐπαύριον
649 2983 848 3048 λούσας
889 2986 1123 3056 ἢλλαξε-ι
1160 2989 1346 3052 αὐτὸν,
1381 2990 1478 3042 καὶ
1523 2990 1946 3060 ἁδελφοποιητδν

2055 1877 2206 1933 enim
2268 1877 2386 1933 ha‘c
2427 1878 2560 1933 viris
2617 1878 3055 1949 mulieribusque
3110 1882 3420 1936 communis
3467 1883 3650 1938 eccle‘

2055 1969 2136 2024 sia
2191 1971 2383 2041 (velut
2451 1987 2617 2042 quam
2670 1972 2969 2042 pareeciam
3005 1973 3303 2044 dicimus),
3347 1975 3436 2030 cui
3496 1991 3652 2029 man-

2055 2063 2330 2118 sionarius
2379 2066 2638 2121 Nicolaus
2689 2066 2914 2122 nomine
2968 2076 3224 2136 praeerat.
3282 2064 3419 2120 lluic
3475 2075 3646 2122 noctu

2055 2157 2279 2226 quidam
2312 2173 2585 2227 apparens
2616 2167 2812 2212 vocato
2840 2158 2918 2212 illi
2961 2157 3103 2223 iniit,
3131 2158 3299 2228 Surge
3327 2158 3647 2229 domumque

2054 2249 2430 2318 imperatorem
2462 2250 2712 2303 inducite.
2756 2248 2998 2320 Surgens
3031 2244 3144 2315 ille,
3181 2249 3513 2319 nemineque
3556 2250 3645 2303 in-

2053 2348 2219 2393 vento
2266 2350 2466 2409 praeter
2509 2339 2774 2395 anilium
2835 2342 3098 2410 pauperis
3139 2357 3292 2395 more
3339 2343 3640 2412 jacentem,

2055 2445 2313 2484 reversus
2375 2431 2575 2484 iterum
2643 2431 2787 2485 lecto
2844 2431 3118 2485 recubuit.
3185 2430 3453 2485 Similiter
3514 2447 3645 2485 vero
3715 2427 3720 2432 ’

2054 2521 2222 2574 etiam
2270 2521 2516 2576 secundo
2571 2536 2631 2575 se
2683 2536 2771 2575 res
2828 2521 2903 2575 ita
2955 2521 3169 2575 habuit.
3215 2521 3402 2574 Tertia
3457 2530 3646 2574 autem

2053 2616 2173 2671 vice
2221 2618 2432 2688 majore
2480 2617 2534 2670 vi
2574 2632 2639 2670 ac
2679 2617 3042 2686 expressione
3091 2616 3243 2670 illius
3291 2616 3472 2686 gladio
3520 2633 3646 2686 per-

2053 2723 2218 2762 cusso
2258 2708 2457 2769 latere,
2517 2707 2711 2762 Nonne
2752 2710 2913 2774 vides,
2948 2708 3162 2778 inquit,
3196 2711 3284 2779 qui
3329 2719 3480 2762 extra
3523 2726 3647 2778 por-

2054 2806 2162 2852 tam
2205 2798 2390 2866 jacet?
2436 2796 2489 2852 Is
2537 2799 2646 2868 ipse
2695 2801 2988 2870 imperator
3035 2809 3162 2854 est:
3208 2801 3382 2865 ipsum
3430 2801 3645 2854 domum

2051 2890 2303 2944 inducilo.
2347 2890 2588 2959 Propere
2638 2891 2824 2960 itaque
2867 2901 3218 2963 tremensque
3269 2908 3525 2962 egressus
3559 2893 3646 2946 in-

2052 2990 2279 3036 ventum
2335 2998 2461 3037 cum
2513 2998 2646 3052 pera
2703 2993 2871 3053 atque
2931 2984 3130 3039 baculo
3175 2985 3438 3040 Basilium
3491 2985 3646 3040 intus

363 3074 598 3146 ποιήσας
649 3077 1069 3146 συνευφραίνετο
1124 3080 1294 3149 αὐτῷ.
1329 3076 1438 3134 Ἦν
1466 3081 1523 3134 δὲ
1560 3081 1640 3152 τῷ
1690 3082 1946 3153 Νικολάῳ

2054 3073 2293 3143 collegit.
2343 3073 2500 3129 Mane
2552 3074 2751 3129 balneo
2813 3076 3137 3157 poculisque
3203 3077 3516 3146 accipiens,
3576 3092 3651 3131 ac

361 3166 589 3235 ἁδελφὸς
625 3168 808 3237 ἰατρὸς
850 3168 1114 3223 δουλεύων
1150 3171 1227 3240 τῷ
1267 3173 1544 3244 εἰρημένῳ
1601 3173 1947 3244 Θεοφιλίτξῃ,

360 3255 421 3319 ὃς
453 3256 552 3310 καὶ
587 3257 732 3311 κατὰ
779 3257 952 3330 τύχην
1007 3260 1180 3312 ἐλθὼν
1210 3262 1345 3334 πρὸς
1385 3265 1476 3316 τὸν
1501 3265 1731 3333 ἀδελφὸν
1781 3267 1949 3320 αὐτοῦ

357 3348 633 3402 Νικόλαον
684 3343 792 3402 εἶδε
813 3350 903 3402 τ’ὺν
952 3350 1267 3417 Βασίλειον,
1315 3355 1410 3408 καὶ
1461 3354 1750 3424 θαυμάσας
1780 3357 1840 3409 τό
1887 3375 1947 3410 τε

361 3441 658 3512 ἀνάστημα
687 3443 786 3512 τῆς
815 3441 1033 3512 ἡλικίας
1073 3445 1239 3498 αὑτοῦ
1267 3447 1361 3498 καὶ
1385 3447 1445 3499 τὸ
1487 3443 1626 3512 εἶδος
1650 3448 1840 3520 ἠρώτα
1867 3449 1948 3521 τῷ

359 3532 576 3600 ἀδελφῷ
603 3531 768 3585 πόθεν
803 3533 973 3588 ἐστίν.
1005 3535 1061 3586 ’0
1083 3535 1138 3588 δὲ
1167 3537 1346 3591 πάντα
1373 3535 1496 3590 εἷπε
1528 3538 1666 3608 πλὴν
1694 3539 1792 3609 τῆς
1818 3541 1949 3609 ὁρά-

362 3639 520 3684 σεως.
551 3623 688 3675 Μετ’
707 3623 894 3693 ὀλίγας
915 3622 1007 3679 οὖν
1025 3627 1241 3697 ἡμέρας
1271 3627 1364 3680 τοῦ
1381 3628 1703 3700 Θεοφιλίτζη
1727 3631 1949 3700 ζητούν-

360 3724 448 3774 to;
507 3713 797 3784 ἄνθρωπον
852 3716 1095 3786 ἀνδρεῖον
1156 3719 1236 3780 εἰς
1292 3719 1437 3782 τοὺς
1492 3720 1694 3783 ἵππους
1756 3723 1942 3787 αὑτοῦ,

366 3804 545 3873 παρῆν
574 3807 816 3878 Harpe;
837 3813 928 3860 καὶ
963 3809 1029 3861 τὰ
1047 3808 1283 3880 περὶτοῦ
1315 3810 1599 3864 Βασιλείου
1622 3812 1939 3882 διηγήσατο.

376 3893 546 3965 Ἰιχθη
575 3895 665 3950 οὖν
693 3902 721 3952 ὁ
778 3899 1059 3964 Βασίλειος
1117 3903 1420 3974 συντόμως,
1461 3903 1556 3956 καὶ
1607 3903 1943 3973 θεασάμενος

373 3987 900 4059 αύτὺνΘεοφιλίτζης
955 3994 1195 4063 ἠράσθη.
1223 3994 1378 4047 Ἐπεὶ
1426 3994 1483 4046 δὲ
1531 3996 1864 4066 ὲπιάγουρος
1895 3996 1940 4026 ³⁸

364 4074 434 4150 ἧν
464 4080 554 4133 καὶ
588 4084 1058 4152 μεγαλοκέφαλος,
1113 4087 1270 4139 καλεῖ
1307 4086 1468 4139 αὑτὸν
1518 4088 1798 4156 Κεφαλᾶν,
1847 4089 1940 4141 καὶ

358 4171 588 4226 δέδωκεν
621 4176 771 4246 αὐτῷ
806 4177 1084 4231 δουλεύειν
1105 4179 1230 4241 τοὺς
1263 4181 1464 4244 ἵππους
1496 4182 1682 4233 αὑτοῦ.
1719 4181 1938 4235 Ἐντεῦ-

355 4267 466 4330 Οεν,
505 4270 582 4332 ὡς
613 4272 850 4340 εἴρηται,
888 4271 1088 4323 δίδοται
1143 4271 1220 4342 τῷ
1248 4272 1459 4342 βασιλεῖ
1504 4273 1743 4344 Μιχαὴλ.
1799 4275 1860 4326 Ὀ
1882 4273 1938 4325 δὲ

353 4363 614 4432 βασιλεὺς
645 4366 867 4436 Μιχαὴλ
906 4368 1216 4434 εἰσαγαγὼν
1241 4367 1332 4419 τὸν
1357 4368 1639 4420 Βασίλειον
1669 4368 1807 4438 πρὸς
1837 4368 1935 4437 τὴν

354 4458 572 4528 μητέρα
595 4458 760 4510 αὐτοῦ
791 4455 971 4512 εἶπεν·
1004 4457 1210 4525 Δεῦρο,
1237 4459 1348 4525 ἴδε,
1377 4461 1587 4529 μῆτερ,
1623 4461 1941 4530 ἄνθρωπον

350 4551 426 4602 ὃν
471 4550 859 4619 ὲπελαϐόμην
934 4552 1070 4606 νῦν.
1109 4551 1172 4603 Ἠ
1218 4551 1275 4603 δὲ
1301 4551 1592 4617 ἐξελθοῦσα
1625 4553 1718 4605 καὶ
1753 4554 1943 4609 τοῦτον

355 4641 542 4695 ἰδοῦσα
567 4645 914 4715 ἀπεστράφη,
935 4645 1182 4708 εἰποῦσα,
1204 4641 1391 4709 Οὗτός
1407 4645 1558 4707 ἐστι,
1572 4644 1939 4716 τέκνω-μου,

351 4737 384 4785 ό
398 4733 649 4802 μέλλων
679 4735 796 4802 τὴν
821 4737 1040 4804 γενεὰν
1067 4737 1236 4805 ἡμῶν
1269 4737 1580 4804 ἀφανίσαι,
1618 4736 1676 4790 '0
1699 4739 1754 4790 δὲ
1783 4739 1939 4808 βασι-

351 4826 480 4890 λεὺς
519 4827 775 4899 οὐδαμῶς
835 4828 1064 4900 ἐπείσθη
1107 4829 1365 4899 ἢὴκουσε
1426 4829 1523 4897 τῆς
1585 4830 1790 4899 μητρὸς
1841 4831 1940 4884 αύ-

343 4935 465 4973 του.

421 5214 514 5287 ιβ’.
545 5213 636 5284 Τῷ
667 5213 736 5268 ια’
764 5210 875 5267 ἔτει
907 5209 1074 5266 αὐτοῦ
1105 5211 1458 5282 ἐτελεύτησεν
1489 5214 1518 5265 ὁ
1538 5213 1598 5264 ὲν
1621 5213 1798 5282 ἁγίοις
1828 5232 1934 5268 πα-

342 5307 1021 5381 τριάρχηςΜεθὸδιος,καὶ
1041 5304 1157 5359 ἀντ’
1175 5306 1340 5359 αὐτοῦ
1359 5310 1742 5376 χειροτονεῖται
1761 5308 1932 5377 Ἰγνά-

341 5420 463 5466 τιος
494 5402 584 5473 [Ρ.
619 5399 748 5472 455]
775 5403 804 5454 ὀ
833 5400 947 5462 υἱὸς
985 5399 1399 5470 κουροπαλάτου
1440 5400 1535 5453 τοῦ
1570 5399 1930 5470 βασιλεύσαν-

340 5511 461 5558 τος.
491 5493 612 5548 Τῶν
643 5495 700 5547 δὲ
729 5493 1056 5562 Βουλγάρων
1101 5493 1199 5560 τὴν
1227 5491 1450 5564 Θρᾴκην
1473 5493 1566 5546 καὶ
1591 5493 1928 5548 Μακεδονίαν

338 5585 708 5658 ληϊζομένων,
728 5589 762 5655 ἡ
798 5583 1052 5655 Θεοδώρα
1078 5582 1385 5647 ταξατίωνα
1418 5584 1684 5656 πέμψασα
1705 5585 1928 5649 τούτους

336 5677 447 5748 τῆς
478 5676 658 5746 ῥύμης
685 5676 934 5746 ἔστησεν.

2054 3175 2236 3221 vestes
2291 3174 2544 3232 mutans,
2591 3183 2716 3222 cum
2756 3182 2823 3222 eo
2861 3153 3176 3224 laetabatur.
3221 3169 3354 3222 Erat
3412 3168 3642 3223 Nicolao

2053 3257 2226 3311 frater
2262 3258 2528 3324 medicus,
2579 3261 2676 3329 qui
2718 3259 2836 3329 ipse
2873 3261 2923 3315 ei
2973 3276 3138 3329 quem
3178 3259 3430 3314 dicebam
3456 3259 3640 3313 Theo-

2052 3351 2268 3420 philitzi
2312 3353 2578 3407 merebat.
2628 3353 2679 3408 Is
2733 3369 2859 3409 cum
2911 3354 3199 3408 Nicolaum
3245 3354 3390 3408 forte
3434 3368 3640 3408 eonve‘

2051 3444 2246 3510 uisset,
2292 3445 2413 3500 viso
2451 3446 2676 3511 Basilio,
2723 3447 3072 3516 miratusque
3115 3456 3339 3502 statum
3378 3457 3642 3516 prmstam

2051 3537 2181 3592 tiam
2218 3553 2282 3592 ac
2322 3537 2512 3592 forma:
2539 3547 2908 3598 venustatem.
2940 3555 3008 3592 ex
3046 3539 3218 3594 fratre
3255 3538 3641 3593 sciscitabatur

2049 3629 2328 3682 undenam
2376 3629 2422 3684 is
2461 3638 2628 3684 esset.
2673 3628 2773 3684 Cui
2824 3631 2918 3686 ille
2965 3639 3163 3684 cuncta
3216 3629 3471 3700 aperuit,
3528 3643 3662 3682 uno,

2049 3719 2318 3775 duntaxat
2369 3730 2602 3790 excepto
2650 3721 2789 3776 viso.
2842 3723 2972 3776 Post
3012 3737 3221 3792 paucos
3271 3723 3457 3790 itaque
3497 3721 3641 3785 dies,

2048 3826 2172 3864 cum
2216 3812 2632 3881 Theophilitzes
2671 3813 2951 3866 hominem
3001 3821 3290 3866 strenuum
3322 3809 3496 3880 equili
3539 3826 3642 3864 suo

2046 3902 2459 3970 praeﬁciendum
2509 3912 2802 3972 quaereret,
2851 3903 3029 3956 adfuit
3077 3892 3354 3963 medicus,
3406 3917 3471 3956 ac
3516 3918 3641 3971 qua:

2045 4005 2277 4046 noverat
2326 3993 2539 4046 rettulit
2593 3993 2662 4048 de
2723 3993 2946 4048 Basilio.
3000 3994 3122 4047 Cito
3177 3994 3344 4062 igitur
3403 3993 3494 4046 ille
3542 3993 3640 4046 ad-

2045 4086 2246 4140 ductus
2291 4092 2396 4139 est.
2442 4083 2612 4156 Cujus
2665 4085 2849 4138 statim
2903 4085 3170 4153 adspectu
3221 4083 3637 4153 Theophilitzcs

2046 4178 2219 4246 ipsius
2279 4193 2466 4232 amore
2521 4177 2755 4231 affectus
2807 4185 2911 4231 est.
2974 4175 3131 4242 Quod
3183 4190 3316 4230 vero
3372 4175 3636 4229 robustus

2038 4271 2260 4342 juvenis
2302 4279 2358 4325 et
2406 4270 2748 4339 constipatus
2787 4283 3093 4338 magnoque
3135 4268 3310 4336 capite
3351 4275 3489 4331 erat,
3530 4265 3636 4320 Ce-

2045 4364 2221 4435 phalus
2246 4378 2448 4418 nomen
2494 4361 2658 4433 657
2705 4360 2926 4427 indidit,
2981 4373 3194 4428 suoque
3245 4357 3421 4426 equili
3470 4357 3632 4411 addi-

1972 4438 2149 4512 Dxit.
2203 4456 2445 4522 Exinde,
2507 4464 2569 4510 ut
2620 4454 2832 4508 dictum
2880 4461 2994 4518 est,
3056 4452 3312 4507 Michaeli
3385 4451 3629 4506 tradidit.

2047 4550 2280 4606 Michael
2346 4549 2529 4618 itaque
2593 4547 2925 4618 imperator,
2986 4544 3214 4599 inducto
3275 4543 3343 4598 ad
3398 4552 3632 4598 matrem

2046 4643 2272 4709 Basilio,
2326 4643 2482 4707 Ades,
2535 4643 2734 4712 inquit,
2777 4649 2964 4705 mater,
3011 4655 3072 4692 ac
3114 4639 3230 4692 vide
3281 4654 3435 4708 quem
3483 4638 3634 4690 hodie

2044 4740 2306 4794 hominem
2357 4748 2542 4792 nactus
2590 4737 2711 4791 sim.
2754 4736 2987 4805 Egressa
3037 4733 3130 4787 illa
3185 4741 3481 4802 conspecto
3534 4732 3632 4786 ho-

2045 4831 2193 4886 mine
2246 4830 2444 4901 pedem
2502 4830 2744 4895 rettulit,
2791 4830 3032 4896 aitque:
3080 4825 3179 4879 Hic
3222 4834 3327 4888 est,
3369 4824 3481 4892 ﬁli,
3541 4825 3658 4893 qui-

2037 4941 2198 4993 genus
2247 4932 2485 4978 nostrum
2553 4939 2616 4976 ac
2673 4919 2940 4992 familiam
2990 4917 3207 4971 delebit.
3270 4908 3488 4971 Nullam
3545 4925 3630 4969 ta-

2037 5031 2160 5070 men
2227 5016 2273 5069 is
2327 5015 2489 5070 matri
2543 5015 2705 5069 (idem
2763 5011 2958 5066 habuit
3017 5018 3112 5064 aut
3159 5009 3455 5078 quicquam
3505 5022 3621 5060 mo-

2037 5121 2152 5160 rem
2190 5107 2378 5175 gessit.

2109 5221 2195 5273 1'2.
2257 5219 2417 5273 Anno
2481 5219 2602 5289 ejus
2673 5217 2998 5280 undecimo,
3069 5221 3260 5268 sancto
3313 5211 3624 5284 patriarcha

2042 5310 2322 5366 Methodio
2368 5308 2652 5374 defuncto,
2700 5311 2820 5382 ejus
2858 5310 2980 5364 loco
3023 5305 3315 5362 ordinatur
3358 5305 3623 5374 lgnatius.

2040 5403 2322 5459 Michaelis
2371 5402 2713 5474 Curopalata:
2751 5403 3030 5473 quondam
3069 5398 3420 5469 imperatoris
3457 5397 3622 5450 titius.

2039 5495 2289 5567 Bulgaris
2317 5502 2502 5550 autem
2537 5495 2828 5550 Thraciam
2858 5509 2922 5549 ac
2953 5489 3324 5547 Macedoniam
3361 5487 3626 5541 infestatio

2037 5590 2215 5654 tibus,
2249 5590 2524 5660 expeditis
2556 5588 2848 5668 Theodora
2888 5586 3211 5644 cohortibus
3243 5595 3435 5638 eorum
3477 5580 3628 5634 inhi-

2032 5680 2155 5735 buit
2182 5680 2447 5750 impetum
2478 5695 2540 5737 ac
2574 5678 2859 5751 repreSsit.

1642 5768 1874 5826 VARIIE
1916 5769 2319 5828 LECTIONES.

412 5863 467 5900 ³⁸
486 5865 782 5937 ὲπίσγυρος
814 5865 872 5921 Ρ.
897 5863 970 5922 cf.
1007 5880 1059 5936 p.
1093 5865 1197 5920 552
1229 5866 1282 5921 b.
