  <div class='ocr_page' id='page_1' title='image "/cluster/home/n/w/nwhite01/storage/ocr_20150623/109/coo.31924054870138/368.png"; bbox 0 0 4124 6490; ppageno 0'>
   <div class='ocr_carea' id='block_1_1' title="bbox 357 405 461 469">
    <p class='ocr_par' dir='ltr' id='par_1_1' title="bbox 357 405 461 469">
     <span class='ocr_line' id='line_1_1' title="bbox 357 405 461 469; baseline 0.01 -1"><span class='ocrx_word' id='word_1_1' title='bbox 357 405 461 469; x_wconf 70' lang='lat'><strong>721</strong></span> 
     </span>
    </p>
   </div>
   <div class='ocr_carea' id='block_1_2' title="bbox 1275 407 2727 474">
    <p class='ocr_par' dir='ltr' id='par_1_2' title="bbox 1275 407 2727 474">
     <span class='ocr_line' id='line_1_2' title="bbox 1275 407 2727 474; baseline 0.005 -8"><span class='ocrx_word' id='word_1_2' title='bbox 1275 407 1642 468; x_wconf 79' lang='lat' dir='ltr'><strong>ANNALES.</strong></span> <span class='ocrx_word' id='word_1_3' title='bbox 1687 431 1744 446; x_wconf 79' lang='lat'><strong>-</strong></span> <span class='ocrx_word' id='word_1_4' title='bbox 1784 408 2128 470; x_wconf 69' lang='lat' dir='ltr'><strong>MlClIAEL</strong></span> <span class='ocrx_word' id='word_1_5' title='bbox 2161 411 2254 471; x_wconf 80' lang='grc' dir='ltr'><strong>ΕΤ</strong></span> <span class='ocrx_word' id='word_1_6' title='bbox 2294 413 2727 474; x_wconf 76' lang='lat' dir='ltr'><strong>THEODORA.</strong></span> 
     </span>
    </p>
   </div>
   <div class='ocr_carea' id='block_1_3' title="bbox 3542 414 3652 477">
    <p class='ocr_par' dir='ltr' id='par_1_3' title="bbox 3542 414 3652 477">
     <span class='ocr_line' id='line_1_3' title="bbox 3542 414 3652 477; baseline -0.009 0"><span class='ocrx_word' id='word_1_7' title='bbox 3542 414 3652 477; x_wconf 67' lang='lat'><strong>7:72</strong></span> 
     </span>
    </p>
   </div>
   <div class='ocr_carea' id='block_1_4' title="bbox 355 518 1964 601">
    <p class='ocr_par' dir='ltr' id='par_1_4' title="bbox 355 518 1944 593">
     <span class='ocr_line' id='line_1_4' title="bbox 355 518 1944 593; baseline 0.001 -20"><span class='ocrx_word' id='word_1_8' title='bbox 355 519 632 593; x_wconf 62' lang='grc' dir='ltr'><strong>Ιἴασιλέιιος</strong></span> <span class='ocrx_word' id='word_1_9' title='bbox 671 518 766 570; x_wconf 67' lang='grc' dir='ltr'>καὶ</span> <span class='ocrx_word' id='word_1_10' title='bbox 795 518 903 572; x_wconf 84' lang='grc' dir='ltr'><strong>τῶν</strong></span> <span class='ocrx_word' id='word_1_11' title='bbox 959 520 1421 574; x_wconf 69' lang='grc' dir='ltr'><strong>συνδειπνούντων</strong></span> <span class='ocrx_word' id='word_1_12' title='bbox 1475 523 1712 592; x_wconf 58' lang='grc' dir='ltr'>ἀφιέντι,</span> <span class='ocrx_word' id='word_1_13' title='bbox 1741 525 1814 585; x_wconf 80' lang='grc' dir='ltr'>ὡς</span> <span class='ocrx_word' id='word_1_14' title='bbox 1850 523 1944 576; x_wconf 72' lang='grc' dir='ltr'>καὶ</span> 
     </span>
    </p>
   </div>
   <div class='ocr_carea' id='block_1_5' title="bbox 2068 518 3656 601">
    <p class='ocr_par' dir='ltr' id='par_1_5' title="bbox 2068 527 3656 601">
     <span class='ocr_line' id='line_1_5' title="bbox 2068 527 3656 601; baseline 0.005 -22"><span class='ocrx_word' id='word_1_15' title='bbox 2068 542 2110 581; x_wconf 82' lang='lat'><strong>&gt;3</strong></span> <span class='ocrx_word' id='word_1_16' title='bbox 2157 527 2337 597; x_wconf 85' lang='lat' dir='ltr'><strong>ipsum</strong></span> <span class='ocrx_word' id='word_1_17' title='bbox 2386 527 2740 597; x_wconf 73' lang='lat' dir='ltr'><strong>imperatoris</strong></span> <span class='ocrx_word' id='word_1_18' title='bbox 2789 543 2854 582; x_wconf 86' lang='lat' dir='ltr'><strong>ac</strong></span> <span class='ocrx_word' id='word_1_19' title='bbox 2910 529 3274 584; x_wconf 76' lang='lat' dir='ltr'><strong>convivarum</strong></span> <span class='ocrx_word' id='word_1_20' title='bbox 3327 545 3396 585; x_wconf 81' lang='lat' dir='ltr'><strong>ex</strong></span> <span class='ocrx_word' id='word_1_21' title='bbox 3431 530 3656 601; x_wconf 91' lang='lat' dir='ltr'><strong>impuro</strong></span> 
     </span>
    </p>
   </div>
   <div class='ocr_carea' id='block_1_6' title="bbox 285 609 1950 686">
    <p class='ocr_par' dir='ltr' id='par_1_6' title="bbox 285 609 1950 686">
     <span class='ocr_line' id='line_1_6' title="bbox 285 609 1950 686; baseline 0 -18"><span class='ocrx_word' id='word_1_22' title='bbox 285 669 288 672; x_wconf 94' lang='lat'><strong><em>_</em></strong></span> <span class='ocrx_word' id='word_1_23' title='bbox 354 617 415 668; x_wconf 78' lang='grc' dir='ltr'>τὸ</span> <span class='ocrx_word' id='word_1_24' title='bbox 444 612 670 682; x_wconf 78' lang='grc' dir='ltr'>φατλίον</span> <span class='ocrx_word' id='word_1_25' title='bbox 703 611 764 664; x_wconf 77' lang='grc' dir='ltr'>τὸ</span> <span class='ocrx_word' id='word_1_26' title='bbox 789 609 1012 675; x_wconf 81' lang='grc' dir='ltr'><strong>τούτους</strong></span> <span class='ocrx_word' id='word_1_27' title='bbox 1056 613 1429 682; x_wconf 74' lang='grc' dir='ltr'>φωταγωγοῦν</span> <span class='ocrx_word' id='word_1_28' title='bbox 1479 616 1543 666; x_wconf 81' lang='grc' dir='ltr'>ὲκ</span> <span class='ocrx_word' id='word_1_29' title='bbox 1572 615 1664 668; x_wconf 70' lang='grc' dir='ltr'><strong>τοῦ</strong></span> <span class='ocrx_word' id='word_1_30' title='bbox 1694 616 1950 686; x_wconf 81' lang='grc' dir='ltr'>τηλικού-</span> 
     </span>
    </p>
   </div>
   <div class='ocr_carea' id='block_1_7' title="bbox 357 703 1949 780">
    <p class='ocr_par' dir='ltr' id='par_1_7' title="bbox 357 703 1949 780">
     <span class='ocr_line' id='line_1_7' title="bbox 357 703 1949 780; baseline 0.001 -21"><span class='ocrx_word' id='word_1_31' title='bbox 357 723 451 759; x_wconf 88' lang='grc' dir='ltr'><strong>του</strong></span> <span class='ocrx_word' id='word_1_32' title='bbox 487 703 664 775; x_wconf 78' lang='grc' dir='ltr'>ψόφου</span> <span class='ocrx_word' id='word_1_33' title='bbox 701 703 1008 757; x_wconf 77' lang='grc' dir='ltr'>ἀποσϐέσαι</span> <span class='ocrx_word' id='word_1_34' title='bbox 1037 705 1116 775; x_wconf 78' lang='grc' dir='ltr'><strong>τῷ</strong></span> <span class='ocrx_word' id='word_1_35' title='bbox 1167 706 1457 778; x_wconf 79' lang='grc' dir='ltr'><strong>παραδόξῳ</strong></span> <span class='ocrx_word' id='word_1_36' title='bbox 1509 707 1774 779; x_wconf 82' lang='grc' dir='ltr'>Θαύματι,</span> <span class='ocrx_word' id='word_1_37' title='bbox 1817 727 1949 780; x_wconf 81' lang='grc' dir='ltr'>χρυ-</span> 
     </span>
    </p>
   </div>
   <div class='ocr_carea' id='block_1_8' title="bbox 364 795 1176 870">
    <p class='ocr_par' dir='ltr' id='par_1_8' title="bbox 364 795 1176 870">
     <span class='ocr_line' id='line_1_8' title="bbox 364 795 1176 870; baseline 0 -18"><span class='ocrx_word' id='word_1_38' title='bbox 364 799 473 852; x_wconf 78' lang='grc' dir='ltr'>σίου</span> <span class='ocrx_word' id='word_1_39' title='bbox 499 795 814 867; x_wconf 80' lang='grc' dir='ltr'><strong>νομίσματα</strong></span> <span class='ocrx_word' id='word_1_40' title='bbox 843 797 1080 851; x_wconf 71' lang='grc' dir='ltr'>δέδωκεν</span> <span class='ocrx_word' id='word_1_41' title='bbox 1109 796 1176 870; x_wconf 88' lang='grc' dir='ltr'><strong>ρ’.</strong></span> 
     </span>
    </p>
   </div>
   <div class='ocr_carea' id='block_1_9' title="bbox 439 869 1955 966">
    <p class='ocr_par' dir='ltr' id='par_1_9' title="bbox 439 891 1955 966">
     <span class='ocr_line' id='line_1_9' title="bbox 439 891 1955 966; baseline 0.001 -20"><span class='ocrx_word' id='word_1_42' title='bbox 439 891 512 950; x_wconf 84' lang='grc' dir='ltr'>ιε’.</span> <span class='ocrx_word' id='word_1_43' title='bbox 551 891 741 956; x_wconf 79' lang='grc' dir='ltr'>Οὕτως</span> <span class='ocrx_word' id='word_1_44' title='bbox 772 893 982 956; x_wconf 81' lang='grc' dir='ltr'>ἐκεῖνος</span> <span class='ocrx_word' id='word_1_45' title='bbox 1018 893 1098 958; x_wconf 81' lang='grc' dir='ltr'><strong>εἰς</strong></span> <span class='ocrx_word' id='word_1_46' title='bbox 1130 893 1282 947; x_wconf 76' lang='grc' dir='ltr'>οὐδὲν</span> <span class='ocrx_word' id='word_1_47' title='bbox 1308 895 1428 949; x_wconf 78' lang='grc' dir='ltr'>δέον</span> <span class='ocrx_word' id='word_1_48' title='bbox 1457 895 1529 949; x_wconf 80' lang='grc' dir='ltr'>τὰ</span> <span class='ocrx_word' id='word_1_49' title='bbox 1557 896 1794 966; x_wconf 83' lang='grc' dir='ltr'>δημόσια</span> <span class='ocrx_word' id='word_1_50' title='bbox 1823 912 1955 947; x_wconf 83' lang='grc' dir='ltr'>κατ-</span> 
     </span>
    </p>
   </div>
   <div class='ocr_carea' id='block_1_10' title="bbox 366 987 1951 1059">
    <p class='ocr_par' dir='ltr' id='par_1_10' title="bbox 366 987 1951 1059">
     <span class='ocr_line' id='line_1_10' title="bbox 366 987 1951 1059; baseline -0.001 -15"><span class='ocrx_word' id='word_1_51' title='bbox 366 987 671 1044; x_wconf 75' lang='grc' dir='ltr'>ανάλισκεν.</span> <span class='ocrx_word' id='word_1_52' title='bbox 714 987 827 1040; x_wconf 74' lang='grc' dir='ltr'><strong>Καὶ</strong></span> <span class='ocrx_word' id='word_1_53' title='bbox 885 989 1055 1059; x_wconf 85' lang='grc' dir='ltr'><strong>μήπω</strong></span> <span class='ocrx_word' id='word_1_54' title='bbox 1137 989 1330 1058; x_wconf 78' lang='grc' dir='ltr'><strong>καιροῦ</strong></span> <span class='ocrx_word' id='word_1_55' title='bbox 1399 988 1758 1059; x_wconf 78' lang='grc' dir='ltr'><strong>παρελθόντος</strong></span> <span class='ocrx_word' id='word_1_56' title='bbox 1813 989 1951 1053; x_wconf 79' lang='grc' dir='ltr'>ἐνὸς,</span> 
     </span>
    </p>
   </div>
   <div class='ocr_carea' id='block_1_11' title="bbox 362 1081 1954 1155">
    <p class='ocr_par' dir='ltr' id='par_1_11' title="bbox 362 1081 1954 1155">
     <span class='ocr_line' id='line_1_11' title="bbox 362 1081 1954 1155; baseline 0.001 -20"><span class='ocrx_word' id='word_1_57' title='bbox 362 1084 483 1136; x_wconf 66' lang='grc' dir='ltr'>ἐπεὶ</span> <span class='ocrx_word' id='word_1_58' title='bbox 505 1083 605 1151; x_wconf 77' lang='grc' dir='ltr'>τῆς</span> <span class='ocrx_word' id='word_1_59' title='bbox 623 1083 1024 1151; x_wconf 84' lang='grc' dir='ltr'>στρατιωτικῆς</span> <span class='ocrx_word' id='word_1_60' title='bbox 1045 1081 1212 1154; x_wconf 78' lang='grc' dir='ltr'>ρόγας</span> <span class='ocrx_word' id='word_1_61' title='bbox 1233 1083 1415 1155; x_wconf 80' lang='grc' dir='ltr'>παρῆν</span> <span class='ocrx_word' id='word_1_62' title='bbox 1436 1085 1462 1137; x_wconf 81' lang='grc' dir='ltr'><strong>ὁ</strong></span> <span class='ocrx_word' id='word_1_63' title='bbox 1485 1083 1678 1154; x_wconf 80' lang='grc' dir='ltr'>καιρὸς</span> <span class='ocrx_word' id='word_1_64' title='bbox 1702 1083 1796 1136; x_wconf 69' lang='grc' dir='ltr'>καὶ</span> <span class='ocrx_word' id='word_1_65' title='bbox 1814 1100 1954 1153; x_wconf 79' lang='grc' dir='ltr'>χρη-</span> 
     </span>
    </p>
   </div>
   <div class='ocr_carea' id='block_1_12' title="bbox 367 1171 1956 1249">
    <p class='ocr_par' dir='ltr' id='par_1_12' title="bbox 367 1171 1956 1249">
     <span class='ocr_line' id='line_1_12' title="bbox 367 1171 1956 1249; baseline 0 -18"><span class='ocrx_word' id='word_1_66' title='bbox 367 1176 557 1246; x_wconf 83' lang='grc' dir='ltr'>μάτων</span> <span class='ocrx_word' id='word_1_67' title='bbox 611 1173 781 1246; x_wconf 76' lang='grc' dir='ltr'>πόρος</span> <span class='ocrx_word' id='word_1_68' title='bbox 822 1175 924 1228; x_wconf 80' lang='grc' dir='ltr'>οὐκ</span> <span class='ocrx_word' id='word_1_69' title='bbox 979 1171 1071 1246; x_wconf 79' lang='grc' dir='ltr'>ἦν,</span> <span class='ocrx_word' id='word_1_70' title='bbox 1122 1177 1223 1246; x_wconf 85' lang='grc' dir='ltr'>τήν</span> <span class='ocrx_word' id='word_1_71' title='bbox 1249 1194 1310 1229; x_wconf 84' lang='grc' dir='ltr'><strong>τε</strong></span> <span class='ocrx_word' id='word_1_72' title='bbox 1351 1177 1564 1247; x_wconf 73' lang='grc' dir='ltr'>χρυσῆν</span> <span class='ocrx_word' id='word_1_73' title='bbox 1609 1179 1827 1249; x_wconf 78' lang='grc' dir='ltr'>ἐκείνην</span> <span class='ocrx_word' id='word_1_74' title='bbox 1860 1177 1956 1231; x_wconf 72' lang='grc' dir='ltr'>καὶ</span> 
     </span>
    </p>
   </div>
   <div class='ocr_carea' id='block_1_13' title="bbox 363 1268 1958 1340">
    <p class='ocr_par' dir='ltr' id='par_1_13' title="bbox 363 1268 1958 1340">
     <span class='ocr_line' id='line_1_13' title="bbox 363 1268 1958 1340; baseline 0.001 -17"><span class='ocrx_word' id='word_1_75' title='bbox 363 1268 773 1340; x_wconf 76' lang='grc' dir='ltr'>πολυθρύλητον</span> <span class='ocrx_word' id='word_1_76' title='bbox 821 1268 1093 1322; x_wconf 80' lang='grc' dir='ltr'>πλάτανον</span> <span class='ocrx_word' id='word_1_77' title='bbox 1139 1271 1233 1324; x_wconf 73' lang='grc' dir='ltr'>καὶ</span> <span class='ocrx_word' id='word_1_78' title='bbox 1273 1271 1401 1334; x_wconf 82' lang='grc' dir='ltr'>τοὺς</span> <span class='ocrx_word' id='word_1_79' title='bbox 1451 1271 1546 1325; x_wconf 87' lang='grc' dir='ltr'><strong>δύο</strong></span> <span class='ocrx_word' id='word_1_80' title='bbox 1583 1271 1805 1334; x_wconf 79' lang='grc' dir='ltr'>λέοντας</span> <span class='ocrx_word' id='word_1_81' title='bbox 1864 1274 1958 1326; x_wconf 71' lang='grc' dir='ltr'>καὶ</span> 
     </span>
    </p>
   </div>
   <div class='ocr_carea' id='block_1_14' title="bbox 363 1360 1954 1435">
    <p class='ocr_par' dir='ltr' id='par_1_14' title="bbox 363 1360 1954 1435">
     <span class='ocr_line' id='line_1_14' title="bbox 363 1360 1954 1435; baseline 0.002 -20"><span class='ocrx_word' id='word_1_82' title='bbox 363 1363 492 1427; x_wconf 82' lang='grc' dir='ltr'>τοὺς</span> <span class='ocrx_word' id='word_1_83' title='bbox 505 1361 600 1416; x_wconf 88' lang='grc' dir='ltr'><strong>δύο</strong></span> <span class='ocrx_word' id='word_1_84' title='bbox 619 1360 860 1431; x_wconf 83' lang='grc' dir='ltr'><strong>γρῦπας,</strong></span> <span class='ocrx_word' id='word_1_85' title='bbox 885 1363 1210 1434; x_wconf 82' lang='grc' dir='ltr'>ὁλοχρύσους</span> <span class='ocrx_word' id='word_1_86' title='bbox 1241 1362 1403 1427; x_wconf 69' lang='grc' dir='ltr'>ὄντας</span> <span class='ocrx_word' id='word_1_87' title='bbox 1422 1364 1513 1418; x_wconf 75' lang='grc' dir='ltr'>καὶ</span> <span class='ocrx_word' id='word_1_88' title='bbox 1550 1365 1954 1435; x_wconf 81' lang='grc' dir='ltr'>σφυρηλάτους,</span> 
     </span>
    </p>
   </div>
   <div class='ocr_carea' id='block_1_15' title="bbox 362 1440 1957 1528">
    <p class='ocr_par' dir='ltr' id='par_1_15' title="bbox 362 1440 1957 1528">
     <span class='ocr_line' id='line_1_15' title="bbox 362 1440 1957 1528; baseline 0.003 -22"><span class='ocrx_word' id='word_1_89' title='bbox 362 1453 459 1508; x_wconf 70' lang='grc' dir='ltr'>καὶ</span> <span class='ocrx_word' id='word_1_90' title='bbox 488 1451 552 1506; x_wconf 75' lang='grc' dir='ltr'>τὸ</span> <span class='ocrx_word' id='word_1_91' title='bbox 601 1440 895 1523; x_wconf 70' lang='grc' dir='ltr'>ὁλόχρυσον</span> <span class='ocrx_word' id='word_1_92' title='bbox 939 1453 1194 1525; x_wconf 77' lang='grc' dir='ltr'>ὄργανον,</span> <span class='ocrx_word' id='word_1_93' title='bbox 1256 1455 1391 1509; x_wconf 83' lang='grc' dir='ltr'><strong>ἀλλὰ</strong></span> <span class='ocrx_word' id='word_1_94' title='bbox 1462 1457 1556 1509; x_wconf 78' lang='grc' dir='ltr'>καὶ</span> <span class='ocrx_word' id='word_1_95' title='bbox 1616 1455 1781 1528; x_wconf 73' lang='grc' dir='ltr'>ἕτερα</span> <span class='ocrx_word' id='word_1_96' title='bbox 1817 1457 1957 1528; x_wconf 77' lang='grc' dir='ltr'>ἔργα</span> 
     </span>
    </p>
   </div>
   <div class='ocr_carea' id='block_1_16' title="bbox 360 1543 1957 1618">
    <p class='ocr_par' dir='ltr' id='par_1_16' title="bbox 360 1543 1957 1618">
     <span class='ocr_line' id='line_1_16' title="bbox 360 1543 1957 1618; baseline 0.003 -20"><span class='ocrx_word' id='word_1_97' title='bbox 360 1543 528 1614; x_wconf 72' lang='grc' dir='ltr'>ὁλκὴν</span> <span class='ocrx_word' id='word_1_98' title='bbox 581 1543 774 1614; x_wconf 74' lang='grc' dir='ltr'>ἔχοντα</span> <span class='ocrx_word' id='word_1_99' title='bbox 797 1545 842 1576; x_wconf 82' lang='grc'><strong>³⁷</strong></span> <span class='ocrx_word' id='word_1_100' title='bbox 878 1545 986 1598; x_wconf 90' lang='grc' dir='ltr'><strong>τῶν</strong></span> <span class='ocrx_word' id='word_1_101' title='bbox 1005 1550 1050 1597; x_wconf 85' lang='grc' dir='ltr'>σ¹</span> <span class='ocrx_word' id='word_1_102' title='bbox 1081 1547 1453 1618; x_wconf 75' lang='grc' dir='ltr'>κεντηναρίων</span> <span class='ocrx_word' id='word_1_103' title='bbox 1495 1551 1590 1602; x_wconf 74' lang='grc' dir='ltr'>καὶ</span> <span class='ocrx_word' id='word_1_104' title='bbox 1643 1549 1838 1612; x_wconf 78' lang='grc' dir='ltr'>στολὰς</span> <span class='ocrx_word' id='word_1_105' title='bbox 1860 1547 1957 1613; x_wconf 81' lang='grc' dir='ltr'><strong>ωξ¹</strong></span> 
     </span>
    </p>
   </div>
   <div class='ocr_carea' id='block_1_17' title="bbox 358 1635 1958 1713">
    <p class='ocr_par' dir='ltr' id='par_1_17' title="bbox 358 1635 1958 1713">
     <span class='ocr_line' id='line_1_17' title="bbox 358 1635 1958 1713; baseline 0.004 -23"><span class='ocrx_word' id='word_1_106' title='bbox 358 1635 692 1708; x_wconf 69' lang='grc' dir='ltr'>ὁλοχρύσους</span> <span class='ocrx_word' id='word_1_107' title='bbox 760 1636 855 1690; x_wconf 79' lang='grc' dir='ltr'>καὶ</span> <span class='ocrx_word' id='word_1_108' title='bbox 905 1638 1349 1708; x_wconf 77' lang='grc' dir='ltr'>χρυσοῦφάντους</span> <span class='ocrx_word' id='word_1_109' title='bbox 1430 1640 1706 1710; x_wconf 84' lang='grc' dir='ltr'>χωνεύσας</span> <span class='ocrx_word' id='word_1_110' title='bbox 1755 1643 1958 1713; x_wconf 79' lang='grc' dir='ltr'>ἐχάρα-</span> 
     </span>
    </p>
   </div>
   <div class='ocr_carea' id='block_1_18' title="bbox 364 1728 1958 1802">
    <p class='ocr_par' dir='ltr' id='par_1_18' title="bbox 364 1728 1958 1802">
     <span class='ocr_line' id='line_1_18' title="bbox 364 1728 1958 1802; baseline 0.004 -21"><span class='ocrx_word' id='word_1_111' title='bbox 364 1730 446 1794; x_wconf 78' lang='grc' dir='ltr'><strong>ξε.</strong></span> <span class='ocrx_word' id='word_1_112' title='bbox 479 1730 576 1783; x_wconf 59' lang='grc' dir='ltr'><strong>καὶ⁸</strong></span> <span class='ocrx_word' id='word_1_113' title='bbox 622 1728 717 1800; x_wconf 82' lang='grc' dir='ltr'>τὴν</span> <span class='ocrx_word' id='word_1_114' title='bbox 758 1729 866 1783; x_wconf 85' lang='grc' dir='ltr'><strong>τῶν</strong></span> <span class='ocrx_word' id='word_1_115' title='bbox 905 1731 1254 1802; x_wconf 70' lang='grc' dir='ltr'>στρατιωτῶν</span> <span class='ocrx_word' id='word_1_116' title='bbox 1315 1733 1482 1800; x_wconf 72' lang='grc' dir='ltr'>ρόγαν</span> <span class='ocrx_word' id='word_1_117' title='bbox 1515 1733 1796 1801; x_wconf 75' lang='grc' dir='ltr'>ἐποίησεν.</span> <span class='ocrx_word' id='word_1_118' title='bbox 1826 1735 1958 1788; x_wconf 86' lang='grc' dir='ltr'>Ὂτε</span> 
     </span>
    </p>
   </div>
   <div class='ocr_carea' id='block_1_19' title="bbox 361 1817 1955 1898">
    <p class='ocr_par' dir='ltr' id='par_1_19' title="bbox 361 1817 1955 1898">
     <span class='ocr_line' id='line_1_19' title="bbox 361 1817 1955 1898; baseline 0.003 -23"><span class='ocrx_word' id='word_1_119' title='bbox 361 1821 422 1875; x_wconf 81' lang='grc' dir='ltr'>δὲ</span> <span class='ocrx_word' id='word_1_120' title='bbox 448 1821 478 1874; x_wconf 84' lang='grc' dir='ltr'><strong>ό</strong></span> <span class='ocrx_word' id='word_1_121' title='bbox 507 1821 790 1885; x_wconf 82' lang='grc' dir='ltr'>Βασίλειος</span> <span class='ocrx_word' id='word_1_122' title='bbox 806 1817 990 1894; x_wconf 77' lang='grc' dir='ltr'>ἦλθεν,</span> <span class='ocrx_word' id='word_1_123' title='bbox 1023 1822 1178 1876; x_wconf 75' lang='grc' dir='ltr'>οὐδὲν</span> <span class='ocrx_word' id='word_1_124' title='bbox 1217 1824 1345 1877; x_wconf 82' lang='grc' dir='ltr'>ἄλλο</span> <span class='ocrx_word' id='word_1_125' title='bbox 1369 1820 1530 1894; x_wconf 67' lang='grc' dir='ltr'>εὗρεν</span> <span class='ocrx_word' id='word_1_126' title='bbox 1558 1827 1608 1878; x_wconf 78' lang='grc' dir='ltr'>εἰ</span> <span class='ocrx_word' id='word_1_127' title='bbox 1647 1826 1722 1897; x_wconf 86' lang='grc' dir='ltr'>μὴ</span> <span class='ocrx_word' id='word_1_128' title='bbox 1757 1843 1955 1898; x_wconf 79' lang='grc' dir='ltr'>κεντη-</span> 
     </span>
    </p>
   </div>
   <div class='ocr_carea' id='block_1_20' title="bbox 366 1911 1956 1988">
    <p class='ocr_par' dir='ltr' id='par_1_20' title="bbox 366 1911 1956 1988">
     <span class='ocr_line' id='line_1_20' title="bbox 366 1911 1956 1988; baseline 0.004 -22"><span class='ocrx_word' id='word_1_129' title='bbox 366 1913 533 1985; x_wconf 76' lang='grc' dir='ltr'>νάρια</span> <span class='ocrx_word' id='word_1_130' title='bbox 577 1912 646 1983; x_wconf 78' lang='grc' dir='ltr'>ιγ’</span> <span class='ocrx_word' id='word_1_131' title='bbox 676 1915 772 1968; x_wconf 73' lang='grc' dir='ltr'>καὶ</span> <span class='ocrx_word' id='word_1_132' title='bbox 807 1915 1115 1987; x_wconf 83' lang='grc' dir='ltr'>μιλιαρίσια</span> <span class='ocrx_word' id='word_1_133' title='bbox 1146 1914 1210 1969; x_wconf 84' lang='lat'><strong>0&#39;.</strong></span> <span class='ocrx_word' id='word_1_134' title='bbox 1255 1916 1370 1984; x_wconf 75' lang='grc' dir='ltr'><strong>Ἐφ’</strong></span> <span class='ocrx_word' id='word_1_135' title='bbox 1399 1911 1483 1981; x_wconf 77' lang='grc' dir='ltr'>οἷς</span> <span class='ocrx_word' id='word_1_136' title='bbox 1517 1917 1740 1988; x_wconf 82' lang='grc' dir='ltr'>ἀπορῶν</span> <span class='ocrx_word' id='word_1_137' title='bbox 1771 1917 1832 1971; x_wconf 84' lang='grc' dir='ltr'>τὸ</span> <span class='ocrx_word' id='word_1_138' title='bbox 1860 1917 1956 1972; x_wconf 81' lang='grc' dir='ltr'><strong>νῦν</strong></span> 
     </span>
    </p>
   </div>
   <div class='ocr_carea' id='block_1_21' title="bbox 366 2007 1955 2080">
    <p class='ocr_par' dir='ltr' id='par_1_21' title="bbox 366 2007 1955 2080">
     <span class='ocr_line' id='line_1_21' title="bbox 366 2007 1955 2080; baseline 0.006 -21"><span class='ocrx_word' id='word_1_139' title='bbox 366 2007 626 2070; x_wconf 76' lang='grc' dir='ltr'>σενζάτον</span> <span class='ocrx_word' id='word_1_140' title='bbox 680 2007 1017 2078; x_wconf 82' lang='grc' dir='ltr'>καλούμενον</span> <span class='ocrx_word' id='word_1_141' title='bbox 1043 2010 1390 2080; x_wconf 72' lang='grc' dir='ltr'>χαραχθῆναι</span> <span class='ocrx_word' id='word_1_142' title='bbox 1417 2011 1672 2065; x_wconf 80' lang='grc' dir='ltr'>ἐκέλευσε</span> <span class='ocrx_word' id='word_1_143' title='bbox 1706 2009 1802 2067; x_wconf 68' lang='grc' dir='ltr'><strong>καὶ</strong></span> <span class='ocrx_word' id='word_1_144' title='bbox 1861 2015 1955 2068; x_wconf 81' lang='grc' dir='ltr'>τοῦ</span> 
     </span>
    </p>
   </div>
   <div class='ocr_carea' id='block_1_22' title="bbox 363 2099 1342 2172">
    <p class='ocr_par' dir='ltr' id='par_1_22' title="bbox 363 2099 1342 2172">
     <span class='ocr_line' id='line_1_22' title="bbox 363 2099 1342 2172; baseline 0.004 -20"><span class='ocrx_word' id='word_1_145' title='bbox 363 2099 630 2171; x_wconf 77' lang='grc' dir='ltr'>δημοσίου</span> <span class='ocrx_word' id='word_1_146' title='bbox 695 2101 1032 2171; x_wconf 77' lang='grc' dir='ltr'>ποιήσασθαι</span> <span class='ocrx_word' id='word_1_147' title='bbox 1063 2103 1342 2172; x_wconf 78' lang='grc' dir='ltr'>πρόνοιαν.</span> 
     </span>
    </p>
   </div>
   <div class='ocr_carea' id='block_1_23' title="bbox 440 2281 1958 2362">
    <p class='ocr_par' dir='ltr' id='par_1_23' title="bbox 440 2281 1958 2362">
     <span class='ocr_line' id='line_1_23' title="bbox 440 2281 1958 2362; baseline 0.005 -26"><span class='ocrx_word' id='word_1_148' title='bbox 440 2281 536 2350; x_wconf 80' lang='grc' dir='ltr'><strong>ις’.</strong></span> <span class='ocrx_word' id='word_1_149' title='bbox 571 2283 686 2338; x_wconf 84' lang='grc' dir='ltr'>Ἵνα</span> <span class='ocrx_word' id='word_1_150' title='bbox 722 2283 780 2338; x_wconf 70' lang='grc' dir='ltr'>δὲ</span> <span class='ocrx_word' id='word_1_151' title='bbox 812 2286 1007 2357; x_wconf 88' lang='grc' dir='ltr'>μικρόν</span> <span class='ocrx_word' id='word_1_152' title='bbox 1045 2304 1096 2339; x_wconf 87' lang='grc' dir='ltr'><strong>τι</strong></span> <span class='ocrx_word' id='word_1_153' title='bbox 1125 2285 1286 2354; x_wconf 80' lang='grc' dir='ltr'>λέξας</span> <span class='ocrx_word' id='word_1_154' title='bbox 1317 2287 1598 2356; x_wconf 72' lang='grc' dir='ltr'>βεϐαιώσω</span> <span class='ocrx_word' id='word_1_155' title='bbox 1624 2291 1692 2344; x_wconf 81' lang='grc' dir='ltr'><strong>τὰ</strong></span> <span class='ocrx_word' id='word_1_156' title='bbox 1729 2290 1958 2362; x_wconf 73' lang='grc' dir='ltr'>διηγούα-</span> 
     </span>
    </p>
   </div>
   <div class='ocr_carea' id='block_1_24' title="bbox 367 2379 1960 2454">
    <p class='ocr_par' dir='ltr' id='par_1_24' title="bbox 367 2379 1960 2454">
     <span class='ocr_line' id='line_1_24' title="bbox 367 2379 1960 2454; baseline 0.004 -24"><span class='ocrx_word' id='word_1_157' title='bbox 367 2395 509 2448; x_wconf 86' lang='grc' dir='ltr'>μενα</span> <span class='ocrx_word' id='word_1_158' title='bbox 541 2380 634 2432; x_wconf 85' lang='grc' dir='ltr'>καὶ</span> <span class='ocrx_word' id='word_1_159' title='bbox 664 2379 976 2448; x_wconf 74' lang='grc' dir='ltr'>σαφεστέρα</span> <span class='ocrx_word' id='word_1_160' title='bbox 1028 2381 1253 2452; x_wconf 80' lang='grc' dir='ltr'>γένηται</span> <span class='ocrx_word' id='word_1_161' title='bbox 1290 2382 1434 2453; x_wconf 81' lang='grc' dir='ltr'>ἠτοῦ</span> <span class='ocrx_word' id='word_1_162' title='bbox 1468 2383 1680 2453; x_wconf 72' lang='grc' dir='ltr'>ἀνδρὸς,</span> <span class='ocrx_word' id='word_1_163' title='bbox 1711 2385 1766 2436; x_wconf 78' lang='lat' dir='ltr'><strong>sl’</strong></span> <span class='ocrx_word' id='word_1_164' title='bbox 1796 2402 1861 2452; x_wconf 88' lang='grc' dir='ltr'><strong>γε</strong></span> <span class='ocrx_word' id='word_1_165' title='bbox 1894 2384 1960 2454; x_wconf 82' lang='grc' dir='ltr'>δὴ</span> 
     </span>
    </p>
   </div>
   <div class='ocr_carea' id='block_1_25' title="bbox 365 2470 1958 2544">
    <p class='ocr_par' dir='ltr' id='par_1_25' title="bbox 365 2470 1958 2544">
     <span class='ocr_line' id='line_1_25' title="bbox 365 2470 1958 2544; baseline 0.001 -19"><span class='ocrx_word' id='word_1_166' title='bbox 365 2473 463 2526; x_wconf 80' lang='grc' dir='ltr'>καὶ</span> <span class='ocrx_word' id='word_1_167' title='bbox 507 2470 677 2543; x_wconf 72' lang='grc' dir='ltr'>ἄνδρα</span> <span class='ocrx_word' id='word_1_168' title='bbox 708 2471 869 2524; x_wconf 79' lang='grc' dir='ltr'>αὑτὸν</span> <span class='ocrx_word' id='word_1_169' title='bbox 893 2473 1078 2526; x_wconf 80' lang='grc' dir='ltr'>καλεῖν</span> <span class='ocrx_word' id='word_1_170' title='bbox 1109 2473 1209 2536; x_wconf 76' lang='grc' dir='ltr'>δεῖ,</span> <span class='ocrx_word' id='word_1_171' title='bbox 1239 2472 1523 2541; x_wconf 75' lang='grc' dir='ltr'>ἀναγωγία</span> <span class='ocrx_word' id='word_1_172' title='bbox 1555 2475 1648 2526; x_wconf 67' lang='grc' dir='ltr'>καὶ</span> <span class='ocrx_word' id='word_1_173' title='bbox 1671 2475 1845 2536; x_wconf 82' lang='grc' dir='ltr'>ἄνοια,</span> <span class='ocrx_word' id='word_1_174' title='bbox 1873 2476 1958 2544; x_wconf 80' lang='grc' dir='ltr'><strong>ἐφ’</strong></span> 
     </span>
    </p>
   </div>
   <div class='ocr_carea' id='block_1_26' title="bbox 367 2566 1963 2640">
    <p class='ocr_par' dir='ltr' id='par_1_26' title="bbox 367 2566 1963 2640">
     <span class='ocr_line' id='line_1_26' title="bbox 367 2566 1963 2640; baseline 0.001 -21"><span class='ocrx_word' id='word_1_175' title='bbox 367 2566 616 2636; x_wconf 71' lang='grc' dir='ltr'>ἅρματος</span> <span class='ocrx_word' id='word_1_176' title='bbox 642 2567 934 2635; x_wconf 82' lang='grc' dir='ltr'>ἱσταμένου</span> <span class='ocrx_word' id='word_1_177' title='bbox 964 2568 1176 2637; x_wconf 73' lang='grc' dir='ltr'>καὶτῆς</span> <span class='ocrx_word' id='word_1_178' title='bbox 1198 2566 1444 2637; x_wconf 77' lang='grc' dir='ltr'>βαλϐῖδος</span> <span class='ocrx_word' id='word_1_179' title='bbox 1466 2567 1747 2636; x_wconf 78' lang='grc' dir='ltr'>μέλλοντος</span> <span class='ocrx_word' id='word_1_180' title='bbox 1790 2569 1963 2640; x_wconf 79' lang='grc' dir='ltr'>ἐκπη-</span> 
     </span>
    </p>
   </div>
   <div class='ocr_carea' id='block_1_27' title="bbox 363 2649 1962 2731">
    <p class='ocr_par' dir='ltr' id='par_1_27' title="bbox 363 2649 1962 2731">
     <span class='ocr_line' id='line_1_27' title="bbox 363 2649 1962 2731; baseline 0.001 -19"><span class='ocrx_word' id='word_1_181' title='bbox 363 2660 547 2730; x_wconf 78' lang='grc' dir='ltr'>δῆσαι,</span> <span class='ocrx_word' id='word_1_182' title='bbox 565 2659 896 2728; x_wconf 70' lang='grc' dir='ltr'>ἐπαγγελίας</span> <span class='ocrx_word' id='word_1_183' title='bbox 918 2649 1204 2728; x_wconf 69' lang='grc' dir='ltr'>φθασάσής</span> <span class='ocrx_word' id='word_1_184' title='bbox 1222 2660 1303 2713; x_wconf 78' lang='grc' dir='ltr'>ὅτι</span> <span class='ocrx_word' id='word_1_185' title='bbox 1323 2659 1512 2723; x_wconf 81' lang='grc' dir='ltr'>δεινῶς</span> <span class='ocrx_word' id='word_1_186' title='bbox 1530 2661 1558 2712; x_wconf 86' lang='grc' dir='ltr'><strong>ό</strong></span> <span class='ocrx_word' id='word_1_187' title='bbox 1585 2661 1770 2731; x_wconf 80' lang='grc' dir='ltr'>Ἀμερ</span> <span class='ocrx_word' id='word_1_188' title='bbox 1792 2679 1962 2714; x_wconf 85' lang='grc' dir='ltr'>κατα-</span> 
     </span>
    </p>
   </div>
   <div class='ocr_carea' id='block_1_28' title="bbox 370 2751 1959 2823">
    <p class='ocr_par' dir='ltr' id='par_1_28' title="bbox 370 2751 1959 2823">
     <span class='ocr_line' id='line_1_28' title="bbox 370 2751 1959 2823; baseline 0.001 -19"><span class='ocrx_word' id='word_1_189' title='bbox 370 2751 522 2817; x_wconf 78' lang='grc' dir='ltr'>ληΐζε</span> <span class='ocrx_word' id='word_1_190' title='bbox 532 2766 618 2805; x_wconf 86' lang='grc' dir='ltr'><strong>ται</strong></span> <span class='ocrx_word' id='word_1_191' title='bbox 633 2751 694 2805; x_wconf 85' lang='grc' dir='ltr'>τὸ</span> <span class='ocrx_word' id='word_1_192' title='bbox 711 2753 1024 2823; x_wconf 75' lang='grc' dir='ltr'>Θρᾳκήσιον</span> <span class='ocrx_word' id='word_1_193' title='bbox 1042 2752 1135 2805; x_wconf 66' lang='grc' dir='ltr'>καὶ</span> <span class='ocrx_word' id='word_1_194' title='bbox 1153 2752 1214 2805; x_wconf 81' lang='grc' dir='ltr'>τὸ</span> <span class='ocrx_word' id='word_1_195' title='bbox 1231 2751 1474 2821; x_wconf 65' lang='grc' dir='ltr'>Ὀψίκιον</span> <span class='ocrx_word' id='word_1_196' title='bbox 1491 2751 1826 2806; x_wconf 80' lang='grc' dir='ltr'>ὑπεισελθὼν</span> <span class='ocrx_word' id='word_1_197' title='bbox 1848 2756 1959 2816; x_wconf 77' lang='grc' dir='ltr'>τοῖς</span> 
     </span>
    </p>
   </div>
   <div class='ocr_carea' id='block_1_29' title="bbox 371 2842 1961 2915">
    <p class='ocr_par' dir='ltr' id='par_1_29' title="bbox 371 2842 1961 2915">
     <span class='ocr_line' id='line_1_29' title="bbox 371 2842 1961 2915; baseline 0.003 -20"><span class='ocrx_word' id='word_1_198' title='bbox 371 2842 713 2912; x_wconf 77' lang='grc' dir='ltr'>Μαλαγίνιιις</span> <span class='ocrx_word' id='word_1_199' title='bbox 748 2843 1042 2912; x_wconf 73' lang='grc' dir='ltr'><strong>πλησιάζει</strong></span> <span class='ocrx_word' id='word_1_200' title='bbox 1079 2844 1175 2896; x_wconf 75' lang='grc' dir='ltr'>καὶ</span> <span class='ocrx_word' id='word_1_201' title='bbox 1189 2845 1599 2915; x_wconf 81' lang='grc' dir='ltr'>προσδοκῶνται</span> <span class='ocrx_word' id='word_1_202' title='bbox 1645 2845 1721 2909; x_wconf 82' lang='grc' dir='ltr'>ὡς</span> <span class='ocrx_word' id='word_1_203' title='bbox 1749 2846 1961 2900; x_wconf 73' lang='grc' dir='ltr'>οὐδέπω</span> 
     </span>
    </p>
   </div>
   <div class='ocr_carea' id='block_1_30' title="bbox 369 2935 1956 3010">
    <p class='ocr_par' dir='ltr' id='par_1_30' title="bbox 369 2935 1956 3010">
     <span class='ocr_line' id='line_1_30' title="bbox 369 2935 1956 3010; baseline 0.002 -21"><span class='ocrx_word' id='word_1_204' title='bbox 369 2935 544 3002; x_wconf 82' lang='grc' dir='ltr'>δεινὰ,</span> <span class='ocrx_word' id='word_1_205' title='bbox 579 2936 674 2990; x_wconf 72' lang='grc' dir='ltr'>καὶ</span> <span class='ocrx_word' id='word_1_206' title='bbox 700 2935 796 2988; x_wconf 76' lang='grc' dir='ltr'><strong>ἐπὶ</strong></span> <span class='ocrx_word' id='word_1_207' title='bbox 811 2935 988 3007; x_wconf 86' lang='grc' dir='ltr'>τούτῳ</span> <span class='ocrx_word' id='word_1_208' title='bbox 1015 2939 1416 3006; x_wconf 83' lang='grc' dir='ltr'>στυγνάσαντος</span> <span class='ocrx_word' id='word_1_209' title='bbox 1442 2939 1540 3008; x_wconf 82' lang='grc' dir='ltr'>μὲν</span> <span class='ocrx_word' id='word_1_210' title='bbox 1565 2938 1660 2991; x_wconf 80' lang='grc' dir='ltr'>τοῦ</span> <span class='ocrx_word' id='word_1_211' title='bbox 1681 2955 1956 3010; x_wconf 74' lang='grc' dir='ltr'>πρωτονοε-</span> 
     </span>
    </p>
   </div>
   <div class='ocr_carea' id='block_1_31' title="bbox 369 3028 1961 3102">
    <p class='ocr_par' dir='ltr' id='par_1_31' title="bbox 369 3028 1961 3102">
     <span class='ocr_line' id='line_1_31' title="bbox 369 3028 1961 3102; baseline 0.004 -22"><span class='ocrx_word' id='word_1_212' title='bbox 369 3028 588 3099; x_wconf 80' lang='grc' dir='ltr'>ταρεου,</span> <span class='ocrx_word' id='word_1_213' title='bbox 624 3029 1068 3097; x_wconf 82' lang='grc' dir='ltr'>’ἀπαγγείλαντος</span> <span class='ocrx_word' id='word_1_214' title='bbox 1088 3030 1144 3084; x_wconf 87' lang='grc' dir='ltr'>δὲ</span> <span class='ocrx_word' id='word_1_215' title='bbox 1172 3030 1310 3101; x_wconf 79' lang='grc' dir='ltr'>μετὰ</span> <span class='ocrx_word' id='word_1_216' title='bbox 1327 3031 1635 3100; x_wconf 78' lang='grc' dir='ltr'>κατηφείας</span> <span class='ocrx_word' id='word_1_217' title='bbox 1655 3031 1754 3102; x_wconf 83' lang='grc' dir='ltr'>τὴν</span> <span class='ocrx_word' id='word_1_218' title='bbox 1781 3035 1844 3085; x_wconf 82' lang='grc' dir='ltr'>ἐκ</span> <span class='ocrx_word' id='word_1_219' title='bbox 1866 3032 1961 3086; x_wconf 80' lang='grc' dir='ltr'>τοῦ</span> 
     </span>
    </p>
   </div>
   <div class='ocr_carea' id='block_1_32' title="bbox 365 3121 1964 3197">
    <p class='ocr_par' dir='ltr' id='par_1_32' title="bbox 365 3121 1964 3197">
     <span class='ocr_line' id='line_1_32' title="bbox 365 3121 1964 3197; baseline 0.003 -23"><span class='ocrx_word' id='word_1_220' title='bbox 365 3121 694 3192; x_wconf 81' lang='grc' dir='ltr'>δομεστίκου</span> <span class='ocrx_word' id='word_1_221' title='bbox 713 3123 823 3178; x_wconf 91' lang='grc' dir='ltr'><strong>τῶν</strong></span> <span class='ocrx_word' id='word_1_222' title='bbox 846 3123 1052 3192; x_wconf 79' lang='grc' dir='ltr'>σχολῶν</span> <span class='ocrx_word' id='word_1_223' title='bbox 1072 3125 1385 3196; x_wconf 87' lang='grc' dir='ltr'>ἀπόκρισιν,</span> <span class='ocrx_word' id='word_1_224' title='bbox 1402 3125 1497 3178; x_wconf 77' lang='grc' dir='ltr'>καὶ</span> <span class='ocrx_word' id='word_1_225' title='bbox 1516 3125 1633 3196; x_wconf 71' lang='grc' dir='ltr'>ἅμα</span> <span class='ocrx_word' id='word_1_226' title='bbox 1662 3127 1754 3179; x_wconf 71' lang='grc' dir='ltr'><strong>ἐπὶ</strong></span> <span class='ocrx_word' id='word_1_227' title='bbox 1775 3129 1964 3197; x_wconf 78' lang='grc' dir='ltr'>χεῖρας</span> 
     </span>
    </p>
   </div>
   <div class='ocr_carea' id='block_1_33' title="bbox 2055 621 3654 696">
    <p class='ocr_par' dir='ltr' id='par_1_33' title="bbox 2055 621 3654 696">
     <span class='ocr_line' id='line_1_33' title="bbox 2055 621 3654 696; baseline 0.003 -22"><span class='ocrx_word' id='word_1_228' title='bbox 2055 630 2250 675; x_wconf 88' lang='lat' dir='ltr'><strong>ventre</strong></span> <span class='ocrx_word' id='word_1_229' title='bbox 2277 629 2426 676; x_wconf 91' lang='lat' dir='ltr'><strong>tanta</strong></span> <span class='ocrx_word' id='word_1_230' title='bbox 2447 621 2497 676; x_wconf 94' lang='lat' dir='ltr'><strong>vi</strong></span> <span class='ocrx_word' id='word_1_231' title='bbox 2527 622 2801 692; x_wconf 74' lang='lat' dir='ltr'><strong>crepitum</strong></span> <span class='ocrx_word' id='word_1_232' title='bbox 2821 622 3120 688; x_wconf 81' lang='lat' dir='ltr'><strong>emisisset,</strong></span> <span class='ocrx_word' id='word_1_233' title='bbox 3164 633 3226 678; x_wconf 89' lang='lat' dir='ltr'><strong>ut</strong></span> <span class='ocrx_word' id='word_1_234' title='bbox 3253 625 3375 696; x_wconf 83' lang='lat' dir='ltr'><strong>ejus</strong></span> <span class='ocrx_word' id='word_1_235' title='bbox 3399 624 3530 680; x_wconf 84' lang='lat' dir='ltr'><strong>ﬂatu</strong></span> <span class='ocrx_word' id='word_1_236' title='bbox 3562 626 3654 678; x_wconf 87' lang='lat' dir='ltr'><strong>lu-</strong></span> 
     </span>
    </p>
   </div>
   <div class='ocr_carea' id='block_1_34' title="bbox 2054 713 3656 783">
    <p class='ocr_par' dir='ltr' id='par_1_34' title="bbox 2054 713 3656 783">
     <span class='ocr_line' id='line_1_34' title="bbox 2054 713 3656 783; baseline 0.004 -20"><span class='ocrx_word' id='word_1_237' title='bbox 2054 727 2221 766; x_wconf 85' lang='lat' dir='ltr'><strong>eerna</strong></span> <span class='ocrx_word' id='word_1_238' title='bbox 2251 713 2316 765; x_wconf 88' lang='lat' dir='ltr'><strong>ad</strong></span> <span class='ocrx_word' id='word_1_239' title='bbox 2363 729 2606 767; x_wconf 81' lang='lat' dir='ltr'><strong>mensam</strong></span> <span class='ocrx_word' id='word_1_240' title='bbox 2637 714 2827 768; x_wconf 90' lang='lat' dir='ltr'><strong>lucens</strong></span> <span class='ocrx_word' id='word_1_241' title='bbox 2857 713 3329 783; x_wconf 79' lang='lat' dir='ltr'><strong>exstingueretur,</strong></span> <span class='ocrx_word' id='word_1_242' title='bbox 3359 717 3436 772; x_wconf 89' lang='lat' dir='ltr'><strong>rei</strong></span> <span class='ocrx_word' id='word_1_243' title='bbox 3469 724 3656 770; x_wconf 92' lang='lat' dir='ltr'><strong>motus</strong></span> 
     </span>
    </p>
   </div>
   <div class='ocr_carea' id='block_1_35' title="bbox 2056 807 3208 862">
    <p class='ocr_par' dir='ltr' id='par_1_35' title="bbox 2056 807 3208 862">
     <span class='ocr_line' id='line_1_35' title="bbox 2056 807 3208 862; baseline 0.003 -4"><span class='ocrx_word' id='word_1_244' title='bbox 2056 807 2326 860; x_wconf 88' lang='lat' dir='ltr'><strong>miraculo</strong></span> <span class='ocrx_word' id='word_1_245' title='bbox 2344 813 2566 860; x_wconf 79' lang='lat' dir='ltr'><strong>centum</strong></span> <span class='ocrx_word' id='word_1_246' title='bbox 2595 823 2854 862; x_wconf 87' lang='lat' dir='ltr'><strong>nummos</strong></span> <span class='ocrx_word' id='word_1_247' title='bbox 2875 808 3208 862; x_wconf 78' lang='lat' dir='ltr'><strong>numeravit.</strong></span> 
     </span>
    </p>
   </div>
   <div class='ocr_carea' id='block_1_36' title="bbox 2131 899 3664 973">
    <p class='ocr_par' dir='ltr' id='par_1_36' title="bbox 2131 899 3664 973">
     <span class='ocr_line' id='line_1_36' title="bbox 2131 899 3664 973; baseline 0.001 -20"><span class='ocrx_word' id='word_1_248' title='bbox 2131 901 2218 954; x_wconf 75' lang='grc'><strong>15.</strong></span> <span class='ocrx_word' id='word_1_249' title='bbox 2251 900 2344 954; x_wconf 88' lang='lat' dir='ltr'><strong>Sic</strong></span> <span class='ocrx_word' id='word_1_250' title='bbox 2378 900 2467 955; x_wconf 90' lang='lat' dir='ltr'><strong>ille</strong></span> <span class='ocrx_word' id='word_1_251' title='bbox 2505 899 2623 956; x_wconf 84' lang='lat' dir='ltr'><strong>ﬁsci</strong></span> <span class='ocrx_word' id='word_1_252' title='bbox 2650 902 2794 956; x_wconf 90' lang='lat' dir='ltr'><strong>bona</strong></span> <span class='ocrx_word' id='word_1_253' title='bbox 2833 903 2887 956; x_wconf 92' lang='lat' dir='ltr'><strong>in</strong></span> <span class='ocrx_word' id='word_1_254' title='bbox 2919 902 3090 956; x_wconf 81' lang='lat' dir='ltr'><strong>rebus</strong></span> <span class='ocrx_word' id='word_1_255' title='bbox 3118 901 3325 956; x_wconf 84' lang='lat' dir='ltr'><strong>nullius</strong></span> <span class='ocrx_word' id='word_1_256' title='bbox 3358 901 3532 973; x_wconf 76' lang='lat' dir='ltr'><strong>frugis</strong></span> <span class='ocrx_word' id='word_1_257' title='bbox 3565 901 3664 956; x_wconf 79' lang='lat' dir='ltr'><strong>iii--</strong></span> 
     </span>
    </p>
   </div>
   <div class='ocr_carea' id='block_1_37' title="bbox 2018 987 3654 1063">
    <p class='ocr_par' dir='ltr' id='par_1_37' title="bbox 2018 987 3654 1063">
     <span class='ocr_line' id='line_1_37' title="bbox 2018 987 3654 1063; baseline -0.001 -16"><span class='ocrx_word' id='word_1_258' title='bbox 2018 987 2330 1048; x_wconf 80' lang='lat' dir='ltr'><strong>sumebat.</strong></span> <span class='ocrx_word' id='word_1_259' title='bbox 2388 993 2652 1063; x_wconf 79' lang='lat' dir='ltr'><strong>Adeoque</strong></span> <span class='ocrx_word' id='word_1_260' title='bbox 2713 995 2952 1050; x_wconf 89' lang='lat' dir='ltr'><strong>necdum</strong></span> <span class='ocrx_word' id='word_1_261' title='bbox 3008 994 3138 1049; x_wconf 90' lang='lat' dir='ltr'><strong>anni</strong></span> <span class='ocrx_word' id='word_1_262' title='bbox 3196 995 3358 1050; x_wconf 84' lang='lat' dir='ltr'><strong>solidi</strong></span> <span class='ocrx_word' id='word_1_263' title='bbox 3417 995 3654 1050; x_wconf 87' lang='lat' dir='ltr'><strong>decurso</strong></span> 
     </span>
    </p>
   </div>
   <div class='ocr_carea' id='block_1_38' title="bbox 2058 1088 3657 1159">
    <p class='ocr_par' dir='ltr' id='par_1_38' title="bbox 2058 1088 3657 1159">
     <span class='ocr_line' id='line_1_38' title="bbox 2058 1088 3657 1159; baseline 0.001 -18"><span class='ocrx_word' id='word_1_264' title='bbox 2058 1088 2257 1156; x_wconf 89' lang='lat' dir='ltr'><strong>spatio,</strong></span> <span class='ocrx_word' id='word_1_265' title='bbox 2289 1103 2414 1142; x_wconf 89' lang='lat' dir='ltr'><strong>cum</strong></span> <span class='ocrx_word' id='word_1_266' title='bbox 2449 1088 2726 1143; x_wconf 82' lang='lat' dir='ltr'><strong>militibus</strong></span> <span class='ocrx_word' id='word_1_267' title='bbox 2753 1089 3031 1159; x_wconf 79' lang='lat' dir='ltr'><strong>eroganda</strong></span> <span class='ocrx_word' id='word_1_268' title='bbox 3063 1099 3249 1144; x_wconf 90' lang='lat' dir='ltr'><strong>essent</strong></span> <span class='ocrx_word' id='word_1_269' title='bbox 3284 1089 3560 1158; x_wconf 80' lang='lat' dir='ltr'><strong>stipendia</strong></span> <span class='ocrx_word' id='word_1_270' title='bbox 3591 1104 3657 1142; x_wconf 87' lang='lat' dir='ltr'><strong>ac</strong></span> 
     </span>
    </p>
   </div>
   <div class='ocr_carea' id='block_1_39' title="bbox 2059 1179 3658 1251">
    <p class='ocr_par' dir='ltr' id='par_1_39' title="bbox 2059 1179 3658 1251">
     <span class='ocr_line' id='line_1_39' title="bbox 2059 1179 3658 1251; baseline 0 -19"><span class='ocrx_word' id='word_1_271' title='bbox 2059 1179 2307 1248; x_wconf 62' lang='lat' dir='ltr'><strong>pecuniae</strong></span> <span class='ocrx_word' id='word_1_272' title='bbox 2342 1179 2617 1243; x_wconf 85' lang='lat' dir='ltr'><strong>deessent,</strong></span> <span class='ocrx_word' id='word_1_273' title='bbox 2641 1181 2802 1251; x_wconf 77' lang='lat' dir='ltr'><strong>longe</strong></span> <span class='ocrx_word' id='word_1_274' title='bbox 2825 1181 3317 1236; x_wconf 86' lang='lat' dir='ltr'><strong>celebratissimam</strong></span> <span class='ocrx_word' id='word_1_275' title='bbox 3361 1181 3506 1234; x_wconf 85' lang='lat' dir='ltr'><strong>illam</strong></span> <span class='ocrx_word' id='word_1_276' title='bbox 3537 1180 3658 1251; x_wconf 77' lang='lat' dir='ltr'><strong>pla-</strong></span> 
     </span>
    </p>
   </div>
   <div class='ocr_carea' id='block_1_40' title="bbox 2061 1274 3657 1345">
    <p class='ocr_par' dir='ltr' id='par_1_40' title="bbox 2061 1274 3657 1345">
     <span class='ocr_line' id='line_1_40' title="bbox 2061 1274 3657 1345; baseline 0.001 -18"><span class='ocrx_word' id='word_1_277' title='bbox 2061 1284 2250 1329; x_wconf 87' lang='lat' dir='ltr'><strong>tanum</strong></span> <span class='ocrx_word' id='word_1_278' title='bbox 2277 1289 2522 1338; x_wconf 83' lang='lat' dir='ltr'><strong>auream,</strong></span> <span class='ocrx_word' id='word_1_279' title='bbox 2549 1274 2802 1344; x_wconf 73' lang='lat' dir='ltr'><strong>duosque.</strong></span> <span class='ocrx_word' id='word_1_280' title='bbox 2854 1275 3045 1329; x_wconf 84' lang='lat' dir='ltr'><strong>leones</strong></span> <span class='ocrx_word' id='word_1_281' title='bbox 3070 1292 3135 1329; x_wconf 90' lang='lat' dir='ltr'><strong>ac</strong></span> <span class='ocrx_word' id='word_1_282' title='bbox 3171 1275 3313 1329; x_wconf 88' lang='lat' dir='ltr'><strong>duos</strong></span> <span class='ocrx_word' id='word_1_283' title='bbox 3353 1290 3552 1345; x_wconf 69' lang='lat' dir='ltr'><strong>grypes</strong></span> <span class='ocrx_word' id='word_1_284' title='bbox 3591 1292 3657 1329; x_wconf 81' lang='lat' dir='ltr'><strong>ex</strong></span> 
     </span>
    </p>
   </div>
   <div class='ocr_carea' id='block_1_41' title="bbox 2060 1365 3660 1438">
    <p class='ocr_par' dir='ltr' id='par_1_41' title="bbox 2060 1365 3660 1438">
     <span class='ocr_line' id='line_1_41' title="bbox 2060 1365 3660 1438; baseline 0.001 -19"><span class='ocrx_word' id='word_1_285' title='bbox 2060 1381 2197 1420; x_wconf 88' lang='lat' dir='ltr'><strong>auro</strong></span> <span class='ocrx_word' id='word_1_286' title='bbox 2261 1365 2469 1420; x_wconf 85' lang='lat' dir='ltr'><strong>solidos</strong></span> <span class='ocrx_word' id='word_1_287' title='bbox 2519 1383 2583 1421; x_wconf 89' lang='lat' dir='ltr'><strong>ac</strong></span> <span class='ocrx_word' id='word_1_288' title='bbox 2636 1367 2896 1429; x_wconf 87' lang='lat' dir='ltr'><strong>ductiles,</strong></span> <span class='ocrx_word' id='word_1_289' title='bbox 2953 1383 3220 1438; x_wconf 83' lang='lat' dir='ltr'><strong>organum</strong></span> <span class='ocrx_word' id='word_1_290' title='bbox 3258 1383 3483 1438; x_wconf 87' lang='lat' dir='ltr'><strong>quoque</strong></span> <span class='ocrx_word' id='word_1_291' title='bbox 3521 1384 3660 1422; x_wconf 91' lang='lat' dir='ltr'><strong>auro</strong></span> 
     </span>
    </p>
   </div>
   <div class='ocr_carea' id='block_1_42' title="bbox 2061 1457 3660 1530">
    <p class='ocr_par' dir='ltr' id='par_1_42' title="bbox 2061 1457 3660 1530">
     <span class='ocr_line' id='line_1_42' title="bbox 2061 1457 3660 1530; baseline 0.001 -18"><span class='ocrx_word' id='word_1_292' title='bbox 2061 1457 2321 1522; x_wconf 90' lang='lat' dir='ltr'><strong>solidum,</strong></span> <span class='ocrx_word' id='word_1_293' title='bbox 2355 1458 2572 1528; x_wconf 81' lang='lat' dir='ltr'><strong>aliaque</strong></span> <span class='ocrx_word' id='word_1_294' title='bbox 2604 1460 2779 1514; x_wconf 89' lang='lat' dir='ltr'><strong>nihilo</strong></span> <span class='ocrx_word' id='word_1_295' title='bbox 2817 1461 3002 1515; x_wconf 87' lang='lat' dir='ltr'><strong>minus</strong></span> <span class='ocrx_word' id='word_1_296' title='bbox 3045 1477 3237 1530; x_wconf 86' lang='lat' dir='ltr'><strong>opera,</strong></span> <span class='ocrx_word' id='word_1_297' title='bbox 3285 1461 3660 1516; x_wconf 83' lang='lat' dir='ltr'><strong>ducentorum</strong></span> 
     </span>
    </p>
   </div>
   <div class='ocr_carea' id='block_1_43' title="bbox 2061 1551 3660 1622">
    <p class='ocr_par' dir='ltr' id='par_1_43' title="bbox 2061 1551 3660 1622">
     <span class='ocr_line' id='line_1_43' title="bbox 2061 1551 3660 1622; baseline -0.001 -16"><span class='ocrx_word' id='word_1_298' title='bbox 2061 1551 2512 1606; x_wconf 89' lang='lat' dir='ltr'><strong>centenariorum</strong></span> <span class='ocrx_word' id='word_1_299' title='bbox 2534 1553 2738 1622; x_wconf 87' lang='lat' dir='ltr'><strong>pondo,</strong></span> <span class='ocrx_word' id='word_1_300' title='bbox 2773 1564 2958 1608; x_wconf 85' lang='lat' dir='ltr'><strong>vestes</strong></span> <span class='ocrx_word' id='word_1_301' title='bbox 3010 1553 3139 1607; x_wconf 87' lang='lat' dir='ltr'><strong>item</strong></span> <span class='ocrx_word' id='word_1_302' title='bbox 3170 1569 3372 1608; x_wconf 88' lang='lat' dir='ltr'><strong>aureas</strong></span> <span class='ocrx_word' id='word_1_303' title='bbox 3405 1568 3660 1622; x_wconf 88' lang='lat' dir='ltr'><strong>auroque</strong></span> 
     </span>
    </p>
   </div>
   <div class='ocr_carea' id='block_1_44' title="bbox 2060 1642 3659 1713">
    <p class='ocr_par' dir='ltr' id='par_1_44' title="bbox 2060 1642 3659 1713">
     <span class='ocr_line' id='line_1_44' title="bbox 2060 1642 3659 1713; baseline -0.001 -17"><span class='ocrx_word' id='word_1_304' title='bbox 2060 1649 2348 1696; x_wconf 80' lang='lat' dir='ltr'><strong>contextas</strong></span> <span class='ocrx_word' id='word_1_305' title='bbox 2375 1643 2721 1713; x_wconf 79' lang='lat' dir='ltr'><strong>octingentas</strong></span> <span class='ocrx_word' id='word_1_306' title='bbox 2753 1643 3039 1712; x_wconf 77' lang='lat' dir='ltr'><strong>sexaginta</strong></span> <span class='ocrx_word' id='word_1_307' title='bbox 3063 1643 3332 1706; x_wconf 79' lang='lat' dir='ltr'><strong>conﬂans,</strong></span> <span class='ocrx_word' id='word_1_308' title='bbox 3365 1642 3659 1712; x_wconf 88' lang='lat' dir='ltr'><strong>pecuniam</strong></span> 
     </span>
    </p>
   </div>
   <div class='ocr_carea' id='block_1_45' title="bbox 2062 1731 3663 1805">
    <p class='ocr_par' dir='ltr' id='par_1_45' title="bbox 2062 1731 3663 1805">
     <span class='ocr_line' id='line_1_45' title="bbox 2062 1731 3663 1805; baseline -0.002 -16"><span class='ocrx_word' id='word_1_309' title='bbox 2062 1733 2296 1790; x_wconf 87' lang='lat' dir='ltr'><strong>cuditac</strong></span> <span class='ocrx_word' id='word_1_310' title='bbox 2336 1733 2611 1789; x_wconf 88' lang='lat' dir='ltr'><strong>militibus</strong></span> <span class='ocrx_word' id='word_1_311' title='bbox 2636 1735 2836 1805; x_wconf 88' lang='lat' dir='ltr'><strong>stipem</strong></span> <span class='ocrx_word' id='word_1_312' title='bbox 2872 1735 3141 1805; x_wconf 80' lang='lat' dir='ltr'><strong>erogavit.</strong></span> <span class='ocrx_word' id='word_1_313' title='bbox 3170 1734 3308 1790; x_wconf 87' lang='lat' dir='ltr'><strong>Cum</strong></span> <span class='ocrx_word' id='word_1_314' title='bbox 3335 1749 3466 1788; x_wconf 88' lang='lat' dir='ltr'><strong>vero</strong></span> <span class='ocrx_word' id='word_1_315' title='bbox 3509 1731 3663 1787; x_wconf 60' lang='lat' dir='ltr'><strong>Basia</strong></span> 
     </span>
    </p>
   </div>
   <div class='ocr_carea' id='block_1_46' title="bbox 2061 1825 3662 1898">
    <p class='ocr_par' dir='ltr' id='par_1_46' title="bbox 2061 1825 3662 1898">
     <span class='ocr_line' id='line_1_46' title="bbox 2061 1825 3662 1898; baseline -0.002 -16"><span class='ocrx_word' id='word_1_316' title='bbox 2061 1827 2494 1898; x_wconf 88' lang='lat' dir='ltr'><strong>liusimperium</strong></span> <span class='ocrx_word' id='word_1_317' title='bbox 2530 1828 2696 1898; x_wconf 73' lang='lat'><strong>660</strong></span> <span class='ocrx_word' id='word_1_318' title='bbox 2739 1827 3059 1898; x_wconf 86' lang='lat' dir='ltr'><strong>capessivit,</strong></span> <span class='ocrx_word' id='word_1_319' title='bbox 3105 1835 3308 1898; x_wconf 62' lang='lat' dir='ltr'><strong>prmter</strong></span> <span class='ocrx_word' id='word_1_320' title='bbox 3339 1825 3662 1880; x_wconf 79' lang='lat' dir='ltr'><strong>ecntcnaria</strong></span> 
     </span>
    </p>
   </div>
   <div class='ocr_carea' id='block_1_47' title="bbox 2061 1918 3662 1976">
    <p class='ocr_par' dir='ltr' id='par_1_47' title="bbox 2061 1918 3662 1976">
     <span class='ocr_line' id='line_1_47' title="bbox 2061 1918 3662 1976; baseline -0.002 -1"><span class='ocrx_word' id='word_1_321' title='bbox 2061 1921 2326 1976; x_wconf 85' lang='lat' dir='ltr'><strong>tredecim</strong></span> <span class='ocrx_word' id='word_1_322' title='bbox 2377 1937 2442 1975; x_wconf 87' lang='lat' dir='ltr'><strong>ac.</strong></span> <span class='ocrx_word' id='word_1_323' title='bbox 2483 1921 2896 1976; x_wconf 87' lang='lat' dir='ltr'><strong>miliarisiorum</strong></span> <span class='ocrx_word' id='word_1_324' title='bbox 2951 1920 3200 1975; x_wconf 83' lang='lat' dir='ltr'><strong>sacculos</strong></span> <span class='ocrx_word' id='word_1_325' title='bbox 3259 1935 3459 1974; x_wconf 77' lang='lat' dir='ltr'><strong>novem</strong></span> <span class='ocrx_word' id='word_1_326' title='bbox 3519 1918 3662 1972; x_wconf 84' lang='lat' dir='ltr'><strong>nihil</strong></span> 
     </span>
    </p>
   </div>
   <div class='ocr_carea' id='block_1_48' title="bbox 2062 2010 3663 2081">
    <p class='ocr_par' dir='ltr' id='par_1_48' title="bbox 2062 2010 3663 2081">
     <span class='ocr_line' id='line_1_48' title="bbox 2062 2010 3663 2081; baseline -0.002 -13"><span class='ocrx_word' id='word_1_327' title='bbox 2062 2015 2293 2070; x_wconf 83' lang='lat' dir='ltr'><strong>invenit.</strong></span> <span class='ocrx_word' id='word_1_328' title='bbox 2330 2015 2604 2081; x_wconf 77' lang='lat' dir='ltr'><strong>Quocirca</strong></span> <span class='ocrx_word' id='word_1_329' title='bbox 2636 2014 2705 2067; x_wconf 91' lang='lat' dir='ltr'><strong>ad</strong></span> <span class='ocrx_word' id='word_1_330' title='bbox 2734 2015 2974 2080; x_wconf 81' lang='lat' dir='ltr'><strong>inopiam</strong></span> <span class='ocrx_word' id='word_1_331' title='bbox 3007 2012 3284 2072; x_wconf 78' lang='lat' dir='ltr'><strong>redactus,</strong></span> <span class='ocrx_word' id='word_1_332' title='bbox 3319 2010 3467 2079; x_wconf 87' lang='lat' dir='ltr'><strong>quod</strong></span> <span class='ocrx_word' id='word_1_333' title='bbox 3512 2026 3663 2064; x_wconf 89' lang='lat' dir='ltr'><strong>nunc</strong></span> 
     </span>
    </p>
   </div>
   <div class='ocr_carea' id='block_1_49' title="bbox 2061 2105 3664 2177">
    <p class='ocr_par' dir='ltr' id='par_1_49' title="bbox 2061 2105 3664 2177">
     <span class='ocr_line' id='line_1_49' title="bbox 2061 2105 3664 2177; baseline -0.006 -14"><span class='ocrx_word' id='word_1_334' title='bbox 2061 2116 2347 2163; x_wconf 86' lang='lat' dir='ltr'><strong>senzatum</strong></span> <span class='ocrx_word' id='word_1_335' title='bbox 2377 2123 2661 2168; x_wconf 86' lang='lat' dir='ltr'><strong>vocamus,</strong></span> <span class='ocrx_word' id='word_1_336' title='bbox 2693 2106 2819 2160; x_wconf 89' lang='lat' dir='ltr'><strong>cudi</strong></span> <span class='ocrx_word' id='word_1_337' title='bbox 2854 2107 3037 2177; x_wconf 80' lang='lat' dir='ltr'><strong>jussit,</strong></span> <span class='ocrx_word' id='word_1_338' title='bbox 3087 2121 3268 2175; x_wconf 87' lang='lat' dir='ltr'><strong>eoque</strong></span> <span class='ocrx_word' id='word_1_339' title='bbox 3294 2105 3486 2158; x_wconf 78' lang='lat' dir='ltr'><strong>fiscum</strong></span> <span class='ocrx_word' id='word_1_340' title='bbox 3532 2117 3664 2172; x_wconf 83' lang='lat' dir='ltr'><strong>pro-</strong></span> 
     </span>
    </p>
   </div>
   <div class='ocr_carea' id='block_1_50' title="bbox 2061 2203 2274 2258">
    <p class='ocr_par' dir='ltr' id='par_1_50' title="bbox 2061 2203 2274 2258">
     <span class='ocr_line' id='line_1_50' title="bbox 2061 2203 2274 2258; baseline -0.009 0"><span class='ocrx_word' id='word_1_341' title='bbox 2061 2203 2274 2258; x_wconf 90' lang='lat' dir='ltr'><strong>curari.</strong></span> 
     </span>
    </p>
   </div>
   <div class='ocr_carea' id='block_1_51' title="bbox 2136 2283 3664 2366">
    <p class='ocr_par' dir='ltr' id='par_1_51' title="bbox 2136 2283 3664 2366">
     <span class='ocr_line' id='line_1_51' title="bbox 2136 2283 3664 2366; baseline -0.007 -15"><span class='ocrx_word' id='word_1_342' title='bbox 2136 2297 2220 2351; x_wconf 71' lang='lat'><strong>16.</strong></span> <span class='ocrx_word' id='word_1_343' title='bbox 2253 2296 2324 2352; x_wconf 89' lang='lat' dir='ltr'><strong>Ut</strong></span> <span class='ocrx_word' id='word_1_344' title='bbox 2356 2283 2541 2351; x_wconf 64' lang='lat' dir='ltr'><strong>autem</strong></span> <span class='ocrx_word' id='word_1_345' title='bbox 2583 2295 2775 2366; x_wconf 89' lang='lat' dir='ltr'><strong>paucis</strong></span> <span class='ocrx_word' id='word_1_346' title='bbox 2812 2293 2977 2349; x_wconf 77' lang='lat' dir='ltr'><strong>[idem</strong></span> <span class='ocrx_word' id='word_1_347' title='bbox 3006 2293 3195 2347; x_wconf 80' lang='lat' dir='ltr'><strong>verbis</strong></span> <span class='ocrx_word' id='word_1_348' title='bbox 3245 2301 3511 2352; x_wconf 85' lang='lat' dir='ltr'><strong>astruam,</strong></span> <span class='ocrx_word' id='word_1_349' title='bbox 3548 2289 3664 2342; x_wconf 78' lang='lat' dir='ltr'><strong>cla-</strong></span> 
     </span>
    </p>
   </div>
   <div class='ocr_carea' id='block_1_52' title="bbox 2065 2382 3664 2458">
    <p class='ocr_par' dir='ltr' id='par_1_52' title="bbox 2065 2382 3664 2458">
     <span class='ocr_line' id='line_1_52' title="bbox 2065 2382 3664 2458; baseline -0.005 -16"><span class='ocrx_word' id='word_1_350' title='bbox 2065 2389 2290 2458; x_wconf 86' lang='lat' dir='ltr'><strong>riorque</strong></span> <span class='ocrx_word' id='word_1_351' title='bbox 2353 2387 2448 2442; x_wconf 82' lang='lat' dir='ltr'><strong>ﬁat</strong></span> <span class='ocrx_word' id='word_1_352' title='bbox 2490 2387 2621 2454; x_wconf 86' lang='lat' dir='ltr'><strong>viri,</strong></span> <span class='ocrx_word' id='word_1_353' title='bbox 2671 2389 2714 2441; x_wconf 94' lang='lat' dir='ltr'><strong>si</strong></span> <span class='ocrx_word' id='word_1_354' title='bbox 2753 2396 2937 2442; x_wconf 89' lang='lat' dir='ltr'><strong>tamen</strong></span> <span class='ocrx_word' id='word_1_355' title='bbox 2978 2387 3160 2439; x_wconf 84' lang='lat' dir='ltr'><strong>virum</strong></span> <span class='ocrx_word' id='word_1_356' title='bbox 3206 2385 3393 2439; x_wconf 78' lang='lat' dir='ltr'><strong>dicere</strong></span> <span class='ocrx_word' id='word_1_357' title='bbox 3445 2382 3664 2445; x_wconf 85' lang='lat' dir='ltr'><strong>deceat,</strong></span> 
     </span>
    </p>
   </div>
   <div class='ocr_carea' id='block_1_53' title="bbox 2064 2473 3669 2544">
    <p class='ocr_par' dir='ltr' id='par_1_53' title="bbox 2064 2473 3669 2544">
     <span class='ocr_line' id='line_1_53' title="bbox 2064 2473 3669 2544; baseline -0.006 -10"><span class='ocrx_word' id='word_1_358' title='bbox 2064 2478 2360 2534; x_wconf 90' lang='lat' dir='ltr'><strong>dissolutio</strong></span> <span class='ocrx_word' id='word_1_359' title='bbox 2389 2493 2454 2533; x_wconf 89' lang='lat' dir='ltr'><strong>ac</strong></span> <span class='ocrx_word' id='word_1_360' title='bbox 2473 2478 2756 2534; x_wconf 84' lang='lat' dir='ltr'><strong>dementia</strong></span> <span class='ocrx_word' id='word_1_361' title='bbox 2781 2495 2794 2531; x_wconf 93' lang='lat'><strong>:</strong></span> <span class='ocrx_word' id='word_1_362' title='bbox 2821 2492 2948 2531; x_wconf 93' lang='lat' dir='ltr'><strong>cum</strong></span> <span class='ocrx_word' id='word_1_363' title='bbox 2974 2475 3027 2529; x_wconf 92' lang='lat' dir='ltr'><strong>in</strong></span> <span class='ocrx_word' id='word_1_364' title='bbox 3054 2492 3223 2530; x_wconf 84' lang='lat' dir='ltr'><strong>curru</strong></span> <span class='ocrx_word' id='word_1_365' title='bbox 3248 2484 3416 2528; x_wconf 79' lang='lat' dir='ltr'><strong>staret</strong></span> <span class='ocrx_word' id='word_1_366' title='bbox 3445 2473 3669 2544; x_wconf 72' lang='lat' dir='ltr'><strong>jamque</strong></span> 
     </span>
    </p>
   </div>
   <div class='ocr_carea' id='block_1_54' title="bbox 2064 2564 3673 2643">
    <p class='ocr_par' dir='ltr' id='par_1_54' title="bbox 2064 2564 3673 2643">
     <span class='ocr_line' id='line_1_54' title="bbox 2064 2564 3673 2643; baseline -0.005 -17"><span class='ocrx_word' id='word_1_367' title='bbox 2064 2571 2192 2643; x_wconf 89' lang='lat' dir='ltr'><strong>equi</strong></span> <span class='ocrx_word' id='word_1_368' title='bbox 2229 2570 2865 2628; x_wconf 67' lang='lat' dir='ltr'><strong>careeriliuseniittci&#39;tdi</strong></span> <span class='ocrx_word' id='word_1_369' title='bbox 2893 2579 3102 2628; x_wconf 87' lang='lat' dir='ltr'><strong>essent,</strong></span> <span class='ocrx_word' id='word_1_370' title='bbox 3137 2567 3290 2621; x_wconf 82' lang='lat' dir='ltr'><strong>venit</strong></span> <span class='ocrx_word' id='word_1_371' title='bbox 3321 2582 3512 2620; x_wconf 80' lang='lat' dir='ltr'><strong>rumor</strong></span> <span class='ocrx_word' id='word_1_372' title='bbox 3541 2564 3673 2618; x_wconf 79' lang='lat' dir='ltr'><strong>atla-</strong></span> 
     </span>
    </p>
   </div>
   <div class='ocr_carea' id='block_1_55' title="bbox 2065 2659 3666 2735">
    <p class='ocr_par' dir='ltr' id='par_1_55' title="bbox 2065 2659 3666 2735">
     <span class='ocr_line' id='line_1_55' title="bbox 2065 2659 3666 2735; baseline -0.007 -15"><span class='ocrx_word' id='word_1_373' title='bbox 2065 2674 2264 2735; x_wconf 89' lang='lat' dir='ltr'><strong>tusque</strong></span> <span class='ocrx_word' id='word_1_374' title='bbox 2281 2667 2511 2720; x_wconf 89' lang='lat' dir='ltr'><strong>nuntius</strong></span> <span class='ocrx_word' id='word_1_375' title='bbox 2527 2665 2880 2720; x_wconf 81' lang='lat' dir='ltr'><strong>estAmercm</strong></span> <span class='ocrx_word' id='word_1_376' title='bbox 2904 2664 3024 2717; x_wconf 88' lang='lat' dir='ltr'><strong>dire</strong></span> <span class='ocrx_word' id='word_1_377' title='bbox 3043 2661 3404 2716; x_wconf 78' lang='lat' dir='ltr'><strong>&#39;l‘liraeesium</strong></span> <span class='ocrx_word' id='word_1_378' title='bbox 3423 2659 3666 2730; x_wconf 72' lang='lat' dir='ltr'><strong>depopu-</strong></span> 
     </span>
    </p>
   </div>
   <div class='ocr_carea' id='block_1_56' title="bbox 2059 2750 3688 2827">
    <p class='ocr_par' dir='ltr' id='par_1_56' title="bbox 2059 2750 3688 2827">
     <span class='ocr_line' id='line_1_56' title="bbox 2059 2750 3688 2827; baseline -0.004 -17"><span class='ocrx_word' id='word_1_379' title='bbox 2059 2757 2166 2810; x_wconf 80' lang='lat' dir='ltr'><strong>‘lari</strong></span> <span class='ocrx_word' id='word_1_380' title='bbox 2211 2756 2533 2827; x_wconf 79' lang='lat' dir='ltr'><strong>ingredique</strong></span> <span class='ocrx_word' id='word_1_381' title='bbox 2584 2755 2889 2826; x_wconf 83' lang='lat' dir='ltr'><strong>Opsicium,</strong></span> <span class='ocrx_word' id='word_1_382' title='bbox 2946 2770 3050 2810; x_wconf 91' lang='lat' dir='ltr'><strong>nec</strong></span> <span class='ocrx_word' id='word_1_383' title='bbox 3103 2753 3295 2824; x_wconf 87' lang='lat' dir='ltr'><strong>procul</strong></span> <span class='ocrx_word' id='word_1_384' title='bbox 3323 2769 3352 2806; x_wconf 90' lang='lat' dir='ltr'><strong>a</strong></span> <span class='ocrx_word' id='word_1_385' title='bbox 3385 2750 3688 2821; x_wconf 75' lang='lat' dir='ltr'><strong>Malaginis-</strong></span> 
     </span>
    </p>
   </div>
   <div class='ocr_carea' id='block_1_57' title="bbox 2064 2844 3676 2919">
    <p class='ocr_par' dir='ltr' id='par_1_57' title="bbox 2064 2844 3676 2919">
     <span class='ocr_line' id='line_1_57' title="bbox 2064 2844 3676 2919; baseline -0.007 -12"><span class='ocrx_word' id='word_1_386' title='bbox 2064 2865 2208 2916; x_wconf 90' lang='lat' dir='ltr'><strong>esse,</strong></span> <span class='ocrx_word' id='word_1_387' title='bbox 2245 2858 2607 2919; x_wconf 87' lang='lat' dir='ltr'><strong>actutumque</strong></span> <span class='ocrx_word' id='word_1_388' title='bbox 2649 2849 2791 2903; x_wconf 88' lang='lat' dir='ltr'><strong>mala</strong></span> <span class='ocrx_word' id='word_1_389' title='bbox 2819 2847 3150 2916; x_wconf 73' lang='lat' dir='ltr'><strong>exspectari.</strong></span> <span class='ocrx_word' id='word_1_390' title='bbox 3188 2846 3317 2915; x_wconf 71' lang='lat' dir='ltr'><strong>Ejus</strong></span> <span class='ocrx_word' id='word_1_391' title='bbox 3372 2844 3447 2898; x_wconf 86' lang='lat' dir='ltr'><strong>rei</strong></span> <span class='ocrx_word' id='word_1_392' title='bbox 3507 2858 3676 2898; x_wconf 80' lang='lat' dir='ltr'><strong>causa</strong></span> 
     </span>
    </p>
   </div>
   <div class='ocr_carea' id='block_1_58' title="bbox 2065 2937 3670 3011">
    <p class='ocr_par' dir='ltr' id='par_1_58' title="bbox 2065 2937 3670 3011">
     <span class='ocr_line' id='line_1_58' title="bbox 2065 2937 3670 3011; baseline -0.005 -14"><span class='ocrx_word' id='word_1_393' title='bbox 2065 2941 2228 2997; x_wconf 82' lang='lat' dir='ltr'><strong>anxio</strong></span> <span class='ocrx_word' id='word_1_394' title='bbox 2279 2942 2536 3011; x_wconf 83' lang='lat' dir='ltr'><strong>tristique</strong></span> <span class='ocrx_word' id='word_1_395' title='bbox 2597 2941 3024 3010; x_wconf 85' lang='lat' dir='ltr'><strong>protonotario,</strong></span> <span class='ocrx_word' id='word_1_396' title='bbox 3081 2937 3436 3007; x_wconf 78' lang='lat' dir='ltr'><strong>demisseque</strong></span> <span class='ocrx_word' id='word_1_397' title='bbox 3514 2937 3670 2990; x_wconf 66' lang='lat' dir='ltr'><strong>vultu</strong></span> 
     </span>
    </p>
   </div>
   <div class='ocr_carea' id='block_1_59' title="bbox 2065 3029 3672 3101">
    <p class='ocr_par' dir='ltr' id='par_1_59' title="bbox 2065 3029 3672 3101">
     <span class='ocr_line' id='line_1_59' title="bbox 2065 3029 3672 3101; baseline -0.004 -12"><span class='ocrx_word' id='word_1_398' title='bbox 2065 3033 2354 3089; x_wconf 88' lang='lat' dir='ltr'><strong>domestici</strong></span> <span class='ocrx_word' id='word_1_399' title='bbox 2385 3033 2696 3088; x_wconf 87' lang='lat' dir='ltr'><strong>scholarum</strong></span> <span class='ocrx_word' id='word_1_400' title='bbox 2746 3047 3075 3100; x_wconf 75' lang='lat' dir='ltr'><strong>rCSponsum</strong></span> <span class='ocrx_word' id='word_1_401' title='bbox 3105 3029 3448 3101; x_wconf 69' lang='lat' dir='ltr'><strong>perferente,</strong></span> <span class='ocrx_word' id='word_1_402' title='bbox 3501 3037 3672 3098; x_wconf 81' lang='lat' dir='ltr'><strong>atque</strong></span> 
     </span>
    </p>
   </div>
   <div class='ocr_carea' id='block_1_60' title="bbox 2064 3123 3668 3195">
    <p class='ocr_par' dir='ltr' id='par_1_60' title="bbox 2064 3123 3668 3195">
     <span class='ocr_line' id='line_1_60' title="bbox 2064 3123 3668 3195; baseline -0.004 -16"><span class='ocrx_word' id='word_1_403' title='bbox 2064 3141 2176 3179; x_wconf 89' lang='lat' dir='ltr'><strong>una</strong></span> <span class='ocrx_word' id='word_1_404' title='bbox 2194 3125 2407 3180; x_wconf 87' lang='lat' dir='ltr'><strong>litteras</strong></span> <span class='ocrx_word' id='word_1_405' title='bbox 2424 3139 2537 3195; x_wconf 83' lang='lat' dir='ltr'><strong>prae</strong></span> <span class='ocrx_word' id='word_1_406' title='bbox 2555 3123 2812 3184; x_wconf 76' lang='lat' dir='ltr'><strong>manibus</strong></span> <span class='ocrx_word' id='word_1_407' title='bbox 2834 3123 3074 3176; x_wconf 81' lang='lat' dir='ltr'><strong>habente</strong></span> <span class='ocrx_word' id='word_1_408' title='bbox 3095 3137 3157 3176; x_wconf 89' lang='lat' dir='ltr'><strong>ac</strong></span> <span class='ocrx_word' id='word_1_409' title='bbox 3174 3127 3668 3181; x_wconf 89' lang='lat' dir='ltr'><strong>commonstrante,</strong></span> 
     </span>
    </p>
   </div>
   <div class='ocr_carea' id='block_1_61' title="bbox 370 3211 1964 3288">
    <p class='ocr_par' dir='ltr' id='par_1_61' title="bbox 370 3214 1960 3286">
     <span class='ocr_line' id='line_1_61' title="bbox 370 3214 1960 3286; baseline 0.008 -26"><span class='ocrx_word' id='word_1_410' title='bbox 370 3215 443 3270; x_wconf 70' lang='grc' dir='ltr'>τὰ</span> <span class='ocrx_word' id='word_1_411' title='bbox 485 3214 795 3286; x_wconf 82' lang='grc' dir='ltr'>γράμματα</span> <span class='ocrx_word' id='word_1_412' title='bbox 838 3215 1077 3283; x_wconf 81' lang='grc' dir='ltr'>φέροντά</span> <span class='ocrx_word' id='word_1_413' title='bbox 1111 3233 1171 3269; x_wconf 88' lang='grc' dir='ltr'><strong>τε</strong></span> <span class='ocrx_word' id='word_1_414' title='bbox 1216 3215 1309 3268; x_wconf 73' lang='grc' dir='ltr'>καὶ</span> <span class='ocrx_word' id='word_1_415' title='bbox 1340 3215 1656 3269; x_wconf 86' lang='grc' dir='ltr'>δεικνύοντα</span> <span class='ocrx_word' id='word_1_416' title='bbox 1681 3257 1694 3280; x_wconf 90' lang='grc'><strong>,</strong></span> <span class='ocrx_word' id='word_1_417' title='bbox 1731 3217 1960 3283; x_wconf 82' lang='grc' dir='ltr'>ἐκεῖνος,</span> 
     </span>
    </p>
   </div>
   <div class='ocr_carea' id='block_1_62' title="bbox 2068 3211 3670 3288">
    <p class='ocr_par' dir='ltr' id='par_1_62' title="bbox 2068 3211 3670 3286">
     <span class='ocr_line' id='line_1_62' title="bbox 2068 3211 3670 3286; baseline -0.005 -13"><span class='ocrx_word' id='word_1_418' title='bbox 2068 3218 2158 3273; x_wconf 85' lang='lat' dir='ltr'><strong>hic</strong></span> <span class='ocrx_word' id='word_1_419' title='bbox 2185 3217 2275 3272; x_wconf 88' lang='lat' dir='ltr'><strong>ille</strong></span> <span class='ocrx_word' id='word_1_420' title='bbox 2308 3234 2322 3271; x_wconf 85' lang='lat'>:</span> <span class='ocrx_word' id='word_1_421' title='bbox 2347 3216 2486 3284; x_wconf 80' lang='lat' dir='ltr'><strong>Qua,</strong></span> <span class='ocrx_word' id='word_1_422' title='bbox 2515 3216 2716 3286; x_wconf 84' lang='lat' dir='ltr'><strong>inquit,</strong></span> <span class='ocrx_word' id='word_1_423' title='bbox 2742 3219 2867 3270; x_wconf 82' lang='lat' dir='ltr'><strong>heus</strong></span> <span class='ocrx_word' id='word_1_424' title='bbox 2893 3226 2970 3279; x_wconf 80' lang='lat' dir='ltr'><strong>tu,</strong></span> <span class='ocrx_word' id='word_1_425' title='bbox 3001 3215 3323 3279; x_wconf 86' lang='lat' dir='ltr'><strong>temeritate,</strong></span> <span class='ocrx_word' id='word_1_426' title='bbox 3351 3211 3485 3267; x_wconf 82' lang='lat' dir='ltr'><strong>talia</strong></span> <span class='ocrx_word' id='word_1_427' title='bbox 3519 3213 3670 3276; x_wconf 76' lang='lat' dir='ltr'><strong>milii,</strong></span> 
     </span>
    </p>
   </div>
   <div class='ocr_carea' id='block_1_63' title="bbox 371 3304 1964 3382">
    <p class='ocr_par' dir='ltr' id='par_1_63' title="bbox 371 3304 1964 3382">
     <span class='ocr_line' id='line_1_63' title="bbox 371 3304 1964 3382; baseline -0.001 -16"><span class='ocrx_word' id='word_1_428' title='bbox 371 3310 457 3373; x_wconf 81' lang='grc' dir='ltr'><strong>τί,</strong></span> <span class='ocrx_word' id='word_1_429' title='bbox 496 3309 685 3380; x_wconf 79' lang='grc' dir='ltr'>φησὶν,</span> <span class='ocrx_word' id='word_1_430' title='bbox 712 3304 760 3364; x_wconf 84' lang='grc' dir='ltr'><em>ὦ</em></span> <span class='ocrx_word' id='word_1_431' title='bbox 793 3305 994 3375; x_wconf 75' lang='grc' dir='ltr'>οὗτος,</span> <span class='ocrx_word' id='word_1_432' title='bbox 1049 3308 1138 3382; x_wconf 88' lang='grc' dir='ltr'><strong>[Ρ.</strong></span> <span class='ocrx_word' id='word_1_433' title='bbox 1183 3309 1312 3382; x_wconf 72' lang='grc'><strong>457]</strong></span> <span class='ocrx_word' id='word_1_434' title='bbox 1358 3314 1548 3380; x_wconf 73' lang='grc' dir='ltr'>τόλμῃ</span> <span class='ocrx_word' id='word_1_435' title='bbox 1580 3311 1964 3381; x_wconf 76' lang='grc' dir='ltr'>χρησάμενος</span> 
     </span>
    </p>
   </div>
   <div class='ocr_carea' id='block_1_64' title="bbox 368 3401 1964 3473">
    <p class='ocr_par' dir='ltr' id='par_1_64' title="bbox 368 3401 1964 3473">
     <span class='ocr_line' id='line_1_64' title="bbox 368 3401 1964 3473; baseline 0.001 -17"><span class='ocrx_word' id='word_1_436' title='bbox 368 3401 620 3457; x_wconf 79' lang='grc' dir='ltr'>τοιαῦτα</span> <span class='ocrx_word' id='word_1_437' title='bbox 649 3402 800 3455; x_wconf 82' lang='grc' dir='ltr'>κατὰ</span> <span class='ocrx_word' id='word_1_438' title='bbox 840 3401 947 3456; x_wconf 74' lang='grc' dir='ltr'>τόν·</span> <span class='ocrx_word' id='word_1_439' title='bbox 986 3403 1316 3472; x_wconf 75' lang='grc' dir='ltr'>ἀναγκαῖον</span> <span class='ocrx_word' id='word_1_440' title='bbox 1370 3402 1590 3458; x_wconf 79' lang='grc' dir='ltr'>τοῦτον</span> <span class='ocrx_word' id='word_1_441' title='bbox 1617 3403 1820 3473; x_wconf 72' lang='grc' dir='ltr'>ἀγῶνά</span> <span class='ocrx_word' id='word_1_442' title='bbox 1844 3422 1964 3473; x_wconf 83' lang='grc' dir='ltr'>μου</span> 
     </span>
    </p>
   </div>
   <div class='ocr_carea' id='block_1_65' title="bbox 369 3494 1965 3565">
    <p class='ocr_par' dir='ltr' id='par_1_65' title="bbox 369 3494 1965 3565">
     <span class='ocr_line' id='line_1_65' title="bbox 369 3494 1965 3565; baseline -0.001 -16"><span class='ocrx_word' id='word_1_443' title='bbox 369 3494 676 3561; x_wconf 67' lang='grc' dir='ltr'>διαλέγειν</span> <span class='ocrx_word' id='word_1_444' title='bbox 705 3494 1042 3565; x_wconf 81' lang='grc' dir='ltr'>ἐπιχειρεῖς,</span> <span class='ocrx_word' id='word_1_445' title='bbox 1085 3494 1260 3549; x_wconf 84' lang='grc' dir='ltr'>τοῦτο</span> <span class='ocrx_word' id='word_1_446' title='bbox 1323 3497 1515 3560; x_wconf 80' lang='grc' dir='ltr'>μόνον</span> <span class='ocrx_word' id='word_1_447' title='bbox 1540 3495 1965 3558; x_wconf 78' lang='grc' dir='ltr'>σπουδάζοντι,</span> 
     </span>
    </p>
   </div>
   <div class='ocr_carea' id='block_1_66' title="bbox 369 3583 1964 3656">
    <p class='ocr_par' dir='ltr' id='par_1_66' title="bbox 369 3583 1964 3656">
     <span class='ocr_line' id='line_1_66' title="bbox 369 3583 1964 3656; baseline 0.001 -16"><span class='ocrx_word' id='word_1_448' title='bbox 369 3585 454 3656; x_wconf 72' lang='grc' dir='ltr'><strong>μὴ</strong></span> <span class='ocrx_word' id='word_1_449' title='bbox 487 3584 599 3640; x_wconf 79' lang='grc' dir='ltr'><strong>τὸν</strong></span> <span class='ocrx_word' id='word_1_450' title='bbox 626 3583 824 3653; x_wconf 76' lang='grc' dir='ltr'>μέσον</span> <span class='ocrx_word' id='word_1_451' title='bbox 860 3583 1177 3655; x_wconf 78' lang='grc' dir='ltr'>εὐώνυμον</span> <span class='ocrx_word' id='word_1_452' title='bbox 1202 3585 1353 3640; x_wconf 77' lang='grc' dir='ltr'>ἰδεῖν·</span> <span class='ocrx_word' id='word_1_453' title='bbox 1402 3590 1964 3656; x_wconf 74' lang='grc' dir='ltr'>περιτετραμμένον,</span> 
     </span>
    </p>
   </div>
   <div class='ocr_carea' id='block_1_67' title="bbox 376 3674 1224 3748">
    <p class='ocr_par' dir='ltr' id='par_1_67' title="bbox 376 3674 1224 3748">
     <span class='ocr_line' id='line_1_67' title="bbox 376 3674 1224 3748; baseline 0.011 -14"><span class='ocrx_word' id='word_1_454' title='bbox 376 3679 526 3747; x_wconf 76' lang='grc' dir='ltr'>ὑπὲρ</span> <span class='ocrx_word' id='word_1_455' title='bbox 558 3674 631 3734; x_wconf 83' lang='grc' dir='ltr'>οὗ</span> <span class='ocrx_word' id='word_1_456' title='bbox 661 3696 764 3748; x_wconf 82' lang='grc' dir='ltr'>μοι</span> <span class='ocrx_word' id='word_1_457' title='bbox 816 3677 935 3744; x_wconf 71' lang='grc' dir='ltr'><strong>πᾶς</strong></span> <span class='ocrx_word' id='word_1_458' title='bbox 968 3683 1000 3733; x_wconf 79' lang='grc' dir='ltr'><strong>ό</strong></span> <span class='ocrx_word' id='word_1_459' title='bbox 1029 3677 1224 3748; x_wconf 53' lang='lat' dir='ltr'><strong>did)&quot;;</strong></span> 
     </span>
    </p>
   </div>
   <div class='ocr_carea' id='block_1_68' title="bbox 446 3770 1968 3844">
    <p class='ocr_par' dir='ltr' id='par_1_68' title="bbox 446 3770 1968 3844">
     <span class='ocr_line' id='line_1_68' title="bbox 446 3770 1968 3844; baseline 0 -18"><span class='ocrx_word' id='word_1_460' title='bbox 446 3771 533 3838; x_wconf 74' lang='grc' dir='ltr'><strong>ιζ’.</strong></span> <span class='ocrx_word' id='word_1_461' title='bbox 565 3771 732 3826; x_wconf 78' lang='grc' dir='ltr'>Ἀλλὰ</span> <span class='ocrx_word' id='word_1_462' title='bbox 754 3771 850 3825; x_wconf 75' lang='grc' dir='ltr'>καὶ</span> <span class='ocrx_word' id='word_1_463' title='bbox 885 3770 1082 3824; x_wconf 87' lang='grc' dir='ltr'>τούτου</span> <span class='ocrx_word' id='word_1_464' title='bbox 1110 3772 1298 3842; x_wconf 73' lang='grc' dir='ltr'>ἕτερόν</span> <span class='ocrx_word' id='word_1_465' title='bbox 1343 3789 1396 3824; x_wconf 88' lang='grc' dir='ltr'><strong>τι</strong></span> <span class='ocrx_word' id='word_1_466' title='bbox 1429 3772 1762 3843; x_wconf 76' lang='grc' dir='ltr'>διηγήσομαι</span> <span class='ocrx_word' id='word_1_467' title='bbox 1808 3774 1968 3844; x_wconf 83' lang='grc' dir='ltr'>χαλε-</span> 
     </span>
    </p>
   </div>
   <div class='ocr_carea' id='block_1_69' title="bbox 385 3863 2006 3936">
    <p class='ocr_par' dir='ltr' id='par_1_69' title="bbox 385 3863 2006 3936">
     <span class='ocr_line' id='line_1_69' title="bbox 385 3863 2006 3936; baseline 0.001 -18"><span class='ocrx_word' id='word_1_468' title='bbox 385 3864 643 3936; x_wconf 80' lang='grc' dir='ltr'>πώτερον,</span> <span class='ocrx_word' id='word_1_469' title='bbox 685 3864 748 3917; x_wconf 87' lang='grc' dir='ltr'>οὐ</span> <span class='ocrx_word' id='word_1_470' title='bbox 807 3864 967 3934; x_wconf 88' lang='grc' dir='ltr'>μόνον</span> <span class='ocrx_word' id='word_1_471' title='bbox 1003 3863 1272 3918; x_wconf 74' lang='grc' dir='ltr'>ἐκπίπτον</span> <span class='ocrx_word' id='word_1_472' title='bbox 1303 3865 1396 3917; x_wconf 81' lang='grc' dir='ltr'>τοῦ</span> <span class='ocrx_word' id='word_1_473' title='bbox 1453 3865 1776 3935; x_wconf 78' lang='grc' dir='ltr'>πρέποντος,</span> <span class='ocrx_word' id='word_1_474' title='bbox 1832 3867 1970 3920; x_wconf 71' lang='grc' dir='ltr'>ἀλλὰ</span> <span class='ocrx_word' id='word_1_475' title='bbox 2003 3893 2006 3896; x_wconf 92' lang='grc'>·</span> 
     </span>
    </p>
   </div>
   <div class='ocr_carea' id='block_1_70' title="bbox 394 3956 1968 4029">
    <p class='ocr_par' dir='ltr' id='par_1_70' title="bbox 394 3956 1968 4029">
     <span class='ocr_line' id='line_1_70' title="bbox 394 3956 1968 4029; baseline 0.001 -19"><span class='ocrx_word' id='word_1_476' title='bbox 394 3956 486 4010; x_wconf 75' lang='grc' dir='ltr'>καὶ</span> <span class='ocrx_word' id='word_1_477' title='bbox 507 3959 602 4027; x_wconf 77' lang='grc' dir='ltr'>τῆς</span> <span class='ocrx_word' id='word_1_478' title='bbox 629 3957 919 4029; x_wconf 83' lang='grc' dir='ltr'>βασιλικῆς</span> <span class='ocrx_word' id='word_1_479' title='bbox 948 3957 1105 4024; x_wconf 75' lang='grc' dir='ltr'>ἀξίας</span> <span class='ocrx_word' id='word_1_480' title='bbox 1134 3959 1230 4011; x_wconf 80' lang='grc' dir='ltr'>ὅτι⁶</span> <span class='ocrx_word' id='word_1_481' title='bbox 1248 3959 1484 4027; x_wconf 87' lang='grc' dir='ltr'>μάλιστα</span> <span class='ocrx_word' id='word_1_482' title='bbox 1513 3958 1794 4029; x_wconf 87' lang='grc' dir='ltr'>ἀλλότριον</span> <span class='ocrx_word' id='word_1_483' title='bbox 1817 3974 1829 3988; x_wconf 89' lang='grc'><strong>·</strong></span> <span class='ocrx_word' id='word_1_484' title='bbox 1864 3960 1968 4011; x_wconf 82' lang='grc' dir='ltr'><strong>Γυ-</strong></span> 
     </span>
    </p>
   </div>
   <div class='ocr_carea' id='block_1_71' title="bbox 390 4042 1973 4122">
    <p class='ocr_par' dir='ltr' id='par_1_71' title="bbox 390 4042 1973 4122">
     <span class='ocr_line' id='line_1_71' title="bbox 390 4042 1973 4122; baseline 0.003 -23"><span class='ocrx_word' id='word_1_485' title='bbox 390 4047 525 4120; x_wconf 80' lang='grc' dir='ltr'>ναίῳ</span> <span class='ocrx_word' id='word_1_486' title='bbox 553 4049 648 4102; x_wconf 74' lang='grc' dir='ltr'>τινὶ</span> <span class='ocrx_word' id='word_1_487' title='bbox 679 4042 749 4122; x_wconf 82' lang='grc' dir='ltr'><strong>ἧς</strong></span> <span class='ocrx_word' id='word_1_488' title='bbox 767 4049 862 4103; x_wconf 77' lang='grc' dir='ltr'>τὸν</span> <span class='ocrx_word' id='word_1_489' title='bbox 909 4050 1079 4102; x_wconf 89' lang='grc' dir='ltr'>παῖδα</span> <span class='ocrx_word' id='word_1_490' title='bbox 1101 4049 1559 4119; x_wconf 72' lang='grc' dir='ltr'>υἱοοετησᾶμενος</span> <span class='ocrx_word' id='word_1_491' title='bbox 1581 4047 1649 4120; x_wconf 80' lang='grc' dir='ltr'>ἦν</span> <span class='ocrx_word' id='word_1_492' title='bbox 1670 4091 1684 4115; x_wconf 88' lang='grc'><strong>,</strong></span> <span class='ocrx_word' id='word_1_493' title='bbox 1707 4051 1772 4103; x_wconf 82' lang='grc' dir='ltr'>ἐκ</span> <span class='ocrx_word' id='word_1_494' title='bbox 1805 4050 1973 4120; x_wconf 87' lang='grc' dir='ltr'>βαλα-</span> 
     </span>
    </p>
   </div>
   <div class='ocr_carea' id='block_1_72' title="bbox 382 4139 1971 4214">
    <p class='ocr_par' dir='ltr' id='par_1_72' title="bbox 382 4139 1971 4214">
     <span class='ocr_line' id='line_1_72' title="bbox 382 4139 1971 4214; baseline 0.002 -20"><span class='ocrx_word' id='word_1_495' title='bbox 382 4141 524 4196; x_wconf 73' lang='grc' dir='ltr'>νείου</span> <span class='ocrx_word' id='word_1_496' title='bbox 551 4141 858 4213; x_wconf 73' lang='grc' dir='ltr'>ἐρχομένην</span> <span class='ocrx_word' id='word_1_497' title='bbox 881 4139 978 4196; x_wconf 70' lang='grc' dir='ltr'>καὶ</span> <span class='ocrx_word' id='word_1_498' title='bbox 1006 4140 1106 4211; x_wconf 79' lang='grc' dir='ltr'>τὴν</span> <span class='ocrx_word' id='word_1_499' title='bbox 1154 4142 1352 4211; x_wconf 80' lang='grc' dir='ltr'>ἑαυτῆς</span> <span class='ocrx_word' id='word_1_500' title='bbox 1401 4141 1619 4212; x_wconf 85' lang='grc' dir='ltr'>κάλπην</span> <span class='ocrx_word' id='word_1_501' title='bbox 1647 4143 1739 4194; x_wconf 73' lang='grc' dir='ltr'><strong>ἐπὶ</strong></span> <span class='ocrx_word' id='word_1_502' title='bbox 1780 4145 1971 4214; x_wconf 80' lang='grc' dir='ltr'>χεῖρας</span> 
     </span>
    </p>
   </div>
   <div class='ocr_carea' id='block_1_73' title="bbox 377 4233 1972 4308">
    <p class='ocr_par' dir='ltr' id='par_1_73' title="bbox 377 4233 1972 4308">
     <span class='ocr_line' id='line_1_73' title="bbox 377 4233 1972 4308; baseline 0.002 -20"><span class='ocrx_word' id='word_1_503' title='bbox 377 4233 579 4308; x_wconf 75' lang='grc' dir='ltr'>ἐχούσῃ</span> <span class='ocrx_word' id='word_1_504' title='bbox 607 4237 946 4303; x_wconf 81' lang='grc' dir='ltr'>συναντήσας</span> <span class='ocrx_word' id='word_1_505' title='bbox 984 4234 1079 4287; x_wconf 76' lang='grc' dir='ltr'><strong>τοῦ</strong></span> <span class='ocrx_word' id='word_1_506' title='bbox 1118 4235 1286 4288; x_wconf 77' lang='grc' dir='ltr'>ἵππου</span> <span class='ocrx_word' id='word_1_507' title='bbox 1329 4235 1532 4306; x_wconf 78' lang='grc' dir='ltr'>ἁπέὸη,</span> <span class='ocrx_word' id='word_1_508' title='bbox 1576 4237 1670 4290; x_wconf 74' lang='grc' dir='ltr'>καὶ</span> <span class='ocrx_word' id='word_1_509' title='bbox 1717 4239 1844 4300; x_wconf 84' lang='grc' dir='ltr'>τοὺς</span> <span class='ocrx_word' id='word_1_510' title='bbox 1875 4237 1972 4306; x_wconf 82' lang='grc' dir='ltr'>μὲν</span> 
     </span>
    </p>
   </div>
   <div class='ocr_carea' id='block_1_74' title="bbox 373 4327 1974 4398">
    <p class='ocr_par' dir='ltr' id='par_1_74' title="bbox 373 4327 1974 4398">
     <span class='ocr_line' id='line_1_74' title="bbox 373 4327 1974 4398; baseline 0.001 -16"><span class='ocrx_word' id='word_1_511' title='bbox 373 4328 572 4392; x_wconf 74' lang='grc' dir='ltr'>ἄλλους</span> <span class='ocrx_word' id='word_1_512' title='bbox 605 4328 751 4382; x_wconf 78' lang='grc' dir='ltr'>κατὰ</span> <span class='ocrx_word' id='word_1_513' title='bbox 791 4329 861 4382; x_wconf 79' lang='grc' dir='ltr'>τὰ</span> <span class='ocrx_word' id='word_1_514' title='bbox 887 4328 932 4360; x_wconf 84' lang='grc'><strong>³⁸</strong></span> <span class='ocrx_word' id='word_1_515' title='bbox 966 4327 1244 4398; x_wconf 77' lang='grc' dir='ltr'>ἀνάκτορα</span> <span class='ocrx_word' id='word_1_516' title='bbox 1295 4327 1617 4382; x_wconf 81' lang='grc' dir='ltr'>ἀπέστειλεν</span> <span class='ocrx_word' id='word_1_517' title='bbox 1651 4369 1663 4391; x_wconf 90' lang='grc'><strong>,</strong></span> <span class='ocrx_word' id='word_1_518' title='bbox 1694 4329 1974 4384; x_wconf 76' lang='grc' dir='ltr'>ἀκόλαστα</span> 
     </span>
    </p>
   </div>
   <div class='ocr_carea' id='block_1_75' title="bbox 373 4421 1974 4496">
    <p class='ocr_par' dir='ltr' id='par_1_75' title="bbox 373 4421 1974 4496">
     <span class='ocr_line' id='line_1_75' title="bbox 373 4421 1974 4496; baseline 0.001 -21"><span class='ocrx_word' id='word_1_519' title='bbox 373 4422 434 4475; x_wconf 77' lang='grc' dir='ltr'>δὲ</span> <span class='ocrx_word' id='word_1_520' title='bbox 472 4422 570 4476; x_wconf 72' lang='grc' dir='ltr'>καὶ</span> <span class='ocrx_word' id='word_1_521' title='bbox 632 4421 872 4492; x_wconf 83' lang='grc' dir='ltr'>μυστικά</span> <span class='ocrx_word' id='word_1_522' title='bbox 915 4423 960 4454; x_wconf 77' lang='grc'>³³</span> <span class='ocrx_word' id='word_1_523' title='bbox 1013 4421 1284 4492; x_wconf 84' lang='grc' dir='ltr'>ἀνδράρια</span> <span class='ocrx_word' id='word_1_524' title='bbox 1342 4423 1760 4493; x_wconf 79' lang='grc' dir='ltr'>ἑταιρισάμενος</span> <span class='ocrx_word' id='word_1_525' title='bbox 1809 4423 1974 4496; x_wconf 78' lang='grc' dir='ltr'>ἀπῄει</span> 
     </span>
    </p>
   </div>
   <div class='ocr_carea' id='block_1_76' title="bbox 379 4512 1972 4587">
    <p class='ocr_par' dir='ltr' id='par_1_76' title="bbox 379 4512 1972 4587">
     <span class='ocr_line' id='line_1_76' title="bbox 379 4512 1972 4587; baseline 0.003 -23"><span class='ocrx_word' id='word_1_526' title='bbox 379 4512 521 4581; x_wconf 82' lang='grc' dir='ltr'>μετὰ</span> <span class='ocrx_word' id='word_1_527' title='bbox 577 4512 680 4582; x_wconf 80' lang='grc' dir='ltr'>τῆς</span> <span class='ocrx_word' id='word_1_528' title='bbox 749 4513 1032 4582; x_wconf 73' lang='grc' dir='ltr'>γυναικὸς,</span> <span class='ocrx_word' id='word_1_529' title='bbox 1119 4512 1221 4587; x_wconf 16' lang='grc' dir='ltr'>τὴν,</span> <span class='ocrx_word' id='word_1_530' title='bbox 1291 4514 1510 4585; x_wconf 83' lang='grc' dir='ltr'>κάλπην</span> <span class='ocrx_word' id='word_1_531' title='bbox 1579 4515 1688 4567; x_wconf 83' lang='grc' dir='ltr'><strong>τῶν</strong></span> <span class='ocrx_word' id='word_1_532' title='bbox 1759 4515 1972 4584; x_wconf 79' lang='grc' dir='ltr'>ἐκείνης</span> 
     </span>
    </p>
   </div>
   <div class='ocr_carea' id='block_1_77' title="bbox 2069 3304 3668 3381">
    <p class='ocr_par' dir='ltr' id='par_1_77' title="bbox 2069 3304 3668 3381">
     <span class='ocr_line' id='line_1_77' title="bbox 2069 3304 3668 3381; baseline -0.006 -16"><span class='ocrx_word' id='word_1_533' title='bbox 2069 3312 2364 3366; x_wconf 83' lang='lat' dir='ltr'><strong>necessario</strong></span> <span class='ocrx_word' id='word_1_534' title='bbox 2396 3311 2490 3364; x_wconf 82' lang='lat' dir='ltr'><strong>hoc</strong></span> <span class='ocrx_word' id='word_1_535' title='bbox 2555 3325 2722 3381; x_wconf 81' lang='lat' dir='ltr'><strong>agone</strong></span> <span class='ocrx_word' id='word_1_536' title='bbox 2757 3315 3041 3380; x_wconf 76' lang='lat' dir='ltr'><strong>oernpoto,</strong></span> <span class='ocrx_word' id='word_1_537' title='bbox 3103 3307 3364 3361; x_wconf 77' lang='lat' dir='ltr'><strong>obmutire</strong></span> <span class='ocrx_word' id='word_1_538' title='bbox 3409 3304 3668 3365; x_wconf 78' lang='lat' dir='ltr'><strong>instituis,</strong></span> 
     </span>
    </p>
   </div>
   <div class='ocr_carea' id='block_1_78' title="bbox 2066 3398 3685 3468">
    <p class='ocr_par' dir='ltr' id='par_1_78' title="bbox 2066 3398 3685 3468">
     <span class='ocr_line' id='line_1_78' title="bbox 2066 3398 3685 3468; baseline -0.006 -11"><span class='ocrx_word' id='word_1_539' title='bbox 2066 3421 2186 3457; x_wconf 85' lang='lat' dir='ltr'><strong>cum</strong></span> <span class='ocrx_word' id='word_1_540' title='bbox 2225 3404 2320 3457; x_wconf 83' lang='lat' dir='ltr'><strong>hoc</strong></span> <span class='ocrx_word' id='word_1_541' title='bbox 2369 3409 2580 3456; x_wconf 83' lang='lat' dir='ltr'><strong>tantum</strong></span> <span class='ocrx_word' id='word_1_542' title='bbox 2611 3401 2877 3463; x_wconf 78' lang='lat' dir='ltr'><strong>studeam,</strong></span> <span class='ocrx_word' id='word_1_543' title='bbox 2913 3410 2968 3453; x_wconf 80' lang='lat' dir='ltr'><strong>ut</strong></span> <span class='ocrx_word' id='word_1_544' title='bbox 3003 3417 3123 3452; x_wconf 86' lang='lat' dir='ltr'><strong>eum</strong></span> <span class='ocrx_word' id='word_1_545' title='bbox 3153 3400 3240 3468; x_wconf 84' lang='lat' dir='ltr'><strong>qui</strong></span> <span class='ocrx_word' id='word_1_546' title='bbox 3273 3398 3502 3451; x_wconf 82' lang='lat' dir='ltr'><strong>medium</strong></span> <span class='ocrx_word' id='word_1_547' title='bbox 3531 3402 3685 3448; x_wconf 74' lang='lat' dir='ltr'><strong>tenet</strong></span> 
     </span>
    </p>
   </div>
   <div class='ocr_carea' id='block_1_79' title="bbox 2067 3492 3672 3568">
    <p class='ocr_par' dir='ltr' id='par_1_79' title="bbox 2067 3492 3672 3568">
     <span class='ocr_line' id='line_1_79' title="bbox 2067 3492 3672 3568; baseline -0.006 -15"><span class='ocrx_word' id='word_1_548' title='bbox 2067 3499 2124 3552; x_wconf 83' lang='lat' dir='ltr'><strong>in</strong></span> <span class='ocrx_word' id='word_1_549' title='bbox 2173 3499 2359 3553; x_wconf 71' lang='lat' dir='ltr'><strong>lazvam</strong></span> <span class='ocrx_word' id='word_1_550' title='bbox 2424 3506 2630 3568; x_wconf 82' lang='lat' dir='ltr'><strong>partem</strong></span> <span class='ocrx_word' id='word_1_551' title='bbox 2669 3505 2932 3559; x_wconf 71' lang='lat' dir='ltr'><strong>avertam,</strong></span> <span class='ocrx_word' id='word_1_552' title='bbox 2965 3495 3027 3549; x_wconf 85' lang='lat' dir='ltr'><strong>de</strong></span> <span class='ocrx_word' id='word_1_553' title='bbox 3068 3510 3170 3564; x_wconf 84' lang='lat' dir='ltr'><strong>quo</strong></span> <span class='ocrx_word' id='word_1_554' title='bbox 3206 3494 3331 3546; x_wconf 82' lang='lat' dir='ltr'><strong>mihi</strong></span> <span class='ocrx_word' id='word_1_555' title='bbox 3364 3500 3532 3546; x_wconf 87' lang='lat' dir='ltr'><strong>totum</strong></span> <span class='ocrx_word' id='word_1_556' title='bbox 3574 3492 3672 3544; x_wconf 79' lang='lat' dir='ltr'><strong>hoc</strong></span> 
     </span>
    </p>
   </div>
   <div class='ocr_carea' id='block_1_80' title="bbox 2069 3589 2881 3645">
    <p class='ocr_par' dir='ltr' id='par_1_80' title="bbox 2069 3589 2881 3645">
     <span class='ocr_line' id='line_1_80' title="bbox 2069 3589 2881 3645; baseline -0.005 0"><span class='ocrx_word' id='word_1_557' title='bbox 2069 3599 2341 3645; x_wconf 74' lang='lat' dir='ltr'><strong>certamen</strong></span> <span class='ocrx_word' id='word_1_558' title='bbox 2374 3597 2450 3644; x_wconf 85' lang='lat' dir='ltr'><strong>est</strong></span> <span class='ocrx_word' id='word_1_559' title='bbox 2485 3608 2546 3643; x_wconf 88' lang='lat' dir='ltr'><strong>ac</strong></span> <span class='ocrx_word' id='word_1_560' title='bbox 2572 3589 2833 3644; x_wconf 78' lang='lat' dir='ltr'><strong>contentio</strong></span> <span class='ocrx_word' id='word_1_561' title='bbox 2857 3591 2881 3641; x_wconf 87' lang='lat'><strong><em>?</em></strong></span> 
     </span>
    </p>
   </div>
   <div class='ocr_carea' id='block_1_81' title="bbox 2145 3770 3711 3841">
    <p class='ocr_par' dir='ltr' id='par_1_81' title="bbox 2145 3770 3711 3841">
     <span class='ocr_line' id='line_1_81' title="bbox 2145 3770 3711 3841; baseline -0.004 -15"><span class='ocrx_word' id='word_1_562' title='bbox 2145 3775 2229 3829; x_wconf 78' lang='grc' dir='ltr'><strong>Π.</strong></span> <span class='ocrx_word' id='word_1_563' title='bbox 2289 3773 2398 3828; x_wconf 82' lang='lat' dir='ltr'><strong>Sed</strong></span> <span class='ocrx_word' id='word_1_564' title='bbox 2453 3783 2509 3828; x_wconf 86' lang='lat' dir='ltr'><strong>et</strong></span> <span class='ocrx_word' id='word_1_565' title='bbox 2542 3772 2692 3827; x_wconf 85' lang='lat' dir='ltr'><strong>aliud</strong></span> <span class='ocrx_word' id='word_1_566' title='bbox 2749 3771 2882 3841; x_wconf 87' lang='lat' dir='ltr'><strong>quid</strong></span> <span class='ocrx_word' id='word_1_567' title='bbox 2920 3771 3025 3825; x_wconf 87' lang='lat' dir='ltr'><strong>isto</strong></span> <span class='ocrx_word' id='word_1_568' title='bbox 3070 3770 3295 3841; x_wconf 79' lang='lat' dir='ltr'><strong>gravius</strong></span> <span class='ocrx_word' id='word_1_569' title='bbox 3339 3776 3711 3822; x_wconf 75' lang='lat' dir='ltr'><strong>narraturus</strong></span> 
     </span>
    </p>
   </div>
   <div class='ocr_carea' id='block_1_82' title="bbox 2070 3858 3672 3935">
    <p class='ocr_par' dir='ltr' id='par_1_82' title="bbox 2070 3858 3672 3935">
     <span class='ocr_line' id='line_1_82' title="bbox 2070 3858 3672 3935; baseline -0.006 -14"><span class='ocrx_word' id='word_1_570' title='bbox 2070 3883 2231 3932; x_wconf 86' lang='lat' dir='ltr'><strong>sum;</strong></span> <span class='ocrx_word' id='word_1_571' title='bbox 2265 3867 2322 3920; x_wconf 92' lang='lat' dir='ltr'><strong>in</strong></span> <span class='ocrx_word' id='word_1_572' title='bbox 2370 3881 2480 3935; x_wconf 91' lang='lat' dir='ltr'><strong>quo</strong></span> <span class='ocrx_word' id='word_1_573' title='bbox 2511 3880 2623 3918; x_wconf 89' lang='lat' dir='ltr'><strong>non</strong></span> <span class='ocrx_word' id='word_1_574' title='bbox 2677 3863 2856 3917; x_wconf 87' lang='lat' dir='ltr'><strong>solum</strong></span> <span class='ocrx_word' id='word_1_575' title='bbox 2884 3863 3102 3917; x_wconf 80' lang='lat' dir='ltr'><strong>honesti</strong></span> <span class='ocrx_word' id='word_1_576' title='bbox 3139 3861 3477 3932; x_wconf 84' lang='lat' dir='ltr'><strong>pessundata</strong></span> <span class='ocrx_word' id='word_1_577' title='bbox 3509 3858 3672 3919; x_wconf 85' lang='lat' dir='ltr'><strong>ratio.</strong></span> 
     </span>
    </p>
   </div>
   <div class='ocr_carea' id='block_1_83' title="bbox 2071 3955 3675 4027">
    <p class='ocr_par' dir='ltr' id='par_1_83' title="bbox 2071 3955 3675 4027">
     <span class='ocr_line' id='line_1_83' title="bbox 2071 3955 3675 4027; baseline -0.006 -12"><span class='ocrx_word' id='word_1_578' title='bbox 2071 3959 2166 4015; x_wconf 88' lang='lat' dir='ltr'><strong>sed</strong></span> <span class='ocrx_word' id='word_1_579' title='bbox 2185 3967 2241 4015; x_wconf 92' lang='lat' dir='ltr'><strong>et</strong></span> <span class='ocrx_word' id='word_1_580' title='bbox 2272 3959 2326 4014; x_wconf 90' lang='lat' dir='ltr'><strong>id</strong></span> <span class='ocrx_word' id='word_1_581' title='bbox 2349 3961 2636 4013; x_wconf 86' lang='lat' dir='ltr'><strong>actitatum</strong></span> <span class='ocrx_word' id='word_1_582' title='bbox 2663 3956 2813 4027; x_wconf 91' lang='lat' dir='ltr'><strong>quod</strong></span> <span class='ocrx_word' id='word_1_583' title='bbox 2841 3956 3078 4010; x_wconf 77' lang='lat' dir='ltr'><strong>maxime</strong></span> <span class='ocrx_word' id='word_1_584' title='bbox 3105 3955 3310 4025; x_wconf 71' lang='lat' dir='ltr'><strong>regiam</strong></span> <span class='ocrx_word' id='word_1_585' title='bbox 3329 3955 3675 4024; x_wconf 86' lang='lat' dir='ltr'><strong>majestatem</strong></span> 
     </span>
    </p>
   </div>
   <div class='ocr_carea' id='block_1_84' title="bbox 2071 4046 3674 4118">
    <p class='ocr_par' dir='ltr' id='par_1_84' title="bbox 2071 4046 3674 4118">
     <span class='ocr_line' id='line_1_84' title="bbox 2071 4046 3674 4118; baseline -0.006 -11"><span class='ocrx_word' id='word_1_586' title='bbox 2071 4051 2337 4107; x_wconf 87' lang='lat' dir='ltr'><strong>dedeceat</strong></span> <span class='ocrx_word' id='word_1_587' title='bbox 2374 4058 2430 4104; x_wconf 89' lang='lat' dir='ltr'><strong>et</strong></span> <span class='ocrx_word' id='word_1_588' title='bbox 2460 4049 2530 4103; x_wconf 89' lang='lat' dir='ltr'><strong>ab</strong></span> <span class='ocrx_word' id='word_1_589' title='bbox 2576 4064 2641 4104; x_wconf 88' lang='lat' dir='ltr'><strong>ea</strong></span> <span class='ocrx_word' id='word_1_590' title='bbox 2670 4049 2866 4118; x_wconf 90' lang='lat' dir='ltr'><strong>procul</strong></span> <span class='ocrx_word' id='word_1_591' title='bbox 2898 4047 3222 4102; x_wconf 87' lang='lat' dir='ltr'><strong>abhorreat.</strong></span> <span class='ocrx_word' id='word_1_592' title='bbox 3252 4047 3390 4102; x_wconf 83' lang='lat' dir='ltr'><strong>Cum</strong></span> <span class='ocrx_word' id='word_1_593' title='bbox 3440 4046 3674 4100; x_wconf 86' lang='lat' dir='ltr'><strong>mulier-</strong></span> 
     </span>
    </p>
   </div>
   <div class='ocr_carea' id='block_1_85' title="bbox 2072 4141 3674 4216">
    <p class='ocr_par' dir='ltr' id='par_1_85' title="bbox 2072 4141 3674 4216">
     <span class='ocr_line' id='line_1_85' title="bbox 2072 4141 3674 4216; baseline -0.005 -15"><span class='ocrx_word' id='word_1_594' title='bbox 2072 4145 2274 4208; x_wconf 90' lang='lat' dir='ltr'><strong>culam,</strong></span> <span class='ocrx_word' id='word_1_595' title='bbox 2310 4145 2470 4216; x_wconf 82' lang='lat' dir='ltr'><strong>cujus</strong></span> <span class='ocrx_word' id='word_1_596' title='bbox 2514 4143 2684 4197; x_wconf 82' lang='lat' dir='ltr'><strong>tilium</strong></span> <span class='ocrx_word' id='word_1_597' title='bbox 2737 4157 2769 4196; x_wconf 89' lang='lat' dir='ltr'><strong>c</strong></span> <span class='ocrx_word' id='word_1_598' title='bbox 2820 4157 2978 4196; x_wconf 86' lang='lat' dir='ltr'><strong>sacro</strong></span> <span class='ocrx_word' id='word_1_599' title='bbox 3043 4141 3195 4195; x_wconf 83' lang='lat' dir='ltr'><strong>fonte</strong></span> <span class='ocrx_word' id='word_1_600' title='bbox 3248 4150 3592 4210; x_wconf 83' lang='lat' dir='ltr'><strong>susceperat,</strong></span> <span class='ocrx_word' id='word_1_601' title='bbox 3643 4156 3674 4194; x_wconf 93' lang='lat' dir='ltr'><strong>c</strong></span> 
     </span>
    </p>
   </div>
   <div class='ocr_carea' id='block_1_86' title="bbox 2074 4233 3717 4304">
    <p class='ocr_par' dir='ltr' id='par_1_86' title="bbox 2074 4233 3717 4304">
     <span class='ocr_line' id='line_1_86' title="bbox 2074 4233 3717 4304; baseline -0.005 -10"><span class='ocrx_word' id='word_1_602' title='bbox 2074 4240 2271 4294; x_wconf 88' lang='lat' dir='ltr'><strong>balneo</strong></span> <span class='ocrx_word' id='word_1_603' title='bbox 2292 4237 2605 4292; x_wconf 88' lang='lat' dir='ltr'><strong>venientem</strong></span> <span class='ocrx_word' id='word_1_604' title='bbox 2629 4236 2963 4304; x_wconf 87' lang='lat' dir='ltr'><strong>situlamque</strong></span> <span class='ocrx_word' id='word_1_605' title='bbox 2991 4235 3044 4289; x_wconf 90' lang='lat' dir='ltr'><strong>in</strong></span> <span class='ocrx_word' id='word_1_606' title='bbox 3082 4234 3338 4288; x_wconf 85' lang='lat' dir='ltr'><strong>manibus</strong></span> <span class='ocrx_word' id='word_1_607' title='bbox 3375 4233 3674 4287; x_wconf 85' lang='lat' dir='ltr'><strong>habentem</strong></span> <span class='ocrx_word' id='word_1_608' title='bbox 3714 4266 3717 4268; x_wconf 98' lang='lat'><em>-</em></span> 
     </span>
    </p>
   </div>
   <div class='ocr_carea' id='block_1_87' title="bbox 2073 4325 3673 4397">
    <p class='ocr_par' dir='ltr' id='par_1_87' title="bbox 2073 4325 3673 4397">
     <span class='ocr_line' id='line_1_87' title="bbox 2073 4325 3673 4397; baseline -0.004 -11"><span class='ocrx_word' id='word_1_609' title='bbox 2073 4331 2292 4386; x_wconf 87' lang='lat' dir='ltr'><strong>obviam</strong></span> <span class='ocrx_word' id='word_1_610' title='bbox 2310 4328 2620 4390; x_wconf 81' lang='lat' dir='ltr'><strong>habuisset,</strong></span> <span class='ocrx_word' id='word_1_611' title='bbox 2645 4344 2790 4397; x_wconf 90' lang='lat' dir='ltr'><strong>equo</strong></span> <span class='ocrx_word' id='word_1_612' title='bbox 2816 4326 3045 4389; x_wconf 90' lang='lat' dir='ltr'><strong>desiliit,</strong></span> <span class='ocrx_word' id='word_1_613' title='bbox 3074 4327 3307 4395; x_wconf 88' lang='lat' dir='ltr'><strong>aliisque</strong></span> <span class='ocrx_word' id='word_1_614' title='bbox 3333 4327 3384 4379; x_wconf 91' lang='lat' dir='ltr'><strong>in</strong></span> <span class='ocrx_word' id='word_1_615' title='bbox 3411 4325 3673 4394; x_wconf 88' lang='lat' dir='ltr'><strong>palatium</strong></span> 
     </span>
    </p>
   </div>
   <div class='ocr_carea' id='block_1_88' title="bbox 2076 4416 3675 4494">
    <p class='ocr_par' dir='ltr' id='par_1_88' title="bbox 2076 4416 3675 4494">
     <span class='ocr_line' id='line_1_88' title="bbox 2076 4416 3675 4494; baseline -0.006 -15"><span class='ocrx_word' id='word_1_616' title='bbox 2076 4425 2229 4479; x_wconf 90' lang='lat' dir='ltr'><strong>abire</strong></span> <span class='ocrx_word' id='word_1_617' title='bbox 2247 4423 2407 4494; x_wconf 78' lang='lat'><strong>661</strong></span> <span class='ocrx_word' id='word_1_618' title='bbox 2446 4421 2616 4493; x_wconf 86' lang='lat' dir='ltr'><strong>jussis</strong></span> <span class='ocrx_word' id='word_1_619' title='bbox 2646 4421 2763 4491; x_wconf 89' lang='lat' dir='ltr'><strong>ipse</strong></span> <span class='ocrx_word' id='word_1_620' title='bbox 2798 4435 2929 4474; x_wconf 88' lang='lat' dir='ltr'><strong>cum</strong></span> <span class='ocrx_word' id='word_1_621' title='bbox 2970 4418 3187 4490; x_wconf 90' lang='lat' dir='ltr'><strong>impura</strong></span> <span class='ocrx_word' id='word_1_622' title='bbox 3222 4416 3546 4489; x_wconf 87' lang='lat' dir='ltr'><strong>perditaque</strong></span> <span class='ocrx_word' id='word_1_623' title='bbox 3577 4432 3675 4487; x_wconf 73' lang='lat' dir='ltr'><strong>ga-</strong></span> 
     </span>
    </p>
   </div>
   <div class='ocr_carea' id='block_1_89' title="bbox 2077 4511 3677 4579">
    <p class='ocr_par' dir='ltr' id='par_1_89' title="bbox 2077 4511 3677 4579">
     <span class='ocr_line' id='line_1_89' title="bbox 2077 4511 3677 4579; baseline -0.003 -9"><span class='ocrx_word' id='word_1_624' title='bbox 2077 4532 2318 4572; x_wconf 89' lang='lat' dir='ltr'><strong>neonum</strong></span> <span class='ocrx_word' id='word_1_625' title='bbox 2339 4515 2610 4569; x_wconf 90' lang='lat' dir='ltr'><strong>sodalium</strong></span> <span class='ocrx_word' id='word_1_626' title='bbox 2634 4513 2796 4568; x_wconf 89' lang='lat' dir='ltr'><strong>turba</strong></span> <span class='ocrx_word' id='word_1_627' title='bbox 2821 4511 3204 4566; x_wconf 90' lang='lat' dir='ltr'><strong>mulierculam</strong></span> <span class='ocrx_word' id='word_1_628' title='bbox 3227 4518 3474 4575; x_wconf 88' lang='lat' dir='ltr'><strong>secutus,</strong></span> <span class='ocrx_word' id='word_1_629' title='bbox 3497 4523 3677 4579; x_wconf 80' lang='lat' dir='ltr'><strong>exque</strong></span> 
     </span>
    </p>
   </div>
   <div class='ocr_carea' id='block_1_90' title="bbox 374 4589 1964 4678">
    <p class='ocr_par' dir='ltr' id='par_1_90' title="bbox 374 4599 1964 4676">
     <span class='ocr_line' id='line_1_90' title="bbox 374 4599 1964 4676; baseline 0.001 -19"><span class='ocrx_word' id='word_1_630' title='bbox 374 4603 577 4676; x_wconf 83' lang='grc' dir='ltr'>χειρῶν</span> <span class='ocrx_word' id='word_1_631' title='bbox 603 4604 910 4658; x_wconf 75' lang='grc' dir='ltr'>ἀναλαϐών.</span> <span class='ocrx_word' id='word_1_632' title='bbox 938 4605 1068 4670; x_wconf 72' lang='grc' dir='ltr'>Καὶ,</span> <span class='ocrx_word' id='word_1_633' title='bbox 1110 4605 1253 4674; x_wconf 65' lang='lat' dir='ltr'><strong>&quot;Ars</strong></span> <span class='ocrx_word' id='word_1_634' title='bbox 1277 4603 1376 4671; x_wconf 74' lang='grc' dir='ltr'>δὴ,</span> <span class='ocrx_word' id='word_1_635' title='bbox 1417 4599 1464 4658; x_wconf 81' lang='grc' dir='ltr'><strong>ὦ</strong></span> <span class='ocrx_word' id='word_1_636' title='bbox 1493 4604 1689 4674; x_wconf 71' lang='grc' dir='ltr'>γύναι,</span> <span class='ocrx_word' id='word_1_637' title='bbox 1717 4606 1964 4674; x_wconf 52' lang='lat'><strong>0015;50:3-</strong></span> 
     </span>
    </p>
   </div>
   <div class='ocr_carea' id='block_1_91' title="bbox 2068 4589 3676 4678">
    <p class='ocr_par' dir='ltr' id='par_1_91' title="bbox 2076 4601 3676 4678">
     <span class='ocr_line' id='line_1_91' title="bbox 2076 4601 3676 4678; baseline -0.004 -15"><span class='ocrx_word' id='word_1_638' title='bbox 2076 4609 2198 4678; x_wconf 82' lang='lat' dir='ltr'><strong>ejus</strong></span> <span class='ocrx_word' id='word_1_639' title='bbox 2232 4607 2489 4662; x_wconf 89' lang='lat' dir='ltr'><strong>manibus</strong></span> <span class='ocrx_word' id='word_1_640' title='bbox 2519 4607 2700 4660; x_wconf 81' lang='lat' dir='ltr'><strong>ablata</strong></span> <span class='ocrx_word' id='word_1_641' title='bbox 2733 4605 2921 4668; x_wconf 89' lang='lat' dir='ltr'><strong>situla,</strong></span> <span class='ocrx_word' id='word_1_642' title='bbox 2944 4603 3115 4668; x_wconf 81' lang='lat' dir='ltr'><strong>Bono,</strong></span> <span class='ocrx_word' id='word_1_643' title='bbox 3149 4601 3350 4674; x_wconf 84' lang='lat' dir='ltr'><strong>inquit,</strong></span> <span class='ocrx_word' id='word_1_644' title='bbox 3381 4604 3560 4657; x_wconf 86' lang='lat' dir='ltr'><strong>animo</strong></span> <span class='ocrx_word' id='word_1_645' title='bbox 3582 4603 3676 4666; x_wconf 82' lang='lat' dir='ltr'><strong>sis,</strong></span> 
     </span>
    </p>
   </div>
   <div class='ocr_carea' id='block_1_92' title="bbox 374 4693 1968 4764">
    <p class='ocr_par' dir='ltr' id='par_1_92' title="bbox 374 4693 1968 4764">
     <span class='ocr_line' id='line_1_92' title="bbox 374 4693 1968 4764; baseline 0.003 -16"><span class='ocrx_word' id='word_1_646' title='bbox 374 4709 478 4759; x_wconf 78' lang='grc' dir='ltr'><strong>σα,</strong></span> <span class='ocrx_word' id='word_1_647' title='bbox 506 4693 847 4764; x_wconf 73' lang='grc' dir='ltr'>ἓλεξεν,ἐμὲ</span> <span class='ocrx_word' id='word_1_648' title='bbox 903 4697 1055 4749; x_wconf 80' lang='grc' dir='ltr'>κατὰ</span> <span class='ocrx_word' id='word_1_649' title='bbox 1109 4695 1178 4747; x_wconf 80' lang='grc' dir='ltr'>τὸ</span> <span class='ocrx_word' id='word_1_650' title='bbox 1215 4696 1331 4748; x_wconf 72' lang='grc' dir='ltr'><strong>σόν</strong></span> <span class='ocrx_word' id='word_1_651' title='bbox 1375 4696 1595 4764; x_wconf 75' lang='grc' dir='ltr'>οἴκημα</span> <span class='ocrx_word' id='word_1_652' title='bbox 1650 4699 1968 4763; x_wconf 75' lang='grc' dir='ltr'>ὑπόδεξαι,</span> 
     </span>
    </p>
   </div>
   <div class='ocr_carea' id='block_1_93' title="bbox 374 4786 1975 4860">
    <p class='ocr_par' dir='ltr' id='par_1_93' title="bbox 374 4786 1975 4860">
     <span class='ocr_line' id='line_1_93' title="bbox 374 4786 1975 4860; baseline 0.002 -20"><span class='ocrx_word' id='word_1_653' title='bbox 374 4786 591 4858; x_wconf 69' lang='grc' dir='ltr'>ψωμοῦ</span> <span class='ocrx_word' id='word_1_654' title='bbox 621 4787 994 4857; x_wconf 74' lang='grc' dir='ltr'>πετινρώδους</span> <span class='ocrx_word' id='word_1_655' title='bbox 1015 4789 1108 4842; x_wconf 74' lang='grc' dir='ltr'>καὶ</span> <span class='ocrx_word' id='word_1_656' title='bbox 1141 4790 1592 4857; x_wconf 78' lang='grc' dir='ltr'>ἀσϐεστοτύρου</span> <span class='ocrx_word' id='word_1_657' title='bbox 1619 4789 1975 4860; x_wconf 72' lang='grc' dir='ltr'>ἐπιθυμοῦν-</span> 
     </span>
    </p>
   </div>
   <div class='ocr_carea' id='block_1_94' title="bbox 377 4879 1971 4953">
    <p class='ocr_par' dir='ltr' id='par_1_94' title="bbox 377 4879 1971 4953">
     <span class='ocr_line' id='line_1_94' title="bbox 377 4879 1971 4953; baseline 0.002 -17"><span class='ocrx_word' id='word_1_658' title='bbox 377 4899 474 4946; x_wconf 78' lang='grc' dir='ltr'><strong>τα,</strong></span> <span class='ocrx_word' id='word_1_659' title='bbox 503 4882 649 4953; x_wconf 84' lang='grc' dir='ltr'>τάχα</span> <span class='ocrx_word' id='word_1_660' title='bbox 701 4901 805 4936; x_wconf 85' lang='grc' dir='ltr'><strong>που</strong></span> <span class='ocrx_word' id='word_1_661' title='bbox 837 4883 949 4936; x_wconf 80' lang='grc' dir='ltr'>άπὸ</span> <span class='ocrx_word' id='word_1_662' title='bbox 978 4883 1086 4935; x_wconf 87' lang='grc' dir='ltr'><strong>τῶν</strong></span> <span class='ocrx_word' id='word_1_663' title='bbox 1108 4879 1151 4935; x_wconf 85' lang='grc' dir='ltr'>ν’</span> <span class='ocrx_word' id='word_1_664' title='bbox 1181 4883 1562 4952; x_wconf 80' lang='grc' dir='ltr'>νομισμάτων,</span> <span class='ocrx_word' id='word_1_665' title='bbox 1594 4884 1739 4952; x_wconf 78' lang='grc' dir='ltr'>ἅπερ</span> <span class='ocrx_word' id='word_1_666' title='bbox 1770 4885 1971 4939; x_wconf 82' lang='grc' dir='ltr'>δέδωκε</span> 
     </span>
    </p>
   </div>
   <div class='ocr_carea' id='block_1_95' title="bbox 375 4975 1973 5048">
    <p class='ocr_par' dir='ltr' id='par_1_95' title="bbox 375 4975 1973 5048">
     <span class='ocr_line' id='line_1_95' title="bbox 375 4975 1973 5048; baseline 0.001 -19"><span class='ocrx_word' id='word_1_667' title='bbox 375 4975 458 5047; x_wconf 80' lang='grc' dir='ltr'>τῷ</span> <span class='ocrx_word' id='word_1_668' title='bbox 503 4977 660 5047; x_wconf 73' lang='grc' dir='ltr'>ἀνδρὶ</span> <span class='ocrx_word' id='word_1_669' title='bbox 696 4977 902 5045; x_wconf 79' lang='grc' dir='ltr'>αὐτῆς,</span> <span class='ocrx_word' id='word_1_670' title='bbox 936 4975 1342 5046; x_wconf 73' lang='grc' dir='ltr'>ὑπολαμϐάνων</span> <span class='ocrx_word' id='word_1_671' title='bbox 1381 4993 1433 5027; x_wconf 83' lang='grc' dir='ltr'><strong>τι</strong></span> <span class='ocrx_word' id='word_1_672' title='bbox 1496 4976 1796 5048; x_wconf 77' lang='grc' dir='ltr'>κεκτῆσθαι</span> <span class='ocrx_word' id='word_1_673' title='bbox 1841 4980 1973 5031; x_wconf 80' lang='grc' dir='ltr'>ταύ-</span> 
     </span>
    </p>
   </div>
   <div class='ocr_carea' id='block_1_96' title="bbox 378 5067 1964 5140">
    <p class='ocr_par' dir='ltr' id='par_1_96' title="bbox 378 5067 1964 5140">
     <span class='ocr_line' id='line_1_96' title="bbox 378 5067 1964 5140; baseline 0.001 -18"><span class='ocrx_word' id='word_1_674' title='bbox 378 5087 500 5136; x_wconf 82' lang='grc' dir='ltr'>την.</span> <span class='ocrx_word' id='word_1_675' title='bbox 545 5069 672 5123; x_wconf 76' lang='grc' dir='ltr'><strong>Ἐπὶ</strong></span> <span class='ocrx_word' id='word_1_676' title='bbox 695 5069 750 5123; x_wconf 83' lang='grc' dir='ltr'>δὲ</span> <span class='ocrx_word' id='word_1_677' title='bbox 778 5068 857 5138; x_wconf 74' lang='grc' dir='ltr'>τῷ</span> <span class='ocrx_word' id='word_1_678' title='bbox 889 5068 1024 5140; x_wconf 74' lang='grc' dir='ltr'><strong>ξένῳ</strong></span> <span class='ocrx_word' id='word_1_679' title='bbox 1050 5067 1225 5140; x_wconf 82' lang='grc' dir='ltr'>τούτῳ</span> <span class='ocrx_word' id='word_1_680' title='bbox 1265 5067 1500 5139; x_wconf 75' lang='grc' dir='ltr'>θεάματι</span> <span class='ocrx_word' id='word_1_681' title='bbox 1528 5070 1562 5140; x_wconf 85' lang='grc' dir='ltr'><strong>ή</strong></span> <span class='ocrx_word' id='word_1_682' title='bbox 1585 5068 1724 5140; x_wconf 80' lang='grc' dir='ltr'>γυνὴ</span> <span class='ocrx_word' id='word_1_683' title='bbox 1757 5069 1964 5125; x_wconf 70' lang='grc' dir='ltr'>ἐκπλα-</span> 
     </span>
    </p>
   </div>
   <div class='ocr_carea' id='block_1_97' title="bbox 381 5153 1977 5231">
    <p class='ocr_par' dir='ltr' id='par_1_97' title="bbox 381 5153 1977 5231">
     <span class='ocr_line' id='line_1_97' title="bbox 381 5153 1977 5231; baseline 0 -19"><span class='ocrx_word' id='word_1_684' title='bbox 381 5162 561 5227; x_wconf 81' lang='grc' dir='ltr'>γεῖσα,</span> <span class='ocrx_word' id='word_1_685' title='bbox 608 5160 734 5214; x_wconf 73' lang='grc' dir='ltr'>ἐπεὶ</span> <span class='ocrx_word' id='word_1_686' title='bbox 765 5160 858 5214; x_wconf 78' lang='grc' dir='ltr'><strong>καὶ</strong></span> <span class='ocrx_word' id='word_1_687' title='bbox 892 5159 1112 5213; x_wconf 84' lang='grc' dir='ltr'>πάντων</span> <span class='ocrx_word' id='word_1_688' title='bbox 1161 5160 1220 5211; x_wconf 85' lang='grc' dir='ltr'>ἐν</span> <span class='ocrx_word' id='word_1_689' title='bbox 1253 5159 1460 5230; x_wconf 62' lang='grc' dir='ltr'>ἀπορίᾳ.</span> <span class='ocrx_word' id='word_1_690' title='bbox 1495 5153 1777 5231; x_wconf 71' lang='grc' dir='ltr'>ἦν,,αύτὸς</span> <span class='ocrx_word' id='word_1_691' title='bbox 1810 5161 1835 5213; x_wconf 84' lang='grc' dir='ltr'>ὁ</span> <span class='ocrx_word' id='word_1_692' title='bbox 1871 5162 1977 5214; x_wconf 85' lang='grc' dir='ltr'><strong>Μι-</strong></span> 
     </span>
    </p>
   </div>
   <div class='ocr_carea' id='block_1_98' title="bbox 321 5251 1976 5324">
    <p class='ocr_par' dir='ltr' id='par_1_98' title="bbox 321 5251 1976 5324">
     <span class='ocr_line' id='line_1_98' title="bbox 321 5251 1976 5324; baseline 0 -18"><span class='ocrx_word' id='word_1_693' title='bbox 321 5255 325 5258; x_wconf 83' lang='grc'><em>’</em></span> <span class='ocrx_word' id='word_1_694' title='bbox 378 5252 521 5322; x_wconf 81' lang='grc' dir='ltr'>χαὴλ</span> <span class='ocrx_word' id='word_1_695' title='bbox 570 5252 632 5305; x_wconf 81' lang='grc' dir='ltr'>τὸ</span> <span class='ocrx_word' id='word_1_696' title='bbox 666 5252 904 5306; x_wconf 71' lang='grc' dir='ltr'>σαὸάνον</span> <span class='ocrx_word' id='word_1_697' title='bbox 934 5252 1110 5320; x_wconf 71' lang='grc' dir='ltr'>αὐτῆς</span> <span class='ocrx_word' id='word_1_698' title='bbox 1139 5253 1219 5305; x_wconf 76' lang='grc' dir='ltr'><strong>ἑτι</strong></span> <span class='ocrx_word' id='word_1_699' title='bbox 1261 5251 1548 5323; x_wconf 75' lang='grc' dir='ltr'>διάϐροχον</span> <span class='ocrx_word' id='word_1_700' title='bbox 1576 5252 1635 5306; x_wconf 77' lang='grc' dir='ltr'>ὃν</span> <span class='ocrx_word' id='word_1_701' title='bbox 1682 5253 1804 5305; x_wconf 66' lang='grc' dir='ltr'><strong>αντ)⁸</strong></span> <span class='ocrx_word' id='word_1_702' title='bbox 1843 5270 1976 5324; x_wconf 85' lang='grc' dir='ltr'>μεσ-</span> 
     </span>
    </p>
   </div>
   <div class='ocr_carea' id='block_1_99' title="bbox 381 5341 1974 5416">
    <p class='ocr_par' dir='ltr' id='par_1_99' title="bbox 381 5341 1974 5416">
     <span class='ocr_line' id='line_1_99' title="bbox 381 5341 1974 5416; baseline 0.001 -21"><span class='ocrx_word' id='word_1_703' title='bbox 381 5344 571 5398; x_wconf 78' lang='grc' dir='ltr'>σαλίου</span> <span class='ocrx_word' id='word_1_704' title='bbox 598 5343 677 5414; x_wconf 82' lang='grc' dir='ltr'>τῷ</span> <span class='ocrx_word' id='word_1_705' title='bbox 703 5346 933 5416; x_wconf 83' lang='grc' dir='ltr'>σκάμνῳ</span> <span class='ocrx_word' id='word_1_706' title='bbox 961 5344 1192 5398; x_wconf 76' lang='grc' dir='ltr'>ἐπέθετο</span> <span class='ocrx_word' id='word_1_707' title='bbox 1213 5344 1296 5416; x_wconf 87' lang='grc' dir='ltr'>(οὺ</span> <span class='ocrx_word' id='word_1_708' title='bbox 1331 5345 1438 5413; x_wconf 78' lang='grc' dir='ltr'><strong>γὰρ</strong></span> <span class='ocrx_word' id='word_1_709' title='bbox 1470 5341 1616 5414; x_wconf 77' lang='grc' dir='ltr'>εἶχεν</span> <span class='ocrx_word' id='word_1_710' title='bbox 1639 5344 1974 5415; x_wconf 71' lang='grc' dir='ltr'>τράπεζαν),</span> 
     </span>
    </p>
   </div>
   <div class='ocr_carea' id='block_1_100' title="bbox 381 5434 1974 5510">
    <p class='ocr_par' dir='ltr' id='par_1_100' title="bbox 381 5434 1974 5510">
     <span class='ocr_line' id='line_1_100' title="bbox 381 5434 1974 5510; baseline 0.003 -22"><span class='ocrx_word' id='word_1_711' title='bbox 381 5440 482 5507; x_wconf 76' lang='grc' dir='ltr'>τήν</span> <span class='ocrx_word' id='word_1_712' title='bbox 497 5455 558 5491; x_wconf 87' lang='grc' dir='ltr'><strong>τε</strong></span> <span class='ocrx_word' id='word_1_713' title='bbox 582 5437 772 5492; x_wconf 86' lang='grc' dir='ltr'>κλεῖδα</span> <span class='ocrx_word' id='word_1_714' title='bbox 799 5437 1217 5509; x_wconf 64' lang='grc' dir='ltr'>ἀφελὼνραῦτῆς</span> <span class='ocrx_word' id='word_1_715' title='bbox 1243 5434 1312 5510; x_wconf 80' lang='grc' dir='ltr'>ἦν</span> <span class='ocrx_word' id='word_1_716' title='bbox 1333 5439 1404 5493; x_wconf 84' lang='grc' dir='ltr'>τὰ</span> <span class='ocrx_word' id='word_1_717' title='bbox 1429 5439 1610 5493; x_wconf 79' lang='grc' dir='ltr'>πάντα</span> <span class='ocrx_word' id='word_1_718' title='bbox 1634 5439 1662 5493; x_wconf 86' lang='grc' dir='ltr'><strong>ό</strong></span> <span class='ocrx_word' id='word_1_719' title='bbox 1693 5438 1974 5510; x_wconf 71' lang='grc' dir='ltr'>βασιλεὺς,</span> 
     </span>
    </p>
   </div>
   <div class='ocr_carea' id='block_1_101' title="bbox 379 5529 1980 5603">
    <p class='ocr_par' dir='ltr' id='par_1_101' title="bbox 379 5529 1980 5603">
     <span class='ocr_line' id='line_1_101' title="bbox 379 5529 1980 5603; baseline 0.004 -23"><span class='ocrx_word' id='word_1_720' title='bbox 379 5529 824 5599; x_wconf 70' lang='grc' dir='ltr'>τραπεζοποιὸς,</span> <span class='ocrx_word' id='word_1_721' title='bbox 873 5530 1172 5602; x_wconf 81' lang='grc' dir='ltr'>μάγειρος,</span> <span class='ocrx_word' id='word_1_722' title='bbox 1241 5531 1539 5603; x_wconf 75' lang='grc' dir='ltr'>δαιτυμὼν.</span> <span class='ocrx_word' id='word_1_723' title='bbox 1599 5531 1880 5586; x_wconf 77' lang='grc' dir='ltr'>Ἐκϐαλὼν</span> <span class='ocrx_word' id='word_1_724' title='bbox 1923 5535 1980 5586; x_wconf 72' lang='grc' dir='ltr'>δὲ</span> 
     </span>
    </p>
   </div>
   <div class='ocr_carea' id='block_1_102' title="bbox 381 5617 1977 5696">
    <p class='ocr_par' dir='ltr' id='par_1_102' title="bbox 381 5617 1977 5696">
     <span class='ocr_line' id='line_1_102' title="bbox 381 5617 1977 5696; baseline 0.002 -21"><span class='ocrx_word' id='word_1_725' title='bbox 381 5621 530 5692; x_wconf 62' lang='grc' dir='ltr'>ἥπερ</span> <span class='ocrx_word' id='word_1_726' title='bbox 553 5617 719 5692; x_wconf 78' lang='grc' dir='ltr'>εἶχεν</span> <span class='ocrx_word' id='word_1_727' title='bbox 749 5621 847 5692; x_wconf 75' lang='grc' dir='ltr'>τὴς</span> <span class='ocrx_word' id='word_1_728' title='bbox 879 5624 1147 5694; x_wconf 73' lang='grc' dir='ltr'>πενιχρᾶς</span> <span class='ocrx_word' id='word_1_729' title='bbox 1197 5623 1418 5694; x_wconf 73' lang='grc' dir='ltr'>ἐκείνης</span> <span class='ocrx_word' id='word_1_730' title='bbox 1455 5625 1486 5696; x_wconf 80' lang='grc' dir='ltr'>ἡ</span> <span class='ocrx_word' id='word_1_731' title='bbox 1512 5624 1766 5689; x_wconf 66' lang='grc' dir='ltr'>κιϐωτὸς,</span> <span class='ocrx_word' id='word_1_732' title='bbox 1798 5643 1977 5679; x_wconf 79' lang='grc' dir='ltr'>συνειο</span> 
     </span>
    </p>
   </div>
   <div class='ocr_carea' id='block_1_103' title="bbox 2074 4696 3677 4768">
    <p class='ocr_par' dir='ltr' id='par_1_103' title="bbox 2074 4696 3677 4768">
     <span class='ocr_line' id='line_1_103' title="bbox 2074 4696 3677 4768; baseline -0.006 -12"><span class='ocrx_word' id='word_1_733' title='bbox 2074 4720 2104 4756; x_wconf 94' lang='grc' dir='ltr'><strong>ο</strong></span> <span class='ocrx_word' id='word_1_734' title='bbox 2146 4701 2358 4764; x_wconf 83' lang='lat' dir='ltr'><strong>mulier,</strong></span> <span class='ocrx_word' id='word_1_735' title='bbox 2393 4709 2452 4754; x_wconf 86' lang='lat' dir='ltr'><strong>ut</strong></span> <span class='ocrx_word' id='word_1_736' title='bbox 2488 4716 2569 4754; x_wconf 85' lang='lat' dir='ltr'><strong>me</strong></span> <span class='ocrx_word' id='word_1_737' title='bbox 2603 4699 2758 4752; x_wconf 84' lang='lat' dir='ltr'><strong>domo</strong></span> <span class='ocrx_word' id='word_1_738' title='bbox 2804 4705 2900 4752; x_wconf 88' lang='lat' dir='ltr'><strong>tua</strong></span> <span class='ocrx_word' id='word_1_739' title='bbox 2933 4697 3190 4768; x_wconf 85' lang='lat' dir='ltr'><strong>accipias,</strong></span> <span class='ocrx_word' id='word_1_740' title='bbox 3223 4697 3314 4767; x_wconf 84' lang='lat' dir='ltr'><strong>qui</strong></span> <span class='ocrx_word' id='word_1_741' title='bbox 3368 4696 3677 4766; x_wconf 77' lang='lat' dir='ltr'><strong>[urfuraceo</strong></span> 
     </span>
    </p>
   </div>
   <div class='ocr_carea' id='block_1_104' title="bbox 2075 4790 3680 4865">
    <p class='ocr_par' dir='ltr' id='par_1_104' title="bbox 2075 4790 3680 4865">
     <span class='ocr_line' id='line_1_104' title="bbox 2075 4790 3680 4865; baseline -0.002 -16"><span class='ocrx_word' id='word_1_742' title='bbox 2075 4812 2212 4865; x_wconf 85' lang='lat' dir='ltr'><strong>pane</strong></span> <span class='ocrx_word' id='word_1_743' title='bbox 2243 4812 2306 4848; x_wconf 85' lang='lat' dir='ltr'><strong>ac</strong></span> <span class='ocrx_word' id='word_1_744' title='bbox 2327 4794 2521 4848; x_wconf 86' lang='lat' dir='ltr'><strong>recenti</strong></span> <span class='ocrx_word' id='word_1_745' title='bbox 2558 4810 2712 4848; x_wconf 85' lang='lat' dir='ltr'><strong>caseo</strong></span> <span class='ocrx_word' id='word_1_746' title='bbox 2741 4793 2877 4846; x_wconf 82' lang='lat' dir='ltr'><strong>vesci</strong></span> <span class='ocrx_word' id='word_1_747' title='bbox 2913 4799 3188 4862; x_wconf 77' lang='lat' dir='ltr'><strong>appetant,</strong></span> <span class='ocrx_word' id='word_1_748' title='bbox 3230 4790 3376 4847; x_wconf 85' lang='lat' dir='ltr'><strong>forte</strong></span> <span class='ocrx_word' id='word_1_749' title='bbox 3423 4806 3491 4845; x_wconf 82' lang='lat' dir='ltr'><strong>ex</strong></span> <span class='ocrx_word' id='word_1_750' title='bbox 3515 4791 3680 4862; x_wconf 89' lang='lat' dir='ltr'><strong>quin-</strong></span> 
     </span>
    </p>
   </div>
   <div class='ocr_carea' id='block_1_105' title="bbox 2075 4883 3675 4956">
    <p class='ocr_par' dir='ltr' id='par_1_105' title="bbox 2075 4883 3675 4956">
     <span class='ocr_line' id='line_1_105' title="bbox 2075 4883 3675 4956; baseline -0.003 -17"><span class='ocrx_word' id='word_1_751' title='bbox 2075 4886 2336 4956; x_wconf 78' lang='lat' dir='ltr'><strong>quaginta</strong></span> <span class='ocrx_word' id='word_1_752' title='bbox 2372 4885 2584 4949; x_wconf 89' lang='lat' dir='ltr'><strong>aureis,</strong></span> <span class='ocrx_word' id='word_1_753' title='bbox 2639 4899 2780 4953; x_wconf 92' lang='lat' dir='ltr'><strong>quos</strong></span> <span class='ocrx_word' id='word_1_754' title='bbox 2809 4898 2877 4938; x_wconf 82' lang='lat' dir='ltr'><strong>ex</strong></span> <span class='ocrx_word' id='word_1_755' title='bbox 2910 4883 3008 4938; x_wconf 94' lang='lat' dir='ltr'><strong>illo</strong></span> <span class='ocrx_word' id='word_1_756' title='bbox 3053 4883 3140 4936; x_wconf 89' lang='lat' dir='ltr'><strong>vir</strong></span> <span class='ocrx_word' id='word_1_757' title='bbox 3194 4883 3317 4952; x_wconf 90' lang='lat' dir='ltr'><strong>ejus</strong></span> <span class='ocrx_word' id='word_1_758' title='bbox 3363 4888 3675 4950; x_wconf 85' lang='lat' dir='ltr'><strong>acceperat,</strong></span> 
     </span>
    </p>
   </div>
   <div class='ocr_carea' id='block_1_106' title="bbox 2077 4971 3678 5047">
    <p class='ocr_par' dir='ltr' id='par_1_106' title="bbox 2077 4971 3678 5047">
     <span class='ocr_line' id='line_1_106' title="bbox 2077 4971 3678 5047; baseline -0.004 -14"><span class='ocrx_word' id='word_1_759' title='bbox 2077 4979 2282 5033; x_wconf 88' lang='lat' dir='ltr'><strong>habere</strong></span> <span class='ocrx_word' id='word_1_760' title='bbox 2310 4994 2432 5032; x_wconf 89' lang='lat' dir='ltr'><strong>eam</strong></span> <span class='ocrx_word' id='word_1_761' title='bbox 2465 4977 2673 5046; x_wconf 90' lang='lat' dir='ltr'><strong>aliquid</strong></span> <span class='ocrx_word' id='word_1_762' title='bbox 2721 4976 2777 5031; x_wconf 87' lang='lat' dir='ltr'><strong>in</strong></span> <span class='ocrx_word' id='word_1_763' title='bbox 2803 4991 2951 5047; x_wconf 87' lang='lat' dir='ltr'><strong>penu</strong></span> <span class='ocrx_word' id='word_1_764' title='bbox 2996 4975 3347 5032; x_wconf 74' lang='lat' dir='ltr'><strong>existimans.</strong></span> <span class='ocrx_word' id='word_1_765' title='bbox 3391 4972 3545 5026; x_wconf 87' lang='lat' dir='ltr'><strong>Novo</strong></span> <span class='ocrx_word' id='word_1_766' title='bbox 3572 4971 3678 5027; x_wconf 90' lang='lat' dir='ltr'><strong>hoc</strong></span> 
     </span>
    </p>
   </div>
   <div class='ocr_carea' id='block_1_107' title="bbox 2074 5065 3677 5140">
    <p class='ocr_par' dir='ltr' id='par_1_107' title="bbox 2074 5065 3677 5140">
     <span class='ocr_line' id='line_1_107' title="bbox 2074 5065 3677 5140; baseline -0.006 -14"><span class='ocrx_word' id='word_1_767' title='bbox 2074 5088 2138 5126; x_wconf 88' lang='lat' dir='ltr'><strong>ac</strong></span> <span class='ocrx_word' id='word_1_768' title='bbox 2161 5070 2408 5126; x_wconf 87' lang='lat' dir='ltr'><strong>inaudito</strong></span> <span class='ocrx_word' id='word_1_769' title='bbox 2430 5070 2748 5140; x_wconf 89' lang='lat' dir='ltr'><strong>spectaculo</strong></span> <span class='ocrx_word' id='word_1_770' title='bbox 2779 5071 3013 5125; x_wconf 81' lang='lat' dir='ltr'><strong>attonita</strong></span> <span class='ocrx_word' id='word_1_771' title='bbox 3064 5067 3319 5130; x_wconf 88' lang='lat' dir='ltr'><strong>muliere,</strong></span> <span class='ocrx_word' id='word_1_772' title='bbox 3345 5065 3550 5136; x_wconf 88' lang='lat' dir='ltr'><strong>quippe</strong></span> <span class='ocrx_word' id='word_1_773' title='bbox 3586 5065 3677 5119; x_wconf 89' lang='lat' dir='ltr'><strong>cui</strong></span> 
     </span>
    </p>
   </div>
   <div class='ocr_carea' id='block_1_108' title="bbox 2075 5161 3674 5236">
    <p class='ocr_par' dir='ltr' id='par_1_108' title="bbox 2075 5161 3674 5236">
     <span class='ocr_line' id='line_1_108' title="bbox 2075 5161 3674 5236; baseline -0.003 -17"><span class='ocrx_word' id='word_1_774' title='bbox 2075 5182 2175 5236; x_wconf 90' lang='lat' dir='ltr'><strong>per</strong></span> <span class='ocrx_word' id='word_1_775' title='bbox 2201 5166 2490 5236; x_wconf 82' lang='lat' dir='ltr'><strong>penuriam</strong></span> <span class='ocrx_word' id='word_1_776' title='bbox 2541 5165 2607 5220; x_wconf 85' lang='lat' dir='ltr'><strong>ad</strong></span> <span class='ocrx_word' id='word_1_777' title='bbox 2646 5167 2769 5235; x_wconf 87' lang='lat' dir='ltr'><strong>ejus</strong></span> <span class='ocrx_word' id='word_1_778' title='bbox 2800 5164 2996 5234; x_wconf 85' lang='lat' dir='ltr'><strong>epulas</strong></span> <span class='ocrx_word' id='word_1_779' title='bbox 3024 5161 3166 5216; x_wconf 84' lang='lat' dir='ltr'><strong>nihil</strong></span> <span class='ocrx_word' id='word_1_780' title='bbox 3197 5161 3250 5214; x_wconf 92' lang='lat' dir='ltr'><strong>in</strong></span> <span class='ocrx_word' id='word_1_781' title='bbox 3287 5167 3482 5230; x_wconf 90' lang='lat' dir='ltr'><strong>paratu</strong></span> <span class='ocrx_word' id='word_1_782' title='bbox 3505 5167 3674 5225; x_wconf 85' lang='lat' dir='ltr'><strong>esset,</strong></span> 
     </span>
    </p>
   </div>
   <div class='ocr_carea' id='block_1_109' title="bbox 2076 5249 3676 5327">
    <p class='ocr_par' dir='ltr' id='par_1_109' title="bbox 2076 5249 3676 5327">
     <span class='ocr_line' id='line_1_109' title="bbox 2076 5249 3676 5327; baseline -0.004 -17"><span class='ocrx_word' id='word_1_783' title='bbox 2076 5258 2191 5327; x_wconf 89' lang='lat' dir='ltr'><strong>ipse</strong></span> <span class='ocrx_word' id='word_1_784' title='bbox 2220 5256 2450 5312; x_wconf 85' lang='lat' dir='ltr'><strong>Michael</strong></span> <span class='ocrx_word' id='word_1_785' title='bbox 2480 5255 2823 5310; x_wconf 71' lang='lat' dir='ltr'><strong>mulierculae</strong></span> <span class='ocrx_word' id='word_1_786' title='bbox 2863 5253 3161 5308; x_wconf 88' lang='lat' dir='ltr'><strong>tersorium</strong></span> <span class='ocrx_word' id='word_1_787' title='bbox 3193 5251 3426 5306; x_wconf 92' lang='lat' dir='ltr'><strong>linteum</strong></span> <span class='ocrx_word' id='word_1_788' title='bbox 3449 5249 3676 5304; x_wconf 87' lang='lat' dir='ltr'><strong>adhuee</strong></span> 
     </span>
    </p>
   </div>
   <div class='ocr_carea' id='block_1_110' title="bbox 2077 5339 3676 5416">
    <p class='ocr_par' dir='ltr' id='par_1_110' title="bbox 2077 5339 3676 5416">
     <span class='ocr_line' id='line_1_110' title="bbox 2077 5339 3676 5416; baseline -0.004 -15"><span class='ocrx_word' id='word_1_789' title='bbox 2077 5347 2275 5402; x_wconf 87' lang='lat' dir='ltr'><strong>balneo</strong></span> <span class='ocrx_word' id='word_1_790' title='bbox 2297 5345 2578 5402; x_wconf 86' lang='lat' dir='ltr'><strong>madidum</strong></span> <span class='ocrx_word' id='word_1_791' title='bbox 2603 5361 2702 5416; x_wconf 90' lang='lat' dir='ltr'><strong>pro</strong></span> <span class='ocrx_word' id='word_1_792' title='bbox 2731 5359 2929 5414; x_wconf 86' lang='lat' dir='ltr'><strong>mappa</strong></span> <span class='ocrx_word' id='word_1_793' title='bbox 2959 5356 3184 5398; x_wconf 88' lang='lat' dir='ltr'><strong>scamno</strong></span> <span class='ocrx_word' id='word_1_794' title='bbox 3225 5341 3427 5396; x_wconf 87' lang='lat' dir='ltr'><strong>sternit</strong></span> <span class='ocrx_word' id='word_1_795' title='bbox 3449 5339 3676 5411; x_wconf 89' lang='lat' dir='ltr'><strong>(quippe</strong></span> 
     </span>
    </p>
   </div>
   <div class='ocr_carea' id='block_1_111' title="bbox 2079 5431 3676 5508">
    <p class='ocr_par' dir='ltr' id='par_1_111' title="bbox 2079 5431 3676 5508">
     <span class='ocr_line' id='line_1_111' title="bbox 2079 5431 3676 5508; baseline -0.006 -14"><span class='ocrx_word' id='word_1_796' title='bbox 2079 5455 2204 5494; x_wconf 88' lang='lat' dir='ltr'><strong>cum</strong></span> <span class='ocrx_word' id='word_1_797' title='bbox 2260 5449 2318 5495; x_wconf 90' lang='lat' dir='ltr'><strong>et</strong></span> <span class='ocrx_word' id='word_1_798' title='bbox 2363 5455 2552 5495; x_wconf 87' lang='lat' dir='ltr'><strong>mensa</strong></span> <span class='ocrx_word' id='word_1_799' title='bbox 2584 5435 2892 5508; x_wconf 84' lang='lat' dir='ltr'><strong>deﬁceret),</strong></span> <span class='ocrx_word' id='word_1_800' title='bbox 2921 5443 3220 5506; x_wconf 85' lang='lat' dir='ltr'><strong>ereptaque</strong></span> <span class='ocrx_word' id='word_1_801' title='bbox 3273 5431 3323 5489; x_wconf 91' lang='lat' dir='ltr'><strong>ei</strong></span> <span class='ocrx_word' id='word_1_802' title='bbox 3347 5433 3498 5488; x_wconf 87' lang='lat' dir='ltr'><strong>clave</strong></span> <span class='ocrx_word' id='word_1_803' title='bbox 3531 5448 3676 5486; x_wconf 86' lang='lat' dir='ltr'><strong>unus</strong></span> 
     </span>
    </p>
   </div>
   <div class='ocr_carea' id='block_1_112' title="bbox 2079 5525 3677 5603">
    <p class='ocr_par' dir='ltr' id='par_1_112' title="bbox 2079 5525 3677 5603">
     <span class='ocr_line' id='line_1_112' title="bbox 2079 5525 3677 5603; baseline -0.005 -16"><span class='ocrx_word' id='word_1_804' title='bbox 2079 5532 2264 5587; x_wconf 90' lang='lat' dir='ltr'><strong>omnia</strong></span> <span class='ocrx_word' id='word_1_805' title='bbox 2295 5531 2597 5603; x_wconf 87' lang='lat' dir='ltr'><strong>imperator</strong></span> <span class='ocrx_word' id='word_1_806' title='bbox 2640 5541 2798 5596; x_wconf 91' lang='lat' dir='ltr'><strong>erat;</strong></span> <span class='ocrx_word' id='word_1_807' title='bbox 2853 5529 2972 5599; x_wconf 88' lang='lat' dir='ltr'><strong>ipse</strong></span> <span class='ocrx_word' id='word_1_808' title='bbox 3018 5543 3223 5583; x_wconf 64' lang='lat' dir='ltr'><strong>mensae</strong></span> <span class='ocrx_word' id='word_1_809' title='bbox 3265 5533 3531 5588; x_wconf 88' lang='lat' dir='ltr'><strong>structor,</strong></span> <span class='ocrx_word' id='word_1_810' title='bbox 3559 5525 3677 5596; x_wconf 86' lang='lat' dir='ltr'><strong>ipse</strong></span> 
     </span>
    </p>
   </div>
   <div class='ocr_carea' id='block_1_113' title="bbox 2081 5623 3696 5718">
    <p class='ocr_par' dir='ltr' id='par_1_113' title="bbox 2081 5623 3696 5718">
     <span class='ocr_line' id='line_1_113' title="bbox 2081 5623 3696 5718; baseline -0.006 -36"><span class='ocrx_word' id='word_1_811' title='bbox 2081 5641 2313 5697; x_wconf 90' lang='lat' dir='ltr'><strong>coquus,</strong></span> <span class='ocrx_word' id='word_1_812' title='bbox 2349 5626 2466 5718; x_wconf 73' lang='lat' dir='ltr'><strong>ipse</strong></span> <span class='ocrx_word' id='word_1_813' title='bbox 2505 5626 2755 5682; x_wconf 88' lang='lat' dir='ltr'><strong>conviva.</strong></span> <span class='ocrx_word' id='word_1_814' title='bbox 2792 5623 3254 5695; x_wconf 88' lang='lat' dir='ltr'><strong>Depromptisque</strong></span> <span class='ocrx_word' id='word_1_815' title='bbox 3285 5637 3407 5692; x_wconf 79' lang='lat' dir='ltr'><strong>quae</strong></span> <span class='ocrx_word' id='word_1_816' title='bbox 3435 5635 3696 5690; x_wconf 36' lang='lat' dir='ltr'><strong>pauper-</strong></span> 
     </span>
    </p>
   </div>
   <div class='ocr_carea' id='block_1_114' title="bbox 1703 5803 2395 5860">
    <p class='ocr_par' dir='ltr' id='par_1_114' title="bbox 1703 5803 2395 5860">
     <span class='ocr_line' id='line_1_114' title="bbox 1703 5803 2395 5860; baseline 0 -2"><span class='ocrx_word' id='word_1_817' title='bbox 1703 5803 1938 5859; x_wconf 70' lang='lat' dir='ltr'><strong>VAilL-E</strong></span> <span class='ocrx_word' id='word_1_818' title='bbox 1986 5804 2395 5860; x_wconf 66' lang='lat' dir='ltr'><strong>LECTEONl-LS.</strong></span> 
     </span>
    </p>
   </div>
   <div class='ocr_carea' id='block_1_115' title="bbox 464 5897 1357 5971">
    <p class='ocr_par' dir='ltr' id='par_1_115' title="bbox 464 5897 1357 5971">
     <span class='ocr_line' id='line_1_115' title="bbox 464 5897 1357 5971; baseline 0.003 -19"><span class='ocrx_word' id='word_1_819' title='bbox 464 5897 510 5931; x_wconf 76' lang='lat'><strong>&quot;</strong></span> <span class='ocrx_word' id='word_1_820' title='bbox 545 5899 780 5971; x_wconf 76' lang='grc' dir='ltr'>ἐχόντων</span> <span class='ocrx_word' id='word_1_821' title='bbox 813 5897 876 5956; x_wconf 84' lang='lat' dir='ltr'><strong>P.</strong></span> <span class='ocrx_word' id='word_1_822' title='bbox 960 5899 1002 5930; x_wconf 79' lang='grc'>³⁸</span> <span class='ocrx_word' id='word_1_823' title='bbox 1046 5899 1116 5952; x_wconf 66' lang='grc' dir='ltr'><strong>τὰ,</strong></span> <span class='ocrx_word' id='word_1_824' title='bbox 1150 5915 1263 5955; x_wconf 86' lang='lat' dir='ltr'><strong>om.</strong></span> <span class='ocrx_word' id='word_1_825' title='bbox 1295 5897 1357 5955; x_wconf 89' lang='lat' dir='ltr'><strong>P.</strong></span> 
     </span>
    </p>
   </div>
   <div class='ocr_carea' id='block_1_116' title="bbox 1437 5898 2376 5971">
    <p class='ocr_par' dir='ltr' id='par_1_116' title="bbox 1437 5898 2376 5971">
     <span class='ocr_line' id='line_1_116' title="bbox 1437 5898 2376 5971; baseline 0 -19"><span class='ocrx_word' id='word_1_826' title='bbox 1437 5901 1481 5932; x_wconf 69' lang='grc'><strong>³⁸</strong></span> <span class='ocrx_word' id='word_1_827' title='bbox 1512 5898 1773 5971; x_wconf 66' lang='grc' dir='ltr'>μυστικὰ]</span> <span class='ocrx_word' id='word_1_828' title='bbox 1809 5899 2077 5970; x_wconf 66' lang='lat' dir='ltr'><strong>Srylitzes</strong></span> <span class='ocrx_word' id='word_1_829' title='bbox 2120 5901 2376 5971; x_wconf 75' lang='grc' dir='ltr'>πορνικά..</span> 
     </span>
    </p>
   </div>
  </div>
