4124 6420
479 377 584 442 733

1747 376 2128 437 SYMEONIS
2163 375 2451 438 MAGIST
2463 375 2546 436 Ri

3660 371 3771 436 72‘.

484 489 623 542 culte
661 485 807 541 illius
842 500 1018 557 penus
1046 494 1227 545 erant.
1257 499 1367 540 una
1406 501 1530 552 cum
1554 483 1642 538 illa
1675 485 1908 555 epulans
1941 500 2076 538 con-

2190 487 2370 538 στιάτο
2398 484 2573 554 ταύτῃ
2600 485 2694 538 καὶ
2724 483 3085 547 συνεδείπνει,
3119 483 3378 537 κάκεῖθεν
3407 483 3576 556 βάδην
3607 485 3766 548 αὖθις

482 579 733 634 cenabat.
774 579 1018 650 Indeque
1055 594 1250 634 rursus.
1277 578 1422 632 ’τηις
1459 578 1595 648 pede
1631 578 1686 632 in
1720 578 2070 647 palatium~se

481 671 755 740 recipiens
783 670 918 724 ibat.

560 763 643 817 18.
701 763 859 828 Quod
915 764 1200 817 enimvero
1251 776 1408 831 longe
1455 761 1722 825 deterius,
1777 759 1909 814 illud
1965 767 2070 814 est.

486 857 816 914 Sodalitium
853 856 1130 925 quoddam
1169 854 1532 910 convellebat.
1577 853 1810 923 Satyrici
1848 854 2072 923 quidam

484 965 763 1020 ganeones
794 957 952 1002 erant
975 958 1029 1000 et
1067 947 1132 1001 ad
1174 961 1390 1000 omnem
1425 946 1820 1015 turpitudinem
1854 961 1917 1000 ac
1946 945 2076 998 libi-

487 1041 673 1100 dinem
705 1040 865 1095 effusi
896 1057 910 1105 ;
939 1056 1076 1109 quos
1107 1039 1197 1092 ille
1214 1039 1399 1092 colens
1419 1054 1481 1092 ac
1503 1039 1712 1092 habens
1731 1037 2075 1092 venerationi

491 1133 806 1186 divinorum
860 1131 1072 1200 perdite
1125 1138 1473 1198 contemptor
1511 1138 1649 1184 erat.
1700 1128 2077 1184 Sacerdotales

489 1239 627 1277 auro
667 1230 950 1276 contextas
995 1228 1176 1276 vestes
1205 1219 1483 1288 stolasque
1520 1235 1586 1273 ex
1621 1219 1940 1289 pontiﬁcum
1973 1233 2074 1271 usu

489 1316 574 1372 eis
619 1313 934 1377 adhibebat,
971 1321 1267 1382 sanctaque
1311 1311 1601 1367 inhoneste
1641 1321 1805 1382 atque
1849 1311 2078 1381 profane

489 1407 644 1462 obire
668 1406 916 1478 cogebat.
942 1406 1150 1460 Horum
1177 1405 1483 1474 principem
1517 1405 1885 1475 patriarcham
1917 1420 2080 1459 voca-

488 1506 603 1570 bat,
637 1503 879 1572 Gryllum
909 1501 1156 1564 nomine,
1204 1499 1448 1570 reliquos
1488 1499 1745 1554 undecim
1775 1497 2080 1568 praecipua-

489 1613 610 1652 rum
657 1612 720 1650 ac
766 1595 1062 1650 illustrium
1117 1593 1332 1648 sedium
1387 1592 1818 1661 metrOpolitas;
1877 1591 2081 1660 quibus

489 1689 546 1747 ni
578 1698 633 1744 et
658 1688 772 1759 ipse
797 1687 982 1742 socius
998 1686 1396 1749 accederet,ne
1421 1684 1594 1755 ipsam
1623 1683 1846 1752 quidem
1865 1681 2080 1752 imperii

489 1798 672 1840 arcem
708 1797 823 1836 rem
847 1780 946 1835 sibi
972 1777 1334 1848 expetendam
1352 1775 1823 1832 ducebat.Primaz
1842 1789 2079 1843 namque

2181 577 2346 648 ἀπῄει
2382 576 2519 646 πρὸς
2547 577 2614 629 τὰ
2637 575 2935 642 ἀνάκτορα.

2253 754 2343 826 ιη’.
2381 756 2491 810 Καὶ
2515 757 2574 808 τὸ
2603 755 2666 826 δὴ
2717 754 3125 825 χαλεπώτερον,
3188 755 3221 823 ἡ
3255 753 3364 806 τῶν
3394 745 3472 807 ὧν
3502 751 3616 824 εἶχε
3653 753 3774 823 μεθ’

2179 850 2376 904 ἐαυτοῦ
2411 851 2640 920 φατρία,
2675 850 2927 920 σατύριοί
2957 867 3103 912 τινες
3130 843 3279 903 οὗτοι
3307 848 3560 918 καὶπρὸς
3591 851 3774 902 πᾶσαν

2179 944 2574 1014 αἰσχρουργίαν
2601 944 2915 1006 ἀκόλαστοι,
2948 942 3042 1006 οὓς
3073 945 3280 1005 ἐκεῖνος
3303 942 3390 994 διὰ
3422 943 3591 1012 τιμῆς
3620 942 3772 1008 ἄγων

2181 1037 2275 1090 καὶ
2327 1035 2510 1098 αἰδοῦς
2560 1037 2668 1088 τῶν
2718 1035 2881 1089 θείων
2932 1033 3348 1105 κατωλιγώρει⁹
3412 1034 3693 1104 ἱερατικὰς
3726 1035 3769 1066 ⁸ο

2183 1129 2377 1193 στολὰς
2424 1130 2869 1201 χρυσοῦφάντους
2900 1127 3140 1184 ἐπετίθει
3171 1128 3266 1181 καὶ
3322 1127 3631 1198 ὠμοφὸρια,
3677 1133 3769 1181 καὶ

2179 1223 2491 1294 ἠνάγκαζεν
2546 1223 2874 1293 ἀσχημόνως
2921 1239 2982 1274 τε
3037 1220 3132 1274 καὶ
3189 1220 3440 1288 ἁνάγνως
3497 1219 3673 1271 τελεῖν
3703 1220 3771 1272 τὰ

2182 1317 2345 1384 ἁγνά.
2383 1316 2494 1370 Καὶ
2527 1317 2876 1386 πατριάρχην
2911 1317 3002 1368 τὸν
3041 1315 3270 1384 ἔξαρχον
3303 1315 3511 1368 τούτων
3561 1313 3769 1375 ἐκάλει,

2183 1408 2420 1480 Γρύλλον
2452 1411 2808 1480 καλούμενον,
2842 1412 2970 1473 τοὺς
3000 1411 3056 1462 δέ
3090 1409 3311 1472 λοιποὺς
3343 1407 3410 1462 ια’
3446 1407 3775 1478 μητρόπολίς

2182 1518 2282 1564 τας
2313 1501 2422 1554 τῶν
2471 1502 2766 1572 ἐξαιρέτων
2796 1503 3004 1574 θρόνων
3035 1520 3094 1555 τε
3143 1503 3237 1556 καὶ
3266 1502 3558 1571 λαμπρῶν.
3598 1495 3693 1565 Οἷς
3725 1503 3775 1552 εἰ

2187 1593 2263 1664 μὴ
2295 1595 2388 1647 καὶ
2425 1595 2588 1656 αὐτὸς
2614 1597 2910 1659 ἐκοινώνει,
2965 1597 3084 1649 οὐδὲ
3118 1595 3424 1666 βασιλεύειν
3453 1597 3606 1666 ἠξίου
3630 1611 3643 1626 ⁸
3679 1598 3776 1650 καὶ

2183 1687 2291 1756 γὰρ
2315 1688 2692 1758 πρωτόθρονος
2723 1690 2750 1740 6
2796 1689 3108 1752 Κολωνείας
3141 1689 3240 1748 ὢν.
3299 1688 3601 1750 δωδέκατος
3643 1689 3684 1720 ⁸³
3718 1689 3776 1740 δὲ

2185 1781 2350 1843 αὐτὸς
2375 1783 2402 1834 6
2443 1781 2698 1850 βασιλεὺς
2730 1783 2972 1850 Μιχαήλ.
3006 1782 3114 1834 Καὶ
3139 1781 3239 1844 τὰς
3271 1781 3414 1852 ᾠδὰς
3442 1781 3776 1851 ἐξεπλήρουν

490 1874 641 1929 sedis
668 1873 962 1944 episcopus
995 1870 1341 1927 Coloniensis
1383 1868 1746 1923 duodecimus
1765 1867 1928 1938 662
1965 1866 2081 1935 ipse

2190 1871 2272 1926 διὰ
2301 1871 2578 1943 κιθαρῶνο
2620 1875 2714 1927 καὶ
2748 1875 2815 1927 τά
2849 1875 2948 1942 μὲν
2983 1873 3223 1944 μυστικά
3262 1873 3590 1942 μιμούμενοι
3624 1873 3778 1938 λιγυ-

490 1967 724 2024 Michael
754 1967 1052 2035 imperator
1079 1971 1238 2028 erat;
1276 1963 1623 2031 citharasque
1650 1959 1920 2030 pulsando
1950 1974 2080 2013 can-

494 2058 600 2113 tica
633 2056 925 2126 explebant
957 2072 972 2120 ;
1002 2070 1067 2109 ac
1097 2054 1322 2124 quidem
1347 2069 1411 2108 ea
1433 2069 1554 2123 qua:
1583 2060 1797 2106 secreto
1817 2050 2081 2105 dicuntur

492 2150 711 2211 imitati,
741 2149 971 2204 stridule
1005 2149 1209 2203 sensim
1246 2147 1575 2201 insonabant
1607 2163 1620 2210 ;
1652 2145 2080 2199 exclamationes

491 2258 646 2308 vero,
693 2258 815 2312 quzc
857 2241 1070 2297 scilicet
1104 2239 1287 2294 altiori
1331 2254 1397 2293 ac
1440 2237 1722 2292 modulata
1759 2251 1894 2290 voce
1939 2234 2082 2287 inter

491 2351 608 2394 rem
645 2349 856 2390 sacram
887 2333 1213 2398 efferuntur,
1244 2331 1427 2385 libero
1457 2329 1663 2399 impetu
1701 2344 1765 2384 ac
1794 2342 1929 2383 sono
1955 2325 2082 2391 ,ela-

493 2427 628 2488 riori
663 2425 991 2483 reddebant.
1021 2425 1160 2480 Vasa
1183 2439 1348 2479 aurea
1371 2423 1710 2494 gemmisque
1734 2420 2081 2475 interstincta

493 2520 793 2579 habebant,
843 2526 1108 2586 acetoque
1141 2525 1197 2570 et
1230 2515 1406 2586 sinapi
1443 2515 1720 2584 replentes
1758 2528 1856 2566 eos
1895 2511 1988 2582 qui
2023 2519 2083 2564 ut

494 2611 971 2668 communicarent
1003 2610 1248 2664 animum
1277 2607 1617 2664 adhibebant
1655 2607 1767 2663 illis
1801 2605 2084 2675 impertie-

497 2707 648 2763 lant.
693 2715 855 2774 atque
901 2705 955 2758 in
983 2719 1111 2759 eum
1150 2703 1374 2756 modum
1422 2700 1766 2756 intemeratis
1808 2698 2084 2770 mysteriis

497 2797 822 2858 illudebant.
870 2795 970 2850 Hic
1017 2795 1203 2864 itaque
1235 2793 1455 2864 Gryllus
1492 2793 1638 2846 mula
1674 2792 1795 2845 alba
1833 2775 2084 2846 invectus

496 2893 750 2962 publicos
780 2905 1072 2961 processus
1094 2887 1411 2959 peragebat,
1444 2902 1621 2956 eoque
1648 2886 1883 2956 stipatus
1913 2885 2084 2940 choro

495 2981 933 3041 cxsultabundus
976 2995 1256 3050 ovansque
1301 2978 1612 3032 incedebat.
1649 2975 1861 3031 Accidit
1898 2985 2083 3031 autem

495 3075 792 3147 aliquando
821 3083 880 3128 ut
909 3073 966 3128 in
995 3073 1219 3128 beatum
1249 3071 1542 3142 lgnatium,
1572 3070 1948 3125 ecclesiastico
1973 3071 2083 3124 ritu

496 3168 958 3240 Supplicationem
999 3165 1320 3229 obeuntem,
1367 3163 1686 3229 incideret;
1733 3172 2084 3233 retractaque

494 3263 681 3319 casula
708 3275 815 3314 una
842 3276 966 3314 cum
999 3256 1314 3333 symmystis
1341 3257 1676 3319 contentius,
1706 3264 1761 3310 et
1796 3264 1857 3309 ut
1884 3255 2086 3310 clario-
2113 3254 2156 3274 “

496 3372 585 3412 res
616 3369 782 3410 sonos
811 3353 1178 3408 instrumenta
1214 3349 1474 3413 ederent,
1513 3350 1734 3418 pulsare
1775 3349 1962 3419 carpit,
1997 3349 2086 3403 in-

495 3445 1054 3512 numerabilibusque
1132 3440 1539 3511 procacissimis
1635 3441 2085 3512 turpissimisque

495 3541 685 3597 verbis
711 3541 921 3594 clerum
954 3534 1626 3607 compluebat._Corripuit
1654 3545 1877 3589 sanctus
1907 3534 2086 3588 homi-

459 3635 586 3707 .nis
637 3630 986 3687 insolentiam
1022 3646 1036 3695 ;
1073 3644 1263 3682 verum
1313 3625 1403 3680 ille
1447 3641 1640 3680 corum
1677 3642 1799 3694 qua:
1843 3626 2088 3682 monitus

2186 1970 2296 2043 ρῶς
2321 1971 2578 2041 ἐπήχουν,
2609 1967 2709 2030 τὰς
2735 1967 2790 2020 δὲ
2817 1968 3156 2036 ἐκφωνήσεις
3180 1966 3354 2036 ἀνέτῳ
3378 1967 3520 2035 φορᾷ
3537 1964 3622 2036 [Ρ.
3648 1963 3776 2035 438]

2183 2063 2278 2116 καὶ
2308 2061 2634 2134 διαπρυσίῳ.
2683 2059 2860 2127 Σκεύη
2893 2059 2948 2112 δέ
2978 2058 3250 2128 διάχρυσα
3289 2059 3384 2111 καὶ
3420 2057 3778 2128 μαργαριτῶν

2186 2155 2528 2226 συγκρίμενα
2557 2154 2600 2185 ⁸³
2632 2149 2800 2222 εἶχον,
2818 2150 2975 2216 ὄξους
2991 2168 3050 2203 τε
3078 2151 3173 2203 καὶ
3202 2149 3474 2212 σινάπεως
3502 2147 3778 2220 πληροῦν-

2183 2266 2274 2312 τες
2336 2243 2418 2310 οἷς
2479 2245 2768 2298 ἐϐούλοντο
2837 2242 3279 2313 μεταλαμϐάνειν
3337 2240 3602 2307 ἐδίδοσαν,
3671 2241 3780 2293 τῶν

2185 2339 2471 2410 ἀχράντων
2491 2335 2636 2389 οὓτω
2665 2333 3099 2397 καταπαίζοντες
3131 2331 3468 2403 μυστηρίων.
3496 2323 3664 2391 οὗτος
3687 2326 3782 2384 οἷν

2184 2430 2465 2502 όΓρύλλος
2495 2429 2592 2481 καὶ
2621 2427 2727 2497 ὄνῳ
2783 2429 3051 2497 ἐπωχεῖτο
3097 2425 3295 2496 λευκῇ,
3335 2424 3434 2488 τὰς
3485 2423 3780 2493 δημοσίους

2187 2524 2446 2594 προόδους
2476 2521 2667 2584 τελῶν,
2699 2522 2795 2580 καὶ
2821 2519 2912 2573 τδν
2933 2519 3174 2572 τοιοῦτον
3199 2518 3385 2572 θίασον
3416 2518 3782 2584 συνεπόμενον

2187 2617 2324 2688 ἔχων
2356 2616 2640 2686 ἠγάλλετο.
2669 2615 2779 2668 Καί
2808 2631 2937 2667 ποτε
2968 2614 3166 2684 συνέϐη
3203 2612 3342 2682 μετά
3373 2612 3473 2677 τῆς
3490 2611 3785 2681 ἐκκλησια-

2188 2710 2378 2778 στικῆς
2411 2708 2563 2777 λιτῆς
2591 2706 2872 2778 ἐρχομένῳ
2907 2704 2985 2776 τῷ
3041 2705 3321 2778 μακαρίτῃ
3362 2705 3616 2774 ’ῐγνατίῳ
3653 2721 3782 2757 συν-

2185 2804 2370 2871 τυχεῖν
2393 2817 2407 2831 ·
2437 2801 2530 2853 καὶ
2562 2800 2654 2852 τὸν
2685 2799 2920 2868 φελόνην
2948 2799 3269 2862 ἀναστείλας
3305 2797 3442 2867 μετά
3470 2797 3580 2850 τῶν
3611 2796 3779 2850 αὑτοῦ

2189 2894 2528 2964 συμμυστῶν
2553 2893 2917 2964 εὐτονώτερον
2949 2894 3059 2945 τῶν
3088 2892 3455 2963 κρουσμάτων
3488 2886 3650 2960 ἦρχε,
3685 2889 3782 2943 καὶ

2186 2985 2277 3039 τὸν
2307 2987 2510 3054 κλῆρον
2546 2985 2762 3054 μυρίοις
2792 2985 2887 3038 καὶ
2911 2985 3213 3054 αἰσχίστοις
3241 2982 3565 3054 περιέϐαλλε
3595 2983 3662 3054 ρή
3675 2999 3779 3051 μα-

2189 3094 2294 3131 σιν.
2343 3077 2480 3129 ’Υπὸ
2503 3077 2558 3130 δὲ
2581 3077 2675 3129 τοῦ
2707 3077 2857 3130 ὁσίου
2892 3076 3266 3147 ἐπιτιμηθεὶς,
3303 3075 3464 3136 αὐτὸς
3494 3075 3592 3144 μέν
3630 3073 3785 3127 οὐδὲν

2187 3170 2392 3224 τούτων
2422 3169 2706 3240 ἐφύλαξεν,
2749 3169 2888 3240 πλὴν
2921 3170 3060 3234 τέως
3085 3171 3182 3239 τῆς
3212 3169 3330 3224 ὀδοῦ
3361 3168 3623 3235 ἐξέκλινε.
3649 3166 3785 3220 Τού-

2187 3281 2301 3326 τοις
2335 3262 2530 3316 ἐαυτὸν
2590 3260 2805 3330 γέλωτα
2859 3262 3098 3331 ἃσεμνον
3152 3263 3246 3315 καὶ
3283 3259 3714 3328 ἀνακαγχασμ>ιν
3755 3260 3787 3311 6

2188 3354 2594 3424 ἀφρονέστατος
2652 3353 2952 3423 προετίθει,
3009 3347 3094 3416 οἷς
3147 3353 3401 3423 ὑϐρίζετο
3435 3352 3532 3420 μὲν
3586 3350 3784 3420 ήὰγία

2190 3449 2502 3519 προσφορὰ,
2539 3449 2791 3519 ὑϐρίζετο
2819 3447 2876 3500 δὲ
2907 3445 2977 3499 τὰ
3008 3447 3138 3514 ἀγια
3170 3447 3350 3513 λόγια,
3382 3447 3492 3506 τοῖς
3523 3447 3787 3516 ἀρρήτοις

2190 3539 2371 3592 αὐτῶν
2403 3541 2498 3593 καὶ
2548 3541 2881 3608 ἀκαθάρτοις
2936 3537 3370 3609 ἐπιτηδεύμασιν
3417 3537 3787 3608 ἐπιλεγόμενα

2190 3633 2287 3685 καὶ
2314 3633 2758 3701 ἐπιφωνούμενα.

495 3731 616 3779 erat
645 3730 807 3792 atque
840 3728 1126 3790 correptus
1159 3717 1294 3775 nihil
1327 3716 1586 3771 servavit.
1637 3716 1861 3773 Interim
1899 3724 2081 3772 tamen
2120 3735 2150 3774 a
2187 3721 2274 3776 via
2307 3721 2550 3778 deﬂexit.
2576 3725 2674 3779 llis
2706 3723 3156 3778 dementissimus
3222 3723 3510 3776 hominum
3569 3729 3781 3793 turpem

496 3834 556 3876 se
583 3817 752 3872 risum
781 3830 846 3870 ac
869 3814 1342 3870 cachinnationem
1378 3813 1494 3882 ipse
1561 3812 1879 3876 exhibebat,
1951 3815 2156 3882 quibus
2197 3833 2352 3873 sacra
2393 3820 2600 3875 oblatio
2640 3821 2858 3890 procaci
2910 3820 3071 3892 longe
3115 3818 3320 3888 injuria
3361 3819 3673 3889 probroque
3707 3808 3783 3872 at.-

497 3909 823 3974 ﬁciebatur;
852 3907 1232 3962 adiciebantur
1264 3915 1320 3961 ct
1348 3905 1536 3960 divina
1569 3904 1790 3975 eloquia
1819 3945 1834 3968 ,
1863 3906 2115 3963 nefandis
2148 3909 2492 3984 impur-isquc
2532 3915 2753 3970 illorum
2787 3913 2988 3968 studiis
3007 3893 3070 3967 ac
3100 3913 3487 3982 joculamcntis
3528 3914 3744 3968 subdita
3768 3939 3784 3962 ν

497 4006 752 4076 interque
795 4003 886 4059 illa
924 4003 1302 4074 pronuntiata.

570 4100 654 4156 l9.
691 4099 810 4154 Non
843 4097 937 4152 diu
973 4106 1116 4168 post,
1149 4095 1498 4151 sanctissimo
1527 4095 1740 4166 Ignatio
1775 4099 2088 4168 patriarcha

494 4208 713 4250 cessare
761 4192 916 4262 jusso
968 4199 1134 4260 atque
1176 4198 1382 4251 amoto,
1438 4204 1561 4242 cum
1611 4189 1676 4243 ad
1737 4191 2090 4260 imperatoris

496 4301 742 4341 mensam
778 4299 962 4338 coram
995 4281 1194 4336 Photio
1229 4297 1317 4335 res
1350 4297 1506 4335 sacra
1542 4280 1622 4335 sic
1668 4282 1886 4337 mimice
1927 4299 2090 4353 pera-

496 4383 740 4451 geretur,
760 4373 1188 4443 turpissimaque
1216 4371 1523 4424 imitatione
1553 4387 1581 4424 a
1611 4373 2090 4442 eontemptoribus

497 4463 962 4533 exsecrandisque
995 4463 1156 4533 663
1189 4462 1324 4516 viris
1353 4461 1558 4516 divinis
1596 4462 1944 4527 illudcretur,
1977 4482 2088 4520 non

495 4558 675 4620 solum
706 4557 796 4610 ille
829 4572 940 4609 non
981 4555 1284 4625 increpavit
1325 4556 1614 4626 arguitque
1645 4573 1709 4612 ac
1754 4558 2091 4614 absurdissi-

2196 4101 2214 4138 Γ
2274 4099 2360 4156 ιθ’.
2385 4102 2517 4156 Μετ’
2544 4102 2604 4154 οὐ
2641 4100 2774 4154 πολὺ
2812 4101 2866 4154 δέ
2902 4099 2994 4154 τοῦ
3030 4101 3339 4168 ἀγιωτάτου
3387 4101 3646 4168 ’Ῑγνατίου
3694 4100 3789 4154 τοῦ

2199 4193 2390 4262 θρόνου
2421 4193 2519 4259 τῆς
2570 4192 2935 4263 πατριαρχίας
2983 4190 3508 4255 καταϐιϐασθέντος,
3560 4191 3792 4260 ἐπίπρο-

2200 4278 2326 4332 σθεν
2353 4279 2452 4348 τῆς
2475 4279 2760 4349 βασιλικῆς
2783 4279 3062 4352 τραπέζης
3084 4279 3424 4333 κατενώπιον
3449 4281 3792 4340 τελουμένων

2197 4367 2402 4420 Φωτίου
2437 4367 2530 4420 καὶ
2560 4367 2626 4420 δι’
2677 4370 2966 4439 αἰσχίστης
3010 4371 3293 4440 μιμήσεως
3333 4371 3443 4424 τῶν
3467 4371 3625 4423 θείων
3661 4391 3792 4424 παι-

2199 4457 2443 4527 ζομένων
2471 4459 2576 4511 ὑπὸ
2605 4458 2712 4511 τῶν
2764 4462 3203 4533 καταφρονητῶν
3233 4463 3328 4516 καὶ
3389 4463 3790 4517 καταπτύστων

2200 4553 2431 4620 ἀνδρῶν,
2454 4551 2708 4606 τοσοῦτον
2732 4556 2936 4618 ἐκεῖνος
2961 4557 3202 4627 ἀπέσχεν
3229 4557 3322 4609 τοῦ
3352 4557 3672 4626 ἐπιτιμῆσαι
3698 4559 3791 4611 καὶ

497 4664 648 4710 mum
683 4647 995 4702 institutum
1039 4647 1300 4711 abolevit,
1338 4664 1528 4702 verum
1559 4649 1724 4702 etiam
1761 4648 2086 4704 ncfandissi-

2201 4645 2474 4714 διελέγξαι
2505 4648 2600 4699 καὶ
2628 4647 2688 4700 τὸ
2715 4649 3066 4704 ἀτοπώτατον
3092 4652 3440 4720 καταργῆσαι
3470 4649 3563 4700 τοῦ
3590 4652 3789 4720 ἐπιτη-

498 4757 624 4796 mus
667 4741 832 4795 homo
877 4757 988 4796 rem
1020 4741 1311 4796 nefandam
1360 4742 1531 4812 magis
1574 4741 1951 4804 confirmavit,
1984 4743 2097 4797 Deo

498 4851 725 4891 exosum
761 4835 1128 4905 Theophilum
1160 4835 1311 4889 illum
1345 4835 1459 4906 (qui
1485 4835 1806 4906 etGryllus)
1838 4836 2097 4904 precibus

499 4927 914 4986 Communiens.
959 4943 1121 4997 quem
1171 4928 1578 4998 perditissimus
1623 4943 1686 4981 ac
1729 4927 2096 4983 bardissimus

501 5019 787 5076 hominum
837 5019 1136 5090 imperator
1185 5037 1344 5075 suum
1385 5019 1751 5090 patriarcbam
1790 5021 2088 5085 vocitabat,

501 5111 666 5165 homo
689 5111 903 5167 scilicet
928 5112 980 5165 iu
1014 5112 1149 5182 ipsis
1180 5128 1400 5182 quoque
1432 5111 1869 5166 sacerdotalibus
1925 5113 2090 5167 vesti-

500 5202 604 5256 bus
633 5202 944 5272 divinisque
969 5203 1202 5272 eloquiis
1231 5201 1421 5260 ludere
1451 5201 1776 5266 industrius,
1800 5205 2092 5260 maximos-

501 5311 608 5365 que
669 5297 946 5351 mulorum
997 5297 1171 5350 instar
1217 5295 1383 5349 edere
1438 5296 1702 5364 crepitus.
1754 5297 2092 5368 dignumque

503 5405 672 5448 unum
700 5389 807 5444 hoc
839 5387 949 5443 illis
994 5388 1297 5445 acclamare
1319 5429 1332 5450 ,
1375 5386 1633 5440 biberent
1665 5403 1731 5443 ex
1777 5403 1842 5443 eo
1878 5405 2091 5454 omnes,

502 5498 566 5542 ac
601 5497 796 5538 carnes
837 5497 964 5538 cum
997 5480 1174 5549 sinapi
1207 5490 1263 5536 et
1311 5489 1468 5536 aceto
1515 5494 1819 5539 sumerent.
1871 5478 2094 5553 Suoque

505 5576 833 5644 om0phorio
860 5573 1126 5644 profanus
1161 5574 1327 5628 homo
1358 5573 1587 5644 profano
1613 5576 1902 5646 profanum
1937 5576 2095 5646 prin-

507 5666 747 5736 cipatum
800 5665 1030 5737 profane
1068 5666 1414 5738 obsignabat,
1448 5683 1639 5724 vocem
1687 5683 1841 5723 suam
1891 5669 1946 5722 in
1980 5667 2093 5722 risu

2199 4739 2599 4808 δεύματος,ότι
2629 4742 2722 4796 καὶ
2781 4745 3056 4814 ἐπεκύρου
3116 4745 3368 4805 μᾶλλονὸ
3421 4741 3676 4802 ἀθέμιτος
3726 4743 3786 4793 τὸ

2199 4831 2478 4902 ἀθέμιτον,
2509 4833 2883 4904 ἐπευξάμενος
2914 4836 3005 4887 τὸν
3043 4832 3270 4901 θεομισῆ
3298 4829 3552 4895 Θεόφιλον
3576 4829 3784 4881 ἐκεῖνον

2197 4925 2288 4978 τὸν
2315 4926 2410 4978 καὶ
2440 4927 2697 4995 Γρύλλον,
2732 4928 2790 4980 ὃν
2818 4929 2845 4979 6
2875 4925 3330 4984 ἀπαιδευτότατος
3352 4921 3487 4986 ἄναξ
3517 4921 3645 4973 ἴδιον
3676 4940 3784 4976 πα-

2197 5023 2466 5092 τριάρχην
2497 5024 2803 5094 ὠνόμαζεν,
2841 5021 3059 5085 παίζειν
3087 5019 3345 5087 εὔστοχος
3375 5019 3464 5073 καὶ
3499 5021 3556 5072 ἐν
3586 5021 3626 5070 is
3640 5036 3788 5089 ρατι-

2200 5117 2314 5176 κοῖς
2347 5115 2573 5184 ἀμφίοις
2603 5117 2698 5167 καὶ
2731 5114 2954 5181 λογίοις,
3014 5111 3110 5164 καὶ
3145 5111 3376 5179 κρότους
3432 5111 3787 5179 ἀποπέμπειν

2203 5207 2490 5277 μεγίστους
2523 5207 2760 5278 ἡμιόνων
2808 5205 3015 5275 τρόπῳ,
3051 5203 3144 5256 καὶ
3180 5203 3326 5255 πιεῖν
3353 5203 3411 5269 ἐξ
3443 5201 3608 5255 αὐτοῦ
3653 5201 3789 5255 πάν.

2199 5313 2319 5362 τοις,
2372 5298 2528 5352 τοῦτό
2587 5313 2649 5364 γε
2686 5295 2845 5364 μόνον
2884 5293 3035 5357 ἄξιος
3090 5294 3275 5356 αὐτοῖς
3329 5295 3650 5362 ἐπιφωνεῖν,
3693 5292 3790 5344 καὶ

2203 5390 2477 5460 σαρκίνων
2531 5385 2974 5455 μεταλαμϐάνειν
3027 5384 3166 5454 μετά
3214 5385 3420 5448 νάπυος
3456 5385 3551 5438 καὶ
3600 5383 3787 5450 ὅξους’

2201 5484 2296 5537 καὶ
2326 5482 2402 5550 τῷ
2431 5479 2728 5550 ὡμοιρορίῳ
2771 5479 2938 5533 αὑτοῦ
2985 5481 3013 5534 6
3045 5479 3262 5551 ἀνίερος
3316 5477 3397 5549 τῷ
3434 5477 3636 5546 ἀνιέρῳ
3690 5473 3790 5545 τὴν

2199 5572 2555 5643 ἀνιεραρχίοιν
2613 5570 2846 5643 ἀνιέρως
2902 5571 3370 5643 ἐπεσφραγίζετο,
3416 5572 3474 5624 ἐν
3518 5569 3716 5638 γέλωτι
3762 5567 3791 5618 6

2207 5666 2344 5737 μετά
2402 5663 2654 5735 ἀφρόνων
2686 5667 2714 5718 6
2741 5665 2934 5736 ἄφρων
2963 5665 3060 5739 τὴν
3115 5665 3298 5738 φωνὴν
3346 5662 3510 5719 αὑτοῦ
3545 5658 3787 5731 ἀνυψῶν,

1720 5763 1759 5814 V
1774 5761 1960 5815 ARlA‘J
2002 5757 2412 5816 LECTIOMLS.

572 5855 618 5895 δῦ
648 5856 928 5933 “arma;
957 5859 1062 5932 ἰ’ἀρ
1096 5879 1175 5915 '57-
1208 5863 1230 5916 ?
1303 5863 1342 5894 ³⁸
1380 5857 1446 5938 ἦν
1473 5861 1771 5929 δωδέκατος
1893 5861 1914 5911 ?
1989 5860 2032 5890 "’
2060 5876 2086 5916 n

2244 5857 2529 5930 σύγκριμα
2543 5856 2564 5910 ?
2599 5854 2848 5915 Cumbei.
