  <div class='ocr_page' id='page_1' title='image "/cluster/home/n/w/nwhite01/storage/ocr_20150623/109/coo.31924054870138/370.png"; bbox 0 0 4124 6412; ppageno 0'>
   <div class='ocr_carea' id='block_1_1' title="bbox 384 336 500 400">
    <p class='ocr_par' dir='ltr' id='par_1_1' title="bbox 384 336 500 400">
     <span class='ocr_line' id='line_1_1' title="bbox 384 336 500 400; baseline 0.009 -1"><span class='ocrx_word' id='word_1_1' title='bbox 384 336 500 400; x_wconf 74' lang='grc'><strong>725</strong></span> 
     </span>
    </p>
   </div>
   <div class='ocr_carea' id='block_1_2' title="bbox 1287 329 2736 400">
    <p class='ocr_par' dir='ltr' id='par_1_2' title="bbox 1287 329 2736 400">
     <span class='ocr_line' id='line_1_2' title="bbox 1287 329 2736 400; baseline -0.003 -4"><span class='ocrx_word' id='word_1_2' title='bbox 1287 336 1660 400; x_wconf 78' lang='lat' dir='ltr'><strong>ANNALES.</strong></span> <span class='ocrx_word' id='word_1_3' title='bbox 1701 362 1755 370; x_wconf 83' lang='grc'><strong>·-</strong></span> <span class='ocrx_word' id='word_1_4' title='bbox 1787 337 1836 395; x_wconf 83' lang='grc' dir='ltr'>Μ</span> <span class='ocrx_word' id='word_1_5' title='bbox 1853 330 2128 395; x_wconf 80' lang='lat' dir='ltr'><strong>[CHAEL</strong></span> <span class='ocrx_word' id='word_1_6' title='bbox 2167 330 2266 393; x_wconf 85' lang='lat' dir='ltr'><strong>ET</strong></span> <span class='ocrx_word' id='word_1_7' title='bbox 2301 329 2736 392; x_wconf 78' lang='lat' dir='ltr'><strong>THEODORA.</strong></span> 
     </span>
    </p>
   </div>
   <div class='ocr_carea' id='block_1_3' title="bbox 3539 327 3654 391">
    <p class='ocr_par' dir='ltr' id='par_1_3' title="bbox 3539 327 3654 391">
     <span class='ocr_line' id='line_1_3' title="bbox 3539 327 3654 391; baseline -0.009 -1"><span class='ocrx_word' id='word_1_8' title='bbox 3539 327 3654 391; x_wconf 71' lang='lat'><strong>726</strong></span> 
     </span>
    </p>
   </div>
   <div class='ocr_carea' id='block_1_4' title="bbox 381 443 1990 520">
    <p class='ocr_par' dir='ltr' id='par_1_4' title="bbox 381 443 1990 520">
     <span class='ocr_line' id='line_1_4' title="bbox 381 443 1990 520; baseline 0 -16"><span class='ocrx_word' id='word_1_9' title='bbox 381 445 658 517; x_wconf 68' lang='grc' dir='ltr'>ἐπιγελῶν</span> <span class='ocrx_word' id='word_1_10' title='bbox 711 443 804 500; x_wconf 77' lang='grc' dir='ltr'><strong>τοῦ</strong></span> <span class='ocrx_word' id='word_1_11' title='bbox 833 445 1080 518; x_wconf 78' lang='grc' dir='ltr'><strong>ἀοιδίμου</strong></span> <span class='ocrx_word' id='word_1_12' title='bbox 1143 449 1400 517; x_wconf 80' lang='grc' dir='ltr'>Ἰγνατίου</span> <span class='ocrx_word' id='word_1_13' title='bbox 1431 449 1508 513; x_wconf 81' lang='grc' dir='ltr'><strong>ὡς</strong></span> <span class='ocrx_word' id='word_1_14' title='bbox 1559 452 1634 520; x_wconf 82' lang='grc' dir='ltr'>μὴ</span> <span class='ocrx_word' id='word_1_15' title='bbox 1667 450 1818 516; x_wconf 75' lang='grc' dir='ltr'>ὄντος</span> <span class='ocrx_word' id='word_1_16' title='bbox 1843 453 1957 512; x_wconf 83' lang='grc' dir='ltr'>τοῖς</span> <span class='ocrx_word' id='word_1_17' title='bbox 1987 496 1990 504; x_wconf 92' lang='grc'><strong>.</strong></span> 
     </span>
    </p>
   </div>
   <div class='ocr_carea' id='block_1_5' title="bbox 2094 443 3658 520">
    <p class='ocr_par' dir='ltr' id='par_1_5' title="bbox 2096 444 3658 518">
     <span class='ocr_line' id='line_1_5' title="bbox 2096 444 3658 518; baseline 0.001 -20"><span class='ocrx_word' id='word_1_18' title='bbox 2096 461 2184 499; x_wconf 89' lang='lat' dir='ltr'><strong>um</strong></span> <span class='ocrx_word' id='word_1_19' title='bbox 2209 444 2393 500; x_wconf 75' lang='lat' dir='ltr'><strong>stultis</strong></span> <span class='ocrx_word' id='word_1_20' title='bbox 2414 444 2580 500; x_wconf 93' lang='lat' dir='ltr'><strong>homo</strong></span> <span class='ocrx_word' id='word_1_21' title='bbox 2601 445 2804 500; x_wconf 88' lang='lat' dir='ltr'><strong>stultus</strong></span> <span class='ocrx_word' id='word_1_22' title='bbox 2818 446 3087 511; x_wconf 81' lang='lat' dir='ltr'><strong>exaltans,</strong></span> <span class='ocrx_word' id='word_1_23' title='bbox 3111 444 3428 518; x_wconf 80' lang='lat' dir='ltr'><strong>inclytoque</strong></span> <span class='ocrx_word' id='word_1_24' title='bbox 3448 445 3658 517; x_wconf 80' lang='lat' dir='ltr'><strong>lgnatio</strong></span> 
     </span>
    </p>
   </div>
   <div class='ocr_carea' id='block_1_6' title="bbox 385 536 1972 615">
    <p class='ocr_par' dir='ltr' id='par_1_6' title="bbox 385 536 1972 615">
     <span class='ocr_line' id='line_1_6' title="bbox 385 536 1972 615; baseline 0.001 -19"><span class='ocrx_word' id='word_1_25' title='bbox 385 541 680 613; x_wconf 80' lang='grc' dir='ltr'><strong>πράγμασι</strong></span> <span class='ocrx_word' id='word_1_26' title='bbox 713 539 1186 608; x_wconf 79' lang='grc' dir='ltr'>συγκατασατικοῦ</span> <span class='ocrx_word' id='word_1_27' title='bbox 1214 540 1308 595; x_wconf 73' lang='grc' dir='ltr'><strong>καὶ</strong></span> <span class='ocrx_word' id='word_1_28' title='bbox 1332 536 1464 608; x_wconf 75' lang='grc' dir='ltr'>οἷον,</span> <span class='ocrx_word' id='word_1_29' title='bbox 1493 543 1568 606; x_wconf 82' lang='grc' dir='ltr'><strong>ὡς</strong></span> <span class='ocrx_word' id='word_1_30' title='bbox 1597 543 1758 607; x_wconf 70' lang='grc' dir='ltr'>αὐτὸς</span> <span class='ocrx_word' id='word_1_31' title='bbox 1785 545 1972 615; x_wconf 82' lang='grc' dir='ltr'>ἐνόμι-</span> 
     </span>
    </p>
   </div>
   <div class='ocr_carea' id='block_1_7' title="bbox 383 633 1976 707">
    <p class='ocr_par' dir='ltr' id='par_1_7' title="bbox 383 633 1976 707">
     <span class='ocr_line' id='line_1_7' title="bbox 383 633 1976 707; baseline 0.002 -19"><span class='ocrx_word' id='word_1_32' title='bbox 383 634 468 698; x_wconf 82' lang='grc' dir='ltr'>ζε.</span> <span class='ocrx_word' id='word_1_33' title='bbox 500 635 663 686; x_wconf 76' lang='grc' dir='ltr'>παντὶ</span> <span class='ocrx_word' id='word_1_34' title='bbox 693 633 880 705; x_wconf 83' lang='grc' dir='ltr'>ἀνέμῳ</span> <span class='ocrx_word' id='word_1_35' title='bbox 932 634 1264 702; x_wconf 76' lang='grc' dir='ltr'>εὗριπίστως</span> <span class='ocrx_word' id='word_1_36' title='bbox 1295 637 1622 707; x_wconf 83' lang='grc' dir='ltr'>φερομένου.</span> <span class='ocrx_word' id='word_1_37' title='bbox 1670 637 1832 691; x_wconf 79' lang='grc' dir='ltr'>Ἀλλὰ</span> <span class='ocrx_word' id='word_1_38' title='bbox 1882 638 1976 693; x_wconf 80' lang='grc' dir='ltr'>καὶ</span> 
     </span>
    </p>
   </div>
   <div class='ocr_carea' id='block_1_8' title="bbox 388 724 1976 800">
    <p class='ocr_par' dir='ltr' id='par_1_8' title="bbox 388 724 1976 800">
     <span class='ocr_line' id='line_1_8' title="bbox 388 724 1976 800; baseline 0.002 -20"><span class='ocrx_word' id='word_1_39' title='bbox 388 725 626 796; x_wconf 68' lang='grc' dir='ltr'>ἅμιλλαν</span> <span class='ocrx_word' id='word_1_40' title='bbox 665 725 803 794; x_wconf 86' lang='grc' dir='ltr'>μετὰ</span> <span class='ocrx_word' id='word_1_41' title='bbox 833 725 927 778; x_wconf 74' lang='grc' dir='ltr'><strong>τοῦ</strong></span> <span class='ocrx_word' id='word_1_42' title='bbox 953 724 1138 779; x_wconf 83' lang='grc' dir='ltr'>ἀθλίου</span> <span class='ocrx_word' id='word_1_43' title='bbox 1169 726 1432 797; x_wconf 76' lang='grc' dir='ltr'>βασιλέως</span> <span class='ocrx_word' id='word_1_44' title='bbox 1449 728 1667 798; x_wconf 76' lang='grc' dir='ltr'>Μιχαὴλ</span> <span class='ocrx_word' id='word_1_45' title='bbox 1692 729 1834 800; x_wconf 82' lang='grc' dir='ltr'>ὑπὲρ</span> <span class='ocrx_word' id='word_1_46' title='bbox 1857 730 1976 798; x_wconf 81' lang='grc' dir='ltr'>τοῦ,</span> 
     </span>
    </p>
   </div>
   <div class='ocr_carea' id='block_1_9' title="bbox 396 815 1974 889">
    <p class='ocr_par' dir='ltr' id='par_1_9' title="bbox 396 815 1974 889">
     <span class='ocr_line' id='line_1_9' title="bbox 396 815 1974 889; baseline 0.004 -20"><span class='ocrx_word' id='word_1_47' title='bbox 396 815 472 882; x_wconf 83' lang='grc' dir='ltr'><strong>τίς</strong></span> <span class='ocrx_word' id='word_1_48' title='bbox 501 816 569 870; x_wconf 72' lang='grc' dir='ltr'>ἃν</span> <span class='ocrx_word' id='word_1_49' title='bbox 598 817 760 870; x_wconf 84' lang='grc' dir='ltr'>πλέον</span> <span class='ocrx_word' id='word_1_50' title='bbox 791 819 911 889; x_wconf 81' lang='grc' dir='ltr'>πίῃ,</span> <span class='ocrx_word' id='word_1_51' title='bbox 936 818 1341 889; x_wconf 80' lang='grc' dir='ltr'><strong>ἐνστησάμενος</strong></span> <span class='ocrx_word' id='word_1_52' title='bbox 1361 819 1495 874; x_wconf 86' lang='grc' dir='ltr'>δέκα</span> <span class='ocrx_word' id='word_1_53' title='bbox 1530 821 1780 875; x_wconf 87' lang='grc' dir='ltr'>κὼθωσιν</span> <span class='ocrx_word' id='word_1_54' title='bbox 1811 823 1974 876; x_wconf 79' lang='grc' dir='ltr'>αὐτὸν</span> 
     </span>
    </p>
   </div>
   <div class='ocr_carea' id='block_1_10' title="bbox 400 909 1974 987">
    <p class='ocr_par' dir='ltr' id='par_1_10' title="bbox 400 909 1974 987">
     <span class='ocr_line' id='line_1_10' title="bbox 400 909 1974 987; baseline 0.006 -27"><span class='ocrx_word' id='word_1_55' title='bbox 400 909 762 980; x_wconf 74' lang='grc' dir='ltr'>ὑπερέϐαλλεν</span> <span class='ocrx_word' id='word_1_56' title='bbox 785 927 798 940; x_wconf 93' lang='grc'><strong>·</strong></span> <span class='ocrx_word' id='word_1_57' title='bbox 855 911 950 964; x_wconf 76' lang='grc' dir='ltr'><strong>τοῦ</strong></span> <span class='ocrx_word' id='word_1_58' title='bbox 1003 913 1224 984; x_wconf 82' lang='grc' dir='ltr'><strong>Μιχαὴλ</strong></span> <span class='ocrx_word' id='word_1_59' title='bbox 1270 916 1380 985; x_wconf 86' lang='grc' dir='ltr'><strong>γὰρ</strong></span> <span class='ocrx_word' id='word_1_60' title='bbox 1412 915 1472 967; x_wconf 85' lang='grc' dir='ltr'><strong>ἐν</strong></span> <span class='ocrx_word' id='word_1_61' title='bbox 1507 916 1619 978; x_wconf 84' lang='grc' dir='ltr'>τοῖς</span> <span class='ocrx_word' id='word_1_62' title='bbox 1649 921 1690 968; x_wconf 89' lang='grc' dir='ltr'>ν’</span> <span class='ocrx_word' id='word_1_63' title='bbox 1720 913 1808 987; x_wconf 87' lang='grc' dir='ltr'>[Ρ.</span> <span class='ocrx_word' id='word_1_64' title='bbox 1844 914 1974 987; x_wconf 63' lang='grc'><strong>459]</strong></span> 
     </span>
    </p>
   </div>
   <div class='ocr_carea' id='block_1_11' title="bbox 395 995 1978 1073">
    <p class='ocr_par' dir='ltr' id='par_1_11' title="bbox 395 995 1978 1073">
     <span class='ocr_line' id='line_1_11' title="bbox 395 995 1978 1073; baseline 0.004 -21"><span class='ocrx_word' id='word_1_65' title='bbox 395 1001 851 1073; x_wconf 78' lang='grc' dir='ltr'>πεπληρωμένον,</span> <span class='ocrx_word' id='word_1_66' title='bbox 889 995 1045 1066; x_wconf 71' lang='grc' dir='ltr'>οὗτος</span> <span class='ocrx_word' id='word_1_67' title='bbox 1096 1005 1124 1057; x_wconf 88' lang='grc' dir='ltr'><strong>ὁ</strong></span> <span class='ocrx_word' id='word_1_68' title='bbox 1168 1002 1373 1070; x_wconf 82' lang='grc' dir='ltr'>Φώτιος</span> <span class='ocrx_word' id='word_1_69' title='bbox 1402 1005 1526 1069; x_wconf 83' lang='grc' dir='ltr'>τοὺς</span> <span class='ocrx_word' id='word_1_70' title='bbox 1563 1004 1606 1070; x_wconf 80' lang='grc' dir='ltr'><strong>ξ’</strong></span> <span class='ocrx_word' id='word_1_71' title='bbox 1635 1004 1978 1070; x_wconf 77' lang='grc' dir='ltr'>ἐκπεπωκὼς</span> 
     </span>
    </p>
   </div>
   <div class='ocr_carea' id='block_1_12' title="bbox 393 1094 1310 1169">
    <p class='ocr_par' dir='ltr' id='par_1_12' title="bbox 393 1094 1310 1169">
     <span class='ocr_line' id='line_1_12' title="bbox 393 1094 1310 1169; baseline 0.007 -23"><span class='ocrx_word' id='word_1_72' title='bbox 393 1094 724 1166; x_wconf 80' lang='grc' dir='ltr'>ἐνεκαυχᾶτο</span> <span class='ocrx_word' id='word_1_73' title='bbox 746 1094 821 1158; x_wconf 80' lang='grc' dir='ltr'><strong>ὡς</strong></span> <span class='ocrx_word' id='word_1_74' title='bbox 852 1095 928 1169; x_wconf 81' lang='grc' dir='ltr'>μὴ</span> <span class='ocrx_word' id='word_1_75' title='bbox 959 1095 1310 1168; x_wconf 82' lang='grc' dir='ltr'>μεμεθυκὼς.</span> 
     </span>
    </p>
   </div>
   <div class='ocr_carea' id='block_1_13' title="bbox 466 1363 1980 1445">
    <p class='ocr_par' dir='ltr' id='par_1_13' title="bbox 466 1363 1980 1445">
     <span class='ocr_line' id='line_1_13' title="bbox 466 1363 1980 1445; baseline 0.007 -28"><span class='ocrx_word' id='word_1_76' title='bbox 466 1367 538 1418; x_wconf 81' lang='grc' dir='ltr'>κ’.</span> <span class='ocrx_word' id='word_1_77' title='bbox 569 1363 681 1418; x_wconf 82' lang='grc' dir='ltr'>Καί</span> <span class='ocrx_word' id='word_1_78' title='bbox 708 1380 837 1418; x_wconf 83' lang='grc' dir='ltr'>ποτε</span> <span class='ocrx_word' id='word_1_79' title='bbox 860 1364 961 1437; x_wconf 79' lang='grc' dir='ltr'>τὴν</span> <span class='ocrx_word' id='word_1_80' title='bbox 1001 1367 1192 1423; x_wconf 83' lang='grc' dir='ltr'>ἐαυτοῦ</span> <span class='ocrx_word' id='word_1_81' title='bbox 1225 1369 1440 1444; x_wconf 86' lang='grc' dir='ltr'>μητέρα</span> <span class='ocrx_word' id='word_1_82' title='bbox 1465 1373 1493 1426; x_wconf 84' lang='grc' dir='ltr'><strong><em>ὁ</em></strong></span> <span class='ocrx_word' id='word_1_83' title='bbox 1527 1372 1750 1445; x_wconf 76' lang='grc' dir='ltr'>Μιχαὴλ</span> <span class='ocrx_word' id='word_1_84' title='bbox 1777 1375 1834 1427; x_wconf 91' lang='grc' dir='ltr'><strong>ἐν</strong></span> <span class='ocrx_word' id='word_1_85' title='bbox 1869 1378 1980 1440; x_wconf 85' lang='grc' dir='ltr'>τοῖς</span> 
     </span>
    </p>
   </div>
   <div class='ocr_carea' id='block_1_14' title="bbox 393 1459 1979 1538">
    <p class='ocr_par' dir='ltr' id='par_1_14' title="bbox 393 1459 1979 1538">
     <span class='ocr_line' id='line_1_14' title="bbox 393 1459 1979 1538; baseline 0.008 -27"><span class='ocrx_word' id='word_1_86' title='bbox 393 1459 720 1530; x_wconf 79' lang='grc' dir='ltr'>ἀνακτόροις</span> <span class='ocrx_word' id='word_1_87' title='bbox 750 1459 1152 1532; x_wconf 83' lang='grc' dir='ltr'>διαιτουμένην,</span> <span class='ocrx_word' id='word_1_88' title='bbox 1188 1463 1282 1518; x_wconf 82' lang='grc' dir='ltr'><strong>τοῦ</strong></span> <span class='ocrx_word' id='word_1_89' title='bbox 1315 1465 1554 1538; x_wconf 78' lang='grc' dir='ltr'>Γρύλλου</span> <span class='ocrx_word' id='word_1_90' title='bbox 1592 1467 1650 1521; x_wconf 77' lang='grc' dir='ltr'>δὲ</span> <span class='ocrx_word' id='word_1_91' title='bbox 1702 1470 1798 1522; x_wconf 83' lang='grc' dir='ltr'><strong>σὺν</strong></span> <span class='ocrx_word' id='word_1_92' title='bbox 1827 1468 1979 1538; x_wconf 83' lang='grc' dir='ltr'><strong>αὐτῷ</strong></span> 
     </span>
    </p>
   </div>
   <div class='ocr_carea' id='block_1_15' title="bbox 393 1551 1984 1628">
    <p class='ocr_par' dir='ltr' id='par_1_15' title="bbox 393 1551 1984 1628">
     <span class='ocr_line' id='line_1_15' title="bbox 393 1551 1984 1628; baseline 0.007 -22"><span class='ocrx_word' id='word_1_93' title='bbox 393 1552 462 1606; x_wconf 73' lang='grc' dir='ltr'><strong>τὰ</strong></span> <span class='ocrx_word' id='word_1_94' title='bbox 487 1551 704 1622; x_wconf 81' lang='grc' dir='ltr'>ἀθεσμα</span> <span class='ocrx_word' id='word_1_95' title='bbox 737 1553 1092 1624; x_wconf 85' lang='grc' dir='ltr'>πράττοντος,</span> <span class='ocrx_word' id='word_1_96' title='bbox 1127 1556 1477 1628; x_wconf 85' lang='grc' dir='ltr'>πλασάμενος</span> <span class='ocrx_word' id='word_1_97' title='bbox 1506 1561 1692 1616; x_wconf 79' lang='grc' dir='ltr'>τοῦτον</span> <span class='ocrx_word' id='word_1_98' title='bbox 1721 1557 1862 1615; x_wconf 79' lang='grc' dir='ltr'>εἶναι</span> <span class='ocrx_word' id='word_1_99' title='bbox 1890 1563 1984 1617; x_wconf 82' lang='grc' dir='ltr'>τὸν</span> 
     </span>
    </p>
   </div>
   <div class='ocr_carea' id='block_1_16' title="bbox 397 1646 1986 1728">
    <p class='ocr_par' dir='ltr' id='par_1_16' title="bbox 397 1646 1986 1728">
     <span class='ocr_line' id='line_1_16' title="bbox 397 1646 1986 1728; baseline 0.006 -27"><span class='ocrx_word' id='word_1_100' title='bbox 397 1646 710 1718; x_wconf 77' lang='grc' dir='ltr'>μακαρίτην</span> <span class='ocrx_word' id='word_1_101' title='bbox 749 1646 1031 1714; x_wconf 78' lang='grc' dir='ltr'>Ἰγνάτιον,</span> <span class='ocrx_word' id='word_1_102' title='bbox 1058 1651 1444 1720; x_wconf 82' lang='grc' dir='ltr'>μετακαλεῖται</span> <span class='ocrx_word' id='word_1_103' title='bbox 1472 1653 1986 1728; x_wconf 83' lang='grc' dir='ltr'>εὐλογηθησομένην</span> 
     </span>
    </p>
   </div>
   <div class='ocr_carea' id='block_1_17' title="bbox 395 1736 1983 1816">
    <p class='ocr_par' dir='ltr' id='par_1_17' title="bbox 395 1736 1983 1816">
     <span class='ocr_line' id='line_1_17' title="bbox 395 1736 1983 1816; baseline 0.009 -28"><span class='ocrx_word' id='word_1_104' title='bbox 395 1736 529 1804; x_wconf 84' lang='grc' dir='ltr'>παρ’</span> <span class='ocrx_word' id='word_1_105' title='bbox 554 1737 740 1793; x_wconf 77' lang='grc' dir='ltr'>αὐτοῦ.</span> <span class='ocrx_word' id='word_1_106' title='bbox 784 1740 868 1804; x_wconf 80' lang='grc' dir='ltr'>Ὠς</span> <span class='ocrx_word' id='word_1_107' title='bbox 895 1738 988 1794; x_wconf 85' lang='grc' dir='ltr'>οὖν</span> <span class='ocrx_word' id='word_1_108' title='bbox 1037 1743 1219 1816; x_wconf 87' lang='grc' dir='ltr'>ἐκείνη</span> <span class='ocrx_word' id='word_1_109' title='bbox 1251 1744 1397 1815; x_wconf 77' lang='grc' dir='ltr'>ἐξῄει</span> <span class='ocrx_word' id='word_1_110' title='bbox 1428 1747 1546 1815; x_wconf 89' lang='grc' dir='ltr'>μετ’</span> <span class='ocrx_word' id='word_1_111' title='bbox 1575 1747 1864 1813; x_wconf 72' lang='grc' dir='ltr'>εὐλαϐείας</span> <span class='ocrx_word' id='word_1_112' title='bbox 1888 1750 1983 1804; x_wconf 72' lang='grc' dir='ltr'>καὶ</span> 
     </span>
    </p>
   </div>
   <div class='ocr_carea' id='block_1_18' title="bbox 394 1810 2057 1911">
    <p class='ocr_par' dir='ltr' id='par_1_18' title="bbox 394 1810 2057 1911">
     <span class='ocr_line' id='line_1_18' title="bbox 394 1810 2057 1911; baseline 0.01 -31"><span class='ocrx_word' id='word_1_113' title='bbox 394 1827 595 1894; x_wconf 76' lang='grc' dir='ltr'>αἰδοῦς,</span> <span class='ocrx_word' id='word_1_114' title='bbox 629 1830 812 1901; x_wconf 78' lang='grc' dir='ltr'>ῥίπτει</span> <span class='ocrx_word' id='word_1_115' title='bbox 839 1834 1039 1905; x_wconf 75' lang='grc' dir='ltr'>ἑαυτὴν</span> <span class='ocrx_word' id='word_1_116' title='bbox 1070 1837 1150 1899; x_wconf 72' lang='grc' dir='ltr'>εἰς</span> <span class='ocrx_word' id='word_1_117' title='bbox 1184 1835 1448 1908; x_wconf 70' lang='grc' dir='ltr'>τοῦδαφος</span> <span class='ocrx_word' id='word_1_118' title='bbox 1478 1837 1836 1911; x_wconf 79' lang='grc' dir='ltr'>ἐξαιτουμένη</span> <span class='ocrx_word' id='word_1_119' title='bbox 1889 1843 1982 1896; x_wconf 85' lang='grc' dir='ltr'><strong>εὐ-</strong></span> <span class='ocrx_word' id='word_1_120' title='bbox 2009 1810 2057 1870; x_wconf 78' lang='grc' dir='ltr'><strong>Β</strong></span> 
     </span>
    </p>
   </div>
   <div class='ocr_carea' id='block_1_19' title="bbox 393 1919 1979 2005">
    <p class='ocr_par' dir='ltr' id='par_1_19' title="bbox 393 1919 1979 2005">
     <span class='ocr_line' id='line_1_19' title="bbox 393 1919 1979 2005; baseline 0.012 -34"><span class='ocrx_word' id='word_1_121' title='bbox 393 1919 499 1990; x_wconf 86' lang='grc' dir='ltr'>χήν</span> <span class='ocrx_word' id='word_1_122' title='bbox 521 1937 536 1950; x_wconf 76' lang='grc'><strong><em>⁸</em></strong></span> <span class='ocrx_word' id='word_1_123' title='bbox 566 1921 660 1974; x_wconf 75' lang='grc' dir='ltr'>καὶ</span> <span class='ocrx_word' id='word_1_124' title='bbox 685 1922 794 1993; x_wconf 80' lang='grc' dir='ltr'><strong>γὰρ</strong></span> <span class='ocrx_word' id='word_1_125' title='bbox 820 1924 1109 1981; x_wconf 70' lang='grc' dir='ltr'>ἐλάνθανεν</span> <span class='ocrx_word' id='word_1_126' title='bbox 1131 1928 1270 1992; x_wconf 84' lang='grc' dir='ltr'>τέως</span> <span class='ocrx_word' id='word_1_127' title='bbox 1292 1930 1390 2001; x_wconf 82' lang='grc' dir='ltr'>τὴν</span> <span class='ocrx_word' id='word_1_128' title='bbox 1419 1933 1668 2000; x_wconf 82' lang='grc' dir='ltr'>γενειάδα</span> <span class='ocrx_word' id='word_1_129' title='bbox 1698 1938 1979 2005; x_wconf 74' lang='grc' dir='ltr'>κρύπτων.</span> 
     </span>
    </p>
   </div>
   <div class='ocr_carea' id='block_1_20' title="bbox 397 2009 1986 2090">
    <p class='ocr_par' dir='ltr' id='par_1_20' title="bbox 397 2009 1986 2090">
     <span class='ocr_line' id='line_1_20' title="bbox 397 2009 1986 2090; baseline 0.013 -30"><span class='ocrx_word' id='word_1_130' title='bbox 397 2009 505 2061; x_wconf 74' lang='grc' dir='ltr'><strong>Καὶ</strong></span> <span class='ocrx_word' id='word_1_131' title='bbox 533 2011 597 2064; x_wconf 85' lang='grc' dir='ltr'><strong>ἐκ</strong></span> <span class='ocrx_word' id='word_1_132' title='bbox 635 2013 928 2083; x_wconf 85' lang='grc' dir='ltr'>προχείρου</span> <span class='ocrx_word' id='word_1_133' title='bbox 959 2014 1130 2084; x_wconf 69' lang='grc' dir='ltr'>ψόφον</span> <span class='ocrx_word' id='word_1_134' title='bbox 1169 2018 1453 2090; x_wconf 83' lang='grc' dir='ltr'>ἀναθορὼν</span> <span class='ocrx_word' id='word_1_135' title='bbox 1494 2024 1726 2090; x_wconf 79' lang='grc' dir='ltr'>ἐπαφεὶς</span> <span class='ocrx_word' id='word_1_136' title='bbox 1768 2026 1862 2079; x_wconf 74' lang='grc' dir='ltr'>καὶ</span> <span class='ocrx_word' id='word_1_137' title='bbox 1895 2025 1986 2079; x_wconf 88' lang='grc' dir='ltr'><strong>λό-</strong></span> 
     </span>
    </p>
   </div>
   <div class='ocr_carea' id='block_1_21' title="bbox 394 2103 1985 2188">
    <p class='ocr_par' dir='ltr' id='par_1_21' title="bbox 394 2103 1985 2188">
     <span class='ocr_line' id='line_1_21' title="bbox 394 2103 1985 2188; baseline 0.012 -34"><span class='ocrx_word' id='word_1_138' title='bbox 394 2117 525 2170; x_wconf 85' lang='grc' dir='ltr'>γους</span> <span class='ocrx_word' id='word_1_139' title='bbox 555 2103 828 2174; x_wconf 83' lang='grc' dir='ltr'>ἀπρεπεῖς</span> <span class='ocrx_word' id='word_1_140' title='bbox 869 2108 1276 2180; x_wconf 76' lang='grc' dir='ltr'>προστεθεικὼς</span> <span class='ocrx_word' id='word_1_141' title='bbox 1328 2113 1423 2167; x_wconf 70' lang='grc' dir='ltr'>καὶ</span> <span class='ocrx_word' id='word_1_142' title='bbox 1484 2114 1564 2181; x_wconf 80' lang='grc' dir='ltr'><strong>τὸ,</strong></span> <span class='ocrx_word' id='word_1_143' title='bbox 1607 2116 1803 2186; x_wconf 79' lang='grc' dir='ltr'>Ἡμεῖς</span> <span class='ocrx_word' id='word_1_144' title='bbox 1845 2118 1985 2188; x_wconf 77' lang='grc' dir='ltr'>ὅπερ</span> 
     </span>
    </p>
   </div>
   <div class='ocr_carea' id='block_1_22' title="bbox 395 2194 1987 2276">
    <p class='ocr_par' dir='ltr' id='par_1_22' title="bbox 395 2194 1987 2276">
     <span class='ocr_line' id='line_1_22' title="bbox 395 2194 1987 2276; baseline 0.011 -28"><span class='ocrx_word' id='word_1_145' title='bbox 395 2194 638 2265; x_wconf 75' lang='grc' dir='ltr'>ἔχομεν,</span> <span class='ocrx_word' id='word_1_146' title='bbox 674 2199 848 2267; x_wconf 84' lang='grc' dir='ltr'>κυρὰ.</span> <span class='ocrx_word' id='word_1_147' title='bbox 885 2203 1229 2272; x_wconf 82' lang='grc' dir='ltr'>παρέχομέν</span> <span class='ocrx_word' id='word_1_148' title='bbox 1259 2223 1379 2272; x_wconf 85' lang='grc' dir='ltr'>σοι,</span> <span class='ocrx_word' id='word_1_149' title='bbox 1418 2207 1485 2261; x_wconf 80' lang='grc' dir='ltr'><strong>τὰ</strong></span> <span class='ocrx_word' id='word_1_150' title='bbox 1510 2209 1686 2262; x_wconf 87' lang='grc' dir='ltr'>πάντα</span> <span class='ocrx_word' id='word_1_151' title='bbox 1720 2211 1987 2276; x_wconf 85' lang='grc' dir='ltr'>δυσωδίας</span> 
     </span>
    </p>
   </div>
   <div class='ocr_carea' id='block_1_23' title="bbox 396 2286 1984 2376">
    <p class='ocr_par' dir='ltr' id='par_1_23' title="bbox 396 2286 1984 2376">
     <span class='ocr_line' id='line_1_23' title="bbox 396 2286 1984 2376; baseline 0.013 -38"><span class='ocrx_word' id='word_1_152' title='bbox 396 2286 660 2358; x_wconf 74' lang='grc' dir='ltr'>ἐπλήρου.</span> <span class='ocrx_word' id='word_1_153' title='bbox 723 2291 866 2345; x_wconf 80' lang='grc' dir='ltr'><strong>Ἡδὲ</strong></span> <span class='ocrx_word' id='word_1_154' title='bbox 897 2293 956 2347; x_wconf 79' lang='grc' dir='ltr'>τὸ</span> <span class='ocrx_word' id='word_1_155' title='bbox 1013 2296 1208 2364; x_wconf 80' lang='grc' dir='ltr'>μέλλον</span> <span class='ocrx_word' id='word_1_156' title='bbox 1257 2300 1696 2368; x_wconf 68' lang='grc' dir='ltr'>ἀποφοιὸάσασα,</span> <span class='ocrx_word' id='word_1_157' title='bbox 1758 2305 1857 2376; x_wconf 77' lang='grc' dir='ltr'>τῆς</span> <span class='ocrx_word' id='word_1_158' title='bbox 1889 2305 1984 2358; x_wconf 77' lang='grc' dir='ltr'>τοῦ</span> 
     </span>
    </p>
   </div>
   <div class='ocr_carea' id='block_1_24' title="bbox 397 2378 1753 2460">
    <p class='ocr_par' dir='ltr' id='par_1_24' title="bbox 397 2378 1753 2460">
     <span class='ocr_line' id='line_1_24' title="bbox 397 2378 1753 2460; baseline 0.015 -30"><span class='ocrx_word' id='word_1_159' title='bbox 397 2378 537 2432; x_wconf 79' lang='grc' dir='ltr'>Θεοῦ</span> <span class='ocrx_word' id='word_1_160' title='bbox 570 2382 829 2452; x_wconf 88' lang='grc' dir='ltr'>προνοίας</span> <span class='ocrx_word' id='word_1_161' title='bbox 858 2387 949 2439; x_wconf 72' lang='grc' dir='ltr'>καὶ</span> <span class='ocrx_word' id='word_1_162' title='bbox 981 2389 1163 2459; x_wconf 74' lang='grc' dir='ltr'>χειρὸς</span> <span class='ocrx_word' id='word_1_163' title='bbox 1187 2389 1292 2456; x_wconf 82' lang='grc' dir='ltr'><strong>ἔξω</strong></span> <span class='ocrx_word' id='word_1_164' title='bbox 1323 2393 1577 2460; x_wconf 89' lang='grc' dir='ltr'>γενέσθαι</span> <span class='ocrx_word' id='word_1_165' title='bbox 1612 2395 1753 2450; x_wconf 73' lang='grc' dir='ltr'>ὀδοῦ.</span> 
     </span>
    </p>
   </div>
   <div class='ocr_carea' id='block_1_25' title="bbox 472 2471 1986 2565">
    <p class='ocr_par' dir='ltr' id='par_1_25' title="bbox 472 2471 1986 2565">
     <span class='ocr_line' id='line_1_25' title="bbox 472 2471 1986 2565; baseline 0.016 -41"><span class='ocrx_word' id='word_1_166' title='bbox 472 2471 580 2526; x_wconf 85' lang='grc' dir='ltr'>κα’.</span> <span class='ocrx_word' id='word_1_167' title='bbox 613 2475 736 2528; x_wconf 84' lang='grc' dir='ltr'>Ἔτι</span> <span class='ocrx_word' id='word_1_168' title='bbox 763 2477 860 2547; x_wconf 81' lang='grc' dir='ltr'>τῆς</span> <span class='ocrx_word' id='word_1_169' title='bbox 890 2479 1173 2552; x_wconf 83' lang='grc' dir='ltr'>Θεοδώρας</span> <span class='ocrx_word' id='word_1_170' title='bbox 1208 2483 1306 2556; x_wconf 77' lang='grc' dir='ltr'>τὴν</span> <span class='ocrx_word' id='word_1_171' title='bbox 1331 2484 1614 2556; x_wconf 82' lang='grc' dir='ltr'>βασιλείαν</span> <span class='ocrx_word' id='word_1_172' title='bbox 1644 2489 1690 2521; x_wconf 66' lang='grc'>⁸³</span> <span class='ocrx_word' id='word_1_173' title='bbox 1721 2493 1986 2565; x_wconf 75' lang='grc' dir='ltr'>κατεχού-</span> 
     </span>
    </p>
   </div>
   <div class='ocr_carea' id='block_1_26' title="bbox 399 2565 1988 2655">
    <p class='ocr_par' dir='ltr' id='par_1_26' title="bbox 399 2565 1988 2655">
     <span class='ocr_line' id='line_1_26' title="bbox 399 2565 1988 2655; baseline 0.017 -41"><span class='ocrx_word' id='word_1_174' title='bbox 399 2579 520 2655; x_wconf 77' lang='grc' dir='ltr'>σης,</span> <span class='ocrx_word' id='word_1_175' title='bbox 553 2565 788 2640; x_wconf 78' lang='grc' dir='ltr'>Βόγαρις</span> <span class='ocrx_word' id='word_1_176' title='bbox 818 2572 844 2624; x_wconf 87' lang='grc' dir='ltr'>ὁ</span> <span class='ocrx_word' id='word_1_177' title='bbox 883 2571 1066 2643; x_wconf 81' lang='grc' dir='ltr'>ἄρχων</span> <span class='ocrx_word' id='word_1_178' title='bbox 1093 2567 1454 2647; x_wconf 73' lang='grc' dir='ltr'>Βουλγαρίας,</span> <span class='ocrx_word' id='word_1_179' title='bbox 1484 2585 1720 2649; x_wconf 85' lang='grc' dir='ltr'>γυναῖκα</span> <span class='ocrx_word' id='word_1_180' title='bbox 1751 2585 1850 2655; x_wconf 79' lang='grc' dir='ltr'>τῆς</span> <span class='ocrx_word' id='word_1_181' title='bbox 1879 2587 1988 2641; x_wconf 86' lang='grc' dir='ltr'><strong>τῶν</strong></span> 
     </span>
    </p>
   </div>
   <div class='ocr_carea' id='block_1_27' title="bbox 412 2653 1986 2752">
    <p class='ocr_par' dir='ltr' id='par_1_27' title="bbox 412 2653 1986 2752">
     <span class='ocr_line' id='line_1_27' title="bbox 412 2653 1986 2752; baseline 0.017 -46"><span class='ocrx_word' id='word_1_182' title='bbox 412 2653 703 2752; x_wconf 70' lang='grc' dir='ltr'>Ῥωμαίων</span> <span class='ocrx_word' id='word_1_183' title='bbox 747 2659 1026 2730; x_wconf 84' lang='grc' dir='ltr'>βασιλείας</span> <span class='ocrx_word' id='word_1_184' title='bbox 1066 2667 1307 2734; x_wconf 81' lang='grc' dir='ltr'>ἀκούσας</span> <span class='ocrx_word' id='word_1_185' title='bbox 1365 2675 1607 2744; x_wconf 81' lang='grc' dir='ltr'>κρατεῖν,</span> <span class='ocrx_word' id='word_1_186' title='bbox 1664 2653 1816 2742; x_wconf 57' lang='grc' dir='ltr'>δηλοῖ</span> <span class='ocrx_word' id='word_1_187' title='bbox 1848 2679 1986 2752; x_wconf 83' lang='grc' dir='ltr'>αὐτῇ</span> 
     </span>
    </p>
   </div>
   <div class='ocr_carea' id='block_1_28' title="bbox 399 2749 1993 2840">
    <p class='ocr_par' dir='ltr' id='par_1_28' title="bbox 399 2749 1993 2840">
     <span class='ocr_line' id='line_1_28' title="bbox 399 2749 1993 2840; baseline 0.017 -40"><span class='ocrx_word' id='word_1_188' title='bbox 399 2749 694 2805; x_wconf 84' lang='grc' dir='ltr'>καταλύειν</span> <span class='ocrx_word' id='word_1_189' title='bbox 743 2755 844 2820; x_wconf 78' lang='grc' dir='ltr'><strong>τὰς</strong></span> <span class='ocrx_word' id='word_1_190' title='bbox 898 2759 1174 2828; x_wconf 81' lang='grc' dir='ltr'>συνθήκας</span> <span class='ocrx_word' id='word_1_191' title='bbox 1227 2767 1318 2818; x_wconf 81' lang='grc' dir='ltr'>καὶ</span> <span class='ocrx_word' id='word_1_192' title='bbox 1367 2767 1503 2837; x_wconf 76' lang='grc' dir='ltr'>πρὸς</span> <span class='ocrx_word' id='word_1_193' title='bbox 1545 2768 1851 2840; x_wconf 85' lang='grc' dir='ltr'>Ῥωμαίους</span> <span class='ocrx_word' id='word_1_194' title='bbox 1896 2749 1993 2828; x_wconf 44' lang='grc' dir='ltr'><strong>ἐκζ</strong></span> 
     </span>
    </p>
   </div>
   <div class='ocr_carea' id='block_1_29' title="bbox 403 2845 1991 2937">
    <p class='ocr_par' dir='ltr' id='par_1_29' title="bbox 403 2845 1991 2937">
     <span class='ocr_line' id='line_1_29' title="bbox 403 2845 1991 2937; baseline 0.017 -43"><span class='ocrx_word' id='word_1_195' title='bbox 403 2845 742 2915; x_wconf 83' lang='grc' dir='ltr'>στρατεύειν.</span> <span class='ocrx_word' id='word_1_196' title='bbox 789 2851 1191 2920; x_wconf 77' lang='grc' dir='ltr'>Ἀντιδηλοῦται</span> <span class='ocrx_word' id='word_1_197' title='bbox 1248 2853 1342 2912; x_wconf 72' lang='grc' dir='ltr'>οὖν</span> <span class='ocrx_word' id='word_1_198' title='bbox 1401 2861 1573 2932; x_wconf 76' lang='grc' dir='ltr'>αὐτῷ,</span> <span class='ocrx_word' id='word_1_199' title='bbox 1609 2865 1692 2918; x_wconf 84' lang='grc' dir='ltr'>ὅτι</span> <span class='ocrx_word' id='word_1_200' title='bbox 1745 2867 1851 2920; x_wconf 77' lang='grc' dir='ltr'><strong>Καὶ</strong></span> <span class='ocrx_word' id='word_1_201' title='bbox 1886 2867 1991 2937; x_wconf 78' lang='grc' dir='ltr'><strong>ἐμὲ</strong></span> 
     </span>
    </p>
   </div>
   <div class='ocr_carea' id='block_1_30' title="bbox 402 2938 1991 3025">
    <p class='ocr_par' dir='ltr' id='par_1_30' title="bbox 402 2938 1991 3025">
     <span class='ocr_line' id='line_1_30' title="bbox 402 2938 1991 3025; baseline 0.018 -35"><span class='ocrx_word' id='word_1_202' title='bbox 402 2938 554 2993; x_wconf 83' lang='grc' dir='ltr'>κατὰ</span> <span class='ocrx_word' id='word_1_203' title='bbox 579 2942 698 2995; x_wconf 87' lang='grc' dir='ltr'>σοῦ</span> <span class='ocrx_word' id='word_1_204' title='bbox 730 2945 1013 3014; x_wconf 76' lang='grc' dir='ltr'>εὑρήσεις</span> <span class='ocrx_word' id='word_1_205' title='bbox 1044 2949 1657 3025; x_wconf 72' lang='grc' dir='ltr'>ἀντιστρατεύουσαν,</span> <span class='ocrx_word' id='word_1_206' title='bbox 1691 2961 1791 3016; x_wconf 81' lang='grc' dir='ltr'>καὶ</span> <span class='ocrx_word' id='word_1_207' title='bbox 1820 2964 1991 3018; x_wconf 80' lang='grc' dir='ltr'>ἐλπί-</span> 
     </span>
    </p>
   </div>
   <div class='ocr_carea' id='block_1_31' title="bbox 403 3028 1991 3122">
    <p class='ocr_par' dir='ltr' id='par_1_31' title="bbox 403 3028 1991 3122">
     <span class='ocr_line' id='line_1_31' title="bbox 403 3028 1991 3122; baseline 0.019 -39"><span class='ocrx_word' id='word_1_208' title='bbox 403 3028 580 3100; x_wconf 77' lang='grc' dir='ltr'>ζομεν</span> <span class='ocrx_word' id='word_1_209' title='bbox 629 3038 948 3103; x_wconf 82' lang='grc' dir='ltr'>κυριεῦσαί</span> <span class='ocrx_word' id='word_1_210' title='bbox 977 3058 1116 3098; x_wconf 86' lang='grc' dir='ltr'>σου.</span> <span class='ocrx_word' id='word_1_211' title='bbox 1169 3048 1240 3100; x_wconf 79' lang='lat' dir='ltr'><strong>El</strong></span> <span class='ocrx_word' id='word_1_212' title='bbox 1268 3047 1337 3100; x_wconf 81' lang='grc' dir='ltr'>δὲ</span> <span class='ocrx_word' id='word_1_213' title='bbox 1369 3049 1480 3118; x_wconf 82' lang='grc' dir='ltr'><strong>μὴ,</strong></span> <span class='ocrx_word' id='word_1_214' title='bbox 1523 3053 1621 3108; x_wconf 83' lang='grc' dir='ltr'>καὶ</span> <span class='ocrx_word' id='word_1_215' title='bbox 1653 3056 1844 3122; x_wconf 83' lang='grc' dir='ltr'>οὕτως</span> <span class='ocrx_word' id='word_1_216' title='bbox 1873 3076 1991 3113; x_wconf 87' lang='grc' dir='ltr'><strong>σου</strong></span> 
     </span>
    </p>
   </div>
   <div class='ocr_carea' id='block_1_32' title="bbox 2075 537 3660 609">
    <p class='ocr_par' dir='ltr' id='par_1_32' title="bbox 2075 537 3660 609">
     <span class='ocr_line' id='line_1_32' title="bbox 2075 537 3660 609; baseline -0.002 -15"><span class='ocrx_word' id='word_1_217' title='bbox 2075 553 2142 594; x_wconf 87' lang='lat' dir='ltr'><strong>eo</strong></span> <span class='ocrx_word' id='word_1_218' title='bbox 2177 537 2400 593; x_wconf 84' lang='lat' dir='ltr'><strong>nomine</strong></span> <span class='ocrx_word' id='word_1_219' title='bbox 2440 538 2732 604; x_wconf 77' lang='lat' dir='ltr'><strong>insultans,</strong></span> <span class='ocrx_word' id='word_1_220' title='bbox 2760 538 2906 608; x_wconf 89' lang='lat' dir='ltr'><strong>quod</strong></span> <span class='ocrx_word' id='word_1_221' title='bbox 2939 538 3188 593; x_wconf 87' lang='lat' dir='ltr'><strong>molliore</strong></span> <span class='ocrx_word' id='word_1_222' title='bbox 3215 538 3508 609; x_wconf 85' lang='lat' dir='ltr'><strong>disciplina</strong></span> <span class='ocrx_word' id='word_1_223' title='bbox 3543 553 3660 591; x_wconf 89' lang='lat' dir='ltr'><strong>mo-</strong></span> 
     </span>
    </p>
   </div>
   <div class='ocr_carea' id='block_1_33' title="bbox 2075 628 3658 701">
    <p class='ocr_par' dir='ltr' id='par_1_33' title="bbox 2075 628 3658 701">
     <span class='ocr_line' id='line_1_33' title="bbox 2075 628 3658 701; baseline -0.001 -17"><span class='ocrx_word' id='word_1_224' title='bbox 2075 646 2192 685; x_wconf 87' lang='lat' dir='ltr'><strong>rem</strong></span> <span class='ocrx_word' id='word_1_225' title='bbox 2222 629 2392 686; x_wconf 87' lang='lat' dir='ltr'><strong>rebus</strong></span> <span class='ocrx_word' id='word_1_226' title='bbox 2419 645 2529 686; x_wconf 91' lang='lat' dir='ltr'><strong>non</strong></span> <span class='ocrx_word' id='word_1_227' title='bbox 2560 639 2794 701; x_wconf 77' lang='lat' dir='ltr'><strong>gereret,</strong></span> <span class='ocrx_word' id='word_1_228' title='bbox 2826 645 2948 695; x_wconf 88' lang='lat' dir='ltr'><strong>nee,</strong></span> <span class='ocrx_word' id='word_1_229' title='bbox 2981 642 3040 684; x_wconf 92' lang='lat' dir='ltr'><strong>ut</strong></span> <span class='ocrx_word' id='word_1_230' title='bbox 3067 630 3182 700; x_wconf 82' lang='lat' dir='ltr'><strong>ipse</strong></span> <span class='ocrx_word' id='word_1_231' title='bbox 3206 646 3385 700; x_wconf 81' lang='lat' dir='ltr'><strong>operae</strong></span> <span class='ocrx_word' id='word_1_232' title='bbox 3419 628 3658 700; x_wconf 84' lang='lat' dir='ltr'><strong>pretium</strong></span> 
     </span>
    </p>
   </div>
   <div class='ocr_carea' id='block_1_34' title="bbox 2077 723 3662 794">
    <p class='ocr_par' dir='ltr' id='par_1_34' title="bbox 2077 723 3662 794">
     <span class='ocr_line' id='line_1_34' title="bbox 2077 723 3662 794; baseline -0.001 -16"><span class='ocrx_word' id='word_1_233' title='bbox 2077 723 2343 794; x_wconf 85' lang='lat' dir='ltr'><strong>putabat,</strong></span> <span class='ocrx_word' id='word_1_234' title='bbox 2392 724 2541 778; x_wconf 93' lang='lat' dir='ltr'><strong>omni</strong></span> <span class='ocrx_word' id='word_1_235' title='bbox 2595 731 2761 778; x_wconf 88' lang='lat' dir='ltr'><strong>vento</strong></span> <span class='ocrx_word' id='word_1_236' title='bbox 2807 723 2984 778; x_wconf 81' lang='lat' dir='ltr'><strong>facilis</strong></span> <span class='ocrx_word' id='word_1_237' title='bbox 3035 723 3270 779; x_wconf 87' lang='lat' dir='ltr'><strong>ferretur</strong></span> <span class='ocrx_word' id='word_1_238' title='bbox 3329 739 3662 793; x_wconf 87' lang='lat' dir='ltr'><strong>omnemque</strong></span> 
     </span>
    </p>
   </div>
   <div class='ocr_carea' id='block_1_35' title="bbox 2079 814 3664 885">
    <p class='ocr_par' dir='ltr' id='par_1_35' title="bbox 2079 814 3664 885">
     <span class='ocr_line' id='line_1_35' title="bbox 2079 814 3664 885; baseline -0.001 -15"><span class='ocrx_word' id='word_1_239' title='bbox 2079 824 2405 885; x_wconf 86' lang='lat' dir='ltr'><strong>sequeretur</strong></span> <span class='ocrx_word' id='word_1_240' title='bbox 2457 831 2667 870; x_wconf 83' lang='lat' dir='ltr'><strong>auram.</strong></span> <span class='ocrx_word' id='word_1_241' title='bbox 2730 815 2836 870; x_wconf 88' lang='lat' dir='ltr'><strong>Sed</strong></span> <span class='ocrx_word' id='word_1_242' title='bbox 2883 825 2938 869; x_wconf 87' lang='lat' dir='ltr'><strong>et</strong></span> <span class='ocrx_word' id='word_1_243' title='bbox 2985 830 3111 870; x_wconf 91' lang='lat' dir='ltr'><strong>cum</strong></span> <span class='ocrx_word' id='word_1_244' title='bbox 3154 815 3356 870; x_wconf 83' lang='lat' dir='ltr'><strong>misero</strong></span> <span class='ocrx_word' id='word_1_245' title='bbox 3397 814 3664 870; x_wconf 82' lang='lat' dir='ltr'><strong>Michaele</strong></span> 
     </span>
    </p>
   </div>
   <div class='ocr_carea' id='block_1_36' title="bbox 2081 907 3666 978">
    <p class='ocr_par' dir='ltr' id='par_1_36' title="bbox 2081 907 3666 978">
     <span class='ocr_line' id='line_1_36' title="bbox 2081 907 3666 978; baseline 0.001 -18"><span class='ocrx_word' id='word_1_246' title='bbox 2081 907 2412 977; x_wconf 80' lang='lat' dir='ltr'><strong>imperatore</strong></span> <span class='ocrx_word' id='word_1_247' title='bbox 2469 918 2724 962; x_wconf 85' lang='lat' dir='ltr'><strong>conserta</strong></span> <span class='ocrx_word' id='word_1_248' title='bbox 2781 923 3002 978; x_wconf 81' lang='lat' dir='ltr'><strong>pugna,</strong></span> <span class='ocrx_word' id='word_1_249' title='bbox 3057 917 3182 962; x_wconf 91' lang='lat' dir='ltr'><strong>uter</strong></span> <span class='ocrx_word' id='word_1_250' title='bbox 3220 907 3408 976; x_wconf 91' lang='lat' dir='ltr'><strong>plures</strong></span> <span class='ocrx_word' id='word_1_251' title='bbox 3465 907 3666 962; x_wconf 81' lang='lat' dir='ltr'><strong>calices</strong></span> 
     </span>
    </p>
   </div>
   <div class='ocr_carea' id='block_1_37' title="bbox 2081 997 3666 1069">
    <p class='ocr_par' dir='ltr' id='par_1_37' title="bbox 2081 997 3666 1069">
     <span class='ocr_line' id='line_1_37' title="bbox 2081 997 3666 1069; baseline -0.001 -15"><span class='ocrx_word' id='word_1_252' title='bbox 2081 999 2370 1064; x_wconf 87' lang='lat' dir='ltr'><strong>hauriret,</strong></span> <span class='ocrx_word' id='word_1_253' title='bbox 2403 999 2593 1056; x_wconf 90' lang='lat' dir='ltr'><strong>decem</strong></span> <span class='ocrx_word' id='word_1_254' title='bbox 2627 1000 2716 1055; x_wconf 91' lang='lat' dir='ltr'><strong>ille</strong></span> <span class='ocrx_word' id='word_1_255' title='bbox 2753 1000 3007 1069; x_wconf 89' lang='lat' dir='ltr'><strong>superior</strong></span> <span class='ocrx_word' id='word_1_256' title='bbox 3037 1000 3141 1054; x_wconf 92' lang='lat' dir='ltr'><strong>fuit</strong></span> <span class='ocrx_word' id='word_1_257' title='bbox 3168 1017 3180 1053; x_wconf 93' lang='lat'><strong>:</strong></span> <span class='ocrx_word' id='word_1_258' title='bbox 3226 999 3491 1054; x_wconf 82' lang='lat' dir='ltr'><strong>Michaele</strong></span> <span class='ocrx_word' id='word_1_259' title='bbox 3517 997 3666 1054; x_wconf 88' lang='lat' dir='ltr'><strong>enim</strong></span> 
     </span>
    </p>
   </div>
   <div class='ocr_carea' id='block_1_38' title="bbox 2083 1090 3668 1163">
    <p class='ocr_par' dir='ltr' id='par_1_38' title="bbox 2083 1090 3668 1163">
     <span class='ocr_line' id='line_1_38' title="bbox 2083 1090 3668 1163; baseline -0.001 -17"><span class='ocrx_word' id='word_1_260' title='bbox 2083 1092 2484 1163; x_wconf 80' lang='lat' dir='ltr'><strong>quinquaginta</strong></span> <span class='ocrx_word' id='word_1_261' title='bbox 2523 1093 2780 1162; x_wconf 89' lang='lat' dir='ltr'><strong>oppleto,</strong></span> <span class='ocrx_word' id='word_1_262' title='bbox 2829 1091 3061 1147; x_wconf 89' lang='lat' dir='ltr'><strong>Photius</strong></span> <span class='ocrx_word' id='word_1_263' title='bbox 3104 1090 3394 1161; x_wconf 81' lang='lat' dir='ltr'><strong>magniﬁce</strong></span> <span class='ocrx_word' id='word_1_264' title='bbox 3443 1090 3668 1161; x_wconf 77' lang='lat' dir='ltr'><strong>gloriari</strong></span> 
     </span>
    </p>
   </div>
   <div class='ocr_carea' id='block_1_39' title="bbox 2083 1183 3671 1256">
    <p class='ocr_par' dir='ltr' id='par_1_39' title="bbox 2083 1183 3671 1256">
     <span class='ocr_line' id='line_1_39' title="bbox 2083 1183 3671 1256; baseline -0.001 -17"><span class='ocrx_word' id='word_1_265' title='bbox 2083 1194 2247 1254; x_wconf 89' lang='lat' dir='ltr'><strong>atque</strong></span> <span class='ocrx_word' id='word_1_266' title='bbox 2267 1186 2499 1255; x_wconf 87' lang='lat' dir='ltr'><strong>jactare,</strong></span> <span class='ocrx_word' id='word_1_267' title='bbox 2532 1191 2593 1237; x_wconf 91' lang='lat' dir='ltr'><strong>ut</strong></span> <span class='ocrx_word' id='word_1_268' title='bbox 2623 1183 2716 1255; x_wconf 84' lang='lat' dir='ltr'><strong>qui</strong></span> <span class='ocrx_word' id='word_1_269' title='bbox 2746 1184 3027 1256; x_wconf 78' lang='lat' dir='ltr'><strong>sexaginta</strong></span> <span class='ocrx_word' id='word_1_270' title='bbox 3062 1184 3239 1254; x_wconf 88' lang='lat' dir='ltr'><strong>epotis</strong></span> <span class='ocrx_word' id='word_1_271' title='bbox 3270 1183 3398 1239; x_wconf 89' lang='lat' dir='ltr'><strong>vino</strong></span> <span class='ocrx_word' id='word_1_272' title='bbox 3424 1183 3671 1254; x_wconf 81' lang='lat' dir='ltr'><strong>dejectus</strong></span> 
     </span>
    </p>
   </div>
   <div class='ocr_carea' id='block_1_40' title="bbox 2082 1283 2390 1329">
    <p class='ocr_par' dir='ltr' id='par_1_40' title="bbox 2082 1283 2390 1329">
     <span class='ocr_line' id='line_1_40' title="bbox 2082 1283 2390 1329; baseline 0.006 -2"><span class='ocrx_word' id='word_1_273' title='bbox 2082 1290 2191 1328; x_wconf 81' lang='lat' dir='ltr'><strong>llOll</strong></span> <span class='ocrx_word' id='word_1_274' title='bbox 2224 1283 2390 1329; x_wconf 75' lang='grc' dir='ltr'>εεερι.</span> 
     </span>
    </p>
   </div>
   <div class='ocr_carea' id='block_1_41' title="bbox 2156 1367 3674 1437">
    <p class='ocr_par' dir='ltr' id='par_1_41' title="bbox 2156 1367 3674 1437">
     <span class='ocr_line' id='line_1_41' title="bbox 2156 1367 3674 1437; baseline 0.001 -16"><span class='ocrx_word' id='word_1_275' title='bbox 2156 1368 2245 1422; x_wconf 76' lang='lat'><strong>20.</strong></span> <span class='ocrx_word' id='word_1_276' title='bbox 2295 1367 2635 1437; x_wconf 87' lang='lat' dir='ltr'><strong>Quandoque</strong></span> <span class='ocrx_word' id='word_1_277' title='bbox 2665 1367 2830 1422; x_wconf 89' lang='lat' dir='ltr'><strong>etiam</strong></span> <span class='ocrx_word' id='word_1_278' title='bbox 2870 1367 3000 1422; x_wconf 92' lang='lat' dir='ltr'><strong>dum</strong></span> <span class='ocrx_word' id='word_1_279' title='bbox 3033 1367 3216 1422; x_wconf 90' lang='lat' dir='ltr'><strong>adhuc</strong></span> <span class='ocrx_word' id='word_1_280' title='bbox 3253 1376 3429 1422; x_wconf 84' lang='lat' dir='ltr'><strong>mater</strong></span> <span class='ocrx_word' id='word_1_281' title='bbox 3463 1368 3518 1423; x_wconf 91' lang='lat' dir='ltr'><strong>in</strong></span> <span class='ocrx_word' id='word_1_282' title='bbox 3550 1368 3674 1424; x_wconf 87' lang='lat' dir='ltr'><strong>aula</strong></span> 
     </span>
    </p>
   </div>
   <div class='ocr_carea' id='block_1_42' title="bbox 2085 1459 3672 1533">
    <p class='ocr_par' dir='ltr' id='par_1_42' title="bbox 2085 1459 3672 1533">
     <span class='ocr_line' id='line_1_42' title="bbox 2085 1459 3672 1533; baseline -0.002 -16"><span class='ocrx_word' id='word_1_283' title='bbox 2085 1470 2424 1526; x_wconf 84' lang='lat' dir='ltr'><strong>versaretur,</strong></span> <span class='ocrx_word' id='word_1_284' title='bbox 2475 1459 2804 1533; x_wconf 87' lang='lat' dir='ltr'><strong>Gryllusque</strong></span> <span class='ocrx_word' id='word_1_285' title='bbox 2843 1476 2912 1516; x_wconf 93' lang='lat' dir='ltr'><strong>eo</strong></span> <span class='ocrx_word' id='word_1_286' title='bbox 2949 1461 3101 1516; x_wconf 92' lang='lat' dir='ltr'><strong>socio</strong></span> <span class='ocrx_word' id='word_1_287' title='bbox 3150 1460 3386 1516; x_wconf 87' lang='lat' dir='ltr'><strong>nefanda</strong></span> <span class='ocrx_word' id='word_1_288' title='bbox 3435 1461 3529 1517; x_wconf 90' lang='lat' dir='ltr'><strong>illa</strong></span> <span class='ocrx_word' id='word_1_289' title='bbox 3572 1473 3672 1517; x_wconf 78' lang='lat' dir='ltr'><strong>Sua</strong></span> 
     </span>
    </p>
   </div>
   <div class='ocr_carea' id='block_1_43' title="bbox 2085 1556 3675 1627">
    <p class='ocr_par' dir='ltr' id='par_1_43' title="bbox 2085 1556 3675 1627">
     <span class='ocr_line' id='line_1_43' title="bbox 2085 1556 3675 1627; baseline -0.002 -16"><span class='ocrx_word' id='word_1_290' title='bbox 2085 1566 2292 1627; x_wconf 79' lang='lat' dir='ltr'><strong>ageret,</strong></span> <span class='ocrx_word' id='word_1_291' title='bbox 2334 1573 2453 1612; x_wconf 86' lang='lat' dir='ltr'><strong>eam</strong></span> <span class='ocrx_word' id='word_1_292' title='bbox 2483 1557 2698 1612; x_wconf 89' lang='lat' dir='ltr'><strong>vocavit</strong></span> <span class='ocrx_word' id='word_1_293' title='bbox 2741 1559 2894 1612; x_wconf 91' lang='lat' dir='ltr'><strong>velut</strong></span> <span class='ocrx_word' id='word_1_294' title='bbox 2920 1556 3181 1627; x_wconf 86' lang='lat' dir='ltr'><strong>precibus</strong></span> <span class='ocrx_word' id='word_1_295' title='bbox 3208 1556 3277 1610; x_wconf 91' lang='lat' dir='ltr'><strong>ab</strong></span> <span class='ocrx_word' id='word_1_296' title='bbox 3317 1571 3384 1611; x_wconf 90' lang='lat' dir='ltr'><strong>eo</strong></span> <span class='ocrx_word' id='word_1_297' title='bbox 3423 1569 3675 1611; x_wconf 89' lang='lat' dir='ltr'><strong>commu-</strong></span> 
     </span>
    </p>
   </div>
   <div class='ocr_carea' id='block_1_44' title="bbox 2086 1646 3676 1719">
    <p class='ocr_par' dir='ltr' id='par_1_44' title="bbox 2086 1646 3676 1719">
     <span class='ocr_line' id='line_1_44' title="bbox 2086 1646 3676 1719; baseline -0.001 -17"><span class='ocrx_word' id='word_1_298' title='bbox 2086 1649 2369 1714; x_wconf 87' lang='lat' dir='ltr'><strong>niendam,</strong></span> <span class='ocrx_word' id='word_1_299' title='bbox 2428 1649 2638 1719; x_wconf 83' lang='lat' dir='ltr'><strong>ﬁngens</strong></span> <span class='ocrx_word' id='word_1_300' title='bbox 2689 1648 2913 1704; x_wconf 91' lang='lat' dir='ltr'><strong>beatum</strong></span> <span class='ocrx_word' id='word_1_301' title='bbox 2962 1649 3230 1719; x_wconf 79' lang='lat' dir='ltr'><strong>Ignatium</strong></span> <span class='ocrx_word' id='word_1_302' title='bbox 3279 1663 3421 1702; x_wconf 86' lang='lat' dir='ltr'><strong>esse.</strong></span> <span class='ocrx_word' id='word_1_303' title='bbox 3471 1646 3676 1702; x_wconf 79' lang='lat' dir='ltr'><strong>Exieus</strong></span> 
     </span>
    </p>
   </div>
   <div class='ocr_carea' id='block_1_45' title="bbox 2091 1738 3674 1812">
    <p class='ocr_par' dir='ltr' id='par_1_45' title="bbox 2091 1738 3674 1812">
     <span class='ocr_line' id='line_1_45' title="bbox 2091 1738 3674 1812; baseline -0.001 -18"><span class='ocrx_word' id='word_1_304' title='bbox 2091 1741 2276 1812; x_wconf 86' lang='lat' dir='ltr'><strong>itaque</strong></span> <span class='ocrx_word' id='word_1_305' title='bbox 2311 1741 2401 1796; x_wconf 90' lang='lat' dir='ltr'><strong>illa</strong></span> <span class='ocrx_word' id='word_1_306' title='bbox 2429 1741 2836 1798; x_wconf 86' lang='lat' dir='ltr'><strong>modestissimo</strong></span> <span class='ocrx_word' id='word_1_307' title='bbox 2870 1741 3062 1796; x_wconf 87' lang='lat' dir='ltr'><strong>habitu</strong></span> <span class='ocrx_word' id='word_1_308' title='bbox 3102 1756 3397 1810; x_wconf 85' lang='lat' dir='ltr'><strong>sensuque,</strong></span> <span class='ocrx_word' id='word_1_309' title='bbox 3430 1738 3674 1793; x_wconf 90' lang='lat' dir='ltr'><strong>humi-se</strong></span> 
     </span>
    </p>
   </div>
   <div class='ocr_carea' id='block_1_46' title="bbox 2086 1832 3674 1907">
    <p class='ocr_par' dir='ltr' id='par_1_46' title="bbox 2086 1832 3674 1907">
     <span class='ocr_line' id='line_1_46' title="bbox 2086 1832 3674 1907; baseline -0.004 -16"><span class='ocrx_word' id='word_1_310' title='bbox 2086 1836 2294 1906; x_wconf 84' lang='lat' dir='ltr'><strong>abjicit,</strong></span> <span class='ocrx_word' id='word_1_311' title='bbox 2325 1835 2482 1892; x_wconf 85' lang='lat' dir='ltr'><strong>fundi</strong></span> <span class='ocrx_word' id='word_1_312' title='bbox 2509 1837 2576 1890; x_wconf 89' lang='lat' dir='ltr'><strong>ab</strong></span> <span class='ocrx_word' id='word_1_313' title='bbox 2606 1852 2672 1892; x_wconf 90' lang='lat' dir='ltr'><strong>eo</strong></span> <span class='ocrx_word' id='word_1_314' title='bbox 2703 1852 2894 1906; x_wconf 88' lang='lat' dir='ltr'><strong>preces</strong></span> <span class='ocrx_word' id='word_1_315' title='bbox 2928 1851 3126 1907; x_wconf 82' lang='lat' dir='ltr'><strong>rogans</strong></span> <span class='ocrx_word' id='word_1_316' title='bbox 3154 1836 3442 1906; x_wconf 88' lang='lat' dir='ltr'><strong>(hactenus</strong></span> <span class='ocrx_word' id='word_1_317' title='bbox 3470 1832 3674 1903; x_wconf 83' lang='lat' dir='ltr'><strong>quippe</strong></span> 
     </span>
    </p>
   </div>
   <div class='ocr_carea' id='block_1_47' title="bbox 2085 1923 3676 1998">
    <p class='ocr_par' dir='ltr' id='par_1_47' title="bbox 2085 1923 3676 1998">
     <span class='ocr_line' id='line_1_47' title="bbox 2085 1923 3676 1998; baseline -0.003 -13"><span class='ocrx_word' id='word_1_318' title='bbox 2085 1930 2289 1985; x_wconf 85' lang='lat' dir='ltr'><strong>latebat</strong></span> <span class='ocrx_word' id='word_1_319' title='bbox 2316 1929 2546 1984; x_wconf 85' lang='lat' dir='ltr'><strong>barbam</strong></span> <span class='ocrx_word' id='word_1_320' title='bbox 2569 1927 2899 1998; x_wconf 87' lang='lat' dir='ltr'><strong>occultans),</strong></span> <span class='ocrx_word' id='word_1_321' title='bbox 2931 1944 3054 1982; x_wconf 90' lang='lat' dir='ltr'><strong>cum</strong></span> <span class='ocrx_word' id='word_1_322' title='bbox 3091 1928 3181 1983; x_wconf 90' lang='lat' dir='ltr'><strong>ille</strong></span> <span class='ocrx_word' id='word_1_323' title='bbox 3211 1926 3504 1982; x_wconf 81' lang='lat' dir='ltr'><strong>confestim</strong></span> <span class='ocrx_word' id='word_1_324' title='bbox 3532 1923 3676 1980; x_wconf 83' lang='lat' dir='ltr'><strong>exsi-</strong></span> 
     </span>
    </p>
   </div>
   <div class='ocr_carea' id='block_1_48' title="bbox 2086 2017 3677 2094">
    <p class='ocr_par' dir='ltr' id='par_1_48' title="bbox 2086 2017 3677 2094">
     <span class='ocr_line' id='line_1_48' title="bbox 2086 2017 3677 2094; baseline -0.004 -16"><span class='ocrx_word' id='word_1_325' title='bbox 2086 2023 2248 2089; x_wconf 87' lang='lat' dir='ltr'><strong>liens,</strong></span> <span class='ocrx_word' id='word_1_326' title='bbox 2279 2023 2446 2094; x_wconf 63' lang='lat'><strong>664</strong></span> <span class='ocrx_word' id='word_1_327' title='bbox 2473 2023 2676 2078; x_wconf 91' lang='lat' dir='ltr'><strong>emisso</strong></span> <span class='ocrx_word' id='word_1_328' title='bbox 2704 2020 2914 2076; x_wconf 80' lang='lat' dir='ltr'><strong>ventris</strong></span> <span class='ocrx_word' id='word_1_329' title='bbox 2939 2020 3177 2090; x_wconf 89' lang='lat' dir='ltr'><strong>crepitu,</strong></span> <span class='ocrx_word' id='word_1_330' title='bbox 3203 2019 3479 2089; x_wconf 86' lang='lat' dir='ltr'><strong>verbaque</strong></span> <span class='ocrx_word' id='word_1_331' title='bbox 3519 2017 3677 2072; x_wconf 65' lang='lat' dir='ltr'><strong>inhoo</strong></span> 
     </span>
    </p>
   </div>
   <div class='ocr_carea' id='block_1_49' title="bbox 2086 2111 3678 2186">
    <p class='ocr_par' dir='ltr' id='par_1_49' title="bbox 2086 2111 3678 2186">
     <span class='ocr_line' id='line_1_49' title="bbox 2086 2111 3678 2186; baseline -0.004 -16"><span class='ocrx_word' id='word_1_332' title='bbox 2086 2125 2242 2172; x_wconf 90' lang='lat' dir='ltr'><strong>nesta</strong></span> <span class='ocrx_word' id='word_1_333' title='bbox 2261 2116 2548 2186; x_wconf 86' lang='lat' dir='ltr'><strong>adjiciens,</strong></span> <span class='ocrx_word' id='word_1_334' title='bbox 2570 2116 2674 2169; x_wconf 87' lang='lat' dir='ltr'><strong>ait:</strong></span> <span class='ocrx_word' id='word_1_335' title='bbox 2704 2113 2831 2174; x_wconf 85' lang='lat' dir='ltr'><strong>Nos,</strong></span> <span class='ocrx_word' id='word_1_336' title='bbox 2859 2113 3096 2177; x_wconf 86' lang='lat' dir='ltr'><strong>domina,</strong></span> <span class='ocrx_word' id='word_1_337' title='bbox 3119 2113 3259 2182; x_wconf 88' lang='lat' dir='ltr'><strong>quod</strong></span> <span class='ocrx_word' id='word_1_338' title='bbox 3287 2111 3560 2176; x_wconf 77' lang='lat' dir='ltr'><strong>habemus,</strong></span> <span class='ocrx_word' id='word_1_339' title='bbox 3585 2111 3678 2164; x_wconf 73' lang='lat' dir='ltr'><strong>hoc</strong></span> 
     </span>
    </p>
   </div>
   <div class='ocr_carea' id='block_1_50' title="bbox 2088 2201 3676 2278">
    <p class='ocr_par' dir='ltr' id='par_1_50' title="bbox 2088 2201 3676 2278">
     <span class='ocr_line' id='line_1_50' title="bbox 2088 2201 3676 2278; baseline -0.005 -17"><span class='ocrx_word' id='word_1_340' title='bbox 2088 2208 2430 2278; x_wconf 75' lang='lat' dir='ltr'><strong>prazbemus;</strong></span> <span class='ocrx_word' id='word_1_341' title='bbox 2477 2214 2762 2276; x_wconf 87' lang='lat' dir='ltr'><strong>totumque</strong></span> <span class='ocrx_word' id='word_1_342' title='bbox 2807 2204 3002 2260; x_wconf 77' lang='lat' dir='ltr'><strong>foetore</strong></span> <span class='ocrx_word' id='word_1_343' title='bbox 3049 2205 3366 2259; x_wconf 89' lang='lat' dir='ltr'><strong>cubiculum</strong></span> <span class='ocrx_word' id='word_1_344' title='bbox 3408 2201 3676 2273; x_wconf 86' lang='lat' dir='ltr'><strong>implevit.</strong></span> 
     </span>
    </p>
   </div>
   <div class='ocr_carea' id='block_1_51' title="bbox 2088 2296 3680 2370">
    <p class='ocr_par' dir='ltr' id='par_1_51' title="bbox 2088 2296 3680 2370">
     <span class='ocr_line' id='line_1_51' title="bbox 2088 2296 3680 2370; baseline -0.003 -15"><span class='ocrx_word' id='word_1_345' title='bbox 2088 2302 2159 2355; x_wconf 88' lang='lat' dir='ltr'><strong>At</strong></span> <span class='ocrx_word' id='word_1_346' title='bbox 2193 2301 2307 2364; x_wconf 88' lang='lat' dir='ltr'><strong>illa,</strong></span> <span class='ocrx_word' id='word_1_347' title='bbox 2329 2299 2478 2370; x_wconf 89' lang='lat' dir='ltr'><strong>quod</strong></span> <span class='ocrx_word' id='word_1_348' title='bbox 2509 2299 2757 2354; x_wconf 90' lang='lat' dir='ltr'><strong>futurum</strong></span> <span class='ocrx_word' id='word_1_349' title='bbox 2781 2309 2901 2356; x_wconf 90' lang='lat' dir='ltr'><strong>erat</strong></span> <span class='ocrx_word' id='word_1_350' title='bbox 2927 2299 3246 2364; x_wconf 85' lang='lat' dir='ltr'><strong>vaticinata,</strong></span> <span class='ocrx_word' id='word_1_351' title='bbox 3271 2313 3298 2352; x_wconf 89' lang='lat' dir='ltr'><strong>a</strong></span> <span class='ocrx_word' id='word_1_352' title='bbox 3329 2296 3517 2366; x_wconf 84' lang='lat' dir='ltr'><strong>divina</strong></span> <span class='ocrx_word' id='word_1_353' title='bbox 3547 2311 3680 2365; x_wconf 88' lang='lat' dir='ltr'><strong>pro-</strong></span> 
     </span>
    </p>
   </div>
   <div class='ocr_carea' id='block_1_52' title="bbox 2087 2390 3571 2464">
    <p class='ocr_par' dir='ltr' id='par_1_52' title="bbox 2087 2390 3571 2464">
     <span class='ocr_line' id='line_1_52' title="bbox 2087 2390 3571 2464; baseline -0.003 -16"><span class='ocrx_word' id='word_1_354' title='bbox 2087 2394 2332 2449; x_wconf 83' lang='lat' dir='ltr'><strong>videntia</strong></span> <span class='ocrx_word' id='word_1_355' title='bbox 2367 2409 2644 2464; x_wconf 85' lang='lat' dir='ltr'><strong>manuque</strong></span> <span class='ocrx_word' id='word_1_356' title='bbox 2679 2403 3001 2448; x_wconf 79' lang='lat' dir='ltr'><strong>extraneum</strong></span> <span class='ocrx_word' id='word_1_357' title='bbox 3027 2393 3144 2447; x_wconf 84' lang='lat' dir='ltr'><strong>fore</strong></span> <span class='ocrx_word' id='word_1_358' title='bbox 3173 2390 3571 2462; x_wconf 80' lang='lat' dir='ltr'><strong>pronuntiavit.</strong></span> 
     </span>
    </p>
   </div>
   <div class='ocr_carea' id='block_1_53' title="bbox 2159 2481 3702 2553">
    <p class='ocr_par' dir='ltr' id='par_1_53' title="bbox 2159 2481 3702 2553">
     <span class='ocr_line' id='line_1_53' title="bbox 2159 2481 3702 2553; baseline -0.003 -13"><span class='ocrx_word' id='word_1_359' title='bbox 2159 2487 2252 2540; x_wconf 71' lang='grc'><strong>21.</strong></span> <span class='ocrx_word' id='word_1_360' title='bbox 2303 2486 2498 2541; x_wconf 84' lang='lat' dir='ltr'><strong>Adhuc</strong></span> <span class='ocrx_word' id='word_1_361' title='bbox 2549 2485 2844 2543; x_wconf 87' lang='lat' dir='ltr'><strong>Theodora</strong></span> <span class='ocrx_word' id='word_1_362' title='bbox 2898 2500 3084 2540; x_wconf 90' lang='lat' dir='ltr'><strong>rerum</strong></span> <span class='ocrx_word' id='word_1_363' title='bbox 3141 2483 3411 2553; x_wconf 87' lang='lat' dir='ltr'><strong>potiente,</strong></span> <span class='ocrx_word' id='word_1_364' title='bbox 3457 2481 3702 2552; x_wconf 25' lang='lat' dir='ltr'><strong>Bogaris.</strong></span> 
     </span>
    </p>
   </div>
   <div class='ocr_carea' id='block_1_54' title="bbox 2095 2562 3688 2646">
    <p class='ocr_par' dir='ltr' id='par_1_54' title="bbox 2095 2562 3688 2646">
     <span class='ocr_line' id='line_1_54' title="bbox 2095 2562 3688 2646; baseline -0.001 -17"><span class='ocrx_word' id='word_1_365' title='bbox 2095 2575 2455 2646; x_wconf 80' lang='lat' dir='ltr'><strong>Bulgarorum</strong></span> <span class='ocrx_word' id='word_1_366' title='bbox 2478 2562 2610 2637; x_wconf 79' lang='lat' dir='ltr'><strong>dux,</strong></span> <span class='ocrx_word' id='word_1_367' title='bbox 2631 2576 2923 2632; x_wconf 89' lang='lat' dir='ltr'><strong>mulierem</strong></span> <span class='ocrx_word' id='word_1_368' title='bbox 2943 2574 3176 2630; x_wconf 88' lang='lat' dir='ltr'><strong>audiens</strong></span> <span class='ocrx_word' id='word_1_369' title='bbox 3195 2572 3417 2644; x_wconf 91' lang='lat' dir='ltr'><strong>imperii</strong></span> <span class='ocrx_word' id='word_1_370' title='bbox 3446 2571 3688 2629; x_wconf 84' lang='lat' dir='ltr'><strong>Romani</strong></span> 
     </span>
    </p>
   </div>
   <div class='ocr_carea' id='block_1_55' title="bbox 2091 2665 3688 2734">
    <p class='ocr_par' dir='ltr' id='par_1_55' title="bbox 2091 2665 3688 2734">
     <span class='ocr_line' id='line_1_55' title="bbox 2091 2665 3688 2734; baseline -0.001 -13"><span class='ocrx_word' id='word_1_371' title='bbox 2091 2667 2305 2721; x_wconf 90' lang='lat' dir='ltr'><strong>clavum</strong></span> <span class='ocrx_word' id='word_1_372' title='bbox 2337 2676 2545 2729; x_wconf 87' lang='lat' dir='ltr'><strong>tenere,</strong></span> <span class='ocrx_word' id='word_1_373' title='bbox 2564 2669 2778 2724; x_wconf 89' lang='lat' dir='ltr'><strong>nuntiis</strong></span> <span class='ocrx_word' id='word_1_374' title='bbox 2806 2667 2870 2722; x_wconf 88' lang='lat' dir='ltr'><strong>ad</strong></span> <span class='ocrx_word' id='word_1_375' title='bbox 2898 2683 3016 2722; x_wconf 89' lang='lat' dir='ltr'><strong>eam</strong></span> <span class='ocrx_word' id='word_1_376' title='bbox 3049 2667 3235 2722; x_wconf 90' lang='lat' dir='ltr'><strong>missis</strong></span> <span class='ocrx_word' id='word_1_377' title='bbox 3257 2665 3569 2730; x_wconf 89' lang='lat' dir='ltr'><strong>denuntiat,</strong></span> <span class='ocrx_word' id='word_1_378' title='bbox 3590 2681 3688 2734; x_wconf 89' lang='lat' dir='ltr'><strong>pa-</strong></span> 
     </span>
    </p>
   </div>
   <div class='ocr_carea' id='block_1_56' title="bbox 2092 2757 3686 2828">
    <p class='ocr_par' dir='ltr' id='par_1_56' title="bbox 2092 2757 3686 2828">
     <span class='ocr_line' id='line_1_56' title="bbox 2092 2757 3686 2828; baseline 0.001 -17"><span class='ocrx_word' id='word_1_379' title='bbox 2092 2759 2173 2812; x_wconf 87' lang='lat' dir='ltr'><strong>cis</strong></span> <span class='ocrx_word' id='word_1_380' title='bbox 2210 2767 2373 2828; x_wconf 91' lang='lat' dir='ltr'><strong>rupto</strong></span> <span class='ocrx_word' id='word_1_381' title='bbox 2403 2760 2628 2821; x_wconf 69' lang='lat' dir='ltr'><strong>fmdere.</strong></span> <span class='ocrx_word' id='word_1_382' title='bbox 2658 2761 2831 2815; x_wconf 86' lang='lat' dir='ltr'><strong>aciem</strong></span> <span class='ocrx_word' id='word_1_383' title='bbox 2865 2776 2922 2816; x_wconf 89' lang='lat' dir='ltr'><strong>se</strong></span> <span class='ocrx_word' id='word_1_384' title='bbox 2949 2760 3216 2814; x_wconf 86' lang='lat' dir='ltr'><strong>adversus</strong></span> <span class='ocrx_word' id='word_1_385' title='bbox 3249 2758 3526 2813; x_wconf 87' lang='lat' dir='ltr'><strong>Romanos</strong></span> <span class='ocrx_word' id='word_1_386' title='bbox 3548 2757 3686 2812; x_wconf 89' lang='lat' dir='ltr'><strong>edu-</strong></span> 
     </span>
    </p>
   </div>
   <div class='ocr_carea' id='block_1_57' title="bbox 2093 2849 3686 2922">
    <p class='ocr_par' dir='ltr' id='par_1_57' title="bbox 2093 2849 3686 2922">
     <span class='ocr_line' id='line_1_57' title="bbox 2093 2849 3686 2922; baseline -0.004 -15"><span class='ocrx_word' id='word_1_387' title='bbox 2093 2861 2332 2907; x_wconf 87' lang='lat' dir='ltr'><strong>cturum.</strong></span> <span class='ocrx_word' id='word_1_388' title='bbox 2363 2852 2463 2908; x_wconf 88' lang='lat' dir='ltr'><strong>Cui</strong></span> <span class='ocrx_word' id='word_1_389' title='bbox 2497 2853 2607 2918; x_wconf 88' lang='lat' dir='ltr'><strong>illa,</strong></span> <span class='ocrx_word' id='word_1_390' title='bbox 2636 2853 2876 2918; x_wconf 82' lang='lat' dir='ltr'><strong>Noveris,</strong></span> <span class='ocrx_word' id='word_1_391' title='bbox 2913 2851 3115 2921; x_wconf 87' lang='lat' dir='ltr'><strong>inquit,</strong></span> <span class='ocrx_word' id='word_1_392' title='bbox 3152 2867 3234 2904; x_wconf 90' lang='lat' dir='ltr'><strong>me</strong></span> <span class='ocrx_word' id='word_1_393' title='bbox 3280 2866 3485 2922; x_wconf 79' lang='lat' dir='ltr'><strong>quoque</strong></span> <span class='ocrx_word' id='word_1_394' title='bbox 3522 2849 3686 2918; x_wconf 71' lang='lat' dir='ltr'><strong>justi:</strong></span> 
     </span>
    </p>
   </div>
   <div class='ocr_carea' id='block_1_58' title="bbox 2094 2944 3687 3016">
    <p class='ocr_par' dir='ltr' id='par_1_58' title="bbox 2094 2944 3687 3016">
     <span class='ocr_line' id='line_1_58' title="bbox 2094 2944 3687 3016; baseline -0.004 -16"><span class='ocrx_word' id='word_1_395' title='bbox 2094 2946 2254 3016; x_wconf 78' lang='lat' dir='ltr'><strong>copiis</strong></span> <span class='ocrx_word' id='word_1_396' title='bbox 2301 2947 2526 3001; x_wconf 78' lang='lat' dir='ltr'><strong>vicissim</strong></span> <span class='ocrx_word' id='word_1_397' title='bbox 2564 2948 2900 3010; x_wconf 81' lang='lat' dir='ltr'><strong>educturum,</strong></span> <span class='ocrx_word' id='word_1_398' title='bbox 2941 2945 3156 3016; x_wconf 79' lang='lat' dir='ltr'><strong>fereque</strong></span> <span class='ocrx_word' id='word_1_399' title='bbox 3198 2959 3478 3014; x_wconf 77' lang='lat' dir='ltr'><strong>speramus</strong></span> <span class='ocrx_word' id='word_1_400' title='bbox 3510 2950 3564 2994; x_wconf 89' lang='lat' dir='ltr'><strong>ut</strong></span> <span class='ocrx_word' id='word_1_401' title='bbox 3609 2944 3687 2995; x_wconf 83' lang='lat' dir='ltr'><strong>tui</strong></span> 
     </span>
    </p>
   </div>
   <div class='ocr_carea' id='block_1_59' title="bbox 2096 3033 3688 3110">
    <p class='ocr_par' dir='ltr' id='par_1_59' title="bbox 2096 3033 3688 3110">
     <span class='ocr_line' id='line_1_59' title="bbox 2096 3033 3688 3110; baseline -0.004 -18"><span class='ocrx_word' id='word_1_402' title='bbox 2096 3041 2412 3110; x_wconf 85' lang='lat' dir='ltr'><strong>patiamur:</strong></span> <span class='ocrx_word' id='word_1_403' title='bbox 2459 3040 2542 3093; x_wconf 84' lang='lat' dir='ltr'><strong>sin</strong></span> <span class='ocrx_word' id='word_1_404' title='bbox 2591 3040 2786 3100; x_wconf 72' lang='lat' dir='ltr'><strong>minus,</strong></span> <span class='ocrx_word' id='word_1_405' title='bbox 2835 3039 2908 3092; x_wconf 76' lang='lat' dir='ltr'><strong>sic</strong></span> <span class='ocrx_word' id='word_1_406' title='bbox 2938 3053 3143 3108; x_wconf 85' lang='lat' dir='ltr'><strong>quoque</strong></span> <span class='ocrx_word' id='word_1_407' title='bbox 3177 3036 3254 3089; x_wconf 89' lang='lat' dir='ltr'><strong>tui</strong></span> <span class='ocrx_word' id='word_1_408' title='bbox 3297 3037 3492 3106; x_wconf 84' lang='lat' dir='ltr'><strong>potiar,</strong></span> <span class='ocrx_word' id='word_1_409' title='bbox 3542 3033 3688 3088; x_wconf 88' lang='lat' dir='ltr'><strong>clare</strong></span> 
     </span>
    </p>
   </div>
   <div class='ocr_carea' id='block_1_60' title="bbox 404 3123 1990 3232">
    <p class='ocr_par' dir='ltr' id='par_1_60' title="bbox 404 3123 1990 3232">
     <span class='ocr_line' id='line_1_60' title="bbox 404 3123 1990 3232; baseline 0.022 -59"><span class='ocrx_word' id='word_1_410' title='bbox 404 3123 771 3232; x_wconf 63' lang='grc' dir='ltr'>περιέσομαι,</span> <span class='ocrx_word' id='word_1_411' title='bbox 801 3129 918 3198; x_wconf 78' lang='grc' dir='ltr'><strong>τὴν</strong></span> <span class='ocrx_word' id='word_1_412' title='bbox 947 3133 1128 3202; x_wconf 74' lang='grc' dir='ltr'>νίκην</span> <span class='ocrx_word' id='word_1_413' title='bbox 1156 3137 1452 3206; x_wconf 78' lang='grc' dir='ltr'>ἀρίδηλον</span> <span class='ocrx_word' id='word_1_414' title='bbox 1479 3143 1711 3212; x_wconf 79' lang='grc' dir='ltr'>ἔχουσα</span> <span class='ocrx_word' id='word_1_415' title='bbox 1732 3165 1746 3182; x_wconf 80' lang='grc' dir='ltr'><strong>ο</strong></span> <span class='ocrx_word' id='word_1_416' title='bbox 1789 3152 1990 3219; x_wconf 72' lang='grc' dir='ltr'><strong>γυναῖ-</strong></span> 
     </span>
    </p>
   </div>
   <div class='ocr_carea' id='block_1_61' title="bbox 2094 3123 3688 3232">
    <p class='ocr_par' dir='ltr' id='par_1_61' title="bbox 2098 3127 3688 3201">
     <span class='ocr_line' id='line_1_61' title="bbox 2098 3127 3688 3201; baseline -0.003 -16"><span class='ocrx_word' id='word_1_417' title='bbox 2098 3133 2227 3185; x_wconf 85' lang='lat' dir='ltr'><strong>mi/u&#39;</strong></span> <span class='ocrx_word' id='word_1_418' title='bbox 2275 3140 2549 3185; x_wconf 78' lang='lat' dir='ltr'><strong>constante</strong></span> <span class='ocrx_word' id='word_1_419' title='bbox 2593 3132 2832 3195; x_wconf 80' lang='lat' dir='ltr'><strong>victoria,</strong></span> <span class='ocrx_word' id='word_1_420' title='bbox 2862 3129 3002 3201; x_wconf 85' lang='lat' dir='ltr'><strong>quod</strong></span> <span class='ocrx_word' id='word_1_421' title='bbox 3055 3127 3353 3192; x_wconf 73' lang='lat' dir='ltr'><strong>mulierem,</strong></span> <span class='ocrx_word' id='word_1_422' title='bbox 3401 3143 3504 3180; x_wconf 83' lang='lat' dir='ltr'><strong>non</strong></span> <span class='ocrx_word' id='word_1_423' title='bbox 3547 3135 3688 3180; x_wconf 79' lang='lat' dir='ltr'><strong>certe</strong></span> 
     </span>
    </p>
   </div>
   <div class='ocr_carea' id='block_1_62' title="bbox 405 3217 1986 3307">
    <p class='ocr_par' dir='ltr' id='par_1_62' title="bbox 405 3217 1986 3307">
     <span class='ocr_line' id='line_1_62' title="bbox 405 3217 1986 3307; baseline 0.022 -40"><span class='ocrx_word' id='word_1_424' title='bbox 405 3231 480 3268; x_wconf 79' lang='grc' dir='ltr'><strong>κα</strong></span> <span class='ocrx_word' id='word_1_425' title='bbox 508 3217 642 3287; x_wconf 80' lang='grc' dir='ltr'><strong>γὰρ,</strong></span> <span class='ocrx_word' id='word_1_426' title='bbox 669 3221 809 3276; x_wconf 77' lang='grc' dir='ltr'>ἀλλ’</span> <span class='ocrx_word' id='word_1_427' title='bbox 835 3227 946 3278; x_wconf 80' lang='grc' dir='ltr'>οὐκ</span> <span class='ocrx_word' id='word_1_428' title='bbox 977 3227 1168 3298; x_wconf 79' lang='grc' dir='ltr'>ἄνδρα</span> <span class='ocrx_word' id='word_1_429' title='bbox 1197 3232 1360 3301; x_wconf 81' lang='grc' dir='ltr'>ἔχεις</span> <span class='ocrx_word' id='word_1_430' title='bbox 1383 3237 1490 3290; x_wconf 78' lang='grc' dir='ltr'><strong>τὸν</strong></span> <span class='ocrx_word' id='word_1_431' title='bbox 1513 3217 1844 3307; x_wconf 64' lang='grc' dir='ltr'>ἡττηθέντα</span> <span class='ocrx_word' id='word_1_432' title='bbox 1869 3261 1986 3300; x_wconf 88' lang='grc' dir='ltr'>σοι.</span> 
     </span>
    </p>
   </div>
   <div class='ocr_carea' id='block_1_63' title="bbox 405 3311 1993 3404">
    <p class='ocr_par' dir='ltr' id='par_1_63' title="bbox 405 3311 1993 3404">
     <span class='ocr_line' id='line_1_63' title="bbox 405 3311 1993 3404; baseline 0.021 -43"><span class='ocrx_word' id='word_1_433' title='bbox 405 3311 502 3365; x_wconf 77' lang='grc' dir='ltr'>Διά</span> <span class='ocrx_word' id='word_1_434' title='bbox 549 3313 709 3368; x_wconf 79' lang='grc' dir='ltr'>τοῦτο</span> <span class='ocrx_word' id='word_1_435' title='bbox 741 3317 840 3387; x_wconf 80' lang='grc' dir='ltr'>μὲν</span> <span class='ocrx_word' id='word_1_436' title='bbox 869 3316 962 3373; x_wconf 81' lang='grc' dir='ltr'>οὖν</span> <span class='ocrx_word' id='word_1_437' title='bbox 997 3325 1092 3376; x_wconf 81' lang='grc' dir='ltr'>καὶ</span> <span class='ocrx_word' id='word_1_438' title='bbox 1125 3326 1210 3394; x_wconf 79' lang='grc' dir='ltr'>ἐφ’</span> <span class='ocrx_word' id='word_1_439' title='bbox 1262 3330 1494 3403; x_wconf 81' lang='grc' dir='ltr'>ἡσυχίας</span> <span class='ocrx_word' id='word_1_440' title='bbox 1523 3331 1706 3403; x_wconf 82' lang='grc' dir='ltr'>ἔμεινε</span> <span class='ocrx_word' id='word_1_441' title='bbox 1742 3339 1836 3392; x_wconf 81' lang='grc' dir='ltr'><strong>καὶ</strong></span> <span class='ocrx_word' id='word_1_442' title='bbox 1892 3340 1993 3404; x_wconf 82' lang='grc' dir='ltr'><strong>τὰς</strong></span> 
     </span>
    </p>
   </div>
   <div class='ocr_carea' id='block_1_64' title="bbox 405 3404 1366 3486">
    <p class='ocr_par' dir='ltr' id='par_1_64' title="bbox 405 3404 1366 3486">
     <span class='ocr_line' id='line_1_64' title="bbox 405 3404 1366 3486; baseline 0.022 -31"><span class='ocrx_word' id='word_1_443' title='bbox 405 3404 503 3474; x_wconf 77' lang='grc' dir='ltr'><strong>τῆς</strong></span> <span class='ocrx_word' id='word_1_444' title='bbox 531 3407 757 3482; x_wconf 81' lang='grc' dir='ltr'>ἀγάπης</span> <span class='ocrx_word' id='word_1_445' title='bbox 786 3411 1088 3469; x_wconf 83' lang='grc' dir='ltr'>ἀνενέωσεν</span> <span class='ocrx_word' id='word_1_446' title='bbox 1113 3421 1366 3486; x_wconf 81' lang='grc' dir='ltr'>σπονδάς.</span> 
     </span>
    </p>
   </div>
   <div class='ocr_carea' id='block_1_65' title="bbox 473 3496 1991 3598">
    <p class='ocr_par' dir='ltr' id='par_1_65' title="bbox 473 3496 1991 3598">
     <span class='ocr_line' id='line_1_65' title="bbox 473 3496 1991 3598; baseline 0.021 -48"><span class='ocrx_word' id='word_1_447' title='bbox 473 3496 580 3569; x_wconf 80' lang='grc' dir='ltr'>κβ’.</span> <span class='ocrx_word' id='word_1_448' title='bbox 618 3502 857 3574; x_wconf 80' lang='grc' dir='ltr'>Ζὴτησιν</span> <span class='ocrx_word' id='word_1_449' title='bbox 887 3507 978 3560; x_wconf 76' lang='grc' dir='ltr'>οὖν</span> <span class='ocrx_word' id='word_1_450' title='bbox 1010 3511 1148 3582; x_wconf 68' lang='grc' dir='ltr'>αὐτὴ</span> <span class='ocrx_word' id='word_1_451' title='bbox 1181 3517 1415 3570; x_wconf 87' lang='grc' dir='ltr'>ποιεῖται</span> <span class='ocrx_word' id='word_1_452' title='bbox 1449 3519 1577 3591; x_wconf 67' lang='grc' dir='ltr'>περὶ</span> <span class='ocrx_word' id='word_1_453' title='bbox 1626 3523 1719 3577; x_wconf 80' lang='grc' dir='ltr'>τοῦ</span> <span class='ocrx_word' id='word_1_454' title='bbox 1753 3528 1991 3598; x_wconf 80' lang='grc' dir='ltr'>μοναχοῦ</span> 
     </span>
    </p>
   </div>
   <div class='ocr_carea' id='block_1_66' title="bbox 405 3590 1994 3684">
    <p class='ocr_par' dir='ltr' id='par_1_66' title="bbox 405 3590 1994 3684">
     <span class='ocr_line' id='line_1_66' title="bbox 405 3590 1994 3684; baseline 0.021 -43"><span class='ocrx_word' id='word_1_455' title='bbox 405 3590 684 3662; x_wconf 77' lang='grc' dir='ltr'>Θεοδώρου</span> <span class='ocrx_word' id='word_1_456' title='bbox 714 3596 809 3684; x_wconf 81' lang='grc' dir='ltr'>τοῦ</span> <span class='ocrx_word' id='word_1_457' title='bbox 845 3600 1132 3672; x_wconf 67' lang='grc' dir='ltr'>Κουφαρᾶ,</span> <span class='ocrx_word' id='word_1_458' title='bbox 1163 3605 1270 3676; x_wconf 78' lang='grc' dir='ltr'><strong>πρὸ</strong></span> <span class='ocrx_word' id='word_1_459' title='bbox 1298 3609 1494 3664; x_wconf 81' lang='grc' dir='ltr'>πολλοῦ</span> <span class='ocrx_word' id='word_1_460' title='bbox 1527 3590 1994 3684; x_wconf 80' lang='grc' dir='ltr'>αἰχμαλωτισθέν-</span> 
     </span>
    </p>
   </div>
   <div class='ocr_carea' id='block_1_67' title="bbox 408 3683 1996 3784">
    <p class='ocr_par' dir='ltr' id='par_1_67' title="bbox 408 3683 1996 3784">
     <span class='ocr_line' id='line_1_67' title="bbox 408 3683 1996 3784; baseline 0.021 -51"><span class='ocrx_word' id='word_1_461' title='bbox 408 3699 516 3784; x_wconf 77' lang='grc' dir='ltr'>τος.</span> <span class='ocrx_word' id='word_1_462' title='bbox 555 3686 672 3784; x_wconf 48' lang='lat' dir='ltr'><strong>Kal.</strong></span> <span class='ocrx_word' id='word_1_463' title='bbox 695 3683 850 3753; x_wconf 81' lang='grc' dir='ltr'>οὗτος</span> <span class='ocrx_word' id='word_1_464' title='bbox 898 3691 954 3746; x_wconf 83' lang='grc' dir='ltr'>δὲ</span> <span class='ocrx_word' id='word_1_465' title='bbox 997 3693 1254 3769; x_wconf 75' lang='grc' dir='ltr'>ἀφορμήν</span> <span class='ocrx_word' id='word_1_466' title='bbox 1292 3701 1357 3754; x_wconf 88' lang='grc' dir='ltr'><strong>ἐκ</strong></span> <span class='ocrx_word' id='word_1_467' title='bbox 1417 3703 1609 3758; x_wconf 77' lang='grc' dir='ltr'>τούτου</span> <span class='ocrx_word' id='word_1_468' title='bbox 1630 3683 1824 3762; x_wconf 76' lang='grc' dir='ltr'>λαϐὼν</span> <span class='ocrx_word' id='word_1_469' title='bbox 1863 3715 1996 3784; x_wconf 76' lang='grc' dir='ltr'>περὶ</span> 
     </span>
    </p>
   </div>
   <div class='ocr_carea' id='block_1_68' title="bbox 411 3779 1994 3874">
    <p class='ocr_par' dir='ltr' id='par_1_68' title="bbox 411 3779 1994 3874">
     <span class='ocr_line' id='line_1_68' title="bbox 411 3779 1994 3874; baseline 0.02 -46"><span class='ocrx_word' id='word_1_470' title='bbox 411 3779 502 3874; x_wconf 67' lang='grc' dir='ltr'>τῆς</span> <span class='ocrx_word' id='word_1_471' title='bbox 529 3781 739 3874; x_wconf 77' lang='grc' dir='ltr'>οἰκείας</span> <span class='ocrx_word' id='word_1_472' title='bbox 767 3783 1003 3859; x_wconf 78' lang='grc' dir='ltr'>ἀδελφῆς</span> <span class='ocrx_word' id='word_1_473' title='bbox 1031 3792 1566 3868; x_wconf 80' lang='grc' dir='ltr'>αἰχμαλωτισθείσης</span> <span class='ocrx_word' id='word_1_474' title='bbox 1595 3802 1691 3855; x_wconf 80' lang='grc' dir='ltr'>καὶ</span> <span class='ocrx_word' id='word_1_475' title='bbox 1720 3805 1778 3856; x_wconf 88' lang='grc' dir='ltr'><strong>ἐν</strong></span> <span class='ocrx_word' id='word_1_476' title='bbox 1809 3807 1872 3874; x_wconf 83' lang='grc' dir='ltr'>τῇ</span> <span class='ocrx_word' id='word_1_477' title='bbox 1899 3779 1994 3859; x_wconf 78' lang='grc' dir='ltr'><strong>τοῦ</strong></span> 
     </span>
    </p>
   </div>
   <div class='ocr_carea' id='block_1_69' title="bbox 422 3868 1996 3966">
    <p class='ocr_par' dir='ltr' id='par_1_69' title="bbox 422 3868 1996 3966">
     <span class='ocr_line' id='line_1_69' title="bbox 422 3868 1996 3966; baseline 0.021 -46"><span class='ocrx_word' id='word_1_478' title='bbox 422 3868 674 3937; x_wconf 69' lang='grc' dir='ltr'>βασιλέως</span> <span class='ocrx_word' id='word_1_479' title='bbox 713 3877 851 3947; x_wconf 80' lang='grc' dir='ltr'>αὐλῇ</span> <span class='ocrx_word' id='word_1_480' title='bbox 889 3883 1261 3954; x_wconf 83' lang='grc' dir='ltr'>κατεχομένης</span> <span class='ocrx_word' id='word_1_481' title='bbox 1291 3886 1482 3958; x_wconf 86' lang='grc' dir='ltr'>δηλοῖ·</span> <span class='ocrx_word' id='word_1_482' title='bbox 1525 3891 1646 3959; x_wconf 73' lang='grc' dir='ltr'>ἣτις</span> <span class='ocrx_word' id='word_1_483' title='bbox 1688 3897 1781 3948; x_wconf 75' lang='grc' dir='ltr'>καὶ</span> <span class='ocrx_word' id='word_1_484' title='bbox 1811 3868 1996 3966; x_wconf 73' lang='grc' dir='ltr'>γράμ-</span> 
     </span>
    </p>
   </div>
   <div class='ocr_carea' id='block_1_70' title="bbox 431 3965 1997 4052">
    <p class='ocr_par' dir='ltr' id='par_1_70' title="bbox 431 3965 1997 4052">
     <span class='ocr_line' id='line_1_70' title="bbox 431 3965 1997 4052; baseline 0.021 -42"><span class='ocrx_word' id='word_1_485' title='bbox 431 3977 564 4028; x_wconf 81' lang='grc' dir='ltr'>ματα</span> <span class='ocrx_word' id='word_1_486' title='bbox 593 3965 842 4036; x_wconf 79' lang='grc' dir='ltr'>μαθοῦσα</span> <span class='ocrx_word' id='word_1_487' title='bbox 874 3973 967 4024; x_wconf 73' lang='grc' dir='ltr'>καὶ</span> <span class='ocrx_word' id='word_1_488' title='bbox 1015 3973 1113 4044; x_wconf 84' lang='grc' dir='ltr'>τὴν</span> <span class='ocrx_word' id='word_1_489' title='bbox 1140 3974 1248 4030; x_wconf 84' lang='grc' dir='ltr'><strong>τῶν</strong></span> <span class='ocrx_word' id='word_1_490' title='bbox 1305 3979 1649 4049; x_wconf 84' lang='grc' dir='ltr'>Χριστιανῶν</span> <span class='ocrx_word' id='word_1_491' title='bbox 1709 3987 1860 4052; x_wconf 79' lang='grc' dir='ltr'>τάξιν</span> <span class='ocrx_word' id='word_1_492' title='bbox 1903 3965 1997 4043; x_wconf 72' lang='grc' dir='ltr'>καὶ</span> 
     </span>
    </p>
   </div>
   <div class='ocr_carea' id='block_1_71' title="bbox 421 4052 1996 4148">
    <p class='ocr_par' dir='ltr' id='par_1_71' title="bbox 421 4052 1996 4148">
     <span class='ocr_line' id='line_1_71' title="bbox 421 4052 1996 4148; baseline 0.022 -46"><span class='ocrx_word' id='word_1_493' title='bbox 421 4052 514 4148; x_wconf 63' lang='grc' dir='ltr'><strong>την</strong></span> <span class='ocrx_word' id='word_1_494' title='bbox 538 4059 664 4130; x_wconf 67' lang='grc' dir='ltr'>περὶ</span> <span class='ocrx_word' id='word_1_495' title='bbox 690 4059 751 4114; x_wconf 81' lang='grc' dir='ltr'>τὸ</span> <span class='ocrx_word' id='word_1_496' title='bbox 768 4061 921 4117; x_wconf 86' lang='grc' dir='ltr'>Θεῖον</span> <span class='ocrx_word' id='word_1_497' title='bbox 953 4065 1086 4119; x_wconf 88' lang='grc' dir='ltr'>αἰδὼ</span> <span class='ocrx_word' id='word_1_498' title='bbox 1121 4070 1214 4122; x_wconf 73' lang='grc' dir='ltr'>καὶ</span> <span class='ocrx_word' id='word_1_499' title='bbox 1244 4070 1425 4140; x_wconf 81' lang='grc' dir='ltr'>δόξαν,</span> <span class='ocrx_word' id='word_1_500' title='bbox 1450 4074 1574 4127; x_wconf 75' lang='grc' dir='ltr'>ἐπεὶ</span> <span class='ocrx_word' id='word_1_501' title='bbox 1597 4077 1700 4148; x_wconf 81' lang='grc' dir='ltr'>τῆς</span> <span class='ocrx_word' id='word_1_502' title='bbox 1735 4081 1996 4135; x_wconf 81' lang='grc' dir='ltr'>ἐπανόδου</span> 
     </span>
    </p>
   </div>
   <div class='ocr_carea' id='block_1_72' title="bbox 413 4146 1999 4234">
    <p class='ocr_par' dir='ltr' id='par_1_72' title="bbox 413 4146 1999 4234">
     <span class='ocr_line' id='line_1_72' title="bbox 413 4146 1999 4234; baseline 0.021 -37"><span class='ocrx_word' id='word_1_503' title='bbox 413 4146 508 4215; x_wconf 70' lang='grc' dir='ltr'>τῆς</span> <span class='ocrx_word' id='word_1_504' title='bbox 543 4150 679 4221; x_wconf 80' lang='grc' dir='ltr'>πρὸς</span> <span class='ocrx_word' id='word_1_505' title='bbox 703 4153 796 4207; x_wconf 80' lang='grc' dir='ltr'>τὸν</span> <span class='ocrx_word' id='word_1_506' title='bbox 827 4156 1056 4228; x_wconf 55' lang='grc' dir='ltr'>άδελςὸν</span> <span class='ocrx_word' id='word_1_507' title='bbox 1086 4161 1408 4234; x_wconf 74' lang='grc' dir='ltr'>τετύχηκεν,</span> <span class='ocrx_word' id='word_1_508' title='bbox 1432 4167 1492 4219; x_wconf 80' lang='grc' dir='ltr'>οὐ</span> <span class='ocrx_word' id='word_1_509' title='bbox 1520 4146 1759 4224; x_wconf 80' lang='grc' dir='ltr'>διέλιπεν</span> <span class='ocrx_word' id='word_1_510' title='bbox 1784 4175 1999 4230; x_wconf 80' lang='grc' dir='ltr'>ἐκθειά-</span> 
     </span>
    </p>
   </div>
   <div class='ocr_carea' id='block_1_73' title="bbox 414 4239 1997 4340">
    <p class='ocr_par' dir='ltr' id='par_1_73' title="bbox 414 4239 1997 4340">
     <span class='ocr_line' id='line_1_73' title="bbox 414 4239 1997 4340; baseline 0.019 -48"><span class='ocrx_word' id='word_1_511' title='bbox 414 4239 578 4340; x_wconf 70' lang='grc' dir='ltr'>ζουσα</span> <span class='ocrx_word' id='word_1_512' title='bbox 613 4246 709 4299; x_wconf 72' lang='grc' dir='ltr'>καὶ</span> <span class='ocrx_word' id='word_1_513' title='bbox 739 4251 1136 4320; x_wconf 73' lang='grc' dir='ltr'>παρακαλοῦσα</span> <span class='ocrx_word' id='word_1_514' title='bbox 1175 4258 1507 4326; x_wconf 84' lang='grc' dir='ltr'>μεταθέσθαι</span> <span class='ocrx_word' id='word_1_515' title='bbox 1543 4263 1679 4332; x_wconf 65' lang='grc' dir='ltr'>πρὸς</span> <span class='ocrx_word' id='word_1_516' title='bbox 1701 4266 1799 4336; x_wconf 81' lang='grc' dir='ltr'>τὴν</span> <span class='ocrx_word' id='word_1_517' title='bbox 1820 4267 1997 4340; x_wconf 87' lang='grc' dir='ltr'>ἀληθῆ</span> 
     </span>
    </p>
   </div>
   <div class='ocr_carea' id='block_1_74' title="bbox 413 4332 2000 4427">
    <p class='ocr_par' dir='ltr' id='par_1_74' title="bbox 413 4332 2000 4427">
     <span class='ocr_line' id='line_1_74' title="bbox 413 4332 2000 4427; baseline 0.016 -43"><span class='ocrx_word' id='word_1_518' title='bbox 413 4332 615 4401; x_wconf 69' lang='grc' dir='ltr'>πει-τιν,</span> <span class='ocrx_word' id='word_1_519' title='bbox 641 4339 688 4390; x_wconf 82' lang='grc' dir='ltr'><strong>εί</strong></span> <span class='ocrx_word' id='word_1_520' title='bbox 720 4341 813 4392; x_wconf 75' lang='grc' dir='ltr'><strong>καὶ</strong></span> <span class='ocrx_word' id='word_1_521' title='bbox 862 4341 1023 4406; x_wconf 75' lang='grc' dir='ltr'>αὐτὸς</span> <span class='ocrx_word' id='word_1_522' title='bbox 1051 4346 1115 4415; x_wconf 84' lang='grc' dir='ltr'><strong>τῇ</strong></span> <span class='ocrx_word' id='word_1_523' title='bbox 1162 4347 1392 4420; x_wconf 83' lang='grc' dir='ltr'>ἀπιστίᾳ</span> <span class='ocrx_word' id='word_1_524' title='bbox 1423 4354 1830 4423; x_wconf 82' lang='grc' dir='ltr'>κατεσχημένος</span> <span class='ocrx_word' id='word_1_525' title='bbox 1862 4332 2000 4427; x_wconf 77' lang='grc' dir='ltr'>πρὸς</span> 
     </span>
    </p>
   </div>
   <div class='ocr_carea' id='block_1_75' title="bbox 409 4426 1998 4520">
    <p class='ocr_par' dir='ltr' id='par_1_75' title="bbox 409 4426 1998 4520">
     <span class='ocr_line' id='line_1_75' title="bbox 409 4426 1998 4520; baseline 0.017 -43"><span class='ocrx_word' id='word_1_526' title='bbox 409 4426 508 4520; x_wconf 68' lang='grc' dir='ltr'><strong>την</strong></span> <span class='ocrx_word' id='word_1_527' title='bbox 545 4427 806 4500; x_wconf 78' lang='grc' dir='ltr'>ἀλήθειαν</span> <span class='ocrx_word' id='word_1_528' title='bbox 834 4433 962 4490; x_wconf 77' lang='grc' dir='ltr'>ἰδεῖν</span> <span class='ocrx_word' id='word_1_529' title='bbox 989 4436 1126 4500; x_wconf 89' lang='grc' dir='ltr'>τέως</span> <span class='ocrx_word' id='word_1_530' title='bbox 1157 4440 1256 4520; x_wconf 67' lang='grc' dir='ltr'><strong>ουκ</strong></span> <span class='ocrx_word' id='word_1_531' title='bbox 1277 4441 1571 4514; x_wconf 71' lang='grc' dir='ltr'>ἠθέλησεν.</span> <span class='ocrx_word' id='word_1_532' title='bbox 1604 4447 1782 4518; x_wconf 83' lang='grc' dir='ltr'>Λιμοῦ</span> <span class='ocrx_word' id='word_1_533' title='bbox 1810 4449 1867 4503; x_wconf 83' lang='grc' dir='ltr'>δὲ</span> <span class='ocrx_word' id='word_1_534' title='bbox 1899 4426 1998 4520; x_wconf 79' lang='grc' dir='ltr'>τὴν</span> 
     </span>
    </p>
   </div>
   <div class='ocr_carea' id='block_1_76' title="bbox 2097 3220 3688 3290">
    <p class='ocr_par' dir='ltr' id='par_1_76' title="bbox 2097 3220 3688 3290">
     <span class='ocr_line' id='line_1_76' title="bbox 2097 3220 3688 3290; baseline -0.003 -10"><span class='ocrx_word' id='word_1_535' title='bbox 2097 3226 2271 3280; x_wconf 87' lang='lat' dir='ltr'><strong>virum</strong></span> <span class='ocrx_word' id='word_1_536' title='bbox 2314 3226 2406 3280; x_wconf 84' lang='lat' dir='ltr'><strong>abs</strong></span> <span class='ocrx_word' id='word_1_537' title='bbox 2441 3235 2490 3279; x_wconf 87' lang='lat' dir='ltr'><strong>te</strong></span> <span class='ocrx_word' id='word_1_538' title='bbox 2513 3227 2706 3279; x_wconf 84' lang='lat' dir='ltr'><strong>victum</strong></span> <span class='ocrx_word' id='word_1_539' title='bbox 2734 3224 3008 3278; x_wconf 82' lang='lat' dir='ltr'><strong>habiturus</strong></span> <span class='ocrx_word' id='word_1_540' title='bbox 3036 3221 3129 3276; x_wconf 81' lang='lat' dir='ltr'><strong>sis.</strong></span> <span class='ocrx_word' id='word_1_541' title='bbox 3161 3221 3241 3275; x_wconf 87' lang='lat' dir='ltr'><strong>Eo</strong></span> <span class='ocrx_word' id='word_1_542' title='bbox 3281 3233 3546 3290; x_wconf 86' lang='lat' dir='ltr'><strong>responso</strong></span> <span class='ocrx_word' id='word_1_543' title='bbox 3579 3220 3688 3275; x_wconf 79' lang='lat' dir='ltr'><strong>mi-</strong></span> 
     </span>
    </p>
   </div>
   <div class='ocr_carea' id='block_1_77' title="bbox 2097 3311 3688 3388">
    <p class='ocr_par' dir='ltr' id='par_1_77' title="bbox 2097 3311 3688 3388">
     <span class='ocr_line' id='line_1_77' title="bbox 2097 3311 3688 3388; baseline -0.003 -16"><span class='ocrx_word' id='word_1_544' title='bbox 2097 3319 2206 3373; x_wconf 89' lang='lat' dir='ltr'><strong>tior</strong></span> <span class='ocrx_word' id='word_1_545' title='bbox 2234 3319 2511 3374; x_wconf 88' lang='lat' dir='ltr'><strong>barbarus</strong></span> <span class='ocrx_word' id='word_1_546' title='bbox 2551 3318 2786 3373; x_wconf 75' lang='lat' dir='ltr'><strong>eﬁ‘ectus</strong></span> <span class='ocrx_word' id='word_1_547' title='bbox 2827 3331 3018 3388; x_wconf 89' lang='lat' dir='ltr'><strong>pacem</strong></span> <span class='ocrx_word' id='word_1_548' title='bbox 3052 3313 3243 3379; x_wconf 92' lang='lat' dir='ltr'><strong>coluit,</strong></span> <span class='ocrx_word' id='word_1_549' title='bbox 3277 3329 3341 3369; x_wconf 89' lang='lat' dir='ltr'><strong>ac</strong></span> <span class='ocrx_word' id='word_1_550' title='bbox 3370 3311 3688 3368; x_wconf 82' lang='lat' dir='ltr'><strong>dilectionis</strong></span> 
     </span>
    </p>
   </div>
   <div class='ocr_carea' id='block_1_78' title="bbox 2096 3411 2652 3466">
    <p class='ocr_par' dir='ltr' id='par_1_78' title="bbox 2096 3411 2652 3466">
     <span class='ocr_line' id='line_1_78' title="bbox 2096 3411 2652 3466; baseline 0.002 -1"><span class='ocrx_word' id='word_1_551' title='bbox 2096 3411 2304 3466; x_wconf 74' lang='lat' dir='ltr'><strong>fmdera</strong></span> <span class='ocrx_word' id='word_1_552' title='bbox 2344 3411 2652 3466; x_wconf 80' lang='lat' dir='ltr'><strong>renovavit.</strong></span> 
     </span>
    </p>
   </div>
   <div class='ocr_carea' id='block_1_79' title="bbox 2167 3495 3690 3574">
    <p class='ocr_par' dir='ltr' id='par_1_79' title="bbox 2167 3495 3690 3574">
     <span class='ocr_line' id='line_1_79' title="bbox 2167 3495 3690 3574; baseline -0.005 -17"><span class='ocrx_word' id='word_1_553' title='bbox 2167 3503 2260 3558; x_wconf 65' lang='lat'><strong>2‘2.</strong></span> <span class='ocrx_word' id='word_1_554' title='bbox 2291 3504 2612 3574; x_wconf 88' lang='lat' dir='ltr'><strong>Inquirente</strong></span> <span class='ocrx_word' id='word_1_555' title='bbox 2654 3501 2946 3557; x_wconf 88' lang='lat' dir='ltr'><strong>Theodora</strong></span> <span class='ocrx_word' id='word_1_556' title='bbox 2999 3501 3066 3556; x_wconf 89' lang='lat' dir='ltr'><strong>de</strong></span> <span class='ocrx_word' id='word_1_557' title='bbox 3095 3498 3367 3555; x_wconf 88' lang='lat' dir='ltr'><strong>monacho</strong></span> <span class='ocrx_word' id='word_1_558' title='bbox 3394 3495 3690 3553; x_wconf 84' lang='lat' dir='ltr'><strong>Theodoro</strong></span> 
     </span>
    </p>
   </div>
   <div class='ocr_carea' id='block_1_80' title="bbox 2096 3589 3693 3668">
    <p class='ocr_par' dir='ltr' id='par_1_80' title="bbox 2096 3589 3693 3668">
     <span class='ocr_line' id='line_1_80' title="bbox 2096 3589 3693 3668; baseline -0.006 -16"><span class='ocrx_word' id='word_1_559' title='bbox 2096 3596 2377 3668; x_wconf 89' lang='lat' dir='ltr'><strong>Cuphara,</strong></span> <span class='ocrx_word' id='word_1_560' title='bbox 2406 3598 2501 3652; x_wconf 92' lang='lat' dir='ltr'><strong>diu</strong></span> <span class='ocrx_word' id='word_1_561' title='bbox 2524 3605 2650 3652; x_wconf 90' lang='lat' dir='ltr'><strong>ante</strong></span> <span class='ocrx_word' id='word_1_562' title='bbox 2682 3596 2737 3650; x_wconf 91' lang='lat' dir='ltr'><strong>in</strong></span> <span class='ocrx_word' id='word_1_563' title='bbox 2765 3595 3138 3667; x_wconf 83' lang='lat' dir='ltr'><strong>captivitatem</strong></span> <span class='ocrx_word' id='word_1_564' title='bbox 3169 3591 3432 3658; x_wconf 88' lang='lat' dir='ltr'><strong>abducto,</strong></span> <span class='ocrx_word' id='word_1_565' title='bbox 3463 3589 3693 3661; x_wconf 79' lang='lat' dir='ltr'><strong>Bogaris</strong></span> 
     </span>
    </p>
   </div>
   <div class='ocr_carea' id='block_1_81' title="bbox 2098 3679 3690 3760">
    <p class='ocr_par' dir='ltr' id='par_1_81' title="bbox 2098 3679 3690 3760">
     <span class='ocr_line' id='line_1_81' title="bbox 2098 3679 3690 3760; baseline -0.006 -17"><span class='ocrx_word' id='word_1_566' title='bbox 2098 3704 2319 3760; x_wconf 88' lang='lat' dir='ltr'><strong>quoque</strong></span> <span class='ocrx_word' id='word_1_567' title='bbox 2369 3695 2590 3758; x_wconf 85' lang='lat' dir='ltr'><strong>arrepta</strong></span> <span class='ocrx_word' id='word_1_568' title='bbox 2639 3685 2928 3741; x_wconf 90' lang='lat' dir='ltr'><strong>occasione</strong></span> <span class='ocrx_word' id='word_1_569' title='bbox 2987 3684 3282 3760; x_wconf 65' lang='lat' dir='ltr'><strong>desorore</strong></span> <span class='ocrx_word' id='word_1_570' title='bbox 3311 3697 3411 3737; x_wconf 92' lang='lat' dir='ltr'><strong>sua</strong></span> <span class='ocrx_word' id='word_1_571' title='bbox 3459 3679 3690 3751; x_wconf 87' lang='lat' dir='ltr'><strong>perinde</strong></span> 
     </span>
    </p>
   </div>
   <div class='ocr_carea' id='block_1_82' title="bbox 2099 3748 3686 3848">
    <p class='ocr_par' dir='ltr' id='par_1_82' title="bbox 2099 3748 3686 3848">
     <span class='ocr_line' id='line_1_82' title="bbox 2099 3748 3686 3848; baseline -0.007 -14"><span class='ocrx_word' id='word_1_572' title='bbox 2099 3748 2315 3848; x_wconf 69' lang='lat' dir='ltr'><strong>captiva</strong></span> <span class='ocrx_word' id='word_1_573' title='bbox 2363 3748 2531 3848; x_wconf 73' lang='lat' dir='ltr'><strong>inque</strong></span> <span class='ocrx_word' id='word_1_574' title='bbox 2571 3775 2925 3846; x_wconf 85' lang='lat' dir='ltr'><strong>imperatoris</strong></span> <span class='ocrx_word' id='word_1_575' title='bbox 2959 3748 3352 3833; x_wconf 23' lang='lat' dir='ltr'><strong>aura’detenta</strong></span> <span class='ocrx_word' id='word_1_576' title='bbox 3394 3748 3686 3844; x_wconf 61' lang='lat' dir='ltr'><strong>signiﬁcat.</strong></span> 
     </span>
    </p>
   </div>
   <div class='ocr_carea' id='block_1_83' title="bbox 2099 3862 3688 3924">
    <p class='ocr_par' dir='ltr' id='par_1_83' title="bbox 2099 3862 3688 3924">
     <span class='ocr_line' id='line_1_83' title="bbox 2099 3862 3688 3924; baseline -0.006 0"><span class='ocrx_word' id='word_1_577' title='bbox 2099 3869 2381 3924; x_wconf 87' lang='lat' dir='ltr'><strong>Didicerat</strong></span> <span class='ocrx_word' id='word_1_578' title='bbox 2437 3869 2556 3923; x_wconf 71' lang='lat' dir='ltr'><strong>haec</strong></span> <span class='ocrx_word' id='word_1_579' title='bbox 2602 3867 2792 3922; x_wconf 86' lang='lat' dir='ltr'><strong>literas</strong></span> <span class='ocrx_word' id='word_1_580' title='bbox 2838 3883 2902 3923; x_wconf 87' lang='lat' dir='ltr'><strong>ac</strong></span> <span class='ocrx_word' id='word_1_581' title='bbox 2947 3865 3390 3921; x_wconf 88' lang='lat' dir='ltr'><strong>Christianorum</strong></span> <span class='ocrx_word' id='word_1_582' title='bbox 3437 3862 3688 3918; x_wconf 88' lang='lat' dir='ltr'><strong>ordinem</strong></span> 
     </span>
    </p>
   </div>
   <div class='ocr_carea' id='block_1_84' title="bbox 2099 3955 3695 4032">
    <p class='ocr_par' dir='ltr' id='par_1_84' title="bbox 2099 3955 3695 4032">
     <span class='ocr_line' id='line_1_84' title="bbox 2099 3955 3695 4032; baseline -0.006 -17"><span class='ocrx_word' id='word_1_583' title='bbox 2099 3976 2336 4032; x_wconf 79' lang='lat' dir='ltr'><strong>ergaque</strong></span> <span class='ocrx_word' id='word_1_584' title='bbox 2368 3961 2542 4016; x_wconf 86' lang='lat' dir='ltr'><strong>Deum</strong></span> <span class='ocrx_word' id='word_1_585' title='bbox 2574 3959 2990 4014; x_wconf 87' lang='lat' dir='ltr'><strong>venerationem</strong></span> <span class='ocrx_word' id='word_1_586' title='bbox 3018 3973 3083 4011; x_wconf 91' lang='lat' dir='ltr'><strong>ac</strong></span> <span class='ocrx_word' id='word_1_587' title='bbox 3112 3956 3494 4011; x_wconf 84' lang='lat' dir='ltr'><strong>ﬁdem..Nacta</strong></span> <span class='ocrx_word' id='word_1_588' title='bbox 3523 3955 3695 4024; x_wconf 73' lang='lat' dir='ltr'><strong>igitur</strong></span> 
     </span>
    </p>
   </div>
   <div class='ocr_carea' id='block_1_85' title="bbox 2101 4047 3690 4113">
    <p class='ocr_par' dir='ltr' id='par_1_85' title="bbox 2101 4047 3690 4113">
     <span class='ocr_line' id='line_1_85' title="bbox 2101 4047 3690 4113; baseline -0.002 -9"><span class='ocrx_word' id='word_1_589' title='bbox 2101 4059 2163 4105; x_wconf 91' lang='lat' dir='ltr'><strong>ut</strong></span> <span class='ocrx_word' id='word_1_590' title='bbox 2191 4052 2260 4107; x_wconf 89' lang='lat' dir='ltr'><strong>ad</strong></span> <span class='ocrx_word' id='word_1_591' title='bbox 2289 4049 2514 4107; x_wconf 76' lang='lat' dir='ltr'><strong>fratrem</strong></span> <span class='ocrx_word' id='word_1_592' title='bbox 2542 4059 2939 4113; x_wconf 86' lang='lat' dir='ltr'><strong>reverteretur,</strong></span> <span class='ocrx_word' id='word_1_593' title='bbox 2960 4049 3172 4104; x_wconf 92' lang='lat' dir='ltr'><strong>nullum</strong></span> <span class='ocrx_word' id='word_1_594' title='bbox 3202 4049 3254 4103; x_wconf 89' lang='lat' dir='ltr'><strong>ei</strong></span> <span class='ocrx_word' id='word_1_595' title='bbox 3284 4047 3572 4102; x_wconf 74' lang='lat' dir='ltr'><strong>laudandae</strong></span> <span class='ocrx_word' id='word_1_596' title='bbox 3610 4049 3690 4101; x_wconf 78' lang='lat' dir='ltr'><strong>rei</strong></span> 
     </span>
    </p>
   </div>
   <div class='ocr_carea' id='block_1_86' title="bbox 2102 4138 3693 4206">
    <p class='ocr_par' dir='ltr' id='par_1_86' title="bbox 2102 4138 3693 4206">
     <span class='ocr_line' id='line_1_86' title="bbox 2102 4138 3693 4206; baseline -0.008 -2"><span class='ocrx_word' id='word_1_597' title='bbox 2102 4146 2426 4206; x_wconf 66' lang='lat' dir='ltr'><strong>Christiana:</strong></span> <span class='ocrx_word' id='word_1_598' title='bbox 2469 4145 2633 4199; x_wconf 88' lang='lat' dir='ltr'><strong>ﬁnem</strong></span> <span class='ocrx_word' id='word_1_599' title='bbox 2679 4142 2936 4206; x_wconf 86' lang='lat' dir='ltr'><strong>faciebat,</strong></span> <span class='ocrx_word' id='word_1_600' title='bbox 2979 4157 3043 4197; x_wconf 88' lang='lat' dir='ltr'><strong>ac</strong></span> <span class='ocrx_word' id='word_1_601' title='bbox 3076 4141 3305 4196; x_wconf 82' lang='lat' dir='ltr'><strong>fratrem</strong></span> <span class='ocrx_word' id='word_1_602' title='bbox 3336 4138 3597 4194; x_wconf 83' lang='lat' dir='ltr'><strong>hortandi</strong></span> <span class='ocrx_word' id='word_1_603' title='bbox 3632 4149 3693 4192; x_wconf 87' lang='lat' dir='ltr'><strong>ut</strong></span> 
     </span>
    </p>
   </div>
   <div class='ocr_carea' id='block_1_87' title="bbox 2103 4231 3687 4302">
    <p class='ocr_par' dir='ltr' id='par_1_87' title="bbox 2103 4231 3687 4302">
     <span class='ocr_line' id='line_1_87' title="bbox 2103 4231 3687 4302; baseline -0.011 0"><span class='ocrx_word' id='word_1_604' title='bbox 2103 4247 2170 4302; x_wconf 89' lang='lat' dir='ltr'><strong>ad</strong></span> <span class='ocrx_word' id='word_1_605' title='bbox 2189 4257 2375 4299; x_wconf 87' lang='lat' dir='ltr'><strong>veram</strong></span> <span class='ocrx_word' id='word_1_606' title='bbox 2405 4241 2567 4295; x_wconf 90' lang='lat' dir='ltr'><strong>ﬁdem</strong></span> <span class='ocrx_word' id='word_1_607' title='bbox 2601 4237 2848 4292; x_wconf 87' lang='lat' dir='ltr'><strong>animum</strong></span> <span class='ocrx_word' id='word_1_608' title='bbox 2893 4234 3236 4290; x_wconf 90' lang='lat' dir='ltr'><strong>transferret.</strong></span> <span class='ocrx_word' id='word_1_609' title='bbox 3259 4232 3583 4302; x_wconf 89' lang='lat' dir='ltr'><strong>Quanquam</strong></span> <span class='ocrx_word' id='word_1_610' title='bbox 3623 4231 3687 4295; x_wconf 84' lang='lat' dir='ltr'><strong>is,</strong></span> 
     </span>
    </p>
   </div>
   <div class='ocr_carea' id='block_1_88' title="bbox 2103 4324 3710 4412">
    <p class='ocr_par' dir='ltr' id='par_1_88' title="bbox 2103 4324 3710 4412">
     <span class='ocr_line' id='line_1_88' title="bbox 2103 4324 3710 4412; baseline -0.012 -16"><span class='ocrx_word' id='word_1_611' title='bbox 2103 4356 2212 4412; x_wconf 89' lang='lat' dir='ltr'><strong>qua</strong></span> <span class='ocrx_word' id='word_1_612' title='bbox 2241 4335 2527 4393; x_wconf 86' lang='lat' dir='ltr'><strong>laborabat</strong></span> <span class='ocrx_word' id='word_1_613' title='bbox 2558 4330 2963 4393; x_wconf 87' lang='lat' dir='ltr'><strong>incredulitate,</strong></span> <span class='ocrx_word' id='word_1_614' title='bbox 3004 4327 3071 4383; x_wconf 92' lang='lat' dir='ltr'><strong>ad</strong></span> <span class='ocrx_word' id='word_1_615' title='bbox 3102 4327 3392 4381; x_wconf 86' lang='lat' dir='ltr'><strong>veritatem</strong></span> <span class='ocrx_word' id='word_1_616' title='bbox 3425 4324 3710 4378; x_wconf 39' lang='lat' dir='ltr'><strong>hactenus.</strong></span> 
     </span>
    </p>
   </div>
   <div class='ocr_carea' id='block_1_89' title="bbox 2104 4417 3692 4498">
    <p class='ocr_par' dir='ltr' id='par_1_89' title="bbox 2104 4417 3692 4498">
     <span class='ocr_line' id='line_1_89' title="bbox 2104 4417 3692 4498; baseline -0.011 -12"><span class='ocrx_word' id='word_1_617' title='bbox 2104 4432 2298 4488; x_wconf 87' lang='lat' dir='ltr'><strong>oculos</strong></span> <span class='ocrx_word' id='word_1_618' title='bbox 2322 4427 2537 4498; x_wconf 90' lang='lat' dir='ltr'><strong>aperire</strong></span> <span class='ocrx_word' id='word_1_619' title='bbox 2570 4423 2766 4479; x_wconf 90' lang='lat' dir='ltr'><strong>noluit.</strong></span> <span class='ocrx_word' id='word_1_620' title='bbox 2805 4423 3011 4478; x_wconf 79' lang='lat' dir='ltr'><strong>Verum</strong></span> <span class='ocrx_word' id='word_1_621' title='bbox 3045 4419 3208 4492; x_wconf 77' lang='lat'><strong>665</strong></span> <span class='ocrx_word' id='word_1_622' title='bbox 3241 4419 3384 4473; x_wconf 88' lang='lat' dir='ltr'><strong>fame</strong></span> <span class='ocrx_word' id='word_1_623' title='bbox 3408 4417 3692 4488; x_wconf 81' lang='lat' dir='ltr'><strong>regionem</strong></span> 
     </span>
    </p>
   </div>
   <div class='ocr_carea' id='block_1_90' title="bbox 316 4507 1990 4616">
    <p class='ocr_par' dir='ltr' id='par_1_90' title="bbox 316 4507 1990 4616">
     <span class='ocr_line' id='line_1_90' title="bbox 316 4507 1990 4616; baseline 0.017 -47"><span class='ocrx_word' id='word_1_624' title='bbox 316 4568 328 4578; x_wconf 67' lang='grc'><strong>,,</strong></span> <span class='ocrx_word' id='word_1_625' title='bbox 411 4517 594 4616; x_wconf 81' lang='grc' dir='ltr'>χώραν</span> <span class='ocrx_word' id='word_1_626' title='bbox 655 4523 1052 4598; x_wconf 80' lang='grc' dir='ltr'>ἐπινεμομένου</span> <span class='ocrx_word' id='word_1_627' title='bbox 1085 4507 1406 4607; x_wconf 54' lang='grc' dir='ltr'>ηναχκάσθη</span> <span class='ocrx_word' id='word_1_628' title='bbox 1433 4507 1508 4592; x_wconf 46' lang='grc' dir='ltr'>’τά</span> <span class='ocrx_word' id='word_1_629' title='bbox 1553 4507 1842 4614; x_wconf 75' lang='grc' dir='ltr'>Ῥωμαίων</span> <span class='ocrx_word' id='word_1_630' title='bbox 1873 4507 1990 4616; x_wconf 73' lang='grc' dir='ltr'>δρία</span> 
     </span>
    </p>
   </div>
   <div class='ocr_carea' id='block_1_91' title="bbox 2094 4507 3693 4616">
    <p class='ocr_par' dir='ltr' id='par_1_91' title="bbox 2107 4507 3693 4581">
     <span class='ocr_line' id='line_1_91' title="bbox 2107 4507 3693 4581; baseline -0.011 -1"><span class='ocrx_word' id='word_1_631' title='bbox 2107 4538 2329 4581; x_wconf 88' lang='lat' dir='ltr'><strong>omnem</strong></span> <span class='ocrx_word' id='word_1_632' title='bbox 2359 4521 2468 4575; x_wconf 88' lang='lat' dir='ltr'><strong>late</strong></span> <span class='ocrx_word' id='word_1_633' title='bbox 2499 4518 2820 4572; x_wconf 85' lang='lat' dir='ltr'><strong>devastante</strong></span> <span class='ocrx_word' id='word_1_634' title='bbox 2842 4556 2855 4579; x_wconf 90' lang='lat'><strong>,</strong></span> <span class='ocrx_word' id='word_1_635' title='bbox 2891 4528 3114 4570; x_wconf 87' lang='lat' dir='ltr'><strong>necesse</strong></span> <span class='ocrx_word' id='word_1_636' title='bbox 3153 4510 3350 4566; x_wconf 89' lang='lat' dir='ltr'><strong>habuit</strong></span> <span class='ocrx_word' id='word_1_637' title='bbox 3385 4507 3693 4580; x_wconf 76' lang='lat' dir='ltr'><strong>transgredi</strong></span> 
     </span>
    </p>
   </div>
   <div class='ocr_carea' id='block_1_92' title="bbox 411 4611 780 4685">
    <p class='ocr_par' dir='ltr' id='par_1_92' title="bbox 411 4611 780 4685">
     <span class='ocr_line' id='line_1_92' title="bbox 411 4611 780 4685; baseline 0.022 -21"><span class='ocrx_word' id='word_1_638' title='bbox 411 4611 780 4685; x_wconf 76' lang='grc' dir='ltr'>ὑπερϐαίνειν.</span> 
     </span>
    </p>
   </div>
   <div class='ocr_carea' id='block_1_93' title="bbox 479 4706 1996 4802">
    <p class='ocr_par' dir='ltr' id='par_1_93' title="bbox 479 4706 1996 4802">
     <span class='ocr_line' id='line_1_93' title="bbox 479 4706 1996 4802; baseline 0.018 -42"><span class='ocrx_word' id='word_1_639' title='bbox 479 4706 586 4774; x_wconf 89' lang='grc' dir='ltr'>κγ’.</span> <span class='ocrx_word' id='word_1_640' title='bbox 616 4710 706 4782; x_wconf 82' lang='grc' dir='ltr'>Τῷ</span> <span class='ocrx_word' id='word_1_641' title='bbox 737 4712 786 4780; x_wconf 81' lang='grc' dir='ltr'><strong>γ’</strong></span> <span class='ocrx_word' id='word_1_642' title='bbox 819 4713 985 4768; x_wconf 80' lang='grc' dir='ltr'>αὐτοῦ</span> <span class='ocrx_word' id='word_1_643' title='bbox 1011 4716 1121 4772; x_wconf 85' lang='grc' dir='ltr'>ἔτει</span> <span class='ocrx_word' id='word_1_644' title='bbox 1157 4721 1521 4790; x_wconf 78' lang='grc' dir='ltr'>προϐάλλεται</span> <span class='ocrx_word' id='word_1_645' title='bbox 1573 4728 1794 4801; x_wconf 83' lang='grc' dir='ltr'>Μιχαὴλ</span> <span class='ocrx_word' id='word_1_646' title='bbox 1832 4732 1860 4783; x_wconf 87' lang='grc' dir='ltr'>ὁ</span> <span class='ocrx_word' id='word_1_647' title='bbox 1897 4731 1996 4802; x_wconf 80' lang='grc' dir='ltr'>βα-</span> 
     </span>
    </p>
   </div>
   <div class='ocr_carea' id='block_1_94' title="bbox 413 4799 1996 4893">
    <p class='ocr_par' dir='ltr' id='par_1_94' title="bbox 413 4799 1996 4893">
     <span class='ocr_line' id='line_1_94' title="bbox 413 4799 1996 4893; baseline 0.018 -44"><span class='ocrx_word' id='word_1_648' title='bbox 413 4799 592 4864; x_wconf 80' lang='grc' dir='ltr'>σιλεὺς</span> <span class='ocrx_word' id='word_1_649' title='bbox 607 4803 913 4873; x_wconf 76' lang='grc' dir='ltr'>Ἀντίγονον</span> <span class='ocrx_word' id='word_1_650' title='bbox 939 4809 1030 4863; x_wconf 82' lang='grc' dir='ltr'>τὸν</span> <span class='ocrx_word' id='word_1_651' title='bbox 1053 4810 1168 4865; x_wconf 81' lang='grc' dir='ltr'>υἱὸν</span> <span class='ocrx_word' id='word_1_652' title='bbox 1189 4813 1370 4884; x_wconf 87' lang='grc' dir='ltr'>Βάρδα</span> <span class='ocrx_word' id='word_1_653' title='bbox 1395 4816 1715 4886; x_wconf 84' lang='grc' dir='ltr'>δομέστικον</span> <span class='ocrx_word' id='word_1_654' title='bbox 1740 4799 1848 4873; x_wconf 80' lang='grc' dir='ltr'>τῶν</span> <span class='ocrx_word' id='word_1_655' title='bbox 1873 4799 1996 4893; x_wconf 83' lang='grc' dir='ltr'>σχο-</span> 
     </span>
    </p>
   </div>
   <div class='ocr_carea' id='block_1_95' title="bbox 411 4887 1992 4985">
    <p class='ocr_par' dir='ltr' id='par_1_95' title="bbox 411 4887 1992 4985">
     <span class='ocr_line' id='line_1_95' title="bbox 411 4887 1992 4985; baseline 0.017 -45"><span class='ocrx_word' id='word_1_656' title='bbox 411 4887 549 4943; x_wconf 74' lang='grc' dir='ltr'>λῶνο</span> <span class='ocrx_word' id='word_1_657' title='bbox 582 4894 675 4946; x_wconf 80' lang='grc' dir='ltr'>τὸν</span> <span class='ocrx_word' id='word_1_658' title='bbox 708 4895 764 4948; x_wconf 76' lang='grc' dir='ltr'>δὲ</span> <span class='ocrx_word' id='word_1_659' title='bbox 791 4895 982 4970; x_wconf 75' lang='grc' dir='ltr'>ἕτερον</span> <span class='ocrx_word' id='word_1_660' title='bbox 1009 4902 1123 4955; x_wconf 82' lang='grc' dir='ltr'>υἱὸν</span> <span class='ocrx_word' id='word_1_661' title='bbox 1154 4903 1342 4968; x_wconf 75' lang='grc' dir='ltr'>αὐτοῦ,</span> <span class='ocrx_word' id='word_1_662' title='bbox 1371 4907 1492 4972; x_wconf 73' lang='grc' dir='ltr'>δοὺς</span> <span class='ocrx_word' id='word_1_663' title='bbox 1527 4913 1782 4976; x_wconf 86' lang='grc' dir='ltr'>γυναῖκα,</span> <span class='ocrx_word' id='word_1_664' title='bbox 1820 4916 1898 4976; x_wconf 83' lang='grc' dir='ltr'>εἰς</span> <span class='ocrx_word' id='word_1_665' title='bbox 1925 4915 1992 4985; x_wconf 81' lang='grc' dir='ltr'>ἢν</span> 
     </span>
    </p>
   </div>
   <div class='ocr_carea' id='block_1_96' title="bbox 411 4983 1998 5072">
    <p class='ocr_par' dir='ltr' id='par_1_96' title="bbox 411 4983 1998 5072">
     <span class='ocr_line' id='line_1_96' title="bbox 411 4983 1998 5072; baseline 0.015 -37"><span class='ocrx_word' id='word_1_666' title='bbox 411 4983 506 5037; x_wconf 74' lang='grc' dir='ltr'>καὶ</span> <span class='ocrx_word' id='word_1_667' title='bbox 541 4985 882 5058; x_wconf 81' lang='grc' dir='ltr'>ἐλοιδορεῖτο,</span> <span class='ocrx_word' id='word_1_668' title='bbox 911 4995 1273 5063; x_wconf 79' lang='grc' dir='ltr'>προϐάλλεται</span> <span class='ocrx_word' id='word_1_669' title='bbox 1302 5003 1744 5072; x_wconf 80' lang='grc' dir='ltr'>μονοστράτηγον</span> <span class='ocrx_word' id='word_1_670' title='bbox 1770 5004 1872 5058; x_wconf 83' lang='grc' dir='ltr'>τῶν</span> <span class='ocrx_word' id='word_1_671' title='bbox 1900 4983 1998 5058; x_wconf 77' lang='grc' dir='ltr'><strong>Δυ-</strong></span> 
     </span>
    </p>
   </div>
   <div class='ocr_carea' id='block_1_97' title="bbox 408 5076 1999 5168">
    <p class='ocr_par' dir='ltr' id='par_1_97' title="bbox 408 5076 1999 5168">
     <span class='ocr_line' id='line_1_97' title="bbox 408 5076 1999 5168; baseline 0.016 -41"><span class='ocrx_word' id='word_1_672' title='bbox 408 5076 598 5131; x_wconf 84' lang='grc' dir='ltr'>τικῶν.</span> <span class='ocrx_word' id='word_1_673' title='bbox 635 5080 924 5154; x_wconf 78' lang='grc' dir='ltr'>Συντόμως</span> <span class='ocrx_word' id='word_1_674' title='bbox 951 5085 1009 5140; x_wconf 84' lang='grc' dir='ltr'>δὲ</span> <span class='ocrx_word' id='word_1_675' title='bbox 1036 5088 1201 5143; x_wconf 81' lang='grc' dir='ltr'>αὑτοῦ</span> <span class='ocrx_word' id='word_1_676' title='bbox 1231 5087 1680 5163; x_wconf 82' lang='grc' dir='ltr'>τελευτήσαντος,</span> <span class='ocrx_word' id='word_1_677' title='bbox 1723 5100 1788 5168; x_wconf 82' lang='grc' dir='ltr'>τῇ</span> <span class='ocrx_word' id='word_1_678' title='bbox 1820 5096 1860 5151; x_wconf 88' lang='grc' dir='ltr'>δ’</span> <span class='ocrx_word' id='word_1_679' title='bbox 1890 5099 1999 5153; x_wconf 82' lang='grc' dir='ltr'>τῶν</span> 
     </span>
    </p>
   </div>
   <div class='ocr_carea' id='block_1_98' title="bbox 407 5167 2001 5260">
    <p class='ocr_par' dir='ltr' id='par_1_98' title="bbox 407 5167 2001 5260">
     <span class='ocr_line' id='line_1_98' title="bbox 407 5167 2001 5260; baseline 0.016 -40"><span class='ocrx_word' id='word_1_680' title='bbox 407 5167 850 5244; x_wconf 86' lang='grc' dir='ltr'>διακαινισίμων,</span> <span class='ocrx_word' id='word_1_681' title='bbox 881 5181 1248 5250; x_wconf 77' lang='grc' dir='ltr'>προϐάλλεται</span> <span class='ocrx_word' id='word_1_682' title='bbox 1276 5185 1494 5258; x_wconf 80' lang='grc' dir='ltr'>Μιχαὴλ</span> <span class='ocrx_word' id='word_1_683' title='bbox 1536 5187 1748 5260; x_wconf 74' lang='grc' dir='ltr'>Βάρδαν</span> <span class='ocrx_word' id='word_1_684' title='bbox 1772 5167 1862 5245; x_wconf 79' lang='grc' dir='ltr'><strong>τὸν</strong></span> <span class='ocrx_word' id='word_1_685' title='bbox 1904 5192 2001 5244; x_wconf 77' lang='grc' dir='ltr'><strong>αὑο</strong></span> 
     </span>
    </p>
   </div>
   <div class='ocr_carea' id='block_1_99' title="bbox 409 5261 1036 5338">
    <p class='ocr_par' dir='ltr' id='par_1_99' title="bbox 409 5261 1036 5338">
     <span class='ocr_line' id='line_1_99' title="bbox 409 5261 1036 5338; baseline 0.019 -24"><span class='ocrx_word' id='word_1_686' title='bbox 409 5261 505 5316; x_wconf 79' lang='grc' dir='ltr'><strong>τοῦ</strong></span> <span class='ocrx_word' id='word_1_687' title='bbox 535 5263 724 5338; x_wconf 81' lang='grc' dir='ltr'>[θεῖον]</span> <span class='ocrx_word' id='word_1_688' title='bbox 759 5269 1036 5326; x_wconf 76' lang='grc' dir='ltr'>Καίσαρα.</span> 
     </span>
    </p>
   </div>
   <div class='ocr_carea' id='block_1_100' title="bbox 488 5443 2002 5532">
    <p class='ocr_par' dir='ltr' id='par_1_100' title="bbox 488 5443 2002 5532">
     <span class='ocr_line' id='line_1_100' title="bbox 488 5443 2002 5532; baseline 0.017 -34"><span class='ocrx_word' id='word_1_689' title='bbox 488 5443 573 5517; x_wconf 87' lang='grc' dir='ltr'><strong>[Ρ.</strong></span> <span class='ocrx_word' id='word_1_690' title='bbox 603 5447 729 5521; x_wconf 69' lang='grc'><strong>440]</strong></span> <span class='ocrx_word' id='word_1_691' title='bbox 755 5449 852 5506; x_wconf 82' lang='grc' dir='ltr'>κδ’.</span> <span class='ocrx_word' id='word_1_692' title='bbox 890 5451 1078 5526; x_wconf 77' lang='grc' dir='ltr'>Τούτῳ</span> <span class='ocrx_word' id='word_1_693' title='bbox 1097 5455 1174 5526; x_wconf 83' lang='grc' dir='ltr'>τῷ</span> <span class='ocrx_word' id='word_1_694' title='bbox 1195 5456 1305 5512; x_wconf 84' lang='grc' dir='ltr'>ἔτει</span> <span class='ocrx_word' id='word_1_695' title='bbox 1327 5459 1568 5529; x_wconf 75' lang='grc' dir='ltr'>ἐξῆλθεν.</span> <span class='ocrx_word' id='word_1_696' title='bbox 1595 5462 1774 5532; x_wconf 79' lang='grc' dir='ltr'>Ἂμερ</span> <span class='ocrx_word' id='word_1_697' title='bbox 1808 5463 2002 5532; x_wconf 80' lang='grc' dir='ltr'>μέχρις</span> 
     </span>
    </p>
   </div>
   <div class='ocr_carea' id='block_1_101' title="bbox 414 5535 2002 5623">
    <p class='ocr_par' dir='ltr' id='par_1_101' title="bbox 414 5535 2002 5623">
     <span class='ocr_line' id='line_1_101' title="bbox 414 5535 2002 5623; baseline 0.012 -35"><span class='ocrx_word' id='word_1_698' title='bbox 414 5535 686 5608; x_wconf 81' lang='grc' dir='ltr'>Σινώπης,</span> <span class='ocrx_word' id='word_1_699' title='bbox 724 5542 817 5594; x_wconf 71' lang='grc' dir='ltr'>καὶ</span> <span class='ocrx_word' id='word_1_700' title='bbox 870 5540 1198 5616; x_wconf 80' lang='grc' dir='ltr'>ληϊσάμενος</span> <span class='ocrx_word' id='word_1_701' title='bbox 1253 5551 1428 5606; x_wconf 80' lang='grc' dir='ltr'>πάντα</span> <span class='ocrx_word' id='word_1_702' title='bbox 1457 5553 1522 5605; x_wconf 78' lang='grc' dir='ltr'><strong>τὰ</strong></span> <span class='ocrx_word' id='word_1_703' title='bbox 1570 5553 1858 5623; x_wconf 82' lang='grc' dir='ltr'>Ῥωμαίων</span> <span class='ocrx_word' id='word_1_704' title='bbox 1897 5554 2002 5606; x_wconf 78' lang='grc' dir='ltr'><strong>ὐπ-</strong></span> 
     </span>
    </p>
   </div>
   <div class='ocr_carea' id='block_1_102' title="bbox 416 5628 973 5705">
    <p class='ocr_par' dir='ltr' id='par_1_102' title="bbox 416 5628 973 5705">
     <span class='ocr_line' id='line_1_102' title="bbox 416 5628 973 5705; baseline 0.009 -24"><span class='ocrx_word' id='word_1_705' title='bbox 416 5628 680 5699; x_wconf 69' lang='grc' dir='ltr'>ἔστρεψεν</span> <span class='ocrx_word' id='word_1_706' title='bbox 707 5631 973 5705; x_wconf 75' lang='grc' dir='ltr'>ἀϐλαϐής.</span> 
     </span>
    </p>
   </div>
   <div class='ocr_carea' id='block_1_103' title="bbox 2106 4611 2664 4675">
    <p class='ocr_par' dir='ltr' id='par_1_103' title="bbox 2106 4611 2664 4675">
     <span class='ocr_line' id='line_1_103' title="bbox 2106 4611 2664 4675; baseline -0.018 0"><span class='ocrx_word' id='word_1_707' title='bbox 2106 4620 2483 4675; x_wconf 84' lang='lat' dir='ltr'><strong>Romanorum</strong></span> <span class='ocrx_word' id='word_1_708' title='bbox 2509 4611 2664 4666; x_wconf 89' lang='lat' dir='ltr'><strong>ﬁnes.</strong></span> 
     </span>
    </p>
   </div>
   <div class='ocr_carea' id='block_1_104' title="bbox 2175 4695 3698 4777">
    <p class='ocr_par' dir='ltr' id='par_1_104' title="bbox 2175 4695 3698 4777">
     <span class='ocr_line' id='line_1_104' title="bbox 2175 4695 3698 4777; baseline -0.012 -13"><span class='ocrx_word' id='word_1_709' title='bbox 2175 4709 2266 4764; x_wconf 76' lang='lat'><strong>‘25.</strong></span> <span class='ocrx_word' id='word_1_710' title='bbox 2319 4707 2452 4777; x_wconf 82' lang='lat' dir='ltr'><strong>Ejus</strong></span> <span class='ocrx_word' id='word_1_711' title='bbox 2485 4702 2703 4775; x_wconf 88' lang='lat' dir='ltr'><strong>imperii</strong></span> <span class='ocrx_word' id='word_1_712' title='bbox 2747 4715 2893 4755; x_wconf 89' lang='lat' dir='ltr'><strong>anno</strong></span> <span class='ocrx_word' id='word_1_713' title='bbox 2932 4699 3096 4754; x_wconf 85' lang='lat' dir='ltr'><strong>tertio</strong></span> <span class='ocrx_word' id='word_1_714' title='bbox 3132 4697 3366 4754; x_wconf 79' lang='lat' dir='ltr'><strong>Michael</strong></span> <span class='ocrx_word' id='word_1_715' title='bbox 3399 4695 3698 4765; x_wconf 85' lang='lat' dir='ltr'><strong>imperator</strong></span> 
     </span>
    </p>
   </div>
   <div class='ocr_carea' id='block_1_105' title="bbox 2104 4788 3697 4874">
    <p class='ocr_par' dir='ltr' id='par_1_105' title="bbox 2104 4788 3697 4874">
     <span class='ocr_line' id='line_1_105' title="bbox 2104 4788 3697 4874; baseline -0.014 -13"><span class='ocrx_word' id='word_1_716' title='bbox 2104 4805 2438 4874; x_wconf 82' lang='lat' dir='ltr'><strong>Antigonum</strong></span> <span class='ocrx_word' id='word_1_717' title='bbox 2484 4799 2674 4854; x_wconf 72' lang='lat' dir='ltr'><strong>Barda:</strong></span> <span class='ocrx_word' id='word_1_718' title='bbox 2737 4795 2910 4850; x_wconf 84' lang='lat' dir='ltr'><strong>ﬁlium</strong></span> <span class='ocrx_word' id='word_1_719' title='bbox 2961 4794 3276 4849; x_wconf 88' lang='lat' dir='ltr'><strong>scholarum</strong></span> <span class='ocrx_word' id='word_1_720' title='bbox 3330 4788 3697 4846; x_wconf 90' lang='lat' dir='ltr'><strong>domesticum</strong></span> 
     </span>
    </p>
   </div>
   <div class='ocr_carea' id='block_1_106' title="bbox 2099 4883 3696 4971">
    <p class='ocr_par' dir='ltr' id='par_1_106' title="bbox 2099 4883 3696 4971">
     <span class='ocr_line' id='line_1_106' title="bbox 2099 4883 3696 4971; baseline -0.014 -17"><span class='ocrx_word' id='word_1_721' title='bbox 2099 4897 2332 4971; x_wconf 63' lang='lat' dir='ltr'><strong>prazlicit</strong></span> <span class='ocrx_word' id='word_1_722' title='bbox 2367 4915 2382 4959; x_wconf 75' lang='lat'><strong>,</strong></span> <span class='ocrx_word' id='word_1_723' title='bbox 2435 4893 2781 4959; x_wconf 89' lang='lat' dir='ltr'><strong>alterumque</strong></span> <span class='ocrx_word' id='word_1_724' title='bbox 2807 4888 2929 4959; x_wconf 81' lang='lat' dir='ltr'><strong>ejus</strong></span> <span class='ocrx_word' id='word_1_725' title='bbox 2958 4887 3156 4950; x_wconf 85' lang='lat' dir='ltr'><strong>ﬁlium,</strong></span> <span class='ocrx_word' id='word_1_726' title='bbox 3197 4885 3373 4939; x_wconf 88' lang='lat' dir='ltr'><strong>locata</strong></span> <span class='ocrx_word' id='word_1_727' title='bbox 3404 4883 3454 4935; x_wconf 87' lang='lat' dir='ltr'><strong>ei</strong></span> <span class='ocrx_word' id='word_1_728' title='bbox 3505 4894 3696 4971; x_wconf 79' lang='lat' dir='ltr'><strong>uxore.</strong></span> 
     </span>
    </p>
   </div>
   <div class='ocr_carea' id='block_1_107' title="bbox 2098 4970 3697 5066">
    <p class='ocr_par' dir='ltr' id='par_1_107' title="bbox 2098 4970 3697 5066">
     <span class='ocr_line' id='line_1_107' title="bbox 2098 4970 3697 5066; baseline -0.017 -18"><span class='ocrx_word' id='word_1_729' title='bbox 2098 5005 2336 5066; x_wconf 90' lang='lat' dir='ltr'><strong>quacum</strong></span> <span class='ocrx_word' id='word_1_730' title='bbox 2387 4987 2464 5042; x_wconf 90' lang='lat' dir='ltr'><strong>illi</strong></span> <span class='ocrx_word' id='word_1_731' title='bbox 2494 4983 2670 5054; x_wconf 89' lang='lat' dir='ltr'><strong>turpis</strong></span> <span class='ocrx_word' id='word_1_732' title='bbox 2694 4981 2775 5037; x_wconf 88' lang='lat' dir='ltr'><strong>rei</strong></span> <span class='ocrx_word' id='word_1_733' title='bbox 2807 4980 3051 5050; x_wconf 88' lang='lat' dir='ltr'><strong>suspicio</strong></span> <span class='ocrx_word' id='word_1_734' title='bbox 3073 4990 3214 5040; x_wconf 85' lang='lat' dir='ltr'><strong>erat,</strong></span> <span class='ocrx_word' id='word_1_735' title='bbox 3245 4970 3697 5066; x_wconf 83' lang='lat' dir='ltr'><strong>supremum</strong></span> 
     </span>
    </p>
   </div>
   <div class='ocr_carea' id='block_1_108' title="bbox 2098 5062 3702 5144">
    <p class='ocr_par' dir='ltr' id='par_1_108' title="bbox 2098 5062 3702 5144">
     <span class='ocr_line' id='line_1_108' title="bbox 2098 5062 3702 5144; baseline -0.017 -1"><span class='ocrx_word' id='word_1_736' title='bbox 2098 5062 2218 5144; x_wconf 73' lang='lat' dir='ltr'><strong>cem</strong></span> <span class='ocrx_word' id='word_1_737' title='bbox 2248 5079 2684 5139; x_wconf 89' lang='lat' dir='ltr'><strong>Occidentalium</strong></span> <span class='ocrx_word' id='word_1_738' title='bbox 2722 5085 3030 5130; x_wconf 89' lang='lat' dir='ltr'><strong>turmarum</strong></span> <span class='ocrx_word' id='word_1_739' title='bbox 3066 5067 3375 5124; x_wconf 86' lang='lat' dir='ltr'><strong>constituit.</strong></span> <span class='ocrx_word' id='word_1_740' title='bbox 3427 5063 3547 5130; x_wconf 86' lang='lat' dir='ltr'><strong>Quo</strong></span> <span class='ocrx_word' id='word_1_741' title='bbox 3584 5062 3702 5118; x_wconf 87' lang='lat' dir='ltr'><strong>illic</strong></span> 
     </span>
    </p>
   </div>
   <div class='ocr_carea' id='block_1_109' title="bbox 2099 5154 3696 5237">
    <p class='ocr_par' dir='ltr' id='par_1_109' title="bbox 2099 5154 3696 5237">
     <span class='ocr_line' id='line_1_109' title="bbox 2099 5154 3696 5237; baseline -0.017 -2"><span class='ocrx_word' id='word_1_742' title='bbox 2099 5179 2255 5236; x_wconf 85' lang='lat' dir='ltr'><strong>brevi</strong></span> <span class='ocrx_word' id='word_1_743' title='bbox 2299 5175 2592 5237; x_wconf 74' lang='lat' dir='ltr'><strong>exstincto,</strong></span> <span class='ocrx_word' id='word_1_744' title='bbox 2629 5163 2989 5225; x_wconf 66' lang='lat' dir='ltr'><strong>hebdomadaa</strong></span> <span class='ocrx_word' id='word_1_745' title='bbox 3041 5163 3265 5218; x_wconf 64' lang='lat' dir='ltr'><strong>Pascha:</strong></span> <span class='ocrx_word' id='word_1_746' title='bbox 3295 5168 3488 5230; x_wconf 85' lang='lat' dir='ltr'><strong>quarta</strong></span> <span class='ocrx_word' id='word_1_747' title='bbox 3533 5154 3696 5216; x_wconf 83' lang='lat' dir='ltr'><strong>feria.</strong></span> 
     </span>
    </p>
   </div>
   <div class='ocr_carea' id='block_1_110' title="bbox 2101 5250 3698 5329">
    <p class='ocr_par' dir='ltr' id='par_1_110' title="bbox 2101 5250 3698 5329">
     <span class='ocr_line' id='line_1_110' title="bbox 2101 5250 3698 5329; baseline -0.018 1"><span class='ocrx_word' id='word_1_748' title='bbox 2101 5271 2331 5329; x_wconf 78' lang='lat' dir='ltr'><strong>Michael</strong></span> <span class='ocrx_word' id='word_1_749' title='bbox 2375 5266 2607 5323; x_wconf 82' lang='lat' dir='ltr'><strong>Bardam</strong></span> <span class='ocrx_word' id='word_1_750' title='bbox 2647 5263 2982 5319; x_wconf 87' lang='lat' dir='ltr'><strong>avunculum</strong></span> <span class='ocrx_word' id='word_1_751' title='bbox 3026 5256 3263 5314; x_wconf 75' lang='lat' dir='ltr'><strong>Caesaris</strong></span> <span class='ocrx_word' id='word_1_752' title='bbox 3304 5250 3494 5306; x_wconf 84' lang='lat' dir='ltr'><strong>infulis</strong></span> <span class='ocrx_word' id='word_1_753' title='bbox 3532 5264 3698 5303; x_wconf 88' lang='lat' dir='ltr'><strong>orna-</strong></span> 
     </span>
    </p>
   </div>
   <div class='ocr_carea' id='block_1_111' title="bbox 2110 5364 2210 5418">
    <p class='ocr_par' dir='ltr' id='par_1_111' title="bbox 2110 5364 2210 5418">
     <span class='ocr_line' id='line_1_111' title="bbox 2110 5364 2210 5418; baseline -0.01 0"><span class='ocrx_word' id='word_1_754' title='bbox 2110 5364 2210 5418; x_wconf 90' lang='lat' dir='ltr'><strong>vit.</strong></span> 
     </span>
    </p>
   </div>
   <div class='ocr_carea' id='block_1_112' title="bbox 2178 5432 3730 5510">
    <p class='ocr_par' dir='ltr' id='par_1_112' title="bbox 2178 5432 3730 5510">
     <span class='ocr_line' id='line_1_112' title="bbox 2178 5432 3730 5510; baseline -0.016 1"><span class='ocrx_word' id='word_1_755' title='bbox 2178 5456 2268 5510; x_wconf 67' lang='grc'><strong>24.</strong></span> <span class='ocrx_word' id='word_1_756' title='bbox 2307 5453 2422 5508; x_wconf 83' lang='lat' dir='ltr'><strong>Hoc</strong></span> <span class='ocrx_word' id='word_1_757' title='bbox 2454 5448 2615 5506; x_wconf 80' lang='lat' dir='ltr'><strong>anno&#39;</strong></span> <span class='ocrx_word' id='word_1_758' title='bbox 2629 5446 2800 5504; x_wconf 81' lang='lat' dir='ltr'><strong>exivit</strong></span> <span class='ocrx_word' id='word_1_759' title='bbox 2826 5446 2990 5500; x_wconf 83' lang='lat' dir='ltr'><strong>Amer</strong></span> <span class='ocrx_word' id='word_1_760' title='bbox 3017 5453 3189 5508; x_wconf 84' lang='lat' dir='ltr'><strong>usque</strong></span> <span class='ocrx_word' id='word_1_761' title='bbox 3215 5437 3496 5503; x_wconf 74' lang='lat' dir='ltr'><strong>Sinonem,</strong></span> <span class='ocrx_word' id='word_1_762' title='bbox 3523 5432 3730 5488; x_wconf 61' lang='lat' dir='ltr'><strong>omni-~</strong></span> 
     </span>
    </p>
   </div>
   <div class='ocr_carea' id='block_1_113' title="bbox 2110 5525 3736 5620">
    <p class='ocr_par' dir='ltr' id='par_1_113' title="bbox 2110 5525 3736 5620">
     <span class='ocr_line' id='line_1_113' title="bbox 2110 5525 3736 5620; baseline -0.019 -14"><span class='ocrx_word' id='word_1_763' title='bbox 2110 5563 2218 5620; x_wconf 91' lang='lat' dir='ltr'><strong>que</strong></span> <span class='ocrx_word' id='word_1_764' title='bbox 2269 5546 2382 5601; x_wconf 86' lang='lat' dir='ltr'><strong>late</strong></span> <span class='ocrx_word' id='word_1_765' title='bbox 2436 5538 2918 5610; x_wconf 79' lang='lat' dir='ltr'><strong>vastata.regione</strong></span> <span class='ocrx_word' id='word_1_766' title='bbox 2947 5576 2961 5601; x_wconf 91' lang='lat'><strong>,</strong></span> <span class='ocrx_word' id='word_1_767' title='bbox 3013 5532 3164 5588; x_wconf 88' lang='lat' dir='ltr'><strong>nullo</strong></span> <span class='ocrx_word' id='word_1_768' title='bbox 3210 5534 3435 5595; x_wconf 86' lang='lat' dir='ltr'><strong>accepto</strong></span> <span class='ocrx_word' id='word_1_769' title='bbox 3474 5525 3736 5587; x_wconf 55' lang='lat' dir='ltr'><strong>damno,_</strong></span> 
     </span>
    </p>
   </div>
   <div class='ocr_carea' id='block_1_114' title="bbox 2110 5643 2503 5696">
    <p class='ocr_par' dir='ltr' id='par_1_114' title="bbox 2110 5643 2503 5696">
     <span class='ocr_line' id='line_1_114' title="bbox 2110 5643 2503 5696; baseline -0.018 0"><span class='ocrx_word' id='word_1_770' title='bbox 2110 5653 2368 5696; x_wconf 74' lang='lat' dir='ltr'><strong>reversus</strong></span> <span class='ocrx_word' id='word_1_771' title='bbox 2399 5643 2503 5692; x_wconf 74' lang='grc' dir='ltr'>εει.</span> 
     </span>
    </p>
   </div>
   <div class='ocr_carea' id='block_1_115' title="bbox 1709 5729 2388 5793">
    <p class='ocr_par' dir='ltr' id='par_1_115' title="bbox 1709 5729 2388 5793">
     <span class='ocr_line' id='line_1_115' title="bbox 1709 5729 2388 5793; baseline -0.01 -3"><span class='ocrx_word' id='word_1_772' title='bbox 1709 5735 1946 5793; x_wconf 66' lang='lat' dir='ltr'><strong>VARI/IS</strong></span> <span class='ocrx_word' id='word_1_773' title='bbox 1979 5729 2388 5791; x_wconf 73' lang='lat' dir='ltr'><strong>LECTIONES.</strong></span> 
     </span>
    </p>
   </div>
   <div class='ocr_carea' id='block_1_116' title="bbox 491 5812 1079 5889">
    <p class='ocr_par' dir='ltr' id='par_1_116' title="bbox 491 5812 1079 5889">
     <span class='ocr_line' id='line_1_116' title="bbox 491 5812 1079 5889; baseline -0.005 -11"><span class='ocrx_word' id='word_1_774' title='bbox 491 5812 535 5849; x_wconf 62' lang='grc'><strong>⁸³</strong></span> <span class='ocrx_word' id='word_1_775' title='bbox 569 5815 665 5886; x_wconf 70' lang='grc' dir='ltr'><strong>τῆς</strong></span> <span class='ocrx_word' id='word_1_776' title='bbox 709 5817 987 5889; x_wconf 79' lang='grc' dir='ltr'>βασιλείας</span> <span class='ocrx_word' id='word_1_777' title='bbox 1017 5820 1079 5876; x_wconf 87' lang='lat' dir='ltr'><strong>P.</strong></span> 
     </span>
    </p>
   </div>
  </div>
