4124 6468
436 303 547 368 72Ἰ

431 519 556 559 cum
587 503 801 558 Caesare
835 511 982 558 terra
1011 491 1263 573 marique
1296 501 1565 558 adversus
1593 502 1867 558 Goborem
1894 503 2028 557 Bul-

431 610 691 666 garorum
721 594 1030 664 principem
1057 594 1245 664 copias
1268 593 1474 649 educit.
1505 594 1722 665 Bulgari
1759 602 2028 666 apparatu

433 686 643 751 audito,
674 701 740 741 ac
770 702 894 742 cum
923 686 1060 740 alias
1093 686 1236 742 fame
1264 687 1690 754 conﬁcerentur,
1713 690 1868 759 quasi
1899 689 2030 744 tacti

430 795 462 834 e
491 779 632 834 εαξιο
657 779 1088 848 obrigescentes,
1116 780 1379 849 omnique
1405 780 1618 852 abjecta
1650 781 1900 836 victoriae
1935 796 2032 850 spe

432 881 559 927 ante
593 872 761 928 etiam
795 887 999 942 agones
1031 888 1096 927 ac
1139 873 1355 942 proelia,
1400 889 1604 928 nomen
1633 872 1856 928 Christo
1899 872 2031 928 dare

435 965 745 1034 deposcunt
777 981 841 1020 ac
865 967 1116 1020 Romano
1154 965 1380 1020 subesse
1423 965 1766 1034 imperatori.
1797 965 2031 1020 Michael

433 1073 570 1113 vero
624 1058 682 1112 in
731 1057 924 1113 urbem
975 1059 1231 1113 inductos
1289 1057 1515 1112 salutari
1564 1074 1759 1113 omnes
1809 1058 2031 1113 lavacro

437 1147 689 1214 donavit,
710 1163 1013 1218 eorumque
1029 1149 1333 1218 principem
1348 1163 1413 1202 ex
1425 1163 1527 1202 suo
1545 1149 1769 1203 nomine
1793 1148 2033 1204 Michae-

435 1241 547 1296 lem
579 1241 893 1311 appellavit.
935 1241 1030 1295 Ille
1065 1240 1132 1294 ad
1173 1255 1303 1295 suos
1346 1229 1604 1296 reversus
1638 1241 1902 1296 Methodii
1949 1242 2033 1312 pi-

441 1333 616 1388 ctoris
648 1348 813 1387 manu
839 1349 903 1386 ac
922 1333 1180 1402 penicillo
1202 1332 1475 1403 judicium
1491 1333 1846 1404 futuramque
1873 1333 2035 1388 retri-

439 1425 724 1480 butionem
752 1425 810 1478 in
840 1424 956 1478 suis
978 1424 1191 1479 aedibus
1220 1423 1442 1494 depingi
1472 1425 1708 1480 curavit.
1749 1423 2030 1490 Quamob-

441 1533 561 1572 rem
615 1518 782 1572 etiam
838 1533 1032 1572 omnes
1097 1519 1219 1588 ejus
1267 1519 1560 1587 pepulares
1594 1518 1766 1589 magis
1806 1519 1861 1573 in
1906 1535 2032 1574 eum

441 1609 660 1664 accensi
709 1612 1160 1677 tumultuantur;
1227 1614 1283 1667 in
1338 1626 1477 1681 quos
1533 1611 1622 1666 ille
1673 1627 1798 1666 cum
1842 1613 2034 1683 paucis

437 1709 693 1757 conserta
746 1719 948 1772 pugna,
993 1704 1172 1758 victor
1224 1702 1538 1772 divinaeque
1588 1704 1770 1758 crucis
1828 1705 2031 1759 collare

436 1796 654 1865 signum
697 1796 817 1866 (seu
849 1796 1147 1864 pectorale)
1185 1796 1621 1860 circumferens,
1649 1797 1815 1868 666
1840 1812 2030 1852 omnes

437 1888 615 1956 palam
637 1886 985 1942 Christianos
1015 1887 1166 1942 fecit.
1195 1889 1516 1958 Imperatori
1549 1905 1769 1960 quoque
1800 1889 1867 1944 de
1898 1905 2031 1960 agro

437 1979 734 2050 signiﬁcat,
757 1994 954 2048 nempe
983 1980 1149 2034 artari
1173 1981 1289 2036 suis
1314 1981 1517 2036 ﬁnibus
1540 1983 1842 2052 subjectam
1869 1992 2032 2038 tantae

439 2071 816 2126 multitudinis
871 2072 1126 2141 plebem,
1191 2083 1556 2142 praeterquam
1613 2075 1761 2144 quod
1829 2075 2033 2130 animis

439 2162 806 2218 constitutum
834 2163 908 2217 sit
932 2163 1179 2234 ejusdem
1211 2163 1333 2218 ﬁdei
1367 2181 1588 2220 sensum
1618 2147 1672 2220 in
1706 2176 2033 2236 perpetuum

442 2241 634 2312 tenere
656 2272 722 2312 ac
752 2257 999 2311 caritatis
1026 2257 1266 2310 insoluta
1287 2256 1505 2312 vincula
1525 2258 1578 2310 in
1615 2266 1881 2312 aaternum
1917 2274 2034 2313 ser-

444 2362 592 2401 rare.
637 2347 847 2402 Annuit
879 2347 1096 2416 placide
1139 2348 1476 2417 imperator,
1509 2365 1572 2404 ac
1605 2357 1735 2404 tunc
1769 2351 2036 2420 temporis

441 2439 706 2493 incultam
740 2441 1020 2509 regionem
1057 2455 1086 2493 a
1122 2440 1316 2494 Sidera
1349 2444 1364 2510 (
1398 2441 1452 2494 id
1484 2450 1568 2495 cst
1601 2443 1799 2496 Ferrea
1828 2444 1868 2511 ),
1915 2459 2037 2512 quae

1679 302 2063 363 SYMEONIS
2101 304 2473 365 MAGISTRI

499 416 592 468 25.
627 414 758 485 Ejus
793 411 1009 482 imperii
1041 426 1187 466 anno
1223 419 1422 481 quarto
1453 410 1683 466 Michael
1724 412 2026 483 imperator
2051 412 2105 473 Α

3598 299 3710 362 -ἿΞΒ

2199 411 2296 467 κε’.
2331 413 2423 484 Τῷ
2452 412 2494 467 δ’
2523 413 2689 466 αὑτοῦ
2745 412 2856 467 ἔτει
2908 413 3268 485 ἐκστρατεύει
3316 411 3538 484 Μιχαὴλ
3603 412 3716 481 ἅμα

2133 506 2374 576 Καίσαρι
2406 504 2495 560 διά
2525 520 2585 559 τε
2620 505 2723 576 γῆς
2753 507 2850 561 καὶ
2878 505 3157 578 θαλάσσης
3189 505 3327 560 κατὰ
3361 504 3554 572 Γόϐορι
3615 505 3733 572 ἀραὶ

2133 616 2282 670 χοντι
2311 597 2656 670 Βουλγάρων.
2685 597 2855 652 Τοῦτο
2899 577 3167 669 μαθόντες
3201 599 3253 654 οἱ
3315 597 3617 668 Βούλγαροι
3650 596 3695 627 ⁸⁸

2134 690 2252 760 ἅμα
2280 690 2337 743 δὲ
2377 691 2474 744 καὶ
2505 690 2652 761 λιμῷ
2681 691 2994 762 τηκόμενοι,
3048 692 3122 755 ὡς
3150 692 3268 763 ἦχῳ
3327 688 3561 762 βροντῆς
3615 687 3719 739 ὑπ-

2133 782 2427 851 εκλίθησαν
2457 779 2694 854 καὶπρὸ
2722 783 2830 836 τῶν
2892 782 3117 852 ἀγώνων
3147 782 3356 852 καὶτῆς
3385 782 3565 851 μάχης
3596 779 3723 848 περὶ

2131 877 2232 944 τὴν
2262 874 2422 942 νίκην
2454 873 2828 944 κατέγνωσαν,
2883 874 3200 946 Χριστιανοί
3232 891 3292 926 τε
3327 872 3582 942 γενέσθαι
3627 871 3724 924 καὶ

2135 967 2538 1024 ὑποτάσσεσθαι
2563 967 2642 1038 τῷ
2672 967 2887 1038 βασιλεῖ
2930 967 3218 1039 Ῥωμαίων
3243 967 3536 1038 ᾐτήσαντο.
3578 965 3635 1019 '0
3665 964 3722 1017 δὲ

2137 1059 2392 1130 βασιλεὺς
2414 1059 2637 1124 τούτους
2662 1062 2719 1114 ὲν
2743 1065 2810 1133 τῇ
2837 1061 2988 1114 πόλει
3011 1058 3234 1129 ἀγαγὼν
3261 1057 3559 1112 ὲὸάπτισεν
3585 1057 3724 1110 πάν·

2133 1169 2235 1216 τας
2257 1152 2351 1205 καὶ
2379 1151 2472 1205 τὸν
2503 1153 2740 1223 ἄρχοντα
2773 1153 2952 1207 αὐτῶν
2970 1152 3191 1222 Μιχαὴλ
3217 1151 3591 1220 ἐπωνόμασεν.
3627 1151 3725 1212 Ὃς

2135 1247 2216 1309 εἰς
2242 1245 2302 1298 τὸ
2353 1245 2482 1299 ἴδιον
2508 1246 2857 1318 ὑποστρέψας
2890 1246 2979 1300 διὰ
3010 1245 3306 1317 ζωγράφου
3341 1244 3605 1300 Μεθοδίου
3637 1243 3727 1295 λε-

2135 1338 2368 1407 γομένου
2397 1339 2496 1408 τὴν
2527 1339 2709 1409 κρίσιν
2745 1339 2836 1393 καὶ
2863 1340 3221 1393 ἁνταπόῖοσιν
3255 1340 3312 1392 ἐν
3337 1339 3414 1408 τῷ
3445 1338 3581 1406 οἴκῳ
3623 1335 3726 1389 αύ-

2134 1429 2229 1482 τοῦ
2291 1430 2574 1500 γραφῆναι
2628 1431 3078 1500 πεποίηκενοδιδ
3131 1432 3226 1484 καὶ
3283 1430 3485 1500 μᾶλλον
3514 1430 3614 1499 τὴν
3664 1429 3728 1480 ἐκ

2136 1519 2337 1582 παντὸς
2363 1519 2457 1572 τοῦ
2480 1519 2676 1588 γένους
2707 1521 2872 1574 αὑτοῦ
2904 1521 3303 1590 καθυφεσταται
3332 1521 3726 1578 ἐπανάστασιν.

2135 1608 2229 1671 οὒς
2276 1611 2414 1680 μετά
2472 1628 2635 1664 τινων
2696 1611 2893 1680 ὀλίγων
2949 1612 3432 1683 καταπολεμήσας,
3497 1611 3587 1664 τὸν
3631 1607 3728 1662 τοῦ

2137 1701 2284 1754 θείου
2323 1702 2560 1776 σταυροῦ
2625 1703 2794 1757 τύπον
2825 1705 3116 1774 ὲγκόλπιον
3169 1705 3471 1774 περιάγων,
3523 1702 3730 1762 πάντας

2137 1795 2440 1864 ἀναφανδὸν
2475 1797 2702 1868 ἐποίησε
2736 1797 3116 1869 Χριστιανούς.
3145 1797 3309 1868 Δηλοῖ
3338 1797 3430 1850 καὶ
3463 1795 3542 1864 τῷ
3579 1794 3734 1861 βασι-

2138 1885 2222 1940 λεῖ
2251 1889 2379 1957 περὶ
2417 1891 2521 1960 γῆς
2552 1890 2641 1943 διά
2665 1892 2726 1943 τὸ
2762 1889 3083 1943 στενοῦσθαι
3112 1891 3169 1944 ὲν
3197 1891 3307 1953 τοῖς
3337 1888 3488 1950 ἰδίοις
3517 1888 3578 1939 τὸ
3605 1888 3734 1939 ὲαυ-

2139 1979 2256 2044 τοῦ,
2291 1981 2428 2050 πρὸς
2457 1981 2534 2052 τῷ
2568 1982 2660 2036 καὶ
2696 1983 2754 2036 ὲν
2807 1984 2874 2053 τῇ
2915 1982 3101 2034 πίστει
3130 1983 3377 2050 ὁμονοεῖν
3411 1979 3597 2042 ἀῖδέως
3639 1977 3735 2030 καὶ

2140 2071 2240 2143 τὴν
2271 2073 2494 2144 ἀγάπην
2523 2075 2716 2128 ἄλυτον
2748 2076 2826 2139 εἰς
2861 2073 3066 2138 αἰῶνας
3092 2071 3406 2142 φυλάττειν.
3450 2070 3508 2122 ’0
3543 2070 3600 2122 δὲ
3641 2068 3735 2120 εὑ-

2147 2166 2326 2234 μενῶς
2351 2168 2574 2237 ἤκουσε,
2606 2170 2700 2222 καὶ
2729 2168 2962 2221 δέδωκεν
2987 2167 3205 2238 ἐρήμην
3234 2160 3403 2220 οὖσαν
3430 2160 3735 2234 τηνικαῦτα

2144 2262 2242 2330 τὴν
2269 2264 2377 2317 ἀπὸ
2398 2265 2498 2334 τῆς
2532 2265 2786 2336 Σιδηρᾶς,
2837 2264 3045 2334 ταύτης
3080 2261 3145 2333 δὴ
3176 2261 3298 2315 τότε
3353 2260 3502 2329 ὃριον
3531 2273 3737 2326 τυγχα-

2145 2354 2343 2424 νούσης
2380 2357 2671 2427 Ῥωμαίων
2699 2374 2758 2409 τε
2789 2356 2886 2411 καὶ
2915 2355 3116 2417 αὑτῶν,
3165 2354 3296 2425 ἄχρι
3324 2355 3424 2425 τῆς
3453 2349 3738 2412 Δεσελτδν,

2145 2448 2266 2518 ἥτις
2300 2447 2442 2501 οὑτω
2470 2449 2718 2502 καλεῖται
2746 2449 2988 2518 Ζαγόρια
3017 2447 3150 2515 παρ’
3179 2447 3383 2509 αὑτοῖς.

441 2540 579 2587 tunc
626 2532 887 2585 Romana:
937 2547 1003 2586 ae
1037 2531 1401 2602 Bulgarorum
1432 2532 1661 2587 ditionis
1707 2533 1866 2587 limes
1895 2524 2144 2596 erat,'ad
2184 2537 2468 2592 Debcltum
2505 2555 2673 2610 usque
2703 2538 3016 2609 (vernacula
3046 2537 3232 2607 lingua
3297 2535 3564 2606 Zagoram
3631 2533 3742 2590 illis

442 2628 842 2698 nuncupatam)
875 2643 1132 2698 agrorum
1171 2637 1381 2697 partem
1417 2629 1498 2682 eis
1538 2629 1752 2683 tribuit.

515 2717 606 2774 26.
639 2719 923 2775 Michaelis
950 2720 1167 2790 imperii
1195 2736 1340 2775 anno
1370 2721 1584 2790 quinto,
1622 2723 1821 2777 Amere
1855 2723 2042 2789 cepias

445 2825 642 2868 rursus
694 2811 960 2867 adversus
1011 2812 1289 2868 Romanos
1332 2813 1628 2876 educente,
1674 2814 1944 2875 Petronas
1987 2824 2043 2868 ct

445 2906 630 2961 Nazar
657 2905 826 2961 duces
863 2907 915 2960 in
953 2909 1074 2977 ejus
1104 2922 1398 2961 occursum
1435 2909 1503 2962 ad
1536 2908 1897 2962 Lalacaonem
1949 2925 2043 2962 ve-

446 3015 601 3055 nere.
643 2998 871 3055 Collatis
916 2999 1085 3071 signis
1132 3001 1300 3055 Amer
1349 3000 1403 3054 in
1458 3000 1641 3071 fugam
1691 3017 1884 3056 versus
1935 3011 2038 3067 est,

447 3092 567 3161 ejus
603 3101 887 3146 exsectum
935 3101 1102 3162 caput
1148 3093 1496 3164 aliorumque
1541 3093 1780 3162 plurium
1829 3095 2041 3148 victore

447 3183 698 3238 exercitu
739 3198 803 3239 ac
849 3183 1053 3238 dueum
1118 3185 1403 3254 triumpho
1454 3184 1510 3238 in
1556 3186 1747 3239 urbem
1802 3185 2040 3241 illatum.

447 3275 590 3332 Hinc
635 3291 833 3348 magna
869 3293 968 3347 per
1015 3277 1297 3332 Orientem
1341 3279 1484 3332 facta
1535 3279 1929 3349 tranquillitas.
1966 3281 2044 3334 Ac

449 3365 675 3438 quidem
711 3369 803 3422 alii
837 3369 1055 3423 labores
1089 3368 1453 3432 desudahant,
1499 3370 1906 3440 adversumque
1945 3371 2045 3426 ho-

452 3469 567 3516 stes
593 3462 858 3532 prmclara
882 3461 1012 3514 belli
1038 3460 1282 3515 facinora
1305 3461 1668 3533 designabant
1694 3480 1706 3515 :
1742 3461 2042 3531 imperato-

452 3549 533 3606 ris
577 3566 710 3606 vero
739 3551 794 3606 in
825 3551 1086 3606 Basilium
1120 3551 1331 3606 eﬁ‘usus
1377 3569 1532 3607 amor
1582 3563 1735 3616 erat,
1785 3555 2046 3624 huncquc

454 3659 629 3698 unum
661 3643 744 3698 sui
771 3644 1119 3714 potissimum
1155 3643 1426 3698 cultorem
1455 3646 1825 3700 existimabat.

525 3737 617 3792 2⁵1.
651 3738 784 3810 Ejus
842 3737 1073 3808 imperi;
1117 3752 1263 3790 anno
1309 3747 1463 3791 sexto
1520 3739 1757 3792 zealificat
1817 3741 2044 3796 Michael

453 3829 659 3901 equile,
727 3829 1098 3884 marmoribus
1145 3844 1441 3894 exornans,
1478 3831 1770 3900 omnisque
1831 3836 2048 3902 generis

456 3933 724 3989 aquarum
778 3917 1028 3988 irriguo,
1076 3919 1388 3990 jucundum
1451 3920 1585 3975 illud
1640 3930 1804 3991 atque
1854 3922 2048 3978 usibus

456 4009 806 4067 commodum
870 4020 1157 4081 praestans.
1223 4011 1494 4066 Absoluto
1553 4013 1756 4083 equilis
1813 4015 2048 4070 aedilicio

456 4105 624 4160 Petro
670 4103 891 4159 cuidam
943 4103 1210 4166 ostendit,
1269 4103 1390 4158 viro
1442 4105 1626 4174 sagaci
1687 4121 1750 4158 ac
1802 4105 2050 4162 dicteriis

456 4208 682 4253 assueto
707 4198 878 4258 (hunc
911 4197 1307 4268 πτωχομάχην,
1345 4213 1410 4251 ac
1445 4198 1490 4251 si
1524 4197 1677 4252 dicas
1705 4200 2050 4268 paupertatis

453 4287 734 4344 vindicem
760 4304 855 4343 seu
897 4303 1202 4358 pauperum
1247 4287 1619 4354 defensorem,
1652 4290 1955 4360 dicebant),
1983 4306 2050 4346 ex

455 4395 523 4434 eo
553 4379 769 4434 laudem
793 4388 1018 4448 captans
1041 4397 1056 4445 ;
1088 4379 1274 4448 aitque
1300 4380 1420 4448 ejus
1445 4381 1630 4448 operis
1648 4397 1878 4436 munere
1902 4397 2049 4436 sem—

2222 2729 2331 2787 xg'.
2363 2721 2452 2791 Τῷ
2480 2720 2520 2774 ε’
2554 2717 2719 2774 αὑτοῦ
2754 2719 2864 2773 ἔτει
2895 2718 2988 2772 τοῦ
3025 2718 3207 2787 Ἀμερ
3259 2716 3423 2770 πάλιν
3469 2713 3562 2768 ἐπὶ
3605 2713 3742 2767 Ῥω-

2152 2817 2348 2886 μανίαν
2389 2814 2702 2879 ἐξελθόντος
2739 2811 3042 2866 συναντῶσι
3071 2811 3367 2880 Πετρωνᾶς
3416 2809 3510 2862 καὶ
3543 2809 3738 2877 Νάσαρ

2148 2914 2197 2966 οἱ
2218 2911 2518 2983 στρατηγοὶ
2547 2911 2627 2972 εἰς
2655 2909 2746 2962 τὸν
2770 2907 3134 2962 Λαλακαῶνα.
3159 2905 3268 2958 Καὶ⁵
3289 2903 3562 2974 συμϐολῆς
3589 2919 3745 2969 γενο-

2151 2999 2318 3069 μένης
2347 2998 2609 3070 τρέπεται
2640 2998 2668 3049 ὁ
2698 2997 2762 3048 Ἀ
2775 3013 2837 3067 με
2849 3014 2900 3066 ρ,
2935 2995 3028 3048 καὶ
3056 2993 3155 3065 τὴν
3186 2991 3428 3062 κεφαλὴν
3455 2990 3619 3044 αὑτοῦ
3645 2988 3739 3042 καὶ

2087 3130 2112 3147 η
2148 3091 2323 3145 ἄλλων
2352 3089 2561 3142 πολλῶν
2593 3089 2643 3141 οἱ
2680 3088 2975 3157 στρατηγοὶ
2997 3087 3076 3149 εἰς
3102 3084 3201 3156 τὴν
3223 3083 3377 3137 πόλιν
3405 3081 3737 3150 εἰσάγουσιν.

2160 3184 2255 3236 Ἐκ
2279 3181 2469 3234 τούτου
2504 3181 2715 3249 γίνεται
2746 3180 2958 3250 γαλήνη
2997 3177 3208 3249 μεγάλη
3241 3177 3298 3229 έν
3338 3177 3403 3246 τῇ
3457 3170 3739 3241 Ἀνατολῇ.

2147 3277 2257 3328 Καὶ
2284 3275 2463 3328 ἄλλων
2498 3275 2594 3344 μὲν
2627 3275 2676 3326 οἱ
2711 3273 2864 3325 πόνοι
2891 3272 2986 3324 καὶ
3016 3271 3083 3324 τά
3113 3271 3222 3324 τῶν
3266 3269 3517 3340 πολέμων
3548 3266 3745 3336 ἀνδρα-

2145 3367 2478 3438 γαΟὴματα·
2513 3368 2546 3436 ἠ
2573 3365 2629 3418 δὲ
2663 3365 2757 3417 τοῦ
2807 3363 3074 3433 βασιλέως
3115 3361 3305 3432 ἀγάπη
3342 3361 3480 3432 πρὸς
3501 3358 3592 3412 τὸν
3634 3358 3744 3410 Βα-

2149 3459 2345 3513 σίλειον
2376 3459 2690 3528 ἐξεκέχυτο,
2727 3459 2820 3510 καὶ
2859 3457 3048 3511 τοῦτον
3086 3455 3245 3526 μόνον
3300 3453 3550 3525 ἐνόμιζεν
3604 3447 3746 3505 εἶναι

2147 3553 2239 3605 τὸν
2279 3552 2652 3622 Θεραπεύοντα
2687 3552 2871 3605 αὐτόν.

2223 3731 2324 3796 κζ’.
2361 3733 2451 3803 Τῷ
2485 3731 2538 3797 ς’
2571 3731 2733 3786 αὑτοῦ
2768 3730 2877 3784 ἔτει
2935 3731 3111 3795 κτίζει
3145 3728 3376 3783 στάϐλον
3402 3724 3512 3778 τῶν
3561 3725 3748 3777 ἵππων

2149 3825 2338 3890 αὑτοῦ,
2369 3825 2656 3893 κοσμήσας
2690 3821 2852 3874 αὑτὸν
2881 3821 3197 3891 μαρμάροις
3225 3820 3318 3872 καὶ
3351 3817 3559 3871 ὑδάτων
3590 3816 3749 3885 ἐπιρ-

2151 3922 2300 3990 ῥοαῖς
2343 3917 2812 3986 παντοιοτρὸπως.
2876 3913 3240 3975 Τελεσθέντος
3285 3911 3341 3964 δὲ
3403 3909 3748 3964 ὑποδεικνύει

2149 4011 2245 4082 τὴν
2277 4009 2470 4077 ἄλογον
2496 4008 2849 4076 κατασκευὴν
2877 4006 2972 4059 τοῦ
3008 4005 3190 4070 οἴκου,
3237 4003 3562 4075 βουλόμενος
3585 4003 3749 4054 ὲπαιι

2150 4105 2393 4174 νεθίῆναι,
2426 4102 2619 4173 Πέτρῳ
2651 4102 2756 4154 τινὶ
2799 4101 2966 4171 λογῖῳ
3005 4100 3102 4152 καὶ
3131 4098 3428 4166 σκωπτικῷ
3477 4097 3653 4166 ἀνδρὶ,
3689 4093 3750 4146 ὃν

2149 4173 2248 4254 καί
2284 4200 2372 4271 [Ρ.
2403 4196 2530 4269 4H]
2581 4194 2966 4267 Πτωχομάχην
3003 4193 3272 4256 ἐκάλουν,
3329 4191 3421 4245 καί
3457 4208 3644 4260 φησιν,
3672 4187 3749 4248 ὡς

2159 4315 2176 4342 ι
2199 4293 2311 4344 Ἀεὶ
2341 4286 2779 4361 μνημονεύεσθαι
2810 4285 3011 4352 ὀφείλω
3025 4282 3071 4314 ⁸³
3090 4282 3180 4335 διὰ
3202 4282 3299 4352 τὴν
3328 4280 3422 4334 τοῦ
3442 4280 3604 4350 ἔργου
3629 4278 3751 4331 τοὺ-ν

2151 4404 2246 4439 του
2272 4380 2640 4450 κατασκευήν.
2680 4398 2698 4430 ι
2735 4380 2844 4431 Καὶ
2878 4381 2905 4431 ὁ
2950 4377 3156 4447 Πέτρος
3188 4375 3268 4446 τῷ
3302 4375 3514 4447 βασιλεί
3548 4387 3742 4446 φησιν’

455 4473 737 4543 piternum
747 4471 853 4526 sibi
866 4470 985 4525 fore
995 4485 1196 4526 nomen
1214 4486 1278 4525 ac
1289 4472 1616 4526 claritatem.
1629 4473 1874 4544 667Ad
1890 4491 2041 4544 quen‘.

2174 4473 2610 4538 Ἰουστινιανὸς
2660 4471 2867 4526 ἔκτισε
2901 4470 3018 4539 τὴν
3065 4469 3360 4542 Μεγάλην
3415 4467 3752 4536 ἐκκλησίαν

457 4563 698 4617 Petrus:
735 4562 1076 4615 Justinianus
1141 4562 1408 4632 Augustus
1474 4563 1732 4635 Magnam
1777 4565 2051 4622 ecclesiam

429 4653 759 4722 ’a’diﬁcavit,
796 4671 928 4707 auro
958 4666 1005 4708 et
1043 4664 1261 4725 argento
1290 4657 1639 4728 pretiosisque
1698 4660 2052 4714 marmoribus

459 4745 744 4815 magniﬁce
770 4761 1036 4799 exornans
1063 4761 1082 4810 ,'
1117 4763 1209 4800 nec
1229 4747 1346 4817 ejus
1377 4765 1518 4818 nunc
1538 4756 1738 4818 perstat
1772 4752 2048 4805 memoria.

461 4839 536 4893 Tu
565 4855 708 4904 vero,
745 4855 776 4893 ο
800 4839 1113 4910 imperator,
1151 4839 1300 4895 clara
1336 4849 1385 4894 te
1411 4844 1670 4897 memoria
1705 4843 1848 4913 apud
1873 4852 2048 4913 poste-

461 4948 547 4986 ros
594 4931 969 4986 cetebrandum
1009 4933 1154 4986 ducis
1182 4973 1197 4996 ,
1257 4934 1397 5002 quod
1451 4933 1621 4988 locum
1662 4946 1955 4989 stercorum
1999 4946 2048 4989 et

460 5021 632 5092 equile
652 5023 1008 5076 construxeris
1037 5023 1060 5076 !
1108 5023 1478 5094 lratus'ergo.
1516 5037 1577 5080 ut
1617 5027 1711 5095 qui
1745 5042 1841 5096 spe
1870 5027 2049 5082 laudis

461 5113 703 5184 quaesitae
757 5113 1052 5169 frustratus
1098 5121 1277 5177 esset,
1317 5116 1648 5170 verberibus
1693 5117 2048 5190 calcibusque

461 5207 628 5262 domo
656 5207 912 5262 extrusit.

529 5300 621 5355 28.
659 5300 880 5370 Imperii
909 5301 1193 5357 Michaelis
1243 5317 1389 5356 anno
1437 5303 1694 5372 septimo,
1731 5306 2052 5374 percrebre-

464 5402 650 5448 scente
697 5393 839 5447 fama
867 5393 1097 5447 Bardam
1143 5391 1416 5448 Caesarem
1445 5395 1610 5448 nurui
1653 5411 1766 5450 suae
1795 5396 2053 5452 Eudociae

463 5484 626 5540 foedis
671 5483 952 5539 amoribus
1001 5484 1368 5547 commisceri,
1416 5485 1746 5543 admouebat
1801 5488 2056 5542 crebrius

465 5576 708 5648 ignatius
737 5577 1047 5647 patriarcha
1073 5587 1134 5632 ut
1161 5594 1190 5631 a
1217 5580 1364 5633 malo
1406 5595 1526 5636 sese
1559 5583 1892 5637 contineret.
1927 5582 2057 5634 Bar-

2159 4570 2481 4640 κοσμήσας
2514 4567 2724 4638 χρυσῷ
2753 4569 2850 4622 καὶ
2882 4569 3118 4638 ἀργύρῳ
3159 4567 3256 4620 καὶ
3282 4564 3611 4636 μαργάροις
3640 4574 3750 4615 πο-

2156 4665 2453 4734 λυτίμοις,
2483 4661 2581 4716 καὶ
2613 4662 2650 4731 ἡ
2674 4661 2884 4732 μνήμη
2911 4660 3100 4715 αὑτοῦ
3133 4660 3252 4714 νῦν
3297 4660 3408 4711 οὐκ
3438 4657 3600 4709 ἔστι·
3652 4651 3750 4704 καὶ

2157 4758 2262 4822 σὺ,
2282 4755 2572 4823 βασιλεῦ,
2602 4756 2882 4826 κοπρῶνι-ιι
2916 4753 3177 4819 ποιήσας
3209 4749 3306 4802 καὶ
3337 4748 3575 4812 ἀλόγων
3605 4741 3752 4795 ἀνά-

2159 4862 2393 4904 παυσιν
2424 4847 2622 4919 λέγεις
2667 4847 3160 4919 μνημονεύεσθαι
3200 4839 3295 4890 διὰ
3345 4833 3559 4896 τοῦτο;
3599 4833 3659 4884 Ὀ
3693 4829 3747 4881 δὲ

2159 4942 2438 5013 ὀργισθεὶς
2463 4943 2540 5006 ὡς
2575 4941 2667 4994 τοῦ
2699 4940 2923 4994 ἐπαίνου
2955 4931 3244 5001 ἀποτυχὼν
3292 4925 3628 4997 τυπτόμενον
3659 4921 3752 4976 καὶ

2163 5052 2226 5088 συ
2235 5037 2466 5106 pop-cvm
2494 5035 2658 5087 αὑτὸν
2681 5032 2975 5102 ἐξήγαγεν.

2231 5298 2340 5368 κη’.
2370 5295 2460 5366 Τῷ
2492 5295 2535 5359 ζ’
2564 5293 2728 5348 αὑτοῦ
2760 5293 2890 5354 ἔτει,
2918 5290 3110 5360 φήμης
3135 5282 3457 5353 διαθεούσης
3497 5282 3573 5345 ὡς
3603 5282 3748 5352 Βάρ-

2160 5394 2256 5456 δας
2294 5396 2321 5446 ὁ
2345 5393 2563 5458 Καῖσαρ
2586 5391 2652 5460 τῇ
2679 5388 2869 5460 νύμφῃ
2888 5383 3054 5441 αὑτοῦ
3079 5381 3310 5453 Εὑδοκίᾳ
3333 5377 3748 5450 συμφθείρεται.

2162 5488 2191 5539 ὁ
2223 5484 2572 5556 πατριάρχης
2636 5481 2896 5550 Ἰγνάτιος
2955 5477 3213 5541 πολλάκις
3267 5472 3442 5544 τούτῳ
3491 5471 3755 5540 παραινεῖ

2165 5578 2506 5650 ἀποσχέσθαι
2536 5579 2629 5632 τοῦ
2661 5575 2857 5634 κακοῦ.
2901 5576 2960 5630 '0
2987 5575 3044 5628 δὲ
3082 5571 3157 5644 μὴ
3192 5568 3515 5640 πειθόμενος
3549 5562 3750 5636 μᾶλλον

1753 5676 1984 5733 νειιιιιιῑ
2024 5674 2429 5732 LECTIONES.

543 5762 585 5792 ⁸⁸
619 5764 888 5838 Βωγώριῖ³
964 5768 1005 5798 ³⁵
1039 5767 1266 5837 ὀφείλων
1303 5769 1361 5824 Ρ.
