4124 6450
424 378 525 445 ’131

1675 355 2058 426 SYMEONIS
2097 319 2468 422 namsrm

3594 355 3699 417 732

495 501 584 555 50.
611 497 816 552 Deinde
835 509 903 552 eo
924 503 1075 556 nato,
1105 499 1300 547 vocato
1323 500 1498 544 mater
1525 486 1728 542 Jacobo
1764 479 2013 536 Maximi-

2187 475 2250 530 λ’.
2283 475 2416 532 Εἶτα
2447 477 2801 548 γεννηθέντος
2831 478 2864 547 ἡ
2894 476 3078 546 μήτηρ
3121 475 3372 530 Ἰάκωϐον
3401 477 3492 530 τὸν
3517 479 3702 544 Μαξι-

423 609 509 648 na:
541 585 862 644 monasterii
897 585 1160 655 praefecto
1183 624 1196 649 ,
1231 583 1296 637 ad
1327 583 1445 652 ejus
1478 593 1535 633 se
1565 577 1736 647 pedes
1763 573 2009 628 lacrimis

425 683 643 752 oppleta
670 678 917 749 jactavit.
952 683 1014 730 ut
1042 690 1196 730 sacra
1227 687 1353 728 eum
1383 671 1528 725 unda
1562 671 1814 737 tingeret.
1848 665 2009 718 Dice-

425 776 518 830 bat
540 772 687 828 enim
713 789 727 825 :
763 770 1057 840 Prwgnans
1075 785 1190 821 cum
1221 782 1403 828 essem,
1431 763 1536 817 vidi
1557 765 1609 815 in
1628 761 1824 816 somnis
1851 759 2011 811 scisso

427 879 575 922 utero
606 872 892 921 draconem
916 882 978 919 ea:
1006 882 1085 917 me
1115 865 1317 916 exiisse.
1356 859 1457 913 Sed
1485 867 1532 911 et
1561 865 1778 910 sanctus
1805 855 2012 922 confes-

427 981 517 1017 sor
545 963 795 1017 Hilarion
821 961 1128 1014 monasterii
1172 956 1436 1010 Dalmata:
1467 955 1599 1006 dixit
1639 952 1768 1005 mihi
1797 965 2013 1019 corpore

429 1055 674 1108 indutum
709 1071 791 1108 me
827 1053 1089 1107 Satanam
1125 1059 1270 1102 utero
1314 1056 1540 1117 gestare.
1578 1045 1628 1099 Is
1657 1059 1788 1113 ergo
1829 1058 2016 1096 susce-

433 1159 589 1218 ptum
641 1149 904 1201 infantem
957 1143 1298 1214 baptizavit,
1352 1140 1606 1196 Pholium
1668 1154 1900 1196 vocans,
1952 1152 2016 1190 ac

433 1238 658 1292 dicens:
680 1237 834 1290 Forte
860 1235 1100 1288 transibit
1129 1234 1192 1286 ab
1213 1231 1308 1286 illo
1328 1234 1411 1285 ira
1440 1230 1551 1283 Dei.
1583 1229 1804 1297 Sergius
1830 1238 2013 1281 autem

434 1333 555 1400 ejus
585 1339 758 1401 pater,
811 1330 1058 1400 quaedam
1107 1328 1158 1380 in
1195 1342 1261 1381 eo
1295 1327 1451 1396 signa
1484 1325 1698 1387 videns,
1732 1323 1872 1376 Nam
1900 1338 2016 1375 mea

405 1417 588 1483 'nxor,
619 1421 818 1483 aiebat,
843 1437 907 1472 ea
932 1421 1048 1488 ipsa
1086 1425 1160 1471 est
1194 1415 1636 1477 sanctimonialis,
1688 1431 1850 1484 quam
1877 1412 2019 1482 apud

435 1513 678 1567 ﬂebrwos
711 1511 1091 1566 Antichristnm
1134 1510 1437 1580 parituram
1475 1506 1823 1577 exspectant?
1861 1503 2018 1572 Quod

350 1589 360 1601 ’
436 1618 566 1657 vero
617 1612 875 1672 parentes
919 1602 1314 1655 monachorum
1370 1599 1602 1656 studiosi
1649 1607 1828 1662 erant,
1883 1611 2021 1650 uxor

435 1694 600 1748 domo
634 1695 832 1748 lubens
872 1694 1154 1762 excipiens
1192 1709 1290 1763 pro
1326 1693 1457 1763 ipsis
1484 1708 1548 1746 ac
1585 1692 1780 1746 Photio
1829 1706 2020 1760 preces

435 1786 668 1840 fundere
708 1787 955 1856 rogabat.
993 1786 1150 1839 llunc
1187 1785 1516 1855 quandoque
1561 1785 1816 1838 Photium
1862 1781 2018 1837 valde

436 1875 620 1930 adhuc
650 1878 965 1946 puerulum,
991 1892 1113 1930 cum
1134 1877 1300 1946 670
1322 1885 1476 1945 pater
1501 1875 1569 1930 ad
1593 1874 1648 1930 S.
1675 1875 2022 1930 Joannicium

441 1968 498 2022 in
533 1976 719 2023 monte
750 1967 979 2040 Olympo
1011 1969 1350 2033 adduxisset,
1381 1969 1709 2022 obsecrabat
1740 1977 1798 2022 ut
1841 1975 2028 2022 oraret

441 2074 542 2128 pro
589 2075 677 2114 eo.
745 2059 845 2114 Cui
903 2061 994 2114 ille
1051 2070 1298 2114 actutum
1361 2059 1726 2128 respondens,
1784 2058 2025 2123 Photius,

444 2151 645 2218 inquit,
677 2151 787 2204 vias
821 2158 941 2204 tuas
966 2191 981 2215 ,
1011 2151 1255 2216 Domine,
1289 2161 1345 2204 ut
1378 2152 1531 2215 sciat,
1575 2152 1630 2203 in
1660 2151 1896 2203 animum
1925 2165 2030 2202 non

442 2244 666 2298 inducit.
703 2244 783 2298 Ad
809 2260 971 2313 quem
1003 2243 1230 2314 Sergius
1250 2245 1358 2296 alta
1390 2244 1601 2297 ducens
1633 2243 1867 2311 suspiria
1895 2259 1907 2294 :
1968 2241 2031 2296 Ut

443 2333 589 2403 quid,
610 2334 797 2396 Pater,
830 2337 924 2387 hoc
948 2334 1125 2387 dixisti
1155 2334 1500 2403 ?Respondit
1535 2349 1703 2388 senex
1730 2351 1741 2386 :
1779 2333 1909 2398 Quae
1940 2332 2032 2386 ille

445 2432 849 2493 perpetraturus
880 2431 974 2486 est,
1009 2425 1099 2477 tibi
1130 2424 1400 2477 denuntio.
1443 2423 1583 2477 Tum
1615 2424 1840 2492 Sergius
1873 2433 2036 2492 caput

447 2514 691 2568 cinerem
726 2530 984 2584 aspersus
1015 2531 1046 2570 e
1085 2525 1272 2570 monte
1302 2515 1608 2571 descendit.

447 2741 454 2750 .
522 2696 612 2752 3i.
650 2697 912 2752 Traditus
938 2695 1248 2766 disciplinis
1282 2698 1584 2768 majoribus
1629 2698 1830 2753 animis
1870 2709 2036 2770 atque

450 2804 642 2858 opera,
676 2804 799 2857 qua:
839 2787 1154 2842 Graecorum
1191 2796 1349 2841 erant
1398 2803 1461 2841 ac
1498 2787 1817 2856 gentilium,
1869 2804 2035 2857 quam

450 2896 574 2949 qua:
600 2880 992 2955 ecclesiastica,
1035 2881 1374 2950 capessebat.
1426 2881 1579 2936 Unde
1621 2886 1792 2936 etiam
1824 2899 1948 2938 cum
1983 2884 2038 2939 in

437 2971 745 3025 Hebraeum
799 2972 1093 3040 quemdam
1145 2988 1361 3042 magum
1411 2972 1720 3036 incidisset,
1771 2976 1850 3029 ait
1899 2976 1976 3030 illi
2020 2995 2034 3030 :

455 3063 593 3127 Quid
628 3065 774 3127 mihi,
818 3065 1052 3132 juvenis,
1090 3064 1313 3118 daturus
1354 3080 1427 3127 es,
1471 3065 1770 3135 faciamque
1800 3076 1856 3118 ut
1889 3067 2040 3123 Grae-

2121 571 2282 640 μίνης
2316 571 2623 640 ἡγούμενον
2657 569 3131 640 μεταπεμψαμένη
3162 568 3388 641 ἔρριψεν
3419 571 3584 623 αὑτὸν
3620 573 3702 636 εἰς

2118 664 2242 725 τοὺς
2271 663 2440 725 πόδας
2469 664 2633 715 αὐτοῦ
2666 663 2931 716 κλαίουσα
2954 662 3048 716 τοῦ
3082 661 3447 732 βαπτισθῆναι
3479 663 3572 716 ὑπ’
3600 665 3702 718 αὖ·

2117 755 2234 808 τοῦ.
2276 756 2472 823 Ἔλεγε
2499 757 2626 826 γὰρ,
2670 755 2750 808 ὅτι
2779 757 3037 823 Ἕγκυος
3060 752 3220 809 οὖσα
3244 754 3413 807 -εἷδον
3441 756 3586 822 ὄναρ
3614 755 3706 809 ὅτι

2119 847 2378 916 ἐσχίσθη
2401 848 2438 916 ἡ
2462 849 2506 880 ⁸⁸
2529 850 2725 908 κοιλία
2749 867 2868 918 μου
2894 851 2989 901 καὶ
3009 848 3229 916 ἐξῆλθε
3255 846 3509 914 δράκων.
3529 849 3709 906 Ἀλλᾶ

2122 942 2218 993 καὶ
2249 944 2281 995 o'
2311 941 2479 1006 ὅσιος
2507 941 2606 994 καὶ
2648 943 3025 1012 ὀμολογητὴς
3061 941 3322 1007 Ἱλαρίων
3347 946 3378 996 ὀ
3410 943 3521 1010 τῆς
3549 945 3707 998 Δαλ-

2118 1032 2309 1099 μάτου
2339 1034 2540 1102 εἰρηκέ
2579 1053 2682 1104 μοι
2737 1035 2827 1088 ὅτι
2884 1035 3402 1103 Σεσωματωμένον
3433 1035 3710 1093 Σατανᾶν

2117 1125 2460 1191 βαστάζεις.
2512 1126 2708 1180 Λαϐὼν
2765 1123 2859 1181 οὖν
2913 1129 3078 1181 αὐτὸν
3126 1128 3446 1194 ἐϐάπτισεν,
3501 1130 3708 1185 Φὼτιον

2124 1215 2646 1286 ὠνομακὼς,Ἵο’ως,
2663 1219 2856 1286 λέγων,
2883 1219 3167 1286 παρέλθοι
3193 1222 3230 1288 ἡ
3255 1219 3399 1289 ὀργὴ
3425 1221 3530 1274 τοῦ
3558 1222 3706 1275 Θεοῦ

2125 1309 2226 1363 ἀπ’
2280 1311 2487 1364 αὐτοῦ.
2527 1311 2749 1382 Σέργιος
2805 1311 2862 1364 δὲ
2893 1313 2920 1365 6
2967 1313 3152 1384 πατὴρ
3197 1312 3384 1377 αὐτοῦ,
3413 1314 3556 1382 όρῶν
3588 1331 3710 1368 τινα

2129 1405 2329 1472 σημεῖα
2360 1405 2416 1456 ἐν
2457 1404 2626 1473 αύτῷ,
2667 1404 2855 1473 ἔλεγεν
2875 1422 2888 1436 ·
2923 1404 3018 1473 Μὴ
3045 1406 3157 1473 ἄρα
3192 1407 3228 1473 ἡ
3257 1407 3394 1475 παρ’
3422 1407 3712 1474 Ἑϐραίοις

2119 1494 2480 1564 ,ἐλπιζομένην
2505 1498 2872 1565 μονάστρια,
2919 1499 2958 1566 ἡ
2994 1498 3102 1552 τὸν
3140 1499 3545 1568 Ἀντίχριο-τον
3567 1500 3714 1568 μέλ-

2127 1591 2329 1641 λουσα
2355 1590 2598 1654 τίκτειν,
2626 1589 2663 1656 ή
2699 1591 2850 1660 γυνή
2893 1592 3012 1660 μοὺ
3053 1593 3257 1658 bona";
3297 1593 3448 1645 Ἐπεὶ
3480 1595 3532 1646 δὲ
3561 1594 3715 1663 φιλο-

2134 1680 2358 1749 μόναχοι
2389 1677 2550 1750 ἦσαν,
2588 1682 2715 1745 τοὺς
2749 1685 3015 1754 μοναχοὺς
3056 1684 3515 1755 προσδεχομένης,
3563 1685 3713 1755 ἠξίου

2131 1769 2388 1841 εὔχεσθαι
2423 1773 2566 1847 ὑπὲρ
2595 1775 2775 1828 αὐτῶν
2804 1776 2898 1828 καὶ
2938 1776 3033 1828 τοῦ
3064 1777 3291 1831 Φωτίου.
3342 1779 3544 1832 Τοῦτόν
3583 1797 3716 1832 ποτε

2131 1865 2219 1917 τὸν
2244 1863 2446 1918 Φὼτιον
2481 1867 2762 1938 μειράκιον
2797 1869 2959 1921 σκεπὶ
2993 1870 3038 1902 ’⁵⁷
3071 1871 3406 1940 τυγχάνοντα
3437 1874 3516 1935 εἰς
3541 1870 3632 1925 τδν
3661 1874 3719 1926 ὲν

2134 1958 2314 2022 ἁγίοις
2364 1959 2690 2012 Ἰωαννίκιον
2719 1951 2794 2015 ’ἐν
2824 1961 2901 2030 τῷ
2948 1962 3209 2033 Ὀλύμπῳ
3275 1965 3578 2033 ἀνήγαγεν,
3624 1968 3719 2019 καὶ

2133 2048 2273 2118 ὑπὲρ
2303 2048 2468 2102 αὑτοῦ
2496 2049 2758 2116 εῦξασθαι
2809 2051 2998 2105 τοῦτον
3034 2054 3358 2124 παρεκάλει.
3405 2055 3463 2108 Ὀ
3487 2055 3544 2108 δὲ
3576 2057 3721 2108 ἑτοί-

2138 2156 2253 2209 μως
2309 2142 2633 2212 ἀποκριθεὶς
2692 2142 2830 2211 ἔφη’
2868 2143 3085 2210 Φώτιος
3148 2145 3218 2197 ἐν
3267 2145 3482 2213 καρδίᾳ
3532 2147 3722 2202 αὑτοῦ

2135 2231 2309 2296 ὁδούς
2345 2249 2482 2298 σου,
2531 2234 2729 2302 Κύριε,
2768 2234 2987 2288 εἰδέναι
3036 2235 3118 2307 [Ρ.
3148 2235 3275 2308 445]
3311 2241 3382 2290 οὺ
3405 2238 3722 2301 βούλεται.

2149 2325 2207 2379 '0
2262 2327 2318 2379 δὲ
2375 2327 2638 2391 στενάξας
2679 2326 2831 2380 εἶπεν
2863 2344 2876 2357 °
2936 2329 3002 2382 Τί
3048 2329 3224 2382 τοῦτο
3267 2329 3457 2398 ἔφης,
3497 2330 3723 2400 πάτερ;

2137 2416 2302 2479 Αὖθις
2333 2420 2360 2470 6
2387 2418 2584 2486 γέρων,
2616 2420 2696 2472 ὅτι
2735 2420 2808 2473 Τὰ
2863 2419 3172 2487 μέλλοντα
3222 2419 3565 2488 πραχθῆναι
3619 2421 3725 2476 ὑπ’

2139 2508 2324 2562 αὑτοῦ
2359 2509 2526 2574 δηλῶ
2564 2527 2682 2564 σοι.
2713 2511 2846 2562 Τότε
2871 2514 2898 2565 6
2927 2512 3154 2582 Σέργιος
3182 2511 3330 2565 κόνιν
3372 2514 3725 2583 σπασάμενος

2141 2599 2408 2668 κατῆλθεν
2437 2603 2543 2654 ἀπὸ
2575 2602 2669 2654 τοῦ
2704 2603 2884 2672 ὄρους.

2212 2691 2312 2746 λα’.
2347 2694 2442 2752 Εἰς
2479 2693 2779 2765 μαθήματα
2807 2696 2863 2748 δὲ
2885 2695 3074 2749 τοῦτον
3105 2697 3321 2762 ἐκδοὺς,
3355 2698 3555 2766 μᾶλλον
3579 2700 3726 2751 ἐκεῖ-

2143 2802 2233 2849 νος
2262 2785 2399 2855 πρὸς
2423 2785 2493 2839 τὰ
2539 2785 2830 2855 Ἑλληνικὰ
2880 2788 3295 2859 φιλοτιμότερον
3329 2789 3562 2843 διέκειτο
3592 2790 3623 2861 ἢ
3657 2790 3728 2843 τὰ

2143 2878 2590 2950 ὲκκλησιαστικά.
2631 2878 2722 2931 Διὸ
2747 2879 2840 2931 καὶ
2880 2879 3158 2950 Ἐϐραίων
3189 2881 3298 2934 τινὶ
3326 2883 3484 2952 μάγῳ
3540 2901 3728 2936 συντε-

2143 2969 2343 3040 τυχὼς,
2390 2973 2450 3024 Τί
2482 2987 2606 3039 μοι,
2643 2970 2770 3040 ἔφη,
2813 2970 3211 3036 δῷς,νεανία.
3250 2973 3350 3026 καὶ
3393 2973 3626 3040 ποιήσω
3654 2989 3730 3029 σε

2146 3063 2354 3117 πᾶσαν
2393 3064 2633 3134 γραφὴν
2687 3063 3058 3131 Ἐλῖήὶἰκὴν
3082 3065 3178 3118 ἐπὶ
3231 3067 3530 3135 στόματος
3562 3069 3732 3138 ἄγειν

454 3172 634 3209 corum
683 3158 852 3210 omnis
885 3158 1109 3210 eruditio
1139 3159 1192 3209 in
1233 3173 1324 3210 ore
1366 3158 1600 3211 versetur
1644 3176 1921 3229 omnesque
1958 3179 2038 3215 sa-

2150 3158 2246 3210 καὶ
2285 3156 2516 3222 πάντας
2543 3157 2688 3224 τοὺς
2713 3157 2810 3210 ἐπὶ
2831 3159 3019 3224 σοφίᾳ
3057 3159 3549 3229 παρευδοκιμεῖν;
3593 3163 3651 3215 '0
3674 3162 3732 3216 δέ

455 3252 653 3318 pientia
683 3252 858 3310 vincas
892 3251 916 3303 ἒ)
945 3249 1046 3305 Cui
1073 3252 1197 3304 ille:
1237 3251 1525 3304 Dimidiam
1552 3255 1805 3306 bonorum
1835 3265 2042 3321 partem

457 3344 510 3394 in
543 3359 661 3396 eam
709 3361 820 3397 rem
870 3355 1022 3414 pater
1076 3343 1240 3397 libens
1275 3343 1569 3397 collaturus
1605 3354 1699 3399 est.
1753 3347 1829 3399 Ad
1881 3363 2044 3415 quem

459 3434 758 3490 Hebraeus:
794 3437 1036 3490 Pecuniis
1065 3454 1166 3490 non
1197 3437 1420 3505 indigeo,
1457 3455 1625 3491 acnec
1654 3447 1858 3508 patrem
1898 3450 2045 3495 tuum

461 3545 572 3582 rem
599 3531 733 3582 scire
757 3529 873 3583 volo
900 3547 916 3594 ;
951 3531 1041 3596 sed
1061 3531 1177 3583 veni
1204 3546 1400 3584 mecum
1423 3533 1539 3593 huc,
1583 3551 1645 3586 ac
1666 3535 1871 3604 signum
1911 3551 2046 3606 nega

461 3621 515 3672 in
557 3637 660 3689 quo
688 3619 869 3674 Jesnm
914 3622 1196 3690 allicimus,
1232 3623 1574 3693 inauditoque
1615 3643 1646 3676 a
1680 3641 1760 3678 me
1804 3626 1896 3678 tibi
1923 3643 2048 3680 con-

461 3728 603 3766 cesso
633 3712 861 3766 amuleto
906 3715 1067 3767 vitam
1097 3732 1302 3767 omnem
1346 3733 1591 3786 prospere
1625 3735 1746 3788 ages
1777 3727 1825 3771 et
1853 3719 2047 3773 divitiis

463 3804 662 3874 aﬂiues,
714 3822 1010 3876 magnaque
1038 3808 1301 3875 sapientia
1345 3809 1401 3860 in
1445 3809 1681 3863 omnibus
1713 3812 1950 3879 gaudens
1987 3829 2050 3866 ac

465 3892 652 3950 (etans
687 3899 982 3966 praestabis.
1033 3898 1152 3964 Quo
1188 3916 1356 3968 prone
1387 3902 1612 3964 audito,
1647 3919 1824 3973 exque
1876 3904 2050 3973 impo-

463 3986 629 4041 storis
686 3989 967 4043 voluntate
1013 3990 1160 4044 onmi
1228 4003 1449 4060 peracto
1515 3994 1778 4063 negotio,
1851 4010 1918 4050 eo
1981 4011 2051 4051 ex

464 4087 712 4148 tempore
743 4082 954 4136 nullum
984 4080 1148 4137 tinem
1180 4083 1309 4138 fecit
1335 4085 1505 4140 libros
1530 4103 1722 4141 eorum
1743 4089 2052 4157 prohibitos

463 4168 863 4226 divinationum
886 4188 950 4226 ac
977 4174 1315 4242 astrologiae
1338 4176 1594 4231 vanitatis
1623 4177 1837 4246 legendi
1873 4178 2051 4247 iisque

463 4260 706 4315 animum
741 4263 1052 4318 addiceudi.
1090 4264 1248 4330 Quod
1280 4277 1463 4321 autem
1497 4284 1564 4322 ex
1608 4279 1763 4338 patre
1799 4271 2052 4326 audierat

464 4353 743 4422 accepisse
778 4355 928 4408 illum
955 4372 984 4409 a
1007 4356 1140 4410 viris
1169 4357 1509 4426 spiritalibus
1541 4377 1607 4415 ac
1631 4363 1941 4417 futurorum
1973 4365 2054 4419 in-

465 4445 766 4516 telligentia
803 4448 1062 4515 pneditis,
1104 4450 1218 4504 fore
1252 4461 1311 4504 ut
1339 4453 1492 4507 vario
1523 4462 1642 4508 astu
1679 4470 1743 4509 ac
1772 4457 2054 4512 machina-

2149 3265 2314 3320 φησιο
2358 3251 2428 3304 Τὸ
2468 3252 2655 3319 ἥμισυ
2680 3252 2789 3318 τῆς
2828 3254 3044 3318 οὐσίας
3097 3254 3284 3308 αὐτοῦ
3337 3257 3651 3325 προθύμως
3700 3259 3735 3312 d

2147 3344 2288 3412 ἐμὸς
2321 3344 2519 3410 πατὴρ
2543 3344 2788 3410 παρέξει
2818 3357 2938 3397 σοι.
2980 3345 3038 3397 Ὁ
3065 3345 3120 3396 δέ
3139 3360 3152 3374 ·
3179 3347 3260 3397 Οὐ
3295 3346 3485 3416 χρῄζω
3509 3348 3737 3416 χρήμα-

2148 3453 2242 3500 τα,
2271 3436 2407 3488 ἀλλ’
2435 3435 2579 3488 οὐδὲ
2610 3437 2715 3488 τὸν
2749 3435 2975 3504 πατέρα
3015 3453 3132 3490 σου
3164 3437 3382 3506 γνῶναι
3410 3440 3473 3492 τὸ
3503 3439 3698 3508 δρᾶμα
3717 3459 3730 3472 ·

2149 3527 2288 3580 ἀλνυ
2310 3525 2451 3580 ἐλθὲ
2470 3527 2596 3595 μετ’
2619 3526 2765 3593 ἐμοῦ
2794 3529 2880 3591 εὶς
2902 3527 3078 3580 τόνδε
3110 3529 3217 3580 τὸν
3255 3530 3462 3593 τόπον,
3498 3532 3594 3583 καὶ
3634 3532 3738 3597 ἄρα

2150 3634 2335 3686 νησοι
2382 3619 2492 3671 τὸν
2539 3619 2730 3672 τύπον
2769 3619 2840 3672 ἐν
2864 3614 2912 3686 ᾧ
2953 3620 3199 3686 Ἰησοῦν
3227 3621 3730 3692 προσηλώσαμεν,

2152 3711 2249 3765 καὶ
2275 3711 2445 3764 δώσω
2470 3725 2570 3765 σοι
2598 3711 2943 3778 παράδοξον
2980 3713 3314 3781 φυλακτὸν,
3366 3715 3460 3767 καὶ
3495 3716 3663 3769 ἔσται
3691 3715 3730 3781 ἡ

2152 3803 2262 3871 ζωή
2293 3819 2408 3856 σου
2435 3801 2603 3857 πᾶσα
2625 3804 2695 3856 ἐν
2725 3805 3010 3873 εὐημερίᾳ
3030 3807 3123 3859 καὶ
3147 3808 3386 3874 πλούτῳ
3408 3809 3506 3861 καὶ
3533 3807 3736 3878 πολλῇ

2153 3895 2341 3963 σοφίᾳ
2371 3893 2466 3947 καὶ
2498 3893 2673 3964 χαρᾷ.
2706 3894 2808 3948 Τὸν
2835 3895 2892 3948 δὲ
2926 3898 3223 3966 προθύμως
3255 3899 3587 3963 ἀκούσαντα,
3644 3902 3742 3954 καὶ

2109 4017 2119 4030 ι
2156 3989 2336 4042 πάντα
2363 3987 2499 4058 πρὸς
2522 3989 2622 4056 τὴν
2642 3989 2735 4041 τοῦ
2779 3989 2971 4059 γόητος
3001 3990 3292 4059 ἀρέσκειαν
3327 3994 3648 4047 τετελεκότα
3672 3994 3739 4056 ⁸⁸.

2155 4083 2249 4135 καὶ
2279 4081 2464 4135 ἔκτοτε
2508 4085 2630 4146 ταῖς
2662 4083 3148 4153 ἀπηγορευμέναις
3184 4085 3361 4138 αὐτῶν
3399 4087 3603 4156 βίϐλοις
3641 4088 3742 4156 τῆς

2160 4175 2430 4247 μαντικῆς
2463 4177 2558 4228 καὶ
2611 4176 3010 4245 ἀστρολογικῆς
3047 4178 3333 4248 τερατείας
3363 4181 3465 4234 οὒκ
3501 4182 3741 4252 ἀποσχό-

2160 4285 2321 4340 μενος
2345 4268 2437 4320 τὸν
2470 4267 2616 4330 νοῦν,
2677 4268 2803 4321 ἐπεὶ
2847 4269 3062 4322 ἀκούων
3090 4267 3157 4341 ἦν
3193 4274 3344 4341 παρὰ
3377 4273 3467 4327 τοῦ
3510 4277 3740 4348 πατρὸς,

2157 4359 2232 4423 ὡς
2264 4362 2369 4413 ὑπὸ
2417 4360 2799 4430 προορατικῶν
2839 4362 3047 4432 ἀνδρῶν
3104 4365 3425 4434 ἀκηκοότος,
3457 4367 3540 4421 ὄτι
3577 4373 3745 4423 πολυ-

2159 4454 2375 4522 τρόπως
2403 4453 2494 4506 τὸν
2525 4455 2924 4525 πατριαρχικὺν
2972 4455 3160 4524 θρόνον
3207 4457 3550 4529 ἐπιϐήσεται,
3588 4461 3748 4515 τοῦτο

467 4535 670 4589 mentis
701 4537 1121 4604 patriarchalem
1157 4540 1317 4610 671
1361 4540 1580 4595 demum
1619 4544 1877 4599 thronum
1919 4563 2038 4603 con-

2159 4549 2217 4599 ὲν
2256 4547 2435 4614 ἑαυτῷ
2473 4547 2728 4618 στρέφων
2763 4549 3052 4621 Γρηγορίῳ
3081 4551 3188 4604 τινὶ
3239 4554 3340 4622 τῆς
3393 4554 3747 4625 Συρακούσης

468 4625 779 4692 scenderet,
819 4628 922 4682 hoc
945 4629 1127 4683 animo
1164 4647 1408 4690 versans.
1437 4648 1558 4686 cum
1587 4633 1853 4705 Gregorio
1885 4637 2052 4708 Syra-

469 4732 688 4772 cusana:
717 4720 988 4787 quondam
1021 4721 1279 4776 Ecclesia:
1305 4723 1566 4793 episcopo
1597 4727 1709 4795 (qui
1741 4737 1798 4781 et
1827 4729 2057 4790 Ashetas

469 4811 791 4874 vocabatur,
817 4823 873 4869 et
895 4830 924 4868 a
953 4831 1148 4884 magno
1177 4807 1455 4870 Methodio
1481 4834 1696 4875 cessare
1723 4821 1911 4890 jussus
1937 4836 2058 4878 erat

471 4912 587 4958 tum
615 4905 686 4960 ob
703 4907 806 4960 alia
835 4908 1012 4977 plura,
1039 4918 1151 4962 tum
1178 4908 1324 4977 quod
1353 4919 1504 4963 extra
1529 4914 1823 4979 parteciam
1845 4915 2055 4970 Zacha-

472 4996 631 5062 riam,
681 4999 926 5067 ejusdem
970 5000 1233 5054 Methodii
1277 5002 1602 5068 patriarcha:
1638 5004 1706 5058 ad
1748 5007 2053 5063 Romanum

469 5088 770 5144 antistitem
805 5091 1184 5163 presbyterum
1223 5093 1498 5158 nuntium,
1525 5096 1897 5169 ordinaverat)
1930 5115 2056 5154 cum

472 5181 568 5235 illo
590 5182 819 5251 aliisque
839 5192 1100 5251 praeterea
1121 5184 1471 5253 quibusdam,
1503 5187 1574 5240 ob
1598 5190 1803 5244 scelera
1827 5192 2058 5259 perinde

471 5273 642 5342 gradu
670 5276 854 5336 motis,
882 5277 1120 5331 amicitia
1141 5277 1410 5346 jungitur.
1431 5279 1486 5332 ln
1515 5280 1624 5334 illis
1651 5292 1808 5336 erant
1841 5283 2060 5337 Eulam—

471 5367 597 5435 pius
630 5369 976 5436 Apamiensis
1017 5377 1073 5423 et
1120 5371 1317 5424 Petrus
1374 5371 1531 5441 Sylari
1571 5374 1776 5442 aliique
1811 5389 1934 5428 cum
1979 5377 2061 5430 eis

471 5460 717 5531 plurimi.
764 5461 828 5514 lli
874 5462 1058 5530 itaque
1097 5462 1151 5516 in
1189 5463 1364 5518 Photii
1407 5465 1630 5519 domum
1667 5468 2062 5523 convenientes

474 5563 532 5604 rt
549 5567 672 5607 cum
689 5553 951 5623 Gregorio
970 5565 1272 5622 versantes,
1300 5558 1527 5611 consilia
1546 5558 1835 5612 struebant
1864 5560 2062 5614 adver-

475 5661 570 5699 sus
631 5662 886 5716 magnum
945 5647 1254 5718 lgnatinm;
1311 5665 1452 5720 quos
1509 5651 1676 5718 ipsos,
1720 5651 1946 5706 collecta
2008 5655 2061 5710 in

2173 4639 2503 4708 ‘Exxitrpiag
2529 4641 2807 4711 γενομένῳ
2859 4643 3166 4712 ὲπισκόπῳ,
3204 4643 3262 4707 ὃς
3307 4644 3403 4696 καὶ
3445 4645 3746 4709 ’Λσόεστᾶς

2157 4733 2425 4797 ἐκαλεῖτο,
2451 4733 2731 4804 καθῄρητο
2759 4733 2816 4786 δὲ
2841 4735 2947 4788 ὑπὸ
2973 4738 3068 4789 τοῦ
3095 4735 3333 4805 μεγάλου
3362 4733 3627 4785 Μεθοδίου
3656 4735 3744 4786 διά

2157 4843 2217 4877 τε
2252 4825 2419 4879 πολλὰ
2451 4826 2586 4879 ἄλλα
2616 4827 2708 4879 καὶ
2739 4827 2826 4880 διὰ
2859 4827 2922 4879 τὸ
2949 4828 3084 4897 παρ’
3110 4824 3325 4891 ὲνορίαν
3363 4822 3740 4890 χειροτονῆσαι

2162 4917 2438 4984 Ζαχαρίαν
2488 4917 2578 4969 τὸν
2604 4915 2698 4969 τοῦ
2731 4916 3073 4984 πατριάρχου
3104 4909 3366 4966 Μεθοδίου
3419 4909 3555 4976 πρὸς
3605 4911 3742 4963 Ῥω-

2165 5013 2321 5078 μαῖον
2353 5012 2396 5042 ⁸⁹
2423 5011 2797 5063 ἀποσταλέντα
2848 5005 3245 5076 πρεσϐύτερον,
3305 5001 3616 5070 φιλιάζεται
3647 5006 3744 5057 σὺν

2160 5101 2332 5170 τούτῳ
2358 5118 2416 5153 τε
2449 5101 2544 5154 καὶ
2571 5101 2752 5161 ἄλλοις
2780 5097 2921 5149 τισὶν
2952 5096 3038 5147 ἐπ’
3071 5094 3237 5163 ὲγκλή
3248 5111 3379 5162 μασι
3427 5095 3748 5166 καθῃρημέο

2162 5213 2294 5258 νοις,
2324 5187 2399 5247 ὦν
2429 5195 2674 5263 ὑπῆρχεν
2723 5187 3041 5254 Εύλάμπιος
3081 5188 3108 5239 6
3173 5186 3478 5254 Ἀπαμείας
3513 5187 3608 5240 καὶ
3641 5187 3747 5238 Πέ-

2163 5305 2290 5356 τρος
2319 5287 2346 5338 6
2388 5285 2617 5338 Συλαίου
2648 5282 2740 5335 καὶ
2765 5278 2916 5332 ἄλλοι
2943 5280 3040 5332 σὺν
3077 5281 3263 5342 αὐτοῖς
3300 5280 3561 5344 πλεῖστοι,
3593 5279 3642 5332 οἳ
3668 5282 3748 5343 εἰς

2164 5380 2256 5433 τὸν
2287 5375 2438 5431 οἷκον
2463 5373 2669 5429 Φωτιου
2703 5373 3087 5442 συνερχόμενοι
3122 5375 3216 5427 καὶ
3275 5373 3413 5442 μετᾶ
3448 5371 3748 5444 Γρηγορίου

2169 5469 2526 5540 στρεφόμενοι
2557 5465 2698 5518 κατὰ
2751 5465 2845 5518 τοῦ
2884 5466 3123 5533 μεγάλου
3177 5467 3440 5533 Ἰγνατίου
3478 5465 3750 5534 μελετῶν-

2165 5579 2256 5623 τες
2286 5555 2462 5629 ἦσαν·
2492 5555 2586 5620 οὓς
2626 5557 2718 5608 καὶ
2772 5557 3221 5627 συναθροισθεῖσα
3259 5562 3316 5611 ἐν
3367 5559 3445 5626 τῷ
3480 5574 3751 5623 πατριαρ-

2168 5652 2299 5724 χείῳ
2333 5648 2747 5720 μητροπολιτῶν
2779 5652 2870 5702 καὶ
2924 5653 3238 5705 ἐπισκόπων
3276 5651 3491 5711 σύνοδος
3546 5646 3752 5709 πάντας

1744 5745 1978 5802 VARle
2023 5745 2436 5806 LECTIONES.

551 5835 595 5866 “
629 5839 794 5905 530m.
828 5838 884 5894 Ρ.
966 5843 1005 5873 ⁸⁷
1033 5843 1154 5896 En?
1235 5842 1277 5874 ’⁵⁸
1308 5841 1508 5907 παντὸς
1541 5850 1594 5898 et
1619 5845 1960 5911 τετελεκότος
2001 5849 2055 5902 Ρ.

2135 5848 2176 5879 ἰ’
2221 5845 2325 5914 leg.
2373 5839 2620 5912 Ῥώμην.
2655 5840 2900 5896 Combef.
