  <div class='ocr_page' id='page_1' title='image "/cluster/home/n/w/nwhite01/storage/ocr_20150623/109/coo.31924054870138/374.png"; bbox 0 0 4124 6420; ppageno 0'>
   <div class='ocr_carea' id='block_1_1' title="bbox 321 392 434 456">
    <p class='ocr_par' dir='ltr' id='par_1_1' title="bbox 321 392 434 456">
     <span class='ocr_line' id='line_1_1' title="bbox 321 392 434 456; baseline -0.044 1"><span class='ocrx_word' id='word_1_1' title='bbox 321 392 434 456; x_wconf 69' lang='lat'><strong>7&#39;33</strong></span> 
     </span>
    </p>
   </div>
   <div class='ocr_carea' id='block_1_2' title="bbox 1223 369 2709 441">
    <p class='ocr_par' dir='ltr' id='par_1_2' title="bbox 1223 369 2709 441">
     <span class='ocr_line' id='line_1_2' title="bbox 1223 369 2709 441; baseline -0.007 -2"><span class='ocrx_word' id='word_1_2' title='bbox 1223 377 1594 441; x_wconf 69' lang='lat' dir='ltr'><strong>ANNAIES.</strong></span> <span class='ocrx_word' id='word_1_3' title='bbox 1637 403 1702 412; x_wconf 82' lang='lat'><strong>-</strong></span> <span class='ocrx_word' id='word_1_4' title='bbox 1747 371 2089 434; x_wconf 22' lang='lat' dir='ltr'><strong>MICI‘IAEL</strong></span> <span class='ocrx_word' id='word_1_5' title='bbox 2131 371 2229 431; x_wconf 85' lang='lat' dir='ltr'><strong>ET</strong></span> <span class='ocrx_word' id='word_1_6' title='bbox 2267 369 2709 430; x_wconf 82' lang='lat' dir='ltr'><strong>THEODORA.</strong></span> 
     </span>
    </p>
   </div>
   <div class='ocr_carea' id='block_1_3' title="bbox 3521 365 3627 430">
    <p class='ocr_par' dir='ltr' id='par_1_3' title="bbox 3521 365 3627 430">
     <span class='ocr_line' id='line_1_3' title="bbox 3521 365 3627 430; baseline 0.009 -1"><span class='ocrx_word' id='word_1_7' title='bbox 3521 365 3627 430; x_wconf 70' lang='grc'><strong>734</strong></span> 
     </span>
    </p>
   </div>
   <div class='ocr_carea' id='block_1_4' title="bbox 327 480 1962 577">
    <p class='ocr_par' dir='ltr' id='par_1_4' title="bbox 327 490 1962 577">
     <span class='ocr_line' id='line_1_4' title="bbox 327 490 1962 577; baseline -0.011 -17"><span class='ocrx_word' id='word_1_8' title='bbox 327 505 616 577; x_wconf 74' lang='grc' dir='ltr'>καθῄρησε</span> <span class='ocrx_word' id='word_1_9' title='bbox 641 499 738 554; x_wconf 78' lang='grc' dir='ltr'>καὶ</span> <span class='ocrx_word' id='word_1_10' title='bbox 768 495 1328 566; x_wconf 75' lang='grc' dir='ltr'>ἁπεκὴρνξε.Τοῦτον</span> <span class='ocrx_word' id='word_1_11' title='bbox 1361 490 1449 548; x_wconf 58' lang='grc' dir='ltr'>τ’)ιν</span> <span class='ocrx_word' id='word_1_12' title='bbox 1473 493 1678 546; x_wconf 79' lang='grc' dir='ltr'>Φώτιον</span> <span class='ocrx_word' id='word_1_13' title='bbox 1709 491 1925 560; x_wconf 72' lang='grc' dir='ltr'>Βάρδας</span> <span class='ocrx_word' id='word_1_14' title='bbox 1953 538 1962 549; x_wconf 41' lang='grc' dir='ltr'><strong><em>ι</em></strong></span> 
     </span>
    </p>
   </div>
   <div class='ocr_carea' id='block_1_5' title="bbox 2065 480 3629 577">
    <p class='ocr_par' dir='ltr' id='par_1_5' title="bbox 2069 480 3629 553">
     <span class='ocr_line' id='line_1_5' title="bbox 2069 480 3629 553; baseline -0.004 -10"><span class='ocrx_word' id='word_1_15' title='bbox 2069 486 2495 543; x_wconf 87' lang='lat' dir='ltr'><strong>atriarehalibus</strong></span> <span class='ocrx_word' id='word_1_16' title='bbox 2545 484 2757 539; x_wconf 63' lang='lat' dir='ltr'><strong>sedibus</strong></span> <span class='ocrx_word' id='word_1_17' title='bbox 2806 480 3284 552; x_wconf 88' lang='lat' dir='ltr'><strong>metropolitarum</strong></span> <span class='ocrx_word' id='word_1_18' title='bbox 3341 481 3629 553; x_wconf 82' lang='lat' dir='ltr'><strong>episcopo-</strong></span> 
     </span>
    </p>
   </div>
   <div class='ocr_carea' id='block_1_6' title="bbox 330 583 1932 662">
    <p class='ocr_par' dir='ltr' id='par_1_6' title="bbox 330 583 1932 662">
     <span class='ocr_line' id='line_1_6' title="bbox 330 583 1932 662; baseline -0.012 -9"><span class='ocrx_word' id='word_1_19' title='bbox 330 601 360 653; x_wconf 88' lang='lat'><strong>6</strong></span> <span class='ocrx_word' id='word_1_20' title='bbox 391 597 633 662; x_wconf 82' lang='grc' dir='ltr'>Καῖσαρ,</span> <span class='ocrx_word' id='word_1_21' title='bbox 667 593 696 645; x_wconf 99' lang='lat'><strong>6</strong></span> <span class='ocrx_word' id='word_1_22' title='bbox 735 590 876 652; x_wconf 83' lang='grc' dir='ltr'>θεῖος</span> <span class='ocrx_word' id='word_1_23' title='bbox 911 587 1133 658; x_wconf 76' lang='grc' dir='ltr'>Μιχαὴλ</span> <span class='ocrx_word' id='word_1_24' title='bbox 1165 587 1258 640; x_wconf 76' lang='grc' dir='ltr'>τοῦ</span> <span class='ocrx_word' id='word_1_25' title='bbox 1300 586 1588 656; x_wconf 68' lang='grc' dir='ltr'>βασιλέως,</span> <span class='ocrx_word' id='word_1_26' title='bbox 1628 583 1932 655; x_wconf 73' lang='grc' dir='ltr'><strong>χειροτονεῖ</strong></span> 
     </span>
    </p>
   </div>
   <div class='ocr_carea' id='block_1_7' title="bbox 335 675 1931 759">
    <p class='ocr_par' dir='ltr' id='par_1_7' title="bbox 335 675 1931 759">
     <span class='ocr_line' id='line_1_7' title="bbox 335 675 1931 759; baseline -0.011 -15"><span class='ocrx_word' id='word_1_27' title='bbox 335 685 710 759; x_wconf 76' lang='grc' dir='ltr'>πατριάρχην.</span> <span class='ocrx_word' id='word_1_28' title='bbox 747 686 844 746; x_wconf 77' lang='grc' dir='ltr'>’ος</span> <span class='ocrx_word' id='word_1_29' title='bbox 878 683 994 753; x_wconf 85' lang='grc' dir='ltr'>μετ’</span> <span class='ocrx_word' id='word_1_30' title='bbox 1026 681 1213 749; x_wconf 74' lang='grc' dir='ltr'>ὀλίγας</span> <span class='ocrx_word' id='word_1_31' title='bbox 1270 681 1483 749; x_wconf 74' lang='grc' dir='ltr'>ἡμέρας</span> <span class='ocrx_word' id='word_1_32' title='bbox 1521 680 1676 747; x_wconf 81' lang='grc' dir='ltr'>ζητεῖ</span> <span class='ocrx_word' id='word_1_33' title='bbox 1709 677 1768 729; x_wconf 79' lang='grc' dir='ltr'>τὸ</span> <span class='ocrx_word' id='word_1_34' title='bbox 1805 675 1931 728; x_wconf 66' lang='lat' dir='ltr'><em>i626-</em></span> 
     </span>
    </p>
   </div>
   <div class='ocr_carea' id='block_1_8' title="bbox 343 763 1931 852">
    <p class='ocr_par' dir='ltr' id='par_1_8' title="bbox 343 763 1931 852">
     <span class='ocr_line' id='line_1_8' title="bbox 343 763 1931 852; baseline -0.012 -18"><span class='ocrx_word' id='word_1_35' title='bbox 343 795 520 852; x_wconf 64' lang='grc' dir='ltr'>χειρον</span> <span class='ocrx_word' id='word_1_36' title='bbox 551 775 719 830; x_wconf 81' lang='grc' dir='ltr'>αὑτοῦ</span> <span class='ocrx_word' id='word_1_37' title='bbox 750 775 1008 844; x_wconf 73' lang='grc' dir='ltr'>γράμμα,</span> <span class='ocrx_word' id='word_1_38' title='bbox 1037 772 1177 842; x_wconf 83' lang='grc' dir='ltr'>ὅπερ</span> <span class='ocrx_word' id='word_1_39' title='bbox 1207 770 1501 839; x_wconf 21' lang='grc' dir='ltr'>πρὸςντοὺς</span> <span class='ocrx_word' id='word_1_40' title='bbox 1523 763 1931 836; x_wconf 77' lang='grc' dir='ltr'><strong>μητροπολίτας</strong></span> 
     </span>
    </p>
   </div>
   <div class='ocr_carea' id='block_1_9' title="bbox 352 858 1932 940">
    <p class='ocr_par' dir='ltr' id='par_1_9' title="bbox 352 858 1932 940">
     <span class='ocr_line' id='line_1_9' title="bbox 352 858 1932 940; baseline -0.011 -16"><span class='ocrx_word' id='word_1_41' title='bbox 352 870 618 940; x_wconf 75' lang='grc' dir='ltr'>ἐποίησεν,</span> <span class='ocrx_word' id='word_1_42' title='bbox 649 869 816 938; x_wconf 78' lang='grc' dir='ltr'>ἡνίκα</span> <span class='ocrx_word' id='word_1_43' title='bbox 853 866 1042 919; x_wconf 80' lang='grc' dir='ltr'>τοῦτον</span> <span class='ocrx_word' id='word_1_44' title='bbox 1077 866 1158 926; x_wconf 84' lang='grc' dir='ltr'><strong>εἰς</strong></span> <span class='ocrx_word' id='word_1_45' title='bbox 1186 863 1524 932; x_wconf 76' lang='grc' dir='ltr'><strong>χειροτονίαν</strong></span> <span class='ocrx_word' id='word_1_46' title='bbox 1574 858 1804 930; x_wconf 54' lang='grc' dir='ltr'>ἥὴαγον,</span> <span class='ocrx_word' id='word_1_47' title='bbox 1855 859 1932 919; x_wconf 82' lang='grc' dir='ltr'>ὡς</span> 
     </span>
    </p>
   </div>
   <div class='ocr_carea' id='block_1_10' title="bbox 349 950 1932 1034">
    <p class='ocr_par' dir='ltr' id='par_1_10' title="bbox 349 950 1932 1034">
     <span class='ocr_line' id='line_1_10' title="bbox 349 950 1932 1034; baseline -0.011 -15"><span class='ocrx_word' id='word_1_48' title='bbox 349 964 500 1034; x_wconf 81' lang='grc' dir='ltr'>δῆθεν</span> <span class='ocrx_word' id='word_1_49' title='bbox 538 962 670 1014; x_wconf 82' lang='grc' dir='ltr'>ἰδεῖν</span> <span class='ocrx_word' id='word_1_50' title='bbox 703 979 756 1014; x_wconf 87' lang='grc' dir='ltr'><strong>τι</strong></span> <span class='ocrx_word' id='word_1_51' title='bbox 791 961 850 1012; x_wconf 71' lang='grc' dir='ltr'>ἐν</span> <span class='ocrx_word' id='word_1_52' title='bbox 884 959 1034 1029; x_wconf 81' lang='grc' dir='ltr'><strong>αὑτῷ</strong></span> <span class='ocrx_word' id='word_1_53' title='bbox 1097 956 1442 1027; x_wconf 83' lang='grc' dir='ltr'>βουλόμενος.</span> <span class='ocrx_word' id='word_1_54' title='bbox 1510 955 1804 1019; x_wconf 77' lang='grc' dir='ltr'>Εἱσάγεται</span> <span class='ocrx_word' id='word_1_55' title='bbox 1838 950 1932 1003; x_wconf 76' lang='grc' dir='ltr'>οὖν</span> 
     </span>
    </p>
   </div>
   <div class='ocr_carea' id='block_1_11' title="bbox 345 1045 1934 1126">
    <p class='ocr_par' dir='ltr' id='par_1_11' title="bbox 345 1045 1934 1126">
     <span class='ocr_line' id='line_1_11' title="bbox 345 1045 1934 1126; baseline -0.01 -14"><span class='ocrx_word' id='word_1_56' title='bbox 345 1061 372 1112; x_wconf 92' lang='lat'><strong>6</strong></span> <span class='ocrx_word' id='word_1_57' title='bbox 401 1058 447 1089; x_wconf 80' lang='grc'>⁸⁸</span> <span class='ocrx_word' id='word_1_58' title='bbox 465 1056 692 1126; x_wconf 78' lang='grc' dir='ltr'><strong>χάρτης,</strong></span> <span class='ocrx_word' id='word_1_59' title='bbox 724 1053 822 1105; x_wconf 71' lang='grc' dir='ltr'>καὶ</span> <span class='ocrx_word' id='word_1_60' title='bbox 853 1052 1098 1126; x_wconf 74' lang='grc' dir='ltr'>ζητεῖται</span> <span class='ocrx_word' id='word_1_61' title='bbox 1144 1047 1449 1117; x_wconf 77' lang='grc' dir='ltr'>ἀσφάλειαν</span> <span class='ocrx_word' id='word_1_62' title='bbox 1482 1048 1570 1099; x_wconf 83' lang='grc' dir='ltr'><strong>ἴνα</strong></span> <span class='ocrx_word' id='word_1_63' title='bbox 1603 1045 1678 1117; x_wconf 83' lang='grc' dir='ltr'>μὴ</span> <span class='ocrx_word' id='word_1_64' title='bbox 1706 1046 1934 1115; x_wconf 69' lang='grc' dir='ltr'>διαρρη-</span> 
     </span>
    </p>
   </div>
   <div class='ocr_carea' id='block_1_12' title="bbox 343 1121 1934 1226">
    <p class='ocr_par' dir='ltr' id='par_1_12' title="bbox 343 1121 1934 1226">
     <span class='ocr_line' id='line_1_12' title="bbox 343 1121 1934 1226; baseline -0.011 -21"><span class='ocrx_word' id='word_1_65' title='bbox 343 1121 549 1226; x_wconf 68' lang='grc' dir='ltr'><strong>χθῆνιιι.⁷</strong></span> <span class='ocrx_word' id='word_1_66' title='bbox 570 1121 640 1205; x_wconf 45' lang='grc' dir='ltr'>δέ</span> <span class='ocrx_word' id='word_1_67' title='bbox 669 1149 731 1201; x_wconf 89' lang='grc' dir='ltr'><strong>Οἱ</strong></span> <span class='ocrx_word' id='word_1_68' title='bbox 753 1147 807 1200; x_wconf 85' lang='grc' dir='ltr'>δὲ</span> <span class='ocrx_word' id='word_1_69' title='bbox 838 1144 931 1197; x_wconf 84' lang='grc' dir='ltr'>τοῦ</span> <span class='ocrx_word' id='word_1_70' title='bbox 953 1121 1160 1198; x_wconf 68' lang='grc' dir='ltr'>Φωτίου</span> <span class='ocrx_word' id='word_1_71' title='bbox 1192 1142 1286 1194; x_wconf 72' lang='grc' dir='ltr'><strong>τὸν</strong></span> <span class='ocrx_word' id='word_1_72' title='bbox 1335 1140 1617 1209; x_wconf 80' lang='grc' dir='ltr'><strong>ἀντίχειρα</strong></span> <span class='ocrx_word' id='word_1_73' title='bbox 1662 1136 1758 1190; x_wconf 79' lang='grc' dir='ltr'><strong>τοῦ</strong></span> <span class='ocrx_word' id='word_1_74' title='bbox 1793 1153 1934 1207; x_wconf 77' lang='grc' dir='ltr'>κρα-</span> 
     </span>
    </p>
   </div>
   <div class='ocr_carea' id='block_1_13' title="bbox 341 1229 1935 1308">
    <p class='ocr_par' dir='ltr' id='par_1_13' title="bbox 341 1229 1935 1308">
     <span class='ocr_line' id='line_1_13' title="bbox 341 1229 1935 1308; baseline -0.013 -9"><span class='ocrx_word' id='word_1_75' title='bbox 341 1245 564 1307; x_wconf 78' lang='grc' dir='ltr'>τοῦντος</span> <span class='ocrx_word' id='word_1_76' title='bbox 584 1242 748 1296; x_wconf 86' lang='grc' dir='ltr'>αὐτὸν</span> <span class='ocrx_word' id='word_1_77' title='bbox 775 1239 1076 1299; x_wconf 81' lang='grc' dir='ltr'>κλάσαντες</span> <span class='ocrx_word' id='word_1_78' title='bbox 1103 1235 1188 1308; x_wconf 87' lang='grc' dir='ltr'><strong>[Ρ.</strong></span> <span class='ocrx_word' id='word_1_79' title='bbox 1210 1234 1335 1306; x_wconf 60' lang='lat' dir='ltr'><strong>ML]</strong></span> <span class='ocrx_word' id='word_1_80' title='bbox 1355 1233 1444 1285; x_wconf 79' lang='grc' dir='ltr'>τὸν</span> <span class='ocrx_word' id='word_1_81' title='bbox 1469 1230 1677 1302; x_wconf 81' lang='grc' dir='ltr'><strong>χάρτην</strong></span> <span class='ocrx_word' id='word_1_82' title='bbox 1705 1229 1935 1282; x_wconf 76' lang='grc' dir='ltr'>ἀνέσπαο</span> 
     </span>
    </p>
   </div>
   <div class='ocr_carea' id='block_1_14' title="bbox 346 1323 1935 1404">
    <p class='ocr_par' dir='ltr' id='par_1_14' title="bbox 346 1323 1935 1404">
     <span class='ocr_line' id='line_1_14' title="bbox 346 1323 1935 1404; baseline -0.011 -13"><span class='ocrx_word' id='word_1_83' title='bbox 346 1355 469 1402; x_wconf 87' lang='grc' dir='ltr'>σαν,</span> <span class='ocrx_word' id='word_1_84' title='bbox 491 1335 550 1389; x_wconf 82' lang='grc' dir='ltr'>ὃν</span> <span class='ocrx_word' id='word_1_85' title='bbox 579 1337 671 1388; x_wconf 72' lang='grc' dir='ltr'>καὶ</span> <span class='ocrx_word' id='word_1_86' title='bbox 705 1333 1114 1404; x_wconf 75' lang='grc' dir='ltr'><strong>χειρωσάμενος</strong></span> <span class='ocrx_word' id='word_1_87' title='bbox 1152 1328 1356 1390; x_wconf 83' lang='grc' dir='ltr'>Φὼτιος</span> <span class='ocrx_word' id='word_1_88' title='bbox 1397 1328 1479 1388; x_wconf 85' lang='grc' dir='ltr'>εὶς</span> <span class='ocrx_word' id='word_1_89' title='bbox 1509 1324 1682 1377; x_wconf 70' lang='grc' dir='ltr'>λεπτὰ</span> <span class='ocrx_word' id='word_1_90' title='bbox 1712 1323 1935 1376; x_wconf 79' lang='grc' dir='ltr'>κατέκο-</span> 
     </span>
    </p>
   </div>
   <div class='ocr_carea' id='block_1_15' title="bbox 341 1415 1938 1498">
    <p class='ocr_par' dir='ltr' id='par_1_15' title="bbox 341 1415 1938 1498">
     <span class='ocr_line' id='line_1_15' title="bbox 341 1415 1938 1498; baseline -0.009 -17"><span class='ocrx_word' id='word_1_91' title='bbox 341 1431 434 1498; x_wconf 49' lang='lat' dir='ltr'><strong>die,</strong></span> <span class='ocrx_word' id='word_1_92' title='bbox 461 1429 636 1496; x_wconf 84' lang='grc' dir='ltr'>λέγων</span> <span class='ocrx_word' id='word_1_93' title='bbox 661 1442 675 1456; x_wconf 89' lang='grc'>·</span> <span class='ocrx_word' id='word_1_94' title='bbox 709 1425 858 1480; x_wconf 82' lang='grc' dir='ltr'>Οῠτε</span> <span class='ocrx_word' id='word_1_95' title='bbox 896 1419 1054 1491; x_wconf 82' lang='grc' dir='ltr'>ὑμᾶς</span> <span class='ocrx_word' id='word_1_96' title='bbox 1080 1420 1220 1474; x_wconf 82' lang='grc' dir='ltr'>οὔτε</span> <span class='ocrx_word' id='word_1_97' title='bbox 1239 1419 1346 1472; x_wconf 79' lang='grc' dir='ltr'>τὸν</span> <span class='ocrx_word' id='word_1_98' title='bbox 1372 1416 1665 1486; x_wconf 75' lang='grc' dir='ltr'>Ἰγνάτιον</span> <span class='ocrx_word' id='word_1_99' title='bbox 1691 1415 1938 1469; x_wconf 71' lang='grc' dir='ltr'>ἐπίσκο-</span> 
     </span>
    </p>
   </div>
   <div class='ocr_carea' id='block_1_16' title="bbox 345 1524 629 1591">
    <p class='ocr_par' dir='ltr' id='par_1_16' title="bbox 345 1524 629 1591">
     <span class='ocr_line' id='line_1_16' title="bbox 345 1524 629 1591; baseline -0.021 -10"><span class='ocrx_word' id='word_1_100' title='bbox 345 1542 466 1580; x_wconf 83' lang='grc' dir='ltr'><strong>πον</strong></span> <span class='ocrx_word' id='word_1_101' title='bbox 489 1524 629 1591; x_wconf 78' lang='grc' dir='ltr'><strong>ἔχω.</strong></span> 
     </span>
    </p>
   </div>
   <div class='ocr_carea' id='block_1_17' title="bbox 417 1603 1980 1689">
    <p class='ocr_par' dir='ltr' id='par_1_17' title="bbox 417 1603 1980 1689">
     <span class='ocr_line' id='line_1_17' title="bbox 417 1603 1980 1689; baseline -0.011 -18"><span class='ocrx_word' id='word_1_102' title='bbox 417 1617 635 1689; x_wconf 85' lang='grc' dir='ltr'><strong>λβ’-λγ’.</strong></span> <span class='ocrx_word' id='word_1_103' title='bbox 670 1613 762 1684; x_wconf 83' lang='grc' dir='ltr'><strong>Τῷ</strong></span> <span class='ocrx_word' id='word_1_104' title='bbox 789 1613 832 1684; x_wconf 81' lang='grc' dir='ltr'><strong>β’</strong></span> <span class='ocrx_word' id='word_1_105' title='bbox 855 1613 986 1677; x_wconf 72' lang='grc' dir='ltr'>ἔτει,</span> <span class='ocrx_word' id='word_1_106' title='bbox 1018 1609 1226 1664; x_wconf 75' lang='grc' dir='ltr'>Φωτίου</span> <span class='ocrx_word' id='word_1_107' title='bbox 1258 1608 1348 1661; x_wconf 79' lang='grc' dir='ltr'><strong>τὸν</strong></span> <span class='ocrx_word' id='word_1_108' title='bbox 1380 1607 1560 1678; x_wconf 82' lang='grc' dir='ltr'>τίμιον</span> <span class='ocrx_word' id='word_1_109' title='bbox 1593 1603 1830 1675; x_wconf 75' lang='grc' dir='ltr'>σταυρδν</span> <span class='ocrx_word' id='word_1_110' title='bbox 1859 1603 1939 1667; x_wconf 73' lang='grc' dir='ltr'><strong>εἰς</strong></span> <span class='ocrx_word' id='word_1_111' title='bbox 1976 1679 1980 1683; x_wconf 16' lang='grc' dir='ltr'><em>Α</em></span> 
     </span>
    </p>
   </div>
   <div class='ocr_carea' id='block_1_18' title="bbox 345 1693 1940 1780">
    <p class='ocr_par' dir='ltr' id='par_1_18' title="bbox 345 1693 1940 1780">
     <span class='ocr_line' id='line_1_18' title="bbox 345 1693 1940 1780; baseline -0.012 -16"><span class='ocrx_word' id='word_1_112' title='bbox 345 1711 448 1780; x_wconf 73' lang='grc' dir='ltr'>τὴν</span> <span class='ocrx_word' id='word_1_113' title='bbox 485 1707 681 1778; x_wconf 79' lang='grc' dir='ltr'>ἑορτὴν</span> <span class='ocrx_word' id='word_1_114' title='bbox 728 1703 1013 1776; x_wconf 79' lang='grc' dir='ltr'>ὑψοῦντος,</span> <span class='ocrx_word' id='word_1_115' title='bbox 1055 1699 1291 1772; x_wconf 75' lang='grc' dir='ltr'>μοναχός</span> <span class='ocrx_word' id='word_1_116' title='bbox 1331 1715 1412 1762; x_wconf 88' lang='grc' dir='ltr'><strong>τις</strong></span> <span class='ocrx_word' id='word_1_117' title='bbox 1443 1696 1674 1765; x_wconf 77' lang='grc' dir='ltr'><strong>πλησίον</strong></span> <span class='ocrx_word' id='word_1_118' title='bbox 1717 1693 1811 1748; x_wconf 79' lang='grc' dir='ltr'>τοῦ</span> <span class='ocrx_word' id='word_1_119' title='bbox 1844 1694 1940 1746; x_wconf 84' lang='grc' dir='ltr'><strong>Θυ-</strong></span> 
     </span>
    </p>
   </div>
   <div class='ocr_carea' id='block_1_19' title="bbox 350 1787 1939 1872">
    <p class='ocr_par' dir='ltr' id='par_1_19' title="bbox 350 1787 1939 1872">
     <span class='ocr_line' id='line_1_19' title="bbox 350 1787 1939 1872; baseline -0.012 -15"><span class='ocrx_word' id='word_1_120' title='bbox 350 1801 675 1872; x_wconf 82' lang='grc' dir='ltr'>σιαστηρίου</span> <span class='ocrx_word' id='word_1_121' title='bbox 700 1797 872 1860; x_wconf 77' lang='grc' dir='ltr'>ἑστὼς</span> <span class='ocrx_word' id='word_1_122' title='bbox 906 1794 1214 1866; x_wconf 81' lang='grc' dir='ltr'>διορατικὸς</span> <span class='ocrx_word' id='word_1_123' title='bbox 1237 1789 1378 1844; x_wconf 80' lang='grc' dir='ltr'>εἶδεν</span> <span class='ocrx_word' id='word_1_124' title='bbox 1409 1791 1586 1860; x_wconf 81' lang='grc' dir='ltr'>θέαμα</span> <span class='ocrx_word' id='word_1_125' title='bbox 1619 1788 1787 1854; x_wconf 82' lang='grc' dir='ltr'>ξένον,</span> <span class='ocrx_word' id='word_1_126' title='bbox 1814 1787 1939 1855; x_wconf 71' lang='grc' dir='ltr'>ὅφιν</span> 
     </span>
    </p>
   </div>
   <div class='ocr_carea' id='block_1_20' title="bbox 2032 574 3630 651">
    <p class='ocr_par' dir='ltr' id='par_1_20' title="bbox 2032 574 3630 651">
     <span class='ocr_line' id='line_1_20' title="bbox 2032 574 3630 651; baseline -0.004 -16"><span class='ocrx_word' id='word_1_127' title='bbox 2032 595 2266 651; x_wconf 91' lang='lat' dir='ltr'><strong>rumque</strong></span> <span class='ocrx_word' id='word_1_128' title='bbox 2287 579 2533 651; x_wconf 88' lang='lat' dir='ltr'><strong>synodus</strong></span> <span class='ocrx_word' id='word_1_129' title='bbox 2557 591 2751 631; x_wconf 86' lang='lat' dir='ltr'><strong>omnes</strong></span> <span class='ocrx_word' id='word_1_130' title='bbox 2781 574 3157 630; x_wconf 79' lang='lat' dir='ltr'><strong>exauctoravit</strong></span> <span class='ocrx_word' id='word_1_131' title='bbox 3189 581 3355 644; x_wconf 84' lang='lat' dir='ltr'><strong>atque</strong></span> <span class='ocrx_word' id='word_1_132' title='bbox 3386 575 3630 644; x_wconf 91' lang='lat' dir='ltr'><strong>proscri-</strong></span> 
     </span>
    </p>
   </div>
   <div class='ocr_carea' id='block_1_21' title="bbox 2031 668 3632 744">
    <p class='ocr_par' dir='ltr' id='par_1_21' title="bbox 2031 668 3632 744">
     <span class='ocr_line' id='line_1_21' title="bbox 2031 668 3632 744; baseline -0.002 -17"><span class='ocrx_word' id='word_1_133' title='bbox 2031 673 2162 744; x_wconf 87' lang='lat' dir='ltr'><strong>psit.</strong></span> <span class='ocrx_word' id='word_1_134' title='bbox 2196 673 2354 728; x_wconf 87' lang='lat' dir='ltr'><strong>llunc</strong></span> <span class='ocrx_word' id='word_1_135' title='bbox 2381 672 2638 726; x_wconf 88' lang='lat' dir='ltr'><strong>Photium</strong></span> <span class='ocrx_word' id='word_1_136' title='bbox 2660 669 2868 724; x_wconf 88' lang='lat' dir='ltr'><strong>Bardas</strong></span> <span class='ocrx_word' id='word_1_137' title='bbox 2899 668 3100 735; x_wconf 60' lang='lat' dir='ltr'><strong>Cmsar,</strong></span> <span class='ocrx_word' id='word_1_138' title='bbox 3131 669 3415 724; x_wconf 81' lang='lat' dir='ltr'><strong>Michaelis</strong></span> <span class='ocrx_word' id='word_1_139' title='bbox 3453 671 3632 740; x_wconf 88' lang='lat' dir='ltr'><strong>impe-</strong></span> 
     </span>
    </p>
   </div>
   <div class='ocr_carea' id='block_1_22' title="bbox 2034 761 3631 833">
    <p class='ocr_par' dir='ltr' id='par_1_22' title="bbox 2034 761 3631 833">
     <span class='ocr_line' id='line_1_22' title="bbox 2034 761 3631 833; baseline -0.006 -12"><span class='ocrx_word' id='word_1_140' title='bbox 2034 767 2234 821; x_wconf 88' lang='lat' dir='ltr'><strong>ratoris</strong></span> <span class='ocrx_word' id='word_1_141' title='bbox 2267 764 2594 826; x_wconf 81' lang='lat' dir='ltr'><strong>avunculus,</strong></span> <span class='ocrx_word' id='word_1_142' title='bbox 2637 762 3006 833; x_wconf 87' lang='lat' dir='ltr'><strong>patriareham</strong></span> <span class='ocrx_word' id='word_1_143' title='bbox 3032 771 3201 816; x_wconf 89' lang='lat' dir='ltr'><strong>creat.</strong></span> <span class='ocrx_word' id='word_1_144' title='bbox 3230 762 3280 815; x_wconf 88' lang='lat' dir='ltr'><strong>ls</strong></span> <span class='ocrx_word' id='word_1_145' title='bbox 3303 761 3454 817; x_wconf 79' lang='lat' dir='ltr'><strong>brevi</strong></span> <span class='ocrx_word' id='word_1_146' title='bbox 3487 770 3631 832; x_wconf 85' lang='lat' dir='ltr'><strong>post,</strong></span> 
     </span>
    </p>
   </div>
   <div class='ocr_carea' id='block_1_23' title="bbox 2035 856 3633 932">
    <p class='ocr_par' dir='ltr' id='par_1_23' title="bbox 2035 856 3633 932">
     <span class='ocr_line' id='line_1_23' title="bbox 2035 856 3633 932; baseline -0.005 -16"><span class='ocrx_word' id='word_1_147' title='bbox 2035 878 2173 932; x_wconf 90' lang='lat' dir='ltr'><strong>quas</strong></span> <span class='ocrx_word' id='word_1_148' title='bbox 2221 875 2387 914; x_wconf 92' lang='lat' dir='ltr'><strong>manu</strong></span> <span class='ocrx_word' id='word_1_149' title='bbox 2443 859 2668 930; x_wconf 89' lang='lat' dir='ltr'><strong>propria</strong></span> <span class='ocrx_word' id='word_1_150' title='bbox 2714 857 2948 926; x_wconf 89' lang='lat' dir='ltr'><strong>scriptas</strong></span> <span class='ocrx_word' id='word_1_151' title='bbox 3000 856 3369 925; x_wconf 89' lang='lat' dir='ltr'><strong>metropolitis</strong></span> <span class='ocrx_word' id='word_1_152' title='bbox 3419 857 3633 910; x_wconf 80' lang='lat' dir='ltr'><strong>litteras</strong></span> 
     </span>
    </p>
   </div>
   <div class='ocr_carea' id='block_1_24' title="bbox 2037 949 3632 1020">
    <p class='ocr_par' dir='ltr' id='par_1_24' title="bbox 2037 949 3632 1020">
     <span class='ocr_line' id='line_1_24' title="bbox 2037 949 3632 1020; baseline -0.004 -13"><span class='ocrx_word' id='word_1_153' title='bbox 2037 955 2265 1008; x_wconf 87' lang='lat' dir='ltr'><strong>dederat</strong></span> <span class='ocrx_word' id='word_1_154' title='bbox 2308 962 2422 1007; x_wconf 90' lang='lat' dir='ltr'><strong>tum</strong></span> <span class='ocrx_word' id='word_1_155' title='bbox 2469 967 2592 1006; x_wconf 88' lang='lat' dir='ltr'><strong>cum</strong></span> <span class='ocrx_word' id='word_1_156' title='bbox 2652 951 2830 1020; x_wconf 86' lang='lat' dir='ltr'><strong>ipsum</strong></span> <span class='ocrx_word' id='word_1_157' title='bbox 2879 949 3190 1004; x_wconf 81' lang='lat' dir='ltr'><strong>ordinaturi</strong></span> <span class='ocrx_word' id='word_1_158' title='bbox 3234 958 3632 1011; x_wconf 78' lang='lat' dir='ltr'><strong>convenerant,</strong></span> 
     </span>
    </p>
   </div>
   <div class='ocr_carea' id='block_1_25' title="bbox 2037 1042 3634 1118">
    <p class='ocr_par' dir='ltr' id='par_1_25' title="bbox 2037 1042 3634 1118">
     <span class='ocr_line' id='line_1_25' title="bbox 2037 1042 3634 1118; baseline -0.005 -17"><span class='ocrx_word' id='word_1_159' title='bbox 2037 1045 2195 1118; x_wconf 80' lang='lat' dir='ltr'><strong>petit,</strong></span> <span class='ocrx_word' id='word_1_160' title='bbox 2244 1055 2506 1114; x_wconf 81' lang='lat' dir='ltr'><strong>tanquam</strong></span> <span class='ocrx_word' id='word_1_161' title='bbox 2556 1043 2766 1098; x_wconf 88' lang='lat' dir='ltr'><strong>scilicet</strong></span> <span class='ocrx_word' id='word_1_162' title='bbox 2813 1043 3019 1113; x_wconf 89' lang='lat' dir='ltr'><strong>aliquid</strong></span> <span class='ocrx_word' id='word_1_163' title='bbox 3053 1042 3106 1096; x_wconf 92' lang='lat' dir='ltr'><strong>in</strong></span> <span class='ocrx_word' id='word_1_164' title='bbox 3142 1042 3225 1096; x_wconf 89' lang='lat' dir='ltr'><strong>eis</strong></span> <span class='ocrx_word' id='word_1_165' title='bbox 3257 1043 3634 1111; x_wconf 80' lang='lat' dir='ltr'><strong>inspecturus.</strong></span> 
     </span>
    </p>
   </div>
   <div class='ocr_carea' id='block_1_26' title="bbox 2037 1132 3637 1208">
    <p class='ocr_par' dir='ltr' id='par_1_26' title="bbox 2037 1132 3637 1208">
     <span class='ocr_line' id='line_1_26' title="bbox 2037 1132 3637 1208; baseline -0.005 -15"><span class='ocrx_word' id='word_1_166' title='bbox 2037 1141 2277 1195; x_wconf 81' lang='lat' dir='ltr'><strong>Allatum</strong></span> <span class='ocrx_word' id='word_1_167' title='bbox 2329 1152 2459 1208; x_wconf 78' lang='lat' dir='ltr'><strong>ergo</strong></span> <span class='ocrx_word' id='word_1_168' title='bbox 2509 1137 2749 1206; x_wconf 90' lang='lat' dir='ltr'><strong>diploma</strong></span> <span class='ocrx_word' id='word_1_169' title='bbox 2805 1145 2928 1198; x_wconf 89' lang='lat' dir='ltr'><strong>est,</strong></span> <span class='ocrx_word' id='word_1_170' title='bbox 2963 1134 3236 1204; x_wconf 84' lang='lat' dir='ltr'><strong>ﬁdemque</strong></span> <span class='ocrx_word' id='word_1_171' title='bbox 3287 1132 3516 1204; x_wconf 78' lang='lat' dir='ltr'><strong>exigunt.</strong></span> <span class='ocrx_word' id='word_1_172' title='bbox 3568 1148 3637 1185; x_wconf 87' lang='lat' dir='ltr'><strong>ne</strong></span> 
     </span>
    </p>
   </div>
   <div class='ocr_carea' id='block_1_27' title="bbox 2041 1226 3635 1300">
    <p class='ocr_par' dir='ltr' id='par_1_27' title="bbox 2041 1226 3635 1300">
     <span class='ocr_line' id='line_1_27' title="bbox 2041 1226 3635 1300; baseline -0.006 -13"><span class='ocrx_word' id='word_1_173' title='bbox 2041 1231 2174 1287; x_wconf 89' lang='lat' dir='ltr'><strong>illud</strong></span> <span class='ocrx_word' id='word_1_174' title='bbox 2220 1230 2596 1300; x_wconf 81' lang='lat' dir='ltr'><strong>diﬂ&#39;ringatur.</strong></span> <span class='ocrx_word' id='word_1_175' title='bbox 2639 1229 2706 1282; x_wconf 89' lang='lat' dir='ltr'><strong>At</strong></span> <span class='ocrx_word' id='word_1_176' title='bbox 2738 1227 2829 1298; x_wconf 86' lang='lat' dir='ltr'><strong>qui</strong></span> <span class='ocrx_word' id='word_1_177' title='bbox 2859 1226 3040 1282; x_wconf 80' lang='lat' dir='ltr'><strong>Photii</strong></span> <span class='ocrx_word' id='word_1_178' title='bbox 3076 1227 3318 1296; x_wconf 92' lang='lat' dir='ltr'><strong>partium</strong></span> <span class='ocrx_word' id='word_1_179' title='bbox 3368 1233 3547 1289; x_wconf 88' lang='lat' dir='ltr'><strong>erant,</strong></span> <span class='ocrx_word' id='word_1_180' title='bbox 3585 1226 3635 1278; x_wconf 81' lang='lat' dir='ltr'><strong>vi</strong></span> 
     </span>
    </p>
   </div>
   <div class='ocr_carea' id='block_1_28' title="bbox 2039 1319 3638 1395">
    <p class='ocr_par' dir='ltr' id='par_1_28' title="bbox 2039 1319 3638 1395">
     <span class='ocr_line' id='line_1_28' title="bbox 2039 1319 3638 1395; baseline -0.005 -15"><span class='ocrx_word' id='word_1_181' title='bbox 2039 1333 2319 1395; x_wconf 88' lang='lat' dir='ltr'><strong>arreptum</strong></span> <span class='ocrx_word' id='word_1_182' title='bbox 2354 1339 2385 1378; x_wconf 89' lang='lat' dir='ltr'><strong>e</strong></span> <span class='ocrx_word' id='word_1_183' title='bbox 2429 1339 2594 1377; x_wconf 88' lang='lat' dir='ltr'><strong>manu</strong></span> <span class='ocrx_word' id='word_1_184' title='bbox 2645 1323 2884 1376; x_wconf 89' lang='lat' dir='ltr'><strong>tenentis</strong></span> <span class='ocrx_word' id='word_1_185' title='bbox 2939 1322 3189 1375; x_wconf 87' lang='lat' dir='ltr'><strong>chartam</strong></span> <span class='ocrx_word' id='word_1_186' title='bbox 3252 1319 3638 1384; x_wconf 87' lang='lat' dir='ltr'><strong>diseiderunt;</strong></span> 
     </span>
    </p>
   </div>
   <div class='ocr_carea' id='block_1_29' title="bbox 2040 1410 3640 1490">
    <p class='ocr_par' dir='ltr' id='par_1_29' title="bbox 2040 1410 3640 1490">
     <span class='ocr_line' id='line_1_29' title="bbox 2040 1410 3640 1490; baseline -0.006 -17"><span class='ocrx_word' id='word_1_187' title='bbox 2040 1435 2205 1490; x_wconf 88' lang='lat' dir='ltr'><strong>quam</strong></span> <span class='ocrx_word' id='word_1_188' title='bbox 2239 1428 2295 1472; x_wconf 88' lang='lat' dir='ltr'><strong>et</strong></span> <span class='ocrx_word' id='word_1_189' title='bbox 2324 1416 2567 1486; x_wconf 51' lang='lat' dir='ltr'><strong>{Photius</strong></span> <span class='ocrx_word' id='word_1_190' title='bbox 2609 1414 3031 1485; x_wconf 86' lang='lat' dir='ltr'><strong>apprehendens</strong></span> <span class='ocrx_word' id='word_1_191' title='bbox 3069 1412 3326 1466; x_wconf 85' lang='lat' dir='ltr'><strong>minutim</strong></span> <span class='ocrx_word' id='word_1_192' title='bbox 3371 1410 3640 1490; x_wconf 74' lang='lat' dir='ltr'><strong>concidit,</strong></span> 
     </span>
    </p>
   </div>
   <div class='ocr_carea' id='block_1_30' title="bbox 2042 1479 3532 1576">
    <p class='ocr_par' dir='ltr' id='par_1_30' title="bbox 2042 1479 3532 1576">
     <span class='ocr_line' id='line_1_30' title="bbox 2042 1479 3532 1576; baseline -0.009 -10"><span class='ocrx_word' id='word_1_193' title='bbox 2042 1511 2232 1566; x_wconf 85' lang='lat' dir='ltr'><strong>dicens</strong></span> <span class='ocrx_word' id='word_1_194' title='bbox 2263 1526 2275 1561; x_wconf 89' lang='lat'><strong>:</strong></span> <span class='ocrx_word' id='word_1_195' title='bbox 2306 1506 2484 1576; x_wconf 81' lang='lat' dir='ltr'><strong>Neque</strong></span> <span class='ocrx_word' id='word_1_196' title='bbox 2511 1524 2597 1560; x_wconf 83' lang='lat' dir='ltr'><strong>vos</strong></span> <span class='ocrx_word' id='word_1_197' title='bbox 2623 1507 2886 1576; x_wconf 79' lang='lat' dir='ltr'><strong>episcopos</strong></span> <span class='ocrx_word' id='word_1_198' title='bbox 2927 1504 3090 1558; x_wconf 85' lang='lat' dir='ltr'><strong>habeo</strong></span> <span class='ocrx_word' id='word_1_199' title='bbox 3116 1521 3209 1556; x_wconf 90' lang='lat' dir='ltr'><strong>nec</strong></span> <span class='ocrx_word' id='word_1_200' title='bbox 3239 1479 3532 1573; x_wconf 59' lang='lat' dir='ltr'><strong>Iguaiium.</strong></span> 
     </span>
    </p>
   </div>
   <div class='ocr_carea' id='block_1_31' title="bbox 2114 1596 3649 1662">
    <p class='ocr_par' dir='ltr' id='par_1_31' title="bbox 2114 1596 3649 1662">
     <span class='ocr_line' id='line_1_31' title="bbox 2114 1596 3649 1662; baseline -0.007 -5"><span class='ocrx_word' id='word_1_201' title='bbox 2114 1603 2306 1657; x_wconf 70' lang='lat'><strong>52—53.</strong></span> <span class='ocrx_word' id='word_1_202' title='bbox 2363 1601 2522 1656; x_wconf 77' lang='lat' dir='ltr'><strong>Anno</strong></span> <span class='ocrx_word' id='word_1_203' title='bbox 2576 1599 2860 1662; x_wconf 88' lang='lat' dir='ltr'><strong>secundo,</strong></span> <span class='ocrx_word' id='word_1_204' title='bbox 2917 1613 3042 1652; x_wconf 90' lang='lat' dir='ltr'><strong>cum</strong></span> <span class='ocrx_word' id='word_1_205' title='bbox 3095 1596 3328 1650; x_wconf 90' lang='lat' dir='ltr'><strong>Photius</strong></span> <span class='ocrx_word' id='word_1_206' title='bbox 3369 1609 3649 1649; x_wconf 82' lang='lat' dir='ltr'><strong>veneran-</strong></span> 
     </span>
    </p>
   </div>
   <div class='ocr_carea' id='block_1_32' title="bbox 2043 1687 3647 1763">
    <p class='ocr_par' dir='ltr' id='par_1_32' title="bbox 2043 1687 3647 1763">
     <span class='ocr_line' id='line_1_32' title="bbox 2043 1687 3647 1763; baseline -0.008 -11"><span class='ocrx_word' id='word_1_207' title='bbox 2043 1698 2168 1753; x_wconf 88' lang='lat' dir='ltr'><strong>dam</strong></span> <span class='ocrx_word' id='word_1_208' title='bbox 2234 1710 2456 1750; x_wconf 85' lang='lat' dir='ltr'><strong>crucem</strong></span> <span class='ocrx_word' id='word_1_209' title='bbox 2514 1709 2615 1763; x_wconf 88' lang='lat' dir='ltr'><strong>per</strong></span> <span class='ocrx_word' id='word_1_210' title='bbox 2664 1691 2772 1746; x_wconf 90' lang='lat' dir='ltr'><strong>diei</strong></span> <span class='ocrx_word' id='word_1_211' title='bbox 2834 1691 2955 1761; x_wconf 90' lang='lat' dir='ltr'><strong>ejus</strong></span> <span class='ocrx_word' id='word_1_212' title='bbox 3010 1688 3282 1744; x_wconf 89' lang='lat' dir='ltr'><strong>solemnia</strong></span> <span class='ocrx_word' id='word_1_213' title='bbox 3342 1687 3647 1751; x_wconf 76' lang='lat' dir='ltr'><strong>exaltaret,</strong></span> 
     </span>
    </p>
   </div>
   <div class='ocr_carea' id='block_1_33' title="bbox 2045 1779 3647 1856">
    <p class='ocr_par' dir='ltr' id='par_1_33' title="bbox 2045 1779 3647 1856">
     <span class='ocr_line' id='line_1_33' title="bbox 2045 1779 3647 1856; baseline -0.009 -11"><span class='ocrx_word' id='word_1_214' title='bbox 2045 1789 2354 1845; x_wconf 89' lang='lat' dir='ltr'><strong>monachus</strong></span> <span class='ocrx_word' id='word_1_215' title='bbox 2405 1786 2630 1856; x_wconf 85' lang='lat' dir='ltr'><strong>quidam</strong></span> <span class='ocrx_word' id='word_1_216' title='bbox 2689 1783 2836 1837; x_wconf 90' lang='lat' dir='ltr'><strong>haud</strong></span> <span class='ocrx_word' id='word_1_217' title='bbox 2882 1781 3074 1851; x_wconf 90' lang='lat' dir='ltr'><strong>procul</strong></span> <span class='ocrx_word' id='word_1_218' title='bbox 3138 1780 3208 1835; x_wconf 86' lang='lat' dir='ltr'><strong>ab</strong></span> <span class='ocrx_word' id='word_1_219' title='bbox 3260 1779 3418 1834; x_wconf 87' lang='lat' dir='ltr'><strong>altari</strong></span> <span class='ocrx_word' id='word_1_220' title='bbox 3472 1787 3647 1841; x_wconf 84' lang='lat' dir='ltr'><strong>stans,</strong></span> 
     </span>
    </p>
   </div>
   <div class='ocr_carea' id='block_1_34' title="bbox 351 1855 1962 1965">
    <p class='ocr_par' dir='ltr' id='par_1_34' title="bbox 351 1855 1945 1965">
     <span class='ocr_line' id='line_1_34' title="bbox 351 1855 1945 1965; baseline -0.012 -16"><span class='ocrx_word' id='word_1_221' title='bbox 351 1855 692 1965; x_wconf 43' lang='grc' dir='ltr'>παμμεὲοὲθη</span> <span class='ocrx_word' id='word_1_222' title='bbox 738 1855 1065 1960; x_wconf 37' lang='grc' dir='ltr'>τὰς’χεῖριας</span> <span class='ocrx_word' id='word_1_223' title='bbox 1099 1855 1205 1938; x_wconf 14' lang='grc' dir='ltr'><strong>τοῦῗ</strong></span> <span class='ocrx_word' id='word_1_224' title='bbox 1241 1883 1447 1936; x_wconf 82' lang='grc' dir='ltr'>Φωτίου</span> <span class='ocrx_word' id='word_1_225' title='bbox 1497 1855 1828 1952; x_wconf 61' lang='grc' dir='ltr'>κρατοῦντα,</span> <span class='ocrx_word' id='word_1_226' title='bbox 1851 1879 1945 1932; x_wconf 71' lang='grc' dir='ltr'><strong>τὸν</strong></span> 
     </span>
    </p>
   </div>
   <div class='ocr_carea' id='block_1_35' title="bbox 2065 1855 3652 1965">
    <p class='ocr_par' dir='ltr' id='par_1_35' title="bbox 2065 1867 3652 1950">
     <span class='ocr_line' id='line_1_35' title="bbox 2065 1867 3652 1950; baseline -0.011 -15"><span class='ocrx_word' id='word_1_227' title='bbox 2065 1881 2135 1936; x_wconf 62' lang='lat' dir='ltr'><strong>vir</strong></span> <span class='ocrx_word' id='word_1_228' title='bbox 2173 1879 2338 1950; x_wconf 78' lang='lat'><strong>672</strong></span> <span class='ocrx_word' id='word_1_229' title='bbox 2383 1876 2701 1931; x_wconf 81' lang='lat' dir='ltr'><strong>futurorum</strong></span> <span class='ocrx_word' id='word_1_230' title='bbox 2739 1871 3104 1943; x_wconf 82' lang='lat' dir='ltr'><strong>intelligentia</strong></span> <span class='ocrx_word' id='word_1_231' title='bbox 3150 1870 3464 1941; x_wconf 81' lang='lat' dir='ltr'><strong>perspicax,</strong></span> <span class='ocrx_word' id='word_1_232' title='bbox 3496 1867 3652 1920; x_wconf 88' lang='lat' dir='ltr'><strong>inau-</strong></span> 
     </span>
    </p>
   </div>
   <div class='ocr_carea' id='block_1_36' title="bbox 353 1972 1947 2056">
    <p class='ocr_par' dir='ltr' id='par_1_36' title="bbox 353 1972 1947 2056">
     <span class='ocr_line' id='line_1_36' title="bbox 353 1972 1947 2056; baseline -0.011 -16"><span class='ocrx_word' id='word_1_233' title='bbox 353 1988 412 2040; x_wconf 84' lang='grc' dir='ltr'>δὲ</span> <span class='ocrx_word' id='word_1_234' title='bbox 444 1985 676 2056; x_wconf 79' lang='grc' dir='ltr'>σταυρὸν</span> <span class='ocrx_word' id='word_1_235' title='bbox 703 1983 794 2036; x_wconf 83' lang='grc' dir='ltr'>τὸν</span> <span class='ocrx_word' id='word_1_236' title='bbox 826 1981 1012 2051; x_wconf 88' lang='grc' dir='ltr'>τίμιον</span> <span class='ocrx_word' id='word_1_237' title='bbox 1043 1978 1129 2047; x_wconf 78' lang='grc' dir='ltr'><strong>ἐφ’</strong></span> <span class='ocrx_word' id='word_1_238' title='bbox 1164 1975 1358 2030; x_wconf 80' lang='grc' dir='ltr'>ἑαυτοῦ</span> <span class='ocrx_word' id='word_1_239' title='bbox 1390 1973 1595 2044; x_wconf 76' lang='grc' dir='ltr'>ἀνυψού</span> <span class='ocrx_word' id='word_1_240' title='bbox 1607 1989 1788 2043; x_wconf 86' lang='grc' dir='ltr'>μενον.</span> <span class='ocrx_word' id='word_1_241' title='bbox 1813 1972 1947 2023; x_wconf 81' lang='grc' dir='ltr'><strong>Σύν-</strong></span> 
     </span>
    </p>
   </div>
   <div class='ocr_carea' id='block_1_37' title="bbox 350 2061 1944 2152">
    <p class='ocr_par' dir='ltr' id='par_1_37' title="bbox 350 2061 1944 2152">
     <span class='ocr_line' id='line_1_37' title="bbox 350 2061 1944 2152; baseline -0.013 -18"><span class='ocrx_word' id='word_1_242' title='bbox 350 2095 556 2152; x_wconf 83' lang='grc' dir='ltr'>τρομος</span> <span class='ocrx_word' id='word_1_243' title='bbox 582 2077 639 2130; x_wconf 83' lang='grc' dir='ltr'>δὲ</span> <span class='ocrx_word' id='word_1_244' title='bbox 667 2073 913 2146; x_wconf 77' lang='grc' dir='ltr'>γεγονὼς</span> <span class='ocrx_word' id='word_1_245' title='bbox 954 2070 1165 2144; x_wconf 69' lang='grc' dir='ltr'>μεγάλα</span> <span class='ocrx_word' id='word_1_246' title='bbox 1213 2067 1415 2139; x_wconf 75' lang='grc' dir='ltr'>ἔκραξε</span> <span class='ocrx_word' id='word_1_247' title='bbox 1448 2067 1544 2120; x_wconf 73' lang='grc' dir='ltr'>καὶ</span> <span class='ocrx_word' id='word_1_248' title='bbox 1575 2066 1839 2134; x_wconf 85' lang='grc' dir='ltr'>σύντομον</span> <span class='ocrx_word' id='word_1_249' title='bbox 1862 2061 1944 2124; x_wconf 75' lang='grc' dir='ltr'><strong>τὸ,</strong></span> 
     </span>
    </p>
   </div>
   <div class='ocr_carea' id='block_1_38' title="bbox 352 2155 1950 2242">
    <p class='ocr_par' dir='ltr' id='par_1_38' title="bbox 352 2155 1950 2242">
     <span class='ocr_line' id='line_1_38' title="bbox 352 2155 1950 2242; baseline -0.012 -17"><span class='ocrx_word' id='word_1_250' title='bbox 352 2173 552 2242; x_wconf 80' lang='grc' dir='ltr'>Κύριε,</span> <span class='ocrx_word' id='word_1_251' title='bbox 579 2167 868 2236; x_wconf 84' lang='grc' dir='ltr'>ἐλέησον.</span> <span class='ocrx_word' id='word_1_252' title='bbox 895 2163 1006 2218; x_wconf 86' lang='grc' dir='ltr'>Καί</span> <span class='ocrx_word' id='word_1_253' title='bbox 1032 2179 1176 2225; x_wconf 83' lang='grc' dir='ltr'>τινες</span> <span class='ocrx_word' id='word_1_254' title='bbox 1213 2161 1311 2214; x_wconf 80' lang='grc' dir='ltr'>σὺν</span> <span class='ocrx_word' id='word_1_255' title='bbox 1336 2157 1482 2228; x_wconf 77' lang='grc' dir='ltr'><strong>αὐτῷ</strong></span> <span class='ocrx_word' id='word_1_256' title='bbox 1513 2157 1764 2218; x_wconf 79' lang='grc' dir='ltr'>εὐλαϐεῖς</span> <span class='ocrx_word' id='word_1_257' title='bbox 1797 2155 1950 2208; x_wconf 83' lang='grc' dir='ltr'>ίστά-</span> 
     </span>
    </p>
   </div>
   <div class='ocr_carea' id='block_1_39' title="bbox 357 2249 1950 2334">
    <p class='ocr_par' dir='ltr' id='par_1_39' title="bbox 357 2249 1950 2334">
     <span class='ocr_line' id='line_1_39' title="bbox 357 2249 1950 2334; baseline -0.01 -18"><span class='ocrx_word' id='word_1_258' title='bbox 357 2279 511 2334; x_wconf 86' lang='grc' dir='ltr'>μενοι</span> <span class='ocrx_word' id='word_1_259' title='bbox 555 2260 615 2314; x_wconf 79' lang='grc' dir='ltr'>τὸ</span> <span class='ocrx_word' id='word_1_260' title='bbox 661 2259 836 2314; x_wconf 72' lang='grc' dir='ltr'>αἴτιον</span> <span class='ocrx_word' id='word_1_261' title='bbox 869 2255 1192 2326; x_wconf 80' lang='grc' dir='ltr'>ἀνηρώτων,</span> <span class='ocrx_word' id='word_1_262' title='bbox 1224 2253 1320 2307; x_wconf 76' lang='grc' dir='ltr'>καὶ</span> <span class='ocrx_word' id='word_1_263' title='bbox 1355 2253 1515 2317; x_wconf 81' lang='grc' dir='ltr'>αὐτὸς</span> <span class='ocrx_word' id='word_1_264' title='bbox 1552 2251 1651 2322; x_wconf 79' lang='grc' dir='ltr'>τὴν</span> <span class='ocrx_word' id='word_1_265' title='bbox 1681 2249 1950 2303; x_wconf 78' lang='grc' dir='ltr'><strong>ὀπτασίαν</strong></span> 
     </span>
    </p>
   </div>
   <div class='ocr_carea' id='block_1_40' title="bbox 353 2341 1952 2419">
    <p class='ocr_par' dir='ltr' id='par_1_40' title="bbox 353 2341 1952 2419">
     <span class='ocr_line' id='line_1_40' title="bbox 353 2341 1952 2419; baseline -0.009 -12"><span class='ocrx_word' id='word_1_266' title='bbox 353 2351 508 2408; x_wconf 82' lang='grc' dir='ltr'>εἶπεν</span> <span class='ocrx_word' id='word_1_267' title='bbox 541 2352 746 2413; x_wconf 74' lang='grc' dir='ltr'>αὐτοῖς.</span> <span class='ocrx_word' id='word_1_268' title='bbox 795 2350 859 2404; x_wconf 76' lang='lat' dir='ltr'><strong>Oi</strong></span> <span class='ocrx_word' id='word_1_269' title='bbox 915 2348 972 2402; x_wconf 82' lang='grc' dir='ltr'>δὲ</span> <span class='ocrx_word' id='word_1_270' title='bbox 1021 2343 1163 2419; x_wconf 79' lang='grc' dir='ltr'>ἦσαν</span> <span class='ocrx_word' id='word_1_271' title='bbox 1211 2345 1321 2398; x_wconf 83' lang='grc' dir='ltr'><strong>τῶν</strong></span> <span class='ocrx_word' id='word_1_272' title='bbox 1359 2343 1467 2398; x_wconf 83' lang='grc' dir='ltr'><strong>ἀπὸ</strong></span> <span class='ocrx_word' id='word_1_273' title='bbox 1501 2344 1604 2413; x_wconf 81' lang='grc' dir='ltr'>τῆς</span> <span class='ocrx_word' id='word_1_274' title='bbox 1655 2341 1952 2412; x_wconf 79' lang='grc' dir='ltr'>ἐκκλησίας</span> 
     </span>
    </p>
   </div>
   <div class='ocr_carea' id='block_1_41' title="bbox 354 2434 1952 2516">
    <p class='ocr_par' dir='ltr' id='par_1_41' title="bbox 354 2434 1952 2516">
     <span class='ocr_line' id='line_1_41' title="bbox 354 2434 1952 2516; baseline -0.008 -18"><span class='ocrx_word' id='word_1_275' title='bbox 354 2444 770 2516; x_wconf 76' lang='grc' dir='ltr'>πρεσϐυτέρων.</span> <span class='ocrx_word' id='word_1_276' title='bbox 807 2435 968 2495; x_wconf 78' lang='grc' dir='ltr'>Οὗτοι</span> <span class='ocrx_word' id='word_1_277' title='bbox 998 2439 1054 2492; x_wconf 85' lang='grc' dir='ltr'>δὲ</span> <span class='ocrx_word' id='word_1_278' title='bbox 1089 2438 1227 2508; x_wconf 78' lang='grc' dir='ltr'>πρὸς</span> <span class='ocrx_word' id='word_1_279' title='bbox 1269 2437 1362 2490; x_wconf 80' lang='grc' dir='ltr'><strong>τὸν</strong></span> <span class='ocrx_word' id='word_1_280' title='bbox 1398 2436 1607 2504; x_wconf 74' lang='grc' dir='ltr'>εὐλαϐῆ</span> <span class='ocrx_word' id='word_1_281' title='bbox 1640 2434 1734 2488; x_wconf 72' lang='grc' dir='ltr'>καὶ</span> <span class='ocrx_word' id='word_1_282' title='bbox 1768 2435 1952 2504; x_wconf 86' lang='grc' dir='ltr'>διορα-</span> 
     </span>
    </p>
   </div>
   <div class='ocr_carea' id='block_1_42' title="bbox 355 2525 1953 2602">
    <p class='ocr_par' dir='ltr' id='par_1_42' title="bbox 355 2525 1953 2602">
     <span class='ocr_line' id='line_1_42' title="bbox 355 2525 1953 2602; baseline -0.009 -10"><span class='ocrx_word' id='word_1_283' title='bbox 355 2536 510 2592; x_wconf 80' lang='grc' dir='ltr'>τικὸν</span> <span class='ocrx_word' id='word_1_284' title='bbox 547 2533 741 2587; x_wconf 81' lang='grc' dir='ltr'>τοῦτον</span> <span class='ocrx_word' id='word_1_285' title='bbox 797 2530 1032 2602; x_wconf 70' lang='grc' dir='ltr'>μοναχὸν</span> <span class='ocrx_word' id='word_1_286' title='bbox 1079 2525 1256 2595; x_wconf 77' lang='grc' dir='ltr'>εἷπον,</span> <span class='ocrx_word' id='word_1_287' title='bbox 1289 2529 1371 2581; x_wconf 79' lang='grc' dir='ltr'>ὅτι</span> <span class='ocrx_word' id='word_1_288' title='bbox 1420 2528 1528 2582; x_wconf 80' lang='grc' dir='ltr'><strong>Καὶ</strong></span> <span class='ocrx_word' id='word_1_289' title='bbox 1594 2527 1768 2596; x_wconf 72' lang='grc' dir='ltr'>ἡμεῖς</span> <span class='ocrx_word' id='word_1_290' title='bbox 1826 2529 1953 2579; x_wconf 78' lang='grc' dir='ltr'>λειο</span> 
     </span>
    </p>
   </div>
   <div class='ocr_carea' id='block_1_43' title="bbox 360 2619 1954 2696">
    <p class='ocr_par' dir='ltr' id='par_1_43' title="bbox 360 2619 1954 2696">
     <span class='ocr_line' id='line_1_43' title="bbox 360 2619 1954 2696; baseline -0.008 -13"><span class='ocrx_word' id='word_1_291' title='bbox 360 2627 762 2696; x_wconf 77' lang='grc' dir='ltr'>τουργοῦντες</span> <span class='ocrx_word' id='word_1_292' title='bbox 817 2624 941 2694; x_wconf 84' lang='grc' dir='ltr'>μετ’</span> <span class='ocrx_word' id='word_1_293' title='bbox 1005 2621 1195 2676; x_wconf 77' lang='grc' dir='ltr'>αὑτοῦ</span> <span class='ocrx_word' id='word_1_294' title='bbox 1248 2621 1540 2675; x_wconf 83' lang='grc' dir='ltr'>οὐδέποτε</span> <span class='ocrx_word' id='word_1_295' title='bbox 1600 2619 1954 2686; x_wconf 76' lang='grc' dir='ltr'>ἠκούσαμεν</span> 
     </span>
    </p>
   </div>
   <div class='ocr_carea' id='block_1_44' title="bbox 357 2712 1954 2788">
    <p class='ocr_par' dir='ltr' id='par_1_44' title="bbox 357 2712 1954 2788">
     <span class='ocr_line' id='line_1_44' title="bbox 357 2712 1954 2788; baseline -0.009 -12"><span class='ocrx_word' id='word_1_296' title='bbox 357 2721 544 2776; x_wconf 80' lang='grc' dir='ltr'>αὐτοῦ</span> <span class='ocrx_word' id='word_1_297' title='bbox 569 2719 765 2788; x_wconf 78' lang='grc' dir='ltr'>εὐχὴν</span> <span class='ocrx_word' id='word_1_298' title='bbox 791 2717 1156 2782; x_wconf 85' lang='grc' dir='ltr'>λαλοῦντος,</span> <span class='ocrx_word' id='word_1_299' title='bbox 1188 2714 1350 2769; x_wconf 82' lang='grc' dir='ltr'>ἀλλὰ</span> <span class='ocrx_word' id='word_1_300' title='bbox 1367 2712 1484 2766; x_wconf 88' lang='grc' dir='ltr'>τῶν</span> <span class='ocrx_word' id='word_1_301' title='bbox 1506 2713 1761 2780; x_wconf 77' lang='grc' dir='ltr'>θύραθεν</span> <span class='ocrx_word' id='word_1_302' title='bbox 1785 2727 1954 2777; x_wconf 79' lang='grc' dir='ltr'>ποιη-</span> 
     </span>
    </p>
   </div>
   <div class='ocr_carea' id='block_1_45' title="bbox 362 2801 1954 2881">
    <p class='ocr_par' dir='ltr' id='par_1_45' title="bbox 362 2801 1954 2881">
     <span class='ocr_line' id='line_1_45' title="bbox 362 2801 1954 2881; baseline -0.009 -11"><span class='ocrx_word' id='word_1_303' title='bbox 362 2815 480 2870; x_wconf 84' lang='grc' dir='ltr'>τῶν</span> <span class='ocrx_word' id='word_1_304' title='bbox 535 2810 1077 2881; x_wconf 72' lang='grc' dir='ltr'>ὑποψιθυρὶζοντος</span> <span class='ocrx_word' id='word_1_305' title='bbox 1118 2809 1389 2877; x_wconf 75' lang='grc' dir='ltr'>ρήματαο</span> <span class='ocrx_word' id='word_1_306' title='bbox 1447 2806 1514 2859; x_wconf 88' lang='grc' dir='ltr'>τὸ</span> <span class='ocrx_word' id='word_1_307' title='bbox 1556 2805 1626 2858; x_wconf 84' lang='grc' dir='ltr'><strong>δέ</strong></span> <span class='ocrx_word' id='word_1_308' title='bbox 1680 2801 1954 2874; x_wconf 71' lang='grc' dir='ltr'>χαλεπώ-</span> 
     </span>
    </p>
   </div>
   <div class='ocr_carea' id='block_1_46' title="bbox 364 2897 1956 2976">
    <p class='ocr_par' dir='ltr' id='par_1_46' title="bbox 364 2897 1956 2976">
     <span class='ocr_line' id='line_1_46' title="bbox 364 2897 1956 2976; baseline -0.008 -15"><span class='ocrx_word' id='word_1_309' title='bbox 364 2924 556 2976; x_wconf 83' lang='grc' dir='ltr'>τερον,</span> <span class='ocrx_word' id='word_1_310' title='bbox 583 2905 672 2958; x_wconf 87' lang='grc' dir='ltr'>ὅτι</span> <span class='ocrx_word' id='word_1_311' title='bbox 700 2905 799 2957; x_wconf 74' lang='grc' dir='ltr'>καὶ</span> <span class='ocrx_word' id='word_1_312' title='bbox 828 2902 1111 2958; x_wconf 80' lang='grc' dir='ltr'><strong>ὑποκάτω</strong></span> <span class='ocrx_word' id='word_1_313' title='bbox 1151 2899 1262 2968; x_wconf 82' lang='grc' dir='ltr'>τῆς</span> <span class='ocrx_word' id='word_1_314' title='bbox 1295 2900 1458 2965; x_wconf 84' lang='grc' dir='ltr'>θείας</span> <span class='ocrx_word' id='word_1_315' title='bbox 1490 2897 1586 2951; x_wconf 77' lang='grc' dir='ltr'>καὶ</span> <span class='ocrx_word' id='word_1_316' title='bbox 1620 2897 1792 2962; x_wconf 74' lang='grc' dir='ltr'>ἀνίας</span> <span class='ocrx_word' id='word_1_317' title='bbox 1823 2911 1956 2964; x_wconf 84' lang='grc' dir='ltr'>τρα-</span> 
     </span>
    </p>
   </div>
   <div class='ocr_carea' id='block_1_47' title="bbox 363 2991 1452 3069">
    <p class='ocr_par' dir='ltr' id='par_1_47' title="bbox 363 2991 1452 3069">
     <span class='ocr_line' id='line_1_47' title="bbox 363 2991 1452 3069; baseline -0.009 -15"><span class='ocrx_word' id='word_1_318' title='bbox 363 3000 540 3068; x_wconf 85' lang='grc' dir='ltr'>πέζης</span> <span class='ocrx_word' id='word_1_319' title='bbox 567 2997 696 3069; x_wconf 62' lang='lat' dir='ltr'><strong>sps:</strong></span> <span class='ocrx_word' id='word_1_320' title='bbox 723 2994 1192 3051; x_wconf 80' lang='grc' dir='ltr'><strong>δυσωδέστατον</strong></span> <span class='ocrx_word' id='word_1_321' title='bbox 1214 2991 1452 3062; x_wconf 87' lang='grc' dir='ltr'>ἑμετόν.</span> 
     </span>
    </p>
   </div>
   <div class='ocr_carea' id='block_1_48' title="bbox 440 3256 1956 3336">
    <p class='ocr_par' dir='ltr' id='par_1_48' title="bbox 440 3256 1956 3336">
     <span class='ocr_line' id='line_1_48' title="bbox 440 3256 1956 3336; baseline -0.009 -13"><span class='ocrx_word' id='word_1_322' title='bbox 440 3267 532 3323; x_wconf 85' lang='grc' dir='ltr'>λδ’·</span> <span class='ocrx_word' id='word_1_323' title='bbox 576 3266 690 3321; x_wconf 64' lang='grc' dir='ltr'>Καὶ</span> <span class='ocrx_word' id='word_1_324' title='bbox 722 3264 1021 3336; x_wconf 78' lang='grc' dir='ltr'>διηγήσατο</span> <span class='ocrx_word' id='word_1_325' title='bbox 1057 3263 1192 3332; x_wconf 78' lang='grc' dir='ltr'>ἡμῖν</span> <span class='ocrx_word' id='word_1_326' title='bbox 1235 3260 1490 3329; x_wconf 85' lang='grc' dir='ltr'>Ἰωάννης</span> <span class='ocrx_word' id='word_1_327' title='bbox 1515 3259 1544 3312; x_wconf 89' lang='lat'><strong>6</strong></span> <span class='ocrx_word' id='word_1_328' title='bbox 1584 3256 1956 3328; x_wconf 78' lang='grc' dir='ltr'>Ἥσυχαστὴς,</span> 
     </span>
    </p>
   </div>
   <div class='ocr_carea' id='block_1_49' title="bbox 369 3347 1963 3433">
    <p class='ocr_par' dir='ltr' id='par_1_49' title="bbox 369 3347 1963 3433">
     <span class='ocr_line' id='line_1_49' title="bbox 369 3347 1963 3433; baseline -0.009 -16"><span class='ocrx_word' id='word_1_329' title='bbox 369 3365 507 3433; x_wconf 81' lang='grc' dir='ltr'>ἀνὴρ</span> <span class='ocrx_word' id='word_1_330' title='bbox 530 3359 790 3430; x_wconf 81' lang='grc' dir='ltr'>θεοφόρος</span> <span class='ocrx_word' id='word_1_331' title='bbox 824 3361 920 3410; x_wconf 79' lang='grc' dir='ltr'>καὶ</span> <span class='ocrx_word' id='word_1_332' title='bbox 969 3353 1332 3426; x_wconf 74' lang='grc' dir='ltr'>προορατικὺς</span> <span class='ocrx_word' id='word_1_333' title='bbox 1373 3351 1593 3423; x_wconf 78' lang='grc' dir='ltr'>ἀληθὲς,</span> <span class='ocrx_word' id='word_1_334' title='bbox 1625 3353 1706 3405; x_wconf 80' lang='grc' dir='ltr'>ὅτι</span> <span class='ocrx_word' id='word_1_335' title='bbox 1750 3352 1854 3404; x_wconf 83' lang='grc' dir='ltr'>Ἐν</span> <span class='ocrx_word' id='word_1_336' title='bbox 1881 3347 1963 3414; x_wconf 81' lang='grc' dir='ltr'>τῷ</span> 
     </span>
    </p>
   </div>
   <div class='ocr_carea' id='block_1_50' title="bbox 372 3441 1964 3522">
    <p class='ocr_par' dir='ltr' id='par_1_50' title="bbox 372 3441 1964 3522">
     <span class='ocr_line' id='line_1_50' title="bbox 372 3441 1964 3522; baseline -0.011 -12"><span class='ocrx_word' id='word_1_337' title='bbox 372 3454 653 3522; x_wconf 75' lang='grc' dir='ltr'>σπηλαίῳ</span> <span class='ocrx_word' id='word_1_338' title='bbox 709 3447 855 3504; x_wconf 86' lang='grc' dir='ltr'>ποτὲ</span> <span class='ocrx_word' id='word_1_339' title='bbox 909 3444 1189 3516; x_wconf 72' lang='grc' dir='ltr'>σφοδρῶς</span> <span class='ocrx_word' id='word_1_340' title='bbox 1218 3442 1614 3512; x_wconf 75' lang='grc' dir='ltr'>καθεζομένου</span> <span class='ocrx_word' id='word_1_341' title='bbox 1658 3459 1798 3513; x_wconf 82' lang='grc' dir='ltr'>μου,</span> <span class='ocrx_word' id='word_1_342' title='bbox 1852 3441 1964 3494; x_wconf 80' lang='grc' dir='ltr'>δύο</span> 
     </span>
    </p>
   </div>
   <div class='ocr_carea' id='block_1_51' title="bbox 372 3531 1966 3614">
    <p class='ocr_par' dir='ltr' id='par_1_51' title="bbox 372 3531 1966 3614">
     <span class='ocr_line' id='line_1_51' title="bbox 372 3531 1966 3614; baseline -0.011 -13"><span class='ocrx_word' id='word_1_343' title='bbox 372 3546 531 3612; x_wconf 78' lang='grc' dir='ltr'>τινὲς</span> <span class='ocrx_word' id='word_1_344' title='bbox 555 3543 883 3614; x_wconf 74' lang='grc' dir='ltr'>ἡγούμενοι</span> <span class='ocrx_word' id='word_1_345' title='bbox 911 3539 1210 3607; x_wconf 82' lang='grc' dir='ltr'>Εὐθύμιος</span> <span class='ocrx_word' id='word_1_346' title='bbox 1237 3535 1334 3590; x_wconf 81' lang='grc' dir='ltr'>καὶ</span> <span class='ocrx_word' id='word_1_347' title='bbox 1365 3536 1583 3604; x_wconf 74' lang='grc' dir='ltr'>Ἰωσὴφ</span> <span class='ocrx_word' id='word_1_348' title='bbox 1603 3534 1724 3589; x_wconf 82' lang='grc' dir='ltr'><strong>ὑπὸ</strong></span> <span class='ocrx_word' id='word_1_349' title='bbox 1737 3531 1966 3586; x_wconf 81' lang='grc' dir='ltr'>Φωτίου</span> 
     </span>
    </p>
   </div>
   <div class='ocr_carea' id='block_1_52' title="bbox 375 3625 1969 3708">
    <p class='ocr_par' dir='ltr' id='par_1_52' title="bbox 375 3625 1969 3708">
     <span class='ocr_line' id='line_1_52' title="bbox 375 3625 1969 3708; baseline -0.011 -15"><span class='ocrx_word' id='word_1_350' title='bbox 375 3635 656 3708; x_wconf 70' lang='grc' dir='ltr'>σφοδρῶς</span> <span class='ocrx_word' id='word_1_351' title='bbox 681 3633 1031 3701; x_wconf 79' lang='grc' dir='ltr'><strong>διωκόμενοι</strong></span> <span class='ocrx_word' id='word_1_352' title='bbox 1054 3627 1400 3696; x_wconf 75' lang='grc' dir='ltr'>παρέϐαλον</span> <span class='ocrx_word' id='word_1_353' title='bbox 1426 3628 1578 3694; x_wconf 89' lang='grc' dir='ltr'>πρός</span> <span class='ocrx_word' id='word_1_354' title='bbox 1603 3641 1699 3695; x_wconf 85' lang='grc' dir='ltr'>με’</span> <span class='ocrx_word' id='word_1_355' title='bbox 1727 3625 1827 3679; x_wconf 84' lang='grc' dir='ltr'>καὶ</span> <span class='ocrx_word' id='word_1_356' title='bbox 1850 3641 1969 3677; x_wconf 76' lang='grc' dir='ltr'>κα-</span> 
     </span>
    </p>
   </div>
   <div class='ocr_carea' id='block_1_53' title="bbox 376 3718 1983 3797">
    <p class='ocr_par' dir='ltr' id='par_1_53' title="bbox 376 3718 1983 3797">
     <span class='ocr_line' id='line_1_53' title="bbox 376 3718 1983 3797; baseline -0.009 -11"><span class='ocrx_word' id='word_1_357' title='bbox 376 3731 489 3797; x_wconf 86' lang='grc' dir='ltr'>θὼς</span> <span class='ocrx_word' id='word_1_358' title='bbox 511 3729 742 3783; x_wconf 75' lang='grc' dir='ltr'>ἔδωκεν</span> <span class='ocrx_word' id='word_1_359' title='bbox 764 3729 796 3781; x_wconf 83' lang='grc' dir='ltr'><em>ὁ</em></span> <span class='ocrx_word' id='word_1_360' title='bbox 826 3725 994 3790; x_wconf 78' lang='grc' dir='ltr'>Θεὸς,</span> <span class='ocrx_word' id='word_1_361' title='bbox 1020 3720 1311 3791; x_wconf 77' lang='grc' dir='ltr'>ἑστήριξα</span> <span class='ocrx_word' id='word_1_362' title='bbox 1346 3720 1590 3786; x_wconf 80' lang='grc' dir='ltr'>αὐτοὺς,</span> <span class='ocrx_word' id='word_1_363' title='bbox 1625 3718 1723 3773; x_wconf 80' lang='grc' dir='ltr'>καὶ</span> <span class='ocrx_word' id='word_1_364' title='bbox 1751 3719 1983 3773; x_wconf 54' lang='grc' dir='ltr'>τελευέ</span> 
     </span>
    </p>
   </div>
   <div class='ocr_carea' id='block_1_54' title="bbox 382 3807 1972 3887">
    <p class='ocr_par' dir='ltr' id='par_1_54' title="bbox 382 3807 1972 3887">
     <span class='ocr_line' id='line_1_54' title="bbox 382 3807 1972 3887; baseline -0.008 -12"><span class='ocrx_word' id='word_1_365' title='bbox 382 3823 543 3876; x_wconf 81' lang='grc' dir='ltr'>ταῖον</span> <span class='ocrx_word' id='word_1_366' title='bbox 571 3819 781 3884; x_wconf 74' lang='grc' dir='ltr'>εἰπὼν,</span> <span class='ocrx_word' id='word_1_367' title='bbox 815 3819 878 3872; x_wconf 89' lang='grc' dir='ltr'><em>Ὅ</em></span> <span class='ocrx_word' id='word_1_368' title='bbox 916 3818 1249 3887; x_wconf 80' lang='grc' dir='ltr'>ὑπομείνας</span> <span class='ocrx_word' id='word_1_369' title='bbox 1281 3815 1371 3880; x_wconf 81' lang='grc' dir='ltr'><strong>είς</strong></span> <span class='ocrx_word' id='word_1_370' title='bbox 1403 3813 1602 3879; x_wconf 88' lang='grc' dir='ltr'>τέλος,</span> <span class='ocrx_word' id='word_1_371' title='bbox 1639 3807 1820 3878; x_wconf 84' lang='grc' dir='ltr'>οὗτος</span> <span class='ocrx_word' id='word_1_372' title='bbox 1855 3825 1972 3864; x_wconf 90' lang='grc' dir='ltr'>σω-</span> 
     </span>
    </p>
   </div>
   <div class='ocr_carea' id='block_1_55' title="bbox 396 3889 1972 3980">
    <p class='ocr_par' dir='ltr' id='par_1_55' title="bbox 396 3889 1972 3980">
     <span class='ocr_line' id='line_1_55' title="bbox 396 3889 1972 3980; baseline -0.006 -14"><span class='ocrx_word' id='word_1_373' title='bbox 396 3913 653 3980; x_wconf 84' lang='grc' dir='ltr'>θήσεται,</span> <span class='ocrx_word' id='word_1_374' title='bbox 695 3911 984 3966; x_wconf 79' lang='grc' dir='ltr'><strong>ἀπέλυσα</strong></span> <span class='ocrx_word' id='word_1_375' title='bbox 1022 3905 1268 3970; x_wconf 83' lang='grc' dir='ltr'>αὐτούς.</span> <span class='ocrx_word' id='word_1_376' title='bbox 1304 3903 1387 3973; x_wconf 75' lang='grc' dir='ltr'><strong>Τῇ</strong></span> <span class='ocrx_word' id='word_1_377' title='bbox 1414 3905 1482 3959; x_wconf 81' lang='grc' dir='ltr'>δὲ</span> <span class='ocrx_word' id='word_1_378' title='bbox 1510 3889 1772 3972; x_wconf 76' lang='grc' dir='ltr'><strong>ἐπιούσῃ</strong></span> <span class='ocrx_word' id='word_1_379' title='bbox 1799 3903 1972 3957; x_wconf 72' lang='grc' dir='ltr'>νυκτὶ</span> 
     </span>
    </p>
   </div>
   <div class='ocr_carea' id='block_1_56' title="bbox 395 3997 1972 4076">
    <p class='ocr_par' dir='ltr' id='par_1_56' title="bbox 395 3997 1972 4076">
     <span class='ocr_line' id='line_1_56' title="bbox 395 3997 1972 4076; baseline -0.007 -17"><span class='ocrx_word' id='word_1_380' title='bbox 395 4007 503 4075; x_wconf 77' lang='grc' dir='ltr'>πρὸ</span> <span class='ocrx_word' id='word_1_381' title='bbox 524 4007 619 4062; x_wconf 84' lang='grc' dir='ltr'>τοῦ</span> <span class='ocrx_word' id='word_1_382' title='bbox 635 4003 1004 4076; x_wconf 69' lang='grc' dir='ltr'>ἀφυπνῶσαί</span> <span class='ocrx_word' id='word_1_383' title='bbox 1029 4021 1106 4072; x_wconf 89' lang='grc' dir='ltr'><strong>με</strong></span> <span class='ocrx_word' id='word_1_384' title='bbox 1124 4001 1395 4070; x_wconf 84' lang='grc' dir='ltr'>παρέστη</span> <span class='ocrx_word' id='word_1_385' title='bbox 1415 4017 1516 4068; x_wconf 87' lang='grc' dir='ltr'><strong>μοι</strong></span> <span class='ocrx_word' id='word_1_386' title='bbox 1540 3998 1762 4066; x_wconf 69' lang='grc' dir='ltr'><strong>Αῑθίοψ</strong></span> <span class='ocrx_word' id='word_1_387' title='bbox 1774 3997 1972 4067; x_wconf 79' lang='grc' dir='ltr'>μέγας</span> 
     </span>
    </p>
   </div>
   <div class='ocr_carea' id='block_1_57' title="bbox 387 4088 1978 4166">
    <p class='ocr_par' dir='ltr' id='par_1_57' title="bbox 387 4088 1978 4166">
     <span class='ocr_line' id='line_1_57' title="bbox 387 4088 1978 4166; baseline -0.008 -12"><span class='ocrx_word' id='word_1_388' title='bbox 387 4099 486 4154; x_wconf 78' lang='grc' dir='ltr'>καὶ</span> <span class='ocrx_word' id='word_1_389' title='bbox 502 4098 804 4164; x_wconf 86' lang='grc' dir='ltr'>ἀπευκτὸς</span> <span class='ocrx_word' id='word_1_390' title='bbox 823 4096 922 4152; x_wconf 77' lang='grc' dir='ltr'><strong>καί</strong></span> <span class='ocrx_word' id='word_1_391' title='bbox 945 4096 1094 4151; x_wconf 75' lang='grc' dir='ltr'>ἰδεῖν</span> <span class='ocrx_word' id='word_1_392' title='bbox 1116 4095 1384 4166; x_wconf 72' lang='grc' dir='ltr'>φρικτὸς,</span> <span class='ocrx_word' id='word_1_393' title='bbox 1408 4093 1475 4158; x_wconf 84' lang='grc' dir='ltr'>ὃς</span> <span class='ocrx_word' id='word_1_394' title='bbox 1493 4091 1746 4159; x_wconf 81' lang='grc' dir='ltr'>ἣπλωσε</span> <span class='ocrx_word' id='word_1_395' title='bbox 1762 4088 1978 4158; x_wconf 80' lang='grc' dir='ltr'>κρατῆ-</span> 
     </span>
    </p>
   </div>
   <div class='ocr_carea' id='block_1_58' title="bbox 383 4183 1980 4260">
    <p class='ocr_par' dir='ltr' id='par_1_58' title="bbox 383 4183 1980 4260">
     <span class='ocr_line' id='line_1_58' title="bbox 383 4183 1980 4260; baseline -0.008 -12"><span class='ocrx_word' id='word_1_396' title='bbox 383 4211 486 4248; x_wconf 86' lang='grc' dir='ltr'><strong>σαι</strong></span> <span class='ocrx_word' id='word_1_397' title='bbox 514 4193 620 4247; x_wconf 84' lang='grc' dir='ltr'>τοῦ</span> <span class='ocrx_word' id='word_1_398' title='bbox 651 4189 872 4260; x_wconf 84' lang='grc' dir='ltr'>λαιμοῦ</span> <span class='ocrx_word' id='word_1_399' title='bbox 907 4207 1028 4259; x_wconf 84' lang='grc' dir='ltr'><strong>μου</strong></span> <span class='ocrx_word' id='word_1_400' title='bbox 1052 4189 1202 4257; x_wconf 85' lang='grc' dir='ltr'>πρὸς</span> <span class='ocrx_word' id='word_1_401' title='bbox 1223 4189 1289 4241; x_wconf 81' lang='grc' dir='ltr'>τὸ</span> <span class='ocrx_word' id='word_1_402' title='bbox 1307 4185 1643 4250; x_wconf 78' lang='grc' dir='ltr'><strong>ἀποπνῖξαι</strong></span> <span class='ocrx_word' id='word_1_403' title='bbox 1663 4200 1758 4253; x_wconf 84' lang='grc' dir='ltr'>με.</span> <span class='ocrx_word' id='word_1_404' title='bbox 1786 4183 1980 4246; x_wconf 74' lang='grc' dir='ltr'>Εὐθὺς</span> 
     </span>
    </p>
   </div>
   <div class='ocr_carea' id='block_1_59' title="bbox 381 4275 1981 4355">
    <p class='ocr_par' dir='ltr' id='par_1_59' title="bbox 381 4275 1981 4355">
     <span class='ocr_line' id='line_1_59' title="bbox 381 4275 1981 4355; baseline -0.009 -15"><span class='ocrx_word' id='word_1_405' title='bbox 381 4287 417 4340; x_wconf 88' lang='grc' dir='ltr'><strong>δ</strong></span> <span class='ocrx_word' id='word_1_406' title='bbox 423 4286 452 4340; x_wconf 82' lang='grc' dir='ltr'><em>ὲ</em></span> <span class='ocrx_word' id='word_1_407' title='bbox 470 4285 586 4355; x_wconf 78' lang='grc' dir='ltr'><strong>ἐγὼ</strong></span> <span class='ocrx_word' id='word_1_408' title='bbox 602 4285 710 4338; x_wconf 80' lang='grc' dir='ltr'>τὸν</span> <span class='ocrx_word' id='word_1_409' title='bbox 730 4285 923 4337; x_wconf 84' lang='grc' dir='ltr'>τύπον</span> <span class='ocrx_word' id='word_1_410' title='bbox 945 4281 1051 4336; x_wconf 89' lang='grc' dir='ltr'>τοῦ</span> <span class='ocrx_word' id='word_1_411' title='bbox 1068 4281 1337 4348; x_wconf 84' lang='grc' dir='ltr'>σταυροῦ</span> <span class='ocrx_word' id='word_1_412' title='bbox 1357 4277 1626 4347; x_wconf 82' lang='grc' dir='ltr'>ποιήσας</span> <span class='ocrx_word' id='word_1_413' title='bbox 1645 4276 1741 4330; x_wconf 75' lang='grc' dir='ltr'><strong>καὶ</strong></span> <span class='ocrx_word' id='word_1_414' title='bbox 1765 4275 1981 4344; x_wconf 73' lang='grc' dir='ltr'>θαρρή-</span> 
     </span>
    </p>
   </div>
   <div class='ocr_carea' id='block_1_60' title="bbox 382 4365 1979 4446">
    <p class='ocr_par' dir='ltr' id='par_1_60' title="bbox 382 4365 1979 4446">
     <span class='ocr_line' id='line_1_60' title="bbox 382 4365 1979 4446; baseline -0.007 -13"><span class='ocrx_word' id='word_1_415' title='bbox 382 4396 500 4446; x_wconf 86' lang='grc' dir='ltr'><strong>σας</strong></span> <span class='ocrx_word' id='word_1_416' title='bbox 532 4375 840 4446; x_wconf 82' lang='grc' dir='ltr'>ἐκράτησα</span> <span class='ocrx_word' id='word_1_417' title='bbox 870 4375 1058 4429; x_wconf 78' lang='grc' dir='ltr'>αὐτὸν</span> <span class='ocrx_word' id='word_1_418' title='bbox 1080 4375 1197 4427; x_wconf 81' lang='grc' dir='ltr'><strong>ἀπὸ</strong></span> <span class='ocrx_word' id='word_1_419' title='bbox 1230 4371 1338 4439; x_wconf 80' lang='grc' dir='ltr'>τῆς</span> <span class='ocrx_word' id='word_1_420' title='bbox 1364 4373 1584 4442; x_wconf 78' lang='grc' dir='ltr'>χειρὸς,</span> <span class='ocrx_word' id='word_1_421' title='bbox 1613 4370 1734 4433; x_wconf 79' lang='grc' dir='ltr'>καὶ,</span> <span class='ocrx_word' id='word_1_422' title='bbox 1776 4371 1872 4435; x_wconf 85' lang='grc' dir='ltr'>Τίς</span> <span class='ocrx_word' id='word_1_423' title='bbox 1903 4365 1979 4434; x_wconf 76' lang='grc' dir='ltr'>εἷ,</span> 
     </span>
    </p>
   </div>
   <div class='ocr_carea' id='block_1_61' title="bbox 385 4463 1984 4542">
    <p class='ocr_par' dir='ltr' id='par_1_61' title="bbox 385 4463 1984 4542">
     <span class='ocr_line' id='line_1_61' title="bbox 385 4463 1984 4542; baseline -0.007 -16"><span class='ocrx_word' id='word_1_424' title='bbox 385 4472 598 4542; x_wconf 75' lang='grc' dir='ltr'>λέγων,</span> <span class='ocrx_word' id='word_1_425' title='bbox 619 4469 716 4523; x_wconf 78' lang='grc' dir='ltr'>καὶ</span> <span class='ocrx_word' id='word_1_426' title='bbox 730 4471 787 4522; x_wconf 87' lang='grc' dir='ltr'><strong>τί</strong></span> <span class='ocrx_word' id='word_1_427' title='bbox 805 4469 872 4521; x_wconf 86' lang='grc' dir='ltr'>τὸ</span> <span class='ocrx_word' id='word_1_428' title='bbox 893 4467 1080 4536; x_wconf 81' lang='grc' dir='ltr'>ὄνομά</span> <span class='ocrx_word' id='word_1_429' title='bbox 1099 4482 1237 4529; x_wconf 82' lang='grc' dir='ltr'>σου,</span> <span class='ocrx_word' id='word_1_430' title='bbox 1251 4466 1348 4518; x_wconf 81' lang='grc' dir='ltr'>καὶ</span> <span class='ocrx_word' id='word_1_431' title='bbox 1369 4465 1457 4530; x_wconf 83' lang='grc' dir='ltr'><strong>τίς</strong></span> <span class='ocrx_word' id='word_1_432' title='bbox 1477 4467 1508 4518; x_wconf 78' lang='grc' dir='ltr'><em>ὁ</em></span> <span class='ocrx_word' id='word_1_433' title='bbox 1525 4463 1896 4528; x_wconf 72' lang='grc' dir='ltr'>ἀποστείλας</span> <span class='ocrx_word' id='word_1_434' title='bbox 1911 4479 1984 4515; x_wconf 91' lang='grc' dir='ltr'><strong>σε</strong></span> 
     </span>
    </p>
   </div>
   <div class='ocr_carea' id='block_1_62' title="bbox 2051 1961 3651 2038">
    <p class='ocr_par' dir='ltr' id='par_1_62' title="bbox 2051 1961 3651 2038">
     <span class='ocr_line' id='line_1_62' title="bbox 2051 1961 3651 2038; baseline -0.013 -8"><span class='ocrx_word' id='word_1_435' title='bbox 2051 1975 2220 2030; x_wconf 90' lang='lat' dir='ltr'><strong>dilam</strong></span> <span class='ocrx_word' id='word_1_436' title='bbox 2265 1987 2383 2027; x_wconf 85' lang='lat' dir='ltr'><strong>rem</strong></span> <span class='ocrx_word' id='word_1_437' title='bbox 2425 1969 2568 2025; x_wconf 84' lang='lat' dir='ltr'><strong>vidit</strong></span> <span class='ocrx_word' id='word_1_438' title='bbox 2607 1984 2671 2023; x_wconf 88' lang='lat' dir='ltr'><strong>ac</strong></span> <span class='ocrx_word' id='word_1_439' title='bbox 2703 1969 2863 2038; x_wconf 90' lang='lat' dir='ltr'><strong>plane</strong></span> <span class='ocrx_word' id='word_1_440' title='bbox 2914 1965 3215 2027; x_wconf 87' lang='lat' dir='ltr'><strong>insolitam,</strong></span> <span class='ocrx_word' id='word_1_441' title='bbox 3264 1961 3502 2031; x_wconf 81' lang='lat' dir='ltr'><strong>ingentis</strong></span> <span class='ocrx_word' id='word_1_442' title='bbox 3536 1974 3651 2011; x_wconf 84' lang='lat' dir='ltr'><strong>mo—</strong></span> 
     </span>
    </p>
   </div>
   <div class='ocr_carea' id='block_1_63' title="bbox 2050 2057 3652 2138">
    <p class='ocr_par' dir='ltr' id='par_1_63' title="bbox 2050 2057 3652 2138">
     <span class='ocr_line' id='line_1_63' title="bbox 2050 2057 3652 2138; baseline -0.016 -13"><span class='ocrx_word' id='word_1_443' title='bbox 2050 2071 2120 2125; x_wconf 91' lang='lat' dir='ltr'><strong>lis</strong></span> <span class='ocrx_word' id='word_1_444' title='bbox 2167 2073 2485 2138; x_wconf 87' lang='lat' dir='ltr'><strong>serpentem</strong></span> <span class='ocrx_word' id='word_1_445' title='bbox 2539 2060 2722 2117; x_wconf 87' lang='lat' dir='ltr'><strong>Photii</strong></span> <span class='ocrx_word' id='word_1_446' title='bbox 2771 2057 3206 2126; x_wconf 84' lang='lat' dir='ltr'><strong>adstringentcm</strong></span> <span class='ocrx_word' id='word_1_447' title='bbox 3257 2066 3477 2116; x_wconf 86' lang='lat' dir='ltr'><strong>manus,</strong></span> <span class='ocrx_word' id='word_1_448' title='bbox 3525 2066 3652 2103; x_wconf 87' lang='lat' dir='ltr'><strong>cum</strong></span> 
     </span>
    </p>
   </div>
   <div class='ocr_carea' id='block_1_64' title="bbox 2050 2141 3650 2224">
    <p class='ocr_par' dir='ltr' id='par_1_64' title="bbox 2050 2141 3650 2224">
     <span class='ocr_line' id='line_1_64' title="bbox 2050 2141 3650 2224; baseline -0.016 -7"><span class='ocrx_word' id='word_1_449' title='bbox 2050 2159 2372 2218; x_wconf 67' lang='lat' dir='ltr'><strong>veneranda</strong></span> <span class='ocrx_word' id='word_1_450' title='bbox 2423 2171 2558 2212; x_wconf 85' lang='lat' dir='ltr'><strong>crux</strong></span> <span class='ocrx_word' id='word_1_451' title='bbox 2611 2153 2728 2224; x_wconf 91' lang='lat' dir='ltr'><strong>ipsa</strong></span> <span class='ocrx_word' id='word_1_452' title='bbox 2787 2168 2817 2205; x_wconf 91' lang='lat' dir='ltr'><strong>a</strong></span> <span class='ocrx_word' id='word_1_453' title='bbox 2873 2165 2930 2206; x_wconf 89' lang='lat' dir='ltr'><strong>se</strong></span> <span class='ocrx_word' id='word_1_454' title='bbox 2980 2149 3100 2218; x_wconf 91' lang='lat' dir='ltr'><strong>ipsa</strong></span> <span class='ocrx_word' id='word_1_455' title='bbox 3147 2145 3506 2200; x_wconf 81' lang='lat' dir='ltr'><strong>exaltaretur.</strong></span> <span class='ocrx_word' id='word_1_456' title='bbox 3551 2141 3650 2195; x_wconf 82' lang='lat' dir='ltr'><strong>Rei</strong></span> 
     </span>
    </p>
   </div>
   <div class='ocr_carea' id='block_1_65' title="bbox 2053 2247 3655 2328">
    <p class='ocr_par' dir='ltr' id='par_1_65' title="bbox 2053 2247 3655 2328">
     <span class='ocr_line' id='line_1_65' title="bbox 2053 2247 3655 2328; baseline -0.017 -14"><span class='ocrx_word' id='word_1_457' title='bbox 2053 2273 2184 2328; x_wconf 80' lang='lat' dir='ltr'><strong>ergo</strong></span> <span class='ocrx_word' id='word_1_458' title='bbox 2217 2252 2534 2325; x_wconf 88' lang='lat' dir='ltr'><strong>spectaculo</strong></span> <span class='ocrx_word' id='word_1_459' title='bbox 2580 2247 2832 2309; x_wconf 90' lang='lat' dir='ltr'><strong>territus,</strong></span> <span class='ocrx_word' id='word_1_460' title='bbox 2880 2257 3075 2312; x_wconf 82' lang='lat' dir='ltr'><strong>magna</strong></span> <span class='ocrx_word' id='word_1_461' title='bbox 3120 2249 3489 2306; x_wconf 88' lang='lat' dir='ltr'><strong>contentaque</strong></span> <span class='ocrx_word' id='word_1_462' title='bbox 3522 2249 3655 2287; x_wconf 73' lang='lat' dir='ltr'><strong>voce</strong></span> 
     </span>
    </p>
   </div>
   <div class='ocr_carea' id='block_1_66' title="bbox 2055 2333 3657 2406">
    <p class='ocr_par' dir='ltr' id='par_1_66' title="bbox 2055 2333 3657 2406">
     <span class='ocr_line' id='line_1_66' title="bbox 2055 2333 3657 2406; baseline -0.017 0"><span class='ocrx_word' id='word_1_463' title='bbox 2055 2343 2587 2406; x_wconf 85' lang='lat' dir='ltr'><strong>clamare.Domine,</strong></span> <span class='ocrx_word' id='word_1_464' title='bbox 2621 2341 2894 2392; x_wconf 78' lang='lat' dir='ltr'><strong>miserere.</strong></span> <span class='ocrx_word' id='word_1_465' title='bbox 2957 2333 3231 2388; x_wconf 88' lang='lat' dir='ltr'><strong>Clarnoris</strong></span> <span class='ocrx_word' id='word_1_466' title='bbox 3284 2343 3508 2383; x_wconf 89' lang='lat' dir='ltr'><strong>causam</strong></span> <span class='ocrx_word' id='word_1_467' title='bbox 3562 2341 3657 2380; x_wconf 80' lang='lat' dir='ltr'><strong>ex-</strong></span> 
     </span>
    </p>
   </div>
   <div class='ocr_carea' id='block_1_67' title="bbox 2056 2420 3656 2514">
    <p class='ocr_par' dir='ltr' id='par_1_67' title="bbox 2056 2420 3656 2514">
     <span class='ocr_line' id='line_1_67' title="bbox 2056 2420 3656 2514; baseline -0.014 -18"><span class='ocrx_word' id='word_1_468' title='bbox 2056 2439 2442 2514; x_wconf 87' lang='lat' dir='ltr'><strong>quirentibus,</strong></span> <span class='ocrx_word' id='word_1_469' title='bbox 2497 2432 2590 2503; x_wconf 90' lang='lat' dir='ltr'><strong>qui</strong></span> <span class='ocrx_word' id='word_1_470' title='bbox 2637 2445 2764 2485; x_wconf 90' lang='lat' dir='ltr'><strong>eum</strong></span> <span class='ocrx_word' id='word_1_471' title='bbox 2824 2428 2919 2483; x_wconf 88' lang='lat' dir='ltr'><strong>illo</strong></span> <span class='ocrx_word' id='word_1_472' title='bbox 2965 2427 3186 2481; x_wconf 86' lang='lat' dir='ltr'><strong>stabant</strong></span> <span class='ocrx_word' id='word_1_473' title='bbox 3233 2424 3339 2479; x_wconf 81' lang='lat' dir='ltr'><strong>viri</strong></span> <span class='ocrx_word' id='word_1_474' title='bbox 3391 2420 3656 2492; x_wconf 82' lang='lat' dir='ltr'><strong>religiosi,</strong></span> 
     </span>
    </p>
   </div>
   <div class='ocr_carea' id='block_1_68' title="bbox 2055 2515 3659 2595">
    <p class='ocr_par' dir='ltr' id='par_1_68' title="bbox 2055 2515 3659 2595">
     <span class='ocr_line' id='line_1_68' title="bbox 2055 2515 3659 2595; baseline -0.014 -5"><span class='ocrx_word' id='word_1_475' title='bbox 2055 2535 2326 2589; x_wconf 68' lang='lat' dir='ltr'><strong>visionem</strong></span> <span class='ocrx_word' id='word_1_476' title='bbox 2402 2527 2514 2583; x_wconf 87' lang='lat' dir='ltr'><strong>illis</strong></span> <span class='ocrx_word' id='word_1_477' title='bbox 2568 2524 2820 2595; x_wconf 86' lang='lat' dir='ltr'><strong>aperuit.</strong></span> <span class='ocrx_word' id='word_1_478' title='bbox 2901 2521 3076 2576; x_wconf 87' lang='lat' dir='ltr'><strong>Erant</strong></span> <span class='ocrx_word' id='word_1_479' title='bbox 3148 2519 3204 2572; x_wconf 90' lang='lat' dir='ltr'><strong>hi</strong></span> <span class='ocrx_word' id='word_1_480' title='bbox 3276 2532 3340 2573; x_wconf 82' lang='lat' dir='ltr'><strong>ex</strong></span> <span class='ocrx_word' id='word_1_481' title='bbox 3410 2515 3659 2570; x_wconf 64' lang='lat' dir='ltr'><strong>ecclesiae</strong></span> 
     </span>
    </p>
   </div>
   <div class='ocr_carea' id='block_1_69' title="bbox 2055 2605 3660 2699">
    <p class='ocr_par' dir='ltr' id='par_1_69' title="bbox 2055 2605 3660 2699">
     <span class='ocr_line' id='line_1_69' title="bbox 2055 2605 3660 2699; baseline -0.014 -19"><span class='ocrx_word' id='word_1_482' title='bbox 2055 2621 2417 2699; x_wconf 79' lang='lat' dir='ltr'><strong>presbyteris,</strong></span> <span class='ocrx_word' id='word_1_483' title='bbox 2458 2618 2552 2688; x_wconf 90' lang='lat' dir='ltr'><strong>qui</strong></span> <span class='ocrx_word' id='word_1_484' title='bbox 2596 2625 2654 2672; x_wconf 89' lang='lat' dir='ltr'><strong>et</strong></span> <span class='ocrx_word' id='word_1_485' title='bbox 2694 2615 2796 2685; x_wconf 90' lang='lat' dir='ltr'><strong>ipsi</strong></span> <span class='ocrx_word' id='word_1_486' title='bbox 2844 2611 3148 2668; x_wconf 83' lang='lat' dir='ltr'><strong>venerabili</strong></span> <span class='ocrx_word' id='word_1_487' title='bbox 3196 2609 3328 2663; x_wconf 90' lang='lat' dir='ltr'><strong>huic</strong></span> <span class='ocrx_word' id='word_1_488' title='bbox 3378 2624 3441 2662; x_wconf 86' lang='lat' dir='ltr'><strong>ac</strong></span> <span class='ocrx_word' id='word_1_489' title='bbox 3493 2605 3660 2676; x_wconf 90' lang='lat' dir='ltr'><strong>spiri-</strong></span> 
     </span>
    </p>
   </div>
   <div class='ocr_carea' id='block_1_70' title="bbox 2059 2697 3661 2775">
    <p class='ocr_par' dir='ltr' id='par_1_70' title="bbox 2059 2697 3661 2775">
     <span class='ocr_line' id='line_1_70' title="bbox 2059 2697 3661 2775; baseline -0.016 -2"><span class='ocrx_word' id='word_1_490' title='bbox 2059 2697 2151 2774; x_wconf 79' lang='lat' dir='ltr'><strong>tali</strong></span> <span class='ocrx_word' id='word_1_491' title='bbox 2213 2713 2487 2770; x_wconf 90' lang='lat' dir='ltr'><strong>monacho</strong></span> <span class='ocrx_word' id='word_1_492' title='bbox 2544 2710 2809 2764; x_wconf 83' lang='lat' dir='ltr'><strong>dixerunt</strong></span> <span class='ocrx_word' id='word_1_493' title='bbox 2839 2725 2851 2760; x_wconf 92' lang='lat'><strong>:</strong></span> <span class='ocrx_word' id='word_1_494' title='bbox 2889 2706 2997 2761; x_wconf 88' lang='lat' dir='ltr'><strong>Nos</strong></span> <span class='ocrx_word' id='word_1_495' title='bbox 3029 2718 3234 2775; x_wconf 88' lang='lat' dir='ltr'><strong>quoque</strong></span> <span class='ocrx_word' id='word_1_496' title='bbox 3265 2718 3382 2754; x_wconf 85' lang='lat' dir='ltr'><strong>cum</strong></span> <span class='ocrx_word' id='word_1_497' title='bbox 3424 2697 3522 2752; x_wconf 88' lang='lat' dir='ltr'><strong>illo</strong></span> <span class='ocrx_word' id='word_1_498' title='bbox 3550 2714 3661 2749; x_wconf 85' lang='lat' dir='ltr'><strong>rem</strong></span> 
     </span>
    </p>
   </div>
   <div class='ocr_carea' id='block_1_71' title="bbox 2057 2793 3663 2875">
    <p class='ocr_par' dir='ltr' id='par_1_71' title="bbox 2057 2793 3663 2875">
     <span class='ocr_line' id='line_1_71' title="bbox 2057 2793 3663 2875; baseline -0.016 -9"><span class='ocrx_word' id='word_1_499' title='bbox 2057 2826 2272 2867; x_wconf 77' lang='lat' dir='ltr'><strong>sacram</strong></span> <span class='ocrx_word' id='word_1_500' title='bbox 2317 2810 2627 2875; x_wconf 86' lang='lat' dir='ltr'><strong>peragentes</strong></span> <span class='ocrx_word' id='word_1_501' title='bbox 2662 2816 2940 2871; x_wconf 82' lang='lat' dir='ltr'><strong>nunquam</strong></span> <span class='ocrx_word' id='word_1_502' title='bbox 2974 2796 3262 2852; x_wconf 75' lang='lat' dir='ltr'><strong>solemnem</strong></span> <span class='ocrx_word' id='word_1_503' title='bbox 3305 2793 3663 2863; x_wconf 82' lang='lat' dir='ltr'><strong>precationem</strong></span> 
     </span>
    </p>
   </div>
   <div class='ocr_carea' id='block_1_72' title="bbox 2057 2887 3664 2957">
    <p class='ocr_par' dir='ltr' id='par_1_72' title="bbox 2057 2887 3664 2957">
     <span class='ocr_line' id='line_1_72' title="bbox 2057 2887 3664 2957; baseline -0.016 0"><span class='ocrx_word' id='word_1_504' title='bbox 2057 2904 2314 2957; x_wconf 74' lang='lat' dir='ltr'><strong>dicentem</strong></span> <span class='ocrx_word' id='word_1_505' title='bbox 2364 2913 2483 2950; x_wconf 89' lang='lat' dir='ltr'><strong>eum</strong></span> <span class='ocrx_word' id='word_1_506' title='bbox 2534 2893 2866 2955; x_wconf 81' lang='lat' dir='ltr'><strong>audivimus,</strong></span> <span class='ocrx_word' id='word_1_507' title='bbox 2922 2889 3013 2942; x_wconf 87' lang='lat' dir='ltr'><strong>sed</strong></span> <span class='ocrx_word' id='word_1_508' title='bbox 3075 2887 3425 2957; x_wconf 80' lang='lat' dir='ltr'><strong>profanorum</strong></span> <span class='ocrx_word' id='word_1_509' title='bbox 3480 2890 3664 2935; x_wconf 81' lang='lat' dir='ltr'><strong>vatum</strong></span> 
     </span>
    </p>
   </div>
   <div class='ocr_carea' id='block_1_73' title="bbox 2058 2975 3658 3050">
    <p class='ocr_par' dir='ltr' id='par_1_73' title="bbox 2058 2975 3658 3050">
     <span class='ocr_line' id='line_1_73' title="bbox 2058 2975 3658 3050; baseline -0.016 -1"><span class='ocrx_word' id='word_1_510' title='bbox 2058 2993 2215 3050; x_wconf 83' lang='lat' dir='ltr'><strong>verba</strong></span> <span class='ocrx_word' id='word_1_511' title='bbox 2267 2990 2812 3045; x_wconf 89' lang='lat' dir='ltr'><strong>submurmurantem.</strong></span> <span class='ocrx_word' id='word_1_512' title='bbox 2857 2979 3008 3045; x_wconf 83' lang='lat' dir='ltr'><strong>Quod</strong></span> <span class='ocrx_word' id='word_1_513' title='bbox 3041 2993 3159 3032; x_wconf 89' lang='lat' dir='ltr'><strong>vero</strong></span> <span class='ocrx_word' id='word_1_514' title='bbox 3201 2977 3278 3028; x_wconf 86' lang='lat' dir='ltr'><strong>his</strong></span> <span class='ocrx_word' id='word_1_515' title='bbox 3315 2975 3527 3044; x_wconf 84' lang='lat' dir='ltr'><strong>gravius</strong></span> <span class='ocrx_word' id='word_1_516' title='bbox 3559 2979 3658 3024; x_wconf 66' lang='lat' dir='ltr'><strong>estv</strong></span> 
     </span>
    </p>
   </div>
   <div class='ocr_carea' id='block_1_74' title="bbox 2061 3065 3667 3144">
    <p class='ocr_par' dir='ltr' id='par_1_74' title="bbox 2061 3065 3667 3144">
     <span class='ocr_line' id='line_1_74' title="bbox 2061 3065 3667 3144; baseline -0.015 -2"><span class='ocrx_word' id='word_1_517' title='bbox 2061 3089 2220 3142; x_wconf 83' lang='lat' dir='ltr'><strong>etiam</strong></span> <span class='ocrx_word' id='word_1_518' title='bbox 2269 3084 2362 3138; x_wconf 89' lang='lat' dir='ltr'><strong>sub</strong></span> <span class='ocrx_word' id='word_1_519' title='bbox 2414 3081 2593 3135; x_wconf 86' lang='lat' dir='ltr'><strong>divina</strong></span> <span class='ocrx_word' id='word_1_520' title='bbox 2644 3090 2903 3144; x_wconf 83' lang='lat' dir='ltr'><strong>sacraque</strong></span> <span class='ocrx_word' id='word_1_521' title='bbox 2982 3088 3162 3126; x_wconf 84' lang='lat' dir='ltr'><strong>mensa</strong></span> <span class='ocrx_word' id='word_1_522' title='bbox 3228 3069 3406 3138; x_wconf 76' lang='lat' dir='ltr'><strong>[eloris</strong></span> <span class='ocrx_word' id='word_1_523' title='bbox 3455 3065 3667 3137; x_wconf 81' lang='lat' dir='ltr'><strong>pessimi</strong></span> 
     </span>
    </p>
   </div>
   <div class='ocr_carea' id='block_1_75' title="bbox 1984 3176 2531 3264">
    <p class='ocr_par' dir='ltr' id='par_1_75' title="bbox 1984 3176 2531 3264">
     <span class='ocr_line' id='line_1_75' title="bbox 1984 3176 2531 3264; baseline -0.024 -25"><span class='ocrx_word' id='word_1_524' title='bbox 1984 3207 2027 3264; x_wconf 71' lang='grc' dir='ltr'>ο</span> <span class='ocrx_word' id='word_1_525' title='bbox 2061 3181 2315 3237; x_wconf 82' lang='lat' dir='ltr'><strong>vomitum</strong></span> <span class='ocrx_word' id='word_1_526' title='bbox 2345 3176 2531 3245; x_wconf 82' lang='lat' dir='ltr'><strong>egerit.</strong></span> 
     </span>
    </p>
   </div>
   <div class='ocr_carea' id='block_1_76' title="bbox 2135 3246 3666 3328">
    <p class='ocr_par' dir='ltr' id='par_1_76' title="bbox 2135 3246 3666 3328">
     <span class='ocr_line' id='line_1_76' title="bbox 2135 3246 3666 3328; baseline -0.02 0"><span class='ocrx_word' id='word_1_527' title='bbox 2135 3273 2225 3328; x_wconf 71' lang='grc'><strong>54.</strong></span> <span class='ocrx_word' id='word_1_528' title='bbox 2260 3267 2516 3324; x_wconf 78' lang='lat' dir='ltr'><strong>Narravit</strong></span> <span class='ocrx_word' id='word_1_529' title='bbox 2548 3262 2709 3318; x_wconf 87' lang='lat' dir='ltr'><strong>nobis</strong></span> <span class='ocrx_word' id='word_1_530' title='bbox 2761 3259 3002 3315; x_wconf 85' lang='lat' dir='ltr'><strong>Joannes</strong></span> <span class='ocrx_word' id='word_1_531' title='bbox 3037 3253 3348 3317; x_wconf 89' lang='lat' dir='ltr'><strong>Solitarius,</strong></span> <span class='ocrx_word' id='word_1_532' title='bbox 3397 3249 3483 3302; x_wconf 70' lang='lat' dir='ltr'><strong>vir</strong></span> <span class='ocrx_word' id='word_1_533' title='bbox 3519 3246 3666 3302; x_wconf 84' lang='lat' dir='ltr'><strong>divi-</strong></span> 
     </span>
    </p>
   </div>
   <div class='ocr_carea' id='block_1_77' title="bbox 2064 3338 3670 3430">
    <p class='ocr_par' dir='ltr' id='par_1_77' title="bbox 2064 3338 3670 3430">
     <span class='ocr_line' id='line_1_77' title="bbox 2064 3338 3670 3430; baseline -0.018 -10"><span class='ocrx_word' id='word_1_534' title='bbox 2064 3380 2172 3420; x_wconf 92' lang='lat' dir='ltr'><strong>nus</strong></span> <span class='ocrx_word' id='word_1_535' title='bbox 2215 3378 2281 3417; x_wconf 82' lang='lat' dir='ltr'><strong>ac.</strong></span> <span class='ocrx_word' id='word_1_536' title='bbox 2332 3358 2531 3430; x_wconf 90' lang='lat' dir='ltr'><strong>spiritu</strong></span> <span class='ocrx_word' id='word_1_537' title='bbox 2595 3351 2924 3426; x_wconf 84' lang='lat' dir='ltr'><strong>prephetieo</strong></span> <span class='ocrx_word' id='word_1_538' title='bbox 2986 3347 3276 3418; x_wconf 75' lang='lat' dir='ltr'><strong>praeditus,</strong></span> <span class='ocrx_word' id='word_1_539' title='bbox 3328 3358 3472 3397; x_wconf 79' lang='lat' dir='ltr'><strong>verae</strong></span> <span class='ocrx_word' id='word_1_540' title='bbox 3520 3338 3670 3394; x_wconf 86' lang='lat' dir='ltr'><strong>istud</strong></span> 
     </span>
    </p>
   </div>
   <div class='ocr_carea' id='block_1_78' title="bbox 2066 3429 3670 3513">
    <p class='ocr_par' dir='ltr' id='par_1_78' title="bbox 2066 3429 3670 3513">
     <span class='ocr_line' id='line_1_78' title="bbox 2066 3429 3670 3513; baseline -0.018 -3"><span class='ocrx_word' id='word_1_541' title='bbox 2066 3429 2445 3510; x_wconf 83' lang='lat' dir='ltr'><strong>narrationis:</strong></span> <span class='ocrx_word' id='word_1_542' title='bbox 2477 3445 2610 3502; x_wconf 88' lang='lat' dir='ltr'><strong>Cum</strong></span> <span class='ocrx_word' id='word_1_543' title='bbox 2667 3440 2985 3513; x_wconf 83' lang='lat' dir='ltr'><strong>quandoque</strong></span> <span class='ocrx_word' id='word_1_544' title='bbox 3032 3439 3140 3507; x_wconf 90' lang='lat' dir='ltr'><strong>ipse</strong></span> <span class='ocrx_word' id='word_1_545' title='bbox 3195 3433 3428 3504; x_wconf 79' lang='lat' dir='ltr'><strong>graviter</strong></span> <span class='ocrx_word' id='word_1_546' title='bbox 3476 3429 3670 3482; x_wconf 83' lang='lat' dir='ltr'><strong>habens</strong></span> 
     </span>
    </p>
   </div>
   <div class='ocr_carea' id='block_1_79' title="bbox 2067 3524 3672 3617">
    <p class='ocr_par' dir='ltr' id='par_1_79' title="bbox 2067 3524 3672 3617">
     <span class='ocr_line' id='line_1_79' title="bbox 2067 3524 3672 3617; baseline -0.019 -15"><span class='ocrx_word' id='word_1_547' title='bbox 2067 3549 2124 3602; x_wconf 84' lang='lat' dir='ltr'><strong>in</strong></span> <span class='ocrx_word' id='word_1_548' title='bbox 2174 3561 2332 3617; x_wconf 87' lang='lat' dir='ltr'><strong>specu</strong></span> <span class='ocrx_word' id='word_1_549' title='bbox 2373 3557 2490 3597; x_wconf 88' lang='lat' dir='ltr'><strong>mea</strong></span> <span class='ocrx_word' id='word_1_550' title='bbox 2535 3538 2808 3600; x_wconf 79' lang='lat' dir='ltr'><strong>sederem,</strong></span> <span class='ocrx_word' id='word_1_551' title='bbox 2864 3534 2967 3586; x_wconf 90' lang='lat' dir='ltr'><strong>duo</strong></span> <span class='ocrx_word' id='word_1_552' title='bbox 3023 3530 3240 3601; x_wconf 85' lang='lat' dir='ltr'><strong>quidam</strong></span> <span class='ocrx_word' id='word_1_553' title='bbox 3294 3524 3672 3578; x_wconf 82' lang='lat' dir='ltr'><strong>monachorum</strong></span> 
     </span>
    </p>
   </div>
   <div class='ocr_carea' id='block_1_80' title="bbox 2071 3613 3675 3712">
    <p class='ocr_par' dir='ltr' id='par_1_80' title="bbox 2071 3613 3675 3712">
     <span class='ocr_line' id='line_1_80' title="bbox 2071 3613 3675 3712; baseline -0.02 -18"><span class='ocrx_word' id='word_1_554' title='bbox 2071 3613 2346 3712; x_wconf 76' lang='lat' dir='ltr'><strong>prcepositi</strong></span> <span class='ocrx_word' id='word_1_555' title='bbox 2387 3631 2706 3703; x_wconf 83' lang='lat' dir='ltr'><strong>Enthymius</strong></span> <span class='ocrx_word' id='word_1_556' title='bbox 2774 3634 2822 3681; x_wconf 89' lang='lat' dir='ltr'><strong>et</strong></span> <span class='ocrx_word' id='word_1_557' title='bbox 2870 3625 3086 3694; x_wconf 74' lang='lat' dir='ltr'><strong>Ioseph,</strong></span> <span class='ocrx_word' id='word_1_558' title='bbox 3127 3636 3254 3690; x_wconf 88' lang='lat' dir='ltr'><strong>quos</strong></span> <span class='ocrx_word' id='word_1_559' title='bbox 3302 3615 3517 3671; x_wconf 86' lang='lat' dir='ltr'><strong>Photius</strong></span> <span class='ocrx_word' id='word_1_560' title='bbox 3563 3613 3675 3665; x_wconf 86' lang='lat' dir='ltr'><strong>dire</strong></span> 
     </span>
    </p>
   </div>
   <div class='ocr_carea' id='block_1_81' title="bbox 2073 3712 3674 3804">
    <p class='ocr_par' dir='ltr' id='par_1_81' title="bbox 2073 3712 3674 3804">
     <span class='ocr_line' id='line_1_81' title="bbox 2073 3712 3674 3804; baseline -0.018 -19"><span class='ocrx_word' id='word_1_561' title='bbox 2073 3738 2500 3804; x_wconf 80' lang='lat' dir='ltr'><strong>persequeretur,</strong></span> <span class='ocrx_word' id='word_1_562' title='bbox 2568 3723 2639 3778; x_wconf 88' lang='lat' dir='ltr'><strong>ad</strong></span> <span class='ocrx_word' id='word_1_563' title='bbox 2684 3737 2766 3776; x_wconf 89' lang='lat' dir='ltr'><strong>me</strong></span> <span class='ocrx_word' id='word_1_564' title='bbox 2817 3724 3109 3780; x_wconf 85' lang='lat' dir='ltr'><strong>venerunt;</strong></span> <span class='ocrx_word' id='word_1_565' title='bbox 3171 3712 3354 3784; x_wconf 85' lang='lat' dir='ltr'><strong>quibus</strong></span> <span class='ocrx_word' id='word_1_566' title='bbox 3413 3713 3674 3778; x_wconf 85' lang='lat' dir='ltr'><strong>quantum</strong></span> 
     </span>
    </p>
   </div>
   <div class='ocr_carea' id='block_1_82' title="bbox 2074 3798 3675 3878">
    <p class='ocr_par' dir='ltr' id='par_1_82' title="bbox 2074 3798 3675 3878">
     <span class='ocr_line' id='line_1_82' title="bbox 2074 3798 3675 3878; baseline -0.021 0"><span class='ocrx_word' id='word_1_567' title='bbox 2074 3798 2422 3877; x_wconf 32' lang='lat' dir='ltr'><strong>&#39;Deus—dedit</strong></span> <span class='ocrx_word' id='word_1_568' title='bbox 2499 3835 2530 3869; x_wconf 94' lang='lat' dir='ltr'><strong>a</strong></span> <span class='ocrx_word' id='word_1_569' title='bbox 2599 3829 2682 3868; x_wconf 91' lang='lat' dir='ltr'><strong>me</strong></span> <span class='ocrx_word' id='word_1_570' title='bbox 2741 3807 3096 3878; x_wconf 83' lang='lat' dir='ltr'><strong>conﬁrmatis.</strong></span> <span class='ocrx_word' id='word_1_571' title='bbox 3163 3812 3321 3872; x_wconf 87' lang='lat' dir='ltr'><strong>atque</strong></span> <span class='ocrx_word' id='word_1_572' title='bbox 3376 3798 3447 3852; x_wconf 84' lang='lat' dir='ltr'><strong>ad</strong></span> <span class='ocrx_word' id='word_1_573' title='bbox 3501 3805 3675 3848; x_wconf 74' lang='lat' dir='ltr'><strong>extre-</strong></span> 
     </span>
    </p>
   </div>
   <div class='ocr_carea' id='block_1_83' title="bbox 2077 3892 3676 3984">
    <p class='ocr_par' dir='ltr' id='par_1_83' title="bbox 2077 3892 3676 3984">
     <span class='ocr_line' id='line_1_83' title="bbox 2077 3892 3676 3984; baseline -0.019 -12"><span class='ocrx_word' id='word_1_574' title='bbox 2077 3934 2225 3974; x_wconf 88' lang='lat' dir='ltr'><strong>mum</strong></span> <span class='ocrx_word' id='word_1_575' title='bbox 2275 3914 2502 3984; x_wconf 85' lang='lat' dir='ltr'><strong>adjecto,</strong></span> <span class='ocrx_word' id='word_1_576' title='bbox 2556 3908 2660 3974; x_wconf 86' lang='lat' dir='ltr'><strong>Qui</strong></span> <span class='ocrx_word' id='word_1_577' title='bbox 2716 3900 3126 3976; x_wconf 75' lang='lat' dir='ltr'><strong>perseveraverit</strong></span> <span class='ocrx_word' id='word_1_578' title='bbox 3171 3911 3336 3965; x_wconf 87' lang='lat' dir='ltr'><strong>usque</strong></span> <span class='ocrx_word' id='word_1_579' title='bbox 3382 3895 3436 3946; x_wconf 88' lang='lat' dir='ltr'><strong>in</strong></span> <span class='ocrx_word' id='word_1_580' title='bbox 3491 3892 3676 3960; x_wconf 81' lang='lat' dir='ltr'><strong>ﬁnem,</strong></span> 
     </span>
    </p>
   </div>
   <div class='ocr_carea' id='block_1_84' title="bbox 2077 3983 3678 4064">
    <p class='ocr_par' dir='ltr' id='par_1_84' title="bbox 2077 3983 3678 4064">
     <span class='ocr_line' id='line_1_84' title="bbox 2077 3983 3678 4064; baseline -0.02 -1"><span class='ocrx_word' id='word_1_581' title='bbox 2077 4011 2159 4064; x_wconf 85' lang='lat' dir='ltr'><strong>hic</strong></span> <span class='ocrx_word' id='word_1_582' title='bbox 2192 3983 2371 4061; x_wconf 85' lang='lat' dir='ltr'><strong>salvus</strong></span> <span class='ocrx_word' id='word_1_583' title='bbox 2406 4001 2505 4054; x_wconf 86' lang='lat' dir='ltr'><strong>erit</strong></span> <span class='ocrx_word' id='word_1_584' title='bbox 2537 4007 2585 4061; x_wconf 71' lang='grc' dir='ltr'>ι,</span> <span class='ocrx_word' id='word_1_585' title='bbox 2623 4016 2656 4051; x_wconf 84' lang='grc' dir='ltr'><strong>ιι</strong></span> <span class='ocrx_word' id='word_1_586' title='bbox 2704 4011 2786 4049; x_wconf 89' lang='lat' dir='ltr'><strong>me</strong></span> <span class='ocrx_word' id='word_1_587' title='bbox 2824 4008 2908 4045; x_wconf 88' lang='lat' dir='ltr'><strong>eos</strong></span> <span class='ocrx_word' id='word_1_588' title='bbox 2957 3989 3152 4042; x_wconf 85' lang='lat' dir='ltr'><strong>dimisi.</strong></span> <span class='ocrx_word' id='word_1_589' title='bbox 3191 3983 3443 4054; x_wconf 79' lang='lat' dir='ltr'><strong>Sequenti</strong></span> <span class='ocrx_word' id='word_1_590' title='bbox 3499 3987 3678 4034; x_wconf 87' lang='lat' dir='ltr'><strong>autem</strong></span> 
     </span>
    </p>
   </div>
   <div class='ocr_carea' id='block_1_85' title="bbox 2080 4070 3683 4168">
    <p class='ocr_par' dir='ltr' id='par_1_85' title="bbox 2080 4070 3683 4168">
     <span class='ocr_line' id='line_1_85' title="bbox 2080 4070 3683 4168; baseline -0.022 -12"><span class='ocrx_word' id='word_1_591' title='bbox 2080 4108 2230 4156; x_wconf 88' lang='lat' dir='ltr'><strong>nocte</strong></span> <span class='ocrx_word' id='word_1_592' title='bbox 2319 4094 2629 4168; x_wconf 86' lang='lat' dir='ltr'><strong>priusquam</strong></span> <span class='ocrx_word' id='word_1_593' title='bbox 2690 4084 3170 4141; x_wconf 87' lang='lat' dir='ltr'><strong>obdormiscerem,</strong></span> <span class='ocrx_word' id='word_1_594' title='bbox 3258 4073 3476 4128; x_wconf 73' lang='lat' dir='ltr'><strong>adstitit</strong></span> <span class='ocrx_word' id='word_1_595' title='bbox 3555 4070 3683 4127; x_wconf 75' lang='lat' dir='ltr'><strong>mihi</strong></span> 
     </span>
    </p>
   </div>
   <div class='ocr_carea' id='block_1_86' title="bbox 2081 4167 3684 4260">
    <p class='ocr_par' dir='ltr' id='par_1_86' title="bbox 2081 4167 3684 4260">
     <span class='ocr_line' id='line_1_86' title="bbox 2081 4167 3684 4260; baseline -0.024 -12"><span class='ocrx_word' id='word_1_596' title='bbox 2081 4167 2326 4260; x_wconf 66' lang='lat' dir='ltr'><strong>{Ethiops</strong></span> <span class='ocrx_word' id='word_1_597' title='bbox 2385 4197 2610 4254; x_wconf 89' lang='lat' dir='ltr'><strong>magnus</strong></span> <span class='ocrx_word' id='word_1_598' title='bbox 2681 4183 2730 4230; x_wconf 91' lang='lat' dir='ltr'><strong>et</strong></span> <span class='ocrx_word' id='word_1_599' title='bbox 2791 4170 3060 4228; x_wconf 82' lang='lat' dir='ltr'><strong>horribilis</strong></span> <span class='ocrx_word' id='word_1_600' title='bbox 3137 4167 3498 4236; x_wconf 78' lang='lat' dir='ltr'><strong>adspectuque</strong></span> <span class='ocrx_word' id='word_1_601' title='bbox 3576 4169 3684 4212; x_wconf 84' lang='lat' dir='ltr'><strong>ter-</strong></span> 
     </span>
    </p>
   </div>
   <div class='ocr_carea' id='block_1_87' title="bbox 2083 4259 3684 4346">
    <p class='ocr_par' dir='ltr' id='par_1_87' title="bbox 2083 4259 3684 4346">
     <span class='ocr_line' id='line_1_87' title="bbox 2083 4259 3684 4346; baseline -0.022 -7"><span class='ocrx_word' id='word_1_602' title='bbox 2083 4282 2285 4346; x_wconf 86' lang='lat' dir='ltr'><strong>ribilis,</strong></span> <span class='ocrx_word' id='word_1_603' title='bbox 2353 4286 2403 4332; x_wconf 79' lang='lat' dir='ltr'><strong>et</strong></span> <span class='ocrx_word' id='word_1_604' title='bbox 2477 4285 2535 4330; x_wconf 91' lang='lat' dir='ltr'><strong>ut</strong></span> <span class='ocrx_word' id='word_1_605' title='bbox 2593 4282 2772 4328; x_wconf 85' lang='lat' dir='ltr'><strong>tenens</strong></span> <span class='ocrx_word' id='word_1_606' title='bbox 2832 4273 3046 4339; x_wconf 87' lang='lat' dir='ltr'><strong>gutture</strong></span> <span class='ocrx_word' id='word_1_607' title='bbox 3119 4259 3428 4330; x_wconf 76' lang='lat' dir='ltr'><strong>suﬁ&#39;ocaret,</strong></span> <span class='ocrx_word' id='word_1_608' title='bbox 3493 4269 3684 4307; x_wconf 86' lang='lat' dir='ltr'><strong>manus</strong></span> 
     </span>
    </p>
   </div>
   <div class='ocr_carea' id='block_1_88' title="bbox 2087 4349 3684 4447">
    <p class='ocr_par' dir='ltr' id='par_1_88' title="bbox 2087 4349 3684 4447">
     <span class='ocr_line' id='line_1_88' title="bbox 2087 4349 3684 4447; baseline -0.024 -16"><span class='ocrx_word' id='word_1_609' title='bbox 2087 4375 2388 4447; x_wconf 70' lang='lat' dir='ltr'><strong>explicavit.</strong></span> <span class='ocrx_word' id='word_1_610' title='bbox 2419 4367 2542 4424; x_wconf 73' lang='lat' dir='ltr'><strong>Mox</strong></span> <span class='ocrx_word' id='word_1_611' title='bbox 2563 4382 2656 4436; x_wconf 80' lang='lat' dir='ltr'><strong>ego</strong></span> <span class='ocrx_word' id='word_1_612' title='bbox 2685 4361 2850 4416; x_wconf 83' lang='lat' dir='ltr'><strong>crucis</strong></span> <span class='ocrx_word' id='word_1_613' title='bbox 2881 4373 2960 4411; x_wconf 92' lang='lat' dir='ltr'><strong>me</strong></span> <span class='ocrx_word' id='word_1_614' title='bbox 2983 4356 3135 4423; x_wconf 85' lang='lat' dir='ltr'><strong>signa</strong></span> <span class='ocrx_word' id='word_1_615' title='bbox 3177 4349 3440 4407; x_wconf 84' lang='lat' dir='ltr'><strong>muniens,</strong></span> <span class='ocrx_word' id='word_1_616' title='bbox 3479 4360 3684 4397; x_wconf 85' lang='lat' dir='ltr'><strong>assum-</strong></span> 
     </span>
    </p>
   </div>
   <div class='ocr_carea' id='block_1_89' title="bbox 2091 4435 3688 4540">
    <p class='ocr_par' dir='ltr' id='par_1_89' title="bbox 2091 4435 3688 4540">
     <span class='ocr_line' id='line_1_89' title="bbox 2091 4435 3688 4540; baseline -0.023 -17"><span class='ocrx_word' id='word_1_617' title='bbox 2091 4435 2289 4540; x_wconf 75' lang='lat' dir='ltr'><strong>ptaque</strong></span> <span class='ocrx_word' id='word_1_618' title='bbox 2331 4462 2553 4533; x_wconf 84' lang='lat' dir='ltr'><strong>ﬁducia,</strong></span> <span class='ocrx_word' id='word_1_619' title='bbox 2586 4456 2847 4521; x_wconf 87' lang='lat' dir='ltr'><strong>Quisnam</strong></span> <span class='ocrx_word' id='word_1_620' title='bbox 2879 4465 2999 4504; x_wconf 83' lang='lat' dir='ltr'><strong>vero</strong></span> <span class='ocrx_word' id='word_1_621' title='bbox 3028 4463 3078 4500; x_wconf 91' lang='lat' dir='ltr'><strong>es</strong></span> <span class='ocrx_word' id='word_1_622' title='bbox 3115 4454 3194 4509; x_wconf 90' lang='lat' dir='ltr'><strong>tu,</strong></span> <span class='ocrx_word' id='word_1_623' title='bbox 3220 4445 3326 4505; x_wconf 90' lang='lat' dir='ltr'><strong>aio,</strong></span> <span class='ocrx_word' id='word_1_624' title='bbox 3355 4437 3554 4510; x_wconf 84' lang='lat' dir='ltr'><strong>quodve</strong></span> <span class='ocrx_word' id='word_1_625' title='bbox 3589 4435 3688 4488; x_wconf 86' lang='lat' dir='ltr'><strong>tib—</strong></span> 
     </span>
    </p>
   </div>
   <div class='ocr_carea' id='block_1_90' title="bbox 385 4530 1962 4627">
    <p class='ocr_par' dir='ltr' id='par_1_90' title="bbox 385 4530 1962 4627">
     <span class='ocr_line' id='line_1_90' title="bbox 385 4530 1962 4627; baseline -0.006 -11"><span class='ocrx_word' id='word_1_626' title='bbox 385 4530 666 4624; x_wconf 70' lang='grc' dir='ltr'>ἐνταῦθα,</span> <span class='ocrx_word' id='word_1_627' title='bbox 694 4561 791 4614; x_wconf 79' lang='grc' dir='ltr'>καὶ</span> <span class='ocrx_word' id='word_1_628' title='bbox 812 4560 887 4614; x_wconf 90' lang='grc' dir='ltr'><strong>δι’</strong></span> <span class='ocrx_word' id='word_1_629' title='bbox 911 4530 1242 4627; x_wconf 28' lang='grc' dir='ltr'>ἧνταὶτίαη</span> <span class='ocrx_word' id='word_1_630' title='bbox 1264 4557 1464 4611; x_wconf 79' lang='grc' dir='ltr'>Αὑτὸν</span> <span class='ocrx_word' id='word_1_631' title='bbox 1485 4557 1554 4610; x_wconf 79' lang='grc' dir='ltr'>δὲ</span> <span class='ocrx_word' id='word_1_632' title='bbox 1579 4553 1962 4623; x_wconf 78' lang='grc' dir='ltr'>ἀποκριθέντι</span> 
     </span>
    </p>
   </div>
   <div class='ocr_carea' id='block_1_91' title="bbox 2065 4530 3688 4627">
    <p class='ocr_par' dir='ltr' id='par_1_91' title="bbox 2087 4530 3688 4626">
     <span class='ocr_line' id='line_1_91' title="bbox 2087 4530 3688 4626; baseline -0.021 -10"><span class='ocrx_word' id='word_1_633' title='bbox 2087 4576 2275 4616; x_wconf 88' lang='lat' dir='ltr'><strong>nomen</strong></span> <span class='ocrx_word' id='word_1_634' title='bbox 2298 4558 2399 4611; x_wconf 82' lang='lat' dir='ltr'><strong>?ac</strong></span> <span class='ocrx_word' id='word_1_635' title='bbox 2414 4556 2528 4626; x_wconf 86' lang='lat' dir='ltr'><strong>quis</strong></span> <span class='ocrx_word' id='word_1_636' title='bbox 2553 4561 2601 4605; x_wconf 87' lang='lat' dir='ltr'><strong>te</strong></span> <span class='ocrx_word' id='word_1_637' title='bbox 2621 4552 2739 4609; x_wconf 87' lang='lat' dir='ltr'><strong>huc.</strong></span> <span class='ocrx_word' id='word_1_638' title='bbox 2762 4563 2823 4600; x_wconf 88' lang='lat' dir='ltr'><strong>ac</strong></span> <span class='ocrx_word' id='word_1_639' title='bbox 2841 4559 3027 4615; x_wconf 86' lang='lat' dir='ltr'><strong>quare,</strong></span> <span class='ocrx_word' id='word_1_640' title='bbox 3044 4540 3185 4594; x_wconf 86' lang='lat' dir='ltr'><strong>misit</strong></span> <span class='ocrx_word' id='word_1_641' title='bbox 3206 4538 3228 4590; x_wconf 89' lang='lat'><strong><em>?</em></strong></span> <span class='ocrx_word' id='word_1_642' title='bbox 3247 4535 3349 4600; x_wconf 85' lang='lat' dir='ltr'><strong>Qui</strong></span> <span class='ocrx_word' id='word_1_643' title='bbox 3367 4530 3639 4602; x_wconf 73' lang='lat' dir='ltr'><strong>respondit</strong></span> <span class='ocrx_word' id='word_1_644' title='bbox 3673 4545 3688 4582; x_wconf 87' lang='lat'><strong>.&#39;</strong></span> 
     </span>
    </p>
   </div>
   <div class='ocr_carea' id='block_1_92' title="bbox 386 4649 1990 4724">
    <p class='ocr_par' dir='ltr' id='par_1_92' title="bbox 386 4649 1990 4724">
     <span class='ocr_line' id='line_1_92' title="bbox 386 4649 1990 4724; baseline -0.007 -13"><span class='ocrx_word' id='word_1_645' title='bbox 386 4657 601 4712; x_wconf 75' lang='grc' dir='ltr'>εἰπεῖν·</span> <span class='ocrx_word' id='word_1_646' title='bbox 619 4653 769 4722; x_wconf 73' lang='grc' dir='ltr'><strong>Ἐγώ</strong></span> <span class='ocrx_word' id='word_1_647' title='bbox 785 4656 900 4724; x_wconf 72' lang='grc' dir='ltr'>ειμι</span> <span class='ocrx_word' id='word_1_648' title='bbox 919 4657 950 4706; x_wconf 86' lang='grc' dir='ltr'><em>ό</em></span> <span class='ocrx_word' id='word_1_649' title='bbox 968 4652 1228 4716; x_wconf 81' lang='grc' dir='ltr'>δυνατὸς</span> <span class='ocrx_word' id='word_1_650' title='bbox 1239 4651 1356 4718; x_wconf 85' lang='grc' dir='ltr'>μὲν</span> <span class='ocrx_word' id='word_1_651' title='bbox 1375 4649 1482 4702; x_wconf 85' lang='grc' dir='ltr'>τοῦ</span> <span class='ocrx_word' id='word_1_652' title='bbox 1505 4650 1744 4715; x_wconf 79' lang='grc' dir='ltr'>Βελίαρ,</span> <span class='ocrx_word' id='word_1_653' title='bbox 1766 4651 1990 4716; x_wconf 78' lang='grc' dir='ltr'>ὑποιιρο</span> 
     </span>
    </p>
   </div>
   <div class='ocr_carea' id='block_1_93' title="bbox 393 4739 1989 4820">
    <p class='ocr_par' dir='ltr' id='par_1_93' title="bbox 393 4739 1989 4820">
     <span class='ocr_line' id='line_1_93' title="bbox 393 4739 1989 4820; baseline -0.006 -17"><span class='ocrx_word' id='word_1_654' title='bbox 393 4751 497 4820; x_wconf 72' lang='grc' dir='ltr'><strong>γὸς</strong></span> <span class='ocrx_word' id='word_1_655' title='bbox 518 4749 588 4802; x_wconf 82' lang='grc' dir='ltr'>δὲ</span> <span class='ocrx_word' id='word_1_656' title='bbox 604 4748 832 4802; x_wconf 80' lang='grc' dir='ltr'>Φωτίου</span> <span class='ocrx_word' id='word_1_657' title='bbox 849 4763 862 4777; x_wconf 89' lang='grc'><strong>·</strong></span> <span class='ocrx_word' id='word_1_658' title='bbox 892 4747 1080 4814; x_wconf 77' lang='grc' dir='ltr'>ὄνομα</span> <span class='ocrx_word' id='word_1_659' title='bbox 1107 4744 1174 4798; x_wconf 88' lang='grc' dir='ltr'><strong>δέ</strong></span> <span class='ocrx_word' id='word_1_660' title='bbox 1196 4761 1296 4814; x_wconf 83' lang='grc' dir='ltr'><strong>μοι</strong></span> <span class='ocrx_word' id='word_1_661' title='bbox 1323 4743 1656 4810; x_wconf 61' lang='grc' dir='ltr'>Λεϐούφας,</span> <span class='ocrx_word' id='word_1_662' title='bbox 1691 4739 1989 4809; x_wconf 79' lang='grc' dir='ltr'>συνεργὸς</span> 
     </span>
    </p>
   </div>
   <div class='ocr_carea' id='block_1_94' title="bbox 393 4837 1989 4918">
    <p class='ocr_par' dir='ltr' id='par_1_94' title="bbox 393 4837 1989 4918">
     <span class='ocr_line' id='line_1_94' title="bbox 393 4837 1989 4918; baseline -0.008 -16"><span class='ocrx_word' id='word_1_663' title='bbox 393 4847 623 4918; x_wconf 66' lang='grc' dir='ltr'>γοήτων</span> <span class='ocrx_word' id='word_1_664' title='bbox 639 4847 737 4900; x_wconf 76' lang='grc' dir='ltr'>καὶ</span> <span class='ocrx_word' id='word_1_665' title='bbox 759 4841 1084 4914; x_wconf 70' lang='grc' dir='ltr'>φαρμακῶν</span> <span class='ocrx_word' id='word_1_666' title='bbox 1095 4883 1110 4909; x_wconf 93' lang='grc'><strong>,</strong></span> <span class='ocrx_word' id='word_1_667' title='bbox 1127 4839 1346 4910; x_wconf 70' lang='grc' dir='ltr'>ὁδηγὸς</span> <span class='ocrx_word' id='word_1_668' title='bbox 1358 4837 1586 4908; x_wconf 77' lang='grc' dir='ltr'>μοιχῶν</span> <span class='ocrx_word' id='word_1_669' title='bbox 1602 4839 1698 4890; x_wconf 69' lang='grc' dir='ltr'>καὶ</span> <span class='ocrx_word' id='word_1_670' title='bbox 1719 4838 1989 4905; x_wconf 84' lang='grc' dir='ltr'>λῃστῶν,</span> 
     </span>
    </p>
   </div>
   <div class='ocr_carea' id='block_1_95' title="bbox 393 4933 1991 5013">
    <p class='ocr_par' dir='ltr' id='par_1_95' title="bbox 393 4933 1991 5013">
     <span class='ocr_line' id='line_1_95' title="bbox 393 4933 1991 5013; baseline -0.006 -18"><span class='ocrx_word' id='word_1_671' title='bbox 393 4943 580 5013; x_wconf 67' lang='grc' dir='ltr'>φίλος</span> <span class='ocrx_word' id='word_1_672' title='bbox 606 4941 676 4996; x_wconf 85' lang='grc' dir='ltr'>δὲ</span> <span class='ocrx_word' id='word_1_673' title='bbox 709 4941 1020 5008; x_wconf 76' lang='grc' dir='ltr'>Ἑλλήνων</span> <span class='ocrx_word' id='word_1_674' title='bbox 1056 4939 1154 4991; x_wconf 79' lang='grc' dir='ltr'>καὶ</span> <span class='ocrx_word' id='word_1_675' title='bbox 1195 4938 1301 4992; x_wconf 88' lang='grc' dir='ltr'>τοῦ</span> <span class='ocrx_word' id='word_1_676' title='bbox 1342 4935 1489 5005; x_wconf 86' lang='grc' dir='ltr'>ἐμοῦ</span> <span class='ocrx_word' id='word_1_677' title='bbox 1515 4935 1587 4987; x_wconf 80' lang='grc' dir='ltr'>ἐν</span> <span class='ocrx_word' id='word_1_678' title='bbox 1625 4933 1868 5000; x_wconf 82' lang='grc' dir='ltr'>κρυπτῷ</span> <span class='ocrx_word' id='word_1_679' title='bbox 1898 4937 1991 4986; x_wconf 88' lang='grc' dir='ltr'>θε-</span> 
     </span>
    </p>
   </div>
   <div class='ocr_carea' id='block_1_96' title="bbox 388 5026 1996 5102">
    <p class='ocr_par' dir='ltr' id='par_1_96' title="bbox 388 5026 1996 5102">
     <span class='ocr_line' id='line_1_96' title="bbox 388 5026 1996 5102; baseline -0.005 -15"><span class='ocrx_word' id='word_1_680' title='bbox 388 5033 708 5102; x_wconf 80' lang='grc' dir='ltr'>ράποντος</span> <span class='ocrx_word' id='word_1_681' title='bbox 729 5033 979 5087; x_wconf 80' lang='grc' dir='ltr'>Φωτίου.</span> <span class='ocrx_word' id='word_1_682' title='bbox 1009 5030 1352 5084; x_wconf 82' lang='grc' dir='ltr'>Ἀπέστειλε</span> <span class='ocrx_word' id='word_1_683' title='bbox 1371 5027 1438 5081; x_wconf 84' lang='grc' dir='ltr'><strong>δέ</strong></span> <span class='ocrx_word' id='word_1_684' title='bbox 1454 5045 1532 5097; x_wconf 82' lang='grc' dir='ltr'><strong>με</strong></span> <span class='ocrx_word' id='word_1_685' title='bbox 1554 5030 1586 5082; x_wconf 86' lang='grc' dir='ltr'><em>ό</em></span> <span class='ocrx_word' id='word_1_686' title='bbox 1625 5026 1996 5091; x_wconf 79' lang='grc' dir='ltr'>ἐξουσιάζων</span> 
     </span>
    </p>
   </div>
   <div class='ocr_carea' id='block_1_97' title="bbox 390 5117 1996 5195">
    <p class='ocr_par' dir='ltr' id='par_1_97' title="bbox 390 5117 1996 5195">
     <span class='ocr_line' id='line_1_97' title="bbox 390 5117 1996 5195; baseline -0.007 -15"><span class='ocrx_word' id='word_1_687' title='bbox 390 5142 474 5195; x_wconf 81' lang='grc' dir='ltr'><strong>με</strong></span> <span class='ocrx_word' id='word_1_688' title='bbox 506 5127 594 5191; x_wconf 78' lang='grc' dir='ltr'>εἰς</span> <span class='ocrx_word' id='word_1_689' title='bbox 623 5124 947 5192; x_wconf 81' lang='grc' dir='ltr'>ἐκδίκησιν</span> <span class='ocrx_word' id='word_1_690' title='bbox 984 5121 1172 5176; x_wconf 87' lang='grc' dir='ltr'>αὑτοῦ</span> <span class='ocrx_word' id='word_1_691' title='bbox 1203 5121 1302 5174; x_wconf 84' lang='grc' dir='ltr'>διὰ</span> <span class='ocrx_word' id='word_1_692' title='bbox 1337 5121 1446 5184; x_wconf 83' lang='grc' dir='ltr'>τὰς</span> <span class='ocrx_word' id='word_1_693' title='bbox 1476 5119 1616 5187; x_wconf 81' lang='grc' dir='ltr'>χθὲς</span> <span class='ocrx_word' id='word_1_694' title='bbox 1646 5117 1772 5171; x_wconf 84' lang='grc' dir='ltr'>κατ’</span> <span class='ocrx_word' id='word_1_695' title='bbox 1807 5117 1996 5171; x_wconf 79' lang='grc' dir='ltr'>αὑτοῦ</span> 
     </span>
    </p>
   </div>
   <div class='ocr_carea' id='block_1_98' title="bbox 399 5209 1994 5286">
    <p class='ocr_par' dir='ltr' id='par_1_98' title="bbox 399 5209 1994 5286">
     <span class='ocr_line' id='line_1_98' title="bbox 399 5209 1994 5286; baseline -0.007 -13"><span class='ocrx_word' id='word_1_696' title='bbox 399 5219 662 5286; x_wconf 78' lang='grc' dir='ltr'>ἀτιμίας,</span> <span class='ocrx_word' id='word_1_697' title='bbox 721 5217 828 5270; x_wconf 85' lang='grc' dir='ltr'>τοῦ</span> <span class='ocrx_word' id='word_1_698' title='bbox 863 5213 1366 5284; x_wconf 77' lang='grc' dir='ltr'>περιεργάσεσθαί</span> <span class='ocrx_word' id='word_1_699' title='bbox 1399 5226 1493 5276; x_wconf 87' lang='grc' dir='ltr'><strong>σε,</strong></span> <span class='ocrx_word' id='word_1_700' title='bbox 1541 5209 1702 5276; x_wconf 84' lang='grc' dir='ltr'>ὅπως</span> <span class='ocrx_word' id='word_1_701' title='bbox 1739 5225 1994 5278; x_wconf 78' lang='grc' dir='ltr'>μεταμε-</span> 
     </span>
    </p>
   </div>
   <div class='ocr_carea' id='block_1_99' title="bbox 398 5301 1994 5378">
    <p class='ocr_par' dir='ltr' id='par_1_99' title="bbox 398 5301 1994 5378">
     <span class='ocr_line' id='line_1_99' title="bbox 398 5301 1994 5378; baseline -0.007 -12"><span class='ocrx_word' id='word_1_702' title='bbox 398 5311 612 5378; x_wconf 67' lang='grc' dir='ltr'>ληθεὶς</span> <span class='ocrx_word' id='word_1_703' title='bbox 633 5309 902 5376; x_wconf 81' lang='grc' dir='ltr'>ἀποδέξῃ</span> <span class='ocrx_word' id='word_1_704' title='bbox 921 5309 1110 5363; x_wconf 82' lang='grc' dir='ltr'>αὑτὸν</span> <span class='ocrx_word' id='word_1_705' title='bbox 1133 5307 1229 5360; x_wconf 75' lang='grc' dir='ltr'>καὶ</span> <span class='ocrx_word' id='word_1_706' title='bbox 1261 5303 1674 5372; x_wconf 79' lang='grc' dir='ltr'>ἀλλοτριωθῇς</span> <span class='ocrx_word' id='word_1_707' title='bbox 1690 5303 1798 5356; x_wconf 85' lang='grc' dir='ltr'>τοῦ</span> <span class='ocrx_word' id='word_1_708' title='bbox 1823 5301 1994 5363; x_wconf 79' lang='grc' dir='ltr'>Θεοῦ,</span> 
     </span>
    </p>
   </div>
   <div class='ocr_carea' id='block_1_100' title="bbox 403 5394 1993 5472">
    <p class='ocr_par' dir='ltr' id='par_1_100' title="bbox 403 5394 1993 5472">
     <span class='ocr_line' id='line_1_100' title="bbox 403 5394 1993 5472; baseline -0.006 -15"><span class='ocrx_word' id='word_1_709' title='bbox 403 5402 603 5472; x_wconf 80' lang='grc' dir='ltr'>καθὼς</span> <span class='ocrx_word' id='word_1_710' title='bbox 655 5404 757 5458; x_wconf 74' lang='grc' dir='ltr'>καὶ</span> <span class='ocrx_word' id='word_1_711' title='bbox 824 5403 1042 5466; x_wconf 81' lang='grc' dir='ltr'>ἄλλοις</span> <span class='ocrx_word' id='word_1_712' title='bbox 1096 5401 1275 5454; x_wconf 73' lang='grc' dir='ltr'>τοῦτο</span> <span class='ocrx_word' id='word_1_713' title='bbox 1326 5397 1661 5465; x_wconf 80' lang='grc' dir='ltr'>πεποίηκεν</span> <span class='ocrx_word' id='word_1_714' title='bbox 1717 5394 1993 5459; x_wconf 82' lang='grc' dir='ltr'>πολλοῖς.</span> 
     </span>
    </p>
   </div>
   <div class='ocr_carea' id='block_1_101' title="bbox 482 5607 957 5676">
    <p class='ocr_par' dir='ltr' id='par_1_101' title="bbox 482 5607 957 5676">
     <span class='ocr_line' id='line_1_101' title="bbox 482 5607 957 5676; baseline -0.013 -7"><span class='ocrx_word' id='word_1_715' title='bbox 482 5625 514 5656; x_wconf 78' lang='grc' dir='ltr'><strong><em>ι</em></strong></span> <span class='ocrx_word' id='word_1_716' title='bbox 553 5613 744 5668; x_wconf 79' lang='lat' dir='ltr'><strong>Matth.</strong></span> <span class='ocrx_word' id='word_1_717' title='bbox 777 5628 833 5676; x_wconf 77' lang='grc' dir='ltr'>ι,</span> <span class='ocrx_word' id='word_1_718' title='bbox 865 5607 957 5664; x_wconf 66' lang='lat'><strong>22.</strong></span> 
     </span>
    </p>
   </div>
   <div class='ocr_carea' id='block_1_102' title="bbox 2095 4631 3692 4724">
    <p class='ocr_par' dir='ltr' id='par_1_102' title="bbox 2095 4631 3692 4724">
     <span class='ocr_line' id='line_1_102' title="bbox 2095 4631 3692 4724; baseline -0.021 -16"><span class='ocrx_word' id='word_1_719' title='bbox 2095 4655 2208 4724; x_wconf 80' lang='lat' dir='ltr'><strong>Ego</strong></span> <span class='ocrx_word' id='word_1_720' title='bbox 2241 4668 2358 4705; x_wconf 90' lang='lat' dir='ltr'><strong>sum</strong></span> <span class='ocrx_word' id='word_1_721' title='bbox 2399 4657 2581 4718; x_wconf 84' lang='lat' dir='ltr'><strong>potens</strong></span> <span class='ocrx_word' id='word_1_722' title='bbox 2611 4641 2844 4698; x_wconf 83' lang='lat' dir='ltr'><strong>Beliaris</strong></span> <span class='ocrx_word' id='word_1_723' title='bbox 2877 4637 3158 4705; x_wconf 85' lang='lat' dir='ltr'><strong>Photiique</strong></span> <span class='ocrx_word' id='word_1_724' title='bbox 3187 4631 3427 4684; x_wconf 83' lang='lat' dir='ltr'><strong>minister</strong></span> <span class='ocrx_word' id='word_1_725' title='bbox 3454 4641 3471 4680; x_wconf 90' lang='lat'><strong><em>:</em></strong></span> <span class='ocrx_word' id='word_1_726' title='bbox 3503 4639 3692 4678; x_wconf 82' lang='lat' dir='ltr'><strong>nomen</strong></span> 
     </span>
    </p>
   </div>
   <div class='ocr_carea' id='block_1_103' title="bbox 2094 4722 3694 4818">
    <p class='ocr_par' dir='ltr' id='par_1_103' title="bbox 2094 4722 3694 4818">
     <span class='ocr_line' id='line_1_103' title="bbox 2094 4722 3694 4818; baseline -0.022 -17"><span class='ocrx_word' id='word_1_727' title='bbox 2094 4722 2258 4818; x_wconf 59' lang='lat'><strong>673</strong></span> <span class='ocrx_word' id='word_1_728' title='bbox 2291 4742 2418 4796; x_wconf 84' lang='lat' dir='ltr'><strong>mihi</strong></span> <span class='ocrx_word' id='word_1_729' title='bbox 2449 4738 2702 4807; x_wconf 76' lang='lat' dir='ltr'><strong>Lebufas;</strong></span> <span class='ocrx_word' id='word_1_730' title='bbox 2749 4729 3202 4804; x_wconf 73' lang='lat' dir='ltr'><strong>prwstigiatorum</strong></span> <span class='ocrx_word' id='word_1_731' title='bbox 3243 4722 3463 4790; x_wconf 80' lang='lat' dir='ltr'><strong>adiutor</strong></span> <span class='ocrx_word' id='word_1_732' title='bbox 3500 4734 3562 4770; x_wconf 89' lang='lat' dir='ltr'><strong>ac</strong></span> <span class='ocrx_word' id='word_1_733' title='bbox 3604 4731 3694 4769; x_wconf 82' lang='lat' dir='ltr'><strong>ve-</strong></span> 
     </span>
    </p>
   </div>
   <div class='ocr_carea' id='block_1_104' title="bbox 2095 4809 3695 4906">
    <p class='ocr_par' dir='ltr' id='par_1_104' title="bbox 2095 4809 3695 4906">
     <span class='ocr_line' id='line_1_104' title="bbox 2095 4809 3695 4906; baseline -0.023 -14"><span class='ocrx_word' id='word_1_734' title='bbox 2095 4836 2408 4906; x_wconf 82' lang='lat' dir='ltr'><strong>neﬁcarum,</strong></span> <span class='ocrx_word' id='word_1_735' title='bbox 2452 4830 2775 4885; x_wconf 71' lang='lat' dir='ltr'><strong>moechorum</strong></span> <span class='ocrx_word' id='word_1_736' title='bbox 2811 4824 2920 4877; x_wconf 73' lang='lat' dir='ltr'><strong>dua:</strong></span> <span class='ocrx_word' id='word_1_737' title='bbox 2953 4828 3002 4874; x_wconf 80' lang='lat' dir='ltr'><strong>et</strong></span> <span class='ocrx_word' id='word_1_738' title='bbox 3035 4818 3334 4878; x_wconf 87' lang='lat' dir='ltr'><strong>latronum,</strong></span> <span class='ocrx_word' id='word_1_739' title='bbox 3382 4809 3695 4864; x_wconf 66' lang='lat' dir='ltr'><strong>Graecorum</strong></span> 
     </span>
    </p>
   </div>
   <div class='ocr_carea' id='block_1_105' title="bbox 2098 4906 3698 4988">
    <p class='ocr_par' dir='ltr' id='par_1_105' title="bbox 2098 4906 3698 4988">
     <span class='ocr_line' id='line_1_105' title="bbox 2098 4906 3698 4988; baseline -0.023 -2"><span class='ocrx_word' id='word_1_740' title='bbox 2098 4931 2299 4986; x_wconf 86' lang='lat' dir='ltr'><strong>amicus</strong></span> <span class='ocrx_word' id='word_1_741' title='bbox 2329 4943 2391 4981; x_wconf 89' lang='lat' dir='ltr'><strong>ac</strong></span> <span class='ocrx_word' id='word_1_742' title='bbox 2431 4923 2626 4987; x_wconf 79' lang='lat' dir='ltr'><strong>Photii,</strong></span> <span class='ocrx_word' id='word_1_743' title='bbox 2657 4919 2744 4988; x_wconf 89' lang='lat' dir='ltr'><strong>qui</strong></span> <span class='ocrx_word' id='word_1_744' title='bbox 2785 4932 2932 4971; x_wconf 88' lang='lat' dir='ltr'><strong>meus</strong></span> <span class='ocrx_word' id='word_1_745' title='bbox 2966 4915 3020 4966; x_wconf 88' lang='lat' dir='ltr'><strong>in</strong></span> <span class='ocrx_word' id='word_1_746' title='bbox 3066 4907 3270 4965; x_wconf 79' lang='lat' dir='ltr'><strong>occulto</strong></span> <span class='ocrx_word' id='word_1_747' title='bbox 3313 4919 3495 4959; x_wconf 84' lang='lat' dir='ltr'><strong>servus</strong></span> <span class='ocrx_word' id='word_1_748' title='bbox 3536 4906 3610 4953; x_wconf 84' lang='lat' dir='ltr'><strong>est</strong></span> <span class='ocrx_word' id='word_1_749' title='bbox 3647 4915 3698 4958; x_wconf 70' lang='grc' dir='ltr'>σι</span> 
     </span>
    </p>
   </div>
   <div class='ocr_carea' id='block_1_106' title="bbox 2099 4988 3702 5076">
    <p class='ocr_par' dir='ltr' id='par_1_106' title="bbox 2099 4988 3702 5076">
     <span class='ocr_line' id='line_1_106' title="bbox 2099 4988 3702 5076; baseline -0.023 0"><span class='ocrx_word' id='word_1_750' title='bbox 2099 5021 2290 5076; x_wconf 85' lang='lat' dir='ltr'><strong>cultor.</strong></span> <span class='ocrx_word' id='word_1_751' title='bbox 2326 5016 2468 5072; x_wconf 85' lang='lat' dir='ltr'><strong>Misit</strong></span> <span class='ocrx_word' id='word_1_752' title='bbox 2511 5028 2592 5066; x_wconf 89' lang='lat' dir='ltr'><strong>me</strong></span> <span class='ocrx_word' id='word_1_753' title='bbox 2644 5026 2766 5065; x_wconf 85' lang='lat' dir='ltr'><strong>vero</strong></span> <span class='ocrx_word' id='word_1_754' title='bbox 2810 5006 3056 5060; x_wconf 84' lang='lat' dir='ltr'><strong>dominus</strong></span> <span class='ocrx_word' id='word_1_755' title='bbox 3099 5013 3243 5053; x_wconf 88' lang='lat' dir='ltr'><strong>meus</strong></span> <span class='ocrx_word' id='word_1_756' title='bbox 3293 4993 3469 5048; x_wconf 84' lang='lat' dir='ltr'><strong>ultum</strong></span> <span class='ocrx_word' id='word_1_757' title='bbox 3509 4988 3650 5043; x_wconf 87' lang='lat' dir='ltr'><strong>serio</strong></span> <span class='ocrx_word' id='word_1_758' title='bbox 3683 5027 3702 5050; x_wconf 82' lang='grc'><strong>,</strong></span> 
     </span>
    </p>
   </div>
   <div class='ocr_carea' id='block_1_107' title="bbox 2100 5083 3702 5186">
    <p class='ocr_par' dir='ltr' id='par_1_107' title="bbox 2100 5083 3702 5186">
     <span class='ocr_line' id='line_1_107' title="bbox 2100 5083 3702 5186; baseline -0.025 -16"><span class='ocrx_word' id='word_1_759' title='bbox 2100 5130 2219 5186; x_wconf 72' lang='lat' dir='ltr'><strong>qum</strong></span> <span class='ocrx_word' id='word_1_760' title='bbox 2259 5114 2316 5166; x_wconf 90' lang='lat' dir='ltr'><strong>in</strong></span> <span class='ocrx_word' id='word_1_761' title='bbox 2362 5125 2478 5164; x_wconf 85' lang='lat' dir='ltr'><strong>eum</strong></span> <span class='ocrx_word' id='word_1_762' title='bbox 2526 5105 2723 5178; x_wconf 86' lang='lat' dir='ltr'><strong>probra</strong></span> <span class='ocrx_word' id='word_1_763' title='bbox 2768 5098 2882 5155; x_wconf 79' lang='lat' dir='ltr'><strong>heri</strong></span> <span class='ocrx_word' id='word_1_764' title='bbox 2900 5098 3117 5161; x_wconf 83' lang='lat' dir='ltr'><strong>jactata</strong></span> <span class='ocrx_word' id='word_1_765' title='bbox 3167 5096 3312 5152; x_wconf 85' lang='lat' dir='ltr'><strong>sunt,</strong></span> <span class='ocrx_word' id='word_1_766' title='bbox 3337 5083 3702 5150; x_wconf 86' lang='lat' dir='ltr'><strong>curiosiusque</strong></span> 
     </span>
    </p>
   </div>
   <div class='ocr_carea' id='block_1_108' title="bbox 2103 5176 3702 5272">
    <p class='ocr_par' dir='ltr' id='par_1_108' title="bbox 2103 5176 3702 5272">
     <span class='ocr_line' id='line_1_108' title="bbox 2103 5176 3702 5272; baseline -0.023 -12"><span class='ocrx_word' id='word_1_767' title='bbox 2103 5208 2458 5268; x_wconf 86' lang='lat' dir='ltr'><strong>observatum,</strong></span> <span class='ocrx_word' id='word_1_768' title='bbox 2505 5216 2608 5272; x_wconf 88' lang='lat' dir='ltr'><strong>quo</strong></span> <span class='ocrx_word' id='word_1_769' title='bbox 2639 5197 2885 5251; x_wconf 85' lang='lat' dir='ltr'><strong>nimirum</strong></span> <span class='ocrx_word' id='word_1_770' title='bbox 2940 5184 3248 5262; x_wconf 87' lang='lat' dir='ltr'><strong>paenitentia</strong></span> <span class='ocrx_word' id='word_1_771' title='bbox 3297 5181 3484 5234; x_wconf 87' lang='lat' dir='ltr'><strong>ductus</strong></span> <span class='ocrx_word' id='word_1_772' title='bbox 3527 5176 3702 5244; x_wconf 87' lang='lat' dir='ltr'><strong>ipsum</strong></span> 
     </span>
    </p>
   </div>
   <div class='ocr_carea' id='block_1_109' title="bbox 2107 5267 3706 5371">
    <p class='ocr_par' dir='ltr' id='par_1_109' title="bbox 2107 5267 3706 5371">
     <span class='ocr_line' id='line_1_109' title="bbox 2107 5267 3706 5371; baseline -0.024 -16"><span class='ocrx_word' id='word_1_773' title='bbox 2107 5300 2331 5371; x_wconf 79' lang='lat' dir='ltr'><strong>recipias</strong></span> <span class='ocrx_word' id='word_1_774' title='bbox 2362 5306 2518 5368; x_wconf 87' lang='lat' dir='ltr'><strong>atque</strong></span> <span class='ocrx_word' id='word_1_775' title='bbox 2548 5313 2580 5348; x_wconf 89' lang='lat' dir='ltr'><strong>a</strong></span> <span class='ocrx_word' id='word_1_776' title='bbox 2615 5292 2723 5346; x_wconf 89' lang='lat' dir='ltr'><strong>Deo</strong></span> <span class='ocrx_word' id='word_1_777' title='bbox 2756 5289 2964 5344; x_wconf 80' lang='lat' dir='ltr'><strong>alienus</strong></span> <span class='ocrx_word' id='word_1_778' title='bbox 2985 5282 3106 5352; x_wconf 82' lang='lat' dir='ltr'><strong>ﬁas,</strong></span> <span class='ocrx_word' id='word_1_779' title='bbox 3143 5275 3282 5349; x_wconf 90' lang='lat' dir='ltr'><strong>quod</strong></span> <span class='ocrx_word' id='word_1_780' title='bbox 3308 5281 3356 5327; x_wconf 92' lang='lat' dir='ltr'><strong>et</strong></span> <span class='ocrx_word' id='word_1_781' title='bbox 3393 5286 3496 5324; x_wconf 89' lang='lat' dir='ltr'><strong>non</strong></span> <span class='ocrx_word' id='word_1_782' title='bbox 3520 5267 3706 5339; x_wconf 80' lang='lat' dir='ltr'><strong>paucis</strong></span> 
     </span>
    </p>
   </div>
   <div class='ocr_carea' id='block_1_110' title="bbox 2107 5359 3705 5461">
    <p class='ocr_par' dir='ltr' id='par_1_110' title="bbox 2107 5359 3705 5461">
     <span class='ocr_line' id='line_1_110' title="bbox 2107 5359 3705 5461; baseline -0.023 -15"><span class='ocrx_word' id='word_1_783' title='bbox 2107 5391 2228 5446; x_wconf 81' lang='lat' dir='ltr'><strong>aliis</strong></span> <span class='ocrx_word' id='word_1_784' title='bbox 2271 5391 2414 5461; x_wconf 74' lang='lat' dir='ltr'><strong>fecit.</strong></span> <span class='ocrx_word' id='word_1_785' title='bbox 2455 5388 2530 5444; x_wconf 86' lang='lat' dir='ltr'><strong>Tu</strong></span> <span class='ocrx_word' id='word_1_786' title='bbox 2563 5387 2825 5441; x_wconf 83' lang='lat' dir='ltr'><strong>enimvero</strong></span> <span class='ocrx_word' id='word_1_787' title='bbox 2859 5377 3030 5434; x_wconf 82' lang='lat' dir='ltr'><strong>cruris</strong></span> <span class='ocrx_word' id='word_1_788' title='bbox 3081 5377 3361 5428; x_wconf 84' lang='lat' dir='ltr'><strong>armatura</strong></span> <span class='ocrx_word' id='word_1_789' title='bbox 3409 5359 3705 5418; x_wconf 79' lang='lat' dir='ltr'><strong>invalidum</strong></span> 
     </span>
    </p>
   </div>
   <div class='ocr_carea' id='block_1_111' title="bbox 1741 5736 2416 5798">
    <p class='ocr_par' dir='ltr' id='par_1_111' title="bbox 1741 5736 2416 5798">
     <span class='ocr_line' id='line_1_111' title="bbox 1741 5736 2416 5798; baseline 0.001 -3"><span class='ocrx_word' id='word_1_790' title='bbox 1741 5742 1971 5798; x_wconf 72' lang='lat' dir='ltr'><strong>VARIAS</strong></span> <span class='ocrx_word' id='word_1_791' title='bbox 2011 5736 2416 5796; x_wconf 77' lang='lat' dir='ltr'><strong>LECTIONES.</strong></span> 
     </span>
    </p>
   </div>
   <div class='ocr_carea' id='block_1_112' title="bbox 485 5871 1839 5955">
    <p class='ocr_par' dir='ltr' id='par_1_112' title="bbox 485 5871 1839 5955">
     <span class='ocr_line' id='line_1_112' title="bbox 485 5871 1839 5955; baseline -0.013 -14"><span class='ocrx_word' id='word_1_792' title='bbox 485 5885 534 5921; x_wconf 61' lang='grc' dir='ltr'>’θ</span> <span class='ocrx_word' id='word_1_793' title='bbox 556 5888 588 5940; x_wconf 75' lang='grc' dir='ltr'>ὁ</span> <span class='ocrx_word' id='word_1_794' title='bbox 615 5902 724 5942; x_wconf 87' lang='lat' dir='ltr'><strong>om.</strong></span> <span class='ocrx_word' id='word_1_795' title='bbox 756 5887 817 5940; x_wconf 88' lang='lat' dir='ltr'><strong>P.</strong></span> <span class='ocrx_word' id='word_1_796' title='bbox 894 5885 935 5918; x_wconf 85' lang='grc'>⁸¹</span> <span class='ocrx_word' id='word_1_797' title='bbox 981 5882 1250 5955; x_wconf 62' lang='grc' dir='ltr'>ἀσφάλεια</span> <span class='ocrx_word' id='word_1_798' title='bbox 1275 5880 1362 5934; x_wconf 76' lang='grc' dir='ltr'>ἵνα</span> <span class='ocrx_word' id='word_1_799' title='bbox 1387 5878 1467 5953; x_wconf 73' lang='grc' dir='ltr'>μὴ</span> <span class='ocrx_word' id='word_1_800' title='bbox 1493 5871 1839 5948; x_wconf 68' lang='grc' dir='ltr'><strong>ὃιαρρηχθῇἳ</strong></span> 
     </span>
    </p>
   </div>
  </div>
