4124 6418
325 377 431 445 'lil

1251 371 1625 432 ANNALES.
1669 392 1731 400 ·-
1764 365 2105 426 MlCllAEL
2137 365 2231 423 ΕΤ
2257 364 2687 424 THEODORA.

3501 363 3608 427 743

326 495 533 564 ξίφους.
575 492 639 544 οι
673 491 729 544 δὲ
773 490 952 542 λοιποὶ
987 488 1219 559 μεληδὸν
1263 487 1426 540 αὑτὸν
1458 484 1790 552 κατέκοψαν,
1821 480 1914 534 τοῦ

2025 478 2246 533 licente.
2285 476 2427 532 Hora
2467 490 2588 532 erat
2616 477 2732 532 fere
2765 477 2953 542 tertia;
2995 478 3290 548 statimque
3326 479 3383 533 in
3415 481 3609 536 urbem

329 583 592 654 βασιλέως
637 581 930 650 βλέποντος
992 578 1088 632 καὶ
1134 576 1472 639 σιωπῶντος.
1515 571 1624 627 Ἦν
1676 574 1732 625 δὲ
1775 572 1911 624 ὡσεὶ

321 679 440 746 ὥρα
472 672 658 742 τρίτη.
713 672 824 725 Καὶ
848 672 1010 733 εὐθὺς
1047 672 1451 740 ὑποστρέφουσι
1483 669 1620 740 πρὸς
1661 669 1758 738 τὴν
1810 667 1910 719 πό-

333 772 434 822 λιν.
480 766 780 819 Ἐλθόντων
829 764 886 818 δὲ
937 764 1119 818 αὐτῶν
1166 764 1310 817 κατᾶ
1375 764 1434 816 τὸ
1499 763 1764 832 ἐμπόριον
1817 761 1911 812 τοῦ

352 855 584 926 ’Δκρίτα,
638 853 874 924 μοναχός
922 870 1006 915 τις
1048 853 1136 922 ἐφ’
1173 853 1385 923 ὑψηλῆς
1440 853 1538 922 τῆς
1601 853 1809 921 πέτρας
1853 850 1912 901 ὲ-

338 948 566 1017 πεφὼνει
626 947 880 1016 μεγάλως
929 947 1008 1016 τῷ
1061 947 1304 1016 βασιλεῖ’
1350 945 1554 1001 Καλὸν
1611 943 1914 1008 ταξείδιον

336 1039 648 1104 ἐποίησας,
683 1035 1031 1102 ὥβασιλεῦ,
1062 1037 1170 1090 τὸν
1191 1036 1348 1090 ἴδιόν
1367 1053 1484 1090 σου
1511 1037 1611 1088 καὶ
1643 1033 1911 1104 συγγενῆ

329 1127 582 1183 ἀνελών.
615 1128 766 1181 Οὐαί
791 1144 913 1191 σοι,
949 1127 1037 1180 ὅτι
1058 1127 1243 1181 ταῦτα
1268 1127 1566 1194 ἐποίησας
1587 1127 1606 1181 !
1628 1127 1914 1196 Θυμωθεὶς

325 1222 381 1274 δὲ
410 1221 439 1272 6
468 1220 723 1289 βασιλεὺς
756 1221 849 1272 καὶ
881 1221 908 1272 6
932 1219 1216 1284 Βασίλειος
1244 1221 1558 1290 πέμπουσιν
1582 1219 1792 1271 ἀνελεῖν
1822 1219 1914 1272 τὸν

326 1312 586 1384 μοναχὸν.
613 1314 675 1367 Οἱ
722 1312 779 1366 δὲ
824 1312 1235 1384 παρατυχόντες
1277 1312 1504 1366 ἔπεισαν
1536 1313 1626 1366 τὸν
1673 1313 1915 1365 ἀποστα-

324 1405 486 1459 λέντα
520 1405 684 1460 ἄνουν
717 1406 812 1458 καὶ
860 1405 1206 1476 δαιμονῶντα
1239 1402 1379 1458 εἶναι
1406 1405 1500 1458 τὸν
1541 1405 1795 1475 μοναχόν.
1821 1404 1913 1457 Διὸ

324 1499 424 1550 καὶ
461 1497 616 1566 μόλις
639 1495 920 1567 παρῆλθεν
949 1497 976 1550 6
1000 1497 1236 1566 μοναχὸς
1267 1497 1371 1566 τῆς
1405 1497 1698 1566 τιμωρίας.

399 1587 514 1658 μγ¹.
550 1590 629 1659 Τῇ
660 1589 716 1641 δὲ
748 1589 883 1658 ἁγίᾳ
915 1589 1266 1658 Πεντηκοστῇ
1299 1587 1524 1657 ἔστεψεν
1567 1588 1596 1638 6
1657 1585 1913 1656 βασιλεὺς

323 1677 548 1748 Μιχαὴλ
586 1681 680 1732 καὶ
709 1679 912 1742 Φώτιος
967 1680 1318 1750 πατριάρχης
1355 1681 1413 1731 ἐν
1443 1681 1508 1750 τῇ
1553 1678 1710 1750 Ἀγὶᾳ
1740 1677 1912 1748 Σοφίᾳ

325 1770 610 1822 Βασίλειον
636 1771 729 1824 τὸν
779 1771 1278 1841 παρακοιμώμενον
1333 1771 1410 1832 εἰς
1467 1770 1718 1840 βασιλέα,
1743 1770 1911 1840 τόμον

2014 581 2391 626 revertuntur.
2433 570 2685 640 Cumque
2736 570 2803 624 ad
2839 572 3155 639 emporium
3192 573 3376 626 Acrita
3426 574 3613 628 venis-

2014 677 2158 729 sent,
2209 665 2516 720 monachus
2559 661 2783 734 quidam
2831 679 2898 717 ex
2946 664 3054 717 alta
3109 680 3246 732 rupe
3290 666 3612 734 imperatori

2012 760 2156 812 elata
2194 758 2462 827 lirmaque
2493 773 2627 811 voce
2659 756 2975 811 clamabat:
3019 756 3248 825 Egregia
3297 769 3458 822 sane,
3506 760 3613 812 im-

2014 867 2246 924 perator,
2293 863 2387 906 tua
2423 855 2533 906 [uec
2572 853 2852 921 expeditio,
2899 851 3040 920 quod
3077 853 3428 904 necessarium
3461 861 3614 906 tuum

2015 963 2078 999 ac
2101 956 2385 1016 cognatum
2417 946 2672 998 occidisti.
2703 943 2787 998 Vir
2824 945 2916 996 tibi
2947 945 3038 1012 qui
3061 944 3170 996 lucc
3191 943 3370 1010 feceris
3394 945 3412 996 .'
3437 945 3614 997 Iratus

2015 1039 2320 1107 imperator
2355 1047 2412 1092 et
2444 1037 2678 1091 Basilius
2710 1037 2938 1089 mittunt
2971 1035 3064 1104 qui
3102 1035 3436 1088 monachum
3465 1036 3613 1088 occi-

2016 1131 2130 1184 suri
2178 1139 2386 1184 essent.
2437 1129 2640 1183 Verum
2690 1129 2786 1197 qui
2837 1127 3089 1192 aderant,
3154 1127 3205 1180 ei
3258 1126 3356 1194 qui
3413 1127 3617 1181 missus

2016 1223 2323 1292 spiculator
2352 1229 2474 1275 erat
2507 1220 2841 1274 monachum
2882 1219 3197 1272 dementem
3230 1232 3354 1271 esse
3393 1227 3614 1270 actum-

2015 1331 2123 1386 que
2181 1331 2211 1369 a
2273 1314 2524 1368 daemone
2582 1313 2748 1368 etiam
2808 1303 2972 1380 atque
3032 1311 3198 1365 etiam
3259 1318 3612 1375 asseverant;

2015 1423 2126 1479 quo
2171 1408 2378 1462 factum
2434 1415 2518 1461 est
2566 1415 2628 1460 ut
2677 1406 2769 1459 vix
2817 1405 3038 1459 tandem
3080 1403 3173 1457 ille
3216 1416 3436 1472 penam
3485 1417 3616 1456 eva-

2016 1498 2192 1553 deret.

2085 1590 2179 1644 45.
2212 1590 2316 1644 Per
2347 1589 2521 1643 sancti
2567 1597 2750 1642 autem
2797 1587 2906 1641 diei
2945 1587 3306 1642 Pentecostes
3348 1586 3615 1642 solemnia

2016 1683 2249 1737 Michael
2279 1683 2582 1751 imperator
2617 1681 2957 1751 Photiusquc
2984 1681 3295 1750 patriarcha
3327 1682 3382 1734 in
3416 1681 3473 1734 S.
3513 1681 3616 1736 So-
3665 1721 3668 1724 .

2018 1774 2164 1844 phize
2189 1774 2452 1828 Basilium
2484 1773 2862 1827 accubitorem
2897 1774 3288 1842 imperatorem
3324 1780 3613 1834 crearunt,

324 1866 595 1932 ἀναγνοὺς
643 1864 732 1918 διὰ
790 1865 1073 1935 Κάστορος
1129 1865 1438 1934 ἁσηκρῆτις
1475 1863 1669 1933 ἔχοντα
1716 1862 1911 1924 οὖ;ω;⁶

2020 1868 2164 1922 lecto
2196 1876 2344 1921 tomo
2380 1882 2478 1936 per
2499 1867 2794 1922 Castorem
2843 1881 2872 1918 a
2902 1865 3152 1930 secretis,
3187 1865 3241 1918 in
3274 1865 3390 1918 haec
3423 1866 3614 1927 verba,

321 1955 562 2026 Βάρδας
613 1959 645 2010 ό
696 1957 926 2025 Καῖσαρ
957 1957 1366 2010 ἐϐουλεύσατο
1411 1955 1654 2010 ἀνελεῖν
1683 1972 1780 2024 με,
1817 1954 1916 2009 καί

321 2047 424 2101 διὰ
453 2049 630 2103 τοῦτο
672 2048 1018 2118 ὑπεξήγαγέ
1046 2066 1123 2118 με
1176 2049 1286 2116 τῆς
1314 2051 1570 2114 πόλεως’
1614 2048 1712 2102 καὶ
1752 2051 1803 2102 εἰ
1828 2049 1914 2118 μὴ

322 2136 426 2192 διὰ
459 2140 794 2208 Συμὸατίου
853 2141 950 2194 καὶ
993 2141 1322 2194 Βασιλείου
1351 2139 1623 2208 ἐμηνύθη
1654 2157 1779 2209 μοι,
1805 2143 1917 2194 οὐκ

321 2231 396 2283 ἐν
432 2231 556 2296 τοῖς
588 2229 765 2308 ζῶσιν
815 2231 996 2300 ἥμην.
1031 2234 1210 2285 Ὅθεν
1239 2233 1336 2286 καὶ
1371 2233 1773 2300 ἐτελεύτησεν
1799 2235 1919 2288 ὑπὸ

321 2320 437 2390 τῆς
485 2321 642 2388 ἰδίας
667 2323 979 2391 ἁμαρτίας.
1020 2323 1181 2376 Θέλω
1221 2323 1290 2377 δὲ
1323 2325 1649 2379 Βασίλειον
1676 2326 1783 2378 τὸν
1807 2340 1922 2379 πα·

314 2415 789 2484 ρακοιμώμενον,
836 2415 916 2480 ὡς
943 2417 1164 2468 πιστὸν
1201 2414 1347 2468 ὄντα
1380 2417 1479 2468 καὶ
1514 2415 1902 2485 φυλάττοντα

324 2509 445 2578 τὴν
480 2509 638 2577 ἐμὴν
671 2511 1003 2574 ,βασιλείαν
1037 2509 1136 2562 καὶ
1191 2510 1297 2563 τοῦ
1335 2510 1552 2577 ἐχθροῦ
1594 2509 1920 2578 ἐλευθερὼ-

333 2602 528 2655 σαντά
549 2619 626 2670 με
666 2603 762 2654 καὶ
805 2603 997 2656 πόθον
1031 2604 1182 2670 πρός
1208 2619 1287 2671 με
1320 2602 1521 2655 πολὺν
1565 2603 1807 2669 ἔχοντα,
1843 2603 1922 2657 εἷ-

331 2704 424 2741 ναι
451 2687 535 2760 [Ρ.
569 2688 696 2760 449]
724 2691 967 2758 φύλακα
995 2690 1102 2758 τῆς
1126 2689 1277 2759 ἐμῆς
1295 2692 1624 2756 βασιλείας
1655 2691 1753 2744 καί
1778 2708 1922 2759 προ-

328 2781 580 2849 νοητὴν,
609 2781 706 2834 καὶ
741 2783 858 2837 ὑπὸ
893 2783 1137 2836 πάντων
1165 2772 1562 2853 εὐφημεῖσθαι
1609 2786 1690 2847 ὠς
1732 2786 1920 2850 ,ϐασι-

325 2871 460 2926 λέα.
497 2873 610 2926 Καὶ
665 2875 998 2945 εὐφήμησαν
1053 2876 1279 2938 πάντες·
1313 2875 1555 2945 Μιχαὴλ
1588 2877 1687 2930 καὶ
1733 2877 1920 2931 Βασι-

325 2965 498 3018 λείου
534 2965 737 3018 πολλὰ
789 2968 861 3019 τὰ
901 2965 1043 3034 ἐτη]
1085 2967 1143 3019 '0
1173 2966 1230 3019 δὲ
1279 2967 1369 3019 τὸν
1428 2967 1595 3035 τόμον
1649 2969 1920 3035 ἀναγνοὺς

333 3057 570 3128 Κάστωρ
617 3058 645 3108 6
687 3057 995 3128 ἁσηκρῆτις
1058 3056 1294 3124 ἐξελθὼν
1349 3058 1407 3110 ὲν
1453 3058 1794 3129 Νικομηδεὶα
1824 3059 1920 3112 καὶ

329 3147 498 3202 ἐλθὼν
542 3150 622 3210 εἰς
676 3150 842 3220 μονὴν
882 3149 1128 3222 ἀνδρῴαν
1183 3149 1398 3221 ἔμεινεν
1454 3149 1622 3221 μέσον
1656 3149 1917 3205 λιὸαδίου.
1947 3185 1992 3248 C

328 3237 438 3297 Ἦν
467 3243 523 3297 δὲ
559 3247 740 3298 ἐκεῖσε
774 3245 976 3318 φρέαρ,
1010 3245 1105 3300 καὶ
1136 3245 1322 3299 πεσὼν
1359 3247 1416 3298 ὲν
1445 3245 1594 3316 αὐτῷ
1615 3245 1920 3317 ἀπεπνίγη,

401 3423 505 3494 μδό
539 3423 848 3490 Συμόἀτιος
898 3422 955 3476 δὲ
994 3423 1023 3474 ὁ
1050 3422 1301 3493 γαμϐρὸς
1332 3422 1426 3476 τοῦ
1463 3421 1763 3493 Καίσαρος,
1797 3421 1922 3475 ἰδὼν

329 3509 411 3563 ὅτι
440 3509 740 3579 ἐνεπαίχθη
773 3509 879 3562 ὑπὸ
913 3509 1013 3563 τοῦ
1045 3509 1332 3563 Βασιλείου
1356 3551 1371 3576 ,
1425 3512 1507 3573 εἰς
1560 3514 1716 3580 μῖσος
1753 3511 1920 3564 αὐτοῦ

331 3603 589 3654 κινεῖταιο
618 3601 714 3654 καὶ
747 3598 1298 3672 συμὸουλευσάμενος
1338 3601 1478 3672 μετά
1509 3603 1547 3653 Γ
1551 3603 1788 3671 εωργίου
1825 3603 1919 3656 τοῦ

332 3695 559 3766 Πηγάνη
612 3696 846 3747 αἰτεῖται
877 3694 1185 3766 στρατηγὸς
1213 3694 1615 3765 προϐλ.ηοἧναι,
1646 3695 1741 3748 καὶ
1771 3696 1921 3763 γίνε⁴

331 3804 439 3840 ται.
485 3787 630 3840 Ἀπ’
658 3787 827 3839 αὐτοῦ
858 3787 914 3840 δὲ
946 3787 1314 3856 προϐάλλεται
1345 3787 1639 3859 λογοθέτης
1668 3787 1763 3839 τοῦ
1791 3788 1916 3858 δρό-

347 3895 442 3945 μου
481 3882 507 3931 6
540 3879 778 3950 Γοῦμερ.
823 3880 933 3932 Καὶ
963 3879 1272 3945 ἐξελθόντες
1315 3880 1433 3948 ἅμα
1465 3880 1492 3931 ὅ
1521 3896 1581 3931 τε
1613 3879 1919 3947 Συμὸάτιος

347 3970 438 4024 καὶ
469 3974 496 4026 6
522 3973 777 4044 Πηγάνης
815 3971 1255 4040 καταστρέφουσι
1289 3970 1382 4023 τὸν
1412 3969 1540 4022 λαὸν
1569 3972 1663 4023 καὶ
1704 3988 1917 4037 πυρπο-

337 4063 482 4117 λοῦσι
513 4070 607 4129 τὰς
633 4066 818 4136 χώρας
849 4061 938 4137 (ἦν
964 4064 1073 4135 γὰρ
1118 4063 1310 4134 καιρὸς
1339 4060 1432 4115 τοῦ
1462 4061 1700 4131 θέρους),
1744 4063 1916 4132 εὐφη-

334 4155 562 4224 μοῦντες
595 4156 816 4229 Μιχαὴλ
851 4157 1036 4227 μόνον,
1073 4154 1164 4208 τὸν
1198 4155 1255 4208 δὲ
1282 4153 1566 4206 Βασίλειον
1595 4155 1929 4226 ἀποκηρύτο’

329 4265 537 4312 τοντες.
568 4249 741 4302 Τοῦτο
776 4247 1047 4320 μαθόντες
1086 4248 1135 4300 οἰ
1195 4246 1439 4318 βασιλεῖς
1467 4245 1741 4316 γράφουσι
1789 4247 1917 4310 τοὺς

331 4340 553 4405 λοιποὺς
603 4341 948 4412 στρατηγοὺς
982 4338 1439 4409 καταπολεμῆσαι
1497 4338 1716 4401 αὐτούς.
1749 4339 1918 4410 Νικη-

330 4433 497 4502 φόρος
533 4432 591 4486 δὲ
632 4436 660 4485 6
699 4432 970 4495 Μαλέῖνος
997 4430 1221 4503 ἔρριψεν
1255 4431 1511 4502 ἔγγραφοι
1543 4432 1682 4499 μετὰ
1713 4431 1916 4494 παντὸς

2019 1959 2230 2013 Bardas
2265 1959 2449 2014 Cwsar
2472 1960 2598 2012 mihi
2627 1975 2803 2011 necem
2827 1958 3161 2011 machinatus
3187 1965 3282 2020 est,
3312 1959 3472 2027 inque
3497 1974 3617 2010 eam

2022 2067 2133 2103 rem
2190 2049 2333 2102 malo
2367 2048 2488 2102 dolo
2539 2049 2717 2102 eduxit
2763 2065 2825 2102 ea:
2871 2048 3030 2112 urbe;
3062 2065 3126 2101 ac
3170 2064 3265 2101 nec
3296 2050 3438 2102 inter
3477 2050 3618 2103 uiuos

2022 2159 2358 2204 numerarer,
2398 2143 2502 2196 nisi
2531 2159 2562 2195 a
2594 2140 2870 2212 Symbatio
2909 2151 2959 2194 et
2995 2140 3197 2194 Basilio
3232 2143 3360 2194 mihi
3399 2143 3613 2195 nuntia-

2021 2244 2134 2288 tum
2171 2235 2374 2303 fuisset.
2411 2233 2755 2304 Quapropter
2799 2235 2962 2287 etiam
3005 2250 3103 2287 suo
3132 2233 3225 2286 ille
3257 2234 3453 2287 scelere
3479 2251 3622 2287 mor-

2023 2337 2144 2380 tuus
2185 2336 2284 2380 est.
2340 2327 2602 2380 Basiliam
2640 2336 2818 2379 autem
2857 2327 3209 2378 accubitorem
3241 2324 3383 2378 velut
3406 2324 3619 2392 ﬁdelem

2022 2435 2255 2490 memque
2299 2419 2597 2486 mujestatis
2647 2427 2994 2480 servatorem,
3028 2417 3223 2485 quique
3246 2417 3310 2468 ab
3350 2417 3496 2468 hoste
3539 2430 3621 2468 me

2024 2511 2262 2565 liberavit
2299 2520 2458 2581 atque
2489 2511 2689 2580 ingenti
2733 2525 2916 2562 amore
2955 2511 3316 2579 prosequitur,
3341 2507 3610 2560 custodem

2021 2605 2190 2674 680
2210 2619 2322 2656 esse
2339 2602 2456 2657 volo
2489 2618 2552 2654 ac
2585 2609 2883 2654 curatorem
2919 2601 3018 2653 mei
3044 2599 3276 2668 imperii,
3312 2615 3466 2668 quem
3497 2607 3623 2651 tan-

2023 2711 2185 2764 quam
2219 2695 2596 2764 imperatorem
2631 2693 2870 2744 omnium
2893 2691 3054 2759 jubeo
3087 2690 3354 2759 prwconio
3377 2688 3618 2743 laudari.

2023 2786 2242 2840 Faustis
2279 2785 2464 2853 itaque
2501 2800 2698 2838 omnes
2749 2783 2980 2837 vocibus
3027 2797 3092 2835 ac
3137 2781 3421 2834 ominibus
3461 2795 3624 2833 acce-

2023 2885 2258 2946 perunt:
2291 2874 2563 2929 Michaelis
2605 2885 2655 2927 et
2688 2873 2878 2928 Basilii
2905 2872 3060 2926 multi
3089 2874 3220 2925 anni
3241 2872 3262 2924 .'
3283 2871 3386 2936 Qui
3431 2879 3622 2926 autem

2025 2981 2236 3025 tomum
2286 2969 2518 3039 legerat.
2557 2967 2754 3022 Castor
2783 2981 2814 3020 a
2859 2965 3112 3027 secretis,
3150 2979 3411 3034 egressus
3446 2963 3622 3018 Nico-

2022 3063 2286 3123 mediam,
2325 3062 2393 3115 ad
2441 3061 2687 3115 virorum
2743 3059 3146 3114 monasterium
3183 3057 3460 3126 quoddam
3491 3071 3619 3112 cum

2024 3156 2288 3220 venisset,
2331 3169 2396 3208 ac
2432 3168 2544 3222 quo
2594 3153 2720 3206 loco
2756 3159 2957 3222 puteus
2990 3157 3110 3204 erat
3150 3150 3204 3202 in
3255 3149 3441 3202 medio
3474 3149 3619 3218 prati

2027 3248 2403 3311 constitisset,
2470 3245 2527 3299 in
2582 3259 2710 3299 cum
2775 3257 3023 3314 prazceps
3081 3241 3262 3296 factus
3313 3241 3622 3296 suﬂ‘ocatus

2025 3347 2129 3394 est.

2097 3430 2187 3482 M.
2235 3428 2553 3500 Sytnbatius
2583 3435 2767 3482 autem
2811 3425 3046 3482 Czesaris
3079 3440 3270 3496 gener,
3309 3425 3533 3479 illusum
3561 3439 3623 3480 se

2025 3538 2052 3576 a
2083 3522 2283 3576 Basilio
2305 3520 2522 3583 videns,
2559 3520 2689 3574 odio
2729 3521 2784 3573 in
2815 3519 2970 3574 illum
3027 3519 3326 3584 incitatur;
3364 3518 3619 3587 initoque

2023 3631 2149 3669 cum
2180 3614 2417 3685 Georgio
2445 3615 2662 3684 Pegane
2695 3613 2930 3668 consilio
2958 3624 3169 3667 armata
3201 3628 3260 3668 se
3286 3612 3482 3667 militia
3513 3612 3620 3668 du-

2024 3723 2144 3762 cem
2187 3707 2394 3777 praeﬁci
2436 3716 2611 3776 rogat,
2655 3714 2712 3761 et
2734 3721 2869 3760 vero
2904 3706 3142 3761 obtinet.
3174 3705 3310 3776 Ejus
3333 3720 3467 3760 vero
3498 3705 3623 3760 loco

2021 3800 2228 3854 Cumer
2264 3800 2444 3854 dromi
2477 3788 2756 3868 logolheta
2794 3799 3146 3868 provehitur.
3178 3797 3397 3868 Egressi
3435 3798 3622 3867 itaque

2022 3893 2188 3947 simul
2225 3892 2545 3963 Symbatius
2575 3905 2638 3944 ac
2674 3891 2940 3959 Peganes,
2969 3890 3184 3944 aversis
3227 3889 3466 3943 militum
3499 3891 3626 3943 ani-

2021 3985 2148 4046 mis,
2175 3999 2336 4053 agros
2367 3983 2478 4053 igni
2502 3990 2723 4035 vastant
2745 3980 2884 4050 (erat
2905 3981 3053 4034 enim
3078 3981 3330 4035 aestivum
3357 3982 3619 4049 tempus),

2021 4073 2276 4128 Michaeli
2308 4073 2487 4127 solum
2517 4071 2694 4125 fausta
2745 4071 3137 4134 acclamantes,
3192 4068 3456 4123 Basilium
3487 4083 3624 4123 vero

2020 4165 2361 4220 abdicantes.
2395 4162 2707 4217 Audierunt
2764 4161 3149 4230 imperatores,
3191 4159 3476 4227 ducesque
3526 4173 3619 4211 re-

2021 4260 2206 4328 liquos
2255 4271 2408 4309 arma
2452 4258 2507 4308 in
2562 4269 2658 4308 eos
2715 4267 2932 4308 sumere
2976 4250 3122 4305 datis
3147 4250 3352 4304 litteris
3393 4249 3618 4319 jubent.

2018 4351 2368 4421 Nicephorus
2410 4362 2545 4402 vero
2578 4347 2848 4401 Maleinus
2881 4360 2979 4414 per
3003 4359 3198 4398 omnes
3239 4341 3348 4396 late
3395 4341 3621 4395 ordines

2019 4444 2284 4515 projectis
2314 4441 2597 4498 schedulis
2629 4440 2756 4494 dolo
2797 4437 3101 4508 capiendos
3140 4435 3379 4490 rebelles
3409 4443 3619 4498 mouet,

330 4524 422 4580 τοῦ
466 4525 621 4593 λαοῦ,
654 4525 744 4580 ἵνα
771 4525 906 4596 δόλῳ
943 4527 1182 4588 τούτους
1215 4527 1533 4596 κρατήσωσι
1578 4523 1676 4578 καὶ
1727 4524 1801 4596 μὴ
1836 4527 1915 4587 εἰς

2022 4547 2362 4606 caveantque
2388 4551 2457 4588 ne
2504 4533 2571 4586 iis
2601 4532 2807 4587 bellum
2862 4531 3027 4586 civile
3069 4527 3364 4584 conﬁctur.
3392 4526 3623 4597 Capitur

327 4619 595 4688 ἐμφύλιον
648 4619 936 4688 ἐμπέσωσι
995 4618 1253 4688 πόλεμον.
1287 4618 1590 4687 Κρατεῖται
1615 4615 1708 4669 οὖν
1746 4619 1774 4669 6
1806 4619 1917 4687 Πη-

326 4709 520 4777 γάνης,
547 4708 645 4762 καὶ
679 4708 953 4779 εἰσαχθεὶς
995 4709 1052 4760 ὲν
1080 4709 1146 4778 τῇ
1175 4706 1328 4759 πόλει
1362 4705 1795 4773 ἀποτυφλοῦται,
1822 4707 1919 4760 καὶ

324 4799 648 4866 καθίζουσιν
692 4801 856 4855 αὑτὸν
887 4801 945 4853 ὲν
979 4783 1058 4870 τῷ
1095 4798 1278 4868 Μιλίῳ
1311 4800 1648 4867 προσαιτεῖν.
1680 4799 1918 4868 Κρατεῖ-

322 4907 416 4944 ται
470 4891 528 4943 δὲ
584 4893 678 4944 καὶ
737 4894 764 4945 6
817 4890 1130 4961 Συμὸἀτιος
1180 4889 1330 4958 παρὰ
1385 4889 1478 4941 τοῦ
1514 4889 1781 4942 Μαλεῖνου
1839 4892 1917 4953 εἰς

323 4981 653 5053 Κελτξινήνο
702 4984 794 5036 καὶ
819 4981 1174 5054 εἰσαχθέντος
1219 4982 1299 5044 εἰς
1335 4981 1428 5034 τὸν
1461 4980 1653 5049 ’Δγιον
1685 4982 1918 5052 Μάμαν-

327 5092 414 5143 τα,
446 5076 714 5147 φέρουσιν
745 5076 838 5129 τὸν
865 5077 1128 5146 Πηγάνην
1167 5075 1306 5145 μετά
1340 5073 1690 5144 θυμιάματος
1721 5073 1920 5143 ὀστρα-

325 5168 480 5222 κίνου
535 5167 873 5234 καπνίζοντα
925 5169 1146 5237 θέαφον,
1183 5167 1277 5220 καὶ
1328 5167 1549 5238 ἀπαντᾷ
1599 5165 1692 5220 καὶ
1749 5166 1919 5236 θυμιᾷ

321 5261 418 5314 τὸν
449 5261 783 5331 Συμϐάτιον.
831 5259 1270 5329 ’Δποτυφλοῦται
1300 5258 1356 5312 δὲ
1384 5260 1479 5312 καί
1507 5257 1669 5321 αὐτὸς
1704 5256 1793 5309 τὸν
1819 5257 1919 5309 ’ἐνα

323 5353 628 5424 ὀφθαλμὸν,
665 5354 760 5408 καὶ
791 5354 1124 5407 ἐκκόπτουσι
1174 5352 1274 5422 τὴν
1325 5351 1510 5416 δεξιὰν
1537 5350 1703 5403 αὑτοῦ
1732 5352 1916 5421 χεῖρα,

320 5449 420 5502 καὶ
452 5447 740 5512 καθίζουσι
777 5447 871 5500 καὶ
899 5446 1064 5500 αὐτὸν
1096 5449 1176 5510 εἰς
1199 5445 1268 5499 τὰ
1298 5444 1552 5511 Τζαύσου
1579 5447 1914 5516 προσαιτεῖν,

321 5538 421 5592 καὶ
477 5538 597 5608 μεθ’
638 5541 671 5610 ἠ
684 5538 858 5610 μέρος
898 5539 1048 5608 τρεῖς
1077 5536 1306 5606 ἄγουσιν
1339 5537 1539 5600 αὐτοὺς
1573 5537 1634 5588 ὲν
1667 5537 1734 5606 τῇ
1764 5533 1917 5588 πόλει

319 5633 405 5696 εἰς
435 5633 568 5695 τοὺς
608 5631 771 5696 ἰδίους
800 5625 1006 5695 οἴκους.

400 5721 507 5794 με’.
552 5723 835 5778 Ἐκϐἀλλει
895 5719 989 5778 οὖν
1042 5723 1072 5776 6
1122 5721 1376 5793 βασιλεὺς
1433 5718 1657 5792 Μιχαὴλ
1701 5718 1790 5773 διὰ
1821 5720 1916 5773 τοῦ

329 5817 641 5892 μηχανικοῦ
667 5817 762 5873 τοῦ
791 5817 1091 5890 λεγομένου
1115 5815 1341 5888 Λάμαρι
1377 5815 1797 5870 Κωνσταντῖνον
1825 5814 1916 5867 τὸν

2019 4647 2152 4702 ergo
2183 4633 2448 4699 Peganes,
2477 4637 2535 4682 et
2568 4627 2626 4682 in
2651 4626 2845 4681 urbem
2868 4624 3133 4679 inductus
3165 4621 3346 4677 oculis
3365 4622 3620 4683 orbatur,

2020 4734 2186 4794 atque
2219 4724 2274 4794 in
2310 4722 2461 4776 Milio
2502 4721 2572 4774 ad
2613 4717 3071 4773 emendicandam
3131 4715 3330 4784 stipem
3379 4714 3621 4768 colloca-

2023 4815 2372 4886 tur.Capitur
2405 4827 2540 4867 vero
2590 4811 2753 4866 etiam
2822 4808 3142 4879 Symbatius
3193 4822 3225 4860 a
3277 4805 3516 4860 Malcino
3552 4804 3620 4858 all

2019 4907 2357 4971 Ccltzinem;
2401 4904 2743 4972 inductoque
2773 4901 2842 4956 ad
2886 4900 2942 4955 S.
2980 4900 3273 4954 Mamantis
3313 4896 3619 4968 Symbatio,

2020 5001 2308 5056 adducunt
2335 4999 2607 5067 Peganem
2641 5009 2847 5048 caecum
2880 5007 3007 5047 cum
3051 4988 3340 5044 thuribulo
3377 4995 3620 5043 testaceo

2021 5087 2562 5152 adolentemsull‘ur;
2599 5084 2895 5153 factusque
2919 5081 3141 5136 obviam
3179 5077 3464 5149 Symbatio
3487 5077 3621 5130 allo-

2020 5183 2117 5237 let.
2171 5181 2423 5238 Caecatur
2478 5193 2614 5233 vero
2676 5178 2845 5233 etiam
2895 5171 3211 5244 Symbatius
3248 5173 3424 5225 altero
3453 5168 3615 5240 681

2019 5273 2204 5339 oculo,
2236 5288 2302 5327 ac
2332 5271 2525 5328 dextra
2559 5269 2640 5324 illi
2697 5282 2896 5323 manus
2949 5261 3327 5326 abscinditur,
3367 5275 3531 5330 quem
3562 5270 3620 5315 et

2020 5365 2200 5436 ipsum
2235 5365 2304 5420 ad
2336 5365 2567 5419 Tzausae
2603 5361 2750 5418 aedes
2794 5360 2864 5416 ad
2898 5359 3101 5430 stipem
3154 5353 3453 5426 petendam
3501 5363 3621 5408 sta-

2023 5466 2221 5522 ;uunt;
2247 5469 2311 5510 ac
2334 5461 2461 5526 post
2490 5464 2606 5510 tres
2638 5452 2760 5509 dies
2787 5453 2844 5508 in
2885 5467 3014 5508 suas
3047 5449 3176 5505 illos
3199 5447 3349 5502 aedes
3391 5445 3450 5500 in
3479 5445 3619 5500 urbe

2019 5553 2330 5608 adducunt.

2094 5713 2184 5768 45.
2225 5707 2459 5766 Michael
2509 5707 2811 5777 imperator
2856 5700 3206 5760 Constantini
3242 5697 3494 5755 Cabalini
3526 5710 3622 5751 ca-

2023 5807 2193 5864 daver
2218 5820 2319 5876 per
2351 5801 2816 5861 machinatorem,
2841 5796 3058 5853 Lamari
3087 5792 3309 5850 nomine
3333 5807 3402 5848 ex
3436 5791 3624 5862 sepul~
