4124 6458
381 392 489 454 743

1594 383 1976 445 ΕῩΜΕΟΝΙΞο
2008 383 2196 442 MAG]
2210 380 2385 443 STR!

3573 372 3680 434 7ιὲ

384 522 482 563 cro
505 502 1131 577 ejectum,impiumque
1160 499 1530 569 patriarcham
1553 497 1825 552 Joannem
1852 509 1978 549 cum

2109 494 2393 546 ἱαὸαλίνον
2429 494 2492 544 ἐκ
2531 489 2625 544 τοῦ
2682 490 2877 558 τάφου,
2916 488 3010 541 καὶ
3069 485 3323 555 Ἰωάννην
3370 485 3461 537 τὸν
3507 484 3684 554 ἀσεδῆ

386 599 665 654 humeraii
700 595 1010 667 (pontiﬁcio
1041 595 1274 665 amictu)
1325 608 1356 648 e
1403 592 1663 662 sepulcro
1692 590 1981 649 eductum,

390 709 491 763 per
527 691 853 762 praefectum
899 690 954 742 in
988 690 1250 758 praetorio
1307 686 1570 750 inclusit;
1622 698 1687 738 ac
1743 697 1854 752 quo
1896 680 1985 734 die

386 785 682 839 Circenses
706 783 1040 852 agebantur,
1082 780 1352 835 adductos
1394 780 1750 847 nudatosque
1786 774 1988 829 verbe-

389 878 550 932 ribus
571 874 778 938 aﬂ'ecit,
801 883 1030 942 tumque
1054 872 1275 925 illorum
1298 885 1422 924 ossa
1449 870 1514 922 ad
1541 866 1811 921 Mauriaui
1842 864 1989 918 ardes

389 968 720 1025 combussit.
773 965 1108 1036 Copronymi
1164 979 1300 1017 vero
1349 977 1545 1016 urnam
1601 976 1668 1014 ex
1712 971 1991 1012 marmore

394 1080 426 1113 ν
456 1061 560 1115 ridi
620 1060 764 1113 miro
801 1073 969 1128 opere
1020 1057 1344 1111 fabricatam
1378 1070 1532 1107 serra
1586 1068 1813 1113 secans,
1863 1049 1991 1103 inde

392 1153 722 1210 columellas
754 1151 888 1205 fecit
915 1151 971 1204 in
990 1149 1198 1218 templo
1218 1148 1319 1201 abs
1345 1162 1404 1201 se
1434 1144 1709 1201 aedificato
1737 1145 1793 1197 in
1828 1141 1991 1197 Phari

396 1247 781 1391 paligfobiense
814 1328 1151 1400 Septembri,
1192 1326 1497 1382 indictione
1532 1324 1726 1394 quinta
1755 1321 1991 1381 decima.

397 1437 564 1484 natus
593 1438 677 1482 est
706 1424 1108 1481 Constantinus
1150 1438 1218 1476 ex
1251 1419 1520 1475 Michaele
1565 1420 1901 1487 imperatore
1940 1426 1996 1470 et

398 1520 645 1575 Eudocia
690 1517 967 1587 lngerina,
1018 1528 1144 1567 cum
1206 1513 1389 1566 adhuc
1435 1510 1666 1564 Michael
1713 1516 1998 1577 superstes

396 1622 568 1669 esset.
602 1610 979 1678 Exhibitoque
1015 1606 1358 1661 circensium
1402 1619 1636 1657 munere
1680 1602 1748 1656 ad
1789 1601 1846 1654 S.
1881 1600 1999 1654 Ma-

402 1705 625 1766 mantis,
660 1703 963 1771 imperator
996 1707 1231 1754 venetus
1271 1697 1563 1767 equitavit,
1596 1693 1999 1750 Constantinus

401 1813 539 1853 vero
564 1796 947 1853 Armeniacns.
983 1793 1209 1846 'l'honite
1240 1789 1455 1859 patricii
1496 1803 1561 1840 ac
1588 1784 1860 1856 generalis
1899 1798 1997 1837 ex-

396 1890 691 1945 cubiarum
729 1885 1015 1955 drungarii
1072 1896 1249 1953 pater,
1293 1883 1476 1943 albus,
1515 1878 1834 1949 Agallianus
1870 1890 2001 1945 pra-

402 1982 590 2041 sinus,
642 1978 874 2034 Crassus
931 1977 1165 2030 russius.
1220 1975 1300 2028 Eo
1340 1972 1644 2027 certamine
1702 1968 2004 2037 imperator

402 2075 584 2129 victor
614 2073 766 2127 exiit.
801 2071 931 2125 lude
982 2086 1114 2123 vero
1174 2068 1307 2138 quid
1340 2065 1584 2121 accidit?
1628 2079 1755 2118 nam
1798 2071 1855 2115 et
1899 2061 2004 2115 hoc

405 2167 693 2223 Michaelis
722 2163 1079 2234 imperatoris
1112 2162 1386 2215 vecordiae
1409 2159 1714 2228 specimen,
1752 2156 1898 2226 quod
1923 2155 2003 2208 sic

407 2262 788 2314 Romanorum
822 2258 995 2310 robur
1027 2255 1327 2308 imminuit.
1354 2253 1466 2307 Leo
1490 2251 1876 2321 philosophus,
1907 2248 2002 2318 qui

404 2350 923 2405 Thessalonicensis
943 2348 1175 2401 antistes
1190 2345 1315 2408 fuit,
1338 2344 1647 2413 Theophilo
1679 2342 2002 2412 imperatori

402 2450 604 2495 auctor
639 2441 820 2495 fuerat
849 2449 910 2492 ut
948 2439 1059 2492 duo
1088 2437 1369 2506 horologia
1409 2436 1731 2497 fabricaret,
1740 2448 2003 2503 gquorum

402 2542 554 2588 esset
602 2532 798 2587 eadem
854 2534 938 2585 vis
985 2531 1295 2599 eodemque
1341 2528 1803 2595 ferentia;atque
1831 2540 2003 2578 unum

407 2624 635 2693 quidem
689 2624 856 2694 682
912 2629 966 2675 in
999 2622 1259 2691 praesidio
1307 2635 1503 2675 versus
1553 2619 1802 2674 Ciliciam
1856 2618 2003 2671 haud

404 2716 571 2785 longe
604 2732 639 2769 a
677 2715 849 2769 Tarso
872 2714 1186 2779 collocavit,
1227 2715 1461 2767 alterum
1502 2713 1558 2766 in
1586 2712 1792 2781 palatio
1818 2726 2007 2765 serva-

409 2809 595 2864 batur.
624 2809 850 2877 Scripta
886 2818 1051 2862 erant
1082 2809 1135 2861 in
1171 2808 1418 2877 singulas
1454 2806 1618 2860 horas
1649 2821 1771 2874 quae
1796 2803 2007 2858 fiebant

408 2902 467 2953 in
492 2900 690 2971 Syria:
724 2908 857 2968 puta
893 2900 960 2952 ad
988 2900 1251 2967 primam,
1284 2899 1330 2951 si
1361 2898 1560 2954 fuisset
1596 2896 2003 2951 Saracenorum

402 2991 699 3055 excursio;
722 2990 791 3045 ad
816 2993 1138 3054 secundam,
1165 2991 1211 3045 si
1237 2991 1591 3045 commissum
1614 2989 1911 3059 proelium;
1937 2986 2006 3041 ad

413 3085 652 3149 tertiam,
682 3085 732 3139 si
772 3086 1072 3140 excitatum
1128 3085 1487 3150 incendium;
1517 3085 1589 3139 ad
1633 3092 1915 3153 quartam,
1959 3083 2006 3137 si

2092 586 2444 657 πατριάρχην
2488 583 2623 653 μετὰ
2657 582 2752 634 τοῦ
2789 578 3105 649 ὡμοιρορίου
3138 578 3231 631 καὶ
3279 578 3445 629 αὐτὸν
3484 578 3548 631 ἐκ
3591 579 3685 630 τοῦ

2088 678 2287 743 τάιξου,
2323 678 2418 728 καὶ
2448 672 2763 727 κατακλείει
2791 672 2881 725 διὰ
2909 671 3004 723 τοῦ
3045 671 3296 739 ὑπάρχου
3328 672 3384 722 ἐν
3418 668 3496 738 τῷ
3521 686 3689 740 πραι-

2090 771 2295 842 τωρίῳ,
2348 770 2444 822 καὶ
2490 769 2550 820 ἐν
2600 768 2784 837 ἡμέρα
2811 765 3043 818 ἱππικοῦ
3075 762 3301 831 ἀγαγὼν
3334 763 3430 815 καὶ
3456 764 3640 829 ἁπογυ
3662 791 3688 801 -

2096 864 2313 935 μνώσας
2336 863 2501 932 ἔτυψε
2523 859 2860 929 μαγγλάὸια.
2885 859 2980 911 καὶ
2996 858 3064 910 τὰ
3081 858 3217 909 ὀστᾶ
3246 855 3426 907 αὐτῶν
3458 856 3691 908 ἔκαυσεν

2094 960 2152 1009 ὲν
2185 958 2297 1019 τοῖς
2344 955 2693 1024 Μαυριανοῦ.
2732 954 2844 1023 Τὴν
2875 952 2932 1005 δὲ
2968 952 3220 1022 λάρνακα
3259 949 3354 1002 τοῦ
3389 948 3692 1019 Κοπρωνύ-

2100 1068 2200 1121 μου
2236 1051 2502 1120 πράσινον
2526 1048 2696 1102 οὖσαν
2720 1048 2813 1100 καὶ
2839 1046 3164 1115 Θαυμαστὴν
3187 1043 3482 1114 διαπρίσας
3509 1043 3691 1110 ἐποίη-

2098 1161 2158 1197 σε
2214 1144 2417 1213 στήθει
2456 1143 2512 1195 ἐν
2555 1143 2632 1211 τῷ
2670 1140 2762 1194 ὑπ’
2794 1140 2961 1193 αὐτοῦ
3018 1138 3297 1191 κτισθέντι
3332 1134 3447 1205 ναῷ
3506 1137 3565 1188 ἐν
3611 1137 3692 1207 τῷ

2098 1238 2349 1306 παλατίῳ
2376 1236 2472 1289 τοῦ
2506 1236 2709 1305 Φάρου.

2178 1328 2298 1400 μς’.
2362 1330 2452 1398 Τῷ
2484 1329 2543 1382 δὲ
2587 1327 2950 1398 Σεπτεμϐρίῳ
3006 1326 3137 1397 μηνὶ
3188 1326 3287 1394 τῆς
3335 1322 3395 1377 ιε’
3429 1325 3694 1395 ἐπινεμήο

2102 1441 2243 1485 eam;
2273 1422 2541 1492 ἐγεννήθη
2569 1424 2981 1483 Κωνσταντίνος
3021 1422 3047 1470 6
3087 1417 3343 1488 βασιλεὺς
3380 1417 3442 1467 ὲκ
3471 1416 3694 1486 Μιχαὴλ

2103 1516 2198 1567 καὶ
2228 1513 2493 1574 Ιίὺδοκίας
2523 1512 2626 1578 τῆς
2666 1511 2978 1580 Ἰγγηρίνης
3010 1509 3091 1560 ἐτι
3128 1506 3411 1578 περιόντος
3455 1505 3551 1558 τοῦ
3581 1508 3691 1558 Μι-

2101 1603 2241 1674 χαήλ
2264 1619 2278 1633 ο
2310 1602 2401 1675 {P.
2434 1601 2563 1672 4'50]
2596 1602 2691 1654 καὶ
2740 1600 2966 1653 ἱππικοῦ
3006 1602 3303 1669 γενομένου
3329 1601 3385 1651 ἐν
3410 1596 3489 1669 τῷ
3527 1599 3692 1668 ’Δγίιρ

2102 1697 2363 1766 Μάμαντι
2403 1696 2673 1748 ἴππευσεν
2719 1696 2746 1746 6
2786 1693 3043 1763 βασιλεὺς
3078 1692 3315 1762 βένετος,
3340 1696 3686 1749 Κωνσταντίο

2103 1806 2191 1850 νος
2222 1789 2279 1840 δὲ
2331 1790 2359 1840 6
2399 1790 2459 1853 ὲξ
2514 1786 2819 1857 Ἀρμενίων
2871 1788 2898 1839 6
2939 1787 3123 1854 πατὴρ
3172 1786 3345 1857 Θωμᾶ
3392 1786 3691 1857 πατρικίυυ

2106 1882 2201 1933 καὶ
2230 1881 2478 1933 Γενεσίου
2508 1879 2881 1950 δρουγγαρίου
2925 1880 3027 1948 τῆς
3068 1880 3261 1950 βίγλας
3303 1880 3515 1943 λευκὸς,
3552 1879 3690 1948 πρά-

2107 1989 2250 2035 σινος
2281 1971 2338 2023 δὲ
2377 1971 2727 2038 Ἀγαλλιανὸς
2756 1971 2855 2024 καὶ
2889 1973 3108 2042 ῥούσιος
3155 1974 3184 2025 6
3233 1970 3508 2040 Κρασσός.
3555 1970 3699 2040 Νικᾷ

2103 2064 2160 2116 δὲ
2192 2064 2221 2113 6
2259 2063 2537 2133 βασιλεὺς.
2574 2064 2685 2117 Καὶ
2714 2065 2768 2115 τί
2801 2064 3095 2131 συμϐαίνει
3129 2063 3414 2129 ἐντεῦθεν;
3443 2063 3540 2115 καὶ
3571 2064 3697 2114 τοῦ-

2104 2174 2164 2209 το
2196 2158 2305 2228 γὰρ
2330 2157 2429 2224 τῆς
2464 2156 2630 2209 αὐτοῦ
2661 2155 2756 2209 τοῦ
2788 2156 3057 2226 βασιλέως
3106 2156 3199 2209 τοῦ
3236 2155 3458 2226 Μιχαὴλ
3499 2153 3701 2215 κακίας

2105 2250 2277 2312 ἐστὶν,
2313 2249 2394 2311 είς
2421 2249 2548 2303 ὅσον
2583 2248 2683 2319 τὴν
2707 2249 2816 2302 τῶν
2853 2248 3143 2318 Ῥωμαίων
3177 2250 3331 2317 ἰσχὺν
3361 2249 3698 2319 ἠλάττωσεν.

2114 2344 2175 2395 Ὀ
2203 2343 2498 2412 φιλόσοφος
2541 2344 2693 2397 Λέων
2731 2345 2759 2396 6
2797 2342 3203 2413 Θεσσαλονίκης
3236 2342 3530 2412 γενόμενος
3565 2341 3700 2410 πρό-

2106 2437 2280 2506 εδρος,
2314 2436 2393 2506 τῷ
2432 2437 2644 2506 βασιλεῖ
2695 2436 2941 2507 Θεοφίλῳ
2995 2435 3428 2506 συμϐουλεύσας,
3463 2434 3538 2498 ὡς
3566 2436 3703 2505 ὼριαι

2106 2528 2262 2596 λόγια
2309 2530 2566 2597 ἐποίησεν
2593 2528 2686 2581 δύο
2727 2530 2785 2595 ἐξ
2834 2530 2950 2581 ἴσου
3006 2528 3310 2599 κάμνοντα·
3361 2528 3457 2580 καὶ
3505 2527 3566 2578 τὸ
3601 2527 3701 2596 μὲν

2105 2621 2163 2673 ἓν
2189 2622 2285 2673 ἐπὶ
2314 2620 2393 2691 τῷ
2422 2622 2669 2694 φρουρίῳ
2692 2621 2768 2690 τῷ
2798 2622 2940 2674 κατὰ
2973 2622 3313 2691 Κιλικίσιντῇ
3340 2621 3537 2691 Ταρσῷ
3565 2621 3702 2690 πλη-

2078 2716 2295 2779 .σιάζον
2322 2717 2583 2779 ἀπέθετο,
2612 2716 2672 2767 τὸ
2696 2716 2752 2767 δὲ
2774 2716 2962 2787 ἕτερον
2995 2717 3051 2767 ἐν
3080 2716 3157 2786 τῷ
3183 2716 3431 2785 παλατίῳ
3464 2716 3702 2784 ἐφυλάτ-

2106 2826 2257 2873 τετο,
2286 2807 2434 2878 ειπερ
2482 2805 2629 2878 εἶχον
2664 2809 3031 2880 γεγραμμένα
3062 2812 3141 2871 εἰς
3185 2810 3428 2877 ἑκάστην
3457 2806 3603 2878 ὥραν
3633 2807 3702 2860 τὰ

2107 2902 2164 2952 ἐν
2214 2902 2386 2971 Συρίᾳ
2410 2904 2700 2972 γενόμενα,
2728 2897 2842 2954 οἷον
2870 2902 2970 2971 τὴν
3012 2904 3236 2972 πρώτην
3266 2903 3419 2973 ὤραν
3444 2902 3494 2953 εί
3516 2901 3703 2972 ἐκδρο-

2111 2993 2185 3063 μὴ
2244 2994 2352 3045 τῶν
2404 2994 2740 3067 Σαρακηνῶν
2770 2996 2985 3063 γέγονε,
3016 2994 3115 3065 τὴν
3225 2997 3275 3047 εἰ
3318 2994 3576 3065 πόλεμος,
3604 2994 3701 3065 τὴν

2108 3084 2155 3153 γ’
2186 3088 2233 3136 εί
2269 3087 2621 3156 ἐμπρησμὸς,
2652 3088 2753 3158 τὴν
2787 3088 2827 3138 δ’
2874 3090 2921 3139 εἰ
2956 3087 3086 3140 ἄλλο
3118 3105 3192 3150 τι,
3226 3088 3319 3140 καὶ
3352 3087 3433 3149 εἰς
3467 3087 3565 3149 τὰς
3593 3087 3703 3139 λοι-

407 3176 545 3245 quid
594 3177 785 3243 aliud;
824 3192 895 3231 ac
927 3178 1191 3231 similiter
1240 3177 1296 3230 in
1343 3177 1599 3245 reliquis.
1649 3177 1729 3230 Ex
1778 3176 2003 3245 scriptis

2109 3178 2214 3241 πᾶς
2243 3179 2465 3248 ὁμοίως.
2508 3180 2602 3230 Ἐκ
2636 3180 2743 3231 τῶν
2771 3180 3176 3249 γεγραμμένων
3210 3176 3302 3231 οὖν
3334 3180 3546 3232 δώδεκα
3570 3181 3705 3232 ὑπο-

410 3270 581 3339 igitur
609 3270 905 3324 duodecim
946 3270 1198 3323 numeris
1220 3279 1275 3323 et
1302 3268 1664 3338 argumentis,
1698 3269 1744 3322 si
1779 3269 1912 3338 quid
1946 3270 2003 3322 in

406 3361 567 3432 Syria
617 3360 963 3429 contigisset,
1012 3377 1119 3428 qua
1178 3360 1316 3413 hora
1367 3359 1750 3429 consignatum
1792 3368 1933 3423 erat,
1974 3373 2006 3411 a

409 3456 519 3510 loci
551 3454 968 3524 praesidiariisc
1005 3455 1232 3507 sublimi
1257 3469 1526 3507 accensus
1565 3452 1707 3522 ignis
1732 3459 2008 3506 monstra-

411 3544 527 3600 bat.
556 3543 835 3599 Custodes
863 3545 1013 3597 enim
1055 3553 1234 3607 erant,
1265 3545 1359 3613 qui
1393 3559 1510 3597 rem
1542 3553 1751 3597 attente
1787 3558 1852 3597 ac
1882 3543 2008 3596 dili-

410 3646 610 3707 genter
629 3637 991 3706 dispicerent.
1024 3637 1309 3690 Accensus
1341 3637 1484 3705 ignis
1512 3652 1545 3690 a
1571 3636 1829 3705 praesidio
1859 3636 2007 3705 quod

414 3729 614 3784 Lulum
646 3739 866 3791 vocant,
900 3729 1074 3797 Argaei
1097 3729 1255 3783 collis
1288 3729 1484 3782 incolis
1514 3728 2006 3789 commonstrabat,

418 3838 726 3890 rursusque
750 3822 819 3874 iis
851 3822 945 3891 qui
983 3824 1037 3875 in
1066 3823 1244 3875 lsamo
1283 3831 1339 3875 et
1366 3822 1453 3875 his
1475 3822 1569 3890 qui
1597 3823 1651 3875 in
1678 3820 1886 3891 Egilo;
1923 3835 2011 3873 se-

411 3913 662 3967 cundum
684 3913 786 3967 hos
808 3913 877 3967 iis
904 3914 997 3981 qui
1020 3914 1167 3982 apud
1190 3914 1517 3967 Mamantem
1543 3913 1742 3967 collem
1765 3929 1780 3977 ;
1807 3911 2008 3965 exinde

410 4004 670 4076 Cyrinus,
696 4013 807 4059 tum
863 4007 1115 4070 Mocilus,
1170 4006 1298 4060 inde
1342 4006 1398 4060 S.
1430 4005 1690 4060 Auxentii
1731 4005 1890 4059 collis
1919 4004 2008 4058 bis

411 4100 512 4167 qui
548 4098 605 4153 in
642 4099 849 4168 palatio
879 4101 947 4152 ad
972 4101 1152 4155 solare
1181 4100 1346 4154 Phari
1372 4099 1720 4170 horologium
1754 4098 2008 4169 perpetui

416 4191 611 4259 vigiles
632 4192 918 4246 constituti
952 4203 1130 4256 erant,
1161 4207 1323 4261 quam
1355 4194 1466 4246 cito
1500 4193 1853 4245 manifestum
1884 4191 2011 4244 red~

415 4283 605 4338 debat.
638 4283 728 4339 Sic
759 4285 951 4353 itaque
980 4284 1267 4351 Michaele,
1300 4287 1377 4339 uti
1414 4285 1622 4339 dictum
1651 4294 1757 4345 est,
1786 4301 1851 4338 ex
1882 4284 2008 4339 Cir-

414 4377 671 4431 censium
722 4378 940 4431 ratione
988 4393 1163 4446 equos
1223 4379 1501 4447 agitante,
1556 4378 1808 4431 sublatus
1867 4378 2012 4447 ignis

416 4468 829 4525 Saracenorum
863 4471 1208 4525 excursionis
1241 4476 1455 4542 signum
1483 4472 1655 4526 dedit.
1680 4473 2008 4540 Imperator,

2115 3271 2319 3323 Θέσεων
2349 3272 2404 3322 εἷ
2463 3288 2517 3323 τι
2557 3272 2661 3324 κᾶν
2705 3273 2905 3342 συνέϐη
2940 3274 2995 3324 ὲν
3022 3272 3216 3343 Συρίᾳ,
3249 3275 3305 3323 ὲν
3336 3275 3401 3342 τῇ
3434 3271 3552 3343 ὥρᾳ
3585 3274 3641 3325 ὲν

2114 3364 2372 3426 ὑπόθεσις
2403 3364 2651 3431 γέγονεν,
2680 3366 2938 3417 ἀνάπτων
2970 3365 3077 3417 ἀπὸ
3130 3368 3240 3416 τῶν
3291 3366 3471 3417 ἐκεῖσε
3509 3367 3702 3432 φανὸς,

2113 3457 2235 3507 ἐπεὶ
2271 3458 2366 3508 καὶ
2425 3459 2474 3509 οί
2524 3458 2901 3526 φυλάσσοντες
2952 3458 3047 3510 καὶ
3095 3458 3302 3520 ἀτενῶς
3332 3458 3426 3511 καὶ
3462 3458 3705 3526 ἀκριϐῶς

2116 3554 2405 3624 βλέποντες
2428 3554 2495 3607 τὰ
2516 3556 2879 3625 τετυπωμένα
2905 3556 2962 3606 ἐν
2986 3555 3171 3616 αὐτοῖς
3218 3549 3381 3623 ἦσαν,
3402 3553 3704 3623 μετεδίδοτο

2114 3647 2277 3710 εὐθὺς
2299 3650 2325 3699 6
2345 3649 2508 3714 φανὸς
2528 3648 2634 3700 ἀπὸ
2662 3648 2754 3700 τοῦ
2781 3649 3044 3718 φρουρίου
3066 3647 3158 3700 τοῦ
3181 3647 3475 3718 λεγομένου
3496 3646 3701 3700 Δούλου

2116 3741 2225 3801 τοῖς
2251 3739 2392 3791 κατὰ
2444 3740 2535 3791 τὸν
2590 3741 2643 3794 Ἀ
2657 3742 2856 3807 ργαίαν
2889 3740 3076 3809 βουνὸν
3112 3744 3203 3792 καὶ
3242 3738 3397 3803 αὖθις
3427 3742 3534 3802 τοῖς
3562 3739 3701 3791 κατά

2114 3833 2213 3899 τὴν
2245 3833 2422 3900 Σάμον
2441 3833 2486 3863 θ’
2503 3830 2600 3884 καὶ
2627 3833 2737 3889 τοῖς
2770 3832 2914 3884 κατὰ
2932 3831 2989 3883 τὸ
3006 3832 3245 3900 Αἴγιλον,
3268 3830 3387 3886 εἶτα
3410 3834 3520 3894 τοῖς
3565 3833 3705 3884 κατὰ

2116 3922 2205 3975 τὸν
2252 3922 2529 3988 Μάμαντσ.
2578 3922 2740 3973 πάλιν
2769 3920 2980 3990 βουνὶν,
3012 3924 3103 3989 ἀφ’
3132 3915 3194 3973 οὗ
3222 3924 3248 3973 6
3290 3923 3551 3992 Κύριζος,
3588 3918 3708 3974 εἶτα.

2114 4020 2139 4068 6
2176 4016 2450 4081 Μώκιλος,
2489 4016 2581 4083 ἀφ’
2632 4007 2693 4066 Οἶι
2736 4016 2764 4067 6
2814 4014 2906 4066 τοῦ
2950 4015 3134 4082 Ἀγίου
3182 4016 3473 4079 Λύξεντίου
3524 4016 3709 4086 βουνὸς

2114 4112 2225 4172 τοῖς
2254 4110 2311 4160 ὲν
2347 4108 2423 4177 τῷ
2469 4106 2716 4175 παλατίῳ
2770 4108 2911 4161 κατὰ
2962 4109 3059 4161 τὸν
3116 4108 3343 4178 ἡλιακὸν
3395 4110 3490 4161 τοῦ
3527 4110 3707 4179 Φάρου

2118 4201 2454 4271 διαιταρίοις
2483 4202 2897 4271 ἀφωρισμένοις
2928 4205 2985 4255 ἐν
3022 4202 3216 4271 βραχεῖ
3243 4204 3413 4255 ἐποίει
3451 4206 3705 4273 φανερόν.

2128 4293 2502 4363 Ἰππεσομένῳ
2549 4289 2641 4345 οὖν
2673 4293 2752 4364 τῷ
2780 4292 2996 4364 βασιλεῖ
3020 4294 3259 4364 Μιχαὴλ,
3290 4293 3367 4357 ὡς
3403 4296 3643 4365 εἴρηται,
3682 4297 3709 4347 6

2119 4386 2287 4455 φανὸς
2333 4386 2611 4455 ἐσήμανεν
2672 4388 2949 4458 ἐκδρομὴν
3001 4387 3111 4441 τῶν
3144 4387 3499 4459 Σαρακηνῶν.
3535 4391 3708 4452 Αὺτδις

2123 4482 2257 4552 πρὸς
2287 4482 2346 4533 τὸ
2389 4483 2462 4551 μὴ
2496 4481 2623 4544 τοὺς
2658 4480 2856 4543 Οεατάς
2885 4480 2978 4534 τοῦ
3009 4481 3351 4551 ἱπποδρόμου
3397 4481 3711 4553 χαλαρωτέ-

417 4564 565 4616 ιισίιι
584 4572 863 4631 posterum
880 4563 1155 4633 ejusmodi
1180 4564 1333 4633 ignes
1363 4565 1649 4618 molestius
1671 4574 2003 4633 spectatores

2118 4593 2241 4644 ρους
2275 4577 2340 4644 τῇ
2378 4571 2567 4643 αὔριον
2602 4573 2879 4641 γενέσθαι,
2915 4574 3250 4644 προσέταξεν
3291 4577 3487 4648 μηκέτι
3534 4576 3710 4627 τοιού-

418 4654 711 4718 haberent,
744 4670 778 4709 e
807 4655 1008 4709 vicinis
1034 4655 1159 4709 urbi
1198 4658 1443 4725 speculis
1474 4658 1740 4727 deinceps
1779 4658 2006 4711 accendi

420 4745 621 4798 vetuit.
1436 4816 1438 4819 τ

492 4837 582 4891 47.
629 4837 771 4892 Cum
820 4838 992 4909 igitur
1050 4839 1354 4910 imperator
1398 4841 1648 4910 equestri
1708 4841 2010 4896 certamine

421 4928 599 4983 victor
641 4944 749 4983 una
783 4928 899 4999 ipse
923 4944 1049 4984 cum
1090 4931 1293 4986 Basilio
1330 4940 1387 4986 et
1422 4932 1667 4987 Eudocia
1699 4932 1769 4986 ad
1793 4949 2009 4989 coenam

386 5022 663 5095 ._scderet,
699 5022 1091 5078 liasiliscianus
1134 5025 1401 5095 patricius
1451 5026 1842 5095 imperatorem
1890 5028 2009 5081 lau-

388 5093 593 5181 ‘gdabat
624 5126 685 5171 ut
703 5117 800 5187 qui
831 5118 966 5172 scite
997 5134 1061 5173 ac
1085 5120 1321 5173 solerter
1350 5135 1573 5173 currum
1601 5121 1851 5175 rexisset.
1888 5122 2011 5177 Mox

394 5203 591 5313 ligitur
626 5210 786 5280 jubet
817 5211 1117 5281 imperator
1149 5227 1278 5267 eum
1314 5227 1541 5283 surgere
1565 5253 1580 5279 ,
1635 5213 2012 5285 detractisque

417 5303 541 5373 ejus
569 5304 758 5358 rubeis
797 5305 997 5361 calceis
1026 5305 1135 5359 sibi
1168 5321 1267 5361 eos
1308 5305 1565 5362 induere.
1598 5308 1762 5378 683
1793 5309 2014 5363 [tenue-

420 5394 516 5451 bat
570 5396 663 5451 ille
693 5396 963 5469 conjectis
996 5398 1049 5451 in
1094 5398 1358 5453 Basiliam
1390 5401 1587 5455 oculis.
1637 5400 1795 5466 Quod
1828 5410 2012 5456 tamen

422 5489 726 5559 imperator
747 5490 828 5544 ira
858 5490 1106 5560 percitus
1132 5492 1393 5560 iusserat,
1426 5495 1730 5563 annuitque
1753 5493 2007 5559 Basilius,

422 5583 811 5654 imperatorias
835 5600 1030 5640 ocreas
1046 5585 1151 5640 sibi
1179 5586 1462 5657 imposuit.
1483 5588 1684 5656 Aitque
1708 5588 2012 5657 imperator

422 5675 644 5744 Basilio,
674 5677 846 5735 Deum
893 5678 1199 5747 obtestans,
1238 5680 1409 5750 Magis
1442 5680 1523 5735 illi
1554 5683 1891 5735 conueniunt.
1932 5683 2011 5738 An

2113 4686 2141 4719 τ
2159 4684 2237 4730 ιυς
2272 4666 2474 4736 φανοὺς
2509 4668 2593 4719 ὲνε
2606 4668 2779 4737 ργεῖν.

2188 4844 2293 4918 μζ.
2337 4846 2427 4910 Ὠς
2474 4847 2569 4900 οὖν
2624 4847 2864 4920 εἴρηται,
2918 4848 3242 4917 νικήσαντος
3294 4840 3389 4894 τοῦ
3432 4836 3701 4909 βασιλέως

2113 4940 2209 4992 ἐπὶ
2242 4940 2458 4993 δεῖπνον
2492 4939 2733 5012 καθέστη
2788 4939 2905 5007 ἅμα
2966 4936 3233 5005 Βασιλείῳ
3299 4934 3393 4986 καὶ
3447 4930 3702 5000 Εὑδοκίᾳ,

2122 5032 2534 5096 Βασιλισκιανὺς
2594 5035 2622 5085 6
2673 5030 2962 5101 πατρίκιος
3021 5028 3211 5098 ἐπῄνει
3241 5025 3333 5078 τον
3369 5024 3597 5096 βασιλέα
3630 5022 3705 5083 ὡς

2120 5127 2338 5196 εὐφυῶς
2372 5126 2645 5180 ἐλάσαντα
2700 5126 2783 5186 εἰς
2829 5122 2891 5174 τὸ
2940 5122 3115 5191 ἆρμα.
3150 5119 3329 5183 Εὐθὺς
3369 5116 3462 5174 οὖν
3495 5118 3707 5173 κελεύει

2118 5219 2309 5272 τοῦτον
2349 5221 2376 5272 6
2417 5217 2671 5287 βασιλεὺς
2720 5215 3043 5285 ἀναστῆναι,
3095 5213 3164 5266 τὰ
3193 5212 3429 5283 τζάγγια
3455 5213 3512 5266 δὲ
3540 5210 3705 5265 αὐτοῦ

2122 5313 2285 5382 σῦραι
2331 5314 2427 5365 καὶ
2475 5309 2655 5380 ἑαυτῷ
2678 5308 2947 5377 ὑποδῆσαι
2980 5308 3047 5362 ⁸³.
3080 5308 3189 5362 Τοῦ
3243 5310 3302 5362 δὲ
3346 5307 3707 5368 ἀνανεύοντος

2122 5409 2215 5460 καὶ
2245 5404 2380 5476 πρὸς
2406 5402 2690 5455 Βασίλειον
2718 5400 3031 5472 βλέποντος,
3065 5402 3188 5455 ἐπεὶ
3217 5403 3244 5455 6
3276 5400 3531 5472 βασιλεὺς
3568 5398 3709 5472 μετὰ

2120 5497 2296 5568 θυμοῦ
2351 5493 2690 5565 προσέταξεν
2726 5493 2822 5548 καὶ
2860 5494 2887 5546 6
2937 5495 3219 5560 Βασίλειος
3253 5496 3569 5557 ἐπένευσεν,
3604 5492 3708 5545 ὑπ-

2118 5592 2309 5661 έδησεν
2341 5586 2387 5619 “
2426 5588 2494 5640 τὰ
2520 5588 2681 5643 αὑτά.
2716 5588 2829 5642 Καὶ
2863 5588 3012 5658 λέγει
3036 5591 3064 5642 6
3100 5588 3357 5660 βασιλεὺς
3391 5588 3513 5660 μεθ’
3539 5588 3706 5657 ὅρκου

2121 5684 2259 5754 πρὸς
2311 5679 2613 5734 Βασίλειον
2673 5681 2943 5738 Κάλλιον
3003 5683 3165 5750 αὺτῷ
3198 5683 3563 5751 πρέπουσιν.
3597 5679 3708 5732 Καὶ

1722 5778 1956 5834 VARUS
1986 5778 2391 5839 LECTIONES.

492 5861 541 5895 ⁸³
567 5863 791 5933 Ἱσαμον
825 5882 1011 5936 margo
1035 5868 1094 5922 Ρ.
1171 5870 1213 5900 ⁵³
1242 5871 1614 5943 ὑποδήσασθαι
1650 5873 1849 5946 Georg.

1930 5875 1973 5906 “
2015 5875 2328 5945 ὑπεδήσατο
2362 5873 2525 5926 Idem.
