4124 6472
356 387 463 447 749

1414 360 1785 437 ANNA‘LES.
1818 370 2243 431 —BASIL|US
2273 370 2598 432 MACEDO.
3529 370 3637 432 rso

428 497 493 566 β’.
525 488 694 555 υἶυτος
714 491 1016 562 όβασιλεὺς
1048 490 1383 561 προστάσσει
1410 488 1678 561 Μαριανῷ
1710 488 1936 559 ἐπάρχῳ

2111 488 2163 540 2.
2191 488 2356 542 Jubet
2382 488 2617 542 Basilius
2648 488 2891 541 Mariano
2922 490 3179 557 prtefeeto
3219 489 3470 543 l‘i-trona}
3497 490 3634 552 ίιιίυς

349 587 431 658 τῷ
460 585 563 655 υίῷ
597 584 881 654 Πετρωνᾶ,
917 582 1014 635 καὶ
1045 583 1372 652 ἀναγορεύει
1404 581 1567 635 αὑτὸν
1600 580 1761 650 μόνον
1788 578 1942 648 βασι-

348 678 471 731 λία.
516 674 786 745 Ὠορύφας
816 673 873 725 δὲ
906 672 1003 725 τοῦ
1042 672 1288 743 πλωΐμου
1320 670 1628 741 στρατηγὸς
1665 669 1943 740 χρηματί-

352 769 463 835 ζων
490 767 587 821 καὶ
614 765 974 836 καθηγεμὼν,
1002 764 1184 827 συνεὶς
1224 766 1284 815 τό
1312 761 1557 833 πραχθὲν
1585 763 1741 833 παρὰ
1774 763 1941 815 Βασι-

356 861 495 915 λείου
533 860 631 913 καὶ
656 857 1044 927 φιλοδέσποτος
1076 854 1176 917 ὣν,
1234 854 1369 925 πρὸς
1402 854 1686 923 ἐκδίκησιν
1720 851 1943 923 Μιχαὴλ

358 951 622 1025 βασιλέως
643 949 948 1018 κεκίνηται.
977 948 1179 1001 Τοῦτον
1206 947 1593 1015 μετακαλεῖται
1617 947 1646 997 6
1669 944 1943 1014 αὐτοκράο

352 1064 486 1118 τωρ,
541 1046 640 1099 καὶ
674 1045 742 1097 τὰ
806 1044 905 1113 μὲν
937 1042 1130 1112 πρῶτα
1164 1040 1345 1108 λόγοις
1394 1039 1542 1109 αὑτῷ
1588 1037 1938 1110 ἐφυϐρίστοις

350 1138 658 1200 ἐπαπειλεῖ,
692 1137 886 1189 ἔπειτα
915 1133 1191 1203 ἀποδοχῆς
1229 1133 1371 1196 ἀξιοῖ
1403 1132 1519 1185 ἀνθ’
1543 1125 1618 1187 ὧν
1654 1132 1798 1203 ὑπὲρ
1855 1132 1941 1184 δε-

352 1232 555 1285 σπότου
584 1228 812 1283 τοιαῦτα
840 1227 1233 1297 τετολμηκέναι
1278 1226 1612 1297 προῄρηται.
1670 1224 1832 1277 ’Δλλὰ
1876 1222 1942 1295 δὴ

348 1327 445 1380 καὶ
467 1325 666 1397 χρόνου
698 1322 1107 1393 προϐεϐηκότος
1144 1322 1232 1374 ἐπ’
1259 1319 1412 1389 αὐτῷ
1441 1316 1697 1371 τοσοῦτον
1729 1317 1940 1386 πεπλη-

350 1417 657 1489 ρονρόρηται
682 1414 823 1468 ὥστε
849 1414 1294 1480 καταλιμπάνειν
1319 1410 1469 1482 αὐτῷ
1492 1409 1590 1481 τὴν
1614 1408 1765 1462 πόλιν
1783 1408 1940 1473 ἐξιὼν

345 1509 470 1562 κατ’
502 1506 733 1578 ἐχθρῶν.

418 1600 491 1669 γ’.
535 1603 857 1669 ’Δναγκαῖον
884 1599 941 1652 δέ
987 1599 1225 1652 ἐστικαὶ
1271 1597 1422 1667 παρὰ
1463 1596 1602 1650 Θεοῦ
1635 1596 1940 1667 γενομένην

345 1697 630 1767 ἐκδίκησιν
695 1696 777 1756 είς
829 1693 956 1755 τοὺς
1008 1693 1101 1746 τὸν
1155 1691 1376 1762 Μιχαὴλ
1426 1691 1940 1763 διαχειρισαμένους

343 1789 579 1861 γράψαι.
621 1789 681 1842 ’0
710 1789 811 1858 μὲν
841 1786 933 1840 οὖν
977 1784 1335 1854 Ἰακωόίτζης
1369 1784 1626 1856 κυνηγῶν
1665 1785 1803 1853 μετὰ
1838 1782 1932 1837 τοῦ

347 1882 635 1952 βάσιλέως,
676 1882 771 1934 καὶ
822 1880 917 1933 τοῦ
954 1879 1143 1948 ξίφους
1209 1877 1376 1932 αὑτοῦ
1434 1877 1783 1942 ἐκπεσόντος,
1836 1875 1932 1929 καὶ

346 1972 513 2027 αὑτοῦ
542 1972 830 2040 μέλλοντος
862 1969 1147 2023 κατελθεῖν
1174 1970 1257 2032 είς
1279 1968 1339 2022 τὸ
1374 1964 1505 2038 ἆραι
1533 1969 1717 2030 αὐτὸν,
1747 1971 1774 2021 6
1796 1967 1933 2033 ποῦς

346 2064 514 2119 αὐτοῦ
541 2066 598 2117 ἐν
620 2067 685 2135 τῇ
718 2064 891 2134 σκάλῃ
924 2061 1227 2134 ἐκρατήθη,
1274 2060 1369 2113 καὶ
1401 2060 1655 2130 θροηθελς
1700 2064 1727 2114 ὁ
1766 2060 1934 2123 ἵππος

344 2156 541 2222 ἔσυρεν
570 2153 735 2206 αὐτὸν
765 2152 910 2205 κατὰ.
944 2152 1247 2221 φαράγγων
1287 2151 1382 2203 καὶ
1415 2150 1678 2222 κρημνῶν
1711 2151 1805 2204 καὶ¹
1834 2167 1935 2221 με·

343 2247 507 2315 ληδδν
542 2246 865 2314 κατέκοκῑεν.
912 2245 1168 2315 Ἰωάννης
1217 2244 1272 2297 δὲ
1325 2246 1353 2297 6
1387 2245 1597 2307 Χάλδος
1628 2245 1935 2315 στρατηγὸς

344 2338 583 2400 Χαλδίας
616 2338 931 2406 γενόμενος,
958 2334 1042 2408 [Ρ.
1069 2334 1199 2407 454]
1228 2336 1353 2388 ἐπεὶ
1376 2336 1517 2388 κατὰ
1539 2336 1634 2388 τοῦ
1666 2334 1936 2405 βασιλέως

347 2429 582 2501 μελέτᾷν
622 2427 901 2497 ἐφωράθη,
939 2425 1430 2490 ἀνασκολοπίζεται
1482 2424 1636 2497 παρὰ
1682 2426 1934 2498 Ἀνδρέου

345 2523 745 2594 στρατηλάτου.
776 2522 837 2573 ὐ
858 2521 914 2573 δὲ
935 2520 1164 2588 ἁδελφὸς
1198 2519 1292 2572 τοῦ
1323 2518 1593 2589 βασιλέως
1610 2518 1933 2586 Ἀσυλαίων,

344 2616 604 2681 ἐξωσθεὶς
634 2614 785 2684 παρὰ
815 2613 910 2665 τοῦ
933 2612 1199 2683 βασιλέως
1230 2614 1287 2664 ἐν
1315 2610 1392 2681 τῷ
1410 2610 1721 2681 προαστείῳ
1743 2609 1934 2677 αὑτοῦ,

345 2708 559 2778 ἀπηνὴς
590 2707 667 2760 ὣν
699 2707 791 2760 καὶ¹
843 2706 994 2776 ὠμὸς
1034 2706 1169 2777 πρὸς
1200 2709 1326 2765 τοὺς
1363 2702 1529 2756 αὑτοῦ
1565 2702 1787 2765 δούλους
1827 2719 1935 2773 μα-

344 2804 566 2873 χαίραις
599 2802 692 2853 ὑπ’
718 2800 901 2854 αὐτῶν
952 2798 1194 2871 ἀνῃρέθη
1217 2813 1232 2828 ⁸
1277 2797 1370 2861 οὒς
1401 2800 1686 2867 κρατήσας
1722 2800 1750 2850 6
1778 2796 1936 2867 βασι-

344 2896 470 2958 λεὺς
502 2895 603 2948 καὶ
634 2894 865 2965 μεληδὸν
910 2892 1232 2960 κατακόψας
1267 2892 1326 2944 ἐν
1373 2894 1485 2952 τοῖς
1527 2887 1933 2961 Ἀμαστριανοῦ

344 2990 600 3043 Ξκαυσεν.
653 2986 713 3040 '0
768 2986 826 3039 δὲ
857 2984 1141 3053 ἁπελάτης
1182 2986 1210 3037 6
1272 2982 1368 3036 τοῦ
1406 2983 1616 3053 Πέρσου
1646 2982 1691 3013 ⁸⁸
1722 2982 1937 3052 σκωλη-

344 3083 622 3154 κόϐρωτος
640 3081 932 3150 γενόμενος
959 3081 1057 3148 τὴν
1080 3077 1258 3149 ψυχὴν
1282 3077 1616 3149 ἀπέρρηξεν.
1642 3077 1935 3129 Κωνσταν-

2047 581 2203 651 isque
2228 596 2354 635 eum
2382 582 2559 634 solum
2596 581 2984 651 imperatorem
3027 583 3312 637 acclamat.
3349 583 3638 655 Oorvphas

2047 682 2231 727 autem
2267 674 2477 727 navalis
2504 674 2785 727 exercitus
2816 683 3019 743 praeter
3053 683 3218 744 atque
3245 676 3378 741 dux,
3417 678 3510 731 ubi
3550 694 3636 732 m-

2047 766 2351 821 tellexisset
2377 782 2500 835 quae
2521 782 2549 821 a
2572 766 2772 821 Basilio
2796 777 2947 837 gesta
2980 768 3033 821 in
3058 768 3376 823 Michaelem
3411 781 3592 825 essent
3618 812 3634 835 ,

2047 858 2163 928 ipse
2203 859 2411 913 domini
2478 875 2667 914 amans
2707 874 3015 928 servosque
3081 859 3353 930 ingenuus
3409 862 3475 915 ad
3534 863 3635 918 Mi-

2047 954 2258 1009 chaelis
2288 953 2641 1023 imperatoris
2679 953 2948 1008 ultionem
2985 968 3107 1007 sese
3137 955 3397 1025 accingit.
3430 958 3636 1010 Accero

2046 1046 2213 1101 situm
2240 1046 2541 1116 imperator
2581 1046 2821 1116 primum
2856 1045 3079 1116 quidem
3124 1047 3544 1103 contumeliosis
3575 1064 3638 1103 ac

2047 1137 2359 1193 minacibus
2384 1139 2573 1194 verbis
2623 1140 2861 1210 accipit;
2897 1148 3126 1211 tumque
3177 1139 3415 1211 benigne
3472 1142 3637 1197 habet

2046 1229 2365 1300 laudatque,
2395 1230 2541 1301 quod
2586 1241 2645 1285 ut
2672 1232 2800 1286 talia
2830 1233 2883 1285 in
2934 1231 3146 1286 domini
3194 1234 3427 1303 gratiam
3465 1233 3638 1288 aude-

2048 1330 2134 1377 ret
2164 1322 2221 1376 in
2250 1323 2497 1377 animum
2534 1323 2833 1378 induxerit.
2872 1323 3016 1393 Quin
3050 1324 3209 1395 lapsu
3244 1326 3511 1394 temporis
3555 1325 3636 1380 sic

2046 1424 2205 1469 aucta
2239 1416 2292 1469 in
2316 1432 2451 1470 eum
2483 1416 2834 1487 imperatoris
2876 1417 3077 1472 ﬁducia
3118 1430 3221 1483 est,
3254 1428 3313 1471 ut
3357 1420 3409 1472 in
3447 1419 3636 1475 hostes

2046 1508 2409 1580 proﬁciscens
2439 1510 2557 1580 ejus
2594 1509 2719 1564 ﬁdei
2753 1509 2945 1564 urbem
2975 1512 3337 1566 commiserit.

2115 1599 2169 1653 '5.
2207 1599 2402 1670 Operae
2432 1601 2673 1670 pretium
2702 1618 2834 1656 vero
2871 1601 2944 1657 sit
2980 1612 3039 1658 nt
3069 1612 3127 1657 ct
3155 1602 3399 1657 divinam
3431 1604 3486 1657 in
3536 1618 3635 1658 eos

2046 1694 2139 1763 qui
2172 1694 2464 1749 Michaelis
2504 1695 2795 1765 parricida:
2839 1695 3066 1751 fuerunt
3106 1697 3372 1752 ultionem
3427 1697 3636 1752 descri-

2047 1784 2262 1840 bamus.
2297 1786 2610 1843 Jacobitzes
2653 1788 2840 1859 itaque
2877 1789 3199 1859 imperatori
3236 1791 3380 1844 inter
3422 1806 3635 1845 venan-

2039 1876 2171 1931 dum
2200 1892 2407 1944 eomes,
2434 1879 2565 1934 dum
2590 1896 2782 1936 ensem
2826 1881 3115 1953 delapsum
3146 1882 3435 1938 levaturus
3488 1898 3633 1953 equo

2037 1968 2247 2035 desilit,
2284 1970 2527 2027 haerente
2553 1974 2695 2044 pede
2719 1989 2749 2028 e
2772 1975 2971 2045 pensili
3003 1974 3289 2037 seandula,
3329 1975 3634 2044 territoque

2036 2078 2182 2134 equo
2224 2080 2326 2135 per
2357 2080 2488 2120 cava
2521 2067 2848 2137 voraginum
2878 2068 3299 2137 praeeipitiaqne
3350 2068 3629 2132 trahente,

2039 2153 2389 2208 membratim
2426 2154 2740 2226 discerptus
2790 2165 2890 2211 est.
2919 2157 3160 2212 Joannes
3216 2157 3495 2223 Chaldus,
3533 2159 3631 2229 qui

2037 2245 2315 2301 exercitus
2363 2246 2558 2300 ductor
2616 2248 2670 2301 in
2724 2245 2957 2302 Chaldia
3012 2248 3212 2312 fuerat,
3248 2248 3634 2319 deprehensus

2039 2337 2349 2392 machinari
2383 2338 2651 2393 adversus
2677 2340 3065 2409 imperatorem
3101 2341 3271 2410 688
3308 2341 3377 2395 ab
3409 2339 3632 2394 Andrea

2040 2428 2309 2501 magistro
2336 2430 2549 2485 militia:
2573 2432 2697 2501 palo
2726 2430 2919 2485 aﬁixus
2942 2443 3045 2486 est.
3079 2432 3435 2501 Imperatoris
3465 2434 3587 2486 irati
3611 2449 3636 2485 r

2038 2522 2275 2594 Asylaao,
2308 2523 2379 2578 ab
2432 2539 2500 2578 eo
2543 2523 2599 2578 in
2657 2524 3042 2579 suburbanum
3103 2540 3270 2580 suum
3332 2525 3635 2595 relegatus,

2040 2615 2190 2685 quod
2229 2614 2283 2670 in
2324 2632 2519 2671 servos
2546 2633 2611 2671 ac
2648 2617 2985 2672 domesticos
3035 2618 3268 2672 immitis
3298 2634 3363 2671 ac
3393 2618 3635 2673 crudelis

2040 2716 2208 2770 esset,
2238 2708 2421 2777 gladio
2456 2708 2523 2762 ab
2550 2708 2631 2763 eis
2660 2718 2889 2763 necatus
2920 2717 3022 2764 est.
3056 2708 3165 2764 Hos
3206 2710 3507 2779 imperator
3539 2726 3635 2763 ca-

2038 2806 2164 2866 ptos
2198 2796 2665 2868 membratimque
2694 2799 2949 2852 concisos
2998 2798 3064 2852 ad
3112 2800 3446 2853 Amastriani
3481 2817 3634 2854 eom-

2039 2890 2236 2944 bussit.
2269 2890 2527 2960 Apelates
2571 2890 2751 2945 Persa:
2786 2908 2815 2945 a
2856 2891 3139 2945 vermibus
3174 2906 3433 2946 corrosns
3463 2892 3633 2946 vitam

2040 2981 2241 3037 ﬁnivit.
2288 2982 2687 3038 Constantinus
2735 2984 2977 3039 Toxaras
3023 2984 3170 3053 apud
3221 2984 3636 3056 Cibyrrhzcotas

2039 3075 2239 3146 gladiis
2263 3076 2523 3131 concisus
2565 3076 2750 3147 periit.
2785 3077 3063 3132 llla:ianus
3110 3077 3349 3147 denique
3398 3078 3637 3147 impera-

341 3180 485 3240 τίνος
508 3176 563 3229 δὲ
592 3176 620 3227 6
643 3174 892 3244 Τοξαρὶς
916 3174 997 3234 εἱς
1032 3170 1464 3243 Κιϐυρραιὼτας
1488 3168 1933 3239 σπαθοκοπηθεὶς

2042 3167 2181 3222 toris
2202 3166 2373 3222 frater
2402 3166 2685 3223 contracto
2714 3186 2780 3238 pe
2806 3172 2851 3223 lc
2883 3186 2944 3224 ac
2972 3169 3254 3224 vermibus
3278 3178 3637 3239 putrescente

340 3269 593 3338 τελευτᾷ,
632 3268 726 3319 καὶ
766 3266 1050 3336 Μαριανὺς
1084 3267 1110 3318 6
1134 3265 1365 3334 ἁδελφίς
1402 3263 1496 3316 τοῦ
1524 3263 1793 3334 βασιλέως
1845 3264 1937 3317 τὸν

343 3365 483 3419 πόδα
512 3361 820 3433 συντριϐεὶς
846 3362 938 3412 καὶ
966 3359 1072 3412 ὑπὸ
1097 3359 1400 3430 σκωλήκων
1431 3355 1816 3431 καταϐρωθεὶς
1848 3374 1937 3410 τε-

340 3460 531 3531 λευτᾷ.

413 3552 482 3607 δ’.
525 3551 616 3605 Ἐν
638 3550 705 3621 τῇ
732 3550 892 3621 ἐορτῇ
922 3545 1031 3599 τῶν
1060 3544 1299 3615 Χριστοῦ
1324 3544 1531 3613 γέννων
1560 3540 1939 3615 προελεύσεως

344 3646 648 3718 γενομένης
674 3642 930 3715 βαπτίζει
961 3643 988 3694 6
1022 3639 1279 3711 βασιλεὺς
1318 3638 1408 3692 διὰ
1432 3638 1639 3691 Φωτίου
1662 3638 1938 3707 Στέφανον

344 3740 435 3793 τὸν
462 3738 579 3793 υίδν
606 3734 771 3789 αὑτοῦ
805 3735 862 3786 ἐν
896 3732 1124 3803 Μεγάλῃ
1151 3729 1439 3802 ἐκκλησίᾳ.

415 3830 475 3887 ε’.
505 3830 596 3901 Τῷ
627 3826 676 3898 γ’
718 3826 884 3880 αὑτοῦ
915 3825 1047 3886 ἔτει,
1082 3826 1147 3896 τῇ
1183 3824 1345 3894 ἑορτῇ
1373 3821 1468 3874 τοῦ
1498 3821 1655 3890 ἁγίου
1694 3819 1936 3874 Πολυεύ-

358 3943 504 3989 κτου,
530 3924 724 3994 ⁴γέγονε
757 3921 980 3991 σεισμὸς
1012 3920 1106 3973 ἐπὶ
1140 3914 1193 3989 μ’
1246 3914 1464 3988 ἡμέρας
1493 3915 1589 3969 καὶ
1622 3913 1677 3984 μ’
1711 3913 1935 3977 νύκτας,

363 4019 458 4072 καὶ
485 4017 838 4089 ἐπτωήθησαν
861 4015 906 4046 ⁸⁸
939 4012 1133 4066 πολλαὶ
1164 4010 1473 4079 ἐκκλησίαι,
1514 4008 1633 4079 μεθ’
1664 4000 1739 4063 ὧν
1780 4008 1876 4061 καὶ
1902 4008 1935 4077 ἡ

356 4113 621 4184 ὑπεραγία
636 4110 899 4173 Θεοτόκος
917 4106 1233 4180 ηλεγομένη
1256 4106 1319 4158 τὸ
1340 4104 1546 4174 Σίγμα,
1566 4102 1708 4157 ὥστε
1729 4104 1934 4164 πάντας

346 4208 470 4271 τοὺς
491 4204 793 4277 omam;
822 4204 1001 4255 ἐκεῖσε
1028 4198 1375 4268 τελευτῆσαι.
1430 4197 1583 4249 Λέων
1613 4195 1671 4248 δέ
1706 4196 1734 4249 6
1790 4195 1938 4263 φιλό-

345 4316 509 4368 σοφος
532 4296 715 4368 τυχὼν
737 4298 851 4349 ἐκεῖ
885 4284 1118 4363 παρῄνει
1150 4291 1360 4353 πάντας
1383 4288 1621 4356 ἐξελθεῖν
1646 4304 1659 4320 ·
1690 4289 1737 4340 οἱ
1765 4287 1821 4340 δὲ
1861 4288 1937 4358 μὴ

343 4390 663 4452 πεισθέντες
698 4386 1164 4455 συνετελέσθησαν
1208 4384 1469 4447 ἅπαντες.
1500 4382 1671 4444 Αὐτὸς
1700 4382 1756 4434 δὲ
1782 4382 1810 4434 6
1842 4397 1935 4447 φι-

340 4484 570 4552 λόσοφος
596 4483 677 4545 είς
707 4481 863 4534 κίονα
891 4478 997 4532 ὑπὸ
1020 4476 1391 4547 συσταματίου
1418 4473 1637 4538 σταθεὶς
1669 4472 1809 4544 μετά
1838 4471 1935 4525 καὶ

2040 3261 2350 3317 exstinctus
2382 3270 2486 3315 est.

2113 3529 2167 3580 4.
2189 3525 2395 3581 Christi
2432 3526 2634 3581 natalis
2659 3527 2891 3581 solemni
2926 3526 3036 3589 die,
3070 3543 3271 3597 pompa
3304 3527 3513 3593 habita,
3547 3529 3640 3585 ba-

2043 3620 2219 3690 ptizat
2251 3620 2553 3690 imperator
2584 3635 2682 3690 per
2717 3619 2975 3673 Photium
3003 3618 3176 3675 ﬁlium
3208 3637 3371 3676 suum
3403 3622 3638 3694 Stepha-

2041 3731 2196 3780 num,
2231 3715 2285 3768 in
2328 3713 2520 3785 Magna
2554 3712 2824 3767 Ecclesia.

2113 3808 2167 3861 5.
2206 3807 2390 3862 Basilii
2420 3806 2773 3877 imperatoris
2801 3822 2948 3860 anno
2976 3806 3162 3869 tertio,
3195 3805 3248 3860 in
3274 3806 3363 3861 die
3403 3807 3546 3861 festo
3575 3807 3635 3864 S.

2040 3901 2345 3972 Polycucti,
2379 3900 2447 3954 ad
2483 3900 2602 3953 dies
2636 3899 3001 3970 quadraginta
3053 3900 3393 3969 totidemque
3446 3912 3637 3957 noctes

2043 4005 2204 4049 terra:
2236 4001 2421 4047 motus
2461 3992 2640 4047 factus
2669 4001 2774 4054 est,
2811 3992 3251 4062 cecideruntque
3304 3996 3491 4050 multae
3541 4012 3634 4050 ee-

2041 4086 2245 4149 clcsim,
2300 4085 2447 4138 inter
2494 4099 2634 4153 quas
2690 4083 2858 4138 etiam
2920 4093 3109 4138 sancta
3161 4085 3413 4154 Deipara,
3467 4104 3632 4155 quam

2040 4178 2223 4248 Sigma
2260 4183 2478 4237 vocant,
2532 4174 2671 4228 adeo
2708 4189 2838 4228 sane
2866 4184 2927 4228 ut
2961 4189 3153 4228 omnes
3203 4175 3257 4229 in
3315 4192 3377 4229 ea
3414 4176 3634 4232 divinas

2039 4273 2396 4327 decantantes
2447 4268 2639 4323 laudes
2691 4269 3004 4322 communis
3060 4267 3221 4322 ruina
3266 4270 3628 4338 oppresserit.

2039 4370 2213 4423 Porro
2243 4367 2353 4421 Leo
2385 4363 2767 4436 philosophus,
2800 4378 2925 4417 cum
2976 4373 3124 4418 esset
3160 4362 3257 4426 ibi,
3302 4364 3632 4420 hortabatur

2038 4478 2235 4544 omnes
2270 4460 2457 4531 egredi
2486 4457 2613 4525 ;cni
2651 4457 2727 4511 illi
2761 4456 2905 4511 haud
2959 4472 3169 4511 morem
3201 4469 3455 4529 gerentes
3512 4461 3631 4529 pari

341 4531 569 4552 ""‘r'v
600 4531 676 4545 *τ’
835 4531 846 4532 ί
936 4531 961 4532 η
1198 4531 1211 4547 ι
1617 4531 1633 4538 ν
1669 4531 1681 4544 ι

340 4557 548 4651 ἐτέρων
597 4574 691 4629 δύο
724 4574 926 4645 ἐσώθη,
969 4572 1065 4627 καὶ
1093 4572 1273 4640 ἕτεροι
1305 4569 1349 4620 θ’
1384 4569 1429 4599 ⁷ο
1464 4569 1617 4639 μόνοι
1673 4565 1935 4620 ὑποκάτω

2042 4532 2235 4610 omnes
2284 4553 2510 4608 interitu
2554 4550 2859 4621 perierunt.
2913 4550 3033 4617 Ipse
3090 4559 3272 4607 tamen
3319 4552 3386 4606 ad
3421 4552 3637 4608 colum-

339 4672 436 4727 τοῦ
465 4671 742 4742 ἄμίὶωνος.

415 4862 495 4923 ς’.
524 4855 729 4919 Φώτιος
753 4852 809 4907 δὲ
825 4856 851 4907 6
876 4850 1244 4922 πατριάρχης,
1283 4846 1530 4907 ἐλθόντος
1553 4843 1649 4898 τοῦ
1673 4842 1937 4913 βασιλέως

340 4950 402 5003 ἐν
464 4951 533 5019 τῇ
588 4947 856 5016 ἐκκλησία
909 4946 1003 4997 καὶ
1061 4941 1351 5013 μέλλοντος
1403 4936 1572 4992 αὐτοῦ
1628 4938 1933 5001 κοινωνεῖν,

341 5040 546 5112 λῃστὴν
575 5036 672 5091 καὶ
705 5035 870 5105 φονέα
894 5034 1078 5102 ἔλεγεν
1102 5032 1194 5083 καὶ
1223 5030 1444 5095 ἀνάξιον
1478 5028 1576 5099 τῆς
1607 5028 1754 5091 θείας
1816 5043 1933 5080 xor.-

351 5134 565 5197 νωνίας.
614 5131 673 5182 '0
698 5129 753 5181 δέ
794 5126 1071 5196 θυμωθεὶς
1105 5121 1429 5178 ἀπέστειλεν
1468 5122 1525 5174 ἐν
1578 5119 1788 5192 Ῥώμῃ.
1843 5117 1937 5172 καὶ

342 5224 522 5294 ἤγαγε
551 5221 717 5292 τόμον
748 5220 888 5290 μετὰ
930 5219 1217 5288 Ῥωμαίων
1249 5213 1589 5274 ἐπισκόπων,
1617 5212 1715 5267 καὶ
1744 5210 1935 5264 τοῦτον

337 5314 440 5368 τοῦ
473 5314 669 5383 θρόνου
702 5312 964 5379 ἐξέωσεν·
999 5310 1093 5363 καὶ
1110 5307 1435 5372 ἀναϐιϐάζει
1472 5306 1633 5360 πάλιν
1672 5303 1934 5373 Ἰγνάτιον

336 5406 436 5459 τὸν
466 5408 527 5459 ἐν
557 5405 735 5474 ἁγίοις
764 5403 1117 5475 πατριάρχην
1148 5402 1209 5453 τὸ
1237 5386 1511 5470 δεύτερον.

416 5495 483 5561 ζ’.
521 5498 678 5553 Μετᾶ
702 5497 763 5550 τὸ
788 5495 1090 5565 ἐξωσθῆναι
1120 5495 1220 5564 τῆς
1247 5490 1550 5562 ἐκκλησίας
1577 5489 1783 5545 Φώτιον
1839 5488 1935 5541 καὶ

336 5593 405 5646 ἐν
431 5593 498 5663 τῇ
530 5592 693 5661 *μονῇ
734 5592 835 5661 τῆς
891 5587 1113 5659 Σκέπης
1170 5585 1517 5657 ἐξορισθῆναι
1560 5581 1935 5654 ἐτροπεύσατο

338 5686 582 5756 πλάσμα
617 5686 821 5739 τοιόνδε
844 5703 859 5717 ’
894 5682 1395 5754 Γενεθλιαλογήσας
1427 5682 1519 5734 τὸν
1568 5678 1796 5749 βασιλέα
1833 5680 1936 5731 Βα-

2044 4665 2172 4703 nam
2213 4648 2314 4702 sub
2345 4661 2473 4701 arcu
2507 4656 2658 4698 stans
2684 4659 2810 4696 cum
2837 4642 3057 4696 duobus
3086 4642 3210 4698 aliis
3237 4654 3488 4701 servatus
3526 4657 3635 4711 est,

2046 4760 2259 4809 necnon
2292 4742 2385 4797 alii
2417 4755 2615 4794 novem
2646 4737 2909 4791 duntaxat
2935 4734 3038 4790 sub
3064 4735 3303 4792 amboue
3333 4740 3519 4809 positi.

2121 4839 2175 4893 6.
2214 4836 2445 4891 Photius
2494 4830 2806 4902 patriarcha
2842 4828 3181 4898 imperatore
3216 4829 3286 4884 ad
3340 4834 3633 4887 ecclesiam

2042 4934 2324 4993 veniente,
2349 4946 2413 4984 ac
2436 4944 2562 4983 cum
2589 4940 2745 4979 sacra
2781 4923 3038 4993 mysteria
3073 4932 3437 4991 percepturus
3464 4938 3632 4988 esset,

2040 5026 2312 5081 latronem
2359 5037 2485 5076 eum
2523 5030 2580 5073 et
2613 5016 2944 5089 parricidam
2996 5030 3061 5069 ac
3110 5014 3299 5069 divina
3331 5016 3500 5085 689
3549 5018 3635 5073 ίιι..

2040 5118 2268 5189 dignum
2299 5112 2691 5169 communione
2732 5109 2920 5163 dicere
2955 5123 3126 5162 ausus
3156 5115 3261 5161 est.
3308 5107 3425 5173 Qua
3454 5109 3544 5162 ille
3573 5126 3633 5163 re

2043 5211 2124 5266 ira
2161 5224 2430 5264 accensus
2454 5208 2682 5262 Ruinam
2706 5204 2880 5267 misit,
2913 5210 3174 5270 tantoque.
3192 5200 3486 5271 impetrato
3503 5217 3629 5255 cum

2045 5300 2322 5374 epiSCOpis
2356 5298 2567 5354 Latinis
2626 5296 2884 5354 Photium
2930 5294 3060 5349 sede
3109 5294 3283 5364 ejicit,
3316 5293 3635 5363 iterumque

2042 5412 2108 5451 ac
2137 5394 2384 5450 secundo
2424 5390 2736 5446 sacerdotio
2789 5396 3038 5443 sanctum
3070 5386 3342 5457 lgnatium
3373 5387 3626 5457 praeﬁcit.

2117 5492 2168 5545 7.
2204 5489 2427 5558 Ejectus
2448 5500 2515 5539 ex
2547 5481 2782 5538 ecclesia
2816 5481 3066 5544 Photius,
3093 5489 3151 5536 et
3182 5479 3237 5535 in
3288 5482 3630 5534 monasterio

2043 5583 2192 5657 quod
2206 5582 2393 5651 Scepa:
2412 5585 2615 5634 vocant
2640 5574 2920 5638 exsulans,
2946 5573 3283 5646 ejuseemodi
3310 5571 3631 5645 ﬁgmentum

2046 5684 2393 5733 commentus
2447 5680 2576 5735 est:
2635 5668 2819 5723 Basilii
2857 5665 3209 5735 imperatoris
3257 5662 3631 5734 genealogiam

1668 5770 1902 5826 VARI/1‘1
1954 5766 2251 5828 LEGTION
2264 5766 2367 5819 ES.

422 5872 585 5929 “Leo
618 5872 1012 5941 grammaticus
1034 5870 1272 5940 Πέοσης.
1306 5864 1556 5924 Combel‘.
1644 5864 1688 5897 ⁸⁹
1725 5862 2095 5935 ἐπτὼθησανί
2169 5862 2211 5890 το
2247 5856 2515 5927 Georgius
2560 5854 2743 5906 πέντε.
3235 5917 3315 5945 ’Μ
