4124 6420
475 331 580 398 Ἰῑιῦ

1703 336 2002 408 SYMEON
2011 337 2081 398 IS
2121 338 2494 399 MAGISTRI

3622 335 3746 398 756'

477 445 568 498 tis.
594 442 874 509 occurrit;
900 458 1246 514 cernensque
1272 444 1363 500 ille
1388 446 1584 510 oculis,
1611 455 1665 500 et
1701 448 1751 500 in
1774 447 2056 517 amplexus

2166 449 2288 504 ἰδεῖν
2335 447 2708 519 ὑπελάμϐανε,
2741 446 2836 499 καὶ
2873 446 2947 509 ὡς
3003 444 3064 498 ού
3112 443 3444 513 πεπλάνητο.
3506 443 3598 496 Διὸ
3633 443 3728 497 καὶ

477 545 666 599 ruens,
715 533 921 589 aﬂ'atim
971 534 1125 589 basia
1165 535 1336 592 dedit.
1374 536 1622 607 Cumque
1675 538 2052 608 disparnisset,

473 625 680 680 vidisse
711 641 838 680 eum
873 643 930 680 se
961 629 1318 682 existimabat
1344 645 1449 684 nec
1474 631 1772 699 quidquam
1803 631 2053 685 delusum

479 735 620 772 esse.
656 719 929 785 Quocirca
987 729 1270 775 exstructo
1323 720 1400 775 ibi
1454 724 1788 776 monasterio
1824 723 1880 776 S.
1919 722 2056 777 Con-

474 811 701 863 stantini
732 826 932 865 nomen
975 809 1194 866 indidit.

550 901 635 956 18.
675 901 771 957 [Iis
801 903 1032 973 aliisque
1079 904 1328 973 plurimis
1360 920 1428 959 ex
1449 902 1723 974 Apollonii
1767 903 2058 973 disciplina

473 996 647 1063 probe
685 997 972 1050 institutus
1019 996 1427 1050 Santabarenus
1473 1011 1723 1066 magnam
1759 996 1862 1049 sibi
1896 996 2055 1049 (idem

474 1087 617 1155 apud
643 1088 1031 1157 imperatorem
1065 1088 1397 1143 conciliavit.
1423 1088 1671 1143 Celebris
1699 1089 1789 1142 hic
1819 1089 2058 1143 nominis

475 1175 909 1244 Santabarenus,
961 1196 1123 1250 quem
1164 1180 1394 1234 Pbotius
1433 1181 1674 1234 secunda
1729 1196 1826 1234 sua
1870 1189 2058 1250 tyran-

473 1269 604 1324 nide
633 1272 952 1341 episcopum
984 1272 1376 1328 Euchaitarum
1425 1273 1724 1343 promovit,
1772 1273 2059 1327 Manichaci

475 1360 623 1416 ﬁlius
649 1371 702 1416 et
733 1364 1066 1418 Manichacus
1086 1371 1239 1428 erat;
1294 1379 1359 1418 ac
1384 1365 1536 1419 velut
1570 1364 1758 1436 junior
1789 1363 2060 1432 annisque

475 1453 658 1506 minor
689 1455 779 1506 vix
804 1454 1020 1522 capitali
1060 1464 1351 1524 exemptus
1394 1456 1668 1510 sententia
1701 1471 1798 1525 per
1828 1454 2058 1508 Bardam

471 1541 767 1609 Caesarem,
809 1545 1024 1600 meliori
1061 1545 1215 1617 fruge
1250 1548 1685 1616 componendus,
1730 1546 1907 1601 διιιάἰί
1940 1563 2062 1601 mo-

472 1635 719 1689 nasterio
751 1635 985 1690 traditus
1019 1647 1123 1692 est.
1158 1639 1258 1694 Ubi
1289 1648 1492 1702 tamen,
1525 1655 1842 1710 quanquam
1873 1655 2063 1694 umna-

473 1722 561 1777 cbi
595 1733 879 1794 assumpto
910 1725 1125 1790 habitu,
1155 1743 1183 1781 a
1205 1727 1390 1797 priore
1419 1728 1556 1782 nihil
1591 1731 1858 1799 pravitate
1883 1745 2062 1784 emcr-

2161 542 2328 612 μονὴν
2367 544 2544 594 ἐκεῖσε
2597 539 2790 603 κτίσας
2823 540 3182 604 ἐπωνόμασεν
3219 536 3390 607 αὐτὴν
3416 534 3512 589 τοῦ
3547 536 3731 604 Ἀγίου

2160 633 2594 687 Κωνσταντίνου.

2233 908 2322 972 ιη’.
2361 899 2584 961 Τούτοις
2615 897 2707 951 καὶ
2740 898 2946 968 ἑτέροις
2996 895 3269 956 πλείστοις
3298 894 3360 948 ὲκ
3395 893 3503 946 τῶν
3538 891 3734 945 Ἀπολ-

2158 994 2350 1046 λωνίου
2377 993 2619 1061 ἀκριϐῶς
2646 991 2997 1060 μεμυημένος
3023 991 3050 1042 6
3074 985 3487 1056 Σανταϐαρηνὸς
3514 986 3736 1052 ἐποίησε

2159 1085 2253 1138 τὸν
2295 1082 2520 1154 βασιλέα
2571 1083 2753 1135 πίστιν
2797 1080 3100 1149 κεκτῆσθαι
3133 1081 3214 1142 είς
3266 1077 3456 1130 ἑαυτὸν
3509 1076 3737 1144 πολλήν.

2161 1177 2326 1241 Οὗτος
2362 1179 2389 1231 6
2434 1174 2780 1246 περιώνυμος
2828 1171 3268 1240 Σανταϐαρηνὸς,
3315 1169 3374 1231 ὃς
3426 1167 3517 1220 ὑπ’
3568 1163 3738 1220 αὐτοῦ

2159 1274 2253 1326 τοῦ
2288 1269 2493 1322 Φωτίου
2525 1265 2669 1319 κατὰ
2699 1265 2961 1333 δευτέραν
2985 1261 3152 1315 αὑτοῦ
3179 1258 3472 1330 τυραννίδα
3511 1255 3738 1310 ἐπίσκο-

2164 1381 2263 1424 πος
2296 1362 2575 1430 Εύχαῒτων
2621 1357 2860 1426 ἐγένετο,
2908 1354 3212 1423 Μανιχαίου
3265 1351 3378 1412 υἱὸς
3428 1348 3524 1402 καὶ
3565 1349 3740 1400 Μανι-

2161 1456 2313 1526 χε.ῖος
2336 1451 2432 1514 ὢν,
2465 1451 2557 1503 καὶ
2584 1447 2658 1512 ὡς
2689 1447 2957 1518 νεώτερος
2994 1445 3082 1498 διὰ
3126 1442 3306 1514 Βάρδα
3335 1439 3428 1494 τοῦ
3463 1438 3742 1506 Καίσαρος

2162 1545 2261 1616 τὴν
2291 1543 2596 1610 κεφαλικὴν
2638 1539 2910 1610 τιμωρίαν
2941 1534 3222 1604 διαφύγὼν
3253 1535 3319 1603 τῇ
3349 1531 3458 1583 τῶν
3491 1528 3740 1582 Στουδίοιι

2168 1641 2302 1709 μονῇ
2361 1637 2450 1688 ἰπὶ
2510 1632 2797 1703 διορθώσει
2836 1629 3112 1696 ἀπεδόθηο
3157 1628 3185 1679 6
3238 1625 3296 1677 δὲ
3344 1624 3439 1677 καὶ
3489 1617 3743 1692 μοναχῶν

2166 1729 2354 1798 σχῆμα
2389 1723 2819 1796 περιϐαλόμενος
2849 1719 2958 1773 οὐδ’
2989 1717 3126 1780 ὅλως
3160 1715 3258 1784 τῆς
3300 1711 3495 1774 κακίας
3525 1709 3742 1798 άνένευέ

473 1816 565 1869 sit.
589 1815 862 1871 Caeterum
890 1818 1070 1872 Pbotii
1093 1821 1265 1889 prima
1299 1821 1586 1892 tyrannide
1611 1823 1664 1875 in
1693 1838 1761 1876 eo
1784 1831 2062 1878 monaste-

2170 1792 2290 1872 σένῖ
2314 1792 2475 1871 Κατα
2509 1792 2691 1884 μέντοι
2717 1811 2816 1881 τὴν
2847 1808 3071 1881 πρώτην
3100 1802 3386 1876 τυραννίδα
3415 1799 3622 1853 Φωτίου
3648 1797 3743 1850 καὶ

475 1904 560 1956 rio
589 1906 826 1974 praefecti
857 1923 1056 1962 munus
1088 1910 1289 1979 gessit;
1321 1927 1430 1980 quo
1461 1921 1516 1966 et
1543 1912 1792 1966 antistite
1822 1913 2064 1983 religiosi

474 2011 670 2052 omnes
695 1999 950 2053 monachi
981 1999 1164 2071 fugam
1200 2001 1396 2067 iniere,
1432 2019 1555 2058 cum
1585 2019 1695 2057 non
1725 2003 2068 2059 sustinerent

475 2085 654 2140 Photii
683 2103 742 2142 se
767 2091 1156 2146 communione
1181 2093 1598 2147 commaculari.
1639 2094 1834 2148 Pbotio
1860 2093 2064 2147 nihilo-

478 2179 662 2233 minus
680 2180 847 2252 694
863 2182 1211 2250 patriarcbali
1240 2186 1369 2240 sede
1402 2187 1578 2256 ejecto
1607 2187 1698 2241 bic
1729 2201 1950 2256 quoque
1967 2185 2066 2241 Sa-

479 2272 643 2326 tanici
668 2272 752 2326 vir
779 2275 1018 2330 nominis
1037 2278 1300 2346 expulsus
1327 2287 1434 2332 est.
1453 2279 1591 2333 Tum
1619 2279 1764 2333 inter
1783 2278 1964 2334 Photii
1985 2278 2066 2332 fa-

475 2365 717 2420 miliares
732 2368 940 2422 ascitus
957 2385 970 2420 ς
986 2368 1322 2440 Cujuspiam,
1339 2371 1434 2436 ait,
1449 2370 1891 2425 cubiculariorum
1903 2388 2065 2442 opera

475 2469 643 2524 utere,
678 2471 1026 2530 acceptaeque
1053 2479 1186 2532 quas
1217 2465 1406 2533 paravi
1443 2481 1611 2534 aqua:
1634 2481 1786 2518 sacro
1817 2472 2064 2535 aspergat

473 2551 748 2614 rubicula;
787 2568 1008 2624 moxque
1055 2557 1228 2609 amori
1272 2564 1360 2609 tuo
1404 2555 1638 2609 deditum
1689 2558 2064 2627 imperatorem

475 2642 691 2696 ridebis.
727 2643 821 2697 llis
856 2647 1083 2715 peractis
1113 2647 1182 2699 da
1231 2664 1446 2717 operam
1480 2655 1537 2701 ut
1578 2647 1660 2702 vel
1691 2647 1854 2702 semel
1889 2649 2063 2719 ipsum

476 2731 704 2795 uideam,
731 2739 780 2786 et
810 2743 867 2786 ut
906 2735 978 2788 ad
1009 2737 1241 2806 priorem
1271 2738 1521 2790 honorem
1567 2737 1676 2808 ipse
1731 2737 1914 2791 redeas
1955 2738 2061 2807 efﬁ-

474 2827 634 2880 ciam.
672 2825 768 2881 His
796 2828 868 2882 ita
896 2829 1085 2899 gestis,
1123 2829 1307 2884 statim
1345 2845 1505 2884 mane
1532 2829 1830 2899 imperator
1856 2828 2064 2883 liberos

476 2916 735 2985 precibus
761 2919 1216 2974 communiendos
1239 2921 1470 2990 aurique
1504 2920 1610 2973 vim
1649 2919 1818 2973 mittit
1840 2920 2060 2981 Photio,

472 3006 746 3080 jussitque
799 3010 852 3065 in
916 3012 1209 3083 Magnaura
1267 3027 1368 3082 pro
1424 3013 1665 3082 bospit-io
1711 3010 1940 3066 morari.
1981 3010 2060 3064 lbi

2167 1908 2472 1981 ἡγούμενος
2504 1907 2560 1958 ὲν
2616 1903 2750 1972 αὐτῇ
2788 1905 2854 1972 τῇ
2906 1901 3040 1969 μονῇ
3083 1895 3294 1966 γίνεται
3318 1910 3330 1922 ·
3366 1892 3456 1962 ὑφ’
3489 1886 3549 1945 οὗ
3571 1889 3614 1921 ⁷³
3647 1889 3743 1942 καὶ

2167 1980 2366 2063 πάντες
2395 2000 2443 2053 οἱ
2472 1996 2722 2059 εὐλαϐεῖς
2747 1995 2846 2063 τῆς
2882 1991 3047 2062 μονῆς
3083 1988 3306 2056 ἔφυγον,
3328 1984 3428 2056 τὴν
3456 1980 3743 2036 κοινωνίαν

2165 2093 2372 2147 Φωτίου
2411 2090 2483 2160 μὴ
2534 2086 2980 2156 καταδεχόμενοι.
3026 2080 3132 2134 Τοῦ
3183 2080 3364 2149 μέντοι
3410 2075 3614 2131 Φωτίου
3643 2077 3744 2146 τῆς

2167 2202 2273 2237 1:1:
2286 2183 2532 2254 ριαρχίας
2558 2177 2879 2248 διωχθέντος
2902 2174 2995 2227 καὶ
3028 2175 3055 2226 6
3085 2170 3483 2240 Σατανώνυμος
3512 2169 3742 2230 ἐκεῖνος,

2166 2277 2267 2346 τῆς
2306 2275 2472 2346 μονῆς
2514 2270 2790 2342 ἀπηλάθη.
2839 2263 2971 2322 Εἶτα
3009 2265 3363 2327 είσοικίζεται
3403 2259 3614 2330 Φωτίῳ,
3646 2255 3743 2312 καί

2167 2383 2334 2440 φησι²
2370 2365 2604 2434 Χρῆσαι
2634 2380 2747 2416 τινι
2777 2359 2894 2414 τῶν
2921 2357 3021 2413 ἐπὶ
3048 2356 3152 2410 τοῦ
3182 2352 3464 2418 κοιτῶνος
3493 2351 3598 2405 τοῦ
3623 2351 3740 2414 βα-

2166 2461 2406 2526 σιλέως,
2438 2457 2535 2513 καί
2571 2453 2774 2510 ,λαϐὼν
2808 2453 2994 2508 ταῦτα
3024 2452 3096 2504 τὰ
3130 2448 3317 2502 ὕδατα
3357 2445 3394 2500 ἃ
3437 2445 3744 2498 ἐσκεύασα

2157 2553 2398 2624 ρανὰτω
2426 2549 2523 2605 ἐπὶ
2556 2547 2663 2602 τοῦ
2711 2541 2996 2609 κοιτῶνος
3018 2558 3032 2571 ·
3085 2540 3182 2595 καὶ
3215 2539 3350 2607 ὄψει
3390 2536 3606 2589 αὐτίκα
3638 2534 3745 2586 τὸν

2161 2621 2429 2709 ,βασιλέα
2473 2631 3076 2701 καταδεδουλωμένον
3113 2628 3188 2699 τῇ
3221 2625 3421 2697 ἀγάπῃ
3461 2640 3598 2678 σου.
3631 2621 3741 2676 Kal

2160 2734 2310 2806 μετὰ
2336 2731 2521 2785 ταῦτα
2549 2725 2839 2797 ἀγώνισαι
2869 2723 3029 2789 ὅπως
3067 2721 3171 2774 ιδω
3214 2718 3401 2774 αὐτὸν·
3430 2713 3592 2778 ἅπαξ
3600 2756 3610 2768 .
3643 2713 3740 2766 καὶ

2165 2825 2400 2890 ποιήσω
2436 2836 2506 2875 σε
2548 2813 2906 2872 ἐπανελθεῖν
2934 2815 3021 2880 εις
3049 2811 3163 2879 τὴν
3186 2807 3478 2876 προτέραν
3506 2823 3621 2860 σου
3659 2821 3744 2856 τι·

2145 2893 2308 2988 ἰιήν.
2353 2915 2557 2968 Τούτου
2591 2907 2684 2965 οὖν
2726 2907 3046 2978 γενομένου,
3073 2903 3219 2973 πρωῒ
3253 2899 3399 2972 πρωῒ
3433 2899 3556 2960 τοὺς
3590 2896 3745 2988 υἱοὺς

2163 2987 2329 3064 αύτοῦ
2363 3007 2529 3077 εὐχῆς
2563 3003 2721 3075 χάριν
2764 3002 2858 3055 καὶ
2889 2999 3110 3070 χρυσίον
3153 2992 3479 3049 ἀπέστειλεν
3528 2987 3742 3059 Φωτίῳ,

476 3101 726 3156 continui
760 3119 1087 3174 congressus
1114 3119 1178 3159 ac
1208 3104 1504 3173 colloquia,
1541 3110 1801 3172 tantaque
1833 3103 2062 3158 Photius

2167 3101 2262 3154 καὶ
2317 3102 2400 3162 εἰς
2449 3098 2550 3167 τὴν
2603 3092 2943 3163 Μαγναύραν
2997 3087 3292 3159 κατῴκισε,
3355 3087 3449 3138 καὶ
3502 3079 3745 3151 συνεχῶς

2268 3191 2291 3194 _-
2489 3188 2499 3194 .
2643 3189 2655 3194 -
2682 3188 2695 3194 -
2783 3183 2795 3194 ι
3051 3180 3062 3194 ο
3318 3177 3362 3194 In
3417 3193 3420 3194 ,
3454 3192 3502 3194 _,,
3541 3173 3612 3194 -.-Α
3648 3171 3738 3194 --μὶ

476 3194 714 3250 donatus
742 3196 943 3250 liducia
970 3206 1051 3251 cst
1089 3205 1150 3250 ut
1181 3204 1238 3251 et
1281 3211 1474 3250 omnes
1503 3196 1846 3251 necessarios
1877 3211 1939 3250 ac
1979 3195 2056 3249 fa-

477 3287 724 3342 miliares
758 3289 1014 3358 palatinis
1051 3289 1254 3343 muniis
1294 3289 1606 3344 adhiberet.
1646 3287 1896 3357 Hlncque
1926 3286 2065 3340 adeo

477 3395 762 3450 magorum
798 3381 1105 3451 principem
1149 3379 1586 3435 Santabarenum
1615 3381 1771 3433 velut
1812 3387 2061 3432 sanetum

477 3487 544 3526 ac
561 3472 880 3542 religiosum
908 3474 1204 3541 futuraque
1226 3470 1606 3542 przenoscendi
1625 3471 2061 3542 sagacissimnm,

481 3563 630 3618 illius
658 3571 956 3633 prwsentat
987 3563 1276 3618 obtutibus
1306 3563 1596 3633 redditque
1630 3563 2000 3618 carissimum.

554 3655 640 3709 19.
673 3655 834 3709 Anno
864 3655 1048 3712 Basilii
1076 3655 1292 3726 imperii
1321 3666 1474 3710 sexto
1505 3657 1722 3711 decimo
1765 3655 2064 3725 imperator

480 3763 711 3802 uxorem
757 3749 941 3820 junxit
993 3749 1163 3803 Leoni
1207 3749 1528 3819 imperatori
1593 3751 2062 3821 Tbeopbanonem

481 3840 790 3896 Martinacii
820 3841 1008 3906 filiam,
1039 3858 1353 3911 coronaque
1387 3844 1711 3914 imparticns
1744 3845 2062 3913 nuptiarum

480 3935 747 3990 Solemnia
774 3936 827 3988 in
859 3935 1151 4006 Magnaura
1176 3937 1407 4006 peregit.

550 4026 640 4081 20.
668 4025 827 4081 Αηιιο
853 4025 1036 4081 Basilii
1075 4027 1290 4097 imperii
1321 4028 1536 4082 decimo
1566 4027 1802 4098 septimo
1833 4029 2064 4083 Sarace-

483 4119 624 4175 nicis
645 4119 916 4174 classibus
953 4119 1186 4182 Italiam,
1231 4119 1475 4174 Siciliam
1502 4136 1564 4175 ac
1609 4121 1851 4190 reliquas
1884 4121 2061 4191 regio-

483 4227 583 4265 nes
636 4211 1086 4273 incursantibus,
1144 4212 1251 4263 tale
1314 4211 1446 4281 quid
1505 4212 1748 4266 accidit:
1795 4211 2068 4266 Soldanus

483 4304 856 4372 Agarenorum
893 4301 1150 4370 princeps
1174 4309 1334 4370 capto
1361 4301 1545 4366 Bario,
1592 4317 1713 4370 quae
1756 4301 2068 4372 Rhagusio-

485 4407 607 4444 rmn
641 4391 774 4445 urbs
800 4406 992 4459 magna
1017 4399 1120 4452 est,
1147 4388 1200 4442 in
1227 4405 1404 4458 eoque.
1435 4390 1631 4458 positis
1649 4390 1895 4454 sedibus,
1923 4390 2068 4444 mul-

2168 3191 2384 3261 ὡμίλει,
2415 3188 2512 3242 καὶ
2550 3180 3170 3258 παρῤησίαςντοσαύτης
3205 3177 3506 3249 μετέδωκεν
3537 3173 3612 3235 ὡς
3647 3171 3746 3224 καὶ

2164 3285 2290 3345 τοὺς
2313 3280 2548 3342 οἰκείους
2573 3276 2722 3346 αὐτῷ
2754 3277 2962 3336 πάντας
2989 3275 3046 3325 ὲν
3071 3269 3148 3340 τῷ
3181 3266 3427 3337 παλατίῳ
3455 3264 3746 3335 ἐπιστῆναι

2165 3372 2462 3441 ὀφνρικίοις.
2512 3364 2797 3421 Ἐντεῦθεν
2825 3363 2920 3415 καὶ
2947 3361 3034 3413 τὸν
3060 3359 3368 3430 ἀρχιμάγον
3394 3353 3749 3422 Σανταϐαρη-

2166 3468 2255 3520 νὺν
2286 3465 2362 3528 ὡς
2399 3463 2552 3531 ἅγιον
2583 3459 2669 3531 [Ρ.
2698 3455 2825 3527 458]
2852 3455 2944 3509 καὶ
2980 3451 3184 3522 εὐλαϐῆ
3225 3451 3321 3505 καὶ
3355 3445 3748 3517 διορατικὼτα-

2165 3578 2254 3615 τον
2283 3555 2560 3626 συνοψίζει
2583 3552 2678 3606 καὶ
2709 3549 3060 3621 προσοικειοῖ.

2240 3650 2326 3706 ιθ’.
2353 3648 2442 3720 Τῷ
2476 3653 2552 3712 ις’
2572 3642 2742 3700 αὐτοῦ
2775 3643 2885 3695 ἔτει
2911 3640 3150 3708 ἠγάγετο
3177 3639 3206 3691 6
3227 3635 3478 3708 βασιλεὺς
3505 3631 3741 3699 γυναῖκα

2165 3745 2357 3800 Λέοντι
2387 3741 2466 3813 τῷ
2507 3738 2718 3812 βασιλεῖ
2745 3733 3002 3804 Θεοφανὼ
3029 3733 3128 3802 τὴν
3162 3729 3436 3799 θυγατέρα
3465 3725 3743 3792 Μαρτινα-

2165 3837 2308 3902 κίου,
2347 3836 2438 3888 καὶ
2490 3831 2690 3901 στέψας
2722 3830 2851 3890 τοὺς
2885 3825 3098 3894 γάμους
3128 3821 3352 3893 ἐποίησε
3397 3819 3453 3871 ὲν
3487 3817 3554 3887 τῇ
3586 3813 3744 3880 Μαγ-

2165 3932 2363 4001 ναύρᾳ.

2240 4031 2309 4076 κ’.
2340 4021 2431 4092 Τῷ
2463 4021 2528 4086 ιζ’
2577 4017 2742 4072 αὐτοῦ
2773 4015 2880 4069 ἔτει
2913 4013 2970 4066 αἱ
3008 4010 3116 4064 τῶν
3145 4001 3485 4079 Σαρακηνῶν
3519 4013 3750 4054 ναυστο-

2167 4117 2347 4172 λίαιτδ
2400 4089 2497 4167 καὶ
2556 4111 2791 4172 Ἰταλίας
2825 4110 2918 4161 καὶ
2960 4105 3208 4165 Σικελίας
3253 4100 3349 4152 καὶ
3401 4095 3511 4149 τῶν
3544 4089 3750 4146 λοιπῶν

2167 4209 2362 4284 χωρῶν
2393 4206 2629 4276 ἐπῆλθον
2649 4221 2664 4235 ·
2708 4202 2797 4272 ὑφ’
2832 4195 2907 4254 ὧν
2936 4197 3134 4264 συνέϐη
3164 4212 3216 4247 τι
3249 4190 3516 4284 τοιοῦτον·
3551 4184 3753 4284 Σαλδα-

2168 4279 2267 4365 νὸς
2290 4304 2318 4355 6
2348 4298 2456 4352 τῶν
2495 4293 2811 4367 ’Λγαρηνῶν
2837 4289 3081 4364 ἀρχηγὸς
3111 4287 3207 4354 τὴν
3235 4283 3416 4351 Βάρην
3440 4279 3747 4350 κρατήσας.

2168 4397 2290 4466 ἣτις
2325 4394 2441 4445 ἐστὶ
2471 4390 2624 4450 πόλις
2652 4387 2864 4456 μεγάλη
2886 4383 2995 4436 τῶν
3029 4377 3384 4440 Ίάουσαίων,
3420 4375 3513 4429 καὶ
3528 4375 3583 4427 ὲν
3607 4373 3748 4442 αὐτῇ

484 4494 568 4538 tas
612 4481 748 4536 alias
794 4482 962 4535 urbes
1007 4482 1237 4551 locaque
1278 4482 1595 4552 diripiebat.
1643 4482 1846 4536 Scribit
1887 4483 2062 4552 itaque

2176 4486 2514 4556 κατοικήσας
2555 4479 2753 4540 πολλὰς
2797 4476 2991 4547 ἑτέρας
3023 4474 3208 4536 πόλεις
3245 4471 3340 4525 κού⁹
3376 4469 3558 4540 χώρας
3591 4481 3754 4556 κατε-

485 4579 786 4645 inperator
816 4576 1152 4629 Francorum
1202 4575 1316 4645 regi
1361 4583 1423 4630 ut
1456 4576 1635 4629 missa:
1681 4575 1779 4631 abs
1813 4592 1872 4631 se
1903 4576 2065 4631 classi

485 4670 753 4723 adversus
773 4667 936 4737 695
967 4669 1247 4738 Agarcnos
1277 4683 1435 4737 opem
1476 4667 1636 4722 ferat.
1662 4669 1908 4738 Denique
1929 4683 2066 4723 con-

483 4763 616 4817 ﬂito
675 4760 822 4814 bello
870 4761 1085 4829 capitur
1153 4760 1430 4830 oppidum-
1467 4759 1834 4830 domatnrque
1879 4763 2066 4830 regio;

485 4856 620 4924 quin
650 4863 708 4908 et
746 4853 860 4922 ipse
897 4861 1090 4922 captus
1123 4851 1393 4907 Soldanus
1437 4852 1600 4920 eique
1631 4851 1930 4906 militantes
1973 4866 2068 4905 co-

487 4949 612 5017 pim.
637 4944 938 5000 Soldanum
967 4959 1061 4998 rex
1089 4943 1329 5014 Capuam
1359 4943 1618 5010 adducit;
1648 4944 1740 4998 ubi
1768 4944 1857 4999 ille
1891 4958 2066 4997 annos

485 5041 630 5095 duos
651 5047 1047 5100 commoratus,
1085 5038 1456 5107 colloquiique
1489 5053 1550 5091 ac
1579 5037 1868 5093 convictus
1895 5037 2066 5091 licen-

487 5136 618 5189 tiam
643 5142 859 5198 nactus,
903 5133 1056 5186 vafer
1085 5147 1208 5186 cum
1243 5140 1408 5198 esset,
1453 5132 1575 5186 aliis
1604 5149 1702 5202 per
1735 5132 2065 5186 calumniam

488 5224 836 5280 detrahendo
871 5223 1268 5294 expediendam
1297 5223 1399 5279 sibi
1438 5224 1669 5278 salutem
1700 5223 1929 5293 putavit.
1958 5222 2064 5278 Ca-

487 5332 610 5388 ptae
631 5318 778 5370 enim
808 5325 864 5399 et
894 5315 1186 5370 Beneventi
1216 5315 1538 5385 proceribus
1565 5316 1636 5369 ita
1664 5323 1880 5370 secreto
1904 5314 2063 5369 iniit:

488 5409 645 5481 Regis
669 5410 806 5464 vobis
843 5426 1097 5463 arcanum
1138 5411 1252 5466 ιιοΙο
1282 5412 1492 5480 aperire
1521 5427 1538 5463 :
1569 5424 1748 5462 vereor
1775 5414 1953 5462 autem
1981 5423 2064 5471 ne,

488 5503 536 5554 ei
565 5502 831 5562 detexero.
885 5501 1006 5555 inde
1034 5504 1157 5557 mihi
1207 5500 1499 5571 periculum
1528 5511 1754 5551 creetur.
1785 5497 1894 5552 Illis
1913 5497 2069 5567 jure-

486 5595 724 5670 jurando
753 5596 1151 5651 allirmantibus
1187 5593 1393 5650 nemini
1423 5606 1482 5648 se
1514 5591 1833 5646 detecturos
1873 5605 1995 5661 qum
2025 5592 2069 5647 is

2170 4555 2474 4649 λυμήνατο.
2502 4573 2708 4644 Γράφει
2737 4565 2829 4623 οὖν
2859 4570 2886 4621 6
2919 4565 3172 4637 βασιλεὺς
3201 4561 3278 4632 τῷ
3312 4559 3442 4632 ῥηγὶ
3471 4555 3754 4649 Φραγγίας

2173 4668 2543 4738 ἐπικουρῆσαι
2574 4662 2650 4734 τῷ
2691 4662 2782 4715 ὑπ’
2809 4660 2975 4714 αὐτοῦ
3015 4656 3376 4713 ἀποσταλέντι
3411 4651 3583 4715 στόλῳ
3612 4647 3754 4698 κατὰ

2174 4761 2282 4814 τῶν
2327 4733 2668 4828 Ἀ-γαρηνῶν.
2706 4753 2813 4806 Καὶ
2847 4752 2912 4821 δὴ
2960 4749 3199 4816 πολέμου
3240 4739 3596 4828 κροτηθέντος
3637 4733 3754 4828 cili-

2179 4869 2369 4905 σκεται
2401 4822 2532 4920 μέν,
2558 4848 2619 4900 τὸ
2657 4847 2893 4914 κάστρον
2932 4843 3025 4893 καὶ
3057 4842 3087 4907 ἡ
3135 4836 3308 4907 χώρα,
3497 4823 3626 4920 *μὴν
3658 4822 3751 4920 καὶ

2176 4945 2335 5007 αὐτὸς
2364 4943 2390 4995 6
2411 4912 2686 5001 ‘22:).8av6;
2724 4912 2818 4990 καί
2858 4935 2886 4986 6
2914 4933 3004 4984 ὑπ’
3037 4927 3198 4980 αὑτὸν
3237 4922 3385 4983 λαός.
3417 4916 3616 4970 Τοῦτον
3659 4912 3750 5007 τὸν

2175 5036 2443 5092 Σαλδανὺν
2473 5035 2499 5086 6
2529 5029 2629 5102 ρὴξ
2655 5031 2710 5082 ὲν
2738 5024 2940 5092 Καπύῃ
2967 5019 3190 5084 ἀπάγει,
3216 5015 3309 5067 καὶ
3335 5013 3426 5065 ἐπί
3449 5007 3648 5062 διετίαν
3673 5004 3753 5074 τῷ

2179 5128 2310 5202 ῥηγὶ
2346 5125 2520 5179 συνὼν
2560 5117 2875 5190 παρρησίας
2902 5113 2993 5165 καὶ
3047 5108 3467 5171 συνδιαιτήσεως
3495 5099 3750 5167 ὲπέλαχε,

2187 5195 2244 5276 Ὅ
2268 5195 2334 5274 δὲ
2379 5216 2686 5285 πανοῦργος
2733 5209 2806 5261 ὣν
2841 5210 2904 5258 ἐκ
2937 5205 3036 5273 τῆς
3071 5203 3272 5271 ἐτέρων
3313 5198 3564 5266 διαϐολῆς
3614 5195 3756 5261 ἔγνω

2177 5313 2454 5384 σωτηρίαν
2501 5304 2676 5373 ἐαυτῷ
2725 5295 3278 5370 πραγματεύσασθαι.
3332 5294 3456 5356 Τοῖς
3508 5290 3614 5359 γὰρ
3657 5288 3758 5384 dp—

2177 5381 2341 5478 γουσι*
2387 5399 2623 5466 Καπύης
2677 5395 2770 5448 καὶ
2803 5390 3124 5446 Βενεϐενδοῦ
3163 5391 3312 5457 λέγει
3343 5391 3399 5439 ὲν
3436 5381 3750 5455 μυστηρίῳ*

2176 5501 2476 5563 Βούλομαι
2511 5489 2654 5558 ὑμῖν
2682 5488 2872 5542 εἰπεῖν
2901 5486 3242 5554 ἀπῷρητον
3281 5481 3600 5546 ,βούλευμα
3651 5474 3755 5527 τοῦ

2169 5590 2385 5658 ﬁrm-oc,
2443 5583 2681 5638 δέδοικα
2710 5582 2778 5636 δὲ
2821 5583 2926 5636 τὸν
2971 5581 3039 5634 ἐκ
3085 5577 3408 5648 μηνύσεως
3440 5570 3750 5625 κίνδυνον.

1789 5679 2026 5735 VARUE
2065 5676 2470 5736 LECTIONES.

565 5773 613 5805 ⁷³
649 5775 734 5843 ἐφ’
763 5767 825 5829 οὗ
858 5791 1042 5845 margo
1077 5773 1135 5826 Γ.

1215 5774 1259 5805 ⁷⁵
1281 5772 1486 5826 στολίαι
1513 5772 1572 5840 Ρ,
1610 5773 1890 5827 αὖστολίαι
1921 5775 2059 5830 alter
2086 5773 2398 5829 Comiwlisii
2435 5771 2627 5827 codex.
