4124 6458
406 357 509 421 759

1630 354 2014 416 SYMEONIS
2060 357 2432 415 MAGISTRI

3557 350 3661 411 71ῖο

405 470 558 523 vatio
585 468 731 523 Cilla
785 468 1091 537 elegantem
1141 468 1442 523 fabricatus
1474 468 1644 522 Leoni
1681 470 1866 531 tradit,
1901 470 1987 523 di—

2109 472 2249 532 ιίλως
2280 468 2648 531 ἐπισκευάσας
2681 468 2862 520 δίδωσι
2893 466 2970 536 τῷ
3013 468 3220 531 Λέοντι,
3256 466 3426 519 εἰπών
3448 483 3462 498 ο
3517 464 3664 520 Οἶδα

405 574 536 613 cens
563 577 576 611 :
608 558 717 612 Scis
750 557 893 611 haud
926 574 1049 611 raro
1081 560 1219 611 inter
1253 559 1552 612 venandum
1598 561 1652 613 in
1682 560 1900 614 bestiam
1932 568 1981 613 te

404 650 574 703 solum
601 650 848 714 inridere,
880 667 1101 720 cumque
1128 650 1258 703 desit
1283 650 1489 721 gladius
1510 651 1579 704 ad
1599 652 1979 722 jugulandum,

406 742 497 793 tibi
527 756 643 793 eam
669 741 864 809 perire.
898 739 1049 793 Hunc
1084 757 1207 811 ergo
1236 748 1437 810 gestata
1469 756 1486 793 :
1518 741 1651 809 forte
1682 742 1840 793 etiam
1879 742 1981 792 im-

403 842 616 899 perator
640 839 793 903 pater
811 840 933 885 tuas
956 833 1234 886 consilium
1266 832 1524 886 laudabit.
1562 831 1836 886 Credulus
1853 844 1984 899 ergo

404 924 780 978 scelestissimi
819 924 1015 993 capitis
1039 921 1223 978 verbis
1246 924 1356 977 Leo
1379 922 1621 993 gladium
1652 921 1839 975 sumit.
1858 922 1986 978 Abit

404 1031 537 1084 ergo
564 1015 709 1069 dolis
739 1024 1006 1070 consutus
1045 1013 1476 1077 Santabarenus,
1510 1012 1673 1082 eique
1715 1012 1860 1081 apud
1894 1028 1985 1081 pa—

408 1114 546 1159 trem
572 1107 783 1159 crimen
808 1107 1086 1160 intentans
1125 1120 1138 1157 :
1169 1104 1293 1169 Leo,
1337 1104 1535 1174 inquit,
1568 1104 1713 1171 ﬁlius
1755 1113 1872 1157 tuus
1904 1105 1982 1156 si-

408 1215 526 1250 cam
558 1206 746 1268 gestat,
778 1215 839 1250 ac
864 1214 980 1249 cum
1009 1195 1150 1249 solus
1196 1206 1366 1249 tecum
1404 1195 1720 1260 versabitur,
1754 1196 1891 1265 {acto
1932 1195 1984 1246 in

410 1299 458 1339 ιη»
492 1292 688 1360 impetu
721 1290 1102 1343 rontrncidabit
1131 1306 1192 1342 ac
1211 1288 1501 1359 jugulabit.
1534 1287 1781 1342 Audiens
1811 1287 1986 1355 impe-

413 1397 581 1447 rator,
620 1383 917 1451 habitaque
958 1382 1034 1436 rei
1067 1380 1316 1452 diligenti
1358 1380 1735 1450 inquisitione,
1765 1393 1830 1433 ac
1858 1393 1985 1432 cum

410 1497 469 1534 se
512 1480 586 1532 ita
638 1492 751 1531 rem
794 1476 1001 1530 habere
1034 1476 1357 1540 invenisset,
1396 1474 1451 1528 in
1481 1472 1770 1543 Margarita
1798 1472 1988 1527 oculo-

410 1588 531 1625 rum
592 1570 777 1625 lumen
825 1569 1189 1638 adempturus
1224 1568 1470 1631 inclusit,
1524 1566 1579 1620 ni
1634 1565 1863 1621 Pbotius
1892 1581 1989 1635 pa-

410 1664 647 1718 triarcha
677 1662 881 1731 aliique
920 1662 1104 1731 plures
1137 1659 1402 1714 senatorii
1432 1657 1664 1723 ordinis,
1695 1657 1985 1712 consilium

412 1755 721 1811 istiusmodi
767 1754 1146 1823 dissipassent.
1197 1751 1400 1808 Leonis
1444 1749 1777 1805 domesticos
1802 1764 1993 1804 omnes

411 1848 507 1902 diu
540 1848 883 1915 multumque
919 1844 1284 1909 excruciatos,
1337 1858 1463 1897 cum
1498 1842 1635 1896 nihil
1687 1840 1746 1896 in
1793 1841 1875 1895 eis
1906 1842 1994 1894 in-

413 1939 607 1993 tentati
634 1936 884 1991 criminis
914 1934 1392 2006 deprehendisset,
1425 1934 1709 2005 relegavit.
1740 1932 1851 1987 Leo
1880 1932 1994 2002 ipse

413 2046 631 2085 menses
666 2039 777 2083 tres
824 2040 1054 2100 paterno
1081 2028 1341 2083 exclusus
1366 2028 1534 2097 698
1562 2035 1884 2096 conspectu,
1924 2026 1998 2078 lu-

413 2140 548 2193 gens
571 2124 972 2192 deploransque
1018 2136 1081 2175 ac
1116 2121 1327 2175 crebris
1362 2119 1612 2189 epistolis
1648 2118 1997 2188 imperatoris

413 2216 765 2271 clementiam
804 2215 1050 2284 pulsans,
1080 2212 1282 2282 exegit.
1312 2210 1555 2265 Solemni
1580 2217 1762 2264 autem
1790 2208 1846 2263 S.
1866 2209 1999 2263 Elia:

416 2309 528 2372 die,
558 2309 703 2376 quod
740 2309 1042 2376 imperator
1085 2320 1280 2373 magna
1317 2304 1371 2358 in
1403 2318 1531 2358 eum
1570 2303 1675 2357 ﬁde
1701 2302 1999 2371 impensio-

416 2399 575 2468 rique
625 2397 887 2466 religione
926 2396 1103 2464 ipsum
1152 2393 1383 2454 coleret,
1443 2407 1542 2461 per
1587 2391 1735 2445 hunc
1775 2389 1998 2444 modum

417 2491 529 2547 Leo
548 2500 775 2560 paterno
800 2486 1118 2557 conspectui
1138 2487 1387 2541 redditus
1403 2495 1517 2541 est:
1546 2486 1677 2539 Erat
1703 2485 1820 2538 avis
1848 2499 2001 2553 quat-

418 2584 544 2638 dam
590 2582 828 2653 quasillo
871 2580 1113 2633 viminco
1159 2577 1308 2648 regio
1350 2577 1404 2631 in
1442 2576 1679 2631 triclinio
1718 2591 1748 2631 e
1796 2576 2003 2646 pariete

423 2673 682 2745 pendula,
714 2670 913 2725 animal
952 2685 1084 2724 sane
1117 2668 1398 2730 aemulum,
1435 2667 1838 2737 multiplicique
1868 2680 2003 2720 voce

426 2763 704 2819 reddenda
743 2762 1000 2815 idoneum
1035 2780 1048 2814 :
1085 2760 1379 2828 psittacum
1408 2766 1624 2812 vocant.
1652 2756 1798 2820 Haec,
1833 2756 1948 2810 sive
1972 2770 2002 2808 a

424 2857 751 2927 quibusdam
776 2854 1047 2925 praedocta
1074 2854 1190 2908 sive
1217 2852 1377 2907 aliter
1398 2850 1621 2905 inducta
1651 2849 1851 2915 fuerat,
1878 2863 2006 2902 cre-

427 2952 524 3004 bro
572 2950 744 3003 illud:
801 2946 935 3009 Heu,
995 2954 1114 3011 neu,
1163 2944 1373 2998 domine
1424 2942 1548 3007 Leo,
1604 2940 2003 2996 inclamitahat.

2085 562 2174 614 ὅτι
2221 559 2519 625 πολλάκις
2560 562 2648 625 εις
2699 558 2992 626 κυνήγιον
3034 558 3311 626 ἐμπίπτει
3361 572 3462 610 σοι
3515 557 3664 617 ζῶον

2081 654 2267 721 μόνῳ,
2296 652 2393 703 καὶ
2417 651 2503 720 μὴ
2532 651 2688 718 ἔχων
2710 649 3013 717 μάχαιραν
3035 648 3264 717 σφάξαι
3296 648 3444 701 αὐτὸ
3471 649 3662 703 tlde-

2084 749 2281 798 λυται.
2310 742 2578 803 Βάσταζε
2598 739 2716 796 οὖν
2739 744 2906 795 αὐτό.
2949 743 3127 805 Ἴσως
3167 740 3263 792 καὶ
3296 743 3329 793 ό
3361 739 3665 804 ,ϐασιλεὺς

2086 839 2117 890 o'
2149 835 2346 904 πατήρ
2384 850 2500 889 σου
2532 833 2839 887 ἐπαινέσει
2874 850 2996 887 σοι.
3030 832 3282 895 Πεισθεὶς
3306 828 3400 885 οὖν
3425 832 3502 901 τῷ
3532 831 3665 885 ἀλά-

2088 947 2240 999 στορι
2287 932 2316 982 6
2350 929 2500 983 Λέων
2547 927 2815 995 λαμὸάνει
2848 927 2949 996 τὴν
2999 926 3295 995 μάχαιραν.
3336 926 3665 993 Ἀπέρχεται

2085 1021 2177 1075 οὖν
2221 1023 2248 1074 6
2286 1021 2457 1083 δόλιος
2505 1020 2945 1087 Σανταῦαρηνὸς,
3004 1022 3099 1070 καὶ
3156 1016 3432 1070 διαϐάλλει
3473 1016 3665 1068 τοῦτον

2090 1113 2226 1182 πρὸς
2269 1112 2360 1165 τὸν
2387 1112 2603 1182 πατέρα
2646 1110 2833 1173 αὐτοῦ,
2871 1111 2947 1172 ῶς
2992 1110 3054 1163 '0
3090 1108 3255 1164 Λέων
3300 1111 3332 1162 ό
3374 1108 3507 1173 υἱός
3546 1124 3667 1162 σου

2089 1206 2465 1275 παραμήριον
2488 1203 2796 1268 βαστάζει,
2829 1203 2927 1255 καὶ
2957 1202 3140 1270 ἡνίκα
3164 1199 3497 1269 μοναζευθῇ
3521 1199 3669 1268 μετά

2089 1297 2224 1360 σοῦ,
2270 1294 2460 1365 ὁμμᾷν
2486 1295 2613 1362 ἔχει
2640 1294 2748 1347 τοῦ
2786 1293 3013 1361 σφάξαι
3047 1309 3139 1346 σε.
3179 1290 3349 1343 Τοῦτο
3378 1291 3616 1351 ἀκούσας
3643 1291 3671 1341 6

2093 1390 2345 1459 βασιλεὺς
2368 1389 2460 1439 καὶ
2492 1389 2791 1456 ἐρευνήσας
2822 1386 2917 1437 καὶ
2944 1384 3118 1454 εὑρὼν
3154 1383 3480 1436 ἀπέκλεισεν
3508 1382 3670 1433 αὐτὸν

2094 1484 2149 1532 ἐν
2208 1478 2286 1549 τῷ
2333 1479 2684 1546 Μαργαρὶτῃ,
2740 1474 3055 1543 βουλόμενος
3101 1473 3470 1541 ἐκτυφλῶσαι,
3517 1473 3565 1525 εἰ
3596 1472 3671 1543 μὴ

2091 1573 2293 1634 Φώτιος
2340 1572 2367 1624 6
2419 1570 2762 1639 πατριάρχης
2798 1568 2912 1636 μετ’
2944 1566 3121 1620 ἄλλων
3154 1565 3366 1617 πολλῶν
3400 1565 3500 1631 τῆς
3536 1580 3671 1632 συγ⁴

2096 1667 2294 1735 κλήτου
2322 1664 2481 1716 τοῦτο
2513 1661 2887 1714 διεσκέδασαν.
2919 1659 3004 1730 [Ρ.
3048 1658 3176 1727 460]
3212 1659 3350 1719 Τοὺς
3375 1658 3433 1709 δὲ
3459 1656 3671 1726 ἀνθρὼ-

2096 1776 2231 1820 πους
2263 1756 2428 1809 αὑτοῦ
2471 1755 2677 1815 πάντας
2708 1752 2881 1805 πολλὰ
2914 1752 3260 1820 τιμωρήσας,
3303 1749 3377 1812 ὡς
3404 1749 3556 1801 οὐδὲν
3581 1749 3677 1801 εὑ-

2099 1851 2231 1921 ρέθη
2252 1850 2349 1918 τῆς
2380 1847 2717 1916 κατηγορίας
2746 1844 2966 1916 ἀληθὲς,
3003 1843 3285 1913 ἐξώρισεν.
3333 1840 3585 1911 Ἐποίησε
3619 1840 3678 1892 δὲ

2096 1941 2205 1995 ἀπὸ
2232 1941 2408 2009 ὅψεως
2440 1939 2617 2009 μῆνας
2648 1938 2816 2006 τρεῖς,
2854 1934 3071 2004 θρηνῶν
3104 1933 3197 1987 καὶ
3224 1932 3550 2003 ὀδυρόμενος
3583 1929 3680 1981 καὶ

2096 2034 2163 2087 δι’
2208 2032 2509 2086 ἐπιστολῶν
2565 2029 2776 2082 πολλῶν
2826 2027 3097 2080 δυσωπῶν
3134 2024 3227 2078 τὸν
3270 2023 3520 2093 βασιλέα.
3568 2023 3680 2076 Καὶ

2096 2129 2196 2194 τῆς
2225 2125 2421 2196 ἑορτῆς
2453 2123 2545 2177 τοῦ
2575 2122 2732 2191 ἁγίου
2779 2120 2964 2173 Ἢλιοὺ
2997 2119 3304 2187 φθασάσης,
3344 2115 3466 2169 ἐπεὶ
3498 2115 3680 2171 πίστιν

2103 2220 2345 2290 μεγάλην
2371 2218 2527 2286 ἔσχεν
2556 2220 2583 2269 6
2623 2214 2877 2284 βασιλεὺς
2909 2216 2989 2276 εἰς
3019 2212 3110 2265 τὸν
3140 2212 3318 2278 ἅγιον,
3349 2208 3681 2277 ἀποσυνοψί-

2102 2313 2183 2376 ζει
2213 2312 2364 2365 Λέων
2401 2310 2479 2381 τῷ
2516 2308 2703 2379 τρόπῳ
2731 2305 2909 2375 τούτῳ
2932 2320 2947 2333 °
2989 2300 3100 2357 Ἦν
3126 2320 3177 2357 τι
3212 2302 3354 2367 ζῶον
3393 2301 3595 2372 πτηνὸν
3624 2302 3684 2354 ὲιν

2100 2403 2319 2472 ταλάρῳ
2348 2399 2564 2469 πλεκτῷ
2595 2398 2736 2451 κατὰ
2776 2396 2844 2451 τὰ
2888 2396 3138 2465 βασίλεια
3168 2394 3565 2465 αἰωρούμενον,
3591 2408 3684 2462 μι-

2105 2495 2274 2565 μηλὸν
2306 2494 2404 2547 καὶ⁷
2433 2492 2772 2558 πολύφωνον,
2803 2489 2830 2541 ὃ
2860 2486 3126 2558 ψιττακὸς
3167 2486 3512 2555 ὀνομάζεται,
3546 2484 3684 2554 ὅπερ

2106 2588 2217 2640 εἴτε
2247 2585 2383 2655 πρός
2414 2600 2575 2636 τινων
2609 2581 2858 2651 διδαχθὲν
2898 2582 2995 2633 εἰτ’
3027 2579 3202 2642 ἄλλως
3242 2595 3360 2640 πως
3400 2578 3683 2640 πολλάκις,

2104 2679 2176 2732 Ai
2200 2677 2280 2740 αἲ.
2315 2677 2478 2744 κύριε
2518 2674 2703 2740 Λέων,
2733 2671 3054 2742 ἐφθέγγετο.
3106 2669 3431 2731 Πανδαισίας
3459 2668 3515 2720 δέ
3556 2682 3688 2720 ποτε

2105 2770 2436 2840 τελουμένης
2466 2768 2544 2837 τῷ
2572 2766 2799 2838 βασιλεῖ,
2829 2768 2928 2819 καὶ
2954 2765 3062 2818 τῶν
3098 2764 3332 2835 πρώτων
3358 2766 3457 2833 τῆς
3491 2760 3688 2830 βουλῆς

2109 2860 2559 2931 συνεστιωμένων
2583 2859 2753 2930 αὐτῷ,
2774 2858 2980 2911 καὶτοῦ
3006 2855 3218 2928 ὄρνιθος
3239 2854 3500 2917 πολλάκις
3525 2852 3691 2922 φθεγο

2108 2975 2172 3025 γο
2181 2956 2344 3025 μένου
2361 2953 2421 3008 τὸ
2440 2952 2770 3025 προρρηθὲν,
2790 2950 3285 3017 ὶπιστυγνάσαντες
3303 2950 3351 3001 οἱ
3370 2948 3692 3016 δαιτυμόνες

425 3041 766 3111 Quandoque
826 3040 993 3108 igitur
1045 3037 1315 3092 instructo
1369 3034 1693 3104 imperatori
1726 3030 2001 3089 convivio.

2110 3048 2203 3100 καὶ
2224 3046 2325 3114 τῆς
2356 3045 2592 3115 εὐωχίας
2623 3042 2966 3112 παυσάμενοι
3000 3041 3093 3093 ἐπὶ
3120 3041 3371 3102 συννοίας
3401 3038 3690 3108 ἐκάθηντο.

427 3144 757 3203 senatusque
791 3132 1119 3203 proceribus
1161 3130 1229 3184 ad
1262 3129 1453 3199 epulas
1491 3139 1846 3194 mensamque
1878 3138 2009 3177 con-

428 3228 759 3289 sidentibus,
806 3241 932 3279 cum
967 3224 1084 3279 avis
1113 3238 1278 3293 quam
1310 3221 1559 3275 dicebam
1605 3218 1837 3272 nzeniam
1884 3230 1999 3270 cre-

431 3321 583 3374 hrius
611 3321 954 3387 loqueretur,
986 3317 1042 3370 in
1082 3315 1361 3369 tristitiam
1394 3313 1536 3367 versi
1573 3311 1818 3365 convivae
1847 3308 2011 3363 cibis-

429 3428 536 3482 que
562 3412 904 3465 abstinentes
934 3408 1137 3462 morosi
1167 3406 1450 3460 sedebant.
1485 3400 1887 3457 Animadvertit
1910 3401 2011 3453 im-

430 3513 675 3571 perator,
710 3516 1042 3569 causamque
1090 3500 1423 3553 sciscitatur.
1473 3497 1554 3550 Ad
1599 3510 1762 3565 quem
1804 3494 1881 3548 illi
1937 3494 2015 3547 la-

432 3595 623 3651 erimis
646 3594 849 3662 oppleti
886 3611 898 3645 :
936 3591 1100 3656 Quas,
1132 3591 1310 3653 aiunt,
1347 3589 1507 3658 dapes
1552 3604 1841 3652 sumemus,
1895 3586 2015 3656 qni-

436 3689 529 3741 bus
554 3688 627 3739 sic
652 3697 797 3737 muta
830 3684 1076 3737 animans
1105 3682 1401 3751 exprobret,
1446 3681 1536 3750 qui
1576 3683 1782 3732 ratione
1811 3678 2016 3749 μναιάὶιί

439 3795 501 3831 ac
521 3777 717 3830 domini
750 3784 988 3829 amantes
1012 3773 1333 3828 videamur?
1361 3790 1478 3826 cum
1513 3774 1587 3825 sic
1617 3771 1714 3825 illa
1746 3774 2016 3824 dominum

441 3878 661 3931 revocet,
705 3884 796 3921 nos
828 3884 948 3921 vero
985 3868 1039 3921 in
1069 3866 1267 3919 deliciis
1303 3874 1514 3935 agentes
1549 3865 1661 3934 ejus
1694 3865 1914 3917 insontis
1940 3865 2017 3916 vi-

439 3960 627 4013 deatur
649 3959 834 4012 oblivio
858 3958 1084 4027 cepisse;
1106 3958 1151 4010 si
1174 3958 1313 4010 enim
1346 3957 1560 4025 injuria:
1590 3970 1709 4007 reus
1731 3955 2019 4023 deprehen-

439 4053 583 4105 ditur
626 4060 717 4105 ant
763 4052 819 4105 in
860 4058 1141 4121 paternam
1194 4059 1351 4120 caput
1406 4049 1677 4102 dexteram
1712 4047 2021 4101 instruxisse

440 4146 777 4215 con’peritur,
807 4160 925 4197 eam
954 4160 1046 4197 nos
1082 4144 1177 4209 ipsi
1200 4158 1380 4195 omnes
1411 4140 1856 4202 contrucidemus,
1883 4140 2025 4209 ejus-

440 4254 541 4306 que
575 4254 814 4291 cruorem
838 4235 1128 4290 insatiabili
1162 4235 1413 4288 aviditate
1440 4233 1724 4301 fundamus
1754 4246 1770 4285 :
1800 4232 1881 4284 sin
1923 4232 2024 4283 mi-

444 4348 563 4389 nus,
597 4328 851 4399 quamdiu
880 4329 936 4381 in
964 4344 1083 4380 eum
1115 4325 1398 4378 calumnia:
1430 4325 1593 4375 tincta
1617 4339 1811 4376 veneno
1845 4321 2025 4389 lingua

2112 3135 2207 3201 Οἷς
2234 3136 2516 3207 προσέχων
2536 3138 2565 3189 6
2598 3135 2852 3204 βασιλεὺς
2882 3136 2981 3206 τὴν
3017 3133 3197 3188 αἰτίαν
3228 3132 3578 3186 ἐπυνθάνετο.
3628 3134 3692 3186 Οἱ

2112 3235 2170 3287 δὲ
2221 3233 2471 3304 δακρύων
2520 3230 2983 3301 ὑποπλησθὲντες,
3038 3228 3181 3283 Τίνα
3220 3228 3477 3296 βρῶσιν,
3513 3224 3692 3291 εἷπον,

2114 3324 2477 3394 φαγούμεθα,
2509 3322 2697 3385 οὕτως
2727 3321 2844 3375 ὑπὸ
2872 3320 2944 3387 τῇ
2975 3319 3142 3389 φωνῇ
3176 3320 3285 3374 τοῦ
3310 3320 3537 3387 ἀλόγου
3566 3320 3698 3371 τού-

2115 3434 2222 3469 του
2249 3412 2667 3481 ὀνειδιζόμενοι
2699 3415 2752 3465 οἱ
2778 3411 3106 3472 δοκοῦντες
3139 3409 3309 3478 ἡμεῖς
3335 3409 3565 3476 λογικοὶ
3600 3409 3699 3462 καὶ

2116 3507 2565 3576 φιλοδέσποτοι,
2606 3503 2694 3555 ὅτι
2732 3503 2880 3555 αὐτὸ
2921 3502 3039 3570 μὲν
3081 3501 3188 3554 τὸν
3231 3500 3455 3554 οἰκεῖον
3485 3501 3699 3554 ἀνακα-

2117 3597 2305 3649 λεῖται
2334 3594 2659 3658 δεσπότην,
2695 3592 2868 3659 ἡμεῖς
2891 3591 2957 3644 δὲ
2989 3592 3331 3660 τρυφῶντες
3368 3591 3566 3658 λήθην
3592 3591 3699 3645 τοῦ

2114 3688 2199 3758 μὴ
2232 3684 2639 3752 ἀδικήσαντος
2668 3685 2970 3738 δεσπότου
2997 3684 3325 3752 ἑλάϐομεν;
3355 3682 3422 3738 Ei
3444 3682 3561 3750 μὲν
3589 3681 3696 3750 γὰρ

2120 3780 2429 3848 ἐλέγχεται
2470 3776 2696 3831 ἀδικῶν
2728 3777 2827 3829 καὶ
2864 3776 3013 3828 κατὰ
3044 3774 3149 3841 τῆς
3187 3772 3475 3843 πατρικῆς
3519 3788 3698 3839 κερα-

2122 3874 2240 3940 λῆς
2290 3871 2652 3939 εὐτρεπίσας
2694 3870 2809 3935 τὴν
2853 3867 3083 3933 δεξιὰν,
3122 3870 3463 3936 αὐτόχειρες
3514 3863 3699 3918 αὐτοῦ

2122 3963 2295 4031 ἡμεῖς
2330 3960 2556 4025 πάντες
2595 3958 2916 4028 γενώμεθα,
2953 3958 3053 4011 καὶ
3084 3957 3191 4011 τοῦ
3225 3959 3474 4026 αἵματος
3519 3954 3705 4009 αὐτοῦ

2119 4055 2205 4125 μὴ
2227 4050 2539 4121 λαϐώμεθα
2565 4053 2763 4117 κόρον.
2794 4049 2978 4119 Μέχρι
3002 4050 3045 4082 ⁷⁵
3069 4050 3235 4114 τινος
3268 4050 3305 4117 ἠ
3336 4045 3709 4115 συκοφάντις

2124 4144 2379 4215 γλῶσσα
2424 4143 2552 4196 κατ’
2594 4141 2783 4197 αὐτοῦ
2825 4141 3352 4210 δυναμωθήσεταις
3392 4138 3707 4208 Μαλαχθεὶς

2126 4237 2219 4291 οὖν
2248 4239 2362 4301 τοῖς
2388 4235 2652 4297 τοιούτοις
2684 4234 2859 4302 λόγοις
2896 4235 2924 4286 6
2957 4233 3211 4303 βασιλεὺς
3246 4232 3365 4285 τότε
3401 4231 3502 4302 μὲν
3542 4230 3710 4283 καθε-

2133 4332 2325 4399 σθῆναι
2370 4328 2593 4389 τούτους
2640 4326 2974 4395 προσέταξεν
3015 4326 3108 4379 ml.
3144 4324 3421 4394 σκοπῆσαι
3452 4324 3580 4395 περὶ
3615 4322 3711 4375 τοῦ

442 4421 788 4492 priuauit-bit?
822 4418 1138 4472 Istiusmodi
1175 4415 1362 4469 verbis
1398 4414 1615 4467 mitiore
1640 4423 1882 4467 mutatus
1924 4413 2006 4465 im.

2131 4422 2458 4491 πράγματος
2483 4421 2875 4490 ἐπηγγείλατο.
2916 4417 3051 4473 Μετ’
3080 4418 3143 4471 οὐ
3188 4418 3322 4472 πολὺ
3355 4416 3413 4469 δὲ
3444 4416 3583 4488 πρὸς
3611 4414 3713 4484 τὴν

446 4520 683 4582 perator,
725 4521 854 4565 tunc
901 4508 1120 4577 quidem
1166 4508 1362 4561 sedere
1393 4521 1490 4559 eos
1515 4504 1679 4575 jussit
1718 4521 1781 4559 ac
1814 4520 1872 4559 se
1908 4521 2021 4558 rem

448 4603 823 4655 discussurum
872 4600 1145 4669 promisit.
1175 4599 1285 4652 Nec
1308 4598 1401 4652 diu
1436 4606 1557 4667 post
1586 4596 1651 4651 ad
1684 4598 1905 4667 genium
1938 4597 2024 4649 in-

449 4696 739 4764 dolemque
767 4710 1019 4748 reversus
1056 4710 1085 4747 e
1117 4709 1337 4747 carcere
1374 4693 1633 4747 eductum
1668 4692 1907 4745 Leonem
1942 4689 2024 4744 sui

450 4796 746 4855 conspectu
770 4785 932 4856 699
953 4786 1139 4848 donat,
1168 4796 1453 4855 mutatque
1482 4794 1690 4838 vestem
1713 4783 2024 4852 lugubrem,

449 4892 512 4935 ac
551 4878 885 4947 superﬂuum
927 4894 988 4931 ex
1024 4894 1257 4932 mcerore
1310 4878 1633 4946 capillorum
1668 4890 1809 4928 onus
1850 4874 2031 4928 levare

443 4973 644 5039 jubens
674 4970 739 5025 ad
778 4971 1070 5040 pristinum
1122 4971 1282 5039 regiae
1325 4969 1607 5038 dignitatis
1650 4966 1876 5036 gradum
1912 4966 2028 5021 cul-

455 5075 679 5132 tumque
713 5072 951 5118 revocat.
979 5064 1122 5116 Inter
1151 5063 1453 5116 solemnem
1480 5076 1609 5112 vero
1632 5059 1686 5113 S.
1714 5060 1844 5112 Elia:
1874 5075 2030 5127 pont-

455 5170 575 5224 pam
609 5153 856 5207 videntes
887 5170 1013 5207 cum
1045 5153 1229 5223 populi
1261 5166 1325 5204 ac
1357 5150 1624 5204 factiones
1648 5149 2032 5217 gratulabundi

453 5245 784 5307 rlaiuubant,
841 5244 1024 5301 Gloria
1073 5244 1184 5307 tibi,
1222 5242 1358 5295 Dcas
1388 5241 1406 5293 !
1440 5242 1515 5295 Ad
1541 5257 1680 5309 quos
1712 5242 2031 5310 imperator,

454 5336 619 5388 Deum
659 5337 993 5406 glori/iratis,
1035 5334 1368 5405 gratulantes
1410 5351 1503 5403 pro
1536 5334 1649 5402 ﬁlio
1682 5333 1837 5386 meo?
1866 5332 2035 5386 Multa

456 5427 519 5479 ab
545 5445 602 5480 eo
637 5428 778 5482 mala
810 5428 1152 5491 sustinebitis,
1170 5428 1381 5495 diesque
1401 5442 1639 5479 wrumna
1666 5426 1844 5495 plenos
1870 5435 2034 5475 trans-

459 5523 625 5593 igctis.

530 5617 617 5669 2‘2.
657 5616 815 5669 Anno
871 5614 1054 5668 Basilii
1104 5615 1317 5683 imperii
1365 5616 1578 5670 decimo
1615 5632 1760 5668 nono
1807 5613 2044 5667 Joannes

2132 4516 2295 4585 φύσιν
2323 4511 2639 4567 ἐπανελθὼν
2663 4512 2848 4580 ἐξάγει
2871 4529 2931 4565 τε
2972 4512 3073 4581 τῆς
3097 4512 3342 4583 φρουρᾶς
3377 4511 3469 4563 καὶ
3490 4512 3570 4572 εἰς
3590 4508 3715 4577 ὄψιν

2134 4608 2256 4674 ἄγει
2288 4606 2473 4670 αὐτὸν,
2499 4606 2594 4659 καὶ
2614 4604 2714 4674 τὴν
2745 4602 3007 4674 πένθιμον
3041 4603 3262 4674 ἀμείϐει
3301 4602 3516 4672 στολὴν,
3539 4599 3715 4653 καὶτὸ

2138 4698 2387 4768 περιττὸν
2407 4698 2506 4765 τῆς
2527 4699 2585 4748 ὲν
2613 4698 2679 4766 τῇ
2703 4696 2851 4767 λύπῃ
2881 4696 3184 4766 τραφεισης
3212 4694 3390 4762 κόμης
3426 4705 3716 4758 περιαιρε-

2139 4790 2297 4860 θῆναι
2326 4790 2558 4853 κελενᾶει,
2587 4789 2683 4842 καὶ
2707 4789 2806 4860 τὴν
2833 4789 3107 4858 προτέραν
3134 4787 3231 4855 τῆς
3259 4780 3535 4853 βασιλείας
3561 4777 3716 4840 τάξιν

2142 4884 2236 4934 καὶ
2286 4881 2452 4953 τιμὴν
2512 4881 2827 4935 ἀποδίδωσι.
2884 4880 2994 4933 Καὶ
3050 4877 3150 4947 τῆς
3193 4868 3567 4944 προιλεύσεως
3617 4866 3714 4921 τοῦ

2139 4977 2297 5044 ἁγίου
2345 4976 2527 5027 Ἠλιοῦ
2564 4975 2865 5043 γενομένης
2905 4970 3104 5030 ἰδόντες
3150 4966 3314 5019 αὐτὸν
3348 4966 3395 5016 οἱ
3441 4963 3561 5014 λαοὶ
3583 4964 3715 5014 ἑπε-

2142 5067 2417 5137 φωνοῦντο
2438 5084 2451 5097 ⁸
2481 5068 2636 5131 Δόξα
2661 5082 2781 5131 σοι,
2811 5066 2844 5117 ό
2877 5061 3048 5126 Θεόςὲ
3070 5060 3178 5113 Καὶ
3206 5060 3233 5111 6
3256 5058 3509 5130 βασιλεὺς
3541 5050 3716 5109 εἶπεν*

2140 5157 2419 5222 Δοξίὶζετε
2452 5160 2559 5211 τὸν
2591 5151 2915 5221 Θεὸν-ὐπέρ
2962 5152 3069 5206 τοῦ
3109 5152 3243 5205 vim“;
3281 5169 3423 5221 μου.
3480 5150 3722 5214 Πολλὰς

2140 5254 2375 5319 θλίψεις
2408 5251 2507 5304 ὑπ’
2536 5244 2724 5302 αὑτοῦ
2772 5247 2941 5313 ἔχετε
2992 5246 3309 5315 ὑπομεῖναι
3351 5244 3448 5298 καὶ
3492 5241 3721 5296 ἐπωδύ-

2141 5363 2287 5409 rom;
2309 5345 2354 5375 7“
2390 5340 2609 5408 ἡμέρας
2636 5336 2917 5391 διελθεῖν.

2225 5611 2327 5681 κβ’.
2367 5609 2457 5680 Τῷ
2510 5610 2570 5662 ιθ⁸
2618 5609 2726 5662 ἔτει
2757 5608 2919 5663 αὐτοῦ
2957 5608 3245 5676 μ;λετᾶται
3286 5606 3550 5679 ἁνταρσία
3584 5602 3730 5675 παρὰ

1754 5706 1987 5759 VARMS
2033 5706 2435 5760 LECTIUNES.

567 5801 611 5829 ⁷³
644 5799 825 5870 μέχρι]
850 5802 894 5852 εἰ
932 5800 986 5854 δὲ
1031 5800 1125 5871 μὴ,
1167 5803 1334 5873 μέχρι
1363 5803 1658 5872 interpres.

1742 5803 1783 5833 7⁵
1815 5799 2093 5861 ἐπωδῦνας
2127 5800 2307 5866 vulgo.
