  <div class='ocr_page' id='page_1' title='image "/cluster/home/n/w/nwhite01/storage/ocr_20150623/109/coo.31924054870138/388.png"; bbox 0 0 4124 6434; ppageno 0'>
   <div class='ocr_carea' id='block_1_1' title="bbox 379 321 481 393">
    <p class='ocr_par' dir='ltr' id='par_1_1' title="bbox 379 321 481 393">
     <span class='ocr_line' id='line_1_1' title="bbox 379 321 481 393; baseline -0.039 -1"><span class='ocrx_word' id='word_1_1' title='bbox 379 321 481 393; x_wconf 76' lang='lat'><strong>761</strong></span> 
     </span>
    </p>
   </div>
   <div class='ocr_carea' id='block_1_2' title="bbox 1402 317 2620 406">
    <p class='ocr_par' dir='ltr' id='par_1_2' title="bbox 1402 317 2620 406">
     <span class='ocr_line' id='line_1_2' title="bbox 1402 317 2620 406; baseline -0.002 -27"><span class='ocrx_word' id='word_1_2' title='bbox 1402 318 1793 381; x_wconf 63' lang='lat' dir='ltr'><strong>ANNALES.‘</strong></span> <span class='ocrx_word' id='word_1_3' title='bbox 1814 340 1884 355; x_wconf 84' lang='grc'><strong>-</strong></span> <span class='ocrx_word' id='word_1_4' title='bbox 1923 317 2281 406; x_wconf 67' lang='lat' dir='ltr'><strong>BASILIUS</strong></span> <span class='ocrx_word' id='word_1_5' title='bbox 2298 318 2620 378; x_wconf 80' lang='lat' dir='ltr'><strong>MACEDO.</strong></span> 
     </span>
    </p>
   </div>
   <div class='ocr_carea' id='block_1_3' title="bbox 3535 321 3642 384">
    <p class='ocr_par' dir='ltr' id='par_1_3' title="bbox 3535 321 3642 384">
     <span class='ocr_line' id='line_1_3' title="bbox 3535 321 3642 384; baseline 0.019 -3"><span class='ocrx_word' id='word_1_6' title='bbox 3535 321 3642 384; x_wconf 76' lang='grc'><strong>762</strong></span> 
     </span>
    </p>
   </div>
   <div class='ocr_carea' id='block_1_4' title="bbox 393 430 1981 502">
    <p class='ocr_par' dir='ltr' id='par_1_4' title="bbox 393 432 1959 502">
     <span class='ocr_line' id='line_1_4' title="bbox 393 432 1959 502; baseline -0.003 -10"><span class='ocrx_word' id='word_1_7' title='bbox 393 437 641 491; x_wconf 77' lang='grc' dir='ltr'><strong>Ἰωάννου</strong></span> <span class='ocrx_word' id='word_1_8' title='bbox 675 432 770 486; x_wconf 81' lang='grc' dir='ltr'>τοῦ</span> <span class='ocrx_word' id='word_1_9' title='bbox 822 432 1112 501; x_wconf 78' lang='grc' dir='ltr'>Κουρκούα</span> <span class='ocrx_word' id='word_1_10' title='bbox 1154 432 1480 502; x_wconf 81' lang='grc' dir='ltr'>ὄομεστξκου</span> <span class='ocrx_word' id='word_1_11' title='bbox 1520 434 1670 497; x_wconf 75' lang='grc' dir='ltr'>ὄντος</span> <span class='ocrx_word' id='word_1_12' title='bbox 1704 435 1813 487; x_wconf 80' lang='grc' dir='ltr'><strong>τῶν</strong></span> <span class='ocrx_word' id='word_1_13' title='bbox 1844 434 1959 487; x_wconf 75' lang='grc' dir='ltr'>ἱκα-</span> 
     </span>
    </p>
   </div>
   <div class='ocr_carea' id='block_1_5' title="bbox 2083 430 3644 502">
    <p class='ocr_par' dir='ltr' id='par_1_5' title="bbox 2083 430 3644 502">
     <span class='ocr_line' id='line_1_5' title="bbox 2083 430 3644 502; baseline 0.001 -19"><span class='ocrx_word' id='word_1_14' title='bbox 2083 430 2310 486; x_wconf 69' lang='lat' dir='ltr'><strong>Zurcuas</strong></span> <span class='ocrx_word' id='word_1_15' title='bbox 2346 432 2689 486; x_wconf 84' lang='lat' dir='ltr'><strong>icauatorum</strong></span> <span class='ocrx_word' id='word_1_16' title='bbox 2721 431 3060 487; x_wconf 83' lang='lat' dir='ltr'><strong>domesticus</strong></span> <span class='ocrx_word' id='word_1_17' title='bbox 3092 430 3437 502; x_wconf 78' lang='lat' dir='ltr'><strong>tyrannidem</strong></span> <span class='ocrx_word' id='word_1_18' title='bbox 3482 434 3644 487; x_wconf 79' lang='lat' dir='ltr'><strong>moli-</strong></span> 
     </span>
    </p>
   </div>
   <div class='ocr_carea' id='block_1_6' title="bbox 381 523 1965 594">
    <p class='ocr_par' dir='ltr' id='par_1_6' title="bbox 381 523 1965 594">
     <span class='ocr_line' id='line_1_6' title="bbox 381 523 1965 594; baseline -0.002 -16"><span class='ocrx_word' id='word_1_19' title='bbox 381 530 573 585; x_wconf 80' lang='grc' dir='ltr'>νάτων,</span> <span class='ocrx_word' id='word_1_20' title='bbox 601 523 1045 594; x_wconf 81' lang='grc' dir='ltr'>χρηματισθέντα</span> <span class='ocrx_word' id='word_1_21' title='bbox 1085 525 1235 594; x_wconf 80' lang='grc' dir='ltr'>παρᾶ</span> <span class='ocrx_word' id='word_1_22' title='bbox 1276 524 1369 577; x_wconf 79' lang='grc' dir='ltr'><strong>τοῦ</strong></span> <span class='ocrx_word' id='word_1_23' title='bbox 1411 529 1468 577; x_wconf 81' lang='grc' dir='ltr'>ὲν</span> <span class='ocrx_word' id='word_1_24' title='bbox 1509 525 1837 594; x_wconf 76' lang='grc' dir='ltr'>Βλαχέρναις</span> <span class='ocrx_word' id='word_1_25' title='bbox 1874 525 1965 591; x_wconf 73' lang='grc' dir='ltr'><strong>ἐγ-</strong></span> 
     </span>
    </p>
   </div>
   <div class='ocr_carea' id='block_1_7' title="bbox 383 613 1966 688">
    <p class='ocr_par' dir='ltr' id='par_1_7' title="bbox 383 613 1966 688">
     <span class='ocr_line' id='line_1_7' title="bbox 383 613 1966 688; baseline -0.003 -15"><span class='ocrx_word' id='word_1_26' title='bbox 383 621 653 674; x_wconf 82' lang='grc' dir='ltr'>κλείστου.</span> <span class='ocrx_word' id='word_1_27' title='bbox 688 613 870 671; x_wconf 83' lang='grc' dir='ltr'>ἾΙσαν</span> <span class='ocrx_word' id='word_1_28' title='bbox 898 617 955 669; x_wconf 82' lang='grc' dir='ltr'>δὲ</span> <span class='ocrx_word' id='word_1_29' title='bbox 1002 616 1120 686; x_wconf 81' lang='grc' dir='ltr'>μετ’</span> <span class='ocrx_word' id='word_1_30' title='bbox 1159 618 1323 669; x_wconf 66' lang='grc' dir='ltr'>αὑτοῦ</span> <span class='ocrx_word' id='word_1_31' title='bbox 1355 618 1615 687; x_wconf 81' lang='grc' dir='ltr'>ἄρχοντες</span> <span class='ocrx_word' id='word_1_32' title='bbox 1659 618 1820 688; x_wconf 84' lang='grc' dir='ltr'>μέχρι</span> <span class='ocrx_word' id='word_1_33' title='bbox 1859 616 1966 669; x_wconf 84' lang='grc' dir='ltr'><strong>τῶν</strong></span> 
     </span>
    </p>
   </div>
   <div class='ocr_carea' id='block_1_8' title="bbox 385 703 1966 781">
    <p class='ocr_par' dir='ltr' id='par_1_8' title="bbox 385 703 1966 781">
     <span class='ocr_line' id='line_1_8' title="bbox 385 703 1966 781; baseline -0.002 -16"><span class='ocrx_word' id='word_1_34' title='bbox 385 712 490 779; x_wconf 78' lang='grc' dir='ltr'>ξς·’,</span> <span class='ocrx_word' id='word_1_35' title='bbox 525 711 646 781; x_wconf 81' lang='grc' dir='ltr'>μεθ’</span> <span class='ocrx_word' id='word_1_36' title='bbox 677 703 753 765; x_wconf 83' lang='grc' dir='ltr'>ὧν</span> <span class='ocrx_word' id='word_1_37' title='bbox 781 710 811 762; x_wconf 89' lang='lat'><strong>6</strong></span> <span class='ocrx_word' id='word_1_38' title='bbox 841 708 1059 778; x_wconf 79' lang='grc' dir='ltr'><strong>Μιχαὴλ</strong></span> <span class='ocrx_word' id='word_1_39' title='bbox 1086 709 1115 759; x_wconf 98' lang='lat'><strong>6</strong></span> <span class='ocrx_word' id='word_1_40' title='bbox 1146 709 1539 779; x_wconf 80' lang='grc' dir='ltr'>ὲταιρειάρχης</span> <span class='ocrx_word' id='word_1_41' title='bbox 1572 708 1658 779; x_wconf 82' lang='grc' dir='ltr'><strong>[Ρ.</strong></span> <span class='ocrx_word' id='word_1_42' title='bbox 1694 708 1827 778; x_wconf 65' lang='grc' dir='ltr'><strong>46η</strong></span> <span class='ocrx_word' id='word_1_43' title='bbox 1874 707 1966 761; x_wconf 79' lang='grc' dir='ltr'>καὶ</span> 
     </span>
    </p>
   </div>
   <div class='ocr_carea' id='block_1_9' title="bbox 389 799 1963 872">
    <p class='ocr_par' dir='ltr' id='par_1_9' title="bbox 389 799 1963 872">
     <span class='ocr_line' id='line_1_9' title="bbox 389 799 1963 872; baseline -0.002 -13"><span class='ocrx_word' id='word_1_44' title='bbox 389 809 416 860; x_wconf 82' lang='grc' dir='ltr'>ὁ</span> <span class='ocrx_word' id='word_1_45' title='bbox 460 802 749 872; x_wconf 74' lang='grc' dir='ltr'>Κατούδης</span> <span class='ocrx_word' id='word_1_46' title='bbox 800 800 895 853; x_wconf 81' lang='grc' dir='ltr'>καὶ</span> <span class='ocrx_word' id='word_1_47' title='bbox 932 802 960 853; x_wconf 89' lang='lat'><strong>6</strong></span> <span class='ocrx_word' id='word_1_48' title='bbox 1018 799 1304 870; x_wconf 80' lang='grc' dir='ltr'>Μυξιάρης</span> <span class='ocrx_word' id='word_1_49' title='bbox 1357 802 1449 852; x_wconf 77' lang='grc' dir='ltr'>καὶ</span> <span class='ocrx_word' id='word_1_50' title='bbox 1496 804 1525 854; x_wconf 81' lang='grc' dir='ltr'>ὁ</span> <span class='ocrx_word' id='word_1_51' title='bbox 1577 799 1963 864; x_wconf 77' lang='grc' dir='ltr'>Βαὸοὑτζτκος.</span> 
     </span>
    </p>
   </div>
   <div class='ocr_carea' id='block_1_10' title="bbox 394 889 1964 963">
    <p class='ocr_par' dir='ltr' id='par_1_10' title="bbox 394 889 1964 963">
     <span class='ocr_line' id='line_1_10' title="bbox 394 889 1964 963; baseline -0.004 -15"><span class='ocrx_word' id='word_1_52' title='bbox 394 895 619 954; x_wconf 83' lang='grc' dir='ltr'>Τούτους</span> <span class='ocrx_word' id='word_1_53' title='bbox 643 894 923 963; x_wconf 77' lang='grc' dir='ltr'>κρατήσας</span> <span class='ocrx_word' id='word_1_54' title='bbox 953 890 1162 951; x_wconf 69' lang='grc' dir='ltr'>πάντας</span> <span class='ocrx_word' id='word_1_55' title='bbox 1192 891 1251 941; x_wconf 84' lang='grc' dir='ltr'>ἐν</span> <span class='ocrx_word' id='word_1_56' title='bbox 1278 889 1356 958; x_wconf 83' lang='grc' dir='ltr'>τῷ</span> <span class='ocrx_word' id='word_1_57' title='bbox 1396 891 1742 961; x_wconf 85' lang='grc' dir='ltr'>ἱπποδρομίῳ</span> <span class='ocrx_word' id='word_1_58' title='bbox 1778 890 1964 961; x_wconf 71' lang='grc' dir='ltr'>ἔτυψε,</span> 
     </span>
    </p>
   </div>
   <div class='ocr_carea' id='block_1_11' title="bbox 388 983 1966 1055">
    <p class='ocr_par' dir='ltr' id='par_1_11' title="bbox 388 983 1966 1055">
     <span class='ocr_line' id='line_1_11' title="bbox 388 983 1966 1055; baseline -0.002 -13"><span class='ocrx_word' id='word_1_59' title='bbox 388 990 479 1043; x_wconf 70' lang='grc' dir='ltr'>καὶ</span> <span class='ocrx_word' id='word_1_60' title='bbox 508 986 807 1055; x_wconf 73' lang='grc' dir='ltr'>ὲκούρευσε</span> <span class='ocrx_word' id='word_1_61' title='bbox 834 984 928 1036; x_wconf 71' lang='grc' dir='ltr'><strong>καὶ</strong></span> <span class='ocrx_word' id='word_1_62' title='bbox 957 983 1056 1046; x_wconf 80' lang='grc' dir='ltr'><strong>τὰς</strong></span> <span class='ocrx_word' id='word_1_63' title='bbox 1092 983 1509 1051; x_wconf 73' lang='grc' dir='ltr'><strong>ὑπολειφθείσας</strong></span> <span class='ocrx_word' id='word_1_64' title='bbox 1538 983 1729 1055; x_wconf 79' lang='grc' dir='ltr'>τρίχας</span> <span class='ocrx_word' id='word_1_65' title='bbox 1765 984 1966 1039; x_wconf 73' lang='grc' dir='ltr'>ἔκαυσε</span> 
     </span>
    </p>
   </div>
   <div class='ocr_carea' id='block_1_12' title="bbox 387 1076 1116 1147">
    <p class='ocr_par' dir='ltr' id='par_1_12' title="bbox 387 1076 1116 1147">
     <span class='ocr_line' id='line_1_12' title="bbox 387 1076 1116 1147; baseline -0.001 -16"><span class='ocrx_word' id='word_1_66' title='bbox 387 1084 475 1136; x_wconf 68' lang='grc' dir='ltr'>καὶ</span> <span class='ocrx_word' id='word_1_67' title='bbox 508 1076 836 1147; x_wconf 78' lang='grc' dir='ltr'><strong>πομπεύσας</strong></span> <span class='ocrx_word' id='word_1_68' title='bbox 865 1076 1116 1146; x_wconf 76' lang='grc' dir='ltr'>ἐξώρισε.</span> 
     </span>
    </p>
   </div>
   <div class='ocr_carea' id='block_1_13' title="bbox 456 1165 1968 1238">
    <p class='ocr_par' dir='ltr' id='par_1_13' title="bbox 456 1165 1968 1238">
     <span class='ocr_line' id='line_1_13' title="bbox 456 1165 1968 1238; baseline -0.004 -12"><span class='ocrx_word' id='word_1_69' title='bbox 456 1170 560 1238; x_wconf 80' lang='grc' dir='ltr'>κγ’.</span> <span class='ocrx_word' id='word_1_70' title='bbox 594 1169 700 1223; x_wconf 83' lang='grc' dir='ltr'>Τοῦ</span> <span class='ocrx_word' id='word_1_71' title='bbox 727 1169 785 1222; x_wconf 79' lang='grc' dir='ltr'>δὲ</span> <span class='ocrx_word' id='word_1_72' title='bbox 817 1168 1082 1236; x_wconf 81' lang='grc' dir='ltr'>βασιλέως</span> <span class='ocrx_word' id='word_1_73' title='bbox 1117 1170 1174 1220; x_wconf 78' lang='grc' dir='ltr'>ὲν</span> <span class='ocrx_word' id='word_1_74' title='bbox 1206 1167 1452 1237; x_wconf 79' lang='grc' dir='ltr'><strong>κυνηγίῳ</strong></span> <span class='ocrx_word' id='word_1_75' title='bbox 1485 1165 1813 1232; x_wconf 78' lang='grc' dir='ltr'>ἐξελθόντος,</span> <span class='ocrx_word' id='word_1_76' title='bbox 1843 1165 1968 1220; x_wconf 74' lang='grc' dir='ltr'>ἔλα·-</span> 
     </span>
    </p>
   </div>
   <div class='ocr_carea' id='block_1_14' title="bbox 384 1256 1967 1332">
    <p class='ocr_par' dir='ltr' id='par_1_14' title="bbox 384 1256 1967 1332">
     <span class='ocr_line' id='line_1_14' title="bbox 384 1256 1967 1332; baseline -0.002 -17"><span class='ocrx_word' id='word_1_77' title='bbox 384 1279 485 1332; x_wconf 77' lang='grc' dir='ltr'><strong>φος</strong></span> <span class='ocrx_word' id='word_1_78' title='bbox 516 1260 885 1331; x_wconf 80' lang='grc' dir='ltr'>παμμεγέθης</span> <span class='ocrx_word' id='word_1_79' title='bbox 916 1260 1212 1328; x_wconf 77' lang='grc' dir='ltr'>ἀναφανεὶς</span> <span class='ocrx_word' id='word_1_80' title='bbox 1250 1256 1354 1330; x_wconf 81' lang='grc' dir='ltr'>ἦρε</span> <span class='ocrx_word' id='word_1_81' title='bbox 1394 1260 1484 1312; x_wconf 77' lang='grc' dir='ltr'><strong>τὸν</strong></span> <span class='ocrx_word' id='word_1_82' title='bbox 1516 1258 1741 1329; x_wconf 78' lang='grc' dir='ltr'><strong>βασιλέα</strong></span> <span class='ocrx_word' id='word_1_83' title='bbox 1782 1261 1847 1312; x_wconf 72' lang='grc' dir='ltr'>ὲκ</span> <span class='ocrx_word' id='word_1_84' title='bbox 1867 1259 1967 1328; x_wconf 83' lang='grc' dir='ltr'>τῆς</span> 
     </span>
    </p>
   </div>
   <div class='ocr_carea' id='block_1_15' title="bbox 385 1351 1967 1423">
    <p class='ocr_par' dir='ltr' id='par_1_15' title="bbox 385 1351 1967 1423">
     <span class='ocr_line' id='line_1_15' title="bbox 385 1351 1967 1423; baseline -0.002 -15"><span class='ocrx_word' id='word_1_85' title='bbox 385 1356 563 1423; x_wconf 78' lang='grc' dir='ltr'>ζώνης</span> <span class='ocrx_word' id='word_1_86' title='bbox 589 1353 699 1408; x_wconf 81' lang='grc' dir='ltr'><strong>ἀπὸ</strong></span> <span class='ocrx_word' id='word_1_87' title='bbox 740 1353 835 1405; x_wconf 79' lang='grc' dir='ltr'>τοῦ</span> <span class='ocrx_word' id='word_1_88' title='bbox 867 1353 1033 1407; x_wconf 79' lang='grc' dir='ltr'>ἵππου</span> <span class='ocrx_word' id='word_1_89' title='bbox 1074 1354 1213 1418; x_wconf 79' lang='grc' dir='ltr'>μετὰ</span> <span class='ocrx_word' id='word_1_90' title='bbox 1256 1351 1349 1405; x_wconf 81' lang='grc' dir='ltr'><strong>τοῦ</strong></span> <span class='ocrx_word' id='word_1_91' title='bbox 1384 1351 1635 1421; x_wconf 83' lang='grc' dir='ltr'>κέρατος.</span> <span class='ocrx_word' id='word_1_92' title='bbox 1664 1351 1883 1414; x_wconf 79' lang='grc' dir='ltr'>Φθάσας</span> <span class='ocrx_word' id='word_1_93' title='bbox 1908 1351 1967 1405; x_wconf 88' lang='grc' dir='ltr'><strong>δέ</strong></span> 
     </span>
    </p>
   </div>
   <div class='ocr_carea' id='block_1_16' title="bbox 385 1442 1968 1515">
    <p class='ocr_par' dir='ltr' id='par_1_16' title="bbox 385 1442 1968 1515">
     <span class='ocr_line' id='line_1_16' title="bbox 385 1442 1968 1515; baseline -0.004 -15"><span class='ocrx_word' id='word_1_94' title='bbox 385 1463 471 1510; x_wconf 84' lang='grc' dir='ltr'><strong>τις</strong></span> <span class='ocrx_word' id='word_1_95' title='bbox 494 1446 590 1499; x_wconf 78' lang='grc' dir='ltr'>καὶ</span> <span class='ocrx_word' id='word_1_96' title='bbox 615 1445 713 1515; x_wconf 79' lang='grc' dir='ltr'>τὴν</span> <span class='ocrx_word' id='word_1_97' title='bbox 737 1442 916 1513; x_wconf 74' lang='grc' dir='ltr'>ζώνην</span> <span class='ocrx_word' id='word_1_98' title='bbox 945 1444 1083 1514; x_wconf 79' lang='grc' dir='ltr'>μετὰ</span> <span class='ocrx_word' id='word_1_99' title='bbox 1118 1444 1215 1513; x_wconf 83' lang='grc' dir='ltr'>τῆς</span> <span class='ocrx_word' id='word_1_100' title='bbox 1246 1444 1461 1513; x_wconf 80' lang='grc' dir='ltr'><strong>σπάθης</strong></span> <span class='ocrx_word' id='word_1_101' title='bbox 1482 1444 1655 1512; x_wconf 59' lang='grc' dir='ltr'>κόψας</span> <span class='ocrx_word' id='word_1_102' title='bbox 1678 1443 1968 1514; x_wconf 80' lang='grc' dir='ltr'>τοῦτονέῤ-</span> 
     </span>
    </p>
   </div>
   <div class='ocr_carea' id='block_1_17' title="bbox 386 1535 1965 1607">
    <p class='ocr_par' dir='ltr' id='par_1_17' title="bbox 386 1535 1965 1607">
     <span class='ocr_line' id='line_1_17' title="bbox 386 1535 1965 1607; baseline -0.003 -17"><span class='ocrx_word' id='word_1_103' title='bbox 386 1539 613 1607; x_wconf 78' lang='grc' dir='ltr'>ῥύσατο.</span> <span class='ocrx_word' id='word_1_104' title='bbox 647 1538 742 1589; x_wconf 83' lang='grc' dir='ltr'>Ὃν</span> <span class='ocrx_word' id='word_1_105' title='bbox 756 1538 849 1587; x_wconf 79' lang='grc' dir='ltr'>καὶ</span> <span class='ocrx_word' id='word_1_106' title='bbox 869 1536 1006 1604; x_wconf 76' lang='grc' dir='ltr'>μετὰ</span> <span class='ocrx_word' id='word_1_107' title='bbox 1036 1535 1135 1605; x_wconf 83' lang='grc' dir='ltr'>τὴν</span> <span class='ocrx_word' id='word_1_108' title='bbox 1173 1536 1519 1606; x_wconf 78' lang='grc' dir='ltr'>ὑποστροφὴν</span> <span class='ocrx_word' id='word_1_109' title='bbox 1540 1535 1965 1603; x_wconf 81' lang='grc' dir='ltr'>ἀπεκεφάλισεν,</span> 
     </span>
    </p>
   </div>
   <div class='ocr_carea' id='block_1_18' title="bbox 384 1627 1967 1697">
    <p class='ocr_par' dir='ltr' id='par_1_18' title="bbox 384 1627 1967 1697">
     <span class='ocr_line' id='line_1_18' title="bbox 384 1627 1967 1697; baseline -0.001 -16"><span class='ocrx_word' id='word_1_110' title='bbox 384 1628 558 1682; x_wconf 75' lang='grc' dir='ltr'>εἰπών</span> <span class='ocrx_word' id='word_1_111' title='bbox 580 1646 594 1658; x_wconf 90' lang='grc'>·</span> <span class='ocrx_word' id='word_1_112' title='bbox 644 1629 740 1696; x_wconf 74' lang='grc' dir='ltr'><strong>Μὴ</strong></span> <span class='ocrx_word' id='word_1_113' title='bbox 774 1629 1004 1697; x_wconf 65' lang='lat' dir='ltr'><strong>rei/trav</strong></span> <span class='ocrx_word' id='word_1_114' title='bbox 1037 1627 1187 1681; x_wconf 76' lang='grc' dir='ltr'>κατὰ</span> <span class='ocrx_word' id='word_1_115' title='bbox 1213 1628 1523 1693; x_wconf 71' lang='grc' dir='ltr'>βασιλέως</span> <span class='ocrx_word' id='word_1_116' title='bbox 1552 1627 1750 1697; x_wconf 58' lang='grc' dir='ltr'>ξίφος.</span> <span class='ocrx_word' id='word_1_117' title='bbox 1788 1628 1883 1680; x_wconf 83' lang='grc' dir='ltr'>Ἐκ</span> <span class='ocrx_word' id='word_1_118' title='bbox 1911 1628 1967 1680; x_wconf 77' lang='grc' dir='ltr'>δὲ</span> 
     </span>
    </p>
   </div>
   <div class='ocr_carea' id='block_1_19' title="bbox 385 1718 1968 1790">
    <p class='ocr_par' dir='ltr' id='par_1_19' title="bbox 385 1718 1968 1790">
     <span class='ocr_line' id='line_1_19' title="bbox 385 1718 1968 1790; baseline -0.001 -16"><span class='ocrx_word' id='word_1_119' title='bbox 385 1720 481 1774; x_wconf 78' lang='grc' dir='ltr'>τοῦ</span> <span class='ocrx_word' id='word_1_120' title='bbox 524 1719 855 1790; x_wconf 78' lang='grc' dir='ltr'>σπαραγμοῦ</span> <span class='ocrx_word' id='word_1_121' title='bbox 889 1719 985 1773; x_wconf 80' lang='grc' dir='ltr'>τοῦ</span> <span class='ocrx_word' id='word_1_122' title='bbox 1027 1719 1227 1788; x_wconf 76' lang='grc' dir='ltr'>ἐλάφου</span> <span class='ocrx_word' id='word_1_123' title='bbox 1271 1720 1611 1787; x_wconf 82' lang='grc' dir='ltr'>νοσηλευθεὶς</span> <span class='ocrx_word' id='word_1_124' title='bbox 1647 1721 1674 1772; x_wconf 85' lang='lat'><strong>6</strong></span> <span class='ocrx_word' id='word_1_125' title='bbox 1716 1718 1968 1788; x_wconf 82' lang='grc' dir='ltr'>βασιλεὺς</span> 
     </span>
    </p>
   </div>
   <div class='ocr_carea' id='block_1_20' title="bbox 388 1812 1964 1884">
    <p class='ocr_par' dir='ltr' id='par_1_20' title="bbox 388 1812 1964 1884">
     <span class='ocr_line' id='line_1_20' title="bbox 388 1812 1964 1884; baseline -0.002 -16"><span class='ocrx_word' id='word_1_126' title='bbox 388 1814 663 1876; x_wconf 80' lang='grc' dir='ltr'>Βασίλειος</span> <span class='ocrx_word' id='word_1_127' title='bbox 700 1814 950 1884; x_wconf 73' lang='grc' dir='ltr'>τελευτᾷ,</span> <span class='ocrx_word' id='word_1_128' title='bbox 985 1813 1228 1883; x_wconf 84' lang='grc' dir='ltr'>φάμενος</span> <span class='ocrx_word' id='word_1_129' title='bbox 1273 1812 1350 1882; x_wconf 82' lang='grc' dir='ltr'>τῷ</span> <span class='ocrx_word' id='word_1_130' title='bbox 1393 1813 1493 1882; x_wconf 79' lang='grc' dir='ltr'><strong>υἱῷ</strong></span> <span class='ocrx_word' id='word_1_131' title='bbox 1529 1813 1693 1866; x_wconf 81' lang='grc' dir='ltr'>αὑτοῦ</span> <span class='ocrx_word' id='word_1_132' title='bbox 1725 1814 1817 1866; x_wconf 72' lang='grc' dir='ltr'>καὶ</span> <span class='ocrx_word' id='word_1_133' title='bbox 1850 1813 1964 1865; x_wconf 82' lang='grc' dir='ltr'>δια-</span> 
     </span>
    </p>
   </div>
   <div class='ocr_carea' id='block_1_21' title="bbox 386 1902 1965 1975">
    <p class='ocr_par' dir='ltr' id='par_1_21' title="bbox 386 1902 1965 1975">
     <span class='ocr_line' id='line_1_21' title="bbox 386 1902 1965 1975; baseline -0.002 -17"><span class='ocrx_word' id='word_1_134' title='bbox 386 1905 527 1973; x_wconf 83' lang='grc' dir='ltr'>δόχῳ</span> <span class='ocrx_word' id='word_1_135' title='bbox 557 1905 745 1957; x_wconf 82' lang='grc' dir='ltr'>Λέοντι</span> <span class='ocrx_word' id='word_1_136' title='bbox 782 1905 873 1957; x_wconf 76' lang='grc' dir='ltr'>καὶ</span> <span class='ocrx_word' id='word_1_137' title='bbox 920 1903 1201 1975; x_wconf 80' lang='grc' dir='ltr'>Στυλιανῷ</span> <span class='ocrx_word' id='word_1_138' title='bbox 1232 1903 1310 1974; x_wconf 82' lang='grc' dir='ltr'>τῷ</span> <span class='ocrx_word' id='word_1_139' title='bbox 1355 1904 1636 1972; x_wconf 75' lang='grc' dir='ltr'><strong>ἐπιτρόπῳ</strong></span> <span class='ocrx_word' id='word_1_140' title='bbox 1662 1902 1770 1957; x_wconf 76' lang='grc' dir='ltr'>τῶν</span> <span class='ocrx_word' id='word_1_141' title='bbox 1808 1902 1965 1972; x_wconf 75' lang='grc' dir='ltr'>βασι-ν</span> 
     </span>
    </p>
   </div>
   <div class='ocr_carea' id='block_1_22' title="bbox 388 1995 1969 2067">
    <p class='ocr_par' dir='ltr' id='par_1_22' title="bbox 388 1995 1969 2067">
     <span class='ocr_line' id='line_1_22' title="bbox 388 1995 1969 2067; baseline -0.002 -18"><span class='ocrx_word' id='word_1_142' title='bbox 388 1996 527 2059; x_wconf 81' lang='grc' dir='ltr'>λέως</span> <span class='ocrx_word' id='word_1_143' title='bbox 554 1997 706 2060; x_wconf 79' lang='grc' dir='ltr'>υἱῶν,</span> <span class='ocrx_word' id='word_1_144' title='bbox 734 1996 815 2048; x_wconf 77' lang='grc' dir='ltr'>ὅτι</span> <span class='ocrx_word' id='word_1_145' title='bbox 868 1996 1087 2060; x_wconf 80' lang='grc' dir='ltr'>Φὼτιος</span> <span class='ocrx_word' id='word_1_146' title='bbox 1109 2000 1140 2049; x_wconf 83' lang='grc' dir='ltr'><em>ὀ</em></span> <span class='ocrx_word' id='word_1_147' title='bbox 1164 1996 1400 2062; x_wconf 80' lang='grc' dir='ltr'>ἀνίερος</span> <span class='ocrx_word' id='word_1_148' title='bbox 1428 1995 1527 2049; x_wconf 80' lang='grc' dir='ltr'>καὶ</span> <span class='ocrx_word' id='word_1_149' title='bbox 1552 1996 1585 2049; x_wconf 84' lang='grc' dir='ltr'><strong>ό</strong></span> <span class='ocrx_word' id='word_1_150' title='bbox 1608 1996 1969 2067; x_wconf 80' lang='grc' dir='ltr'>συμμύστης</span> 
     </span>
    </p>
   </div>
   <div class='ocr_carea' id='block_1_23' title="bbox 391 2088 1967 2159">
    <p class='ocr_par' dir='ltr' id='par_1_23' title="bbox 391 2088 1967 2159">
     <span class='ocr_line' id='line_1_23' title="bbox 391 2088 1967 2159; baseline -0.001 -17"><span class='ocrx_word' id='word_1_151' title='bbox 391 2088 580 2143; x_wconf 77' lang='grc' dir='ltr'>αὑτοῦ</span> <span class='ocrx_word' id='word_1_152' title='bbox 614 2089 1074 2156; x_wconf 63' lang='grc' dir='ltr'>Σανταϐαρηνὸς</span> <span class='ocrx_word' id='word_1_153' title='bbox 1118 2088 1225 2143; x_wconf 83' lang='grc' dir='ltr'>τοῦ</span> <span class='ocrx_word' id='word_1_154' title='bbox 1259 2089 1407 2143; x_wconf 87' lang='grc' dir='ltr'><strong>Θεοῦ</strong></span> <span class='ocrx_word' id='word_1_155' title='bbox 1430 2105 1507 2159; x_wconf 77' lang='grc' dir='ltr'><strong>με</strong></span> <span class='ocrx_word' id='word_1_156' title='bbox 1531 2089 1967 2156; x_wconf 63' lang='grc' dir='ltr'>ιιακρύναντες,</span> 
     </span>
    </p>
   </div>
   <div class='ocr_carea' id='block_1_24' title="bbox 393 2179 1970 2250">
    <p class='ocr_par' dir='ltr' id='par_1_24' title="bbox 393 2179 1970 2250">
     <span class='ocr_line' id='line_1_24' title="bbox 393 2179 1970 2250; baseline 0.001 -17"><span class='ocrx_word' id='word_1_157' title='bbox 393 2181 491 2233; x_wconf 73' lang='grc' dir='ltr'>καὶ</span> <span class='ocrx_word' id='word_1_158' title='bbox 513 2182 837 2245; x_wconf 70' lang='grc' dir='ltr'>ἀλλότριον</span> <span class='ocrx_word' id='word_1_159' title='bbox 881 2180 991 2247; x_wconf 81' lang='grc' dir='ltr'>τῆς</span> <span class='ocrx_word' id='word_1_160' title='bbox 1023 2180 1254 2246; x_wconf 75' lang='grc' dir='ltr'>δικαίας</span> <span class='ocrx_word' id='word_1_161' title='bbox 1284 2179 1558 2250; x_wconf 78' lang='grc' dir='ltr'>γνώσεως</span> <span class='ocrx_word' id='word_1_162' title='bbox 1582 2179 1970 2249; x_wconf 78' lang='grc' dir='ltr'><strong>ποιήσαντες,</strong></span> 
     </span>
    </p>
   </div>
   <div class='ocr_carea' id='block_1_25' title="bbox 390 2271 1971 2341">
    <p class='ocr_par' dir='ltr' id='par_1_25' title="bbox 390 2271 1971 2341">
     <span class='ocr_line' id='line_1_25' title="bbox 390 2271 1971 2341; baseline -0.001 -13"><span class='ocrx_word' id='word_1_163' title='bbox 390 2276 480 2339; x_wconf 69' lang='grc' dir='ltr'>εἰς</span> <span class='ocrx_word' id='word_1_164' title='bbox 507 2274 622 2341; x_wconf 76' lang='grc' dir='ltr'><strong>τὴν</strong></span> <span class='ocrx_word' id='word_1_165' title='bbox 662 2274 809 2341; x_wconf 78' lang='grc' dir='ltr'>ἴσην</span> <span class='ocrx_word' id='word_1_166' title='bbox 840 2274 969 2341; x_wconf 81' lang='grc' dir='ltr'>μετ’</span> <span class='ocrx_word' id='word_1_167' title='bbox 993 2272 1192 2327; x_wconf 81' lang='grc' dir='ltr'>αὐτῶν</span> <span class='ocrx_word' id='word_1_168' title='bbox 1224 2277 1485 2329; x_wconf 70' lang='grc' dir='ltr'>κόλασιν</span> <span class='ocrx_word' id='word_1_169' title='bbox 1516 2271 1971 2329; x_wconf 78' lang='grc' dir='ltr'><strong>ἐπεσπάσαντο.</strong></span> 
     </span>
    </p>
   </div>
   <div class='ocr_carea' id='block_1_26' title="bbox 396 2364 1974 2434">
    <p class='ocr_par' dir='ltr' id='par_1_26' title="bbox 396 2364 1974 2434">
     <span class='ocr_line' id='line_1_26' title="bbox 396 2364 1974 2434; baseline 0 -15"><span class='ocrx_word' id='word_1_170' title='bbox 396 2368 505 2419; x_wconf 74' lang='grc' dir='ltr'><strong>Καὶ</strong></span> <span class='ocrx_word' id='word_1_171' title='bbox 553 2365 727 2419; x_wconf 74' lang='grc' dir='ltr'>ταῦτα</span> <span class='ocrx_word' id='word_1_172' title='bbox 761 2364 931 2417; x_wconf 75' lang='grc' dir='ltr'>εἰπὼν</span> <span class='ocrx_word' id='word_1_173' title='bbox 961 2364 1240 2434; x_wconf 73' lang='grc' dir='ltr'><strong>ἐξέψυξεν,</strong></span> <span class='ocrx_word' id='word_1_174' title='bbox 1285 2364 1601 2420; x_wconf 86' lang='grc' dir='ltr'>καταλιπὼν</span> <span class='ocrx_word' id='word_1_175' title='bbox 1633 2365 1840 2419; x_wconf 81' lang='grc' dir='ltr'><strong>Λέοντα</strong></span> <span class='ocrx_word' id='word_1_176' title='bbox 1882 2365 1974 2419; x_wconf 76' lang='grc' dir='ltr'>καὶ</span> 
     </span>
    </p>
   </div>
   <div class='ocr_carea' id='block_1_27' title="bbox 394 2455 1203 2526">
    <p class='ocr_par' dir='ltr' id='par_1_27' title="bbox 394 2455 1203 2526">
     <span class='ocr_line' id='line_1_27' title="bbox 394 2455 1203 2526; baseline 0.002 -17"><span class='ocrx_word' id='word_1_177' title='bbox 394 2457 671 2526; x_wconf 72' lang='grc' dir='ltr'>Στέφανον</span> <span class='ocrx_word' id='word_1_178' title='bbox 708 2456 801 2509; x_wconf 68' lang='grc' dir='ltr'>καὶ</span> <span class='ocrx_word' id='word_1_179' title='bbox 833 2455 1203 2524; x_wconf 68' lang='grc' dir='ltr'><strong>Ἁλέξανδρον.</strong></span> 
     </span>
    </p>
   </div>
   <div class='ocr_carea' id='block_1_28' title="bbox 482 2590 1906 2663">
    <p class='ocr_par' dir='ltr' id='par_1_28' title="bbox 482 2590 1906 2663">
     <span class='ocr_line' id='line_1_28' title="bbox 482 2590 1906 2663; baseline 0.002 -18"><span class='ocrx_word' id='word_1_180' title='bbox 482 2590 781 2661; x_wconf 79' lang='grc' dir='ltr'>Ῥωμαίων</span> <span class='ocrx_word' id='word_1_181' title='bbox 804 2591 1105 2658; x_wconf 74' lang='grc' dir='ltr'>βασιλεὺς</span> <span class='ocrx_word' id='word_1_182' title='bbox 1156 2591 1320 2645; x_wconf 76' lang='grc' dir='ltr'>Λέων</span> <span class='ocrx_word' id='word_1_183' title='bbox 1348 2592 1451 2658; x_wconf 78' lang='grc' dir='ltr'>ἔτη</span> <span class='ocrx_word' id='word_1_184' title='bbox 1484 2590 1562 2644; x_wconf 80' lang='grc' dir='ltr'>κε’</span> <span class='ocrx_word' id='word_1_185' title='bbox 1607 2592 1810 2663; x_wconf 77' lang='grc' dir='ltr'>μῆνας</span> <span class='ocrx_word' id='word_1_186' title='bbox 1838 2592 1906 2648; x_wconf 83' lang='grc' dir='ltr'><strong>θ’.</strong></span> 
     </span>
    </p>
   </div>
   <div class='ocr_carea' id='block_1_29' title="bbox 469 2723 1979 2799">
    <p class='ocr_par' dir='ltr' id='par_1_29' title="bbox 469 2723 1979 2799">
     <span class='ocr_line' id='line_1_29' title="bbox 469 2723 1979 2799; baseline 0.001 -19"><span class='ocrx_word' id='word_1_187' title='bbox 469 2724 692 2794; x_wconf 79' lang='grc' dir='ltr'>Κόσμον</span> <span class='ocrx_word' id='word_1_188' title='bbox 739 2723 857 2788; x_wconf 77' lang='grc' dir='ltr'>ἔτος</span> <span class='ocrx_word' id='word_1_189' title='bbox 893 2733 1101 2796; x_wconf 80' lang='grc' dir='ltr'>,ςτπη’,</span> <span class='ocrx_word' id='word_1_190' title='bbox 1146 2727 1243 2796; x_wconf 81' lang='grc' dir='ltr'>τῆς</span> <span class='ocrx_word' id='word_1_191' title='bbox 1296 2726 1448 2791; x_wconf 83' lang='grc' dir='ltr'>Θείας</span> <span class='ocrx_word' id='word_1_192' title='bbox 1509 2728 1843 2799; x_wconf 80' lang='grc' dir='ltr'>σαρκώσεως</span> <span class='ocrx_word' id='word_1_193' title='bbox 1885 2728 1979 2798; x_wconf 84' lang='grc' dir='ltr'><strong>έτη</strong></span> 
     </span>
    </p>
   </div>
   <div class='ocr_carea' id='block_1_30' title="bbox 401 2817 1979 2889">
    <p class='ocr_par' dir='ltr' id='par_1_30' title="bbox 401 2817 1979 2889">
     <span class='ocr_line' id='line_1_30' title="bbox 401 2817 1979 2889; baseline 0.003 -18"><span class='ocrx_word' id='word_1_194' title='bbox 401 2823 566 2887; x_wconf 73' lang='grc' dir='ltr'>ωπηθ,</span> <span class='ocrx_word' id='word_1_195' title='bbox 610 2817 896 2887; x_wconf 80' lang='grc' dir='ltr'>Ῥωμαίων</span> <span class='ocrx_word' id='word_1_196' title='bbox 931 2817 1180 2887; x_wconf 73' lang='grc' dir='ltr'>βασιλεὺς</span> <span class='ocrx_word' id='word_1_197' title='bbox 1226 2820 1376 2871; x_wconf 83' lang='grc' dir='ltr'>Λέων</span> <span class='ocrx_word' id='word_1_198' title='bbox 1429 2819 1524 2887; x_wconf 80' lang='grc' dir='ltr'>ἐτη</span> <span class='ocrx_word' id='word_1_199' title='bbox 1576 2827 1654 2873; x_wconf 87' lang='grc' dir='ltr'>κε’</span> <span class='ocrx_word' id='word_1_200' title='bbox 1697 2820 1875 2889; x_wconf 80' lang='grc' dir='ltr'>μῆνας</span> <span class='ocrx_word' id='word_1_201' title='bbox 1916 2821 1979 2876; x_wconf 88' lang='grc' dir='ltr'><strong>θ’.</strong></span> 
     </span>
    </p>
   </div>
   <div class='ocr_carea' id='block_1_31' title="bbox 404 2910 1984 2986">
    <p class='ocr_par' dir='ltr' id='par_1_31' title="bbox 404 2910 1984 2986">
     <span class='ocr_line' id='line_1_31' title="bbox 404 2910 1984 2986; baseline 0.004 -23"><span class='ocrx_word' id='word_1_202' title='bbox 404 2911 672 2979; x_wconf 77' lang='grc' dir='ltr'>Στέφανος</span> <span class='ocrx_word' id='word_1_203' title='bbox 701 2910 757 2963; x_wconf 80' lang='grc' dir='ltr'>δὲ</span> <span class='ocrx_word' id='word_1_204' title='bbox 794 2911 822 2962; x_wconf 87' lang='lat'><strong>6</strong></span> <span class='ocrx_word' id='word_1_205' title='bbox 856 2911 1020 2965; x_wconf 74' lang='grc' dir='ltr'>αὐτοῦ</span> <span class='ocrx_word' id='word_1_206' title='bbox 1061 2912 1287 2980; x_wconf 79' lang='grc' dir='ltr'>ἁδελφὸς</span> <span class='ocrx_word' id='word_1_207' title='bbox 1322 2913 1580 2982; x_wconf 76' lang='grc' dir='ltr'>κληρικδς</span> <span class='ocrx_word' id='word_1_208' title='bbox 1615 2913 1690 2967; x_wconf 77' lang='grc' dir='ltr'>ὢν</span> <span class='ocrx_word' id='word_1_209' title='bbox 1724 2918 1816 2968; x_wconf 73' lang='grc' dir='ltr'><strong>καὶ</strong></span> <span class='ocrx_word' id='word_1_210' title='bbox 1851 2916 1984 2986; x_wconf 81' lang='grc' dir='ltr'>σύγ-</span> 
     </span>
    </p>
   </div>
   <div class='ocr_carea' id='block_1_32' title="bbox 404 2995 1983 3075">
    <p class='ocr_par' dir='ltr' id='par_1_32' title="bbox 404 2995 1983 3075">
     <span class='ocr_line' id='line_1_32' title="bbox 404 2995 1983 3075; baseline 0.005 -24"><span class='ocrx_word' id='word_1_211' title='bbox 404 2999 591 3062; x_wconf 83' lang='grc' dir='ltr'>κελλος</span> <span class='ocrx_word' id='word_1_212' title='bbox 626 2995 693 3070; x_wconf 77' lang='grc' dir='ltr'>ἦν</span> <span class='ocrx_word' id='word_1_213' title='bbox 726 3000 863 3069; x_wconf 74' lang='grc' dir='ltr'>μετὰ</span> <span class='ocrx_word' id='word_1_214' title='bbox 897 3001 1101 3054; x_wconf 84' lang='grc' dir='ltr'>Φωτίου</span> <span class='ocrx_word' id='word_1_215' title='bbox 1136 3002 1497 3073; x_wconf 81' lang='grc' dir='ltr'>πατριάρχου.</span> <span class='ocrx_word' id='word_1_216' title='bbox 1542 3004 1983 3075; x_wconf 71' lang='grc' dir='ltr'>ἁνατρεφόμενος</span> 
     </span>
    </p>
   </div>
   <div class='ocr_carea' id='block_1_33' title="bbox 2069 523 3644 595">
    <p class='ocr_par' dir='ltr' id='par_1_33' title="bbox 2069 523 3644 595">
     <span class='ocr_line' id='line_1_33' title="bbox 2069 523 3644 595; baseline 0.002 -20"><span class='ocrx_word' id='word_1_217' title='bbox 2069 532 2179 585; x_wconf 91' lang='lat' dir='ltr'><strong>tur,</strong></span> <span class='ocrx_word' id='word_1_218' title='bbox 2206 539 2330 577; x_wconf 88' lang='lat' dir='ltr'><strong>cum</strong></span> <span class='ocrx_word' id='word_1_219' title='bbox 2368 526 2414 578; x_wconf 84' lang='lat' dir='ltr'><strong>is</strong></span> <span class='ocrx_word' id='word_1_220' title='bbox 2446 525 2540 593; x_wconf 86' lang='lat' dir='ltr'><strong>qui</strong></span> <span class='ocrx_word' id='word_1_221' title='bbox 2570 525 2626 578; x_wconf 91' lang='lat' dir='ltr'><strong>in</strong></span> <span class='ocrx_word' id='word_1_222' title='bbox 2658 523 2981 579; x_wconf 87' lang='lat' dir='ltr'><strong>Blachernis</strong></span> <span class='ocrx_word' id='word_1_223' title='bbox 3013 523 3258 579; x_wconf 83' lang='lat' dir='ltr'><strong>inclusus</strong></span> <span class='ocrx_word' id='word_1_224' title='bbox 3287 524 3504 595; x_wconf 78' lang='lat' dir='ltr'><strong>agebat,</strong></span> <span class='ocrx_word' id='word_1_225' title='bbox 3537 525 3644 578; x_wconf 83' lang='lat' dir='ltr'><strong>im-</strong></span> 
     </span>
    </p>
   </div>
   <div class='ocr_carea' id='block_1_34' title="bbox 2068 615 3641 685">
    <p class='ocr_par' dir='ltr' id='par_1_34' title="bbox 2068 615 3641 685">
     <span class='ocr_line' id='line_1_34' title="bbox 2068 615 3641 685; baseline -0.001 -16"><span class='ocrx_word' id='word_1_226' title='bbox 2068 615 2283 684; x_wconf 89' lang='lat' dir='ltr'><strong>perium</strong></span> <span class='ocrx_word' id='word_1_227' title='bbox 2311 615 2366 670; x_wconf 89' lang='lat' dir='ltr'><strong>ei</strong></span> <span class='ocrx_word' id='word_1_228' title='bbox 2387 626 2536 671; x_wconf 85' lang='lat' dir='ltr'><strong>esset</strong></span> <span class='ocrx_word' id='word_1_229' title='bbox 2566 615 2918 670; x_wconf 70' lang='lat' dir='ltr'><strong>vaticinatus.</strong></span> <span class='ocrx_word' id='word_1_230' title='bbox 2942 616 3114 670; x_wconf 85' lang='lat' dir='ltr'><strong>Erant</strong></span> <span class='ocrx_word' id='word_1_231' title='bbox 3131 632 3256 671; x_wconf 90' lang='lat' dir='ltr'><strong>cum</strong></span> <span class='ocrx_word' id='word_1_232' title='bbox 3279 632 3347 671; x_wconf 86' lang='lat' dir='ltr'><strong>eo</strong></span> <span class='ocrx_word' id='word_1_233' title='bbox 3372 615 3641 685; x_wconf 73' lang='lat' dir='ltr'><strong>coniurati</strong></span> 
     </span>
    </p>
   </div>
   <div class='ocr_carea' id='block_1_35' title="bbox 2068 706 3641 777">
    <p class='ocr_par' dir='ltr' id='par_1_35' title="bbox 2068 706 3641 777">
     <span class='ocr_line' id='line_1_35' title="bbox 2068 706 3641 777; baseline 0.001 -17"><span class='ocrx_word' id='word_1_234' title='bbox 2068 723 2329 777; x_wconf 83' lang='lat' dir='ltr'><strong>proceres</strong></span> <span class='ocrx_word' id='word_1_235' title='bbox 2358 707 2427 761; x_wconf 89' lang='lat' dir='ltr'><strong>ad</strong></span> <span class='ocrx_word' id='word_1_236' title='bbox 2464 707 2745 777; x_wconf 79' lang='lat' dir='ltr'><strong>sexaginta</strong></span> <span class='ocrx_word' id='word_1_237' title='bbox 2776 722 2893 770; x_wconf 82' lang='lat' dir='ltr'><strong>sex,</strong></span> <span class='ocrx_word' id='word_1_238' title='bbox 2938 707 3082 761; x_wconf 88' lang='lat' dir='ltr'><strong>inter</strong></span> <span class='ocrx_word' id='word_1_239' title='bbox 3116 723 3257 777; x_wconf 86' lang='lat' dir='ltr'><strong>quos</strong></span> <span class='ocrx_word' id='word_1_240' title='bbox 3289 707 3515 763; x_wconf 80' lang='lat' dir='ltr'><strong>Michael</strong></span> <span class='ocrx_word' id='word_1_241' title='bbox 3541 706 3641 762; x_wconf 77' lang='grc' dir='ltr'><strong>[ω-</strong></span> 
     </span>
    </p>
   </div>
   <div class='ocr_carea' id='block_1_36' title="bbox 2066 796 3646 867">
    <p class='ocr_par' dir='ltr' id='par_1_36' title="bbox 2066 796 3646 867">
     <span class='ocr_line' id='line_1_36' title="bbox 2066 796 3646 867; baseline -0.003 -15"><span class='ocrx_word' id='word_1_242' title='bbox 2066 797 2385 853; x_wconf 83' lang='lat' dir='ltr'><strong>deratorum</strong></span> <span class='ocrx_word' id='word_1_243' title='bbox 2416 813 2604 854; x_wconf 87' lang='lat' dir='ltr'><strong>comes</strong></span> <span class='ocrx_word' id='word_1_244' title='bbox 2631 805 2689 857; x_wconf 79' lang='lat' dir='ltr'><strong>et</strong></span> <span class='ocrx_word' id='word_1_245' title='bbox 2716 796 2957 853; x_wconf 87' lang='lat' dir='ltr'><strong>Catudes</strong></span> <span class='ocrx_word' id='word_1_246' title='bbox 2985 806 3042 852; x_wconf 87' lang='lat' dir='ltr'><strong>et</strong></span> <span class='ocrx_word' id='word_1_247' title='bbox 3062 797 3328 867; x_wconf 79' lang='lat' dir='ltr'><strong>Myxiares</strong></span> <span class='ocrx_word' id='word_1_248' title='bbox 3356 806 3413 851; x_wconf 86' lang='lat' dir='ltr'><strong>et</strong></span> <span class='ocrx_word' id='word_1_249' title='bbox 3438 796 3646 851; x_wconf 83' lang='lat' dir='ltr'><strong>Babut-</strong></span> 
     </span>
    </p>
   </div>
   <div class='ocr_carea' id='block_1_37' title="bbox 2068 890 3649 960">
    <p class='ocr_par' dir='ltr' id='par_1_37' title="bbox 2068 890 3649 960">
     <span class='ocr_line' id='line_1_37' title="bbox 2068 890 3649 960; baseline -0.001 -15"><span class='ocrx_word' id='word_1_250' title='bbox 2068 891 2239 946; x_wconf 86' lang='lat' dir='ltr'><strong>zicus.</strong></span> <span class='ocrx_word' id='word_1_251' title='bbox 2279 892 2431 958; x_wconf 81' lang='lat' dir='ltr'><strong>Quos</strong></span> <span class='ocrx_word' id='word_1_252' title='bbox 2458 906 2653 946; x_wconf 88' lang='lat' dir='ltr'><strong>omnes</strong></span> <span class='ocrx_word' id='word_1_253' title='bbox 2698 891 3128 960; x_wconf 84' lang='lat' dir='ltr'><strong>comprehensos</strong></span> <span class='ocrx_word' id='word_1_254' title='bbox 3173 891 3227 945; x_wconf 90' lang='lat' dir='ltr'><strong>in</strong></span> <span class='ocrx_word' id='word_1_255' title='bbox 3275 890 3437 945; x_wconf 85' lang='lat' dir='ltr'><strong>Circo</strong></span> <span class='ocrx_word' id='word_1_256' title='bbox 3479 890 3649 959; x_wconf 76' lang='lat' dir='ltr'><strong>virgis</strong></span> 
     </span>
    </p>
   </div>
   <div class='ocr_carea' id='block_1_38' title="bbox 2068 985 3649 1056">
    <p class='ocr_par' dir='ltr' id='par_1_38' title="bbox 2068 985 3649 1056">
     <span class='ocr_line' id='line_1_38' title="bbox 2068 985 3649 1056; baseline -0.001 -14"><span class='ocrx_word' id='word_1_257' title='bbox 2068 1003 2239 1042; x_wconf 67' lang='lat' dir='ltr'><strong>caesos</strong></span> <span class='ocrx_word' id='word_1_258' title='bbox 2293 988 2555 1051; x_wconf 84' lang='lat' dir='ltr'><strong>totondit,</strong></span> <span class='ocrx_word' id='word_1_259' title='bbox 2609 987 2933 1056; x_wconf 87' lang='lat' dir='ltr'><strong>adustisque</strong></span> <span class='ocrx_word' id='word_1_260' title='bbox 2990 985 3221 1054; x_wconf 86' lang='lat' dir='ltr'><strong>reliquis</strong></span> <span class='ocrx_word' id='word_1_261' title='bbox 3273 985 3545 1049; x_wconf 79' lang='lat' dir='ltr'><strong>crinibus,</strong></span> <span class='ocrx_word' id='word_1_262' title='bbox 3583 1000 3649 1041; x_wconf 87' lang='lat' dir='ltr'><strong>ac</strong></span> 
     </span>
    </p>
   </div>
   <div class='ocr_carea' id='block_1_39' title="bbox 2068 1077 3589 1150">
    <p class='ocr_par' dir='ltr' id='par_1_39' title="bbox 2068 1077 3589 1150">
     <span class='ocr_line' id='line_1_39' title="bbox 2068 1077 3589 1150; baseline -0.003 -13"><span class='ocrx_word' id='word_1_263' title='bbox 2068 1094 2267 1149; x_wconf 84' lang='lat' dir='ltr'><strong>pOmpa</strong></span> <span class='ocrx_word' id='word_1_264' title='bbox 2298 1096 2397 1150; x_wconf 89' lang='lat' dir='ltr'><strong>per</strong></span> <span class='ocrx_word' id='word_1_265' title='bbox 2426 1080 2705 1135; x_wconf 82' lang='lat' dir='ltr'><strong>civitatem</strong></span> <span class='ocrx_word' id='word_1_266' title='bbox 2739 1078 3053 1142; x_wconf 86' lang='lat' dir='ltr'><strong>traducens.</strong></span> <span class='ocrx_word' id='word_1_267' title='bbox 3084 1077 3282 1135; x_wconf 74' lang='lat' dir='ltr'><strong>exsilio</strong></span> <span class='ocrx_word' id='word_1_268' title='bbox 3316 1077 3589 1132; x_wconf 78' lang='lat' dir='ltr'><strong>multavit.</strong></span> 
     </span>
    </p>
   </div>
   <div class='ocr_carea' id='block_1_40' title="bbox 2138 1168 3648 1239">
    <p class='ocr_par' dir='ltr' id='par_1_40' title="bbox 2138 1168 3648 1239">
     <span class='ocr_line' id='line_1_40' title="bbox 2138 1168 3648 1239; baseline 0 -14"><span class='ocrx_word' id='word_1_269' title='bbox 2138 1171 2231 1225; x_wconf 73' lang='lat'><strong>25.</strong></span> <span class='ocrx_word' id='word_1_270' title='bbox 2263 1170 2499 1239; x_wconf 82' lang='lat' dir='ltr'><strong>Egresso</strong></span> <span class='ocrx_word' id='word_1_271' title='bbox 2541 1178 2726 1224; x_wconf 83' lang='lat' dir='ltr'><strong>autem</strong></span> <span class='ocrx_word' id='word_1_272' title='bbox 2784 1168 3022 1224; x_wconf 82' lang='lat' dir='ltr'><strong>venandi</strong></span> <span class='ocrx_word' id='word_1_273' title='bbox 3073 1184 3238 1224; x_wconf 87' lang='lat' dir='ltr'><strong>causa</strong></span> <span class='ocrx_word' id='word_1_274' title='bbox 3289 1169 3648 1238; x_wconf 82' lang='lat' dir='ltr'><strong>imperatore,</strong></span> 
     </span>
    </p>
   </div>
   <div class='ocr_carea' id='block_1_41' title="bbox 2069 1264 3652 1336">
    <p class='ocr_par' dir='ltr' id='par_1_41' title="bbox 2069 1264 3652 1336">
     <span class='ocr_line' id='line_1_41' title="bbox 2069 1264 3652 1336; baseline -0.001 -14"><span class='ocrx_word' id='word_1_275' title='bbox 2069 1265 2308 1336; x_wconf 75' lang='lat' dir='ltr'><strong>ingentis</strong></span> <span class='ocrx_word' id='word_1_276' title='bbox 2351 1266 2516 1320; x_wconf 88' lang='lat' dir='ltr'><strong>molis</strong></span> <span class='ocrx_word' id='word_1_277' title='bbox 2549 1279 2748 1320; x_wconf 89' lang='lat' dir='ltr'><strong>cervus</strong></span> <span class='ocrx_word' id='word_1_278' title='bbox 2786 1280 3077 1335; x_wconf 74' lang='lat' dir='ltr'><strong>emergens</strong></span> <span class='ocrx_word' id='word_1_279' title='bbox 3105 1264 3289 1335; x_wconf 87' lang='lat' dir='ltr'><strong>ipsum</strong></span> <span class='ocrx_word' id='word_1_280' title='bbox 3329 1281 3359 1320; x_wconf 92' lang='lat' dir='ltr'><strong>e</strong></span> <span class='ocrx_word' id='word_1_281' title='bbox 3402 1281 3540 1320; x_wconf 82' lang='lat' dir='ltr'><strong>zona</strong></span> <span class='ocrx_word' id='word_1_282' title='bbox 3581 1265 3652 1321; x_wconf 89' lang='lat' dir='ltr'><strong>ab</strong></span> 
     </span>
    </p>
   </div>
   <div class='ocr_carea' id='block_1_42' title="bbox 2066 1357 3655 1428">
    <p class='ocr_par' dir='ltr' id='par_1_42' title="bbox 2066 1357 3655 1428">
     <span class='ocr_line' id='line_1_42' title="bbox 2066 1357 3655 1428; baseline 0.002 -17"><span class='ocrx_word' id='word_1_283' title='bbox 2066 1373 2214 1427; x_wconf 87' lang='lat' dir='ltr'><strong>equo</strong></span> <span class='ocrx_word' id='word_1_284' title='bbox 2240 1374 2415 1412; x_wconf 89' lang='lat' dir='ltr'><strong>cornu</strong></span> <span class='ocrx_word' id='word_1_285' title='bbox 2459 1358 2703 1412; x_wconf 82' lang='lat' dir='ltr'><strong>sustulit.</strong></span> <span class='ocrx_word' id='word_1_286' title='bbox 2752 1358 2916 1412; x_wconf 79' lang='lat' dir='ltr'><strong>Venit</strong></span> <span class='ocrx_word' id='word_1_287' title='bbox 2944 1357 3192 1427; x_wconf 83' lang='lat' dir='ltr'><strong>quidam,</strong></span> <span class='ocrx_word' id='word_1_288' title='bbox 3242 1373 3493 1428; x_wconf 84' lang='lat' dir='ltr'><strong>zonaque</strong></span> <span class='ocrx_word' id='word_1_289' title='bbox 3520 1375 3655 1414; x_wconf 86' lang='lat' dir='ltr'><strong>ense</strong></span> 
     </span>
    </p>
   </div>
   <div class='ocr_carea' id='block_1_43' title="bbox 2068 1450 3655 1521">
    <p class='ocr_par' dir='ltr' id='par_1_43' title="bbox 2068 1450 3655 1521">
     <span class='ocr_line' id='line_1_43' title="bbox 2068 1450 3655 1521; baseline -0.002 -14"><span class='ocrx_word' id='word_1_290' title='bbox 2068 1452 2240 1507; x_wconf 81' lang='lat' dir='ltr'><strong>scissa</strong></span> <span class='ocrx_word' id='word_1_291' title='bbox 2273 1451 2451 1520; x_wconf 90' lang='lat' dir='ltr'><strong>ipsum</strong></span> <span class='ocrx_word' id='word_1_292' title='bbox 2482 1451 2771 1514; x_wconf 81' lang='lat' dir='ltr'><strong>liberavit;</strong></span> <span class='ocrx_word' id='word_1_293' title='bbox 2804 1450 2894 1505; x_wconf 89' lang='lat' dir='ltr'><strong>cui</strong></span> <span class='ocrx_word' id='word_1_294' title='bbox 2939 1458 2997 1506; x_wconf 90' lang='lat' dir='ltr'><strong>et</strong></span> <span class='ocrx_word' id='word_1_295' title='bbox 3038 1466 3296 1506; x_wconf 86' lang='lat' dir='ltr'><strong>reversus</strong></span> <span class='ocrx_word' id='word_1_296' title='bbox 3334 1461 3502 1521; x_wconf 88' lang='lat' dir='ltr'><strong>caput</strong></span> <span class='ocrx_word' id='word_1_297' title='bbox 3535 1466 3655 1505; x_wconf 90' lang='lat' dir='ltr'><strong>am-</strong></span> 
     </span>
    </p>
   </div>
   <div class='ocr_carea' id='block_1_44' title="bbox 2068 1542 3657 1618">
    <p class='ocr_par' dir='ltr' id='par_1_44' title="bbox 2068 1542 3657 1618">
     <span class='ocr_line' id='line_1_44' title="bbox 2068 1542 3657 1618; baseline -0.003 -20"><span class='ocrx_word' id='word_1_298' title='bbox 2068 1545 2302 1618; x_wconf 79' lang='lat' dir='ltr'><strong>putavit,</strong></span> <span class='ocrx_word' id='word_1_299' title='bbox 2332 1543 2524 1598; x_wconf 84' lang='lat' dir='ltr'><strong>dicens</strong></span> <span class='ocrx_word' id='word_1_300' title='bbox 2551 1561 2566 1596; x_wconf 88' lang='lat'><strong>:</strong></span> <span class='ocrx_word' id='word_1_301' title='bbox 2613 1542 2753 1596; x_wconf 81' lang='lat' dir='ltr'><strong>Cave</strong></span> <span class='ocrx_word' id='word_1_302' title='bbox 2787 1543 3037 1597; x_wconf 80' lang='lat' dir='ltr'><strong>adversus</strong></span> <span class='ocrx_word' id='word_1_303' title='bbox 3075 1543 3449 1612; x_wconf 82' lang='lat' dir='ltr'><strong>imperatorem</strong></span> <span class='ocrx_word' id='word_1_304' title='bbox 3482 1558 3657 1597; x_wconf 78' lang='lat' dir='ltr'><strong>ensem</strong></span> 
     </span>
    </p>
   </div>
   <div class='ocr_carea' id='block_1_45' title="bbox 2070 1635 3657 1691">
    <p class='ocr_par' dir='ltr' id='par_1_45' title="bbox 2070 1635 3657 1691">
     <span class='ocr_line' id='line_1_45' title="bbox 2070 1635 3657 1691; baseline 0.001 -2"><span class='ocrx_word' id='word_1_305' title='bbox 2070 1637 2368 1690; x_wconf 73' lang='lat' dir='ltr'><strong>nudaveris.</strong></span> <span class='ocrx_word' id='word_1_306' title='bbox 2419 1636 2495 1690; x_wconf 74' lang='lat' dir='ltr'><strong>Er</strong></span> <span class='ocrx_word' id='word_1_307' title='bbox 2526 1635 2674 1690; x_wconf 88' lang='lat' dir='ltr'><strong>cervi</strong></span> <span class='ocrx_word' id='word_1_308' title='bbox 2710 1644 2897 1690; x_wconf 86' lang='lat' dir='ltr'><strong>autem</strong></span> <span class='ocrx_word' id='word_1_309' title='bbox 2929 1635 3020 1689; x_wconf 87' lang='lat' dir='ltr'><strong>illa</strong></span> <span class='ocrx_word' id='word_1_310' title='bbox 3066 1636 3428 1691; x_wconf 90' lang='lat' dir='ltr'><strong>succussione</strong></span> <span class='ocrx_word' id='word_1_311' title='bbox 3460 1635 3657 1690; x_wconf 86' lang='lat' dir='ltr'><strong>morbo</strong></span> 
     </span>
    </p>
   </div>
   <div class='ocr_carea' id='block_1_46' title="bbox 2068 1729 3657 1800">
    <p class='ocr_par' dir='ltr' id='par_1_46' title="bbox 2068 1729 3657 1800">
     <span class='ocr_line' id='line_1_46' title="bbox 2068 1729 3657 1800; baseline -0.002 -14"><span class='ocrx_word' id='word_1_312' title='bbox 2068 1742 2359 1800; x_wconf 88' lang='lat' dir='ltr'><strong>correptus</strong></span> <span class='ocrx_word' id='word_1_313' title='bbox 2384 1731 2619 1786; x_wconf 81' lang='lat' dir='ltr'><strong>Basilius</strong></span> <span class='ocrx_word' id='word_1_314' title='bbox 2644 1730 2943 1799; x_wconf 79' lang='lat' dir='ltr'><strong>imperator</strong></span> <span class='ocrx_word' id='word_1_315' title='bbox 2974 1730 3120 1785; x_wconf 90' lang='lat' dir='ltr'><strong>diem</strong></span> <span class='ocrx_word' id='word_1_316' title='bbox 3148 1730 3289 1796; x_wconf 87' lang='lat' dir='ltr'><strong>obit,</strong></span> <span class='ocrx_word' id='word_1_317' title='bbox 3318 1729 3657 1799; x_wconf 82' lang='lat' dir='ltr'><strong>ejuscemodi</strong></span> 
     </span>
    </p>
   </div>
   <div class='ocr_carea' id='block_1_47' title="bbox 2069 1822 3657 1880">
    <p class='ocr_par' dir='ltr' id='par_1_47' title="bbox 2069 1822 3657 1880">
     <span class='ocr_line' id='line_1_47' title="bbox 2069 1822 3657 1880; baseline -0.001 -5"><span class='ocrx_word' id='word_1_318' title='bbox 2069 1824 2237 1876; x_wconf 84' lang='lat' dir='ltr'><strong>verba</strong></span> <span class='ocrx_word' id='word_1_319' title='bbox 2275 1822 2446 1877; x_wconf 86' lang='lat' dir='ltr'><strong>Leoni</strong></span> <span class='ocrx_word' id='word_1_320' title='bbox 2504 1822 2615 1877; x_wconf 85' lang='lat' dir='ltr'><strong>ﬁlio</strong></span> <span class='ocrx_word' id='word_1_321' title='bbox 2668 1837 2732 1877; x_wconf 87' lang='lat' dir='ltr'><strong>ac</strong></span> <span class='ocrx_word' id='word_1_322' title='bbox 2780 1822 3088 1877; x_wconf 81' lang='lat' dir='ltr'><strong>successori</strong></span> <span class='ocrx_word' id='word_1_323' title='bbox 3149 1822 3391 1880; x_wconf 84' lang='lat' dir='ltr'><strong>loculus.</strong></span> <span class='ocrx_word' id='word_1_324' title='bbox 3440 1836 3657 1876; x_wconf 76' lang='lat' dir='ltr'><strong>necnon</strong></span> 
     </span>
    </p>
   </div>
   <div class='ocr_carea' id='block_1_48' title="bbox 2068 1912 3659 1986">
    <p class='ocr_par' dir='ltr' id='par_1_48' title="bbox 2068 1912 3659 1986">
     <span class='ocr_line' id='line_1_48' title="bbox 2068 1912 3659 1986; baseline -0.004 -16"><span class='ocrx_word' id='word_1_325' title='bbox 2068 1913 2316 1986; x_wconf 83' lang='lat' dir='ltr'><strong>Styliano</strong></span> <span class='ocrx_word' id='word_1_326' title='bbox 2348 1914 2520 1984; x_wconf 88' lang='lat' dir='ltr'><strong>ipsius</strong></span> <span class='ocrx_word' id='word_1_327' title='bbox 2549 1914 2711 1983; x_wconf 80' lang='lat'><strong>700</strong></span> <span class='ocrx_word' id='word_1_328' title='bbox 2736 1913 3035 1968; x_wconf 86' lang='lat' dir='ltr'><strong>liberorum</strong></span> <span class='ocrx_word' id='word_1_329' title='bbox 3074 1912 3315 1969; x_wconf 84' lang='lat' dir='ltr'><strong>curatori</strong></span> <span class='ocrx_word' id='word_1_330' title='bbox 3343 1931 3357 1966; x_wconf 82' lang='grc' dir='ltr'><strong>ι</strong></span> <span class='ocrx_word' id='word_1_331' title='bbox 3393 1912 3659 1982; x_wconf 75' lang='lat' dir='ltr'><strong>Profanus</strong></span> 
     </span>
    </p>
   </div>
   <div class='ocr_carea' id='block_1_49' title="bbox 2071 2004 3663 2077">
    <p class='ocr_par' dir='ltr' id='par_1_49' title="bbox 2071 2004 3663 2077">
     <span class='ocr_line' id='line_1_49' title="bbox 2071 2004 3663 2077; baseline -0.002 -16"><span class='ocrx_word' id='word_1_332' title='bbox 2071 2005 2295 2061; x_wconf 79' lang='lat' dir='ltr'><strong>Photius</strong></span> <span class='ocrx_word' id='word_1_333' title='bbox 2344 2008 2565 2077; x_wconf 75' lang='lat' dir='ltr'><strong>ejusque</strong></span> <span class='ocrx_word' id='word_1_334' title='bbox 2606 2016 2896 2077; x_wconf 77' lang='lat' dir='ltr'><strong>sgmmyata</strong></span> <span class='ocrx_word' id='word_1_335' title='bbox 2937 2004 3339 2061; x_wconf 77' lang='lat' dir='ltr'><strong>Sautabarenus</strong></span> <span class='ocrx_word' id='word_1_336' title='bbox 3380 2023 3416 2060; x_wconf 82' lang='grc' dir='ltr'><strong>α</strong></span> <span class='ocrx_word' id='word_1_337' title='bbox 3444 2004 3551 2058; x_wconf 84' lang='lat' dir='ltr'><strong>Deo</strong></span> <span class='ocrx_word' id='word_1_338' title='bbox 3580 2021 3663 2059; x_wconf 83' lang='lat' dir='ltr'><strong>me</strong></span> 
     </span>
    </p>
   </div>
   <div class='ocr_carea' id='block_1_50' title="bbox 2070 2093 3661 2166">
    <p class='ocr_par' dir='ltr' id='par_1_50' title="bbox 2070 2093 3661 2166">
     <span class='ocr_line' id='line_1_50' title="bbox 2070 2093 3661 2166; baseline -0.001 -17"><span class='ocrx_word' id='word_1_339' title='bbox 2070 2096 2255 2166; x_wconf 80' lang='lat' dir='ltr'><strong>procul</strong></span> <span class='ocrx_word' id='word_1_340' title='bbox 2286 2095 2618 2166; x_wconf 75' lang='lat' dir='ltr'><strong>elongautes,</strong></span> <span class='ocrx_word' id='word_1_341' title='bbox 2668 2103 2828 2165; x_wconf 73' lang='lat' dir='ltr'><strong>atque</strong></span> <span class='ocrx_word' id='word_1_342' title='bbox 2872 2113 2904 2150; x_wconf 82' lang='grc' dir='ltr'><strong>ιι</strong></span> <span class='ocrx_word' id='word_1_343' title='bbox 2951 2096 3103 2164; x_wconf 81' lang='lat' dir='ltr'><strong>justo</strong></span> <span class='ocrx_word' id='word_1_344' title='bbox 3156 2093 3395 2148; x_wconf 81' lang='lat' dir='ltr'><strong>alienum</strong></span> <span class='ocrx_word' id='word_1_345' title='bbox 3444 2094 3661 2148; x_wconf 77' lang='lat' dir='ltr'><strong>scientia</strong></span> 
     </span>
    </p>
   </div>
   <div class='ocr_carea' id='block_1_51' title="bbox 2070 2185 3665 2255">
    <p class='ocr_par' dir='ltr' id='par_1_51' title="bbox 2070 2185 3665 2255">
     <span class='ocr_line' id='line_1_51' title="bbox 2070 2185 3665 2255; baseline 0 -16"><span class='ocrx_word' id='word_1_346' title='bbox 2070 2187 2365 2247; x_wconf 78' lang='lat' dir='ltr'><strong>reddentes,</strong></span> <span class='ocrx_word' id='word_1_347' title='bbox 2411 2188 2467 2241; x_wconf 81' lang='lat' dir='ltr'><strong>in</strong></span> <span class='ocrx_word' id='word_1_348' title='bbox 2524 2187 2670 2255; x_wconf 87' lang='lat' dir='ltr'><strong>paris</strong></span> <span class='ocrx_word' id='word_1_349' title='bbox 2717 2203 2798 2239; x_wconf 84' lang='lat' dir='ltr'><strong>me</strong></span> <span class='ocrx_word' id='word_1_350' title='bbox 2841 2203 3016 2240; x_wconf 79' lang='lat' dir='ltr'><strong>serum</strong></span> <span class='ocrx_word' id='word_1_351' title='bbox 3059 2185 3305 2255; x_wconf 77' lang='lat' dir='ltr'><strong>supplicii</strong></span> <span class='ocrx_word' id='word_1_352' title='bbox 3350 2187 3665 2239; x_wconf 74' lang='lat' dir='ltr'><strong>harathrum</strong></span> 
     </span>
    </p>
   </div>
   <div class='ocr_carea' id='block_1_52' title="bbox 2074 2275 3659 2340">
    <p class='ocr_par' dir='ltr' id='par_1_52' title="bbox 2074 2275 3659 2340">
     <span class='ocr_line' id='line_1_52' title="bbox 2074 2275 3659 2340; baseline 0 -10"><span class='ocrx_word' id='word_1_353' title='bbox 2074 2286 2307 2331; x_wconf 76' lang='lat' dir='ltr'><strong>traxere.</strong></span> <span class='ocrx_word' id='word_1_354' title='bbox 2344 2277 2471 2332; x_wconf 58' lang='lat' dir='ltr'><strong>llaec</strong></span> <span class='ocrx_word' id='word_1_355' title='bbox 2510 2277 2606 2330; x_wconf 88' lang='lat' dir='ltr'><strong>ubi</strong></span> <span class='ocrx_word' id='word_1_356' title='bbox 2650 2277 2890 2339; x_wconf 83' lang='lat' dir='ltr'><strong>dixerat,</strong></span> <span class='ocrx_word' id='word_1_357' title='bbox 2924 2276 3131 2330; x_wconf 80' lang='lat' dir='ltr'><strong>eﬂlavit</strong></span> <span class='ocrx_word' id='word_1_358' title='bbox 3154 2276 3418 2340; x_wconf 87' lang='lat' dir='ltr'><strong>animam,</strong></span> <span class='ocrx_word' id='word_1_359' title='bbox 3451 2275 3659 2339; x_wconf 83' lang='lat' dir='ltr'><strong>Leone,</strong></span> 
     </span>
    </p>
   </div>
   <div class='ocr_carea' id='block_1_53' title="bbox 2076 2368 3267 2440">
    <p class='ocr_par' dir='ltr' id='par_1_53' title="bbox 2076 2368 3267 2440">
     <span class='ocr_line' id='line_1_53' title="bbox 2076 2368 3267 2440; baseline -0.003 -14"><span class='ocrx_word' id='word_1_360' title='bbox 2076 2370 2359 2440; x_wconf 83' lang='lat' dir='ltr'><strong>Stephano</strong></span> <span class='ocrx_word' id='word_1_361' title='bbox 2388 2382 2445 2425; x_wconf 86' lang='lat' dir='ltr'><strong>et</strong></span> <span class='ocrx_word' id='word_1_362' title='bbox 2473 2369 2795 2425; x_wconf 80' lang='lat' dir='ltr'><strong>Alexandro</strong></span> <span class='ocrx_word' id='word_1_363' title='bbox 2820 2369 3012 2425; x_wconf 87' lang='lat' dir='ltr'><strong>liberis</strong></span> <span class='ocrx_word' id='word_1_364' title='bbox 3038 2368 3267 2423; x_wconf 87' lang='lat' dir='ltr'><strong>relictis.</strong></span> 
     </span>
    </p>
   </div>
   <div class='ocr_carea' id='block_1_54' title="bbox 2081 2584 3660 2663">
    <p class='ocr_par' dir='ltr' id='par_1_54' title="bbox 2081 2584 3660 2663">
     <span class='ocr_line' id='line_1_54' title="bbox 2081 2584 3660 2663; baseline -0.004 -14"><span class='ocrx_word' id='word_1_365' title='bbox 2081 2594 2438 2649; x_wconf 80' lang='lat' dir='ltr'><strong>Romanorum</strong></span> <span class='ocrx_word' id='word_1_366' title='bbox 2477 2584 2767 2663; x_wconf 80' lang='lat' dir='ltr'><strong>imperator</strong></span> <span class='ocrx_word' id='word_1_367' title='bbox 2813 2590 2914 2645; x_wconf 79' lang='lat' dir='ltr'><strong>Leo</strong></span> <span class='ocrx_word' id='word_1_368' title='bbox 2954 2608 3120 2645; x_wconf 82' lang='lat' dir='ltr'><strong>annos</strong></span> <span class='ocrx_word' id='word_1_369' title='bbox 3175 2606 3280 2643; x_wconf 78' lang='lat' dir='ltr'><strong>xxv</strong></span> <span class='ocrx_word' id='word_1_370' title='bbox 3344 2606 3542 2644; x_wconf 69' lang='lat' dir='ltr'><strong>menses</strong></span> <span class='ocrx_word' id='word_1_371' title='bbox 3587 2606 3660 2643; x_wconf 80' lang='lat' dir='ltr'><strong>rx.</strong></span> 
     </span>
    </p>
   </div>
   <div class='ocr_carea' id='block_1_55' title="bbox 2151 2721 3668 2787">
    <p class='ocr_par' dir='ltr' id='par_1_55' title="bbox 2151 2721 3668 2787">
     <span class='ocr_line' id='line_1_55' title="bbox 2151 2721 3668 2787; baseline -0.004 -8"><span class='ocrx_word' id='word_1_372' title='bbox 2151 2724 2339 2779; x_wconf 80' lang='lat' dir='ltr'><strong>Mundi</strong></span> <span class='ocrx_word' id='word_1_373' title='bbox 2387 2740 2567 2780; x_wconf 89' lang='lat' dir='ltr'><strong>annus</strong></span> <span class='ocrx_word' id='word_1_374' title='bbox 2618 2724 2778 2787; x_wconf 80' lang='lat'><strong>6588,</strong></span> <span class='ocrx_word' id='word_1_375' title='bbox 2829 2723 3029 2777; x_wconf 71' lang='lat' dir='ltr'><strong>divina:</strong></span> <span class='ocrx_word' id='word_1_376' title='bbox 3088 2721 3487 2776; x_wconf 83' lang='lat' dir='ltr'><strong>incarnationis</strong></span> <span class='ocrx_word' id='word_1_377' title='bbox 3530 2721 3668 2784; x_wconf 62' lang='lat'><strong>858,</strong></span> 
     </span>
    </p>
   </div>
   <div class='ocr_carea' id='block_1_56' title="bbox 2082 2813 3669 2886">
    <p class='ocr_par' dir='ltr' id='par_1_56' title="bbox 2082 2813 3669 2886">
     <span class='ocr_line' id='line_1_56' title="bbox 2082 2813 3669 2886; baseline -0.001 -15"><span class='ocrx_word' id='word_1_378' title='bbox 2082 2819 2462 2872; x_wconf 72' lang='lat' dir='ltr'><strong>Romanorum</strong></span> <span class='ocrx_word' id='word_1_379' title='bbox 2496 2817 2798 2886; x_wconf 85' lang='lat' dir='ltr'><strong>imperator</strong></span> <span class='ocrx_word' id='word_1_380' title='bbox 2848 2815 2962 2870; x_wconf 86' lang='lat' dir='ltr'><strong>Leo</strong></span> <span class='ocrx_word' id='word_1_381' title='bbox 3010 2831 3186 2871; x_wconf 87' lang='lat' dir='ltr'><strong>annos</strong></span> <span class='ocrx_word' id='word_1_382' title='bbox 3218 2816 3317 2880; x_wconf 75' lang='lat'><strong>‘25,</strong></span> <span class='ocrx_word' id='word_1_383' title='bbox 3368 2828 3584 2869; x_wconf 85' lang='lat' dir='ltr'><strong>menses</strong></span> <span class='ocrx_word' id='word_1_384' title='bbox 3610 2813 3669 2872; x_wconf 81' lang='lat'><strong>9.</strong></span> 
     </span>
    </p>
   </div>
   <div class='ocr_carea' id='block_1_57' title="bbox 2084 2906 3670 2978">
    <p class='ocr_par' dir='ltr' id='par_1_57' title="bbox 2084 2906 3670 2978">
     <span class='ocr_line' id='line_1_57' title="bbox 2084 2906 3670 2978; baseline -0.002 -14"><span class='ocrx_word' id='word_1_385' title='bbox 2084 2910 2404 2978; x_wconf 88' lang='lat' dir='ltr'><strong>Stephanus</strong></span> <span class='ocrx_word' id='word_1_386' title='bbox 2431 2907 2631 2963; x_wconf 83' lang='lat' dir='ltr'><strong>Leonis</strong></span> <span class='ocrx_word' id='word_1_387' title='bbox 2663 2909 2852 2971; x_wconf 79' lang='lat' dir='ltr'><strong>frater,</strong></span> <span class='ocrx_word' id='word_1_388' title='bbox 2879 2923 3004 2962; x_wconf 87' lang='lat' dir='ltr'><strong>cum</strong></span> <span class='ocrx_word' id='word_1_389' title='bbox 3026 2916 3176 2963; x_wconf 86' lang='lat' dir='ltr'><strong>esset</strong></span> <span class='ocrx_word' id='word_1_390' title='bbox 3197 2906 3434 2963; x_wconf 90' lang='lat' dir='ltr'><strong>clericus</strong></span> <span class='ocrx_word' id='word_1_391' title='bbox 3447 2921 3512 2962; x_wconf 90' lang='lat' dir='ltr'><strong>ac</strong></span> <span class='ocrx_word' id='word_1_392' title='bbox 3537 2921 3670 2978; x_wconf 80' lang='lat' dir='ltr'><strong>syn_~</strong></span> 
     </span>
    </p>
   </div>
   <div class='ocr_carea' id='block_1_58' title="bbox 2085 2998 3671 3069">
    <p class='ocr_par' dir='ltr' id='par_1_58' title="bbox 2085 2998 3671 3069">
     <span class='ocr_line' id='line_1_58' title="bbox 2085 2998 3671 3069; baseline -0.003 -13"><span class='ocrx_word' id='word_1_393' title='bbox 2085 3003 2278 3065; x_wconf 87' lang='lat' dir='ltr'><strong>celius,</strong></span> <span class='ocrx_word' id='word_1_394' title='bbox 2313 3016 2437 3055; x_wconf 87' lang='lat' dir='ltr'><strong>cum</strong></span> <span class='ocrx_word' id='word_1_395' title='bbox 2472 2999 2665 3055; x_wconf 88' lang='lat' dir='ltr'><strong>Photio</strong></span> <span class='ocrx_word' id='word_1_396' title='bbox 2708 2999 3032 3055; x_wconf 85' lang='lat' dir='ltr'><strong>versabatur</strong></span> <span class='ocrx_word' id='word_1_397' title='bbox 3080 2998 3293 3068; x_wconf 87' lang='lat' dir='ltr'><strong>subque</strong></span> <span class='ocrx_word' id='word_1_398' title='bbox 3330 2999 3451 3069; x_wconf 86' lang='lat' dir='ltr'><strong>ejus</strong></span> <span class='ocrx_word' id='word_1_399' title='bbox 3502 2998 3671 3053; x_wconf 80' lang='lat' dir='ltr'><strong>disci—</strong></span> 
     </span>
    </p>
   </div>
   <div class='ocr_carea' id='block_1_59' title="bbox 404 3090 1981 3175">
    <p class='ocr_par' dir='ltr' id='par_1_59' title="bbox 404 3090 1981 3165">
     <span class='ocr_line' id='line_1_59' title="bbox 404 3090 1981 3165; baseline 0.004 -22"><span class='ocrx_word' id='word_1_400' title='bbox 404 3093 533 3161; x_wconf 82' lang='grc' dir='ltr'>παρ’</span> <span class='ocrx_word' id='word_1_401' title='bbox 567 3090 731 3144; x_wconf 72' lang='grc' dir='ltr'>αὐτοῦ</span> <span class='ocrx_word' id='word_1_402' title='bbox 766 3092 859 3145; x_wconf 72' lang='grc' dir='ltr'>καὶ</span> <span class='ocrx_word' id='word_1_403' title='bbox 910 3093 1321 3159; x_wconf 75' lang='grc' dir='ltr'>παιδευόμενος.</span> <span class='ocrx_word' id='word_1_404' title='bbox 1362 3094 1421 3145; x_wconf 80' lang='grc' dir='ltr'>ὐ</span> <span class='ocrx_word' id='word_1_405' title='bbox 1464 3093 1520 3145; x_wconf 83' lang='grc' dir='ltr'>δὲ</span> <span class='ocrx_word' id='word_1_406' title='bbox 1551 3094 1702 3146; x_wconf 87' lang='grc' dir='ltr'>Λέων</span> <span class='ocrx_word' id='word_1_407' title='bbox 1748 3096 1883 3165; x_wconf 78' lang='grc' dir='ltr'>μετὰ</span> <span class='ocrx_word' id='word_1_408' title='bbox 1922 3096 1981 3149; x_wconf 82' lang='grc' dir='ltr'>τὸ</span> 
     </span>
    </p>
   </div>
   <div class='ocr_carea' id='block_1_60' title="bbox 2083 3090 3672 3175">
    <p class='ocr_par' dir='ltr' id='par_1_60' title="bbox 2088 3091 3672 3164">
     <span class='ocr_line' id='line_1_60' title="bbox 2088 3091 3672 3164; baseline -0.001 -18"><span class='ocrx_word' id='word_1_409' title='bbox 2088 3094 2236 3164; x_wconf 87' lang='lat' dir='ltr'><strong>plina</strong></span> <span class='ocrx_word' id='word_1_410' title='bbox 2256 3093 2634 3148; x_wconf 90' lang='lat' dir='ltr'><strong>erudiebatur.</strong></span> <span class='ocrx_word' id='word_1_411' title='bbox 2654 3092 2765 3148; x_wconf 91' lang='lat' dir='ltr'><strong>Leo</strong></span> <span class='ocrx_word' id='word_1_412' title='bbox 2791 3100 2974 3147; x_wconf 89' lang='lat' dir='ltr'><strong>autem</strong></span> <span class='ocrx_word' id='word_1_413' title='bbox 2999 3107 3182 3146; x_wconf 87' lang='lat' dir='ltr'><strong>rerum</strong></span> <span class='ocrx_word' id='word_1_414' title='bbox 3203 3107 3415 3147; x_wconf 89' lang='lat' dir='ltr'><strong>summa</strong></span> <span class='ocrx_word' id='word_1_415' title='bbox 3440 3091 3672 3162; x_wconf 78' lang='lat' dir='ltr'><strong>potitus,</strong></span> 
     </span>
    </p>
   </div>
   <div class='ocr_carea' id='block_1_61' title="bbox 403 3183 1984 3256">
    <p class='ocr_par' dir='ltr' id='par_1_61' title="bbox 403 3183 1984 3256">
     <span class='ocr_line' id='line_1_61' title="bbox 403 3183 1984 3256; baseline 0.004 -21"><span class='ocrx_word' id='word_1_416' title='bbox 403 3183 878 3253; x_wconf 78' lang='grc' dir='ltr'>αὐτοκρατορῆσαι</span> <span class='ocrx_word' id='word_1_417' title='bbox 907 3184 1228 3236; x_wconf 83' lang='grc' dir='ltr'>ἀπέστειλεν</span> <span class='ocrx_word' id='word_1_418' title='bbox 1269 3184 1523 3254; x_wconf 81' lang='grc' dir='ltr'>Ἀνδρέαν</span> <span class='ocrx_word' id='word_1_419' title='bbox 1559 3184 1650 3238; x_wconf 71' lang='grc' dir='ltr'><strong>τὸν</strong></span> <span class='ocrx_word' id='word_1_420' title='bbox 1678 3188 1984 3256; x_wconf 85' lang='grc' dir='ltr'>στρατηλά-</span> 
     </span>
    </p>
   </div>
   <div class='ocr_carea' id='block_1_62' title="bbox 403 3275 1984 3350">
    <p class='ocr_par' dir='ltr' id='par_1_62' title="bbox 403 3275 1984 3350">
     <span class='ocr_line' id='line_1_62' title="bbox 403 3275 1984 3350; baseline 0.002 -21"><span class='ocrx_word' id='word_1_421' title='bbox 403 3293 505 3344; x_wconf 85' lang='grc' dir='ltr'><strong>την</strong></span> <span class='ocrx_word' id='word_1_422' title='bbox 535 3275 674 3346; x_wconf 75' lang='grc' dir='ltr'>μετὰ</span> <span class='ocrx_word' id='word_1_423' title='bbox 703 3276 888 3347; x_wconf 81' lang='grc' dir='ltr'>κηρῶν</span> <span class='ocrx_word' id='word_1_424' title='bbox 921 3276 1130 3329; x_wconf 79' lang='grc' dir='ltr'>πολλῶν</span> <span class='ocrx_word' id='word_1_425' title='bbox 1169 3277 1449 3350; x_wconf 81' lang='grc' dir='ltr'>κληρικῶν</span> <span class='ocrx_word' id='word_1_426' title='bbox 1478 3295 1535 3331; x_wconf 83' lang='grc' dir='ltr'><strong>τε</strong></span> <span class='ocrx_word' id='word_1_427' title='bbox 1568 3280 1664 3332; x_wconf 78' lang='grc' dir='ltr'>καὶ</span> <span class='ocrx_word' id='word_1_428' title='bbox 1690 3280 1984 3348; x_wconf 79' lang='grc' dir='ltr'>συγκλητι-</span> 
     </span>
    </p>
   </div>
   <div class='ocr_carea' id='block_1_63' title="bbox 405 3367 1987 3441">
    <p class='ocr_par' dir='ltr' id='par_1_63' title="bbox 405 3367 1987 3441">
     <span class='ocr_line' id='line_1_63' title="bbox 405 3367 1987 3441; baseline 0.004 -21"><span class='ocrx_word' id='word_1_429' title='bbox 405 3367 516 3420; x_wconf 81' lang='grc' dir='ltr'>κῶν</span> <span class='ocrx_word' id='word_1_430' title='bbox 555 3369 612 3420; x_wconf 83' lang='grc' dir='ltr'>ἐν</span> <span class='ocrx_word' id='word_1_431' title='bbox 636 3368 998 3437; x_wconf 76' lang='grc' dir='ltr'>Χρυσοπόλει,</span> <span class='ocrx_word' id='word_1_432' title='bbox 1032 3370 1126 3422; x_wconf 80' lang='grc' dir='ltr'>καὶ</span> <span class='ocrx_word' id='word_1_433' title='bbox 1153 3370 1361 3441; x_wconf 65' lang='grc' dir='ltr'>ἤγαγεν</span> <span class='ocrx_word' id='word_1_434' title='bbox 1408 3369 1547 3440; x_wconf 76' lang='grc' dir='ltr'>μετὰ</span> <span class='ocrx_word' id='word_1_435' title='bbox 1582 3371 1818 3441; x_wconf 77' lang='grc' dir='ltr'>σπουδῆς</span> <span class='ocrx_word' id='word_1_436' title='bbox 1858 3372 1987 3426; x_wconf 77' lang='grc' dir='ltr'>πολ-</span> 
     </span>
    </p>
   </div>
   <div class='ocr_carea' id='block_1_64' title="bbox 406 3459 1987 3535">
    <p class='ocr_par' dir='ltr' id='par_1_64' title="bbox 406 3459 1987 3535">
     <span class='ocr_line' id='line_1_64' title="bbox 406 3459 1987 3535; baseline 0.004 -23"><span class='ocrx_word' id='word_1_437' title='bbox 406 3460 502 3528; x_wconf 81' lang='grc' dir='ltr'>λῆς</span> <span class='ocrx_word' id='word_1_438' title='bbox 535 3459 626 3512; x_wconf 74' lang='grc' dir='ltr'>καὶ</span> <span class='ocrx_word' id='word_1_439' title='bbox 668 3460 834 3529; x_wconf 75' lang='grc' dir='ltr'>τιμῆς</span> <span class='ocrx_word' id='word_1_440' title='bbox 866 3462 958 3513; x_wconf 71' lang='grc' dir='ltr'>καὶ</span> <span class='ocrx_word' id='word_1_441' title='bbox 992 3460 1177 3529; x_wconf 74' lang='grc' dir='ltr'>ὕμνων</span> <span class='ocrx_word' id='word_1_442' title='bbox 1228 3462 1287 3514; x_wconf 80' lang='grc' dir='ltr'><strong>τὸ</strong></span> <span class='ocrx_word' id='word_1_443' title='bbox 1338 3461 1590 3531; x_wconf 68' lang='grc' dir='ltr'>λείψανον</span> <span class='ocrx_word' id='word_1_444' title='bbox 1637 3464 1855 3535; x_wconf 76' lang='grc' dir='ltr'>Μιχαὴλ</span> <span class='ocrx_word' id='word_1_445' title='bbox 1892 3465 1987 3518; x_wconf 73' lang='grc' dir='ltr'>τοῦ</span> 
     </span>
    </p>
   </div>
   <div class='ocr_carea' id='block_1_65' title="bbox 410 3550 1988 3623">
    <p class='ocr_par' dir='ltr' id='par_1_65' title="bbox 410 3550 1988 3623">
     <span class='ocr_line' id='line_1_65' title="bbox 410 3550 1988 3623; baseline 0.003 -19"><span class='ocrx_word' id='word_1_446' title='bbox 410 3550 694 3621; x_wconf 81' lang='grc' dir='ltr'>βασιλέως,</span> <span class='ocrx_word' id='word_1_447' title='bbox 723 3551 815 3603; x_wconf 69' lang='grc' dir='ltr'><strong>καὶ</strong></span> <span class='ocrx_word' id='word_1_448' title='bbox 846 3551 1079 3604; x_wconf 77' lang='grc' dir='ltr'><strong>ἀπέθετο</strong></span> <span class='ocrx_word' id='word_1_449' title='bbox 1103 3551 1157 3603; x_wconf 82' lang='grc' dir='ltr'>ὲν</span> <span class='ocrx_word' id='word_1_450' title='bbox 1184 3552 1263 3623; x_wconf 80' lang='grc' dir='ltr'>τῷ</span> <span class='ocrx_word' id='word_1_451' title='bbox 1292 3554 1404 3622; x_wconf 78' lang='grc' dir='ltr'>ναῷ</span> <span class='ocrx_word' id='word_1_452' title='bbox 1430 3553 1537 3607; x_wconf 83' lang='grc' dir='ltr'>τῶν</span> <span class='ocrx_word' id='word_1_453' title='bbox 1584 3552 1782 3622; x_wconf 81' lang='grc' dir='ltr'>Ἀγίων</span> <span class='ocrx_word' id='word_1_454' title='bbox 1826 3555 1988 3609; x_wconf 82' lang='grc' dir='ltr'>Ἀπο-</span> 
     </span>
    </p>
   </div>
   <div class='ocr_carea' id='block_1_66' title="bbox 408 3642 1991 3719">
    <p class='ocr_par' dir='ltr' id='par_1_66' title="bbox 408 3642 1991 3719">
     <span class='ocr_line' id='line_1_66' title="bbox 408 3642 1991 3719; baseline 0.002 -22"><span class='ocrx_word' id='word_1_455' title='bbox 408 3644 611 3697; x_wconf 79' lang='grc' dir='ltr'>στόλων</span> <span class='ocrx_word' id='word_1_456' title='bbox 647 3645 702 3695; x_wconf 78' lang='grc' dir='ltr'>ἐν</span> <span class='ocrx_word' id='word_1_457' title='bbox 740 3642 988 3713; x_wconf 74' lang='grc' dir='ltr'>λάρνακι.</span> <span class='ocrx_word' id='word_1_458' title='bbox 1030 3642 1233 3698; x_wconf 80' lang='grc' dir='ltr'>Φώτιον</span> <span class='ocrx_word' id='word_1_459' title='bbox 1265 3644 1320 3697; x_wconf 83' lang='grc' dir='ltr'>δὲ</span> <span class='ocrx_word' id='word_1_460' title='bbox 1363 3645 1454 3699; x_wconf 74' lang='grc' dir='ltr'>τὸν</span> <span class='ocrx_word' id='word_1_461' title='bbox 1498 3647 1843 3719; x_wconf 81' lang='grc' dir='ltr'>πατριάρχην</span> <span class='ocrx_word' id='word_1_462' title='bbox 1872 3648 1991 3700; x_wconf 79' lang='grc' dir='ltr'>ἐπί-</span> 
     </span>
    </p>
   </div>
   <div class='ocr_carea' id='block_1_67' title="bbox 410 3734 1990 3805">
    <p class='ocr_par' dir='ltr' id='par_1_67' title="bbox 410 3734 1990 3805">
     <span class='ocr_line' id='line_1_67' title="bbox 410 3734 1990 3805; baseline 0.003 -17"><span class='ocrx_word' id='word_1_463' title='bbox 410 3736 597 3788; x_wconf 77' lang='grc' dir='ltr'>ϐουλον</span> <span class='ocrx_word' id='word_1_464' title='bbox 628 3734 948 3804; x_wconf 67' lang='grc' dir='ltr'>φωραθέντα</span> <span class='ocrx_word' id='word_1_465' title='bbox 988 3736 1086 3803; x_wconf 83' lang='grc' dir='ltr'>τῆς</span> <span class='ocrx_word' id='word_1_466' title='bbox 1128 3734 1455 3805; x_wconf 80' lang='grc' dir='ltr'>Ἐκκλησίας</span> <span class='ocrx_word' id='word_1_467' title='bbox 1487 3738 1765 3802; x_wconf 73' lang='grc' dir='ltr'>ἐκϐάλλει,</span> <span class='ocrx_word' id='word_1_468' title='bbox 1809 3739 1903 3792; x_wconf 81' lang='grc' dir='ltr'>καὶ</span> <span class='ocrx_word' id='word_1_469' title='bbox 1934 3741 1990 3792; x_wconf 66' lang='grc' dir='ltr'>ὲν</span> 
     </span>
    </p>
   </div>
   <div class='ocr_carea' id='block_1_68' title="bbox 408 3827 1990 3903">
    <p class='ocr_par' dir='ltr' id='par_1_68' title="bbox 408 3827 1990 3903">
     <span class='ocr_line' id='line_1_68' title="bbox 408 3827 1990 3903; baseline 0.004 -26"><span class='ocrx_word' id='word_1_470' title='bbox 408 3832 474 3898; x_wconf 75' lang='grc' dir='ltr'>τῇ</span> <span class='ocrx_word' id='word_1_471' title='bbox 504 3830 636 3897; x_wconf 79' lang='grc' dir='ltr'>μονῇ</span> <span class='ocrx_word' id='word_1_472' title='bbox 670 3828 777 3878; x_wconf 77' lang='grc' dir='ltr'>τῶν</span> <span class='ocrx_word' id='word_1_473' title='bbox 814 3827 1195 3896; x_wconf 69' lang='grc' dir='ltr'>Ἀρμενιακῶν</span> <span class='ocrx_word' id='word_1_474' title='bbox 1218 3832 1281 3898; x_wconf 81' lang='grc' dir='ltr'>τῇ</span> <span class='ocrx_word' id='word_1_475' title='bbox 1315 3828 1585 3903; x_wconf 78' lang='grc' dir='ltr'><strong>λεγομένῃ</strong></span> <span class='ocrx_word' id='word_1_476' title='bbox 1613 3831 1704 3883; x_wconf 79' lang='grc' dir='ltr'><strong>τοῦ</strong></span> <span class='ocrx_word' id='word_1_477' title='bbox 1732 3831 1990 3901; x_wconf 86' lang='grc' dir='ltr'>Γόρδονος</span> 
     </span>
    </p>
   </div>
   <div class='ocr_carea' id='block_1_69' title="bbox 422 3917 1991 3989">
    <p class='ocr_par' dir='ltr' id='par_1_69' title="bbox 422 3917 1991 3989">
     <span class='ocr_line' id='line_1_69' title="bbox 422 3917 1991 3989; baseline 0.003 -20"><span class='ocrx_word' id='word_1_478' title='bbox 422 3918 744 3988; x_wconf 73' lang='grc' dir='ltr'>περιορίςει·</span> <span class='ocrx_word' id='word_1_479' title='bbox 778 3917 906 3971; x_wconf 78' lang='grc' dir='ltr'>ἔνθα</span> <span class='ocrx_word' id='word_1_480' title='bbox 951 3918 1046 3970; x_wconf 76' lang='grc' dir='ltr'>καὶ</span> <span class='ocrx_word' id='word_1_481' title='bbox 1079 3918 1325 3989; x_wconf 85' lang='grc' dir='ltr'>τελευτᾷ.</span> <span class='ocrx_word' id='word_1_482' title='bbox 1359 3920 1675 3986; x_wconf 76' lang='grc' dir='ltr'>Χειροτονεῖ</span> <span class='ocrx_word' id='word_1_483' title='bbox 1695 3921 1752 3973; x_wconf 83' lang='grc' dir='ltr'>δὲ</span> <span class='ocrx_word' id='word_1_484' title='bbox 1784 3921 1991 3989; x_wconf 80' lang='grc' dir='ltr'>Στέφαο</span> 
     </span>
    </p>
   </div>
   <div class='ocr_carea' id='block_1_70' title="bbox 424 4010 1992 4081">
    <p class='ocr_par' dir='ltr' id='par_1_70' title="bbox 424 4010 1992 4081">
     <span class='ocr_line' id='line_1_70' title="bbox 424 4010 1992 4081; baseline 0.003 -20"><span class='ocrx_word' id='word_1_485' title='bbox 424 4028 506 4061; x_wconf 80' lang='grc' dir='ltr'><strong>νον</strong></span> <span class='ocrx_word' id='word_1_486' title='bbox 536 4010 850 4078; x_wconf 74' lang='grc' dir='ltr'>σύγκελλον,</span> <span class='ocrx_word' id='word_1_487' title='bbox 876 4012 967 4064; x_wconf 76' lang='grc' dir='ltr'>τὸν</span> <span class='ocrx_word' id='word_1_488' title='bbox 992 4012 1123 4065; x_wconf 78' lang='grc' dir='ltr'>ἴδιον</span> <span class='ocrx_word' id='word_1_489' title='bbox 1154 4011 1319 4065; x_wconf 79' lang='grc' dir='ltr'>αὑτοῦ</span> <span class='ocrx_word' id='word_1_490' title='bbox 1361 4012 1608 4081; x_wconf 79' lang='grc' dir='ltr'>ἀδελφὸν,</span> <span class='ocrx_word' id='word_1_491' title='bbox 1646 4014 1735 4068; x_wconf 88' lang='grc' dir='ltr'><strong>διά</strong></span> <span class='ocrx_word' id='word_1_492' title='bbox 1760 4031 1819 4067; x_wconf 86' lang='grc' dir='ltr'><strong>τε</strong></span> <span class='ocrx_word' id='word_1_493' title='bbox 1860 4013 1992 4066; x_wconf 78' lang='grc' dir='ltr'>Θεο-</span> 
     </span>
    </p>
   </div>
   <div class='ocr_carea' id='block_1_71' title="bbox 413 4103 1992 4179">
    <p class='ocr_par' dir='ltr' id='par_1_71' title="bbox 413 4103 1992 4179">
     <span class='ocr_line' id='line_1_71' title="bbox 413 4103 1992 4179; baseline 0.005 -26"><span class='ocrx_word' id='word_1_494' title='bbox 413 4103 612 4171; x_wconf 73' lang='grc' dir='ltr'>φάνους</span> <span class='ocrx_word' id='word_1_495' title='bbox 645 4103 738 4158; x_wconf 81' lang='grc' dir='ltr'>τοῦ</span> <span class='ocrx_word' id='word_1_496' title='bbox 782 4103 1162 4174; x_wconf 73' lang='grc' dir='ltr'>πρωτοθρόνου</span> <span class='ocrx_word' id='word_1_497' title='bbox 1214 4104 1309 4159; x_wconf 73' lang='grc' dir='ltr'>καὶ</span> <span class='ocrx_word' id='word_1_498' title='bbox 1336 4105 1542 4158; x_wconf 75' lang='grc' dir='ltr'>λοιπιίν</span> <span class='ocrx_word' id='word_1_499' title='bbox 1570 4106 1901 4179; x_wconf 80' lang='grc' dir='ltr'>ἀρχιερέων·</span> <span class='ocrx_word' id='word_1_500' title='bbox 1934 4107 1992 4171; x_wconf 83' lang='grc' dir='ltr'>ὃς</span> 
     </span>
    </p>
   </div>
   <div class='ocr_carea' id='block_1_72' title="bbox 411 4196 1993 4271">
    <p class='ocr_par' dir='ltr' id='par_1_72' title="bbox 411 4196 1993 4271">
     <span class='ocr_line' id='line_1_72' title="bbox 411 4196 1993 4271; baseline 0.003 -23"><span class='ocrx_word' id='word_1_501' title='bbox 411 4197 503 4250; x_wconf 66' lang='grc' dir='ltr'>καὶ</span> <span class='ocrx_word' id='word_1_502' title='bbox 529 4198 725 4265; x_wconf 75' lang='grc' dir='ltr'>ἔζησεν</span> <span class='ocrx_word' id='word_1_503' title='bbox 758 4196 853 4267; x_wconf 79' lang='grc' dir='ltr'>ἔτη</span> <span class='ocrx_word' id='word_1_504' title='bbox 900 4203 954 4262; x_wconf 86' lang='grc' dir='ltr'>ς’</span> <span class='ocrx_word' id='word_1_505' title='bbox 984 4198 1078 4249; x_wconf 75' lang='grc' dir='ltr'>καὶ</span> <span class='ocrx_word' id='word_1_506' title='bbox 1111 4196 1292 4268; x_wconf 79' lang='grc' dir='ltr'>μῆνας</span> <span class='ocrx_word' id='word_1_507' title='bbox 1329 4204 1391 4261; x_wconf 85' lang='grc' dir='ltr'>ε’,</span> <span class='ocrx_word' id='word_1_508' title='bbox 1433 4199 1528 4250; x_wconf 65' lang='grc' dir='ltr'>καὶ</span> <span class='ocrx_word' id='word_1_509' title='bbox 1555 4196 1821 4252; x_wconf 78' lang='grc' dir='ltr'>θάπτεται</span> <span class='ocrx_word' id='word_1_510' title='bbox 1847 4201 1905 4251; x_wconf 82' lang='grc' dir='ltr'>ὲν</span> <span class='ocrx_word' id='word_1_511' title='bbox 1928 4202 1993 4271; x_wconf 79' lang='grc' dir='ltr'>τῇ</span> 
     </span>
    </p>
   </div>
   <div class='ocr_carea' id='block_1_73' title="bbox 414 4288 1993 4359">
    <p class='ocr_par' dir='ltr' id='par_1_73' title="bbox 414 4288 1993 4359">
     <span class='ocr_line' id='line_1_73' title="bbox 414 4288 1993 4359; baseline 0.004 -21"><span class='ocrx_word' id='word_1_512' title='bbox 414 4290 547 4357; x_wconf 82' lang='grc' dir='ltr'>μονῇ</span> <span class='ocrx_word' id='word_1_513' title='bbox 573 4288 682 4340; x_wconf 80' lang='grc' dir='ltr'>τῶν</span> <span class='ocrx_word' id='word_1_514' title='bbox 719 4289 943 4340; x_wconf 83' lang='grc' dir='ltr'>Σικεῶν.</span> <span class='ocrx_word' id='word_1_515' title='bbox 974 4288 1170 4355; x_wconf 80' lang='grc' dir='ltr'>Γέγονε</span> <span class='ocrx_word' id='word_1_516' title='bbox 1190 4289 1246 4341; x_wconf 84' lang='grc' dir='ltr'>δὲ</span> <span class='ocrx_word' id='word_1_517' title='bbox 1276 4289 1606 4359; x_wconf 76' lang='grc' dir='ltr'>ἐμπρησμὸς</span> <span class='ocrx_word' id='word_1_518' title='bbox 1635 4289 1862 4358; x_wconf 79' lang='grc' dir='ltr'>πλησίον</span> <span class='ocrx_word' id='word_1_519' title='bbox 1884 4290 1993 4344; x_wconf 83' lang='grc' dir='ltr'><strong>τῶν</strong></span> 
     </span>
    </p>
   </div>
   <div class='ocr_carea' id='block_1_74' title="bbox 414 4378 1994 4451">
    <p class='ocr_par' dir='ltr' id='par_1_74' title="bbox 414 4378 1994 4451">
     <span class='ocr_line' id='line_1_74' title="bbox 414 4378 1994 4451; baseline 0.003 -21"><span class='ocrx_word' id='word_1_520' title='bbox 414 4378 622 4446; x_wconf 83' lang='grc' dir='ltr'>Σοφιῶν</span> <span class='ocrx_word' id='word_1_521' title='bbox 654 4383 745 4432; x_wconf 74' lang='grc' dir='ltr'>καὶ</span> <span class='ocrx_word' id='word_1_522' title='bbox 778 4383 874 4451; x_wconf 80' lang='grc' dir='ltr'>τῆς</span> <span class='ocrx_word' id='word_1_523' title='bbox 899 4380 1155 4450; x_wconf 78' lang='grc' dir='ltr'>Σιδηρᾶς,</span> <span class='ocrx_word' id='word_1_524' title='bbox 1183 4379 1597 4449; x_wconf 74' lang='grc' dir='ltr'>ἐμπρησθέντος</span> <span class='ocrx_word' id='word_1_525' title='bbox 1621 4381 1715 4433; x_wconf 72' lang='grc' dir='ltr'>καὶ</span> <span class='ocrx_word' id='word_1_526' title='bbox 1740 4379 1833 4434; x_wconf 78' lang='grc' dir='ltr'><strong>τοῦ</strong></span> <span class='ocrx_word' id='word_1_527' title='bbox 1866 4380 1994 4434; x_wconf 81' lang='grc' dir='ltr'>ναοῦ</span> 
     </span>
    </p>
   </div>
   <div class='ocr_carea' id='block_1_75' title="bbox 2088 3182 3676 3253">
    <p class='ocr_par' dir='ltr' id='par_1_75' title="bbox 2088 3182 3676 3253">
     <span class='ocr_line' id='line_1_75' title="bbox 2088 3182 3676 3253; baseline 0.001 -17"><span class='ocrx_word' id='word_1_528' title='bbox 2088 3184 2257 3239; x_wconf 87' lang='lat' dir='ltr'><strong>misso</strong></span> <span class='ocrx_word' id='word_1_529' title='bbox 2308 3183 2528 3239; x_wconf 88' lang='lat' dir='ltr'><strong>Andrea</strong></span> <span class='ocrx_word' id='word_1_530' title='bbox 2579 3184 2789 3239; x_wconf 68' lang='lat' dir='ltr'><strong>militia:</strong></span> <span class='ocrx_word' id='word_1_531' title='bbox 2820 3183 3085 3253; x_wconf 78' lang='lat' dir='ltr'><strong>magistro</strong></span> <span class='ocrx_word' id='word_1_532' title='bbox 3112 3198 3236 3238; x_wconf 91' lang='lat' dir='ltr'><strong>cum</strong></span> <span class='ocrx_word' id='word_1_533' title='bbox 3276 3183 3465 3237; x_wconf 91' lang='lat' dir='ltr'><strong>multis</strong></span> <span class='ocrx_word' id='word_1_534' title='bbox 3496 3182 3676 3237; x_wconf 86' lang='lat' dir='ltr'><strong>cereis</strong></span> 
     </span>
    </p>
   </div>
   <div class='ocr_carea' id='block_1_76' title="bbox 2088 3274 3674 3346">
    <p class='ocr_par' dir='ltr' id='par_1_76' title="bbox 2088 3274 3674 3346">
     <span class='ocr_line' id='line_1_76' title="bbox 2088 3274 3674 3346; baseline -0.003 -15"><span class='ocrx_word' id='word_1_535' title='bbox 2088 3284 2145 3331; x_wconf 92' lang='lat' dir='ltr'><strong>et</strong></span> <span class='ocrx_word' id='word_1_536' title='bbox 2182 3276 2401 3331; x_wconf 82' lang='lat' dir='ltr'><strong>clericis</strong></span> <span class='ocrx_word' id='word_1_537' title='bbox 2437 3276 2682 3346; x_wconf 87' lang='lat' dir='ltr'><strong>virisque</strong></span> <span class='ocrx_word' id='word_1_538' title='bbox 2718 3275 2980 3331; x_wconf 84' lang='lat' dir='ltr'><strong>senatorii</strong></span> <span class='ocrx_word' id='word_1_539' title='bbox 3008 3274 3221 3331; x_wconf 86' lang='lat' dir='ltr'><strong>ordinis</strong></span> <span class='ocrx_word' id='word_1_540' title='bbox 3265 3274 3674 3345; x_wconf 53' lang='lat' dir='ltr'><strong>Chrysopolim,</strong></span> 
     </span>
    </p>
   </div>
   <div class='ocr_carea' id='block_1_77' title="bbox 2089 3366 3677 3438">
    <p class='ocr_par' dir='ltr' id='par_1_77' title="bbox 2089 3366 3677 3438">
     <span class='ocr_line' id='line_1_77' title="bbox 2089 3366 3677 3438; baseline -0.001 -16"><span class='ocrx_word' id='word_1_541' title='bbox 2089 3367 2155 3422; x_wconf 88' lang='lat' dir='ltr'><strong>ad</strong></span> <span class='ocrx_word' id='word_1_542' title='bbox 2190 3368 2473 3423; x_wconf 80' lang='lat' dir='ltr'><strong>Michaelis</strong></span> <span class='ocrx_word' id='word_1_543' title='bbox 2503 3367 2851 3438; x_wconf 84' lang='lat' dir='ltr'><strong>imperatoris</strong></span> <span class='ocrx_word' id='word_1_544' title='bbox 2875 3366 3140 3437; x_wconf 77' lang='lat' dir='ltr'><strong>reliquias</strong></span> <span class='ocrx_word' id='word_1_545' title='bbox 3166 3382 3364 3437; x_wconf 78' lang='lat' dir='ltr'><strong>magno</strong></span> <span class='ocrx_word' id='word_1_546' title='bbox 3401 3366 3585 3423; x_wconf 82' lang='lat' dir='ltr'><strong>studio</strong></span> <span class='ocrx_word' id='word_1_547' title='bbox 3618 3374 3677 3420; x_wconf 86' lang='lat' dir='ltr'><strong>et</strong></span> 
     </span>
    </p>
   </div>
   <div class='ocr_carea' id='block_1_78' title="bbox 2090 3457 3674 3522">
    <p class='ocr_par' dir='ltr' id='par_1_78' title="bbox 2090 3457 3674 3522">
     <span class='ocr_line' id='line_1_78' title="bbox 2090 3457 3674 3522; baseline -0.001 -9"><span class='ocrx_word' id='word_1_548' title='bbox 2090 3460 2242 3514; x_wconf 80' lang='lat' dir='ltr'><strong>cultu</strong></span> <span class='ocrx_word' id='word_1_549' title='bbox 2271 3475 2334 3514; x_wconf 86' lang='lat' dir='ltr'><strong>ac</strong></span> <span class='ocrx_word' id='word_1_550' title='bbox 2356 3459 2587 3515; x_wconf 89' lang='lat' dir='ltr'><strong>canticis</strong></span> <span class='ocrx_word' id='word_1_551' title='bbox 2609 3461 2660 3513; x_wconf 90' lang='lat' dir='ltr'><strong>in</strong></span> <span class='ocrx_word' id='word_1_552' title='bbox 2689 3460 2882 3514; x_wconf 82' lang='lat' dir='ltr'><strong>urbem</strong></span> <span class='ocrx_word' id='word_1_553' title='bbox 2904 3458 3242 3522; x_wconf 81' lang='lat' dir='ltr'><strong>inferendas,</strong></span> <span class='ocrx_word' id='word_1_554' title='bbox 3263 3458 3319 3512; x_wconf 87' lang='lat' dir='ltr'><strong>in</strong></span> <span class='ocrx_word' id='word_1_555' title='bbox 3348 3457 3674 3515; x_wconf 87' lang='lat' dir='ltr'><strong>Sanctorum</strong></span> 
     </span>
    </p>
   </div>
   <div class='ocr_carea' id='block_1_79' title="bbox 2091 3550 3677 3622">
    <p class='ocr_par' dir='ltr' id='par_1_79' title="bbox 2091 3550 3677 3622">
     <span class='ocr_line' id='line_1_79' title="bbox 2091 3550 3677 3622; baseline 0 -18"><span class='ocrx_word' id='word_1_556' title='bbox 2091 3567 2185 3606; x_wconf 83' lang='lat' dir='ltr'><strong>eas</strong></span> <span class='ocrx_word' id='word_1_557' title='bbox 2226 3552 2613 3622; x_wconf 82' lang='lat' dir='ltr'><strong>Apostolorum</strong></span> <span class='ocrx_word' id='word_1_558' title='bbox 2655 3552 2708 3608; x_wconf 89' lang='lat' dir='ltr'><strong>in</strong></span> <span class='ocrx_word' id='word_1_559' title='bbox 2755 3568 2891 3608; x_wconf 90' lang='lat' dir='ltr'><strong>urna</strong></span> <span class='ocrx_word' id='word_1_560' title='bbox 2925 3551 3211 3621; x_wconf 81' lang='lat' dir='ltr'><strong>deposuit;</strong></span> <span class='ocrx_word' id='word_1_561' title='bbox 3248 3550 3505 3606; x_wconf 88' lang='lat' dir='ltr'><strong>Photium</strong></span> <span class='ocrx_word' id='word_1_562' title='bbox 3543 3566 3677 3606; x_wconf 86' lang='lat' dir='ltr'><strong>vero</strong></span> 
     </span>
    </p>
   </div>
   <div class='ocr_carea' id='block_1_80' title="bbox 2092 3642 3677 3716">
    <p class='ocr_par' dir='ltr' id='par_1_80' title="bbox 2092 3642 3677 3716">
     <span class='ocr_line' id='line_1_80' title="bbox 2092 3642 3677 3716; baseline 0 -19"><span class='ocrx_word' id='word_1_563' title='bbox 2092 3645 2460 3715; x_wconf 87' lang='lat' dir='ltr'><strong>patriarcham</strong></span> <span class='ocrx_word' id='word_1_564' title='bbox 2516 3645 2760 3701; x_wconf 84' lang='lat' dir='ltr'><strong>Ecclesia</strong></span> <span class='ocrx_word' id='word_1_565' title='bbox 2816 3645 3056 3716; x_wconf 85' lang='lat' dir='ltr'><strong>ejectum</strong></span> <span class='ocrx_word' id='word_1_566' title='bbox 3114 3644 3169 3699; x_wconf 90' lang='lat' dir='ltr'><strong>in</strong></span> <span class='ocrx_word' id='word_1_567' title='bbox 3219 3642 3677 3699; x_wconf 87' lang='lat' dir='ltr'><strong>Armeniacorutn</strong></span> 
     </span>
    </p>
   </div>
   <div class='ocr_carea' id='block_1_81' title="bbox 2097 3733 3679 3807">
    <p class='ocr_par' dir='ltr' id='par_1_81' title="bbox 2097 3733 3679 3807">
     <span class='ocr_line' id='line_1_81' title="bbox 2097 3733 3679 3807; baseline -0.001 -17"><span class='ocrx_word' id='word_1_568' title='bbox 2097 3736 2496 3791; x_wconf 87' lang='lat' dir='ltr'><strong>monasterium</strong></span> <span class='ocrx_word' id='word_1_569' title='bbox 2528 3736 2754 3806; x_wconf 77' lang='lat' dir='ltr'><strong>relegat,</strong></span> <span class='ocrx_word' id='word_1_570' title='bbox 2801 3735 2949 3807; x_wconf 89' lang='lat' dir='ltr'><strong>quod</strong></span> <span class='ocrx_word' id='word_1_571' title='bbox 2993 3734 3271 3792; x_wconf 85' lang='lat' dir='ltr'><strong>Gordonis</strong></span> <span class='ocrx_word' id='word_1_572' title='bbox 3313 3743 3544 3799; x_wconf 78' lang='lat' dir='ltr'><strong>vocant;</strong></span> <span class='ocrx_word' id='word_1_573' title='bbox 3581 3733 3679 3790; x_wconf 84' lang='lat' dir='ltr'><strong>ubi</strong></span> 
     </span>
    </p>
   </div>
   <div class='ocr_carea' id='block_1_82' title="bbox 2092 3824 3680 3894">
    <p class='ocr_par' dir='ltr' id='par_1_82' title="bbox 2092 3824 3680 3894">
     <span class='ocr_line' id='line_1_82' title="bbox 2092 3824 3680 3894; baseline -0.001 -14"><span class='ocrx_word' id='word_1_574' title='bbox 2092 3836 2150 3880; x_wconf 91' lang='lat' dir='ltr'><strong>et</strong></span> <span class='ocrx_word' id='word_1_575' title='bbox 2176 3826 2431 3880; x_wconf 90' lang='lat' dir='ltr'><strong>moritur.</strong></span> <span class='ocrx_word' id='word_1_576' title='bbox 2461 3826 2802 3894; x_wconf 86' lang='lat' dir='ltr'><strong>Stephanum</strong></span> <span class='ocrx_word' id='word_1_577' title='bbox 2830 3840 2994 3894; x_wconf 93' lang='lat' dir='ltr'><strong>porro</strong></span> <span class='ocrx_word' id='word_1_578' title='bbox 3020 3825 3241 3879; x_wconf 78' lang='lat' dir='ltr'><strong>fratrem</strong></span> <span class='ocrx_word' id='word_1_579' title='bbox 3265 3839 3364 3894; x_wconf 88' lang='lat' dir='ltr'><strong>per</strong></span> <span class='ocrx_word' id='word_1_580' title='bbox 3385 3824 3680 3892; x_wconf 87' lang='lat' dir='ltr'><strong>Theopha-</strong></span> 
     </span>
    </p>
   </div>
   <div class='ocr_carea' id='block_1_83' title="bbox 2093 3916 3677 3987">
    <p class='ocr_par' dir='ltr' id='par_1_83' title="bbox 2093 3916 3677 3987">
     <span class='ocr_line' id='line_1_83' title="bbox 2093 3916 3677 3987; baseline -0.003 -14"><span class='ocrx_word' id='word_1_581' title='bbox 2093 3934 2219 3973; x_wconf 86' lang='lat' dir='ltr'><strong>nem</strong></span> <span class='ocrx_word' id='word_1_582' title='bbox 2253 3917 2443 3987; x_wconf 75' lang='lat' dir='ltr'><strong>primze</strong></span> <span class='ocrx_word' id='word_1_583' title='bbox 2482 3917 2630 3971; x_wconf 90' lang='lat' dir='ltr'><strong>sedis</strong></span> <span class='ocrx_word' id='word_1_584' title='bbox 2662 3916 2982 3985; x_wconf 88' lang='lat' dir='ltr'><strong>episcopum</strong></span> <span class='ocrx_word' id='word_1_585' title='bbox 3027 3917 3429 3986; x_wconf 74' lang='grc' dir='ltr'>(πρωτόθρονον</span> <span class='ocrx_word' id='word_1_586' title='bbox 3458 3916 3677 3981; x_wconf 78' lang='lat' dir='ltr'><strong>vocant)</strong></span> 
     </span>
    </p>
   </div>
   <div class='ocr_carea' id='block_1_84' title="bbox 2094 4006 3680 4077">
    <p class='ocr_par' dir='ltr' id='par_1_84' title="bbox 2094 4006 3680 4077">
     <span class='ocr_line' id='line_1_84' title="bbox 2094 4006 3680 4077; baseline 0.003 -17"><span class='ocrx_word' id='word_1_587' title='bbox 2094 4023 2158 4061; x_wconf 87' lang='lat' dir='ltr'><strong>ac</strong></span> <span class='ocrx_word' id='word_1_588' title='bbox 2185 4008 2474 4077; x_wconf 82' lang='lat' dir='ltr'><strong>episcopos</strong></span> <span class='ocrx_word' id='word_1_589' title='bbox 2511 4008 2650 4061; x_wconf 84' lang='lat' dir='ltr'><strong>alios</strong></span> <span class='ocrx_word' id='word_1_590' title='bbox 2683 4016 2843 4062; x_wconf 87' lang='lat' dir='ltr'><strong>curat</strong></span> <span class='ocrx_word' id='word_1_591' title='bbox 2886 4006 3169 4072; x_wconf 88' lang='lat' dir='ltr'><strong>ordinari;</strong></span> <span class='ocrx_word' id='word_1_592' title='bbox 3224 4007 3471 4076; x_wconf 65' lang='lat' dir='ltr'><strong>vixitque</strong></span> <span class='ocrx_word' id='word_1_593' title='bbox 3504 4023 3680 4065; x_wconf 88' lang='lat' dir='ltr'><strong>annos</strong></span> 
     </span>
    </p>
   </div>
   <div class='ocr_carea' id='block_1_85' title="bbox 2095 4098 3679 4168">
    <p class='ocr_par' dir='ltr' id='par_1_85' title="bbox 2095 4098 3679 4168">
     <span class='ocr_line' id='line_1_85' title="bbox 2095 4098 3679 4168; baseline -0.003 -15"><span class='ocrx_word' id='word_1_594' title='bbox 2095 4115 2186 4153; x_wconf 84' lang='lat' dir='ltr'><strong>sex</strong></span> <span class='ocrx_word' id='word_1_595' title='bbox 2220 4115 2440 4154; x_wconf 83' lang='lat' dir='ltr'><strong>menses</strong></span> <span class='ocrx_word' id='word_1_596' title='bbox 2459 4100 2726 4168; x_wconf 85' lang='lat' dir='ltr'><strong>quinque.</strong></span> <span class='ocrx_word' id='word_1_597' title='bbox 2755 4099 3131 4167; x_wconf 84' lang='lat' dir='ltr'><strong>sepeliturque</strong></span> <span class='ocrx_word' id='word_1_598' title='bbox 3159 4099 3211 4151; x_wconf 91' lang='lat' dir='ltr'><strong>in</strong></span> <span class='ocrx_word' id='word_1_599' title='bbox 3244 4098 3528 4154; x_wconf 88' lang='lat' dir='ltr'><strong>Siceorum</strong></span> <span class='ocrx_word' id='word_1_600' title='bbox 3557 4115 3679 4152; x_wconf 65' lang='lat' dir='ltr'><strong>mo.</strong></span> 
     </span>
    </p>
   </div>
   <div class='ocr_carea' id='block_1_86' title="bbox 2097 4189 3678 4260">
    <p class='ocr_par' dir='ltr' id='par_1_86' title="bbox 2097 4189 3678 4260">
     <span class='ocr_line' id='line_1_86' title="bbox 2097 4189 3678 4260; baseline -0.002 -14"><span class='ocrx_word' id='word_1_601' title='bbox 2097 4190 2359 4246; x_wconf 86' lang='lat' dir='ltr'><strong>nastcrio.</strong></span> <span class='ocrx_word' id='word_1_602' title='bbox 2404 4190 2652 4245; x_wconf 84' lang='lat' dir='ltr'><strong>Conﬂato</strong></span> <span class='ocrx_word' id='word_1_603' title='bbox 2698 4189 2764 4244; x_wconf 88' lang='lat' dir='ltr'><strong>ad</strong></span> <span class='ocrx_word' id='word_1_604' title='bbox 2798 4189 3027 4257; x_wconf 79' lang='lat' dir='ltr'><strong>Sephias</strong></span> <span class='ocrx_word' id='word_1_605' title='bbox 3072 4201 3126 4242; x_wconf 89' lang='lat' dir='ltr'><strong>et</strong></span> <span class='ocrx_word' id='word_1_606' title='bbox 3168 4190 3425 4244; x_wconf 88' lang='lat' dir='ltr'><strong>Ferream</strong></span> <span class='ocrx_word' id='word_1_607' title='bbox 3470 4190 3678 4260; x_wconf 78' lang='lat' dir='ltr'><strong>ingenti</strong></span> 
     </span>
    </p>
   </div>
   <div class='ocr_carea' id='block_1_87' title="bbox 2097 4282 3679 4354">
    <p class='ocr_par' dir='ltr' id='par_1_87' title="bbox 2097 4282 3679 4354">
     <span class='ocr_line' id='line_1_87' title="bbox 2097 4282 3679 4354; baseline -0.002 -13"><span class='ocrx_word' id='word_1_608' title='bbox 2097 4285 2354 4341; x_wconf 86' lang='lat' dir='ltr'><strong>incendio</strong></span> <span class='ocrx_word' id='word_1_609' title='bbox 2385 4284 2738 4354; x_wconf 89' lang='lat' dir='ltr'><strong>absumptum</strong></span> <span class='ocrx_word' id='word_1_610' title='bbox 2776 4282 2832 4337; x_wconf 90' lang='lat' dir='ltr'><strong>S.</strong></span> <span class='ocrx_word' id='word_1_611' title='bbox 2874 4282 3097 4336; x_wconf 79' lang='lat' dir='ltr'><strong>Thema:</strong></span> <span class='ocrx_word' id='word_1_612' title='bbox 3147 4284 3411 4353; x_wconf 87' lang='lat' dir='ltr'><strong>templum</strong></span> <span class='ocrx_word' id='word_1_613' title='bbox 3455 4284 3525 4338; x_wconf 93' lang='lat' dir='ltr'><strong>ab</strong></span> <span class='ocrx_word' id='word_1_614' title='bbox 3558 4284 3679 4353; x_wconf 84' lang='lat' dir='ltr'><strong>ipso</strong></span> 
     </span>
    </p>
   </div>
   <div class='ocr_carea' id='block_1_88' title="bbox 2100 4375 3681 4449">
    <p class='ocr_par' dir='ltr' id='par_1_88' title="bbox 2100 4375 3681 4449">
     <span class='ocr_line' id='line_1_88' title="bbox 2100 4375 3681 4449; baseline -0.001 -16"><span class='ocrx_word' id='word_1_615' title='bbox 2100 4380 2388 4449; x_wconf 74' lang='lat' dir='ltr'><strong>magniﬁce</strong></span> <span class='ocrx_word' id='word_1_616' title='bbox 2421 4376 2607 4433; x_wconf 88' lang='lat' dir='ltr'><strong>Leone</strong></span> <span class='ocrx_word' id='word_1_617' title='bbox 2647 4385 2961 4446; x_wconf 85' lang='lat' dir='ltr'><strong>reparatum</strong></span> <span class='ocrx_word' id='word_1_618' title='bbox 2991 4384 3093 4430; x_wconf 91' lang='lat' dir='ltr'><strong>est.</strong></span> <span class='ocrx_word' id='word_1_619' title='bbox 3131 4375 3426 4431; x_wconf 86' lang='lat' dir='ltr'><strong>Theodoro</strong></span> <span class='ocrx_word' id='word_1_620' title='bbox 3468 4376 3681 4433; x_wconf 66' lang='lat' dir='ltr'><strong>Santa-o</strong></span> 
     </span>
    </p>
   </div>
   <div class='ocr_carea' id='block_1_89' title="bbox 412 4454 1981 4541">
    <p class='ocr_par' dir='ltr' id='par_1_89' title="bbox 412 4456 1981 4541">
     <span class='ocr_line' id='line_1_89' title="bbox 412 4456 1981 4541; baseline 0.001 -19"><span class='ocrx_word' id='word_1_621' title='bbox 412 4469 505 4522; x_wconf 78' lang='grc' dir='ltr'><strong>τοῦ</strong></span> <span class='ocrx_word' id='word_1_622' title='bbox 538 4471 694 4538; x_wconf 79' lang='grc' dir='ltr'>ἁγίου</span> <span class='ocrx_word' id='word_1_623' title='bbox 726 4472 920 4540; x_wconf 82' lang='grc' dir='ltr'><strong>Θωμᾶ,</strong></span> <span class='ocrx_word' id='word_1_624' title='bbox 941 4470 999 4523; x_wconf 78' lang='grc' dir='ltr'>ὃν</span> <span class='ocrx_word' id='word_1_625' title='bbox 1031 4470 1198 4532; x_wconf 72' lang='grc' dir='ltr'>αὐτὸς</span> <span class='ocrx_word' id='word_1_626' title='bbox 1227 4471 1254 4521; x_wconf 90' lang='grc' dir='ltr'>ὁ</span> <span class='ocrx_word' id='word_1_627' title='bbox 1287 4456 1447 4523; x_wconf 88' lang='grc' dir='ltr'>Λέων</span> <span class='ocrx_word' id='word_1_628' title='bbox 1479 4470 1748 4541; x_wconf 82' lang='grc' dir='ltr'>λαμπρῶς</span> <span class='ocrx_word' id='word_1_629' title='bbox 1778 4472 1981 4525; x_wconf 75' lang='grc' dir='ltr'>ἀνεκαί-</span> 
     </span>
    </p>
   </div>
   <div class='ocr_carea' id='block_1_90' title="bbox 2083 4454 3679 4541">
    <p class='ocr_par' dir='ltr' id='par_1_90' title="bbox 2102 4468 3679 4532">
     <span class='ocr_line' id='line_1_90' title="bbox 2102 4468 3679 4532; baseline -0.001 -6"><span class='ocrx_word' id='word_1_630' title='bbox 2102 4473 2308 4526; x_wconf 80' lang='lat' dir='ltr'><strong>bareno</strong></span> <span class='ocrx_word' id='word_1_631' title='bbox 2347 4471 2415 4526; x_wconf 88' lang='lat' dir='ltr'><strong>ab</strong></span> <span class='ocrx_word' id='word_1_632' title='bbox 2459 4470 2748 4526; x_wconf 84' lang='lat' dir='ltr'><strong>Euchaitis</strong></span> <span class='ocrx_word' id='word_1_633' title='bbox 2796 4469 2850 4523; x_wconf 91' lang='lat' dir='ltr'><strong>in</strong></span> <span class='ocrx_word' id='word_1_634' title='bbox 2886 4469 3077 4523; x_wconf 83' lang='lat' dir='ltr'><strong>urbem</strong></span> <span class='ocrx_word' id='word_1_635' title='bbox 3121 4468 3387 4532; x_wconf 80' lang='lat' dir='ltr'><strong>adducto.</strong></span> <span class='ocrx_word' id='word_1_636' title='bbox 3429 4469 3679 4525; x_wconf 79' lang='lat' dir='ltr'><strong>Andreas</strong></span> 
     </span>
    </p>
   </div>
   <div class='ocr_carea' id='block_1_91' title="bbox 412 4560 1996 4635">
    <p class='ocr_par' dir='ltr' id='par_1_91' title="bbox 412 4560 1996 4635">
     <span class='ocr_line' id='line_1_91' title="bbox 412 4560 1996 4635; baseline -0.001 -19"><span class='ocrx_word' id='word_1_637' title='bbox 412 4579 581 4617; x_wconf 84' lang='grc' dir='ltr'>νισεν.</span> <span class='ocrx_word' id='word_1_638' title='bbox 616 4560 704 4634; x_wconf 80' lang='grc' dir='ltr'><strong>[Ρ.</strong></span> <span class='ocrx_word' id='word_1_639' title='bbox 730 4562 856 4635; x_wconf 64' lang='grc'><strong>462]</strong></span> <span class='ocrx_word' id='word_1_640' title='bbox 893 4564 1049 4629; x_wconf 79' lang='grc' dir='ltr'>Ἀγει</span> <span class='ocrx_word' id='word_1_641' title='bbox 1076 4562 1131 4617; x_wconf 81' lang='grc' dir='ltr'>δὲ</span> <span class='ocrx_word' id='word_1_642' title='bbox 1159 4562 1433 4632; x_wconf 85' lang='grc' dir='ltr'>Θεόδωρον</span> <span class='ocrx_word' id='word_1_643' title='bbox 1462 4562 1553 4615; x_wconf 78' lang='grc' dir='ltr'>τὸν</span> <span class='ocrx_word' id='word_1_644' title='bbox 1581 4563 1996 4634; x_wconf 78' lang='grc' dir='ltr'>Σανταὸαρηνὸν</span> 
     </span>
    </p>
   </div>
   <div class='ocr_carea' id='block_1_92' title="bbox 413 4654 1998 4726">
    <p class='ocr_par' dir='ltr' id='par_1_92' title="bbox 413 4654 1998 4726">
     <span class='ocr_line' id='line_1_92' title="bbox 413 4654 1998 4726; baseline -0.001 -16"><span class='ocrx_word' id='word_1_645' title='bbox 413 4655 523 4710; x_wconf 73' lang='grc' dir='ltr'><strong>ἀπὸ</strong></span> <span class='ocrx_word' id='word_1_646' title='bbox 551 4654 833 4725; x_wconf 75' lang='grc' dir='ltr'>Εὑχαῖτων</span> <span class='ocrx_word' id='word_1_647' title='bbox 882 4658 938 4707; x_wconf 71' lang='grc' dir='ltr'>ἐν</span> <span class='ocrx_word' id='word_1_648' title='bbox 980 4659 1048 4726; x_wconf 85' lang='grc' dir='ltr'>τῇ</span> <span class='ocrx_word' id='word_1_649' title='bbox 1088 4654 1263 4708; x_wconf 82' lang='grc' dir='ltr'>πόλει.</span> <span class='ocrx_word' id='word_1_650' title='bbox 1320 4655 1576 4725; x_wconf 75' lang='grc' dir='ltr'>Ἀνδρέας</span> <span class='ocrx_word' id='word_1_651' title='bbox 1603 4657 1658 4711; x_wconf 78' lang='grc' dir='ltr'>δὲ</span> <span class='ocrx_word' id='word_1_652' title='bbox 1687 4656 1715 4709; x_wconf 89' lang='lat'><strong>6</strong></span> <span class='ocrx_word' id='word_1_653' title='bbox 1750 4656 1998 4726; x_wconf 86' lang='grc' dir='ltr'>δομέστι-</span> 
     </span>
    </p>
   </div>
   <div class='ocr_carea' id='block_1_93' title="bbox 413 4744 2002 4817">
    <p class='ocr_par' dir='ltr' id='par_1_93' title="bbox 413 4744 2002 4817">
     <span class='ocr_line' id='line_1_93' title="bbox 413 4744 2002 4817; baseline 0.001 -18"><span class='ocrx_word' id='word_1_654' title='bbox 413 4764 508 4811; x_wconf 85' lang='grc' dir='ltr'><strong>κος</strong></span> <span class='ocrx_word' id='word_1_655' title='bbox 542 4748 635 4801; x_wconf 77' lang='grc' dir='ltr'>καὶ</span> <span class='ocrx_word' id='word_1_656' title='bbox 663 4747 935 4817; x_wconf 80' lang='grc' dir='ltr'>Στέφανος</span> <span class='ocrx_word' id='word_1_657' title='bbox 955 4748 982 4801; x_wconf 88' lang='grc' dir='ltr'>ὁ</span> <span class='ocrx_word' id='word_1_658' title='bbox 1010 4747 1310 4816; x_wconf 74' lang='grc' dir='ltr'>μάγιστρος</span> <span class='ocrx_word' id='word_1_659' title='bbox 1335 4744 1544 4798; x_wconf 79' lang='grc' dir='ltr'>κινοῦσι</span> <span class='ocrx_word' id='word_1_660' title='bbox 1577 4744 1882 4801; x_wconf 84' lang='grc' dir='ltr'>κατάὑτοῢ</span> <span class='ocrx_word' id='word_1_661' title='bbox 1908 4747 2002 4801; x_wconf 73' lang='grc' dir='ltr'>καὶ</span> 
     </span>
    </p>
   </div>
   <div class='ocr_carea' id='block_1_94' title="bbox 414 4834 2000 4909">
    <p class='ocr_par' dir='ltr' id='par_1_94' title="bbox 414 4834 2000 4909">
     <span class='ocr_line' id='line_1_94' title="bbox 414 4834 2000 4909; baseline 0.001 -20"><span class='ocrx_word' id='word_1_662' title='bbox 414 4837 508 4890; x_wconf 79' lang='grc' dir='ltr'>τοῦ</span> <span class='ocrx_word' id='word_1_663' title='bbox 536 4836 765 4899; x_wconf 86' lang='grc' dir='ltr'>Φωτίου,</span> <span class='ocrx_word' id='word_1_664' title='bbox 804 4837 879 4900; x_wconf 86' lang='grc' dir='ltr'>ὼς</span> <span class='ocrx_word' id='word_1_665' title='bbox 920 4835 1327 4908; x_wconf 83' lang='grc' dir='ltr'>λοιδορηθέντος</span> <span class='ocrx_word' id='word_1_666' title='bbox 1355 4834 1450 4889; x_wconf 83' lang='grc' dir='ltr'>τοῦ</span> <span class='ocrx_word' id='word_1_667' title='bbox 1484 4836 1747 4909; x_wconf 74' lang='grc' dir='ltr'>βασιλέως</span> <span class='ocrx_word' id='word_1_668' title='bbox 1774 4838 2000 4902; x_wconf 89' lang='grc' dir='ltr'>Λέοντος</span> 
     </span>
    </p>
   </div>
   <div class='ocr_carea' id='block_1_95' title="bbox 415 4927 2000 5000">
    <p class='ocr_par' dir='ltr' id='par_1_95' title="bbox 415 4927 2000 5000">
     <span class='ocr_line' id='line_1_95' title="bbox 415 4927 2000 5000; baseline 0.003 -18"><span class='ocrx_word' id='word_1_669' title='bbox 415 4929 510 4982; x_wconf 79' lang='grc' dir='ltr'>ὑπ’</span> <span class='ocrx_word' id='word_1_670' title='bbox 544 4928 723 4981; x_wconf 84' lang='grc' dir='ltr'>αὐτῶν</span> <span class='ocrx_word' id='word_1_671' title='bbox 753 4929 832 4992; x_wconf 78' lang='grc' dir='ltr'><strong>εἰς</strong></span> <span class='ocrx_word' id='word_1_672' title='bbox 863 4928 1150 4984; x_wconf 66' lang='grc' dir='ltr'>ὓασίλειον</span> <span class='ocrx_word' id='word_1_673' title='bbox 1170 4929 1262 4981; x_wconf 68' lang='grc' dir='ltr'>τὸν</span> <span class='ocrx_word' id='word_1_674' title='bbox 1293 4927 1518 4998; x_wconf 82' lang='grc' dir='ltr'>βασιλέα</span> <span class='ocrx_word' id='word_1_675' title='bbox 1540 4928 1631 4981; x_wconf 86' lang='grc' dir='ltr'>τὸν</span> <span class='ocrx_word' id='word_1_676' title='bbox 1666 4931 1874 5000; x_wconf 86' lang='grc' dir='ltr'>πατέρα</span> <span class='ocrx_word' id='word_1_677' title='bbox 1902 4932 2000 4986; x_wconf 77' lang='grc' dir='ltr'><strong>αὖ·</strong></span> 
     </span>
    </p>
   </div>
   <div class='ocr_carea' id='block_1_96' title="bbox 413 5014 1995 5091">
    <p class='ocr_par' dir='ltr' id='par_1_96' title="bbox 413 5014 1995 5091">
     <span class='ocr_line' id='line_1_96' title="bbox 413 5014 1995 5091; baseline 0.004 -22"><span class='ocrx_word' id='word_1_678' title='bbox 413 5014 531 5071; x_wconf 82' lang='grc' dir='ltr'><strong>τοῦ.</strong></span> <span class='ocrx_word' id='word_1_679' title='bbox 582 5019 689 5070; x_wconf 73' lang='grc' dir='ltr'><strong>Καὶ</strong></span> <span class='ocrx_word' id='word_1_680' title='bbox 733 5018 832 5087; x_wconf 76' lang='grc' dir='ltr'>τῆς</span> <span class='ocrx_word' id='word_1_681' title='bbox 877 5018 1182 5086; x_wconf 75' lang='grc' dir='ltr'>συγκλήτου</span> <span class='ocrx_word' id='word_1_682' title='bbox 1232 5017 1763 5091; x_wconf 73' lang='grc' dir='ltr'>καταψηφισαμένης</span> <span class='ocrx_word' id='word_1_683' title='bbox 1792 5022 1995 5085; x_wconf 84' lang='grc' dir='ltr'>αὐτῶν,</span> 
     </span>
    </p>
   </div>
   <div class='ocr_carea' id='block_1_97' title="bbox 409 5108 1997 5182">
    <p class='ocr_par' dir='ltr' id='par_1_97' title="bbox 409 5108 1997 5182">
     <span class='ocr_line' id='line_1_97' title="bbox 409 5108 1997 5182; baseline 0.002 -20"><span class='ocrx_word' id='word_1_684' title='bbox 409 5108 505 5162; x_wconf 77' lang='grc' dir='ltr'><strong>τὸν</strong></span> <span class='ocrx_word' id='word_1_685' title='bbox 543 5109 641 5177; x_wconf 85' lang='grc' dir='ltr'>μὲν</span> <span class='ocrx_word' id='word_1_686' title='bbox 662 5109 866 5162; x_wconf 82' lang='grc' dir='ltr'>Φώτιον</span> <span class='ocrx_word' id='word_1_687' title='bbox 897 5110 1086 5164; x_wconf 75' lang='grc' dir='ltr'>εἴασαν</span> <span class='ocrx_word' id='word_1_688' title='bbox 1118 5110 1196 5173; x_wconf 82' lang='grc' dir='ltr'><strong>είς</strong></span> <span class='ocrx_word' id='word_1_689' title='bbox 1228 5110 1319 5162; x_wconf 82' lang='grc' dir='ltr'>τοῦ</span> <span class='ocrx_word' id='word_1_690' title='bbox 1346 5110 1383 5161; x_wconf 86' lang='grc' dir='ltr'><strong><em>Γ</em></strong></span> <span class='ocrx_word' id='word_1_691' title='bbox 1387 5111 1624 5182; x_wconf 81' lang='grc' dir='ltr'>όρδονος,</span> <span class='ocrx_word' id='word_1_692' title='bbox 1658 5113 1748 5165; x_wconf 69' lang='grc' dir='ltr'><strong>τὸν</strong></span> <span class='ocrx_word' id='word_1_693' title='bbox 1775 5112 1831 5164; x_wconf 76' lang='grc' dir='ltr'>δὲ</span> <span class='ocrx_word' id='word_1_694' title='bbox 1863 5114 1997 5165; x_wconf 86' lang='grc' dir='ltr'>Σαν-</span> 
     </span>
    </p>
   </div>
   <div class='ocr_carea' id='block_1_98' title="bbox 410 5196 1994 5270">
    <p class='ocr_par' dir='ltr' id='par_1_98' title="bbox 410 5196 1994 5270">
     <span class='ocr_line' id='line_1_98' title="bbox 410 5196 1994 5270; baseline 0.001 -18"><span class='ocrx_word' id='word_1_695' title='bbox 410 5200 723 5269; x_wconf 72' lang='grc' dir='ltr'>ταεαρηνδν</span> <span class='ocrx_word' id='word_1_696' title='bbox 773 5199 1045 5268; x_wconf 63' lang='grc' dir='ltr'>τύψαντες</span> <span class='ocrx_word' id='word_1_697' title='bbox 1111 5198 1378 5268; x_wconf 80' lang='grc' dir='ltr'>ἐξώρισαν</span> <span class='ocrx_word' id='word_1_698' title='bbox 1425 5199 1484 5252; x_wconf 86' lang='grc' dir='ltr'>ὲν</span> <span class='ocrx_word' id='word_1_699' title='bbox 1547 5199 1819 5270; x_wconf 78' lang='grc' dir='ltr'>Ἀθήναις.</span> <span class='ocrx_word' id='word_1_700' title='bbox 1860 5196 1994 5254; x_wconf 79' lang='grc' dir='ltr'>Εἶτα</span> 
     </span>
    </p>
   </div>
   <div class='ocr_carea' id='block_1_99' title="bbox 414 5287 1995 5359">
    <p class='ocr_par' dir='ltr' id='par_1_99' title="bbox 414 5287 1995 5359">
     <span class='ocr_line' id='line_1_99' title="bbox 414 5287 1995 5359; baseline 0.003 -20"><span class='ocrx_word' id='word_1_701' title='bbox 414 5289 745 5353; x_wconf 78' lang='grc' dir='ltr'>ἀποστείλας</span> <span class='ocrx_word' id='word_1_702' title='bbox 788 5290 1074 5358; x_wconf 79' lang='grc' dir='ltr'>ἐξόπισθεν</span> <span class='ocrx_word' id='word_1_703' title='bbox 1120 5291 1147 5343; x_wconf 93' lang='lat'><strong>6</strong></span> <span class='ocrx_word' id='word_1_704' title='bbox 1193 5287 1449 5359; x_wconf 78' lang='grc' dir='ltr'>βασιλεὺς</span> <span class='ocrx_word' id='word_1_705' title='bbox 1489 5289 1800 5359; x_wconf 73' lang='grc' dir='ltr'>ἐτύφλωσεν</span> <span class='ocrx_word' id='word_1_706' title='bbox 1833 5291 1995 5344; x_wconf 78' lang='grc' dir='ltr'>αὐτὸν</span> 
     </span>
    </p>
   </div>
   <div class='ocr_carea' id='block_1_100' title="bbox 419 5380 1996 5454">
    <p class='ocr_par' dir='ltr' id='par_1_100' title="bbox 419 5380 1996 5454">
     <span class='ocr_line' id='line_1_100' title="bbox 419 5380 1996 5454; baseline 0.004 -23"><span class='ocrx_word' id='word_1_707' title='bbox 419 5381 514 5432; x_wconf 71' lang='grc' dir='ltr'>καὶ</span> <span class='ocrx_word' id='word_1_708' title='bbox 542 5384 597 5433; x_wconf 78' lang='grc' dir='ltr'>ἐν</span> <span class='ocrx_word' id='word_1_709' title='bbox 626 5383 691 5452; x_wconf 78' lang='grc' dir='ltr'>τῇ</span> <span class='ocrx_word' id='word_1_710' title='bbox 733 5381 984 5453; x_wconf 79' lang='grc' dir='ltr'>Ἀνατολῇ</span> <span class='ocrx_word' id='word_1_711' title='bbox 1019 5380 1297 5452; x_wconf 79' lang='grc' dir='ltr'>ἐξώρισεν.</span> <span class='ocrx_word' id='word_1_712' title='bbox 1333 5380 1488 5436; x_wconf 83' lang='grc' dir='ltr'>Μετὰ</span> <span class='ocrx_word' id='word_1_713' title='bbox 1522 5381 1749 5445; x_wconf 83' lang='grc' dir='ltr'>πολλοὺς</span> <span class='ocrx_word' id='word_1_714' title='bbox 1780 5383 1835 5435; x_wconf 78' lang='grc' dir='ltr'>δὲ</span> <span class='ocrx_word' id='word_1_715' title='bbox 1865 5383 1996 5454; x_wconf 86' lang='grc' dir='ltr'>χρό-</span> 
     </span>
    </p>
   </div>
   <div class='ocr_carea' id='block_1_101' title="bbox 2102 4560 3678 4636">
    <p class='ocr_par' dir='ltr' id='par_1_101' title="bbox 2102 4560 3678 4636">
     <span class='ocr_line' id='line_1_101' title="bbox 2102 4560 3678 4636; baseline -0.003 -17"><span class='ocrx_word' id='word_1_716' title='bbox 2102 4564 2258 4636; x_wconf 80' lang='lat'><strong>701</strong></span> <span class='ocrx_word' id='word_1_717' title='bbox 2297 4562 2634 4617; x_wconf 79' lang='lat' dir='ltr'><strong>domesticus</strong></span> <span class='ocrx_word' id='word_1_718' title='bbox 2683 4570 2739 4615; x_wconf 91' lang='lat' dir='ltr'><strong>et</strong></span> <span class='ocrx_word' id='word_1_719' title='bbox 2778 4560 3092 4629; x_wconf 84' lang='lat' dir='ltr'><strong>Stephanus</strong></span> <span class='ocrx_word' id='word_1_720' title='bbox 3142 4560 3401 4631; x_wconf 70' lang='lat' dir='ltr'><strong>aitagister</strong></span> <span class='ocrx_word' id='word_1_721' title='bbox 3445 4560 3500 4614; x_wconf 91' lang='lat' dir='ltr'><strong>in</strong></span> <span class='ocrx_word' id='word_1_722' title='bbox 3549 4576 3678 4616; x_wconf 90' lang='lat' dir='ltr'><strong>eum</strong></span> 
     </span>
    </p>
   </div>
   <div class='ocr_carea' id='block_1_102' title="bbox 2099 4652 3681 4724">
    <p class='ocr_par' dir='ltr' id='par_1_102' title="bbox 2099 4652 3681 4724">
     <span class='ocr_line' id='line_1_102' title="bbox 2099 4652 3681 4724; baseline -0.004 -15"><span class='ocrx_word' id='word_1_723' title='bbox 2099 4654 2471 4724; x_wconf 84' lang='lat' dir='ltr'><strong>Photiumque</strong></span> <span class='ocrx_word' id='word_1_724' title='bbox 2496 4654 2869 4724; x_wconf 81' lang='lat' dir='ltr'><strong>expostulant,</strong></span> <span class='ocrx_word' id='word_1_725' title='bbox 2905 4652 3049 4723; x_wconf 83' lang='lat' dir='ltr'><strong>quod</strong></span> <span class='ocrx_word' id='word_1_726' title='bbox 3092 4652 3329 4708; x_wconf 87' lang='lat' dir='ltr'><strong>Leonem</strong></span> <span class='ocrx_word' id='word_1_727' title='bbox 3357 4653 3501 4722; x_wconf 85' lang='lat' dir='ltr'><strong>apud</strong></span> <span class='ocrx_word' id='word_1_728' title='bbox 3530 4654 3681 4708; x_wconf 54' lang='lat' dir='ltr'><strong>Basiq</strong></span> 
     </span>
    </p>
   </div>
   <div class='ocr_carea' id='block_1_103' title="bbox 2102 4745 3680 4815">
    <p class='ocr_par' dir='ltr' id='par_1_103' title="bbox 2102 4745 3680 4815">
     <span class='ocr_line' id='line_1_103' title="bbox 2102 4745 3680 4815; baseline -0.001 -15"><span class='ocrx_word' id='word_1_729' title='bbox 2102 4745 2235 4802; x_wconf 90' lang='lat' dir='ltr'><strong>lium</strong></span> <span class='ocrx_word' id='word_1_730' title='bbox 2262 4746 2651 4815; x_wconf 87' lang='lat' dir='ltr'><strong>imperatorem</strong></span> <span class='ocrx_word' id='word_1_731' title='bbox 2686 4746 2806 4814; x_wconf 86' lang='lat' dir='ltr'><strong>ejus</strong></span> <span class='ocrx_word' id='word_1_732' title='bbox 2835 4755 3045 4813; x_wconf 77' lang='lat' dir='ltr'><strong>patrem</strong></span> <span class='ocrx_word' id='word_1_733' title='bbox 3088 4762 3185 4814; x_wconf 86' lang='lat' dir='ltr'><strong>per</strong></span> <span class='ocrx_word' id='word_1_734' title='bbox 3221 4746 3551 4803; x_wconf 84' lang='lat' dir='ltr'><strong>calumniam</strong></span> <span class='ocrx_word' id='word_1_735' title='bbox 3578 4746 3680 4799; x_wconf 67' lang='grc' dir='ltr'><strong>(ιθ-ν</strong></span> 
     </span>
    </p>
   </div>
   <div class='ocr_carea' id='block_1_104' title="bbox 2102 4837 3681 4896">
    <p class='ocr_par' dir='ltr' id='par_1_104' title="bbox 2102 4837 3681 4896">
     <span class='ocr_line' id='line_1_104' title="bbox 2102 4837 3681 4896; baseline -0.001 -5"><span class='ocrx_word' id='word_1_736' title='bbox 2102 4838 2353 4892; x_wconf 89' lang='lat' dir='ltr'><strong>tulerint.</strong></span> <span class='ocrx_word' id='word_1_737' title='bbox 2388 4837 2626 4893; x_wconf 83' lang='lat' dir='ltr'><strong>Senatus</strong></span> <span class='ocrx_word' id='word_1_738' title='bbox 2652 4837 2930 4891; x_wconf 86' lang='lat' dir='ltr'><strong>sententia</strong></span> <span class='ocrx_word' id='word_1_739' title='bbox 2958 4837 3156 4892; x_wconf 83' lang='lat' dir='ltr'><strong>Photio</strong></span> <span class='ocrx_word' id='word_1_740' title='bbox 3184 4853 3508 4895; x_wconf 82' lang='lat' dir='ltr'><strong>concessum</strong></span> <span class='ocrx_word' id='word_1_741' title='bbox 3534 4846 3593 4889; x_wconf 91' lang='lat' dir='ltr'><strong>nt</strong></span> <span class='ocrx_word' id='word_1_742' title='bbox 3622 4837 3681 4896; x_wconf 81' lang='lat' dir='ltr'><strong>in</strong></span> 
     </span>
    </p>
   </div>
   <div class='ocr_carea' id='block_1_105' title="bbox 2097 4928 3683 4999">
    <p class='ocr_par' dir='ltr' id='par_1_105' title="bbox 2097 4928 3683 4999">
     <span class='ocr_line' id='line_1_105' title="bbox 2097 4928 3683 4999; baseline -0.001 -16"><span class='ocrx_word' id='word_1_743' title='bbox 2097 4929 2373 4983; x_wconf 87' lang='lat' dir='ltr'><strong>Gordonis</strong></span> <span class='ocrx_word' id='word_1_744' title='bbox 2406 4928 2742 4985; x_wconf 87' lang='lat' dir='ltr'><strong>monasterio</strong></span> <span class='ocrx_word' id='word_1_745' title='bbox 2786 4938 3009 4999; x_wconf 82' lang='lat' dir='ltr'><strong>ageret;</strong></span> <span class='ocrx_word' id='word_1_746' title='bbox 3042 4928 3456 4983; x_wconf 87' lang='lat' dir='ltr'><strong>Santaharenus</strong></span> <span class='ocrx_word' id='word_1_747' title='bbox 3488 4928 3683 4987; x_wconf 78' lang='lat' dir='ltr'><strong>verbe-</strong></span> 
     </span>
    </p>
   </div>
   <div class='ocr_carea' id='block_1_106' title="bbox 2098 5017 3682 5089">
    <p class='ocr_par' dir='ltr' id='par_1_106' title="bbox 2098 5017 3682 5089">
     <span class='ocr_line' id='line_1_106' title="bbox 2098 5017 3682 5089; baseline -0.001 -17"><span class='ocrx_word' id='word_1_748' title='bbox 2098 5019 2254 5073; x_wconf 84' lang='lat' dir='ltr'><strong>ribus</strong></span> <span class='ocrx_word' id='word_1_749' title='bbox 2300 5018 2563 5085; x_wconf 80' lang='lat' dir='ltr'><strong>aiIectus,</strong></span> <span class='ocrx_word' id='word_1_750' title='bbox 2616 5019 2861 5073; x_wconf 84' lang='lat' dir='ltr'><strong>Athenas</strong></span> <span class='ocrx_word' id='word_1_751' title='bbox 2908 5018 3184 5087; x_wconf 78' lang='lat' dir='ltr'><strong>relegatus</strong></span> <span class='ocrx_word' id='word_1_752' title='bbox 3225 5027 3329 5075; x_wconf 90' lang='lat' dir='ltr'><strong>est.</strong></span> <span class='ocrx_word' id='word_1_753' title='bbox 3381 5017 3520 5073; x_wconf 83' lang='lat' dir='ltr'><strong>Tum</strong></span> <span class='ocrx_word' id='word_1_754' title='bbox 3554 5025 3682 5089; x_wconf 80' lang='lat' dir='ltr'><strong>post</strong></span> 
     </span>
    </p>
   </div>
   <div class='ocr_carea' id='block_1_107' title="bbox 2096 5107 3679 5179">
    <p class='ocr_par' dir='ltr' id='par_1_107' title="bbox 2096 5107 3679 5179">
     <span class='ocr_line' id='line_1_107' title="bbox 2096 5107 3679 5179; baseline -0.001 -14"><span class='ocrx_word' id='word_1_755' title='bbox 2096 5125 2224 5165; x_wconf 82' lang='lat' dir='ltr'><strong>eum</strong></span> <span class='ocrx_word' id='word_1_756' title='bbox 2252 5109 2476 5165; x_wconf 88' lang='lat' dir='ltr'><strong>mittens</strong></span> <span class='ocrx_word' id='word_1_757' title='bbox 2514 5110 2813 5179; x_wconf 86' lang='lat' dir='ltr'><strong>imperator</strong></span> <span class='ocrx_word' id='word_1_758' title='bbox 2845 5109 3022 5163; x_wconf 80' lang='lat' dir='ltr'><strong>oculis</strong></span> <span class='ocrx_word' id='word_1_759' title='bbox 3049 5107 3303 5165; x_wconf 89' lang='lat' dir='ltr'><strong>orbatum</strong></span> <span class='ocrx_word' id='word_1_760' title='bbox 3332 5108 3388 5162; x_wconf 90' lang='lat' dir='ltr'><strong>in</strong></span> <span class='ocrx_word' id='word_1_761' title='bbox 3425 5107 3554 5169; x_wconf 87' lang='lat' dir='ltr'><strong>Asia</strong></span> <span class='ocrx_word' id='word_1_762' title='bbox 3580 5124 3679 5163; x_wconf 79' lang='lat' dir='ltr'><strong>ex-</strong></span> 
     </span>
    </p>
   </div>
   <div class='ocr_carea' id='block_1_108' title="bbox 2097 5200 3681 5273">
    <p class='ocr_par' dir='ltr' id='par_1_108' title="bbox 2097 5200 3681 5273">
     <span class='ocr_line' id='line_1_108' title="bbox 2097 5200 3681 5273; baseline -0.004 -14"><span class='ocrx_word' id='word_1_763' title='bbox 2097 5204 2280 5259; x_wconf 84' lang='lat' dir='ltr'><strong>sulare</strong></span> <span class='ocrx_word' id='word_1_764' title='bbox 2305 5203 2489 5273; x_wconf 83' lang='lat' dir='ltr'><strong>jussit.</strong></span> <span class='ocrx_word' id='word_1_765' title='bbox 2521 5201 2709 5257; x_wconf 76' lang='lat' dir='ltr'><strong>Multis</strong></span> <span class='ocrx_word' id='word_1_766' title='bbox 2741 5218 2870 5256; x_wconf 86' lang='lat' dir='ltr'><strong>vero</strong></span> <span class='ocrx_word' id='word_1_767' title='bbox 2920 5211 3044 5272; x_wconf 90' lang='lat' dir='ltr'><strong>post</strong></span> <span class='ocrx_word' id='word_1_768' title='bbox 3078 5200 3239 5258; x_wconf 84' lang='lat' dir='ltr'><strong>annis</strong></span> <span class='ocrx_word' id='word_1_769' title='bbox 3281 5200 3529 5269; x_wconf 85' lang='lat' dir='ltr'><strong>placatus</strong></span> <span class='ocrx_word' id='word_1_770' title='bbox 3579 5200 3681 5253; x_wconf 80' lang='lat' dir='ltr'><strong>im-</strong></span> 
     </span>
    </p>
   </div>
   <div class='ocr_carea' id='block_1_109' title="bbox 2100 5291 3683 5365">
    <p class='ocr_par' dir='ltr' id='par_1_109' title="bbox 2100 5291 3683 5365">
     <span class='ocr_line' id='line_1_109' title="bbox 2100 5291 3683 5365; baseline -0.001 -17"><span class='ocrx_word' id='word_1_771' title='bbox 2100 5304 2323 5365; x_wconf 88' lang='lat' dir='ltr'><strong>perator</strong></span> <span class='ocrx_word' id='word_1_772' title='bbox 2342 5295 2395 5348; x_wconf 91' lang='lat' dir='ltr'><strong>in</strong></span> <span class='ocrx_word' id='word_1_773' title='bbox 2420 5294 2613 5349; x_wconf 89' lang='lat' dir='ltr'><strong>urbem</strong></span> <span class='ocrx_word' id='word_1_774' title='bbox 2648 5292 2934 5347; x_wconf 88' lang='lat' dir='ltr'><strong>reductum</strong></span> <span class='ocrx_word' id='word_1_775' title='bbox 2964 5306 3030 5349; x_wconf 77' lang='lat' dir='ltr'><strong>ex</strong></span> <span class='ocrx_word' id='word_1_776' title='bbox 3060 5291 3211 5347; x_wconf 83' lang='lat' dir='ltr'><strong>Nova</strong></span> <span class='ocrx_word' id='word_1_777' title='bbox 3251 5291 3484 5349; x_wconf 81' lang='lat' dir='ltr'><strong>ecclesia</strong></span> <span class='ocrx_word' id='word_1_778' title='bbox 3514 5306 3683 5346; x_wconf 83' lang='lat' dir='ltr'><strong>anuo-</strong></span> 
     </span>
    </p>
   </div>
   <div class='ocr_carea' id='block_1_110' title="bbox 2102 5386 2795 5458">
    <p class='ocr_par' dir='ltr' id='par_1_110' title="bbox 2102 5386 2795 5458">
     <span class='ocr_line' id='line_1_110' title="bbox 2102 5386 2795 5458; baseline 0.003 -18"><span class='ocrx_word' id='word_1_779' title='bbox 2102 5403 2200 5442; x_wconf 86' lang='lat' dir='ltr'><strong>nas</strong></span> <span class='ocrx_word' id='word_1_780' title='bbox 2232 5388 2482 5458; x_wconf 87' lang='lat' dir='ltr'><strong>accipere</strong></span> <span class='ocrx_word' id='word_1_781' title='bbox 2515 5386 2795 5458; x_wconf 68' lang='lat' dir='ltr'><strong>praecepit.</strong></span> 
     </span>
    </p>
   </div>
   <div class='ocr_carea' id='block_1_111' title="bbox 416 5471 3679 5552">
    <p class='ocr_par' dir='ltr' id='par_1_111' title="bbox 416 5471 3679 5552">
     <span class='ocr_line' id='line_1_111' title="bbox 416 5471 3679 5552; baseline 0 -25"><span class='ocrx_word' id='word_1_782' title='bbox 416 5492 541 5536; x_wconf 83' lang='grc' dir='ltr'>νους</span> <span class='ocrx_word' id='word_1_783' title='bbox 574 5476 950 5546; x_wconf 72' lang='grc' dir='ltr'>παρακληθεὶς</span> <span class='ocrx_word' id='word_1_784' title='bbox 970 5477 1159 5530; x_wconf 81' lang='grc' dir='ltr'>τοῦτον</span> <span class='ocrx_word' id='word_1_785' title='bbox 1187 5478 1482 5548; x_wconf 79' lang='grc' dir='ltr'>εἰσήγαγεν</span> <span class='ocrx_word' id='word_1_786' title='bbox 1511 5478 1568 5531; x_wconf 83' lang='grc' dir='ltr'>ὲν</span> <span class='ocrx_word' id='word_1_787' title='bbox 1592 5479 1656 5549; x_wconf 75' lang='grc' dir='ltr'>τῇ</span> <span class='ocrx_word' id='word_1_788' title='bbox 1689 5476 1865 5542; x_wconf 76' lang='grc' dir='ltr'>πόλει,</span> <span class='ocrx_word' id='word_1_789' title='bbox 1920 5479 2015 5532; x_wconf 75' lang='grc' dir='ltr'><strong>καὶ</strong></span> <span class='ocrx_word' id='word_1_790' title='bbox 2073 5482 2407 5551; x_wconf 77' lang='grc' dir='ltr'>προσέταξεν</span> <span class='ocrx_word' id='word_1_791' title='bbox 2465 5482 2768 5552; x_wconf 78' lang='grc' dir='ltr'>λαμϐάνειν</span> <span class='ocrx_word' id='word_1_792' title='bbox 2813 5477 3054 5541; x_wconf 82' lang='grc' dir='ltr'>άννὼνας</span> <span class='ocrx_word' id='word_1_793' title='bbox 3104 5476 3170 5529; x_wconf 79' lang='grc' dir='ltr'>ὲκ</span> <span class='ocrx_word' id='word_1_794' title='bbox 3213 5473 3314 5543; x_wconf 76' lang='grc' dir='ltr'>τῆς</span> <span class='ocrx_word' id='word_1_795' title='bbox 3376 5471 3521 5536; x_wconf 79' lang='grc' dir='ltr'>Νέας</span> <span class='ocrx_word' id='word_1_796' title='bbox 3582 5475 3679 5531; x_wconf 79' lang='grc' dir='ltr'><strong>ὲκ-</strong></span> 
     </span>
    </p>
   </div>
   <div class='ocr_carea' id='block_1_112' title="bbox 422 5569 667 5637">
    <p class='ocr_par' dir='ltr' id='par_1_112' title="bbox 422 5569 667 5637">
     <span class='ocr_line' id='line_1_112' title="bbox 422 5569 667 5637; baseline -0.016 -15"><span class='ocrx_word' id='word_1_797' title='bbox 422 5569 667 5637; x_wconf 79' lang='grc' dir='ltr'>κλησίας.</span> 
     </span>
    </p>
   </div>
   <div class='ocr_carea' id='block_1_113' title="bbox 490 5660 1991 5734">
    <p class='ocr_par' dir='ltr' id='par_1_113' title="bbox 490 5660 1991 5734">
     <span class='ocr_line' id='line_1_113' title="bbox 490 5660 1991 5734; baseline 0.003 -21"><span class='ocrx_word' id='word_1_798' title='bbox 490 5660 557 5730; x_wconf 76' lang='grc' dir='ltr'><strong>β’.</strong></span> <span class='ocrx_word' id='word_1_799' title='bbox 590 5662 678 5730; x_wconf 81' lang='grc' dir='ltr'>Τῷ</span> <span class='ocrx_word' id='word_1_800' title='bbox 705 5661 747 5729; x_wconf 84' lang='grc' dir='ltr'><strong>β’</strong></span> <span class='ocrx_word' id='word_1_801' title='bbox 770 5661 931 5714; x_wconf 74' lang='grc' dir='ltr'>αὐτοῦ</span> <span class='ocrx_word' id='word_1_802' title='bbox 956 5662 1066 5715; x_wconf 77' lang='grc' dir='ltr'>ἔτει</span> <span class='ocrx_word' id='word_1_803' title='bbox 1090 5662 1190 5732; x_wconf 84' lang='grc' dir='ltr'>τῆς</span> <span class='ocrx_word' id='word_1_804' title='bbox 1228 5664 1639 5734; x_wconf 78' lang='grc' dir='ltr'>Λαγουὸαρὸίας</span> <span class='ocrx_word' id='word_1_805' title='bbox 1674 5666 1991 5718; x_wconf 74' lang='grc' dir='ltr'>διαστασια-</span> 
     </span>
    </p>
   </div>
   <div class='ocr_carea' id='block_1_114' title="bbox 418 5752 1994 5837">
    <p class='ocr_par' dir='ltr' id='par_1_114' title="bbox 418 5752 1994 5837">
     <span class='ocr_line' id='line_1_114' title="bbox 418 5752 1994 5837; baseline 0.004 -30"><span class='ocrx_word' id='word_1_806' title='bbox 418 5752 591 5823; x_wconf 80' lang='grc' dir='ltr'>σάσης</span> <span class='ocrx_word' id='word_1_807' title='bbox 622 5755 900 5828; x_wconf 82' lang='grc' dir='ltr'>άπιστὰλη</span> <span class='ocrx_word' id='word_1_808' title='bbox 938 5758 1346 5822; x_wconf 75' lang='grc' dir='ltr'>Κωνσταντῖνος</span> <span class='ocrx_word' id='word_1_809' title='bbox 1381 5759 1407 5811; x_wconf 90' lang='grc' dir='ltr'>ὁ</span> <span class='ocrx_word' id='word_1_810' title='bbox 1449 5759 1547 5829; x_wconf 79' lang='grc' dir='ltr'>τῆς</span> <span class='ocrx_word' id='word_1_811' title='bbox 1585 5759 1860 5830; x_wconf 72' lang='grc' dir='ltr'>τραπέζης</span> <span class='ocrx_word' id='word_1_812' title='bbox 1899 5760 1994 5837; x_wconf 63' lang='grc' dir='ltr'><strong>συν</strong></span> 
     </span>
    </p>
   </div>
   <div class='ocr_carea' id='block_1_115' title="bbox 2172 5654 3673 5732">
    <p class='ocr_par' dir='ltr' id='par_1_115' title="bbox 2172 5654 3673 5732">
     <span class='ocr_line' id='line_1_115' title="bbox 2172 5654 3673 5732; baseline -0.003 -16"><span class='ocrx_word' id='word_1_813' title='bbox 2172 5668 2221 5720; x_wconf 78' lang='lat'><strong>2.</strong></span> <span class='ocrx_word' id='word_1_814' title='bbox 2267 5663 2486 5732; x_wconf 82' lang='lat' dir='ltr'><strong>Imperii</strong></span> <span class='ocrx_word' id='word_1_815' title='bbox 2544 5661 2746 5716; x_wconf 83' lang='lat' dir='ltr'><strong>Leonis</strong></span> <span class='ocrx_word' id='word_1_816' title='bbox 2791 5676 2935 5714; x_wconf 78' lang='lat' dir='ltr'><strong>auito</strong></span> <span class='ocrx_word' id='word_1_817' title='bbox 2968 5654 3213 5712; x_wconf 86' lang='lat' dir='ltr'><strong>secundo</strong></span> <span class='ocrx_word' id='word_1_818' title='bbox 3245 5654 3299 5708; x_wconf 92' lang='lat' dir='ltr'><strong>iu</strong></span> <span class='ocrx_word' id='word_1_819' title='bbox 3343 5654 3673 5711; x_wconf 86' lang='lat' dir='ltr'><strong>seditionem</strong></span> 
     </span>
    </p>
   </div>
   <div class='ocr_carea' id='block_1_116' title="bbox 2094 5746 3680 5824">
    <p class='ocr_par' dir='ltr' id='par_1_116' title="bbox 2094 5746 3680 5824">
     <span class='ocr_line' id='line_1_116' title="bbox 2094 5746 3680 5824; baseline -0.006 -11"><span class='ocrx_word' id='word_1_820' title='bbox 2094 5767 2253 5815; x_wconf 9' lang='lat' dir='ltr'><strong>intota</strong></span> <span class='ocrx_word' id='word_1_821' title='bbox 2288 5755 2689 5824; x_wconf 76' lang='lat' dir='ltr'><strong>Longohardia.</strong></span> <span class='ocrx_word' id='word_1_822' title='bbox 2723 5754 2922 5810; x_wconf 74' lang='lat' dir='ltr'><strong>missus</strong></span> <span class='ocrx_word' id='word_1_823' title='bbox 2952 5763 3036 5806; x_wconf 78' lang='lat' dir='ltr'><strong>est</strong></span> <span class='ocrx_word' id='word_1_824' title='bbox 3051 5746 3449 5806; x_wconf 76' lang='lat' dir='ltr'><strong>Constantinus</strong></span> <span class='ocrx_word' id='word_1_825' title='bbox 3476 5762 3680 5806; x_wconf 61' lang='lat' dir='ltr'><strong>mense</strong></span> 
     </span>
    </p>
   </div>
  </div>
