4124 6458
418 334 524 396 765i

1642 326 2025 398 SYMEONIIS
2069 338 2444 401 MAGISTRI

3584 337 3691 399 τοι

422 443 752 513 prmjmsilus
782 457 910 497 cum
936 440 1198 495 clunibus
1249 440 1593 511 legionibus:
1628 454 1999 514 consertaque

2115 451 2242 503 πᾶσι
2278 453 2390 510 τοῖς
2424 450 2659 519 Θέμασι·
2716 447 2809 501 καὶ
2848 446 3128 516 συμϐολῆς
3179 446 3478 517 γενομένης
3533 448 3690 518 μόνος

422 553 601 607 pugna
642 535 731 588 vix
763 550 906 588 unus
954 533 1049 587 ille
1078 533 1317 588 evadere
1360 534 1563 603 potuit,
1597 536 1833 605 reliquis
1898 552 2007 607 qua

422 629 637 682 necatis
670 641 778 696 qua
802 627 1000 696 captis.
1034 624 1286 696 Comigit
1311 640 1447 680 vero
1482 627 1649 681 etiam
1677 629 1813 683 solis
1865 629 2005 683 deli-

421 719 639 789 quium,
676 730 737 773 ut
762 729 820 773 et
849 732 958 772 nox
984 732 1085 787 per
1113 718 1306 771 horam
1337 719 1556 773 tertiam
1585 729 1733 774 esset
1758 730 1816 774 et
1838 723 2007 777 stellae

421 820 779 882 apparerent.
826 809 949 867 Orti
1003 810 1170 864 etiam
1199 807 1346 864 venti
1378 810 1545 863 validi
1599 819 1656 865 et
1707 812 1923 877 fulgura
1950 821 2009 867 et

422 907 691 968 tonitrua,
725 904 931 974 quibus
958 912 1187 973 septena
1227 902 1405 971 capita
1440 902 1732 971 perierunt
1762 904 1820 957 in
1861 904 2007 959 Foro

420 1000 736 1055 combusta.

493 1073 549 1147 ἑ.
607 1090 830 1160 Imperii
886 1088 1088 1142 Leonis
1141 1100 1288 1141 anno
1338 1086 1505 1140 tertio
1561 1094 1872 1158 expugnata
1936 1088 2007 1144 ab

426 1184 694 1253 Agarenis
756 1181 954 1237 Samus
1006 1180 1200 1234 civitas
1241 1178 1481 1241 munita,
1530 1180 1763 1249 ejusque
1804 1188 2008 1249 prator

426 1278 685 1347 hspalas
728 1275 977 1344 captivus
1011 1272 1289 1325 abductus
1340 1282 1446 1326 est.
1498 1272 1804 1342 Imperator
1840 1275 2005 1329 Zoem

424 1368 645 1421 Zautzm
677 1366 840 1419 lliiam
873 1363 927 1418 in
958 1362 1242 1416 amoribus
1276 1361 1512 1425 habens,
1542 1362 1805 1417 Zautzam
1835 1364 2008 1435 impe-

428 1457 626 1511 ratoris
658 1469 867 1525 patrem
915 1453 1226 1517 constituit,
1257 1467 1464 1506 novum
1520 1453 1627 1508 boc
1661 1453 1895 1510 honoris
1936 1457 2006 1510 ti-

424 1551 544 1606 tulo
602 1558 969 1604 commentus.
1025 1544 1263 1616 Symeon
1318 1544 1681 1616 Bulgarorum
1750 1548 2007 1618 princeps

425 1643 687 1697 Romana:
712 1640 943 1695 ditionis
962 1640 1084 1693 loca
1108 1638 1328 1694 infestis
1350 1639 1525 1708 signis
1555 1639 1827 1695 invadens
1860 1640 2007 1696 Tur-

423 1750 618 1790 corum
671 1735 902 1789 adversa
953 1733 1074 1787 acie
1122 1741 1419 1802 superatus
1464 1742 1571 1788 est.
1623 1733 1755 1802 Ejus
1802 1734 2005 1803 captivi

2110 542 2275 605 αὐτὸς
2334 543 2363 595 ὁ
2414 543 2825 603 Κωνσταντῖνος
2891 541 3044 610 μόλις
3102 539 3343 609 ἠδυνήθη
3400 539 3689 606 διαφυγεῖν

2109 632 2217 685 τῶν
2257 632 2436 686 ἄλλων
2463 630 2781 700 σφαγέντων
2820 632 2915 683 καὶ
2961 630 3366 701 κρατηθέντων.
3405 630 3603 697 Γέγονε
3632 630 3692 685 δὲ

2108 723 2204 774 καὶ
2230 721 2474 791 ἔκλειψις
2518 720 2743 791 ήλιακὴ,
2786 720 2862 783 ὠς
2917 721 3014 773 καὶ
3052 718 3224 772 νύκτα
3278 718 3536 786 γενέσθαι
3598 719 3691 772 ἐπὶ

2108 812 2258 883 ὥρας
2293 820 2341 882 γ’
2390 812 2488 867 καὶ
2517 814 2644 876 τοὺς
2694 812 2933 882 ἀστέρας
2977 811 3287 879 φαίνεσθαι.
3340 811 3598 878 Γεγόνασι
3635 812 3694 865 δὲ

2108 908 2203 959 καὶ
2237 906 2431 977 ἄνεμοι
2483 905 2708 976 σφοδροὶ
2762 905 2857 957 καὶ
2882 903 3165 974 ἀστραπαὶ
3218 904 3313 956 καὶ
3358 903 3602 973 βρονταὶ,
3632 904 3694 968 ἐξ

2106 993 2183 1052 ὧν
2216 1000 2462 1070 ὲκάησαν
2489 997 2549 1052 ἐν
2572 996 2653 1067 τῷ
2686 997 2838 1067 φόρῳ
2863 995 3142 1067 ἄνθρωποι
3172 995 3336 1049 ἑπτά.

2178 1097 2248 1160 γ’.
2284 1091 2373 1161 Τῷ
2401 1097 2449 1159 γ’
2479 1088 2644 1145 αὑτοῦ
2678 1089 2791 1142 έτει
2822 1087 3190 1158 ὲπολιορκήθη
3223 1088 3259 1156 ἡ
3286 1088 3469 1156 Σάμος
3492 1085 3554 1139 τὸ
3593 1086 3689 1141 κάν

2110 1200 2272 1256 στρον
2325 1182 2432 1236 ὑπὸ
2480 1182 2589 1235 τῶι.
2640 1179 2984 1250 Ἀγαρηνῶν.
3042 1179 3138 1231 καὶ
3194 1175 3613 1246 αίχμαλωτίσθη
3661 1177 3691 1229 6

2110 1274 2416 1345 στρατηγὸς
2461 1273 2629 1327 αὐτοῦ
2659 1273 2689 1324 6
2720 1271 3046 1332 Πασπαλᾶς.
3100 1269 3502 1339 Συμφιλιωθεὶς
3551 1269 3608 1322 δὲ
3663 1271 3695 1323 6

2110 1366 2367 1437 βασιλεὺς
2390 1367 2511 1437 Ζωῇ
2537 1368 2600 1435 τῇ
2627 1364 2859 1434 θυγατρὶ
2885 1362 2982 1415 τοῦ
3007 1360 3253 1426 Ζαούτζα
3280 1358 3694 1431 προχειρίζεται

2108 1458 2273 1513 αὑτὸν
2303 1455 2760 1527 βασιλεοπάτορα,
2784 1454 2945 1517 αὐτὸς
2975 1454 3382 1522 καινουργῆσας
3411 1453 3472 1506 τὸ
3494 1453 3690 1521 ὄνομα.

2109 1553 2335 1621 Συμεὼν
2397 1552 2426 1604 6
2489 1550 2674 1620 ἄρχων
2743 1547 3083 1615 Βουλγαρίας
3134 1545 3493 1616 ὲκστρατεΰει
3548 1547 3691 1599 κατὰ

2122 1647 2435 1716 Ῥωμαίων,
2492 1646 2589 1700 καί¹
2650 1644 2985 1714 πολεμηθεὶς
3045 1644 3198 1714 παρὰ
3262 1642 3371 1695 τῶν
3428 1641 3693 1711 Τοιὶρκων

2108 1740 2335 1811 ἡττήθη,
2368 1741 2463 1795 καὶ
2497 1741 2651 1793 πᾶσα
2683 1736 3036 1809 αίχμαλωσία
3078 1737 3361 1808 ἠγοράσθη
3409 1736 3558 1807 παρᾶ
3596 1734 3692 1788 τοῦ

422 1844 621 1885 omnes
668 1827 737 1881 ab
799 1827 1133 1896 imperatore
1167 1824 1440 1895 redempti
1471 1835 1624 1879 sunt.
1657 1825 1818 1895 702
1865 1826 2003 1880 Tum

2115 1834 2395 1904 βασιλέως.
2436 1830 2571 1887 Εἶτα
2619 1832 2787 1885 πάλιν
2836 1831 3028 1900 τρέπει
3076 1831 3206 1892 τοὺς
3244 1829 3544 1899 Τούρκους,
3598 1827 3695 1880 καὶ

424 1936 620 1976 rursus
647 1921 738 1975 ille
765 1918 977 1973 Tureos
1010 1918 1129 1971 acie
1170 1916 1354 1971 fundit
1373 1956 1389 1981 ,
1414 1917 1709 1987 obiataque
1740 1918 2007 1987 petitione

424 2012 624 2081 recipit
652 2010 919 2079 captivos,
982 2019 1040 2064 et
1074 2022 1267 2076 pacem
1299 2008 1452 2063 facit.
1489 2009 1602 2064 Nec
1659 2010 1836 2063 multo
1884 2019 2008 2079 post

419 2119 620 2158 everso
672 2117 866 2156 rursus
910 2100 1064 2170 pacis
1110 2101 1320 2155 ﬁndere
1348 2101 1708 2155 commissum
1753 2101 2007 2170 pralium

422 2197 491 2251 ad
536 2195 1042 2266 Bulgarophygum,
1096 2195 1278 2247 locum
1331 2192 1416 2247 sic
1473 2192 1711 2258 dictum,
1771 2194 2009 2266 fusoque

420 2289 689 2343 universo
717 2288 965 2342 exercitu
1010 2301 1121 2340 una
1150 2300 1347 2339 omnes
1385 2285 1541 2341 clade
1575 2289 1838 2356 prostrati
1878 2296 2009 2343 sunt

422 2390 588 2449 atque
620 2380 826 2441 enecti,
850 2389 908 2433 et
938 2379 992 2432 in
1022 2379 1105 2433 eis
1148 2377 1481 2433 Theodorus
1520 2382 2006 2448 protovestiarius.

423 2472 709 2541 Stephano
762 2470 1077 2538 patriarcha
1118 2470 1230 2524 vita
1265 2469 1477 2536 functo,
1530 2472 1652 2541 ejus
1681 2470 1804 2526 loco
1832 2471 2009 2529 Anto-

424 2564 551 2618 nius
580 2562 814 2618 Caulcas
844 2561 1162 2616 ordinatur.

495 2657 551 2710 4.
622 2654 843 2724 imperii
910 2654 1115 2708 Leonis
1172 2669 1319 2709 anno
1378 2654 1615 2725 septimo
1668 2655 2010 2711 Cliersoniuc

418 2757 716 2818 pra-torem
750 2762 911 2800 suum
972 2746 1455 2801 contrucidarunt.
1508 2747 1712 2802 Corum
1745 2747 2007 2818 oppidum

423 2840 479 2894 in
507 2839 855 2908 Cappadocia
883 2839 952 2892 ab
984 2839 1250 2908 Agarenis
1278 2849 1520 2908 captum.
1548 2839 1715 2894 Facto
1746 2854 2005 2910 processu

421 2947 548 2987 cum
576 2931 688 2985 Leo
712 2930 1011 2999 imperator
1039 2930 1106 2983 ad
1136 2930 1192 2984 S.
1219 2931 1466 2984 Damiani
1500 2932 1765 2993 venisset,
1788 2948 2008 3003 unaque

420 3027 587 3080 etiam
623 3026 841 3095 imperii
884 3022 1083 3094 adjuva
1109 3024 1344 3078 Zautzas
1373 3024 1616 3086 adesset,
1656 3041 1875 3081 necnon
1897 3025 2008 3081 Zoe

423 3117 640 3172 Zautzae
672 3117 781 3170 lilia
824 3117 1021 3185 (prima
1065 3117 1213 3171 enim
1238 3118 1359 3184 ejus
1399 3133 1534 3171 uxor
1565 3118 1909 3188 TheOphano
1951 3118 2004 3172 in

421 3221 609 3265 sancta
639 3209 779 3263 Soro
815 3209 1242 3263 Blacliernarum
1287 3208 1550 3277 precibus
1584 3209 1806 3263 assidua
1838 3208 2003 3280 erat),
2034 3181 2077 3238 ο

419 3302 715 3357 consilium
771 3301 1019 3354 inierunt
1064 3299 1283 3353 Zautza:
1329 3301 1572 3369 cognati,
1617 3308 1731 3353 tum
1767 3299 2007 3356 Tzantes

423 3404 543 3449 tum
574 3394 795 3463 reliqui.
824 3402 884 3446 ut
924 3393 1314 3462 imperatorem
1347 3402 1632 3448 necarent.
1668 3392 1778 3447 Zoe
1820 3403 2007 3448 autem

423 3486 479 3542 in
509 3487 863 3557 imperatoris
884 3487 1008 3540 sinu
1044 3485 1349 3548 dormiens,
1389 3495 1448 3540 ut
1474 3487 1678 3540 malum
1712 3488 1889 3542 sensit
1910 3488 2011 3542 de-

424 3578 837 3648 prehenditque
868 3574 1119 3638 insidias,
1158 3577 1335 3645 ipsum
1366 3578 1660 3644 excitavit;
1690 3580 2011 3635 confestim-

425 3686 538 3742 que
559 3671 780 3741 navigio
813 3670 866 3723 in
894 3670 1067 3739 Pegas
1095 3669 1549 3738 transfretarunt,
1585 3688 1649 3727 ac
1673 3688 1834 3728 mane
1870 3674 2013 3729 cele-

427 3759 549 3814 rius
570 3760 635 3813 ad
660 3758 923 3830 palatium
952 3772 1073 3814 sese
1094 3770 1447 3828 receperunt.

501 3944 554 4000 5.
584 3942 700 3998 Hoc
730 3959 875 3997 anno
907 3941 1251 4014 Theophane
1272 3942 1515 4013 Augusta
1546 3944 1693 3998 diem
1727 3945 1864 4010 obit,
1885 3962 2009 4004 cum

431 4035 767 4105 imperasset
798 4050 972 4089 annos
1004 4034 1325 4090 duodecim.
1364 4033 1517 4091 lianc
1563 4037 1708 4091 Deus
1740 4049 1861 4107 post
1902 4056 2012 4095 non

427 4127 634 4181 nmltos
655 4126 776 4181 dies
804 4125 1199 4182 miraculorum
1234 4126 1570 4184 eﬂ‘ectricem
1627 4130 1890 4199 reddidit,
1932 4132 2016 4187 id-

408 4220 580 4274 circo
618 4218 767 4289 quod
810 4219 1097 4291 zelotypiae
1138 4220 1274 4274 vitio
1302 4219 1438 4274 nihil
1474 4221 1755 4288 laborans,
1784 4239 1885 4280 nec
1927 4225 2014 4279 in-

424 4312 695 4383 iuriarum
729 4311 1029 4383 quidquam
1059 4327 1292 4375 memor,
1323 4312 1692 4381 eleemosynis
1723 4324 1778 4369 et
1808 4316 2016 4373 oratio-

428 4405 595 4460 nibus
631 4405 743 4459 Dco
773 4404 994 4459 assidue
1021 4412 1267 4459 vacaret.
1325 4405 1500 4460 Porro
1550 4404 1663 4460 Leo
1712 4407 2015 4477 imperator

426 4497 658 4552 alteram
682 4496 974 4565 coniugem
1005 4510 1160 4550 suam
1179 4494 1344 4550 Zoem
1370 4495 1588 4551 Zautzze
1616 4496 1785 4552 tiliam
1807 4514 2012 4555 corona

427 4585 676 4645 donavit.
726 4585 888 4654 703
940 4600 1004 4639 ac
1056 4600 1181 4640 cum
1226 4600 1313 4648 ea,
1368 4597 1758 4656 comprecantc
1806 4589 2012 4646 clerico

429 4675 669 4745 quodam
701 4674 988 4745 Syneupcs
1032 4676 1282 4739 nomine,
1339 4675 1785 4734 benedictionem
1837 4681 2007 4737 subit.

428 4765 533 4831 Qui
574 4764 958 4819 benedictione
988 4766 1337 4835 impartierat
1370 4766 1643 4830 minister,
1673 4766 1853 4823 officio
1892 4786 2012 4824 mo-

431 4864 523 4909 tus
550 4863 635 4910 est
665 4874 678 4909 :
710 4856 819 4909 Zoe
852 4870 1002 4920 vero,
1032 4873 1236 4911 annum
1292 4874 1463 4911 unum
1501 4874 1721 4914 menses
1745 4869 1873 4915 octo
1911 4861 2014 4915 im-

430 4948 590 5019 perio
612 4949 806 5018 potita,
836 4947 1098 5002 defuncta
1123 4958 1227 5003 est.
1259 4949 1487 5004 inventa
1510 4958 1695 5005 autem
1730 4960 1815 5008 est
1848 4969 2011 5020 urna,

430 5040 499 5094 ad
520 5041 642 5111 ejus
666 5038 1019 5095 eondendum
1050 5042 1309 5107 cadaver,
1329 5042 1532 5098 litteris
1556 5045 1834 5115 ejusmodi
1864 5045 2017 5101 intus

432 5131 757 5202 insculpta:
790 5130 931 5185 Filia
989 5130 1276 5203 Babylonis
1317 5135 1535 5190 misera.
1598 5136 1758 5190 Haud
1816 5138 2013 5205 procul

432 5232 641 5288 autem,
670 5239 861 5278 mense
884 5223 1047 5289 Maio,
1079 5235 1363 5282 exstructo
1392 5229 1601 5299 templo
1632 5228 1796 5283 titulo
1817 5227 2018 5284 Sancta

430 5315 565 5380 Zoe,
597 5332 717 5371 eam
752 5316 1032 5387 sepelivit.
1060 5319 1238 5389 Prope
1276 5321 1443 5376 etiam
1480 5321 1744 5391 templum
1786 5321 2021 5377 Sancto-

435 5420 558 5459 rum
586 5407 997 5477 Apostolorum,
1039 5411 1308 5481 coemptis
1336 5411 1450 5468 Leo
1477 5413 1780 5481 imperator
1807 5411 2022 5469 adibus

437 5497 830 5569 perpulcliram
873 5500 1165 5555 ecclesiam
1193 5503 1452 5561 mdiiicat.
1504 5504 1707 5572 prioris
1732 5519 1845 5559 suae
1884 5518 2020 5559 con-

432 5588 580 5659 jugis
604 5590 976 5662 Theophanus
1018 5595 1281 5664 nomine;
1320 5597 1482 5667 cujus
1526 5606 1585 5650 et
1632 5595 1796 5651 funus
1843 5596 1899 5651 in
1956 5612 2020 5653 ea

439 5678 689 5732 deponit.

420 5682 689 5748 deponit.

2115 1926 2252 1996 μετὰ
2284 1926 2553 1997 αἰτήσεως
2607 1923 3056 1993 ἀναλαμϐάνεται
3101 1923 3236 1985 τοὺς
3283 1920 3693 1989 αἰχμαλώτους,

2111 2019 2204 2072 καὶ
2239 2020 2384 2071 ποιεῖ
2421 2019 2667 2088 εἰρήνην.
2716 2017 2827 2068 Καὶ
2870 2018 2993 2086 μετ’
3042 2014 3223 2082 ὀλίγον
3285 2010 3695 2083 ἀνατραπείσης

2110 2112 2275 2166 πάλιν
2300 2112 2397 2183 τῆς
2419 2113 2667 2182 εἰρήνης,
2698 2109 2909 2178 γίνεται
2935 2109 3174 2178 πόλεμος
3204 2107 3282 2169 είς
3299 2107 3358 2159 τὸ
3382 2103 3693 2171 Βουλγαρὸ-

2110 2222 2303 2274 φυγον,
2378 2205 2473 2258 καὶ
2531 2204 2743 2275 τροπῆς
2804 2202 3078 2272 δημοσίας
3133 2199 3438 2269 γενομένης
3489 2196 3693 2257 πάντες

2106 2297 2411 2362 ἀπώλοντο,
2466 2296 2561 2350 καὶ
2610 2296 2639 2347 ὁ
2685 2294 3184 2365 πρωτοϐεστιάριος
3224 2291 3521 2360 Θεόδωρος.
3558 2287 3690 2339 Στε-

2111 2388 2282 2455 φάνου
2365 2387 2791 2457 τελευτήσαντος
2868 2386 3212 2456 πατριάρχου
3300 2382 3694 2452 χειροτονεὲται

2112 2478 2228 2532 ἀντ’
2275 2477 2440 2532 αὐτοῦ
2504 2478 2851 2549 πατριάρχης
2897 2474 3190 2537 ⁹Δντώνιος
3248 2472 3345 2527 6"
3397 2470 3694 2541 λεγόμενος

2112 2569 2388 2631 Καυλέας.

2181 2661 2243 2715 δ’.
2283 2660 2375 2729 Τῷ
2409 2660 2451 2725 ζ’
2483 2659 2648 2713 αὑτοῦ
2698 2660 2810 2711 ἔτει
2838 2654 3081 2726 ἔσφαξαν
3124 2655 3174 2709 ei
3207 2654 3551 2725 Χερσωνϊται
3601 2651 3696 2706 τὸν

2114 2753 2423 2823 στρατηγὸν
2476 2754 2677 2810 αὐτῶν.
2718 2751 3052 2821 ιιαρελήφθη
3103 2748 3200 2802 καί
3247 2748 3309 2801 τδ
3342 2749 3579 2817 κάστρον
3634 2746 3698 2799 τὸ

2114 2845 2291 2914 Κάρον
2323 2846 2381 2897 ἐν
2414 2844 2795 2915 Καππαδοκίᾳ
2818 2842 2925 2895 ὑπὸ
2957 2840 3068 2895 τῶν
3110 2840 3453 2911 Ἀγαρηνῶν.
3501 2836 3558 2891 ’0
3595 2839 3692 2909 βα-

2114 2936 2296 2998 σιλεὺς
2322 2936 2476 2989 Λέων
2524 2938 2828 3004 πρόκενσον
2865 2934 3099 3004 ποιήσας
3155 2933 3235 2995 είς
3278 2934 3346 2984 τά
3395 2929 3694 3001 Δαμιανοῦ,

2113 3028 2366 3090 συνόντος
2399 3028 2492 3080 καὶ
2523 3027 2619 3080 τοῦ
2677 3024 3257 3095 παραδυναστεΰοντος
3297 3023 3547 3085 Ζαοϐτζα
3600 3022 3699 3074 καὶ

2110 3114 2208 3182 τῆς
2239 3112 2509 3183 θυγατρὸς
2557 3112 2722 3165 αὐτοῦ
2779 3112 2934 3183 Ζωῆς
2979 3112 3098 3182 ἃμα
3132 3112 3211 3181 τῷ
3243 3110 3456 3182 βασιλεῖ
3498 3113 3553 3181 (ἡ
3584 3110 3697 3180 γὰρ

2116 3204 2305 3276 πρώτη
2333 3204 2500 3259 αὐτοῦ
2524 3205 2738 3276 γαμετὴ
2768 3203 3026 3272 Θεοφανὼ
3048 3205 3107 3257 ὲν
3132 3207 3198 3274 τῇ
3227 3201 3385 3273 Ἀγίᾳ
3407 3202 3559 3273 Σορῷ
3588 3202 3699 3255 τῶν

2116 3298 2434 3369 Βλαχερνῶν
2492 3297 2929 3370 προσεκαρτέρει
2973 3295 3307 3367 εὐχομένη),
3369 3294 3700 3365 συμϐούλιον

2116 3394 2381 3463 ἐποίησαν
2413 3393 2461 3446 οἱ
2487 3391 2583 3446 τοῦ
2611 3391 2853 3457 Ζαοΰτζα
2881 3393 3188 3461 συγγενεῖς,
3234 3392 3266 3444 ὃ
3304 3408 3365 3443 τε
3412 3388 3699 3458 Τζάντζης

2117 3486 2212 3537 καὶ
2238 3484 2286 3537 οἱ
2316 3484 2519 3547 λοιποὶ,
2557 3484 2817 3554 φονεῦσαι
2842 3486 2933 3537 τὸν
2966 3482 3295 3554 βασιλέα.Ἢ
3324 3483 3446 3553 Ζωὴ
3473 3481 3530 3535 δὲ
3559 3484 3697 3551 μετὰ

2116 3575 2211 3627 τοῦ
2268 3573 2533 3645 βασιλέως
2597 3574 2935 3629 καθεύδουσα
2964 3615 2979 3636 .
3015 3573 3101 3648 [Ρ.
3129 3573 3258 3645 465]
3292 3572 3365 3636 ὡς
3400 3572 3595 3643 ᾔσθετο
3638 3573 3699 3624 τὸ

2117 3666 2311 3727 δεινὸν,
2362 3665 2655 3734 ὲξύπνισεν
2684 3668 2881 3722 αὐτόν’
2941 3667 3035 3721 καὶ
3088 3662 3336 3734 παρευοϋ
3386 3664 3466 3725 εἰς
3511 3661 3698 3714 πλοῖον

2117 3755 2453 3829 διεπέρασαν
2478 3761 2555 3823 είς
2585 3758 2794 3828 Πηγὰς,
2829 3758 3008 3813 καὶτὸ
3044 3755 3190 3827 πρωϊ
3229 3756 3416 3826 τάχιον
3446 3753 3696 3824 εἰσῆλθεν

2119 3865 2143 3900 ε
2155 3853 2199 3912 ξς
2223 3849 2283 3901 τὸ
2313 3850 2591 3904 παλάτιον.

2190 3936 2250 3993 ε’.
2296 3940 2482 4011 Τούτῳ
2531 3940 2608 4010 τῷ
2663 3940 2773 3994 ἔτει
2828 3940 3060 4011 τελευτᾷ
3100 3937 3362 4007 Θεοφανὼ
3394 3936 3700 4004 Αὑγούστα,

2090 4054 2093 4057 λ
2122 4033 2492 4103 βασιλεύσασα
2522 4034 2621 4103 ἔτη
2656 4035 2721 4104 ιβ’
2742 4051 2754 4063 ·
2784 4033 2850 4104 ἢν
2881 4034 3001 4103 μετ’
3029 4033 3091 4085 οὐ
3125 4031 3330 4094 πολλὰς
3366 4033 3580 4102 ἡμέρας
3611 4031 3706 4083 ἀν-

2121 4128 2321 4193 έδειξεν
2349 4129 2377 4181 ὀ
2404 4127 2536 4192 Θεὸς
2568 4126 2987 4198 Θαυματουργὸν
3018 4124 3109 4179 διὰ
3142 4125 3203 4177 τὸ
3235 4124 3579 4193 ἀζηλότυπον
3617 4124 3708 4177 αὖ·

2120 4223 2220 4291 τῆς
2273 4223 2368 4276 καὶ
2434 4222 2817 4291 ἁμνησίκακον
2884 4218 2978 4271 καὶ
3041 4220 3100 4271 ὲν
3153 4217 3551 4287 ἑλεημοσύναις
3611 4216 3705 4268 καὶ

2123 4319 2459 4386 προσευχαῖς
2512 4312 2877 4373 ἀδιαλείπτως
2938 4311 3377 4381 προσκαρτερεῖν
3423 4308 3502 4378 τῷ
3561 4306 3706 4378 θεῷ.

2125 4409 2393 4478 Ἔστεψεν
2431 4408 2485 4460 δὲ
2518 4407 2669 4460 Λέων
2716 4404 2744 4455 6
2786 4401 3043 4473 βασιλεὺς
3097 4401 3196 4473 τὴν
3248 4402 3509 4474 δευτέραν
3540 4400 3707 4456 αὐτοῦ

2122 4503 2363 4570 γυναῖκα
2393 4499 2546 4566 Ζωὴν
2572 4496 2671 4563 τὴν
2702 4492 2983 4565 θυγατέρα
3035 4492 3133 4546 τοῦ
3168 4491 3435 4557 Ζαοὺτζα,
3484 4493 3581 4546 καὶ
3619 4492 3708 4544 εὐ-

2118 4594 2358 4663 λογεῖται
2390 4591 2508 4660 μετ’
2550 4590 2721 4658 αὐτῆς
2755 4589 2908 4659 παρὰ
2961 4604 3107 4652 τινος
3151 4586 3418 4658 κληρικοῦ
3450 4584 3547 4639 τοῦ
3582 4585 3704 4637 ἐπί-

2120 4687 2257 4755 κλην
2287 4683 2555 4753 Σινεύπης
2575 4683 2641 4735 ⁷³.
2681 4683 2792 4737 Καὶ
2820 4684 2847 4735 ὁ
2877 4683 2975 4752 μὲν
3002 4682 3309 4751 εὐλογήσας
3346 4676 3649 4747 καθῃρέθη.
3672 4676 3705 4742 ἡ

2119 4776 2175 4829 δὲ
2224 4777 2572 4831 ἐϐασίλευσεν
2625 4775 2741 4838 ἔτος
2777 4772 2826 4829 α’
2869 4776 3042 4846 μῆνας
3097 4780 3170 4841 η’,
3203 4773 3297 4825 καὶ
3330 4767 3706 4833 ἐτελεύτησεν.

2134 4868 2398 4941 Ἐφεῦρον
2459 4869 2516 4922 δὲ
2561 4869 2814 4939 λάρνακα
2851 4869 2929 4929 εἰς
2962 4867 3024 4917 τὸ
3062 4860 3397 4927 ἁποτεθῆναι
3446 4855 3505 4907 τὸ
3545 4854 3707 4923 σῶμα

2123 4962 2317 5032 αὐτῆς.
2379 4961 2610 5033 ἔχουσαν
2669 4960 2874 5013 ἔσωθεν
2942 4957 3252 5024 γράμματα
3314 4947 3709 5019 κεκολαμμένα

2120 5053 2404 5125 γράφοντα
2429 5052 2637 5114 οὕτως’
2673 5046 2946 5117 Θυγάτηρ
2998 5039 3362 5105 Βαϐυλῶνος
3407 5038 3445 5104 ἡ
3503 5037 3710 5091 ταλαί-

2121 5160 2339 5218 πωρος.
2372 5144 2609 5215 Πλησίον
2639 5142 2717 5203 δὲ,
2746 5140 2839 5192 τοῦ
2867 5138 3045 5191 Μαΐου
3081 5134 3250 5205 μηνὸς
3271 5174 3285 5197 ,
3342 5130 3711 5201 οἰκοδομήσας

2122 5240 2280 5304 ναὸν,
2325 5238 2424 5309 τὴν
2477 5236 2653 5305 ἁγίαν,
2710 5231 2885 5302 Ζωὴν,
2948 5228 3307 5299 κατατίθησιν
3339 5226 3531 5294 αὑτήν.
3600 5222 3712 5276 Καὶ

2123 5328 2351 5399 πλησίον
2371 5325 2480 5379 τῶν
2493 5324 2694 5392 Ἀγίων
2730 5320 3072 5376 ’Δποστόλων
3104 5317 3522 5387 ἐξωνησάμενος
3553 5314 3710 5381 οἰκή-

2132 5434 2278 5488 ματα
2309 5414 2462 5469 Λέων
2493 5416 2520 5469 6
2556 5411 2814 5484 βασιλεὺς
2865 5410 3041 5473 κτίζει
3073 5407 3373 5477 ἐκκλησίαν
3403 5401 3711 5474 περικαλλῆ

2128 5510 2207 5571 είς
2241 5506 2414 5575 ὄνομα
2443 5502 2707 5572 Θεοφανῶ
2732 5501 2831 5570 τῆς
2862 5497 3088 5569 πρώτης
3112 5494 3281 5552 αὐτοῦ
3315 5492 3598 5562 γυναικὸς,
3619 5488 3713 5541 καὶ

2130 5598 2461 5664 κατατίθησι
2495 5597 2587 5651 καὶ
2624 5594 2830 5663 ταύτην
2859 5593 2996 5646 ἐκεῖ.

1688 5779 1921 5837 ΥΛΗΙΑΞ
1985 5777 2387 5839 LECTIONES.

524 5863 565 5891 ⁷⁷
590 5865 615 5914 ὁ
644 5881 753 5920 om.
791 5865 845 5919 P.
926 5868 966 5899 ⁷⁸
994 5868 1229 5938 Σινάτεης
1266 5884 1451 5938 margo
1493 5868 1553 5924 Ρ.
