4124 6428
432 294 536 358 771

1668 295 1971 356 SYMEON
1982 295 2053 356 IS
2092 293 2245 353 MAG
2259 292 2463 352 (STRI

3589 288 3654 349 77
3658 286 3695 347 2

429 410 682 481 adjutore
727 423 793 463 ac
831 407 984 464 socio
1035 407 1104 464 ad
1133 423 1299 466 omne
1347 409 1533 465 scelus
1585 425 1651 464 ac
1701 411 2005 480 nequitiam

2117 410 2277 465 αὑτοῦ
2314 412 2450 480 πρὸς
2481 412 2663 465 πᾶσαν
2692 408 3042 479 παρανομίαν
3069 407 3162 460 καὶ
3188 404 3406 468 κακίαν,
3436 405 3695 459 καὶκατὰ

435 513 712 567 uteretur;
734 502 1008 571 amboque
1031 502 1299 558 adversus
1320 502 1623 557 Ecclesiam
1654 504 1836 556 moliri
1868 502 2005 556 inci-

430 596 612 666 piunt.
670 596 1032 650 Accersentes
1079 596 1228 650 enim
1276 595 1563 650 Nicolaum
1634 597 2009 665 patriarcham

429 688 594 741 etiam
623 695 789 756 atque
817 687 985 743 etiam
1015 694 1211 757 rogant
1244 697 1305 742 ut
1333 694 1655 756 quartaqu
1689 686 2010 756 nuptiarum

430 781 515 835 lex
548 781 870 848 recipiatur.
899 779 1062 846 Quod
1084 795 1217 835 vero
1250 779 1298 835 is
1323 780 1377 834 in
1410 794 1531 833 eam
1579 794 1639 834 se
1679 778 2008 833 sententiam

430 871 629 925 adduci
654 872 880 926 minime
908 886 1101 940 passus
1124 880 1271 925 esset
1291 910 1307 934 ,
1336 886 1437 941 per
1460 871 1829 927 Bucoleonem
1856 871 2009 928 lintri

431 962 752 1031 impositum
796 963 851 1016 in
889 962 1132 1017 Hieriam
1160 964 1526 1033 trajecerant;
1566 962 1809 1031 indeque
1841 963 2011 1033 pedes

360 1072 361 1075 η
430 1053 498 1108 ad
522 1053 876 1117 Galacrenas,
931 1054 1048 1109 solo
1080 1054 1301 1123 copiosa
1342 1056 1471 1109 nive
1512 1064 1817 1117 constrato;
1866 1070 2011 1124 aegre

431 1148 705 1216 pervenit.
740 1147 874 1216 Ejus
903 1163 1036 1201 vero
1063 1146 1187 1202 loco
1224 1146 1516 1201 ordinatur
1556 1148 1870 1216 patriarcha
1901 1148 2012 1203 Eu-

432 1240 678 1311 thymius
735 1239 1050 1310 syncellus,
1082 1240 1167 1295 vir
1193 1239 1447 1309 religiosa
1504 1240 1775 1295 modeStia
1830 1241 2012 1294 conti-

429 1345 680 1400 nensque
712 1346 777 1385 ac
811 1329 969 1386 valde
994 1329 1141 1399 pius.
1177 1346 1341 1399 quem
1368 1346 1438 1385 ex
1463 1330 1651 1386 divina
1673 1331 2011 1387 revelatione

429 1420 827 1489 aiuntquartas
854 1420 977 1475 illas
1009 1421 1238 1489 nuptias
1268 1421 1619 1490 suscepisse;
1648 1422 1853 1491 quippe
1883 1436 2009 1476 cum

429 1511 728 1581 imperator
755 1511 1005 1566 haeresim
1036 1512 1300 1569 inducere
1326 1513 1489 1567 vellet
1514 1529 1578 1568 ac
1618 1513 1794 1583 legem
1817 1514 2008 1575 edere,

428 1602 593 1657 licere
654 1602 774 1659 viro
838 1610 949 1658 tres
998 1613 1307 1671 quatuorve
1356 1620 1558 1661 uxores
1618 1605 1845 1671 habere,
1882 1621 2011 1662 cum

426 1693 589 1756 multi
618 1693 718 1747 viri
752 1694 1115 1749 eruditissimi
1151 1694 1204 1750 in
1238 1695 1344 1752 hoc
1365 1695 1446 1751 illi
1475 1696 1936 1767 suﬂ‘ragarentur.

2112 506 2211 571 τῆς
2247 502 2575 573 Ἐκκλησίας
2597 500 2681 574 [Ρ.
2712 500 2839 571 667]
2860 501 3120 571 ἄρχονται
3152 497 3409 568 μελετᾷν.
3442 497 3696 565 Προσκά-

2111 593 2331 647 λοῦνται
2364 595 2474 664 γὰρ
2524 594 2794 647 Νικόλαον
2829 593 2922 645 τὸν
2975 590 3359 661 πατριάρχην,
3408 589 3502 641 καὶ
3525 588 3696 641 πολλὰ

2112 686 2404 756 λιπαροῦσι
2441 686 2700 755 δεχθῆναι
2731 687 2831 754 τὴν
2862 683 3261 755 τετραγαμίαν.
3334 681 3484 735 Ἐπεὶ
3508 680 3566 732 δὲ
3595 681 3698 731 οὐκ

2112 778 2319 840 ἔπεισε,
2344 779 2433 832 διὰ
2467 777 2563 831 τοῦ
2614 776 2998 838 Βουκολέοντος
3052 775 3132 837 είς
3184 771 3381 842 μικρὸν
3415 770 3696 840 πλοιάριον

2112 869 2513 939 ἐμϐιϐάσαντες
2544 869 2625 931 εἰς
2650 870 2749 938 τὴν
2790 867 3014 937 Ἰἐρειαν
3036 865 3298 934 περῶσιν,
3323 862 3418 930 ἀφ’
3454 858 3521 935 ἦς
3553 862 3694 932 πεζῇ

2115 965 2279 1033 μέχρι
2310 962 2680 1031 Γαλακρηνῶν
2717 961 2869 1030 μόλις
2903 959 3093 1031 ἀπῄει,
3135 959 3309 1027 χιόνος
3335 957 3719 1025 ἐπικειμένης

2112 1054 2333 1121 πολλῆς.
2361 1055 2765 1123 Χειροτονεῖται
2797 1052 2853 1106 δὲ
2898 1052 3015 1105 ἀντ’
3047 1048 3211 1104 αὑτοῦ
3243 1048 3519 1118 Εὑθύμιος
3556 1048 3694 1114 σύγ-

2111 1146 2301 1208 κελλος
2330 1147 2409 1208 εἰς
2445 1144 2834 1215 πατριαρχίαν,
2871 1143 3009 1215 ἀνὴρ
3036 1141 3394 1213 ἱεροπρεπὴς,
3420 1143 3694 1211 ἐγκρατής

2109 1255 2170 1290 τε
2195 1238 2289 1291 καὶ
2314 1237 2547 1308 εὐλαϐὴς
2581 1237 2723 1290 πάνυ
2743 1253 2758 1269 ·
2788 1238 2847 1289 ὃν
2871 1253 3007 1304 φασι
3056 1234 3453 1299 καταδέξασθαι
3481 1233 3579 1302 τὴν
3609 1250 3698 1284 τεο

2109 1329 2425 1400 τραγαμίαν
2450 1329 2512 1395 ἐξ
2553 1327 2953 1397 ἀποκαλύψεως
3002 1326 3175 1391 θείας,
3197 1326 3272 1390 ὡς
3303 1325 3395 1378 τοῦ
3432 1325 3698 1395 βασιλέως

2114 1418 2440 1488 βουλομένου
2477 1419 2688 1487 αἰρεσιν
2743 1417 2969 1486 ποιῆσαι
3003 1418 3097 1472 καὶ
3134 1418 3298 1486 νόμον
3337 1417 3570 1471 ἐνθεῖναι
3601 1416 3698 1469 τοῦ

2111 1508 2255 1579 ἔχειν
2276 1510 2446 1581 ἄνδρα
2469 1513 2616 1580 τρεῖς
2637 1511 2899 1577 γυναῖκας
2926 1510 2958 1580 ἦ
2986 1509 3278 1579 τέσσαρας.
3304 1506 3515 1562 πολλῶν
3536 1506 3698 1560 τοῖδτο

2111 1601 2499 1670 λογικωτάτων
2526 1600 2738 1671 ἀνδρῶν
2764 1599 3170 1670 συνεργούντων
3199 1598 3369 1668 αὐτῷ.

498 1784 587 1839 20.
646 1785 827 1840 Mense
857 1784 1023 1840 Junio
1056 1795 1216 1841 ortus
1252 1795 1451 1842 ventus
1475 1766 1692 1843 Africus
1706 1788 2014 1844 Tritomeus

2188 1786 2257 1836 κ’.
2291 1780 2383 1851 Τῷ
2439 1779 2645 1850 Ἰουνίῳ
2687 1778 2819 1849 μηνὶ
2866 1776 3088 1846 γέγονεν
3139 1774 3337 1845 ἄνεμος
3363 1774 3458 1845 λίψ
3491 1775 3698 1846 Τριτω-

424 1877 824 1941 validissimus,
866 1879 1029 1949 710
1066 1879 1207 1933 adeo
1246 1887 1308 1934 ut
1335 1879 1483 1935 aedes
1516 1880 2019 1950 sacras-profanas-

425 1985 535 2040 que
562 1977 907 2036 concuteret,
952 1972 1250 2041 cunctique
1290 1972 1357 2027 ad
1382 1972 1686 2028 subdivalia
1716 1973 1833 2028 loca
1865 1974 2031 2044 fugem

430 2069 591 2124 rent,
642 2076 707 2115 ac
751 2062 941 2115 mundi
985 2063 1521 2118 consummationem
1569 2079 1689 2118 esse
1742 2064 2014 2120 dicerent.

428 2152 527 2209 Dei
567 2160 747 2207 tamen
772 2153 1067 2210 clementia
1096 2169 1160 2210 ac
1208 2154 1459 2211 bonitate
1492 2155 1755 2211 imbrium
1778 2156 1832 2211 vi
1857 2156 2018 2213 seda-

432 2253 522 2299 tus
553 2252 659 2299 est.

501 2336 590 2390 2|.
638 2338 798 2391 Anno
840 2336 1107 2408 vigesimo
1166 2340 1332 2394 tertio
1371 2340 1776 2396 Saracenorum
1824 2340 2031 2396 classis.

429 2425 733 2480 Romanam
764 2425 1033 2482 ditionem
1088 2428 1310 2483 invasit.
1341 2428 1645 2500 Imperator
1674 2445 1807 2484 vero
1834 2429 2031 2485 llime-r

430 2516 575 2571 rium
608 2517 941 2587 logothetam
980 2519 1261 2573 navalium
1290 2521 1536 2574 omnium
1580 2521 1864 2592 copiarum
1912 2522 2017 2577 du-

428 2622 550 2663 cem
585 2624 651 2664 ac
704 2617 872 2680 caput
897 2611 1181 2681 praefecit;
1215 2613 1519 2683 scribitque
1541 2613 1859 2670 Andronico
1887 2614 2017 2670 duci

430 2709 493 2753 ut
525 2716 583 2756 se
632 2700 898 2774 adjungat
938 2702 1207 2759 llimerio.
1241 2702 1417 2760 Porro
1451 2705 1717 2761 Samonas
1748 2707 2014 2778 implaca-

428 2792 527 2847 bili
572 2794 628 2847 in
665 2794 1043 2851 Andronicum
1087 2796 1237 2864 odio,
1272 2798 1534 2866 omnique
1565 2798 1731 2853 modo
1756 2799 1933 2865 labem
1962 2799 2016 2854 ei

428 2882 631 2939 inferre
679 2884 931 2952 studens,
984 2895 1176 2941 auctor
1221 2897 1305 2943 est
1350 2886 1570 2942 cuidam
1602 2896 1664 2942 ut
1702 2890 1919 2945 occulte
1945 2889 2014 2945 ad

427 2990 554 3029 enm
590 2976 816 3043 scribat,
844 2977 979 3034 Cave
1004 2980 1075 3034 si:
1104 2996 1258 3034 naves
1290 2980 1605 3051 ingrediaris
1624 2982 1758 3035 etab
1782 2981 2014 3036 Himerio

427 3069 681 3138 capiaris.
730 3068 916 3123 Multis
948 3070 1139 3140 itaque
1161 3087 1360 3143 rogans
1398 3087 1711 3142 urgensque
1740 3072 2015 3127 Androni-

428 3176 578 3225 cum,
627 3160 1015 3231 ingruentibus
1043 3163 1332 3233 Agarenis,
1366 3174 1428 3218 ut
1466 3179 1655 3219 secum
1693 3164 2006 3236 ingredere-

430 3259 541 3315 tur,
575 3251 626 3306 id
664 3269 796 3308 vero
840 3255 1141 3322 impetrare
1171 3271 1280 3309 non
1323 3255 1524 3325 potuit.
1561 3255 1723 3310 Solus
1753 3272 1886 3326 ergo
1914 3256 2012 3310 lli-

431 3346 638 3399 merius
680 3345 734 3399 in
785 3344 843 3400 S.
890 3346 1115 3401 Thom
1165 3346 1379 3400 solenni
1436 3346 1527 3401 die
1575 3364 1699 3402 cum
1751 3348 2016 3418 Agarenis

428 3450 759 3506 congressus
805 3454 1058 3508 magnam
1096 3439 1383 3504 victoriam
1434 3443 1755 3510 reportavit.
1795 3443 1912 3507 Qua
1957 3457 2017 3498 re

431 3529 650 3599 cognita
682 3570 698 3592 ,
756 3530 1109 3585 Andronicus
1153 3532 1207 3585 iu
1250 3531 1695 3601 desperationem
1743 3534 2018 3590 adductus

428 3634 554 3672 cum
589 3617 847 3674 allinibus
882 3636 948 3675 ac
981 3620 1249 3676 comitatu
1286 3622 1343 3676 in
1383 3623 1755 3677 defectionem
1789 3625 2019 3680 adactus

428 3718 546 3771 est;
581 3710 883 3781 abiensque
921 3710 1178 3767 Cabalam
1207 3713 1477 3783 oppidum
1529 3718 1843 3785 occupavit,
1877 3716 2039 3775 adeo.

430 3809 493 3856 ut
529 3801 794 3857 Samonas
822 3803 1144 3874 imperatori
1173 3805 1495 3874 objectaret,
1529 3804 1714 3860 Nonne
1757 3807 2013 3874 dicebam,

429 3893 661 3958 domine,
688 3893 880 3948 Ducem
918 3895 1161 3949 rebellem
1188 3897 1348 3967 fore?

509 3986 601 4043 2'2.
648 3990 809 4041 Anno
841 3988 1107 4059 vigesimo
1136 3999 1336 4058 quarto
1371 3988 1523 4044 misit
1553 3988 1854 4059 imperator
1881 3989 2018 4044 Gre-

436 4095 620 4150 goram
682 4081 996 4135 scholarum
1049 4081 1414 4137 domesticum
1451 4098 1677 4152 ,quem
1726 4082 2015 4137 lberitzem

435 4182 655 4237 vocant,
685 4172 983 4228 Andronici
1009 4189 1077 4229 ex
1108 4190 1277 4228 uxore
1306 4174 1545 4238 allinem,
1580 4174 1648 4228 ad
1678 4190 1804 4228 eum
1842 4190 2018 4243 expu-

432 4264 733 4334 gnandum.
771 4265 929 4331 Quod
965 4281 1090 4319 cum
1117 4265 1403 4321 didicisset
1434 4266 1802 4330 Andronicus,
1831 4282 1895 4321 ac
1922 4266 2019 4322 Ni-

435 4359 649 4412 colaum
695 4359 1069 4428 patriarchant
1112 4359 1357 4413 Ecclesia
1405 4360 1645 4428 ejectum
1690 4360 2016 4427 audivisset,

2118 1877 2265 1937 ναίος
2302 1872 2553 1944 σφοδρὸς,
2614 1873 2690 1936 ῶς
2746 1873 3026 1924 συσσεῖσαι
3055 1871 3331 1938 οἰκήματα
3370 1871 3465 1921 καὶ
3492 1868 3695 1935 ἐκκλη-

2121 1967 2264 2029 σίας,
2318 1967 2413 2020 καὶ⁵
2471 1968 2680 2029 πάντας
2708 1965 2933 2034 φεύγειν
2975 1964 3032 2015 ὲν
3066 1962 3352 2032 ὑπαίθροις
3385 1962 3478 2017 καὶ
3518 1961 3697 2029 λέγειν

2120 2058 2392 2129 κοσμικὴν
2416 2059 2728 2111 συντέλειαν
2776 2054 2941 2110 εἶναι.
2984 2054 3148 2108 Ἀλλὰ
3182 2058 3247 2127 τῇ
3275 2055 3369 2108 τοῦ
3404 2054 3539 2109 Θεοῦ
3580 2055 3697 2124 φιλ-

2118 2148 2403 2221 ανθρωπίᾳ
2423 2148 2489 2204 δι’
2522 2149 2743 2221 ὄμϐρων
2772 2147 3005 2217 ἐπαύθη.

2148 2320 2151 2325 ’
2189 2331 2295 2388 κα⁹.
2336 2332 2428 2404 Τῷ
2471 2331 2556 2401 κγ’
2586 2331 2695 2385 ἔτει
2730 2330 2915 2394 στόλος
2973 2327 3311 2401 Σαρακηνῶν
3364 2327 3507 2380 κατὰ
3556 2327 3695 2380 Ῥω-

2122 2422 2297 2492 μαίων
2322 2419 2567 2489 ἐξῆλθεν.
2599 2418 2940 2490 Προεὸάλετο
2971 2419 3027 2471 δὲ
3058 2421 3085 2471 ὁ
3110 2417 3363 2487 βασιλεὺς
3399 2417 3629 2487 Ὶμέριον
3652 2417 3696 2448 ’³⁸

2116 2515 2207 2567 τὸν
2259 2512 2550 2582 λογοθέτην
2617 2510 2860 2581 κεφαλὴν
2922 2511 3144 2563 πάντων
3206 2509 3316 2561 τῶν
3414 2508 3697 2579 πλωῖμων.

2117 2604 2325 2674 Γράφει
2375 2604 2429 2657 δὲ
2472 2603 2564 2656 καὶ
2638 2602 2959 2673 Ἀνδρονίκῳ
2987 2600 3065 2671 τῷ
3121 2601 3283 2653 Δουκὶ
3323 2600 3599 2654 συνελθεῖν
3619 2600 3698 2670 τῷ

2129 2696 2368 2769 Ίμερίῳ.
2414 2696 2471 2748 '0
2497 2695 2552 2749 δὲ
2583 2694 2847 2766 Σαμωνάς
2876 2692 3230 2756 ἀδιάλλακτος
3252 2690 3326 2745 ῶν
3355 2691 3433 2762 τῷ
3486 2694 3699 2764 Ἀνδρο-

2115 2788 2249 2859 νίκῳ
2301 2789 2394 2842 καὶ
2443 2789 2605 2841 παντὶ
2648 2787 2834 2857 τρόπῳ
2890 2786 3140 2841 κακῶσαι
3168 2785 3329 2838 αὐτὸν
3355 2784 3695 2850 σπουδάζων,

2118 2878 2292 2934 πείθει
2340 2879 2461 2933 τινὰ
2500 2879 2708 2949 γράψαι
2747 2877 2897 2947 αὺτῴ
2922 2877 3131 2948 κρύφα,
3166 2876 3260 2945 Μὴ
3303 2877 3587 2944 εἰσέλθῃς
3610 2880 3700 2943 εἰς

2115 2972 2186 3027 τὰ
2218 2972 2468 3041 καρὰϐια
2524 2972 2620 3027 καί
2656 2970 2959 3040 κρατηθῇς
3009 2971 3171 3038 παρὰ
3213 2968 3487 3039 ⁸1μερίου.
3523 2970 3700 3025 Πολλὰ

2117 3071 2171 3123 δὲ
2198 3071 2288 3120 τὶν
2325 3067 2657 3137 Ἀνδρόνικον
2686 3066 3097 3133 ἀναγκάσαντος
3131 3063 3393 3117 εἰσελθεῖν
3426 3065 3522 3117 σὺν
3548 3065 3700 3134 αὐτῷ

2116 3162 2223 3213 τῶν
2268 3160 2585 3230 Ἀγαρηνῶν
2620 3158 2987 3226 ἐπικειμένων
3020 3157 3119 3210 οὐκ
3175 3155 3425 3226 ἐπείσθη.
3468 3156 3699 3227 Ἱμέριος

2115 3252 2173 3308 δὲ
2210 3255 2368 3324 μόνος
2400 3254 2457 3305 ὲν
2490 3254 2556 3322 τῇ
2604 3250 2790 3321 ἡμέρᾳ.
2836 3248 2930 3302 τοῦ
2970 3248 3124 3318 ἁγίου
3178 3247 3349 3318 Θωμᾶ
3407 3246 3699 3317 συμϐαλὼν

2119 3346 2355 3415 πόλεμον
2389 3345 2525 3415 μετὰ
2550 3344 2658 3396 τῶν
2696 3342 3016 3412 Ἀγαρηνῶν
3056 3340 3301 3411 μεγάλην
3322 3340 3479 3411 νίκην
3511 3342 3700 3411 εἰργά-

2120 3455 2271 3491 σατο.
2319 3436 2491 3490 Τοῦτο
2543 3434 2734 3505 μαθὼν
2794 3435 3132 3505 Ἀνδρόνικος
3184 3433 3279 3486 καὶ
3308 3433 3575 3500 ἀπογνοὺς
3603 3433 3699 3485 σὺν

2117 3534 2229 3593 τοῖς
2289 3529 2609 3599 συγγενέσιν
2660 3526 2825 3581 αὐτοῦ
2886 3528 2981 3580 καὶ
3015 3525 3326 3597 ἀνθρώποις
3360 3524 3699 3579 ἀποστασίαν

2120 3618 2363 3687 ἐποίησε,
2386 3617 2474 3669 καὶ
2503 3614 2756 3670 ἀπελθὼν
2790 3616 3094 3687 ἐκράτησεν
3118 3615 3216 3686 τὴν
3240 3614 3494 3667 Κάὸαλαν
3520 3613 3691 3672 πόλιν,

2118 3711 2193 3775 ὡς
2211 3714 2383 3763 εἰπεῖν
2401 3711 2663 3782 Σαμωνᾶν
2694 3710 2738 3741 ⁸⁷
2771 3710 2906 3780 πρὸς
2923 3710 3014 3762 τὸν
3038 3707 3286 3779 βασιλέα·
3309 3708 3431 3759 Οὐκ
3453 3705 3689 3772 ἔλεγον,

2116 3800 2164 3859 ὦ
2195 3803 2482 3870 δέσποτα,
2517 3803 2825 3871 ἀντάρτην
2850 3798 3005 3857 εἶναι
3027 3802 3132 3856 τὸν
3161 3799 3388 3864 Δοῦκα;

2189 3983 2293 4058 κβ’.
2329 3984 2419 4056 Τῷ
2449 3983 2527 4039 κδ’
2578 3985 2687 4041 ἔτει
2713 3970 3033 4040 ἀπέστειλεν
3062 3988 3088 4040 ὁ
3122 3986 3374 4056 βασιλεὺς
3413 3986 3698 4058 Γρηγοράν

2118 4079 2210 4131 τὴν
2243 4079 2562 4148 δομέστικον
2592 4077 2699 4131 τῶν
2724 4076 2931 4147 σχολῶν
2962 4077 3051 4128 τὸν
3085 4076 3414 4147 Ἰϐηρίτζην,
3458 4078 3701 4144 συμπέν-

2120 4168 2277 4239 θερον
2310 4168 2439 4219 ὅντα
2491 4166 2855 4236 Ἀνδρονίκου,
2900 4169 2980 4228 εἰς
3005 4164 3065 4218 τὸ
3105 4166 3559 4234 καταπολεμῆσαι
3601 4167 3698 4218 αὐ·
3730 4174 3733 4177 ‘

2119 4259 2230 4311 τόν.
2264 4258 2468 4312 Μαθὼν
2494 4259 2549 4311 δὲ
2575 4258 2733 4311 τοῦτο
2767 4257 3124 4325 Ἀνδρόνικος,
3151 4254 3391 4318 ἀκούσας
3422 4272 3482 4307 τε
3504 4256 3702 4311 animi

2118 4353 2145 4403 ὁ
2177 4352 2523 4422 πατριάρχης
2578 4350 2676 4419 τῆς
2722 4348 3051 4419 Ἐκκλησίας
3085 4346 3349 4416 ἐξεώσθη,
3385 4349 3697 4419 προσέρυγε

435 4450 502 4504 ad
532 4449 817 4521 Agarenos
841 4466 948 4505 una
976 4466 1100 4504 cum
1123 4452 1373 4520 cognatis
1394 4461 1449 4504 ct
1480 4451 1685 4505 familia
1713 4453 2013 4523 amicisque

2120 4447 2229 4503 τοῖς
2272 4441 2592 4512 ’Λγαρηνοῖς
2617 4438 2734 4510 ἅμα
2758 4440 3046 4507 συγγενέσι
3071 4440 3164 4492 καὶ
3194 4438 3388 4507 φίλοις.
3421 4440 3700 4513 Ἐλυπήθη

432 4542 700 4612 confugit.
738 4542 813 4595 Ea
847 4557 936 4596 res
967 4542 1206 4595 Leonem
1250 4544 1482 4598 moleste
1512 4542 1723 4599 habuit.
1769 4545 1848 4600 Ac
1886 4561 2014 4600 vero

2119 4536 2175 4587 δὲ
2206 4536 2355 4587 Λέων
2388 4535 2466 4596 εἰς
2505 4531 2687 4595 τοῦτο,
2724 4533 2818 4585 καὶ
2838 4532 2902 4603 δὴ
2929 4532 3248 4603 Σαρακηνδν
3278 4533 3388 4587 ἀπὸ
3414 4532 3508 4585 τοῦ
3538 4552 3698 4602 πραι-

370 4694 373 4699 ι
434 4635 591 4703 711
625 4634 1024 4687 Saracenorum
1062 4650 1230 4687 unum
1251 4652 1281 4689 e
1300 4651 1403 4705 pra
1419 4636 1559 4690 torio
1583 4636 1783 4691 blande
1812 4638 2014 4694 habens

2119 4626 2319 4696 τωρίου
2359 4625 2898 4696 φιλοφρονησάμενος
2953 4625 3239 4678 ἀπέστειλε
3287 4626 3422 4695 πρὸς
3455 4625 3544 4677 τὸν
3586 4627 3702 4678 'Av-

435 4725 869 4793 muneribusque
930 4726 1275 4791 concilians,
1332 4728 1408 4791 ad,
1454 4728 1835 4785 Andronicum
1891 4747 2015 4787 cum

430 4816 578 4869 bulla
610 4830 779 4867 aurea
813 4814 1105 4884 rnbrisque
1156 4817 1358 4871 litteris
1392 4834 1546 4873 more
1581 4821 1766 4890 regio,
1818 4824 2018 4892 exiguo

429 4921 592 4961 cereo
633 4906 831 4960 baculo
871 4906 1104 4969 inclusa,
1144 4907 1314 4963 misit.
1350 4910 1644 4979 Egressum
1681 4910 2016 4967 Saraccnum

428 5011 461 5050 e
483 5007 780 5065 conSpectu
829 4996 1179 5067 imperatoris
1208 5000 1441 5054 accersit
1464 4999 1753 5064 Samonas,
1781 5003 1971 5073 aitque
2000 5022 2014 5059 :

429 5080 543 5137 Scis
586 5084 711 5155 quid
747 5087 970 5138 teneas?
1018 5088 1266 5157 (pmpter
1296 5103 1519 5143 cereum
1563 5089 1822 5147 nimirum
1850 5109 2015 5163 quem

431 5191 595 5230 manu
626 5178 897 5246 gestabat)
932 5178 1101 5249 Syria:
1131 5197 1314 5251 nempe
1351 5180 1569 5236 exitium
1596 5182 1897 5255 .’Datisque
1924 5202 2009 5255 pe-

2120 4718 2366 4787 δρόνικον
2408 4718 2548 4790 μετὰ
2605 4718 3024 4789 χρυσοὸοὑλλιον
3078 4718 3161 4791 [1).
3190 4716 3319 4786 4681
3369 4718 3452 4770 διὰ
3483 4718 3699 4771 κινασά·

2124 4827 2264 4881 ρεος,
2301 4810 2481 4880 βαλὼν
2510 4811 2642 4865 αὐτὸ
2685 4811 2898 4865 ἔνδοθεν
2925 4812 3150 4879 φατλίου
3175 4811 3412 4879 τράκτου
3449 4807 3690 4881 βραχέος.

2132 4902 2470 4966 Ἐξελθόντος
2525 4903 2582 4956 δὲ
2637 4903 2731 4956 τοῦ
2761 4902 3078 4972 Σαρακηνοῦ
3128 4902 3237 4952 ἀπὸ
3288 4900 3580 4968 προσώπου
3606 4898 3697 4951 ’τοό

2122 4994 2407 5064 βασιλέως,
2444 4996 2839 5063 προσκαλεῖται
2884 4995 3047 5047 αὐτὴν
3082 4994 3109 5044 ὁ
3151 4993 3438 5060 Σαμωνᾶς,
3475 4992 3566 5043 καί
3601 5009 3703 5059 φη-

2121 5102 2223 5137 σιν’
2250 5082 2428 5151 Οἶδας
2461 5086 2516 5138 τί
2540 5084 2820 5154 κρατεῖς;
2852 5083 3032 5153 (τοῦτο
3064 5080 3234 5134 εἰπὼν
3259 5082 3347 5133 διὰ
3373 5081 3459 5133 τὸν
3489 5084 3699 5149 κηρῶν)

2118 5178 2233 5245 τὴν
2254 5178 2560 5232 ἀπώλειαν
2584 5178 2693 5245 τῆς
2718 5178 2953 5244 Συρίας.
2990 5175 3098 5228 Καὶ
3118 5162 3251 5236 δοὺς
3271 5173 3419 5243 αὑτῴ
3446 5177 3549 5243 χρὴ
3561 5191 3703 5242 ματα

429 5264 611 5318 cuniis
647 5264 803 5320 Uzeri
845 5266 897 5319 in
943 5283 1137 5321 manus
1171 5267 1315 5321 tradi
1354 5269 1539 5338 jussit.
1569 5270 2014 5340 Comprehensos

2120 5272 2495 5344 παρήγγειλεν
2527 5271 2603 5334 εἰς
2656 5271 2755 5338 τὴν
2780 5269 2939 5338 χεῖρα
2982 5266 3076 5318 τοῦ
3114 5264 3297 5338 Οὺζὴρ
3327 5265 3509 5336 βαλεῖν
3550 5264 3702 5319 αὑτό.

431 5355 617 5425 itaque
660 5356 1007 5413 Andronicus
1039 5375 1164 5413 cum
1200 5360 1317 5414 suis
1351 5360 1403 5414 in
1440 5361 1657 5419 vincula
1694 5366 2010 5437 conjicitur.

2134 5366 2192 5417 '0
2226 5365 2284 5418 δὲ
2316 5363 2477 5416 τοῦτο
2505 5360 2828 5431 πεποίηκεν.
2854 5360 3155 5427 Κρατεῖται
3178 5352 3270 5409 οὖν
3302 5355 3397 5408 καὶ
3421 5355 3705 5424 δεσμεῖται

431 5447 733 5520 Sciensque
780 5450 923 5506 hanc
972 5451 1049 5505 illi
1089 5451 1340 5508 Samona:
1371 5454 1499 5509 dolo
1524 5456 1770 5511 fraudem
1815 5438 2010 5513 {actam

2136 5456 2474 5527 Ἀνδρόνικος
2524 5455 2619 5508 καὶ
2652 5455 2700 5507 οἱ
2743 5455 2839 5506 σὺν
2868 5451 3017 5521 αὐτῷ
3043 5466 3058 5481 ο
3106 5451 3201 5504 καὶ
3230 5449 3419 5521 μαθὼν
3445 5448 3520 5511 ὡς
3551 5447 3707 5501 τοῦτο

430 5555 573 5607 esse,
616 5542 945 5596 necessitate
993 5542 1244 5609 adactus,
1289 5543 1504 5614 cjurata
1535 5545 1849 5602 Christiana
1884 5547 2011 5613 ﬁde,

2126 5549 2346 5616 γέγονεν
2395 5546 2545 5617 αὑτῷ
2573 5548 2659 5602 διὰ
2708 5546 2861 5599 δόλου
2896 5543 2988 5598 τοῦ
3040 5542 3293 5613 Σαμωνᾶ,
3342 5539 3707 5608 ἀναγκασθεὶς

1721 5640 1953 5697 νΑιιιΑε
1992 5642 2394 5699 LECTIOM‘IS.

506 5723 554 5755 "
587 5727 844 5799 ἰιμὲριον
874 5745 928 5801 p.
953 5729 1058 5786 939
1092 5728 1148 5802 b.
1226 5728 1270 5761 ⁵³⁷
1295 5729 1533 5800 Σαμωνά
1561 5726 1624 5785 Ρ.
