4124 6418
337 378 447 440 777

1470 375 1836 436 ANNALES.
1877 401 1944 412 --
1984 372 2468 435 ALEXANDER.

3505 373 3614 434 778

350 496 588 567 Ἱμέριος
620 494 715 547 καὶ
750 491 902 562 μόλις
931 488 1185 560 διεσώθη,
1210 489 1430 543 πάντων
1454 491 1572 542 ἐκεῖ
1600 489 1784 560 σχεδὸν
1810 505 1924 542 κινα

2040 487 2156 541 vitm
2184 487 2491 556 periculum
2522 485 2778 541 adductis
2811 486 2898 540 vix
2931 486 3046 557 ipse
3083 487 3375 542 incolumis
3410 490 3608 544 evasit.

336 587 737 644 δυνευσάντων.
757 585 913 638 Μετὰ
933 582 1091 636 τοῦτο
1122 583 1274 636 Λέων
1303 583 1330 635 ὁ
1357 581 1612 653 βασιλεῦς
1639 583 1786 637 νοσεῖ
1815 599 1928 635 κοι-

337 678 520 750 λιακῷ
572 679 863 748 νοσήματι.
912 675 1108 744 Γέγονε
1167 675 1226 728 δὲ
1273 675 1366 727 καὶ
1395 674 1727 745 ἐμπρησμὸς
1757 677 1836 736 εἰς
1864 675 1932 726 τὰ

344 771 687 844 κηρουλάρια
735 769 834 838 τῆς
891 768 1156 838 Μεγάλης
1206 768 1523 838 ἐκκλησίας,
1556 769 1653 820 καὶ
1688 766 1932 836 ὲκάησαν

352 867 417 918 τὰ
447 862 778 934 χαρτοθέσια
843 861 1020 914 πάντα
1057 861 1150 913 καὶ
1188 862 1220 931 ὴ
1255 860 1511 931 σακέλλη.
1547 861 1626 931 Τῇ
1652 860 1708 914 δὲ
1738 857 1807 913 ια’
1839 861 1930 914 τοῦ

349 957 526 1010 Μαΐου
558 953 731 1024 μηνὸς
761 951 989 1021 τελευτᾷ
1019 951 1168 1004 Λέων
1200 953 1229 1004 δ
1264 951 1542 1021 βασιλεὺς,
1579 951 1934 1021 προχειρισά-

347 1064 511 1118 μενος
561 1044 912 1115 Ἀλέξανδρον
939 1043 1031 1095 τδν
1082 1042 1248 1096 αὑτοῦ
1297 1042 1524 1110 ἁδελςςὺν
1576 1043 1840 1113 βασιλέαο
1877 1042 1934 1095 ὃν

344 1137 496 1201 ἰδὼν,
530 1137 606 1200 ὥς
646 1153 831 1204 φασιν,
866 1135 1252 1205 εἰσερχόμενον
1283 1134 1422 1206 πρδς
1451 1134 1613 1187 αὐτὸν
1641 1136 1742 1205 ἔφη
1767 1153 1780 1165 ·
1814 1135 1934 1188 Ἴδε

345 1234 448 1290 καί
487 1237 522 1289 ὀ
543 1233 727 1298 κακὸς
760 1231 968 1300 καιρὸς
993 1232 1143 1299 μετὰ
1165 1229 1231 1300 ιγ’
1259 1230 1488 1301 μηνῶν,
1533 1230 1703 1284 πολλὰ
1724 1230 1933 1300 δεηθεὶς

348 1325 515 1380 αὐτοῦ
549 1325 840 1394 φυλάττειν
870 1323 960 1376 τὸν
991 1323 1106 1376 υἱὸν
1129 1323 1292 1376 αὑτοῦ
1327 1325 1758 1376 Κωνσταντϊνον.

365 1482 666 1552 Ῥωμαίων
695 1483 998 1546 ,ϐασιλεὺς
1048 1481 1439 1548 Ἀλέξανδρος
1466 1481 1588 1552 σὺν
1616 1485 1937 1552 Κωνσταν-

406 1549 551 1624 τίίρῳ
573 1552 654 1618 τῷ
683 1553 1230 1622 Πορφιφογεννήτῳ
1277 1553 1411 1618 ἔτος
1437 1550 1486 1604 a'
1522 1552 1745 1621 ἡμέρας
1775 1549 1902 1620 «(7.;

420 1668 505 1741 [Ρ.
547 1667 676 1739 471]
713 1667 933 1737 Κόσμον
964 1667 1083 1730 ἔτος
1115 1666 1274 1739 ,ςυζς
1298 1668 1395 1736 τῆς
1423 1666 1572 1728 θείας
1609 1666 1938 1738 σαρκώσεως

345 1760 466 1828 ἓξ,
513 1759 798 1829 Ῥωμαίων
830 1759 1087 1830 βασιλεὺς
1128 1759 1476 1830 Ἀλέξανδρος
1520 1759 1618 1811 σὺν
1644 1759 1936 1811 Κωνσταν-

2037 579 2246 634 Exinde
2273 579 2384 633 Leo
2405 579 2634 634 coeliaco
2659 579 2855 633 morbo
2883 579 3134 634 laborare
3159 581 3345 650 cmpit.
3373 579 3616 652 Contigit

2037 686 2170 726 vero
2195 671 2514 726 incendium
2551 673 2606 725 in
2648 673 2852 742 Magnae
2886 671 3132 727 ecclesia:
3160 674 3478 737 Cerulariis,
3507 691 3619 744 quo

2034 764 2323 820 combusta
2363 765 2682 819 chartarum
2725 767 2964 820 armaria
3010 767 3196 820 omnia
3235 775 3290 822 ct
3329 769 3613 822 sacellum.

2035 859 2163 912 Maii
2197 867 2379 913 autem
2429 859 2515 914 die
2556 858 2851 912 undecima
2891 859 3127 912 moritur
3155 859 3265 912 Leo
3293 858 3615 929 imperator,

2036 948 2348 1004 Alexandro
2384 949 2556 1004 fratre
2604 949 2890 1018 designato
2926 949 3301 1018 imperatore;
3346 965 3457 1018 quo
3499 950 3620 1003 viso

2035 1041 2102 1096 ad
2138 1057 2196 1096 se.
2220 1043 2476 1097 veniente
2497 1041 2702 1096 dixisse
2731 1042 2906 1096 fertur
2939 1059 2953 1094 :
2987 1040 3064 1095 En
3100 1049 3147 1095 et
3173 1050 3378 1112 tempus
3419 1042 3621 1096 malum

2037 1142 2151 1202 post
2211 1135 2457 1188 tredecim
2507 1151 2742 1198 menses,
2784 1134 3023 1188 multum
3088 1150 3290 1204 rogans
3342 1143 3402 1188 ut
3432 1134 3609 1190 lilium

2038 1240 2200 1280 suum
2234 1225 2657 1280 Constantinum
2685 1234 2956 1280 servaret.

2889 1416 2905 1440 ν

2039 1483 2405 1539 Romanorum
2449 1485 2738 1550 imperator
2769 1482 3068 1537 Alexander
3098 1501 3216 1536 eum
3267 1482 3622 1538 Constantino

2254 1555 2756 1628 Porphyrogenneto
2783 1571 2985 1607 annum
3017 1554 3043 1608 1
3086 1556 3196 1610 dies
3229 1571 3374 1608 XXIX.

2109 1668 2304 1723 Mundi
2341 1685 2521 1723 annus
2575 1668 2713 1724 6407
2741 1707 2757 1732 ,
2802 1668 3004 1722 divina:
3048 1669 3448 1723 incarnationis
3493 1669 3620 1732 907,

2040 1758 2340 1829 imperator
2382 1759 2693 1814 Alexander
2741 1775 2867 1814 eum
2914 1760 3278 1814 Constantino
3309 1761 3626 1832 Porpher-

345 1856 475 1920 τίνῳ
498 1854 1000 1924 Πορφυρογεννήτῳ
1019 1853 1119 1923 υἱῷ
1143 1853 1392 1914 Λέοντος,
1421 1852 1670 1905 ἐνιαυτὸν
1702 1856 1750 1904 α’
1793 1851 1932 1921 ἡμέ-

2040 1860 2276 1921 genneto
2300 1850 2502 1906 Leonis
2533 1852 2670 1916 ﬁlio,
2708 1867 2913 1906 annum
2945 1853 2970 1906 1
3001 1852 3122 1907 dies
3147 1852 3239 1906 29.
3287 1853 3406 1906 Mox
3441 1853 3624 1923 itaque

346 1961 448 2014 ρας
474 1941 577 1996 κθ’.
615 1944 672 1998 Ὀ
702 1939 795 1997 οὗν
838 1942 1186 2014 Ἀλέξανδρος
1215 1942 1546 2005 ἀποστείλας
1570 1942 1732 2004 εὐθὺς
1759 1942 1936 2011 ἤγαγε

342 2035 617 2088 Νικόλαον
671 2037 738 2088 ὲκ
786 2036 826 2088 Γ
828 2034 1159 2106 αλακρηνῶν
1221 2035 1317 2088 καὶ
1377 2035 1717 2105 ἐνεθρόνισεν
1752 2035 1933 2099 αὑτὸν,

346 2125 684 2194 καταγαγὼν
715 2125 1007 2196 Εὑθύμιον,
1036 2125 1096 2178 ὃν
1131 2127 1226 2180 καὶ
1248 2125 1328 2189 είς
1349 2125 1443 2178 τοῦ
1498 2127 1728 2194 Ἀγαθοῦ
1763 2125 1939 2196 ἐξορί-

347 2233 448 2279 σας
489 2215 609 2285 μετ’
640 2215 830 2283 ὀλίγας
854 2216 1070 2286 ἡμέρας
1095 2217 1175 2278 είς
1202 2215 1540 2287 Μαγναῦραν
1571 2218 1824 2286 ἣνεγκεν.
1846 2218 1939 2270 καὶ

346 2308 624 2361 σελέντιον
649 2308 747 2361 καὶ
807 2307 1024 2361 σύνοδον
1075 2309 1193 2360 ἐκεῖ
1216 2312 1470 2379 ποιήσας,
1497 2307 1597 2379 τὴν
1620 2309 1940 2378 καθαίρεσιν

344 2399 513 2454 αὑτοῦ
562 2397 830 2464 ποιοῦσιν,
879 2399 1092 2469 ἀτίμως
1130 2399 1400 2462 τίλλοντες
1431 2397 1525 2451 τοῦ
1580 2398 1942 2469 ἱεροπρεποῦς

348 2493 444 2547 καὶ
496 2490 830 2560 άξιαγάστου
877 2491 1088 2544 ἐκείνου
1143 2490 1334 2561 ἀνδρὸς
1387 2490 1486 2564 τὴν
1537 2491 1813 2559 γενειάδα,
1846 2495 1941 2545 καὶ

351 2585 513 2648 ἄλλας
542 2584 695 2648 τινάς
720 2583 906 2655 ὕϐρεις
927 2584 1022 2636 καὶ
1056 2583 1248 2647 ποινὰς
1283 2583 1433 2653 αὑτῷ
1468 2583 1842 2652 ἐπιφέροντες,
1874 2583 1940 2648 ἃς

350 2677 568 2748 ἡσύχως
614 2676 708 2730 καὶ
741 2677 932 2747 πράως
969 2677 996 2729 ὀ
1039 2677 1182 2744 ἱερός
1215 2678 1420 2746 ποιμὴν
1467 2671 1622 2740 οὗτος
1654 2677 1936 2746 ὑπέμεινε.

349 2770 458 2823 Καὶ
483 2768 931 2837 πάλιν,ὲπέμφθη
956 2769 1036 2831 εἰς
1057 2767 1151 2820 τοῦ
1192 2769 1450 2837 Ἀγαθοῦ,
1481 2767 1610 2822 ἔνθα
1634 2769 1730 2823 καὶ
1755 2766 1941 2822 τελευ-

348 2862 519 2931 τήσας
572 2860 924 2915 κατατίθεται
981 2863 1038 2915 ἐν
1070 2863 1137 2932 τῇ
1164 2861 1330 2915 αὐτοῦ
1389 2865 1523 2933 μονῇ
1554 2865 1611 2915 ὲν
1637 2863 1814 2924 πόλει,
1852 2865 1940 2926 είς

347 2955 416 3010 τά
443 2957 765 3027 Ψαμαθίου.
793 2955 888 3027 Τῷ
921 2956 976 3009 δὲ
1003 2957 1103 3027 κλη
1115 2956 1250 3026 ρικῴ
1281 2957 1356 3026 τῷ
1386 2957 1594 3011 τίλαντι
1622 2958 1720 3021 τὰς
1745 2957 1940 3028 τρίχας

347 3049 442 3103 τοῦ
475 3051 820 3121 πατριάρχου
852 3050 1051 3121 συνέϐη
1094 3051 1256 3116 εὐθὺς
1280 3053 1339 3106 ὲν
1370 3051 1449 3123 τῷ
1473 3052 1812 3124 ὲξορίζεσθαι
1847 3052 1938 3104 τὸν

346 3143 525 3211 ἅγιον,
569 3143 708 3214 αὐτῇ
771 3145 836 3214 τῇ
890 3142 1048 3215 ὥρᾳ,
1093 3143 1470 3214 πυρίκαυστον
1533 3145 1790 3214 γενέσθαι
1839 3144 1938 3214 τὴν

345 3235 526 3288 οίκίαν
550 3235 716 3288 αὑτοῦ
741 3235 800 3301 ἐξ
827 3236 1063 3306 ἀοράτου
1095 3235 1289 3306 πυρός.
1327 3237 1390 3289 Ἦ
1417 3236 1473 3290 δὲ
1497 3235 1746 3307 θυγάτηρ
1771 3236 1936 3289 αὑτοῦ
1966 3219 2009 3276 c

345 3325 609 3381 παντελεῖ
639 3326 901 3398 ἐπιληψίᾳ
924 3328 1228 3400 ἐκρατήθη,
1266 3332 1341 3399 μὴ
1369 3329 1646 3400 δυναμένη
1689 3331 1850 3400 χεῖρα
1904 3330 1936 3400 ἢ

347 3420 526 3489 στόμα
573 3419 608 3490 ἢ
657 3419 787 3472 ἄλλο
815 3420 875 3472 τὸ
910 3418 956 3451 ὀ
1009 3420 1218 3473 οἱονοῦν
1255 3421 1419 3490 μέρος
1459 3423 1630 3475 κινεῖν
1686 3421 1718 3492 ἢ
1757 3421 1938 3492 φωνὴν

347 3511 600 3578 άφιέναι’
627 3511 751 3582 ἥτις
784 3513 879 3566 καὶ
915 3512 1178 3584 κλινήρης
1223 3509 1359 3566 οὖσα
1403 3515 1498 3567 καὶ
1538 3515 1827 3586 προσαῖτις
1860 3515 1941 3567 δι-

349 3603 585 3673 ήρκεσεν
638 3601 801 3673 μέχρι
849 3603 1170 3674 Νικηφόρον
1224 3601 1493 3672 βασιλέως
1547 3603 1641 3656 τοῦ
1671 3602 1936 3674 Νικητοῦ.

361 3693 419 3748 '0
471 3696 530 3749 δὲ
579 3695 837 3766 βασιλεὺς
871 3697 1225 3770 Ἀλέξανδρος
1255 3699 1424 3770 μηδὲν
1473 3697 1750 3768 βασιλικδν
1777 3696 1937 3767 ἔργον

353 3789 647 3860 δυνάμενος
681 3790 929 3861 ποιῆσαι,
966 3793 1080 3853 τοῖς
1131 3790 1480 3858 κυνηγεσίοις
1507 3790 1737 3852 καὶτοῖς
1775 3807 1940 3858 πονη-

370 3884 473 3949 ροῑς
498 3883 679 3952 ἔργοις
724 3883 810 3938 ἀεὶ
855 3884 1135 3954 ἐσχόλαζε.
1168 3883 1272 3936 Τὸν
1321 3884 1378 3937 δὲ
1402 3883 1498 3936 τοῦ
1521 3883 1749 3944 Λέοντος
1776 3883 1938 3935 παῖδα

367 3969 613 4038 πολλάκις
677 3975 986 4045 εὐνουχίσαι
1043 3974 1329 4046 βουληθεὶς
1386 3973 1740 4044 διεσκεδάσθη
1788 3975 1938 4043 παρὰ

356 4063 465 4115 τῶν
493 4063 595 4118 ὑπὸ
635 4066 730 4118 τοῦ
760 4067 989 4130 Λέοντος
1044 4067 1539 4138 εὐεργετηθέντων,
1574 4067 1704 4118 ποτὲ
1738 4067 1838 4135 μὲν
1861 4067 1937 4130 ὡς

351 4155 566 4225 νήπιον,
595 4157 730 4209 ποτὲ
773 4158 831 4211 δὲ
880 4158 954 4221 ὡς
979 4158 1311 4214 ἀσθενοῦντα
1344 4154 1776 4210 ὑποϐαλλόντων.
1814 4157 1938 4209 Ἐπὶ

349 4247 540 4299 τούτου
575 4248 748 4319 ἐφάνη
785 4249 962 4322 ἀστὴρ
992 4252 1240 4322 κομήτης
1269 4252 1332 4304 ἐκ
1373 4249 1579 4314 δύσεως
1603 4252 1694 4304 ἐπὶ
1724 4251 1936 4322 ἡμέρας

354 4334 426 4405 μ’,
457 4337 518 4391 δν
549 4339 736 4408 ἔλεγον
769 4340 960 4411 ξιφίαν,
996 4340 1136 4397 εἶναι
1175 4345 1268 4398 καὶ
1299 4343 1701 4416 αἱματοχυσίαν
1738 4347 1937 4415 σημαί-

351 4446 464 4482 νειν
514 4433 574 4484 ἐν
631 4437 698 4502 τῇ
735 4435 889 4487 πόλει
922 4435 1274 4504 ἐργάσεσθαι.
1327 4432 1495 4499 Οὗτος
1521 4438 1548 4489 ὁ
1585 4435 1937 4507 Ἀλέξανδρος

351 4521 577 4585 πλάνοις
606 4525 704 4577 καὶ
749 4525 942 4596 γόησιν
972 4527 1164 4580 ἑαυτὸν
1197 4527 1407 4591 ἐκδοὺς,
1441 4527 1538 4581 τοῦ
1569 4529 1809 4598 συάγρου
1859 4527 1936 4597 τῷ

351 4615 624 4686 στοιχείῳ,
683 4617 865 4680 καθὼς
911 4619 1074 4672 αὐτὸν
1109 4622 1308 4672 ἐκεῖνοι
1331 4619 1598 4686 ἐδίδαξαν,
1631 4620 1725 4673 τοῦ
1761 4622 1818 4673 ἐν
1857 4621 1934 4690 τῷ

352 4708 561 4779 ἱππικῷ
603 4710 704 4781 τὴν
760 4711 905 4784 ζωὴν
951 4713 1118 4767 αὐτοῦ
1157 4713 1240 4785 [Ρ.
1281 4713 1407 4786 ΗΞ]
1465 4715 1935 4784 προσανακείσθαι

347 4797 579 4864 ἔφασαν,
611 4801 703 4855 τὸν
725 4802 960 4872 χοιρώδη
994 4802 1107 4871 βίον
1137 4804 1347 4857 ἐκείνου
1374 4807 1468 4857 καὶ
1501 4805 1729 4872 ἀνόητον
1759 4807 1935 4874 ὑπεμ-

343 4890 653 4956 φαίνοντες.
699 4892 923 4956 Τούτοις
967 4892 1214 4958 πεισθεὶς
1249 4896 1448 4950 αἰδοῖον
1482 4895 1578 4950 καὶ
1607 4895 1826 4958 ὀδόντας
1858 4895 1934 4966 τῷ

343 4981 516 5054 χοίρῳ
547 4984 832 5053 περιέθετο
857 4985 934 5050 ὡς
965 4987 1324 5059 λειπομένους
1354 4988 1530 5059 αὐτῷ·
1589 4990 1684 5042 καὶ
1713 4992 1778 5058 τῇ
1811 4987 1933 5041 τούς

347 5090 451 5131 των
481 5075 663 5149 πλάνῃ
687 5076 965 5142 πεποιθὼς
999 5079 1224 5134 ἱππικὸν
1269 5079 1544 5133 ὲστόλισεν
1589 5079 1682 5132 καὶ
1718 5078 1793 5148 τῷ
1831 5079 1934 5142 ζω-

339 5167 442 5237 δίῳ
463 5170 785 5238 φωταυγίαν
812 5171 1095 5241 ἐποίησεν.
1130 5173 1294 5227 Ὅθεν
1343 5173 1436 5226 καὶ
1462 5172 1604 5244 ἧρθη
1641 5170 1739 5224 ἀπ’
1764 5169 1932 5224 αὐτοῦ

340 5261 375 5330 ή
399 5262 640 5331 Χριστοῦ
683 5263 806 5334 χεὶρ
836 5265 911 5328 ὡς
935 5265 1034 5336 τὴν
1061 5265 1154 5319 τοῦ
1196 5264 1335 5320 Θεοῦ
1364 5265 1529 5336 τιμὴν
1555 5267 1669 5326 τοῖς
1692 5261 1934 5326 είδώλοις

339 5354 747 5424 προσάψαντος.

2041 1944 2268 1998 mittens
2296 1945 2608 2000 Alexander
2623 1945 2908 2000 Nicolaum
2940 1961 3006 2000 ex
3029 1944 3350 2000 Galacrenis
3383 1945 3510 1999 tulit
3562 1959 3627 2000 ac

2042 2037 2094 2090 in
2141 2038 2270 2093 sede
2325 2039 2638 2102 collocavit,
2685 2039 2850 2110 716
2891 2037 3186 2092 deturbate
3214 2054 3278 2093 ca
3306 2039 3622 2109 Euthymio,

2042 2144 2205 2198 quem
2241 2130 2309 2184 ad
2355 2131 2549 2201 Agathi
2598 2132 2851 2185 exsulare
2879 2131 3093 2201 jussum
3130 2145 3240 2185 non
3268 2141 3388 2200 post
3421 2132 3627 2187 multos

2042 2220 2163 2276 dies
2189 2222 2256 2275 ad
2309 2225 2665 2292 Magnaurant
2692 2223 2888 2286 duxit;
2948 2238 3058 2291 quo
3100 2223 3224 2277 loco
3271 2223 3462 2277 habito
3489 2239 3627 2278 con-

2044 2321 2211 2366 ventu
2265 2321 2430 2382 atque
2495 2315 2705 2383 synodo
2733 2351 2748 2376 ,
2799 2299 2977 2382 exque
3008 2313 3098 2367 illa
3137 2330 3202 2368 eo
3244 2323 3625 2376 exauctorato,

2047 2407 2283 2476 turpiter
2311 2407 2612 2462 venerandi
2651 2407 2906 2476 sacrique
2938 2407 3041 2460 viri
3071 2423 3134 2460 ac
3158 2421 3386 2476 prorsus
3407 2406 3626 2462 colendi

2045 2500 2199 2552 vulsa
2230 2499 2424 2564 barba,
2467 2499 2684 2577 aliaque
2732 2499 3029 2570 Opprobria
3061 2508 3116 2554 et
3156 2499 3371 2570 injuria:
3409 2517 3473 2555 ac
3498 2516 3628 2556 cru—

2045 2592 2315 2647 ciamenta
2348 2593 2518 2655 illata.
2549 2608 2671 2662 quae
2701 2593 2816 2661 ipse
2847 2607 3005 2647 sacer
3040 2600 3226 2662 pastor
3249 2593 3474 2647 silentio
3503 2610 3628 2648 sus-

2045 2687 2258 2740 tinebat
2296 2701 2358 2740 ac
2389 2698 2720 2742 mansnete.
2745 2687 2958 2740 Rursugi
2984 2686 3048 2739 ad
3078 2686 3272 2755 Agathi
3320 2685 3467 2741 aedes
3495 2689 3631 2741 mis-

2044 2793 2138 2832 sus
2185 2787 2346 2847 atque
2395 2778 2467 2831 ibi
2517 2779 2626 2832 vita
2674 2778 2918 2842 functus,
2970 2777 3026 2832 in
3073 2779 3416 2834 monasterio
3443 2795 3543 2834 suo
3574 2777 3630 2834 in

2047 2869 2182 2924 urbe
2215 2870 2282 2924 ad
2311 2871 2611 2924 Psamathii
2654 2871 2804 2925 aedes
2842 2870 3102 2925 conditus
3145 2880 3245 2925 est.
3292 2870 3506 2926 Clerico
3536 2875 3630 2942 qui

2046 2961 2375 3030 patriarcha:
2413 2962 2553 3032 pilos
2590 2963 2857 3026 vulserat,
2906 2961 3071 3016 simul
3099 2977 3161 3016 ae
3199 2964 3632 3034 sanctusjussus

2043 3061 2130 3107 est
2175 3053 2469 3118 exsulare,
2524 3069 2586 3107 ca
2641 3055 2757 3123 ipsa
2801 3051 2964 3115 hora,
2992 3053 3254 3108 invisibili
3285 3055 3408 3126 igne
3433 3055 3633 3110 domes

2045 3139 2227 3196 omnis
2259 3143 2548 3196 combu-ta
2588 3151 2690 3196 est.
2745 3142 2875 3212 Ejus
2921 3141 3030 3195 tilia
3062 3141 3142 3195 sic
3185 3150 3297 3197 tota
3329 3144 3630 3214 epilepticii

2043 3235 2238 3289 morbo
2267 3249 2534 3304 oppressa
2561 3241 2667 3296 est,
2699 3242 2760 3289 ut
2800 3250 2904 3289 nec
2930 3245 3172 3298 manum,
3209 3249 3390 3306 neque
3417 3252 3499 3301 os,
3525 3250 3630 3291 nec

2044 3329 2210 3384 ullam
2261 3337 2474 3400 partem
2519 3329 2768 3398 corporis
2819 3343 3039 3383 movere
3079 3339 3266 3398 posset
3308 3337 3404 3384 aut
3437 3344 3626 3385 vocem

2042 3420 2301 3485 mittere;
2335 3433 2457 3488 qum
2493 3427 2550 3472 et
2589 3419 2733 3472 lecto
2759 3417 2915 3472 alllxa
2947 3433 3009 3472 ac
3043 3420 3239 3489 stipem
3275 3420 3632 3477 emendicans

2043 3513 2108 3566 ad
2147 3511 2522 3582 Nicephorum
2561 3527 2734 3582 usque
2762 3512 2999 3566 Phocam
3038 3513 3429 3582 imperatorem
3462 3515 3630 3569 dura-

2041 3607 2140 3662 vit.
2197 3608 2370 3662 Porro
2422 3606 2736 3661 Alexander
2791 3607 3117 3676 imperator,
3162 3605 3301 3661 nihil
3329 3620 3429 3678 pro
3457 3609 3629 3678 impc-

2044 3700 2245 3754 raloris
2267 3715 2494 3754 munere
2526 3714 2702 3769 exque
2745 3713 3005 3769 purpura:
3026 3700 3293 3771 dignitate
3324 3700 3506 3755 moliri
3537 3718 3631 3755 va-

2039 3793 2160 3848 lens
2217 3799 2313 3846 aut
2359 3793 2609 3860 exsequi,
2645 3807 2704 3847 se
2761 3801 2935 3846 totum
2969 3795 3359 3849 venationibus
3401 3811 3463 3849 ac
3503 3813 3634 3865 pra--

2040 3886 2124 3939 vis
2147 3884 2364 3939 actibus
2390 3884 2577 3947 dabat,
2613 3899 2888 3951 omneque
2913 3885 2994 3937 eis
3015 3893 3233 3953 tempus
3256 3885 3628 3954 impendebat.

2041 3975 2460 4029 Constantinum
2517 3975 2718 4029 Leonis
2752 3975 2923 4028 tilium
2968 3991 3093 4029 cum
3146 3977 3346 4045 sacpius
3391 3987 3631 4031 castrare

2042 4067 2348 4129 statuisset,
2398 4062 2545 4120 illius
2589 4065 2656 4118 ab
2708 4065 2788 4119 eis
2813 4063 3139 4134 dissipatum
3194 4067 3486 4122 consilium
3545 4079 3632 4122 Crl.

2039 4175 2180 4228 quos
2211 4159 2314 4212 sibi
2345 4158 2456 4212 Leo
2491 4157 2781 4212 beneficiis
2816 4173 2880 4212 ac
2910 4158 3237 4213 muneribus
3281 4158 3626 4222 devinxerat,

2041 4267 2166 4306 cum
2201 4250 2364 4305 modo
2415 4250 2669 4305 tenellam
2702 4258 2942 4314 aetatem,
2985 4249 3148 4303 modo
3180 4266 3379 4321 aegram
3411 4253 3624 4307 valetth

2041 4343 2225 4397 dinem
2250 4343 2369 4413 ejus
2392 4351 2772 4396 causarentur.
2803 4342 2935 4412 Ejus
2964 4335 3212 4411 tempore
3245 4345 3503 4412 apparuit
3533 4361 3628 4399 co-

2043 4444 2217 4489 metes
2239 4435 2307 4489 ab
2336 4433 2636 4490 Occidente
2672 4449 2770 4503 per
2796 4433 2915 4488 dies
2938 4434 3301 4505 quadraginta
3331 4453 3344 4490 :
3378 4437 3624 4507 xipbiam
3703 4501 3710 4508 _

2041 4525 2228 4580 vocari
2265 4525 2526 4580 dicebant
2555 4525 2731 4594 (quasi
2764 4524 2833 4578 ab
2863 4527 3012 4579 ensis
3057 4537 3154 4580 seu
3196 4526 3361 4596 gladii
3404 4528 3623 4599 figura),

2040 4634 2105 4672 ac
2131 4618 2372 4674 futuram
2396 4619 2451 4673 in
2481 4618 2618 4673 urbe
2653 4617 2989 4688 portendere
3029 4617 3256 4674 humani
3293 4623 3508 4677 cruoris
3538 4622 3625 4678 fu-

2040 4711 2275 4766 sionem.
2309 4710 2409 4765 Ilic
2443 4711 2755 4766 Alexander
2785 4711 3180 4766 seductoribus
3214 4727 3279 4768 ac
3315 4716 3622 4786 prrestigia-

2037 4803 2254 4858 toribus
2284 4802 2446 4873 717
2497 4818 2617 4858 sese
2649 4801 3084 4859 demeutandum
3117 4807 3393 4876 praebens,
3441 4808 3509 4862 ab
3544 4825 3626 4863 εις

2040 4911 2337 4965 persuasus
2365 4895 2598 4949 salutem
2629 4910 2784 4950 suam
2821 4911 2886 4951 ac
2919 4897 3086 4951 vitam
3117 4895 3183 4952 ad
3224 4898 3357 4966 Apri
3389 4909 3624 4954 Statuam

2044 4988 2098 5041 in
2133 4987 2293 5042 Circo
2339 4987 2574 5057 positam
2626 4987 2821 5042 referri
2871 4989 3244 5052 existimavit,
3291 5005 3417 5045 cum
3453 4991 3531 5045 illi
3560 5008 3626 5046 eo

2042 5091 2356 5136 commento
2403 5082 2524 5152 ejus
2565 5081 2873 5151 porcariam
2911 5083 3080 5136 vitam
3111 5093 3277 5152 atque
3310 5083 3622 5137 dementem

2045 5173 2412 5228 insinuareut.
2446 5173 2561 5228 Illis
2585 5183 2647 5228 ut
2675 5187 2882 5229 morem
2909 5182 3148 5245 gereret,
3201 5174 3440 5229 verenda
3486 5174 3625 5228 den-

2049 5273 2240 5334 tesque
2273 5279 2439 5334 porco
2471 5266 2745 5335 apposuit,
2779 5265 2982 5335 quibus
3010 5265 3221 5320 scilicet
3245 5266 3334 5321 ille
3362 5264 3627 5321 deﬁcere-

1978 5371 1984 5376 ·
2048 5365 2158 5408 tur.
2212 5354 2401 5424 quue
2446 5355 2665 5409 tandem
2711 5355 3064 5409 scductorum
3092 5355 3624 5424 provexitconsilio,

339 5455 404 5498 ut
434 5450 610 5504 sacris
641 5451 893 5507 vestibus
929 5461 1093 5522 atque
1119 5451 1309 5506 aulaeis
1354 5449 1649 5506 Circences
1685 5451 2001 5503 honestaret
2042 5461 2346 5516 cereusque
2389 5461 2654 5501 accensos
2717 5455 2912 5500 statuae
2971 5445 3282 5501 adhiberet.
3359 5445 3511 5501 Unde
3569 5455 3629 5500 ct

336 5540 560 5598 sublata
610 5545 679 5600 ab
730 5562 798 5602 eo
833 5545 1039 5601 Christi
1092 5563 1308 5610 manus,
1351 5550 1500 5602 velut
1530 5551 1620 5616 qui
1654 5548 1926 5602 honorem
1977 5546 2090 5599 [leo
2131 5543 2380 5598 debitum
2407 5541 2569 5598 idolis
2596 5543 2963 5598 adhibuisset.

415 5634 484 5705 β’.
528 5636 636 5690 Τοῦ
689 5639 873 5708 μέντοι
919 5639 1154 5709 Ἰμερίου
1204 5643 1266 5692 ὲκ
1312 5642 1407 5707 τῆς
1463 5643 1572 5692 τὼν
1615 5639 1935 5710 Ἀγαρηνῶν

2117 5637 2172 5690 ‘2.
2228 5635 2538 5692 Himerium
2583 5645 2804 5705 accepta
2849 5636 2916 5690 ab
2950 5633 3215 5705 Agarcnis
3248 5633 3401 5689 clade
3431 5650 3624 5690 rever-

1583 5763 1588 5774 ‘
1657 5751 1886 5806 \Mil/E
1929 5749 2331 5808 LECTIONES.

443 5821 490 5853 '°
528 5822 623 5874 7t?

676 5916 946 5976 ΡΑτιιοι..
981 5913 1098 5973 (in.
1141 5913 1320 5976 ClX.’

3192 5911 3223 5967 ‘2.

3234 5909 3264 5968 5
