4124 6426
561 364 666 428 77$

1789 363 2167 424 SYMEONIS
2209 363 2579 425 MAGISTRI

3726 370 3834 437 780

561 498 682 535 sum
711 481 764 535 in
793 480 974 551 palatii
1002 479 1400 535 monasterium
1427 479 1685 544 detrusit,
1710 479 1856 548 quod
1883 478 2136 550 Calypam

2247 479 2416 550 ἥττης
2444 480 2908 553 ὑποστρέψαντος,
2939 485 3270 555 περιώρισεν
3294 485 3457 540 αὐτὸν
3485 486 3834 560 Ἀλέξανδρος

560 581 780 635 vocant.
823 573 1133 628 minacibus
1168 573 1356 628 verbis
1398 571 1700 642 exagitans,
1738 578 1798 625 ut
1823 573 1919 641 qui
1955 572 2139 627 Leone

561 667 728 722 fratre
754 667 1090 734 imperatore
1123 665 1202 720 illi
1233 666 1556 720 adversatus
1587 664 1797 720 luisset.
1823 665 1983 735 Isque
2003 666 2140 720 adeo

558 776 627 815 ex
669 760 875 831 ingenti
915 775 1161 814 aerumna
1195 760 1476 830 animique
1497 759 1749 829 angustia
1781 759 1978 813 morbo
2011 774 2138 814 cor-

559 860 750 921 reptus
779 851 908 906 fatis
943 851 1238 906 concessit.

629 942 682 996 5.
731 944 907 998 Missis
937 943 1171 1014 Symeon
1207 942 1468 1012 Bulgaria:
1492 943 1746 1012 princeps
1776 942 1986 998 nuntiis
2013 943 2141 998 Ale-

560 1035 772 1090 xandro
799 1037 866 1089 de
899 1051 1030 1106 pace
1055 1036 1344 1106 signiﬁcat,
1378 1047 1434 1089 et
1467 1044 1525 1088 ut
1547 1050 1604 1089 se
1639 1035 1875 1105 benigne
1909 1035 2140 1090 haberet

561 1139 724 1198 atque
765 1129 998 1191 coleret,
1060 1127 1204 1182 haud
1248 1143 1409 1183 secus
1447 1143 1512 1182 ac
1561 1127 1746 1183 Leone
1805 1129 2139 1198 imperatore

561 1235 682 1274 sese
741 1235 830 1275 res
890 1220 1193 1275 habuisset.
1254 1221 1324 1276 At
1377 1221 1469 1275 ille
1507 1221 1785 1277 dementia
1809 1238 1872 1277 ac
1906 1224 2140 1278 stultitia

561 1322 745 1368 tentus
793 1315 998 1384 legatos
1055 1314 1288 1383 turpiter
1327 1314 1576 1380 remisit,
1614 1314 1940 1386 Symeonem
1978 1317 2142 1372 minis

561 1404 851 1468 territans;
880 1419 1002 1472 quae
1032 1403 1110 1459 illi
1147 1405 1406 1460 movendi
1440 1405 1648 1460 bellum
1679 1406 1945 1462 adversus
1980 1406 2142 1462 Chri-

557 1497 767 1550 stianos
793 1512 956 1551 causa
976 1496 1102 1552 fuit.

625 1591 678 1644 4.
727 1589 1040 1644 Alexander
1089 1605 1212 1645 cum
1251 1591 1354 1644 sub
1389 1592 1543 1646 canis
1578 1589 1877 1647 ardoribus
1905 1608 2140 1662 pransus

555 1681 798 1752 vinoque
838 1681 1094 1736 madidus
1125 1683 1232 1752 pila
1257 1683 1482 1738 lusurus
1513 1683 1914 1747 descendisset,
1939 1684 2036 1738 Dei
2061 1685 2139 1740 ira

558 1773 778 1826 invecto
802 1771 982 1842 gladio
1004 1787 1331 1841 percussus,
1363 1773 1629 1842 sanguine
1661 1775 1817 1842 cepia
1849 1788 1879 1827 e
1911 1773 2140 1828 naribus

556 1873 721 1934 atque
746 1873 967 1918 veretro
987 1873 1345 1932 erumpente,
1370 1874 1496 1934 post
1522 1864 1663 1919 duos
1686 1864 1804 1918 dies
1831 1866 2136 1921 exstinctus

555 1964 677 2018 est,
735 1953 960 2008 Nicolao
1007 1953 1319 2022 patriarcha
1349 1996 1365 2018 ,
1437 1953 1717 2024 Stephano
1764 1955 2025 2024 magistro
2073 1971 2136 2010 ac

553 2045 765 2102 Joanne
795 2032 1012 2099 rectore
1047 2043 1271 2098 IIellade
1313 2047 1766 2114 procuratoribus
1801 2047 1966 2116 718
2005 2046 2137 2101 reli-

554 2137 693 2200 ctis,
744 2137 1099 2208 imperioque
1141 2136 1506 2193 Constantino
1574 2139 1773 2192 Leonis
1839 2139 1951 2194 ﬁlio
2008 2153 2138 2208 pcr-

554 2233 750 2286 rnisso.
829 2229 1078 2286 Mortuus
1123 2238 1308 2286 autem
1351 2246 1480 2287 cum
1513 2231 1717 2286 Basilio
1769 2240 1924 2302 patre
1979 2246 2138 2301 sepe-

553 2325 706 2380 Iitur.

553 2459 915 2514 Romanorum
957 2458 1246 2527 imperator
1300 2455 1679 2511 Constantinus
1733 2456 2136 2530 Porphyrogen-

916 2538 1066 2582 uetus
1141 2544 1307 2581 (HUIUS
1349 2544 1442 2581 VIII
1492 2544 1655 2598 supra
1693 2544 1778 2581 XL.

627 2645 813 2700 Mundi
865 2659 1044 2698 annus
1097 2643 1257 2710 6403,
1306 2645 1508 2700 divina:
1561 2645 1960 2700 incarnationis
2008 2646 2136 2711 908,

555 2742 931 2796 Romanorum
983 2738 1277 2808 imperator
1327 2738 1731 2794 Constantinus
1784 2739 1836 2792 in
1888 2755 2134 2808 purpura

552 2843 716 2889 natus
751 2847 926 2888 annos
949 2833 1037 2886 48.
1093 2834 1310 2886 Mortuo
1347 2833 1494 2886 enim
1533 2831 1713 2886 Leone
1741 2842 1895 2902 patre
1931 2849 2135 2888 annum

551 2927 845 2998 septimum
868 2935 1029 2980 natus
1060 2924 1128 2979 ab
1158 2924 1464 2978 Alexandro
1491 2935 1690 2993 patruo
1729 2926 1830 2979 sub
1861 2925 2137 2979 tutoribus

553 3019 906 3090 relinquitur.
964 3016 1260 3087 Imperavit
1325 3031 1457 3086 ergo
1511 3016 1620 3070 illis
1677 3017 1956 3070 tutoribus
2008 3031 2132 3070 cum

552 3121 726 3167 matre
767 3127 942 3166 annos
969 3111 1020 3174 7,
1061 3119 1269 3164 etcum
1303 3109 1551 3163 Romano
1583 3124 1798 3171 socero,
1841 3109 1916 3162 illi
1951 3108 2136 3176 subje-

2242 569 2300 621 ἐν
2329 573 2395 642 τῃ
2433 573 2569 642 μονῇ
2596 571 2691 625 τοῦ
2716 573 2978 626 παλατίου
3001 577 3066 644 τῇ
3099 575 3372 647 λεγομένῃ
3401 577 3655 649 Καλυπᾷ.
3678 581 3836 632 ἀπει-

2241 660 2434 730 λήσας,
2473 663 2550 726 ὡς
2573 663 2766 735 ἐχθρὸν
2797 666 2962 720 αὑτοῦ
2993 666 3122 722 ὄντα
3144 667 3237 720 ἐπὶ
3270 667 3365 721 τοῦ
3403 668 3638 740 ἀδελφοῦ
3665 671 3834 726 αὑτοῦ

2241 755 2486 818 Λέοντος.
2533 757 2591 811 ὐ
2621 758 2679 812 δὲ
2711 761 2776 812 ἐκ
2807 759 3044 832 θλίψεως
3065 763 3269 834 πολλῆς
3322 765 3692 837 ἀρρωστήσας
3715 767 3837 820 ἐτε-

2242 847 2405 919 λεύτη
2416 866 2497 902 σε.

2313 945 2379 1007 γ’.
2418 939 2579 1010 Δηλοί
2607 940 2832 1010 Συμεὼν
2857 944 2884 996 6
2914 945 3098 1014 ἄρχων
3126 945 3226 1014 τῆς
3248 944 3588 1016 Βουλγαρίας
3606 947 3675 1000 τὰ
3699 948 3829 1019 περὶ

2242 1032 2466 1101 είρήνης
2493 1033 2572 1100 τῷ
2620 1032 2958 1104 Ἀλεξάνδρῳ
2992 1036 3088 1088 καὶ
3117 1035 3210 1088 τοῦ
3249 1037 3694 1108 φιλοφρονεῖσθαι
3733 1041 3833 1091 αὐ-

2243 1121 2335 1174 τὸν
2363 1123 2455 1174 καὶ
2493 1124 2758 1192 τιμᾶσθαι
2799 1125 3050 1195 καθάπερ
3078 1128 3172 1180 καὶ
3202 1128 3295 1178 ἐπὶ
3334 1129 3562 1191 Λέοντος
3605 1129 3698 1182 τοῦ
3737 1129 3835 1200 βα-

2244 1213 2456 1278 σιλέως.
2497 1215 2556 1267 '0
2601 1216 2656 1269 δὲ
2708 1219 2866 1290 ἀνοίᾳ
2907 1218 3002 1272 καὶ
3034 1221 3316 1291 ἀφροσύνῃ
3349 1222 3835 1293 συγκρατούμενος

2243 1304 2455 1373 ἀτίμως
2492 1305 2620 1369 τοὺς
2646 1309 2906 1376 πρέσϐεις
2956 1308 3284 1381 ἐξέπεμψεν,
3314 1310 3569 1374 ἀπειλαῖς
3607 1315 3698 1364 τὸν
3733 1314 3834 1366 Συ-

2246 1393 2392 1466 μεὼν
2423 1399 2850 1471 καταπλήσσων.
2889 1401 2978 1454 Διδ
3014 1402 3106 1454 καὶ
3137 1403 3278 1456 κατὰ
3303 1403 3648 1474 Χριστιανῶν
3673 1408 3698 1458 6
3726 1406 3834 1457 Συ.

2244 1487 2390 1558 μεὼν
2419 1492 2675 1545 κινεῖται.

2313 1578 2384 1633 δ’.
2440 1581 2789 1652 Ἀλέξανδρος
2822 1584 3121 1654 ἀριστήσας
3155 1587 3213 1638 ἐν
3244 1589 3353 1650 τοῖς
3390 1588 3493 1640 ὑπὸ
3520 1587 3652 1642 κύνα
3692 1589 3828 1640 καύ-

2245 1687 2378 1741 μασι
2416 1673 2510 1727 καὶ
2549 1675 2794 1739 οἰνωθεὶς
2819 1677 3057 1746 κατῆλθε
3092 1680 3380 1748 σφαιρίσαι
3402 1696 3417 1711 ο
3454 1683 3544 1732 καὶ
3578 1683 3829 1750 ῥομφαίᾳ

2242 1763 2488 1835 θεηλάτῳ
2518 1765 2770 1835 πληγεὶς,
2819 1767 3052 1838 αἵματος
3081 1769 3278 1821 πολλοῦ
3303 1769 3367 1822 ἐκ
3395 1771 3502 1824 τῶν
3535 1770 3698 1841 ῥινῶν
3731 1771 3832 1825 καὶ

2238 1858 2346 1910 τῶν
2372 1859 2586 1914 αἰδοίων
2611 1861 2761 1932 αὐτῷ
2796 1864 3121 1932 φερομένου,
3161 1865 3300 1933 μετά
3344 1863 3436 1918 δύο
3465 1866 3681 1936 ἡμέρας
3711 1865 3833 1918 ὲτες

2239 1949 2490 2020 λεύτησε,
2523 1953 2846 2006 καταλιπὼν
2875 1954 3144 2008 Νικόλαον
3164 1957 3528 2026 πατριάρχην,
3561 1958 3835 2026 Στέφανον

2243 2041 2542 2112 μάγιστρον
2573 2045 2666 2096 καὶ
2707 2044 2964 2114 Ἰωάννην
2997 2047 3263 2116 ραίκτορα
3306 2047 3396 2098 τὸν
3439 2046 3667 2101 Ἑλλαδᾶ
3710 2050 3834 2102 ἐπι-

2240 2133 2500 2202 τρόπους,
2552 2135 2652 2204 τὴν
2709 2135 2768 2188 δὲ
2820 2135 3101 2206 βασιλείαν
3168 2139 3567 2209 Κωνσταντίνῳ
3621 2139 3700 2211 τῷ
3732 2142 3832 2212 υίῷ

2241 2225 2489 2286 Λέοντος.
2521 2227 2867 2298 Τελευτήσας
2893 2228 2950 2281 δὲ
2988 2228 3196 2283 τίθεται
3247 2229 3384 2300 μετὰ
3421 2231 3706 2286 Βασίλειον
3735 2234 3829 2286 τοῦ

2243 2317 2449 2387 πατρὸς
2480 2318 2670 2372 αὑτοῦ.

2255 2449 2557 2520 Ῥωμαίων
2595 2454 2900 2530 ,ϐασιλεὺς
2956 2459 3412 2530 Κωνᾳτιιντῖσήος
3450 2461 3483 2514 δ
3528 2462 3834 2530 Πορφυρο-

2738 2527 3043 2596 γ-ἐννητος.
3076 2528 3216 2595 ἰ’τη
3254 2527 3368 2600 μη’.

2315 2635 2536 2706 Κόσμον
2577 2637 2695 2701 ἔτος
2750 2637 2916 2712 ,ςυη’,
2979 2640 3077 2709 τῆς
3138 2640 3289 2706 θείας
3339 2643 3666 2713 σαρκώσεως
3711 2647 3829 2718 9311',

2250 2725 2540 2796 Ῥωμαίων
2574 2731 2828 2798 βασιλεὺς
2863 2732 3273 2804 Κωνσταντὶςνος
3325 2734 3353 2785 6
3379 2735 3832 2809 Πορφυρογέννηο

2238 2835 2328 2881 τος
2359 2820 2454 2890 ἔτη
2488 2828 2599 2889 pq’.
2649 2822 3086 2892 Τελευτήσαντος
3141 2826 3250 2896 γάρ
3282 2826 3374 2880 τοῦ
3422 2821 3629 2900 πατρὸς
3662 2832 3828 2887 αὑτοῦ

2240 2912 2468 2974 Λέοντος
2493 2915 2765 2985 ὲπταετὴς
2807 2914 2881 2968 ὢν
2913 2917 3392 2987 κατολιμπάνεται
3431 2920 3534 2974 ὑπὸ
3580 2921 3833 2988 Ἀλεξάνε

2239 3005 2365 3073 ὅρου
2401 3005 2546 3057 θείου
2579 3007 2744 3059 αὑτοῦ
2777 3008 2882 3061 ὑπὸ
2913 3010 3241 3078 ἐπιτρόπους
3287 3013 3478 3067 τελῶν.
3519 3013 3833 3070 Ἐϐασίλευ-

2241 3113 2330 3148 σεν
2366 3093 2460 3150 οὖν
2497 3101 2588 3151 ἐπὶ
2618 3100 2727 3152 τῶν
2756 3101 2936 3153 αὐτῶν
2969 3104 3284 3174 ἐπιτρόπων
3315 3107 3411 3158 σὺν
3447 3109 3511 3178 τῇ
3540 3109 3709 3180 μητρὶ
3731 3111 3830 3183 ἐτη

550 3216 692 3270 ctus,
723 3219 896 3259 annos
918 3203 1004 3258 ‘26.
1042 3201 1204 3258 Solus
1228 3202 1468 3271 denique
1507 3216 1691 3255 rerum
1717 3201 1928 3269 potitur
1959 3214 2133 3254 annos

2240 3183 2305 3251 ζ’,
2332 3190 2425 3240 καὶ
2449 3188 2564 3258 ἅμα
2629 3189 2895 3260 Ῥωμανῴ
2929 3193 3178 3264 πενθερῷ
3204 3195 3369 3248 αὑτοῦ
3397 3199 3454 3250 ἐν
3476 3199 3722 3272 ὑποταγῇ
3753 3202 3830 3259 ὢν

554 3297 639 3353 15.
693 3296 954 3364 Adeoque
997 3295 1117 3365 ejus
1164 3293 1379 3362 imperii
1419 3303 1636 3361 tempus
1676 3308 1838 3346 omne
1865 3305 2135 3346 annorum

549 3392 620 3446 48
667 3398 769 3445 est.
833 3389 1040 3443 Nactus
1080 3387 1264 3456 itaque
1311 3385 1449 3440 aulae
1501 3393 1829 3454 potestatem
1877 3383 2136 3437 Nicolaus

549 3476 886 3549 patriarcha,
942 3475 1144 3545 quippe
1167 3474 1261 3543 qui
1303 3483 1359 3527 et
1385 3473 1501 3542 ipse
1543 3489 1687 3527 unus
1710 3483 2136 3542 procuratorum

548 3579 670 3627 erat
694 3586 818 3624 cum
849 3569 1108 3640 magistro
1139 3565 1420 3636 Stephano
1453 3576 1509 3620 et
1536 3566 1745 3621 Joanne
1769 3565 2012 3628 IIellada,
2033 3565 2140 3619 rei-

551 3661 788 3733 publicze
860 3659 1278 3729 prospiciebat,
1348 3672 1644 3727 rerumque
1709 3657 1777 3711 ad
1843 3657 2135 3726 imperium

551 3751 908 3807 attinentium
956 3751 1011 3805 in
1062 3765 1121 3804 se
1177 3761 1370 3804 curam
1420 3763 1640 3803 onmem
1687 3749 1936 3819 quotidie
1998 3750 2138 3804 reci-

550 3843 758 3916 picbat.

621 4039 678 4096 9.
718 4039 777 4094 Iu
802 4038 952 4093 hunc
989 4039 1173 4107 itaque
1217 4035 1438 4089 modum
1463 4033 1680 4104 imperii
1719 4034 1886 4089 rebus
1923 4034 2135 4088 consti-

551 4135 705 4197 tutis,
758 4131 1120 4187 Constantino
1183 4128 1312 4183 duci
1355 4129 1667 4182 scholarum
1700 4127 2006 4181 domestico
2039 4143 2136 4197 per

551 4220 818 4293 quosdam
853 4219 908 4273 in
935 4218 1158 4271 civitate
1183 4231 1442 4284 proceres
1479 4215 1789 4272 nuntiatur.
1817 4216 1913 4283 qui
1941 4231 2008 4269 co
2035 4231 2137 4268 no-

549 4316 699 4368 mine
723 4312 801 4366 illi
824 4310 1119 4366 studebant
1149 4307 1295 4378 quod
1329 4305 1414 4359 vir
1446 4305 1605 4360 fortis
1639 4315 1695 4360 ct
1726 4305 1972 4376 prudens
1988 4316 2136 4361 esset

551 4421 615 4460 ac
665 4419 762 4474 par
794 4400 1033 4472 regendo
1059 4400 1319 4467 przeclare
1353 4399 1610 4467 imperio.
1647 4409 1705 4453 ut
1756 4399 1951 4453 urbem
1981 4415 2134 4454 acce-

447 4501 460 4512 ‘
552 4494 667 4556 dat,
701 4493 855 4546 nullo
889 4490 1110 4560 negotio
1143 4499 1238 4544 aut
1269 4504 1436 4557 opera
1464 4506 1648 4543 rerum
1679 4507 1950 4545 summam
1988 4492 2040 4546 in
2073 4509 2131 4548 se

2241 3281 2335 3352 ἔτη
2371 3279 2480 3348 κς¹,
2513 3289 2906 3356 μονοκρατορεί
2934 3287 2990 3340 δὲ
3024 3288 3116 3358 ἔτη
3146 3296 3224 3352 ιε’,
3259 3290 3332 3352 ὡς
3364 3286 3508 3345 εἶναι
3540 3295 3718 3349 πάντα
3741 3298 3830 3351 τὸν

2240 3374 2428 3443 χρόνον
2484 3376 2578 3443 τῆς
2632 3377 2910 3444 βασιλείας
2949 3379 3114 3432 αὑτοῦ
3150 3379 3244 3448 ἐτη
3281 3387 3374 3453 μη⁹
3402 3383 3468 3437 ⁹¹.
3515 3386 3830 3456 Δαϐόμενος

2239 3464 2332 3518 οὖν
2355 3467 2452 3535 τῆς
2482 3468 2572 3519 τοῦ
2607 3469 2872 3523 παλατίου
2926 3471 3175 3537 ἐξουσίας
3229 3475 3255 3525 6
3292 3477 3634 3550 πατριάρχης
3665 3481 3830 3534 Νικό-

2241 3557 2386 3620 λαος,
2425 3559 2517 3611 ἆτε
2547 3561 2639 3613 καὶ
2671 3562 2834 3626 αὐτὸς
2867 3563 3163 3631 ἐπίτροπος
3195 3565 3283 3637 [1).
3326 3567 3451 3638 475]
3488 3568 3561 3620 ὢν
3594 3571 3690 3622 σὺν
3713 3575 3827 3636 τοῖς

2243 3650 2571 3721 μαγίστροις
2607 3653 2867 3726 Στεφάνῳ
2914 3657 3007 3708 καὶ
3051 3655 3272 3730 Ἰωάννῃ
3305 3661 3378 3729 τῷ
3423 3661 3672 3726 Ἐλὶαδᾴ,
3723 3664 3823 3730 τὴν

2241 3739 2332 3793 τοῦ
2358 3742 2539 3795 κοινοῦ
2579 3747 2836 3816 πρόνοιαν
2858 3749 3096 3802 ἐποιεῖτο
3121 3752 3212 3804 καὶ
3239 3751 3334 3822 τὴν
3357 3752 3612 3820 φροντίδα
3642 3755 3822 3809 πᾶσαν

2239 3833 2350 3904 εἶχε
2391 3837 2498 3890 τῶν
2549 3839 2645 3906 τῆς
2701 3841 2983 3910 βασιλείας
3031 3844 3076 3875 ⁹¹
3110 3845 3423 3918 ἀνηκόντων
3481 3848 3826 3919 πραγμάτων

2238 3930 2530 4002 ὁσημέραι.

2311 4022 2376 4094 β’.
2425 4027 2512 4078 Ἐν
2536 4027 2745 4090 τούτοις
2775 4029 2868 4082 οὖν
2902 4029 2998 4098 τῆς
3035 4029 3311 4099 βασιλείας
3345 4034 3534 4105 οὔσης,
3575 4034 3832 4102 δηλοῦται

2241 4116 2646 4190 Κωνσταντίνῳ
2677 4123 2839 4173 Δουκὶ
2865 4121 3175 4190 δομεστίκῳ
3219 4126 3543 4192 τυγχάνοντι
3569 4127 3676 4176 τῶν
3707 4144 3832 4195 σχο-

2237 4207 2344 4261 λῶν
2367 4212 2517 4280 παρά
2538 4229 2698 4265 τινων
2725 4212 2831 4264 τῶν
2861 4215 2917 4264 ὲν
2946 4216 3010 4282 τῇ
3037 4213 3186 4264 πόλει
3216 4215 3579 4282 μεγιστάνων,
3611 4215 3828 4282 φιλιύνο

2236 4314 2343 4350 των
2379 4300 2541 4352 αὑτὸν
2578 4300 2654 4362 ὡς
2687 4301 2934 4370 ἀνδρεῖον
2986 4301 3080 4352 καὶ
3138 4302 3364 4371 νουνεχῆ
3397 4305 3490 4355 καὶ
3522 4304 3705 4368 καλῶς
3739 4308 3834 4360 δυ-

2237 4392 2467 4460 νάμενον
2501 4393 2599 4460 τὴν
2625 4392 2902 4462 βασιλείαν
2931 4391 3202 4464 κυδερνᾷν
3223 4435 3237 4458 ,
3278 4395 3542 4448 εἰσελθεῖν
3573 4397 3668 4450 καὶ
3699 4400 3828 4452 ταύ-

2237 4500 2335 4550 της
2369 4485 2642 4552 ἐγκρατὴς
2687 4483 2734 4515 ’⁸
2791 4483 3051 4552 γενέσθαι
3111 4487 3365 4558 ἀπονητί.
3403 4487 3468 4539 '0
3513 4487 3568 4541 δὲ
3604 4489 3698 4542 ἅτε
3735 4491 3831 4544 καὶ

553 4586 944 4641 translaturus.
992 4582 1043 4637 Is
1094 4581 1314 4651 itaque,
1359 4589 1419 4634 ut
1469 4583 1626 4650 cujus
1678 4584 1843 4637 etiam
1886 4585 2038 4654 prius
2066 4602 2129 4641 ea

2242 4577 2508 4646 πρότερον
2538 4578 2710 4646 αὐτῆς
2740 4578 3049 4648 ἐφιέμενος,
3083 4579 3159 4642 ὼς
3192 4576 3307 4649 εἶχε
3335 4579 3530 4650 τάχους
3565 4581 3682 4648 ἅμα
3720 4585 3829 4637 τῶν

553 4675 826 4747 cupiditas
850 4674 1093 4728 animum
1125 4673 1464 4738 incessisset,
1494 4684 1699 4742 quanta
1725 4675 1880 4730 licuit
1905 4677 2134 4732 festina-

554 4769 734 4833 tioue,
780 4781 905 4821 cum
950 4766 1179 4820 delectis
1225 4767 1594 4834 subiectarum
1664 4767 1942 4837 legionum
1999 4770 2136 4825 viris

554 4859 798 4916 strenuis
838 4873 940 4913 nec
967 4873 1128 4926 parva
1175 4858 1396 4912 illorum
1427 4874 1589 4912 manu
1615 4858 1939 4931 Byzantium
1971 4862 2136 4932 719

555 4950 869 5015 contendit;
934 4949 1323 5020 ingressusque
1372 4958 1536 5004 noctu
1587 4966 1686 5020 per
1732 4952 2023 5008 obscuram
2071 4970 2135 5008 ac

554 5045 824 5098 minorem
859 5042 1145 5097 Michaelis
1190 5042 1602 5110 protovestiarii
1645 5043 1789 5097 haud
1824 5045 2016 5114 procul
2065 5046 2134 5100 ab

551 5154 679 5194 arce
715 5149 950 5208 portam,
985 5138 1039 5190 in
1080 5135 1337 5206 Gregorze
1372 5136 1550 5190 soceri
1593 5137 1676 5190 sui
1711 5136 1878 5190 domo
1899 5153 2022 5193 cum
2049 5153 2138 5193 so-

553 5231 655 5286 ciis
683 5245 748 5286 ac
798 5229 1103 5300 conjuratis
1150 5237 1370 5280 noctem
1411 5227 1716 5282 insomnem
1755 5229 1883 5298 egit.
1919 5229 2138 5283 Nicctas

552 5333 736 5379 autem
773 5337 803 5376 a
836 5320 1088 5385 secretis,
1119 5319 1166 5373 is
1203 5319 1294 5388 qui
1341 5328 1529 5388 postea
1567 5320 1982 5390 protonotarius
2014 5319 2136 5384 fuit,

551 5414 840 5471 advenisse
909 5412 1334 5468 Constantinum
1387 5410 1752 5468 Constantino
1807 5413 2038 5482 patricio
2081 5421 2136 5466 et

552 5503 823 5559 monacho
875 5501 1155 5555 Helladico
1199 5501 1496 5554 nuntiavit.
1579 5500 1868 5569 Amboque
1938 5501 2133 5554 eadem

551 5603 714 5648 nocte
752 5589 820 5646 ad
871 5589 1294 5646 Constantinum
1324 5587 1522 5642 ducem
1565 5598 1878 5654 venerunt;
1914 5604 2134 5658 unaque

550 5681 750 5735 collata
782 5693 948 5749 opera
989 5692 1168 5744 mane,
1196 5691 1323 5732 cum
1365 5674 1611 5730 nondum
1635 5673 1756 5729 dies
1787 5675 2127 5743 advenisset,

2241 4672 2512 4739 ἐκκρίτων
2545 4669 2638 4724 τοῦ
2673 4671 2765 4723 ὑπ’
2808 4672 2972 4726 αὐτὸν
3004 4672 3416 4744 στρατεύματος
3469 4674 3829 4742 καταλαμῆάρ

2239 4779 2345 4813 νων
2371 4763 2470 4831 τὴν
2496 4761 2910 4832 βασιλεύουσαν,
2943 4764 3144 4819 ἱκανῶν
3180 4765 3374 4828 ὄντων,
3407 4765 3502 4816 καὶ
3526 4766 3713 4825 νυκτὸς
3738 4765 3824 4816 διὰ

2241 4853 2619 4924 παραπυλίδος
2642 4855 2899 4908 εἰσελθὼν
2922 4855 3013 4909 τοῦ
3041 4855 3545 4928 πρωτοδεστιαρίου
3585 4855 3824 4923 Μιχαηλ,

2240 4945 2406 5014 ούσης
2433 4946 2663 5016 πλησίον
2689 4948 3062 5016 ἀκροπόλεως,
3091 4949 3148 5000 ὲν
3172 4947 3247 5017 τῷ
3280 4949 3412 5017 οἴκῳ
3438 4945 3533 5000 τοῦ
3561 4944 3828 5015 πενθεροῦ

2236 5038 2401 5092 αὐτοῦ
2453 5040 2710 5111 Γρηγορᾶ
2754 5041 2958 5104 ἄϋπνος
3023 5041 3162 5111 μετὰ
3215 5041 3324 5094 τῶν
3359 5043 3628 5094 συνόντων
3679 5040 3831 5111 αὐτῷ

2233 5131 2555 5186 διετέλεσεν.
2619 5133 2866 5202 Νικήτας
2919 5133 2976 5186 δὲ
3032 5135 3362 5206 άσηκρῆτις,
3410 5135 3438 5188 6
3469 5133 3610 5204 μετὰ
3656 5133 3832 5186 ταῦτα

2238 5224 2680 5292 πρωτονοτάριος
2728 5224 2990 5293 γεγονὼς,
3017 5225 3143 5296 ,τὴν
3196 5226 3614 5279 Κωνσταντίνου
3646 5223 3835 5292 ἄφιξιν

2237 5312 2314 5384 τῷ
2342 5306 2618 5385 πατρικίῳ
2640 5317 3038 5390 Κωνσταντίνῳ
3068 5319 3164 5372 καὶ
3195 5318 3416 5389 μοναχῷ
3445 5316 3521 5387 τῷ
3557 5315 3832 5385 Ἐλαδικῴ

2245 5407 2648 5477 κατεμήνυσεν.
2704 5410 2814 5463 Καὶ
2875 5410 3044 5481 ἄμφω
3078 5413 3142 5482 τῇ
3204 5412 3342 5483 αὐτῇ
3379 5409 3536 5462 νυκτὶ
3568 5407 3705 5477 πρὸς
3741 5407 3832 5458 τὸν

2241 5497 2454 5550 Δοῦκαν
2509 5499 2916 5553 Κωνσταντίνον
2965 5499 3362 5571 παρεγένοντοο
3386 5497 3481 5551 καὶ
3515 5495 3634 5564 ἅμα
3665 5491 3830 5561 πρωῒ.

2241 5587 2395 5641 οὔπω
2425 5589 2522 5656 τῆς
2567 5591 2783 5662 ἡμέρας
2833 5592 3270 5660 καταλαϐούσης,
3309 5590 3446 5654 ἀλλ’,
3476 5587 3556 5640 ἔτι
3610 5585 3833 5643 σκοτίας

2241 5680 2430 5750 οὔσης,
2481 5683 2618 5752 μετὰ
2655 5680 2958 5754 λαμπάδων
2989 5686 3080 5741 καὶ
3120 5684 3252 5740 λαοῦ
3288 5681 3486 5736 πολλοῦ
3520 5679 3615 5733 καὶ.
3650 5676 3830 5728 ὃπλων

1885 5786 2125 5845 νΑΒΙίΕ
2163 5794 2570 5854 LECTIONES.

617 5885 658 5916 ”
691 5885 958 5954 Georgius
986 5885 1079 5942 νε’.
1175 5890 1221 5922 ’⁸
1243 5891 1306 5959 τῇ
1335 5883 1626 5956 βασιλείᾳῖ
1699 5887 1743 5918 ’³
1777 5886 2064 5956 ὲγκρατῆἳ
