4124 6420
309 373 415 439 781

1093 358 1463 421 ANNALES.
1503 377 1571 391 ν·-
1611 348 2200 415 CONSTANTINUS
2236 343 2827 409 PORPHYROGEN.

3468 335 3578 399 782

307 490 413 559 τὴν
434 480 530 538 τοῦ
557 477 897 550 ἱπποδρόμου
927 473 1104 545 πύλην
1136 472 1560 539 καταλαϐόντες,
1604 472 1897 525 Κωνσταν-

2015 467 2097 523 sed
2146 464 2331 520 adhuc
2360 462 2604 519 tenebrae
2649 466 2857 523 essent,
2900 471 3025 511 eum
3049 455 3263 510 facibus
3297 454 3583 524 multoque

307 558 456 633 τίνον
509 571 796 640 εὐφήμουν
833 564 1057 638 βασιλέα
1088 567 1147 619 ὲν
1176 563 1253 635 τῷ
1282 561 1513 634 ἱππικῷ.
1573 560 1741 619 Ἔνθα
1771 558 1835 629 δὴ
1865 560 1894 611 ό

308 669 507 724 τούτου
532 663 840 732 ἱπποκόμος
868 657 1185 728 λογχευθεὶς
1235 654 1385 727 παρά
1414 653 1522 707 τῶν
1552 649 1754 705 ἔσωθεν
1786 649 1893 701 τῶν

310 761 408 819 τοῦ
469 754 810 824 ἱπποδρόμου
876 750 1062 804 πυλῶν
1100 748 1363 820 ἀνῃρέθη.
1406 746 1498 816 Μὴ
1546 743 1757 814 δεχθεὶς
1801 737 1896 796 οὖν

322 854 495 909 traice
522 852 550 903 ὁ
576 847 1009 909 Κωνσταντῖνος,
1041 841 1156 895 ἀλλ’
1186 838 1568 908 ἀποσοϐηθεὶς,
1592 838 1779 905 ὥσπερ
1804 837 1897 888 ὲκ-

323 942 644 1016 ὣκχευθεὶς
698 938 805 993 ὑπό
862 953 1009 1000 τινος
1038 934 1291 1005 δαίμονος
1328 935 1423 987 καὶ
1456 932 1530 1001 μὴ
1558 928 1898 999 ἐφεστηκότα

315 1038 457 1108 ἔχων
505 1035 598 1093 τὸν
625 1030 888 1105 λογισμὸν
940 1028 1017 1100 τῷ
1048 1027 1149 1095 τῆς
1190 1024 1470 1095 βασιλείας
1503 1022 1689 1093 ἔρωτι,
1729 1023 1788 1073 ὲν
1821 1018 1899 1089 τῷ

315 1130 641 1200 ἱπποδρόμῳ
669 1123 991 1195 ἀνεχώρησε
1023 1118 1252 1187 στυγνός
1272 1134 1332 1171 τε
1363 1117 1459 1172 καὶ
1499 1113 1771 1186 κατηφὴς,
1798 1129 1900 1167 κα·

316 1226 416 1279 κὸν
472 1221 661 1277 οἰωνὸν
713 1217 813 1286 τὴν
872 1214 969 1269 τοῦ
1044 1211 1353 1283 ἱπποκόμου
1414 1208 1606 1279 κρίνας
1664 1205 1897 1275 σφαγήν.

327 1311 574 1368 Ἐκεῖθεν
604 1304 708 1381 ἦκε
743 1306 905 1378 μέχρι
956 1303 1182 1374 Χαλκῆς
1205 1318 1221 1334 ο
1280 1303 1375 1356 καὶ
1403 1301 1492 1353 διὰ
1543 1300 1639 1369 τῆς
1668 1296 1903 1366 Σιδηρᾶς

324 1405 525 1474 πόρτης
548 1401 651 1471 τῆς
680 1398 901 1468 Χαλκῆς
932 1392 1292 1465 εἱσεληλυθὼς
1325 1391 1486 1463 μέχρι
1535 1389 1641 1445 τῶν
1670 1405 1901 1442 σκουτα-

323 1499 454 1571 ρίων
482 1497 530 1531 ⁸⁸
561 1492 922 1567 παρεγένετο.
961 1490 1019 1543 Ὀ
1068 1487 1162 1545 οὖν
1213 1488 1516 1559 μάγιστρος
1583 1483 1835 1552 Ἰωάννης
1875 1482 1904 1539 ό

330 1590 559 1653 Ἐλαδᾶς
591 1586 822 1657 ἐκλογὴν
860 1584 968 1637 τῶν
994 1582 1094 1645 τῆς
1111 1579 1388 1651 ἑταιρείας
1408 1578 1500 1632 καὶ
1522 1576 1629 1629 τῶν
1658 1575 1833 1631 ἄλλων
1857 1574 1903 1606 ⁸⁸

318 1682 669 1751 ποιούμενος,
740 1676 858 1748 μεθ’
894 1675 1076 1728 ὃπλων
1109 1672 1333 1734 τούτους
1391 1666 1713 1725 ἀπέστειλεν
1766 1665 1907 1723 κατὰ

319 1774 416 1832 τοῦ
449 1771 675 1833 Δουκός.
709 1768 1005 1823 Ἐλθόντων
1031 1763 1125 1818 οὖν
1159 1763 1322 1835 μέχρι
1366 1762 1465 1830 τῆς
1487 1759 1734 1829 Χαλκῆς,
1775 1759 1906 1811 πολ-

1996 556 2257 614 satellitio
2292 571 2357 610 ac
2400 552 2573 608 armis
2606 550 2674 605 ad
2701 548 2848 605 Circi
2874 558 3089 619 portam
3116 547 3404 608 venientes
3434 543 3585 599 Con-

1996 651 2301 707 stantinum
2346 648 2740 717 imperatorem
2785 642 2982 696 faustis
3021 640 3255 694 vocibus
3308 641 3573 695 acclama-

1998 743 2169 807 bant;
2196 739 2291 794 ubi
2320 752 2451 793 sane
2473 738 2594 807 ejus
2625 734 2820 803 equiso
2852 732 3042 787 lancea
3068 731 3337 797 conﬁxus,
3369 731 3439 785 ab
3472 730 3585 789 illis

1997 834 2247 888 sublatus
2281 838 2368 886 est
2404 829 2498 899 qui
2541 827 2690 883 Circi
2726 836 2913 896 portas
2957 824 3253 880 interiores
3294 825 3579 879 tenebant.

1998 924 2157 980 Haud
2181 924 2366 992 itaque
2400 920 2515 975 illic
2552 928 2807 988 receptus
2828 915 3250 979 Constantinus,
3275 915 3371 969 sed
3395 916 3584 985 repul-

2000 1031 2094 1072 sus
2120 1024 2285 1085 atque
2322 1013 2633 1075 submotus,
2662 1010 2816 1067 velut
2846 1008 3010 1063 furiis
3038 1008 3281 1077 agitante
3316 1007 3585 1071 daemone,

2000 1124 2101 1164 nec
2124 1082 2258 1163 satis
2282 1105 2482 1161 mentis
2508 1117 2764 1174 compos,
2793 1100 3147 1171 imperitandi
3185 1114 3327 1154 caeca
3359 1099 3591 1154 libidine
3680 1082 3689 1087 ’

2002 1218 2059 1258 se
2086 1218 2117 1256 a
2160 1200 2319 1257 Circo
2362 1199 2536 1255 tristis
2569 1205 2910 1265 maestusque
2940 1193 3224 1257 subduxit,
3250 1193 3452 1247 malum
3483 1191 3590 1246 sibi

2002 1310 2164 1350 omen
2212 1292 2535 1369 equisonem
2587 1303 2723 1345 nece
2778 1287 3053 1343 sublatum
3089 1286 3321 1341 ducens.
3370 1284 3501 1341 Inde
3523 1283 3592 1338 ad

2001 1387 2257 1443 Chalcem
2301 1385 2377 1457 (id
2417 1392 2502 1439 est
2545 1380 2792 1452 Aﬁream)
2845 1382 3037 1445 venit;
3094 1394 3304 1451 perque
3334 1378 3591 1433 Ferream

2003 1478 2247 1550 ejusdem
2272 1476 2503 1533 Chalces
2549 1476 2670 1547 (seu
2710 1472 2913 1543 Ereae)
2966 1473 3247 1542 ingressus
3279 1469 3347 1525 ad
3396 1470 3594 1529 Scuta-

2005 1570 2215 1627 riorum
2243 1583 2415 1638 usque
2451 1566 2858 1637 (excubitorum
2890 1562 3124 1633 scilicet)
3167 1559 3372 1617 atrium
3418 1575 3593 1630 pene~

2008 1665 2192 1719 travit.
2228 1663 2308 1717 Ex
2342 1661 2575 1716 adverso
2602 1667 2784 1714 autem
2820 1656 3080 1728 magister
3112 1655 3356 1711 Joannes
3400 1652 3590 1708 Hella-

2011 1757 2149 1822 das,
2208 1756 2603 1811 fcederatorum
2672 1751 3021 1820 aliorumque
3074 1747 3335 1803 ordinum
3375 1746 3594 1803 delecto

319 1822 412 1927 λόὶ
527 1822 859 1936 ἀνμήιόοτέρων
892 1858 1004 1912 τῶν
1053 1822 1506 1928 μερὶὒνηέπεσον,
1536 1853 1630 1905 καὶ
1654 1822 1901 1905 τοσοῦτοι

2015 1850 2250 1921 agmine,
2303 1846 2473 1901 armis
2520 1844 2820 1900 instructos
2860 1842 3153 1897 adversum
3193 1839 3389 1894 ducem
3419 1838 3593 1893 misit.

318 1962 398 2024 ὡς
428 1960 522 2012 τὸν
549 1958 715 2010 τόπον
774 1950 1202 2023 ὲνλιμνασθῆναι
1238 1945 1318 2015 τῷ
1365 1946 1579 2015 αἵματι.
1634 1941 1901 2016 ’Δνῃρέθη

320 2048 381 2101 δὲ
435 2045 533 2099 καὶ⁵
592 2039 883 2112 Γρηγορᾶς
930 2037 959 2089 ὁ
1007 2035 1122 2097 υἱὸς
1158 2032 1254 2085 τοῦ
1306 2030 1508 2093 Δουκὸς
1561 2027 1657 2081 καὶ
1688 2025 1905 2099 Μιχαὴλ

321 2136 617 2205 δξάδελφος
651 2132 816 2187 αὑτοῦ
847 2129 943 2183 καὶ
969 2125 1283 2199 Κουρτίκης
1320 2125 1526 2185 ἐκεῖνος
1549 2124 1578 2175 ό
1602 2119 1661 2184 ἐξ
1707 2120 1907 2189 ’Δρμε-

320 2232 475 2286 νίων.
516 2227 705 2282 Ταῦτα
733 2227 760 2278 ὁ
788 2224 926 2289 Δοὺξ
971 2219 1384 2281 Κωνσταντῖνος
1427 2215 1638 2287 μαθὼν,
1662 2213 1909 2285 ταραχῆς

319 2322 404 2377 ὅτι
430 2317 517 2392 [Ρ.
549 2316 680 2388 474]
712 2314 974 2383 πλείστης
1005 2310 1331 2381 γενομένης,
1368 2307 1459 2361 τὸν
1488 2307 1654 2360 ἵππον
1684 2304 1913 2374 ὲξήλαυ-

322 2428 449 2466 νενο
515 2412 544 2464 ὁ
573 2409 631 2463 δὲ
678 2409 797 2469 ταῖς
829 2408 1010 2460 ἐκεῖσε
1058 2400 1515 2472 ὑπεστρωμέναις
1554 2396 1909 2467 ὲνολισθήσας

278 2498 281 2501 ’
323 2503 520 2568 πλαξὶν
550 2502 631 2563 εἱς
659 2499 765 2569 γῆν
807 2498 897 2551 τὸν
936 2494 1201 2565 ἐπιϐάτην
1237 2490 1557 2557 κατέϐαλεν,
1584 2490 1677 2543 καί
1700 2507 1782 2551 τις
1808 2490 1909 2543 αύ-

327 2595 418 2649 τοῦ
451 2594 598 2662 ξίφει
625 2591 725 2662 τὴν
763 2588 1009 2659 κεφαλὴν
1055 2587 1331 2657 ἀπέτεμεν
1356 2599 1369 2614 °
1419 2586 1544 2654 ἥτις
1590 2583 1666 2653 τῷ
1696 2583 1911 2653 βασιλεῖ

331 2682 734 2754 προσενήνεκτο
778 2675 1098 2749 καταφανὴς
1154 2674 1359 2729 ἅπασιν
1403 2673 1505 2743 τῆς
1555 2673 1772 2743 ἀπάτης
1831 2673 1910 2737 είς

325 2773 667 2844 ἀποτροπήν.

2011 1939 2262 2009 Cumque
2284 1938 2567 1993 venissent
2583 1935 2649 1990 ad
2668 1932 3380 2002 Chalcem,congressisque
3411 1931 3595 1987 utrin-

2013 2046 2122 2103 que
2158 2028 2427 2099 partibus.
2463 2042 2531 2081 ex
2574 2027 2656 2082 eis
2708 2026 2867 2083 multi
2920 2025 3283 2089 ceciderunt;
3330 2032 3594 2093 tantaque

2014 2136 2282 2177 emsorum
2318 2119 2615 2174 multitudo
2636 2117 2743 2173 fuit
2776 2126 2837 2172 ut
2866 2119 3022 2173 locus
3055 2118 3349 2173 cruoribus
3376 2126 3596 2186 stagna-

2016 2222 2123 2269 ret.
2151 2212 2421 2268 Sublatus
2440 2226 2573 2266 vero
2596 2211 2763 2265 etiam
2796 2206 2958 2281 720
2976 2211 3248 2282 Gregoras
3270 2210 3429 2265 ducis
3453 2210 3599 2263 illius

2014 2316 2072 2362 et
2117 2305 2348 2363 Michael
2394 2304 2512 2374 ejus
2551 2304 2937 2368 consobrinus,
2967 2319 3178 2359 necnon
3204 2302 3455 2358 Curtices
3504 2302 3597 2357 ille

2016 2397 2403 2453 Armeniorum
2448 2411 2652 2467 genere
2684 2403 2859 2449 ortus.
2889 2395 3014 2450 Haec
3049 2394 3143 2449 ubi
3170 2395 3426 2464 cognovit
3454 2392 3601 2448 Con-

2016 2490 2313 2554 stantinus,
2357 2504 2521 2559 quam
2566 2488 2803 2543 maximo
2851 2487 3091 2542 excitato
3126 2486 3365 2540 tumultu
3396 2500 3602 2561 equum

2017 2578 2074 2635 in
2128 2582 2346 2636 turbam
2400 2577 2647 2635 calcibus
2693 2578 2933 2649 impulit.
2973 2579 3026 2633 Is
3053 2594 3184 2633 vero
3202 2576 3357 2632 strati
3386 2576 3486 2632 soli
3515 2577 3603 2631 lu-

2019 2673 2173 2729 brico
2198 2676 2386 2744 lapsus
2416 2688 2690 2729 sessorem
2716 2673 2769 2726 in
2801 2681 3004 2725 terram
3034 2669 3273 2742 dejecit;
3310 2684 3473 2739 quem
3504 2668 3603 2722 ubi

2019 2767 2144 2835 quis
2190 2768 2307 2821 solo
2338 2766 2620 2838 dejeetum
2669 2764 2903 2820 offendit
2955 2763 3176 2834 (reliqui
3220 2762 3371 2817 enim
3414 2774 3607 2815 omnes

326 2868 581 2940 dissipati
637 2866 840 2936 erant),
892 2864 1012 2934 ejus
1053 2868 1223 2931 caput
1268 2859 1451 2931 gladio
1477 2857 1728 2925 abstulit,
1788 2859 2148 2930 ablatumque
2196 2863 2250 2917 in
2311 2862 2559 2918 omnium
2618 2862 2815 2924 oculis,
2901 2859 3233 2931 dispellendi
3292 2873 3457 2913 causa
3518 2872 3610 2913 er-

327 2966 472 3023 roris
503 2962 847 3032 sedandique
880 2954 1148 3015 tdmultus
1173 2972 1237 3012 ac
1268 2956 1549 3021 coitionis,
1579 2953 1906 3026 imperatori
1945 2956 2169 3017 detulit.

394 3058 465 3130 Υ.
508 3060 582 3113 Τὸ
610 3057 669 3111 δὲ
712 3053 955 3110 τοιοῦτον
1000 3052 1167 3106 αὑτοῦ
1224 3052 1535 3123 ἐγχείρημα
1587 3052 1730 3105 κατά
1783 3067 1910 3106 τινα

324 3156 421 3209 καὶ
481 3152 642 3207 ἀλλον
688 3150 890 3221 τρόπον
939 3142 1259 3216 εδεδήλωτο.
1302 3144 1573 3208 Νικόλαος
1600 3143 1711 3214 γάρ
1732 3159 1816 3205 τις
1847 3144 1915 3197 τὰ

2090 3054 2142 3109 5.
2181 3054 2499 3109 Istiusmodi
2552 3053 2899 3110 Constantini
2952 3050 3231 3123 aggressio
3287 3064 3388 3119 per
3438 3048 3607 3103 alium

2019 3165 2238 3221 quoque
2287 3150 2509 3205 modum
2547 3148 2809 3204 innotuit.
2861 3148 3121 3203 Nieolaus
3158 3144 3305 3201 enim
3358 3143 3608 3214 quidam,

324 3248 385 3299 ὲν
417 3242 628 3312 Χαλδίᾳ
685 3240 795 3294 τῶν
849 3236 1129 3307 δημοσίων
1158 3234 1505 3306 εἰσπράξεων
1535 3233 1912 3303 πεπιστευμέ-

2019 3243 2369 3312 publicorum
2404 3243 2752 3313 vectigalium
2780 3243 2835 3296 in
2862 3241 3090 3296 Chaldia
3123 3239 3458 3309 redemptor,
3489 3237 3612 3307 eju-

327 3354 419 3403 νος
475 3338 559 3400 εἰς
606 3331 807 3404 Συρίαν
858 3330 1109 3399 ἀφίκετο,
1162 3330 1263 3395 τῆς
1290 3325 1413 3379 καθ’
1451 3326 1601 3396 ἡμᾶς
1631 3324 1912 3388 εὐσεϐείας

329 3431 555 3499 ἔξαρνος
602 3421 862 3494 γεγονὼς,
916 3422 1012 3475 καὶ
1067 3417 1491 3489 ἀστρολογίαςῆ
1547 3418 1917 3489 ἀστρονομίας

329 3524 476 3585 τινὸς
520 3519 723 3592 μᾶλλον
751 3514 1178 3588 μεταπεποίητο.
1219 3506 1386 3575 Οὗτος
1415 3512 1474 3564 ὲν
1506 3510 1919 3582 μελανεμϐαφεῖ

335 3614 551 3689 γράψας
596 3611 878 3680 ὑφάσματι
944 3605 1282 3661 ἀπεστάλκει
1331 3602 1493 3658 τοῦτο
1541 3603 1678 3675 πρὸς
1707 3604 1798 3656 τὸν
1830 3604 1919 3655 λο-

335 3706 565 3775 γοθέτην
620 3702 859 3772 Θωμᾶν*
911 3693 975 3761 οὗ
1018 3699 1085 3766 δὴ
1146 3696 1430 3768 ῥιφθέντος
1472 3698 1623 3767 παρά
1661 3695 1919 3767 Μανουὴλ

339 3798 569 3851 τούατῶν
603 3791 922 3865 ’Δγαρηνῶν
984 3790 1273 3860 ἑρμηνέως
1304 3790 1362 3841 ὲν
1400 3788 1553 3843 ὕδατι
1585 3788 1653 3841 τὰ
1685 3789 1741 3841 ὲν
1770 3787 1920 3859 αύτῷ

352 3890 724 3959 πεφανέρωται
785 3884 1114 3955 γράμματα,
1173 3880 1316 3934 οὔτω
1376 3880 1780 3948 διαγορεύοντα·
1820 3880 1916 3949 Μὴ

350 3981 629 4054 φοϐήθητι
668 3980 790 4035 ἀπὸ
820 3978 927 4032 τοῦ
956 3973 1189 4044 πυρῤοῦ
1223 3972 1503 4027 πετεινοῦ
1532 3974 1638 4028 τοῦ
1671 3976 1916 4040 Δουκόςο

346 4074 877 4145 νεωτερισθήσεται
920 4070 1031 4140 γὰρ
1083 4066 1383 4137 ἀφρόνως,
1433 4064 1533 4121 καὶ
1575 4065 1758 4131 εὐθὺς
1787 4065 1921 4121 ὀλο-

341 4168 753 4238 θρευθήσεται.

410 4260 473 4315 δ’.
505 4260 727 4315 Τούτων
781 4260 925 4315 οὕτω
966 4261 1354 4328 τελεσθέντων,
1395 4260 1687 4331 Γρηγορᾶς
1728 4258 1920 4311 τούτου

342 4352 607 4424 πενθερὸς
640 4352 778 4424 μετά
798 4352 1048 4416 Λέοντος,
1079 4353 1137 4407 ὃν
1167 4352 1590 4423 Χοιροσφάκτην
1616 4347 1920 4419 ὠνόμαζον,

341 4450 409 4517 τῇ
473 4446 634 4517 Ἀγίᾳ
678 4445 774 4501 τοῦ
821 4445 959 4500 Θεοῦ
1016 4445 1189 4518 Σοφίᾳ
1240 4444 1511 4522 ἐκκλησίᾳ
1554 4444 1921 4516 προσέφυγον,

339 4538 438 4603 οὓς
468 4540 564 4593 καὶ
628 4538 720 4610 βίᾳ.
779 4538 991 4592 ἐκεῖθεν
1035 4538 1453 4601 ἀποσπάσαντες
1505 4537 1812 4608 ἀπέκειραν
1864 4538 1925 4589 ἐν

2019 3349 2136 3392 rata
2172 3336 2484 3393 Christiana
2521 3340 2725 3408 pietate
2761 3352 2824 3391 ac
2856 3336 2962 3391 [ide
2994 3352 3121 3390 cum
3150 3335 3221 3402 ,in
3254 3332 3465 3407 Syriam
3491 3345 3612 3386 sese

2019 3429 2337 3500 recepisset,
2370 3431 2699 3501 astrologiae,
2750 3429 2847 3485 sed
2893 3429 3065 3498 magis
3112 3425 3462 3482 astronomia:
3496 3422 3616 3478 cui-

2019 3522 2144 3578 dam
2169 3539 2391 3598 operam
2426 3523 2802 3593 impendebat.
2829 3521 2925 3575 liic
2954 3520 3137 3590 itaque
3164 3521 3218 3573 in
3242 3519 3383 3588 nigri
3415 3516 3617 3572 coloris

2019 3615 2191 3670 linteo
2247 3615 2498 3671 scribens
2528 3614 2595 3669 ad
2625 3615 2891 3669 Thomam
2922 3613 3259 3684 logothetam
3298 3611 3467 3665 misit.
3497 3607 3615 3675 Quo

2020 3712 2190 3768 misso
2222 3713 2277 3768 in
2307 3728 2504 3783 aquam
2539 3728 2568 3766 a
2600 3712 2851 3766 Manuele
2877 3710 3257 3781 Agarenorum
3286 3706 3613 3775 interprete.

2020 3806 2242 3875 scriptse
2277 3805 2445 3875 ineo
2491 3803 2690 3858 litterae
2741 3810 3149 3872 apparuerunt,
3195 3799 3251 3854 in
3299 3799 3416 3853 haec
3449 3797 3617 3851 verba

2020 3908 2287 3970 concepta
2353 3897 2667 3953 sententia:
2700 3895 2777 3949 Ne
2812 3895 3049 3948 timueris
3100 3909 3133 3945 a
3166 3892 3309 3945 Duce
3358 3890 3479 3960 rufa
3524 3906 3618 3943 vo-

2024 3993 2205 4045 lucre:
2254 3989 2414 4043 stulte
2483 3990 2621 4042 enim
2661 3988 2814 4041 rebus
2855 3988 3001 4039 novis
3026 3986 3271 4050 stridebit,
3318 4002 3379 4037 ac
3433 3984 3617 4037 statim

2026 4083 2233 4155 peribit,

2095 4267 2149 4320 4.
2186 4264 2283 4321 llis
2306 4263 2379 4319 ita
2407 4263 2597 4335 gestis,
2629 4262 2902 4333 Cregoras
2929 4257 3277 4316 Constantini
3306 4274 3464 4314 socer
3491 4274 3615 4313 cum

2026 4356 2210 4414 Leone
2232 4357 2660 4427 Choerosphacte
2688 4355 2754 4410 ad
2788 4354 3001 4410 Sancta:
3030 4353 3124 4408 Dei
3160 4352 3454 4423 Sapientiae
3482 4368 3615 4407 con-

2028 4453 2319 4524 fugerunt;
2376 4465 2517 4520 quos
2576 4448 2701 4503 inde
2766 4466 2873 4504 non
2926 4448 3045 4502 sine
3103 4447 3154 4500 vi
3216 4455 3494 4508 extractos
3564 4446 3619 4501 in
3678 4510 3685 4517 ο

2028 4544 2207 4600 Studii
2244 4542 2580 4597 monasterio
2614 4541 3009 4595 monachorum
3052 4539 3157 4593 ritu
3212 4537 3619 4602 detonderunt;

343 4636 408 4705 τῇ
443 4632 553 4687 τῶν
608 4632 878 4688 Στουδίου.
931 4633 1339 4685 Κωνσταντῖνον
1373 4630 1431 4684 δὲ
1487 4630 1576 4683 τὸν
1614 4630 1912 4684 Ἐλλαδικδι

2031 4639 2456 4697 Constantinum
2487 4654 2620 4693 vero
2649 4637 2990 4693 llelladicum
3026 4636 3211 4693 nervis
3254 4636 3478 4693 bubulis
3520 4652 3625 4693 cte-

347 4726 660 4797 βουνεύροις
714 4724 987 4795 τύψαντες
1050 4724 1189 4795 μετά
1216 4726 1384 4797 ῥάσου
1417 4726 1513 4778 καὶ
1541 4725 1665 4778 δνου
1692 4727 1921 4797 ἐθριάμο

343 4819 547 4872 ϐευσαν
586 4819 680 4871 καὶ
711 4819 771 4870 ἐν
790 4820 855 4888 τῇ
878 4818 987 4870 τῶν
1032 4817 1335 4887 Δαλματῶν
1389 4817 1655 4889 καταδίκῃ
1711 4817 1923 4887 ἐγκλει-

346 4928 473 4965 στον
524 4910 881 4980 πεποιήκασι.
960 4909 1071 4963 Καὶ
1129 4909 1325 4972 ἀλλους
1384 4909 1484 4980 μὲν
1543 4909 1927 4977 τυφλώσαντες

346 5004 640 5074 ἐξώρισαν,
701 5006 796 5056 καὶ
846 5003 1064 5073 ἑτέρους
1094 5002 1510 5072 ἀπεκεφάλισαν
1535 5018 1549 5033 ο
1581 5004 1708 5067 τοὺς
1738 5003 1795 5057 δὲ
1830 5006 1925 5057 τοῦ

348 5098 645 5166 φοσσάτου,
681 5096 961 5166 ἀνδρείους
999 5095 1095 5149 καὶ
1130 5095 1327 5159 καλοὺς
1354 5095 1512 5158 ὄντας
1542 5097 1639 5150 καὶ
1674 5097 1925 5163 πολλοὺς,

347 5189 463 5243 ἀπὸ
508 5187 603 5241 τοῦ
654 5189 929 5257 Δαμαλὶου
982 5189 1145 5259 μέχρι
1198 5188 1292 5242 τοῦ
1358 5190 1660 5243 Λευκατίου
1719 5190 1928 5253 πάντας

350 5279 806 5336 ἀνεσκολόπισαν.
863 5281 1097 5345 Πολλοὺς
1127 5281 1184 5335 δὲ
1212 5281 1308 5335 καὶ
1360 5282 1553 5345 ἄλλους
1577 5286 1621 5337 οἱ
1644 5283 1929 5352 λεγόμενοι

351 5373 645 5443 ἐπίτροποι
700 5372 989 5426 ἀπώλεσαν
1041 5374 1127 5437 ἂν,
1159 5375 1207 5426 εί
1239 5376 1313 5444 μή
1348 5391 1492 5438 τινες
1522 5374 1631 5428 τῶν
1660 5374 1931 5429 δικαστῶν

350 5469 581 5533 τούτους
600 5471 700 5540 τῆς
730 5467 920 5522 ἀδίκου
946 5466 1123 5537 ὁρμῆς
1158 5466 1532 5536 ἀνεχαίτισαν.
1556 5466 1821 5531 εἰπόντες,
1848 5466 1931 5519 ὅτι

2027 4749 2149 4788 sum
2182 4746 2416 4800 rasoque
2466 4728 2721 4785 indutum
2768 4737 2932 4799 atque
2972 4728 3126 4783 asino
3170 4728 3492 4799 impositum
3530 4743 3627 4794 per

2026 4825 2265 4882 mediam
2315 4822 2510 4876 urbem
2561 4819 2879 4892 ignominia:
2925 4836 3090 4875 causa
3143 4821 3515 4885 traducentes,
3571 4821 3628 4875 in

2027 4918 2287 4973 Dalmata:
2305 4915 2464 4989 721
2485 4929 2707 4971 carcere
2732 4913 2927 4968 inclusi
2953 4912 3245 4984 disciplina
3267 4914 3627 4970 damnarunt.

2030 5009 2208 5079 Atque
2233 5007 2369 5061 alios
2386 5005 2479 5076 qui
2494 5004 2608 5060 lem
2630 5006 2807 5059 oculis
2822 5004 3047 5061 orbatos
3072 5005 3266 5059 exsilio
3285 5006 3626 5077 relegarunt,

2031 5102 2167 5155 alios
2210 5099 2633 5153 obtruncarunt.
2671 5096 2936 5153 Militares
2986 5112 3120 5152 vero
3159 5098 3312 5154 viros
3363 5097 3534 5153 fortes
3566 5114 3631 5152 ac

2033 5192 2238 5262 probos
2261 5231 2276 5254 ,
2308 5189 2627 5261 ingentique
2667 5190 2806 5245 adeo
2844 5204 3075 5243 numero
3126 5204 3157 5243 a
3197 5190 3405 5245 Damali
3439 5189 3517 5265 (id
3543 5202 3629 5246 est

2034 5283 2228 5348 vitula)
2262 5282 2330 5336 ad
2359 5282 2663 5341 Lcucatum
2692 5297 2887 5353 usque,
2915 5298 3108 5337 omnes
3138 5282 3278 5353 palis
3313 5281 3625 5341 aiﬁxerunt.

2037 5376 2299 5444 Aliosque
2345 5374 2616 5444 plurimos
2666 5375 2747 5430 sic
2792 5376 3096 5446 nuncupati
3144 5384 3537 5445 procuratores
3566 5391 3632 5432 ac

2040 5476 2254 5521 tutores
2304 5463 2578 5536 perdituri
2622 5475 2802 5533 erant,
2836 5466 2945 5521 nisi
2990 5465 3241 5538 judicum
3280 5467 3507 5536 quidam
3560 5468 3632 5527 ab

353 5560 581 5629 Παιδὸς
606 5560 778 5625 ὄντος
808 5558 916 5614 τοῦ
937 5558 1245 5623 ,ϐασιλέως
1273 5556 1399 5624 πῶς
1428 5557 1576 5612 ἄνευ
1609 5557 1719 5625 τῆς
1748 5560 1912 5613 αὐτοὶ

2044 5559 2235 5629 iniquo
2277 5571 2373 5612 eos
2404 5555 2616 5630 impetu
2646 5558 2963 5617 istiusmodi
3000 5560 3187 5617 verbis
3235 5559 3633 5622 retardassent,

356 5653 700 5720 κελεύσεως
742 5651 1001 5724 τολμᾶτε
1029 5652 1270 5706 τοιαῦτα
1309 5649 1802 5717 διαπράττεσθαι;
1825 5653 1912 5721 Ti;

2046 5650 2180 5708 Cum
2203 5650 2491 5720 imperator
2530 5666 2659 5720 puer
2690 5654 2780 5714 sit,
2806 5653 3063 5722 quomodo
3092 5652 3236 5705 illius
3261 5652 3467 5720 injussu
3492 5652 3636 5722 ejus.

1641 5744 1876 5800 VAle
1922 5744 2332 5805 LECTIONES.

450 5842 496 5872 "
525 5837 789 5910 Georgius
820 5838 1167 5905 ὲξκουθίτων.
1246 5842 1291 5871 ³⁸
1319 5837 1588 5906 Georgius
1620 5838 1845 5895 ὲλατῶν.
