4124 6448
551 343 660 405 783

1747 333 2127 396 SYMEONIS
2167 331 2537 393 MAGISTRI

3701 330 3806 392 784

532 459 738 515 comedi
787 464 1093 528 perpetrare
1150 452 1402 508 audetis?
1448 451 1614 506 Ducis
1657 452 1841 520 itaque
1899 464 2124 504 uxorem

2230 445 2322 502 οὖν
2380 453 2614 517 γυναῖκα
2674 448 2767 501 τοῦ
2804 449 3005 512 Δουκὸς
3039 447 3429 518 ἀποκείραντες
3453 447 3543 500 καὶ
3577 446 3667 500 τὸν
3695 449 3809 500 υἱὸν

540 552 790 608 detonsis
844 548 1095 605 crinibus
1144 547 1428 616 liliumque
1484 545 1720 600 exsectis
1775 542 2028 598 virilibus
2073 540 2127 594 in

542 644 966 716 Paphlagoniam
1025 641 1094 698 ad
1137 641 1284 696 mdes
1312 639 1564 710 proprias
1602 637 1950 692 remiserunt.

609 739 664 793 5.
697 738 943 806 Augusto
976 749 1164 789 mense
1195 733 1431 806 Symeon
1470 731 1734 802 Bulgarus
1767 745 1892 783 cum
1932 742 2127 782 nume-

523 816 668 884 roso
705 827 946 896 fortique
984 827 1230 880 exercitu
1283 823 1606 895 Byzantium
1655 821 1812 891 petit,
1851 820 2127 888 ductoque

543 920 687 974 vallo
709 934 739 972 a
777 917 909 972 mari
945 916 1011 970 ad
1038 931 1211 979 mare,
1245 914 1360 969 l‘ore
1391 923 1448 968 ut
1489 913 1642 968 urbis
1670 911 1972 982 partiretur
2005 911 2126 980 plu-

543 1009 745 1065 rimum
787 1009 1122 1064 confidebat.
1153 1008 1444 1062 lnnumera
1471 1016 1656 1059 autem
1688 1004 1891 1058 civium
1939 1001 2126 1056 multi-

544 1101 738 1157 tudine
788 1114 1178 1168 armorumque
1234 1099 1286 1151 vi
1331 1112 1396 1152 ae
1445 1095 1816 1150 munitionum
1873 1092 2128 1163 praesidio

541 1209 638 1264 spe
665 1194 934 1264 dejectus,
962 1190 1114 1260 pacis
1148 1187 1357 1244 foedera
1412 1201 1634 1257 rogans,
1668 1186 1735 1240 ad
1783 1184 2125 1239 Hebdomum

542 1299 798 1339 reversus
827 1292 930 1338 est.
978 1281 1388 1350 Tutoribusque
1421 1279 1477 1333 in
1514 1294 1628 1332 rem
1664 1278 1815 1348 pacis
1858 1275 2128 1330 lubentis-

542 1379 680 1431 sime
728 1374 1124 1440 annuentibus,
1152 1373 1391 1444 Symeon
1430 1371 1702 1441 liberique
1753 1369 1911 1423 donis
1965 1369 2127 1422 innu-

541 1469 711 1524 meris
753 1467 1111 1536 maximisque
1143 1465 1450 1521 liberaliter
1482 1464 1691 1535 accepti
1745 1463 1801 1518 in
1845 1462 2122 1533 regionem

541 1577 695 1616 suam
748 1560 1056 1616 redierunt.

609 1742 662 1797 6.
695 1741 1096 1798 Constantinus
1132 1737 1298 1810 igitur
1323 1738 1624 1808 imperator
1649 1751 1774 1790 eum
1806 1751 1942 1806 puer
1978 1744 2124 1791 esset

2234 539 2398 592 αὑτοῦ
2425 539 2832 609 εὐνουχίσαντες
2870 540 2927 592 ὲν
2983 537 3336 610 Παφλαγονίᾳ
3377 536 3570 600 αὐτοὺς
3597 537 3676 601 εἰς
3714 539 3809 591 τὸν

2233 624 2378 683 οἷκον
2408 631 2588 685 αὐτῶν
2628 631 2978 685 ἀπέστειλαν.

2303 719 2364 774 ε’.
2393 720 2484 791 Τῷ
2527 719 2581 774 δὲ
2639 721 2938 790 Αὐγούστῳ
2998 720 3130 789 μηνὶ
3185 718 3409 789 Συμεὼν
3439 722 3467 773 ὁ
3500 719 3814 790 Βούλγαρος

2235 813 2330 866 σὺν
2369 813 2510 882 ὄχλῳ
2547 812 2704 882 βαρεῖ
2759 812 3027 867 κατέλαϐε
3069 811 3168 883 τὴν
3211 811 3811 878 Κωνσταντινούπολιν,

2234 906 2328 958 καὶ
2351 905 2572 976 χάρακα
2588 905 2914 976 περιέλαϐεν
2944 905 3054 958 ἀπὸ
3077 904 3354 973 Θαλάσσης
3389 904 3468 966 είς
3508 904 3813 970 θάλασσαν,

2232 995 2415 1051 ἐλπίσι
2461 997 2734 1066 μετέωρος
2760 995 2835 1048 ὧν
2860 1012 2872 1026 ’
2901 996 3224 1064 ἀπειρότητι
3269 993 3325 1046 δὲ
3357 997 3423 1064 τῇ
3457 996 3521 1047 ἐκ
3551 993 3645 1046 τοῦ
3675 995 3824 1066 πλὴ-’

2233 1088 2357 1152 θους
2399 1089 2492 1142 καὶ
2540 1089 2649 1142 τῶν
2689 1087 2870 1142 ὅπλων
2925 1086 3160 1140 καὶτῶν
3202 1086 3507 1152 περιϐόλων
3535 1088 3812 1164 ἀσφαλείᾳ

2231 1180 2338 1232 τῶν
2392 1180 2624 1233 ἐλπίδων
2677 1179 3015 1246 ἀποσφαλεὶς
3039 1180 3097 1232 ὲν
3130 1178 3208 1250 τῷ
3257 1177 3506 1252 Ἑϐδόμῳ
3536 1183 3807 1256 ὑπέστρε-

2230 1273 2351 1340 ψεν.
2413 1273 2696 1344 εἰρηνικὰς
2754 1273 2988 1336 σπονδάς
3036 1274 3425 1343 αἰτησάμενος.
3458 1275 3580 1328 Τῶν
3609 1277 3664 1329 δὲ
3687 1279 3806 1331 επις

2232 1364 2449 1434 τρόπων
2501 1364 2598 1435 τὴν
2647 1367 2874 1436 εἰρήνην
2931 1366 3313 1434 ἀσμενέστατα
3364 1368 3810 1438 ἀποδεξαμένων,

2230 1455 2421 1526 δώροις
2449 1475 2505 1510 τε
2545 1459 2807 1528 ἀμέτροις
2839 1459 2930 1512 καὶ
2981 1459 3259 1528 μεγίστοις
3321 1461 3814 1534 φιλοφρονηθέντες

2231 1547 2454 1619 Συμεὼν
2483 1551 2573 1604 καὶ
2598 1551 2644 1603 oi
2675 1552 2861 1605 τούτου
2911 1552 3016 1604 υἱοὶ
3075 1554 3152 1616 είς
3176 1553 3272 1625 τὴν
3305 1555 3441 1607 ίδῖαν
3479 1554 3660 1626 χώραν
3703 1556 3815 1608 ὑπ-

2233 1639 2526 1710 ἐστρέψαν.

2301 1730 2390 1803 [Ρ.
2437 1730 2564 1805 475]
2611 1739 2686 1796 ς’.
2743 1730 2848 1786 Τοῦ
2899 1730 2992 1786 οὖν
3059 1733 3330 1804 βασιλέως
3393 1737 3810 1792 Κωνσταντίνου

541 1843 886 1904 matremque
937 1833 1249 1903 requireret
1279 1833 1417 1902 (iam
1461 1831 1608 1886 enim
1651 1829 1958 1884 Alexander
2004 1846 2124 1884 eam

2231 1820 2418 1884 παιδὸς
2473 1821 2626 1885 δντος
2676 1821 2770 1876 καὶ
2810 1820 2908 1893 τὴν
2975 1823 3114 1878 ἰδίαν
3164 1825 3381 1895 μητέρα.
3422 1826 3814 1898 ἐπιζητοῦντος

538 1927 663 1980 aula
718 1923 1147 1990 submoverat),
1182 1921 1252 1976 ad
1293 1936 1413 1975 eam
1469 1935 1664 1974 rursus
1721 1928 1973 1974 revocata
2025 1926 2127 1973 est.

540 2017 786 2088 Ejusque
836 2015 929 2069 illa
963 2030 1028 2069 ac
1071 2013 1288 2083 imperii
1331 2026 1557 2081 compos
1602 2011 1818 2073 eliecta,
1860 2009 2131 2064 Constan-

541 2110 720 2164 tinum
758 2107 1138 2162 accubitorem
1179 2113 1233 2160 et
1279 2102 1704 2158 Constantinum
1751 2101 2131 2155 Anastasium-

537 2216 647 2270 que
683 2197 984 2269 Gongulios
1014 2196 1070 2250 in
1103 2197 1282 2250 aulam
1331 2193 1596 2259 assumit;
1629 2192 1964 2261 Joannisque
2006 2190 2130 2245 Hel-

519 2293 678 2348 -ladaa
711 2291 947 2346 consilio
990 2286 1288 2344 Alexandri
1336 2284 1691 2357 imperatoris
1734 2283 1987 2336 homines
2038 2283 2132 2336 illa

536 2385 708 2458 ejicit,
745 2384 908 2455 722
952 2396 1149 2450 nempe
1187 2379 1456 2435 Joannem
1503 2385 1776 2432 rectorem
1822 2384 1877 2429 et
1905 2374 2133 2430 Gabrie-

538 2477 787 2546 lopulum
829 2492 894 2530 ac
955 2473 1221 2542 reliquos.
1273 2469 1513 2526 Praeﬁcit
1565 2484 1696 2522 vero
1747 2467 1856 2521 Ζοε
1887 2465 2132 2536 Augusta

537 2564 1012 2635 Theophylactum
1076 2559 1359 2616 Domenici
1421 2558 1596 2612 [ilium
1669 2556 2129 2626 hetaariarcham:

524 2659 801 2730 magister
829 2668 1013 2712 autem
1060 2655 1302 2728 Joannes
1331 2652 1588 2707 Helladas
1616 2650 1809 2705 morbo
1830 2659 2132 2718 correptus

538 2751 686 2806 diem
716 2749 852 2803 obit.
876 2747 1292 2818 TheOphylacto
1316 2760 1486 2815 porro
1509 2743 1873 2798 hetaeriarcha
1900 2750 2130 2795 auctore

443 2874 446 2875 ν
538 2839 650 2895 Zoe
711 2838 998 2894 Nicolaum
1052 2835 1427 2907 patriarcham
1476 2849 1602 2888 cum
1661 2831 1948 2888 stomacho
2008 2830 2129 2884 aula

537 2933 746 3005 dejicit,
779 2931 970 2986 dicens
1015 2928 1262 2985 ecclesiae
1314 2943 1428 2982 sua;
1477 2941 1672 2981 curam
1718 2933 1924 2994 ageret.
1968 2923 2129 2977 Brevi

479 3017 483 3024 ’
535 3033 722 3080 autem
775 3029 899 3094 post
941 3020 1339 3076 Constantinus
1380 3018 1670 3073 accubitor
1711 3015 2126 3071 betmriarcham

536 3114 837 3187 maiestatis
871 3112 1050 3168 defert
1074 3112 1218 3183 apud
1245 3109 1435 3175 Zocm,
1468 3110 1625 3180 quasi
1649 3125 1834 3163 rerum
1856 3123 2124 3162 summam

2233 1913 2354 1984 (ἥδη
2389 1913 2494 1985 γὰρ
2552 1913 2759 1985 ταύτην
2815 1916 3098 1986 κατήγαγε
3127 1916 3220 1970 τοῦ
3255 1917 3518 1973 παλατίου
3561 1920 3816 1986 Ἀλέξαν-

2229 2003 2374 2077 δρος)
2419 2005 2806 2072 ἀναϐιϐάζουσι
2866 2007 3029 2060 πάλιν
3061 2009 3256 2080 αὐτήν.
3309 2011 3420 2064 Καὶ
3465 2013 3816 2082 περικρατὴς

2231 2097 2498 2168 γενομένη
2547 2100 2646 2169 τῆς
2697 2098 2977 2169 βασιλείας
3029 2100 3354 2165 ἀναϐιϐάζει
3411 2104 3490 2166 εξς
3551 2103 3816 2159 παλάτιον

2233 2187 2644 2241 Κωνσταντῖνον
2679 2188 2770 2242 τὸν
2819 2192 3324 2262 παρακοιμώμενον
3367 2194 3461 2247 καὶ
3514 2195 3815 2248 Κωνστανι

2231 2281 2372 2340 τῖνον
2429 2281 2523 2333 καὶ
2584 2281 2937 2337 Ἀναστὰσιον
2997 2284 3124 2348 τοὺς
3189 2281 3558 2354 Γογγυλίους·
3606 2288 3696 2340 καὶ
3744 2289 3812 2357 τῇ

2233 2370 2394 2442 βουλῇ
2438 2372 2684 2426 Ἰωάννου
2734 2375 2830 2427 τοῦ
2869 2375 3095 2430 Ἑλλαδᾶ
3153 2379 3507 2443 καταϐιϐάζει
3559 2381 3687 2445 τοὺς
3731 2383 3815 2435 οἱ·

2233 2463 2413 2525 κείους
2461 2463 2816 2536 Ἀλεξάνδρου
2876 2468 2971 2521 τοῦ
3035 2468 3326 2540 βασιλέως,
3364 2473 3530 2542 ἡγουν
3559 2473 3816 2545 Ἰωάννην

2232 2559 2322 2612 τὸν
2384 2561 2648 2634 ῥαίκτορα
2699 2565 2795 2619 καὶ
2851 2566 2942 2618 τὸν
3015 2567 3488 2638 Γαϐριηλόπουλον
3545 2575 3640 2626 καὶ
3687 2575 3816 2638 τοὺς

2231 2652 2471 2716 λοιπούς.
2528 2656 2940 2727 Προχειρίζεται
2963 2659 3018 2712 δὲ
3059 2662 3242 2732 Ζωὴή
3285 2663 3570 2732 Αὐγούστα
3605 2667 3814 2734 Θεοφύ-

2230 2743 2425 2800 λακτον
2486 2747 2578 2800 τὸν
2634 2750 2940 2820 Δομηνίκου
2985 2755 3393 2825 ἐταιρειάρχην.
3475 2759 3813 2830 Ἰωάννηςδὲ

2234 2835 2528 2907 μάγιστρος
2564 2841 2592 2892 6
2638 2841 2896 2906 Ἐλλαδᾶς
2942 2846 3179 2916 νοσήσας
3224 2849 3472 2919 τελευτᾷ.
3523 2851 3811 2922 Συμϐουλῇ

2228 2927 2284 2981 δὲ
2354 2927 2736 2996 Θεοφυλάκτου
2809 2934 3192 3006 έταιρειάρχου
3263 2939 3384 3009 Ζωὴ
3454 2942 3815 3007 καταϐιϐάζει

2233 3020 2351 3090 μετ’
2385 3019 2553 3090 ὀργῆς
2584 3023 2692 3077 ἀπὸ
2726 3024 2823 3078 τοῦ
2854 3026 3119 3080 παλατίου
3149 3029 3415 3083 Νικόλαον
3441 3034 3814 3107 πατριάρχην,

2230 3112 2327 3181 τῆς
2389 3114 2524 3177 ἰδίας
2597 3117 2896 3186 ἐκκλησίας
2944 3121 3350 3188 περιποιεῖσθαι
3376 3124 3467 3178 καὶ
3507 3127 3816 3194 φροντίζειν

537 3209 594 3262 in
653 3205 879 3262 fratrem
926 3219 1088 3259 suum
1150 3201 1450 3258 transferre
1512 3201 1796 3256 moliatur.
1858 3199 2124 3254 Simulatc

2229 3203 2481 3258 είποῦσα.
2539 3207 2676 3260 Μετ’
2705 3210 2767 3262 οὐ
2804 3209 2940 3264 πολὺ
2972 3211 3027 3264 δὲ
3080 3214 3492 3282 Κωνσταντῖνος
3535 3235 3815 3289 παρακοι-

533 3299 705 3370 igitur
739 3296 1035 3370 patricium
1077 3304 1347 3359 creatum,
1389 3309 1514 3348 cum
1565 3294 1621 3347 in
1666 3292 1957 3347 ecclesiam
1998 3307 2125 3363 pre-

532 3392 694 3447 cibus
727 3389 1190 3446 eommuniendus
1244 3404 1311 3442 ex
1355 3402 1506 3440 more
1533 3387 1934 3450 descendisset,
1971 3384 2121 3439 domi

533 3498 662 3538 eum
697 3497 917 3548 manere
937 3478 1131 3552 'jussit.
1163 3477 1521 3548 Przel'ecitque
1557 3477 1667 3532 Zoe
1701 3477 2117 3532 betaariarcham

534 3575 800 3630 Joannem
853 3569 1138 3634 Garidam,
1187 3569 1545 3627 excubiarum
1599 3584 1730 3624 vero
1766 3569 2120 3639 drungarium

535 3666 862 3722 Damianum
895 3665 1235 3720 eunuchum.

2230 3294 2480 3366 μώμενος
2535 3298 2810 3354 διαϐάλλει
2861 3303 2998 3373 πρὸς
3053 3305 3207 3373 Ζωὴν
3255 3309 3346 3361 τὸν
3407 3312 3794 3385 έταιρειάρχην

2225 3386 2300 3450 ὡς
2323 3389 2419 3458 τὴν
2469 3390 2750 3460 βασιλείαν
2795 3395 3252 3467 σφετεριζόμενον
3307 3401 3386 3464 είς
3435 3403 3526 3456 τὸν
3578 3405 3814 3474 ἀδελφὺν

2227 3479 2416 3534 αὑτοῦ.
2465 3483 2922 3552 Προφασιστικῶς
2979 3485 3074 3541 οὖν
3135 3489 3424 3560 πατρίκιον
3458 3494 3622 3547 αὐτὸν
3654 3498 3815 3568 ποιή-

2227 3587 2440 3636 σαντες,
2501 3576 2624 3627 ὲπεὶ
2677 3577 2948 3647 κατῆλθεν
2996 3581 3054 3632 ὲν
3108 3584 3174 3652 τῇ
3236 3583 3502 3655 ἐκκλησίᾳ
3559 3587 3634 3645 ὠς
3689 3589 3812 3653 ἔθος

2230 3665 2349 3716 ἐστὶ
2388 3665 2577 3720 λαϐεῖν
2629 3668 2816 3740 εὐχὴν,
2867 3673 3008 3726 οἴκοι
3037 3672 3226 3726 τοῦτον
3255 3673 3440 3743 μένειν
3470 3680 3806 3746 παρεκελεύ-

537 3777 688 3816 σατο.
743 3757 1082 3830 Προεϐάλετο
1137 3756 1192 3809 δὲ
1242 3756 1370 3822 Ζωὴ
1423 3755 1807 3827 ἐταιρειάρχην
1853 3754 2108 3828 Ἰωάννην
2160 3754 2250 3807 τὸν
2289 3756 2546 3828 Γαριδᾶν,
2607 3761 2701 3814 καὶ
2748 3762 3113 3838 δρουγγάριον
3147 3767 3242 3836 τῆς
3289 3766 3482 3839 βίγλης
3535 3772 3808 3841 Δαμιανὺν

532 3851 811 3922 εὐνοῦχον.

601 3948 656 4003 7.
694 3946 966 4020 Symcone
995 3956 1178 4003 autem
1213 3947 1450 4018 Bulgaro
1485 3945 1776 4002 'l‘hraCiam
1808 3947 2126 4018 populante,

532 4041 743 4113 rogavit
774 4037 1014 4096 Joannes
1042 4038 1222 4112 Bogas
1253 4051 1313 4095 ut
1370 4041 1586 4110 patricii
1629 4050 1826 4097 auctus
1864 4041 2130 4111 dignitate

530 4134 849 4189 Patzinacas
893 4133 948 4187 in
990 4133 1144 4188 illum
1184 4132 1392 4187 auxilio
1438 4141 1678 4204 cogeret.
1715 4133 1796 4187 Ad
1831 4149 1969 4203 quos
2001 4150 2126 4187 cum

529 4224 860 4280 muneribus
910 4225 1195 4294 profectus
1265 4224 1424 4279 duxit
1495 4225 1548 4280 in
1615 4226 1810 4280 urbem
1877 4226 2117 4289 obsides,

529 4317 792 4388 pollicitis
823 4315 1084 4372 nimirum
1143 4317 1531 4372 Patzinacibus
1571 4333 1630 4372 se
1667 4319 1997 4388 trajecturos
2037 4318 2119 4373 fa-

530 4416 730 4481 ctaque
758 4409 1124 4478 impressione
1153 4405 1484 4480 Symeonem
1527 4408 1930 4466 debellaturos.

600 4501 654 4556 8.
689 4501 853 4556 Venit
887 4515 1054 4571 porro
1086 4500 1140 4555 in
1197 4501 1393 4556 urbem
1421 4509 1478 4556 et
1519 4501 1764 4563 Asotius,
1794 4503 1881 4557 vir
1919 4503 2116 4558 robore

2297 3943 2361 4010 ζ’.
2420 3944 2526 4000 Τοῦ
2555 3947 2610 4001 δὲ
2642 3949 2955 4022 Βουλγάρου
3013 3953 3241 4024 Συμεὼν
3291 3956 3392 4026 τὴν
3434 3955 3659 4028 Θρᾴκην
3687 3956 3811 4032 ληξ-

2229 4036 2498 4107 ζομένου,
2563 4041 2808 4112 ᾐτήσατο
2873 4041 3126 4113 Ἰωάννης
3192 4047 3220 4098 6
3290 4047 3468 4115 Βογᾶς
3523 4049 3815 4118 πατρίκιος

2226 4130 2479 4197 γενέσθαι
2503 4132 2596 4185 καὶ
2623 4135 2744 4186 κατ’
2779 4135 2944 4188 αὐτοῦ
2999 4137 3127 4198 τοὺς
3157 4137 3537 4202 Ιιατξινάκους
3558 4141 3814 4208 ἀγαγεῖν·

2227 4219 2377 4291 δῶρά
2399 4239 2456 4274 τε
2496 4222 2676 4275 λαϐὼν
2729 4223 2968 4292 ἀπῆλθε,
3019 4223 3114 4277 καὶ
3139 4225 3383 4293 ὁμήρους
3421 4226 3630 4296 ἤγαγεν
3655 4230 3715 4282 ὲν
3743 4235 3810 4300 τῇ

2226 4313 2401 4376 πόλει,
2463 4313 2810 4380 συνθεμένων
2859 4315 2968 4366 τῶν
3017 4313 3376 4378 Πατζινάκων
3433 4319 3675 4390 περᾶσαι
3716 4323 3814 4376 καὶ

2225 4404 2316 4457 τὸν
2340 4403 2567 4473 Συμεὼν
2599 4405 3076 4475 καταπολεμῆσαι.

2291 4504 2362 4566 η’.
2398 4497 2739 4566 Παρεγένετο
2768 4496 2824 4549 δὲ
2861 4499 2919 4550 ὲν
2949 4501 3014 4571 τῇ
3049 4499 3203 4553 πόλει
3229 4500 3323 4554 καὶ
3353 4501 3634 4569 Ἀσώτιος,
3669 4507 3810 4578 ἀνὴρ

530 4590 992 4661 spectatissimus,
1036 4590 1300 4660 principis
1353 4591 1664 4662 principum
1708 4601 1904 4647 natus:
1955 4609 2119 4664 quem

2229 4592 2312 4644 int
2367 4588 2528 4662 ῥώμῃ
2581 4588 3038 4661 ὀνομαστότατος,
3107 4594 3223 4658 υἱὺς
3267 4594 3343 4649 ὢν
3403 4597 3496 4649 τοῦ
3547 4597 3809 4670 ἄρχοντος

531 4679 740 4750 virgam
783 4677 1018 4733 ferream
1075 4679 1204 4734 hinc
1249 4680 1376 4736 inde
1419 4682 1682 4738 extremis
1712 4683 1982 4754 partibus,
2011 4702 2122 4741 ma-

529 4770 694 4825 nibus
734 4769 1088 4840 prehensam,
1131 4772 1203 4826 ob
1233 4787 1427 4827 earum
1460 4773 1728 4828 invictum
1761 4775 1932 4830 robur
1965 4777 2123 4832 inﬂe-

530 4871 681 4919 ctere
720 4872 886 4934 atque
937 4863 990 4918 in
1031 4865 1358 4919 circularem
1410 4865 1638 4936 figuram
1697 4867 1962 4923 reducere
2008 4868 2125 4924 aie-

531 4957 684 5020 bant,
738 4957 1077 5026 obsequente
1128 4973 1388 5012 manuum
1433 4958 1484 5012 vi
1533 4958 1662 5014 ferri
1705 4960 1864 5031 723
1915 4960 2119 5016 duritie

529 5063 596 5104 ac
635 5048 952 5103 renitentia.
1004 5049 1184 5111 Hunc,
1239 5065 1364 5104 cum
1407 5051 1670 5116 venisset,
1721 5068 1920 5123 magno
1967 5054 2118 5107 cultu

531 5141 852 5214 honoreque
891 5150 1204 5211 susceptum
1231 5141 1286 5196 in
1318 5142 1550 5212 patriam
1579 5160 1772 5200 rursus
1795 5145 2078 5201 remisere.

601 5315 654 5370 9.
683 5313 869 5368 Mense
905 5328 1038 5368 vero
1065 5313 1399 5384 Septembri,
1426 5315 1728 5376 indictione
1761 5321 1943 5386 tertia,
1970 5323 2116 5378 Pan-

533 5414 784 5460 cratuces
804 5405 1100 5460 Armenius
1128 5407 1543 5480 Adrianopolim
1572 5411 1828 5484 Symconi
1850 5416 2116 5484 prodidit.

533 5495 686 5550 Haud
711 5495 807 5548 diu
837 5503 966 5566 post
995 5497 1196 5552 missus
1220 5498 1453 5555 Basilius
1478 5502 1746 5571 patricius
1777 5520 1903 5557 cum
1935 5506 2123 5561 multis

532 5587 858 5641 muneribus
880 5603 1002 5643 eam
1041 5589 1211 5660 ipsam
1266 5594 1495 5666 recepit.
1531 5595 1694 5652 Venit
1736 5611 1958 5666 quoque
2013 5599 2118 5654 Da-

2219 4683 2327 4735 τῶν
2381 4684 2696 4754 ἀρχόντων’
2755 4685 2814 4738 ὃν
2873 4702 3008 4753 φασι
3059 4686 3286 4757 σιδηρᾶν
3339 4689 3537 4759 ῥάϐδον
3581 4691 3646 4744 ἐκ
3701 4691 3811 4743 τῶν

2221 4772 2408 4844 ἄκρων
2473 4775 2756 4844 ἑκατέροιν
2821 4779 3133 4847 κρατοῦντα
3177 4783 3300 4842 ταῖς
3349 4783 3509 4851 χερσὶ
3539 4785 3603 4851 τῇ
3635 4784 3806 4851 ὕπερ-

2225 4863 2496 4936 ϐαλλούσῃ
2550 4865 2689 4936 ἀλκῇ
2744 4866 3110 4937 διακάμπτειν
3156 4871 3251 4921 καὶ
3301 4871 3438 4941 πρὸς
3463 4874 3525 4923 τὸ
3549 4871 3808 4924 κυκλικὸν

2229 4958 2416 5029 σχῆμα
2466 4961 2836 5028 μεταγαγεῖν,
2885 4960 2986 5028 τῆς
3035 4960 3330 5014 ἀντιτύπου
3388 4962 3540 5016 τοῦ⁹⁶
3589 4964 3809 5036 σιδήρου

2228 5050 2444 5119 φύσεως
2489 5054 2555 5120 τῇ
2586 5050 2676 5120 βίᾳ
2730 5050 2839 5104 τῶν
2874 5051 3074 5122 χειρῶν
3104 5052 3461 5123 ὑπεικούσης.
3497 5056 3592 5108 Ὃν
3627 5073 3812 5126 παρα-

2227 5141 2520 5210 γενόμενον
2546 5143 2685 5210 μετὰ
2725 5141 2927 5209 πολλῆς
2953 5143 3120 5211 τιμῆς
3153 5143 3486 5210 ὑπεδέξαντο
3513 5147 3610 5198 καὶ
3642 5147 3810 5202 πάλιν

2225 5231 2306 5294 εἰς
2329 5233 2426 5302 τὴν
2456 5233 2590 5284 ἰδίαν
2620 5232 2806 5303 χώραν
2833 5232 3167 5304 ἐξέπεμψαν.

2298 5319 2363 5375 θ’.
2423 5323 2513 5391 Τῷ
2566 5324 2623 5376 δὲ
2680 5323 3041 5394 Σεπτεμϐρίῳ
3091 5325 3271 5396 μηνὶ,
3336 5326 3668 5394 ίνδικτιῶνος
3713 5338 3762 5400 γ’
3792 5375 3810 5399 ,

2228 5414 2666 5484 Παγκρατούκας
2728 5417 2756 5468 ὁ
2831 5415 3123 5486 Ἀρμένιος
3183 5417 3282 5489 τὴν
3367 5419 3811 5492 Ἀδριανούπολιν

2229 5507 2306 5578 τῷ
2340 5506 2570 5576 Συμεὼν
2620 5509 2981 5579 προδέδωκεν.
3017 5509 3151 5564 Μετ’
3182 5511 3243 5565 οὐ
3274 5513 3409 5566 πολὺ
3437 5514 3494 5566 δὲ
3523 5516 3806 5585 ἀπεστάλη

2229 5600 2513 5664 Βασίλειος
2561 5603 2587 5654 6
2637 5601 2926 5672 πατρίκιος
2985 5603 3121 5672 μετὰ
3172 5602 3363 5676 δώρων
3422 5604 3656 5672 πολλῶν,
3711 5610 3810 5663 καὶ

1817 5689 2048 5743 νΛΙΗΛῖ
2094 5691 2502 5749 [.l'ICTIONES.

599 5778 646 5814 "
686 5777 779 5830 τοῦ
815 5793 922 5834 om.
962 5779 1018 5835 P.
