  <div class='ocr_page' id='page_1' title='image "/cluster/home/n/w/nwhite01/storage/ocr_20150623/109/coo.31924054870138/400.png"; bbox 0 0 4124 6408; ppageno 0'>
   <div class='ocr_carea' id='block_1_1' title="bbox 254 369 3538 437">
    <p class='ocr_par' dir='ltr' id='par_1_1' title="bbox 254 369 3538 437">
     <span class='ocr_line' id='line_1_1' title="bbox 254 369 3538 437; baseline -0.001 0"><span class='ocrx_word' id='word_1_1' title='bbox 254 374 371 437; x_wconf 87' lang='lat'><strong>785</strong></span> <span class='ocrx_word' id='word_1_2' title='bbox 1079 373 1444 432; x_wconf 68' lang='lat' dir='ltr'><strong>ANNALES.</strong></span> <span class='ocrx_word' id='word_1_3' title='bbox 1491 398 1555 408; x_wconf 65' lang='grc'><strong>’-</strong></span> <span class='ocrx_word' id='word_1_4' title='bbox 1591 369 2174 431; x_wconf 68' lang='lat' dir='ltr'><strong>CONS&#39;I‘ANTINUS</strong></span> <span class='ocrx_word' id='word_1_5' title='bbox 2203 373 2786 433; x_wconf 72' lang='lat' dir='ltr'><strong>PORl’llYROGEN.</strong></span> <span class='ocrx_word' id='word_1_6' title='bbox 3432 374 3538 435; x_wconf 85' lang='lat'><strong>786</strong></span> 
     </span>
    </p>
   </div>
   <div class='ocr_carea' id='block_1_2' title="bbox 258 476 1861 553">
    <p class='ocr_par' dir='ltr' id='par_1_2' title="bbox 258 476 1846 553">
     <span class='ocr_line' id='line_1_2' title="bbox 258 476 1846 553; baseline -0.007 -14"><span class='ocrx_word' id='word_1_7' title='bbox 258 483 454 539; x_wconf 74' lang='grc' dir='ltr'>ἔλαϐεν</span> <span class='ocrx_word' id='word_1_8' title='bbox 504 480 700 553; x_wconf 82' lang='grc' dir='ltr'>αὑτήν,</span> <span class='ocrx_word' id='word_1_9' title='bbox 750 476 920 534; x_wconf 83' lang='grc' dir='ltr'>Ἦλθε</span> <span class='ocrx_word' id='word_1_10' title='bbox 982 482 1039 535; x_wconf 81' lang='grc' dir='ltr'>δὲ</span> <span class='ocrx_word' id='word_1_11' title='bbox 1093 486 1187 536; x_wconf 75' lang='grc' dir='ltr'>καὶ</span> <span class='ocrx_word' id='word_1_12' title='bbox 1249 480 1574 551; x_wconf 71' lang='grc' dir='ltr'>Δαμιανὸςὸ</span> <span class='ocrx_word' id='word_1_13' title='bbox 1625 478 1846 548; x_wconf 80' lang='grc' dir='ltr'>ἀμηρᾶς</span> 
     </span>
    </p>
   </div>
   <div class='ocr_carea' id='block_1_3' title="bbox 1964 476 3548 553">
    <p class='ocr_par' dir='ltr' id='par_1_3' title="bbox 1964 481 3548 551">
     <span class='ocr_line' id='line_1_3' title="bbox 1964 481 3548 551; baseline 0.005 -19"><span class='ocrx_word' id='word_1_14' title='bbox 1964 481 2170 534; x_wconf 87' lang='lat' dir='ltr'><strong>mianus</strong></span> <span class='ocrx_word' id='word_1_15' title='bbox 2219 482 2448 538; x_wconf 83' lang='lat' dir='ltr'><strong>Ameras</strong></span> <span class='ocrx_word' id='word_1_16' title='bbox 2493 497 2617 537; x_wconf 92' lang='lat' dir='ltr'><strong>cum</strong></span> <span class='ocrx_word' id='word_1_17' title='bbox 2665 483 2840 537; x_wconf 81' lang='lat' dir='ltr'><strong>classe</strong></span> <span class='ocrx_word' id='word_1_18' title='bbox 2877 482 2928 536; x_wconf 92' lang='lat' dir='ltr'><strong>in</strong></span> <span class='ocrx_word' id='word_1_19' title='bbox 2957 483 3270 539; x_wconf 84' lang='lat' dir='ltr'><strong>Strobelum</strong></span> <span class='ocrx_word' id='word_1_20' title='bbox 3297 503 3312 551; x_wconf 85' lang='lat'><strong>;</strong></span> <span class='ocrx_word' id='word_1_21' title='bbox 3344 499 3408 539; x_wconf 90' lang='lat' dir='ltr'><strong>ac</strong></span> <span class='ocrx_word' id='word_1_22' title='bbox 3442 487 3548 541; x_wconf 86' lang='lat' dir='ltr'><strong>nisi</strong></span> 
     </span>
    </p>
   </div>
   <div class='ocr_carea' id='block_1_4' title="bbox 263 570 1861 647">
    <p class='ocr_par' dir='ltr' id='par_1_4' title="bbox 263 570 1855 647">
     <span class='ocr_line' id='line_1_4' title="bbox 263 570 1855 647; baseline -0.005 -18"><span class='ocrx_word' id='word_1_23' title='bbox 263 575 407 647; x_wconf 83' lang='grc' dir='ltr'><strong>μετὰ</strong></span> <span class='ocrx_word' id='word_1_24' title='bbox 467 572 655 626; x_wconf 81' lang='grc' dir='ltr'>στόλου</span> <span class='ocrx_word' id='word_1_25' title='bbox 699 574 777 636; x_wconf 76' lang='lat' dir='ltr'><strong>ei;</strong></span> <span class='ocrx_word' id='word_1_26' title='bbox 832 572 1154 643; x_wconf 68' lang='grc' dir='ltr'>Στρὸϐηλον,</span> <span class='ocrx_word' id='word_1_27' title='bbox 1190 574 1282 626; x_wconf 78' lang='grc' dir='ltr'><strong>καὶ</strong></span> <span class='ocrx_word' id='word_1_28' title='bbox 1311 572 1514 642; x_wconf 85' lang='grc' dir='ltr'>ταύτην</span> <span class='ocrx_word' id='word_1_29' title='bbox 1546 570 1855 640; x_wconf 74' lang='grc' dir='ltr'>παρέλαϐεν</span> 
     </span>
    </p>
   </div>
   <div class='ocr_carea' id='block_1_5' title="bbox 1964 570 3551 647">
    <p class='ocr_par' dir='ltr' id='par_1_5' title="bbox 1964 573 3551 647">
     <span class='ocr_line' id='line_1_5' title="bbox 1964 573 3551 647; baseline 0.003 -23"><span class='ocrx_word' id='word_1_30' title='bbox 1964 573 2157 625; x_wconf 81' lang='lat' dir='ltr'><strong>morbo</strong></span> <span class='ocrx_word' id='word_1_31' title='bbox 2191 577 2506 643; x_wconf 79' lang='lat' dir='ltr'><strong>correptum</strong></span> <span class='ocrx_word' id='word_1_32' title='bbox 2539 590 2688 628; x_wconf 83' lang='lat' dir='ltr'><strong>mors</strong></span> <span class='ocrx_word' id='word_1_33' title='bbox 2719 574 3055 640; x_wconf 86' lang='lat' dir='ltr'><strong>sustulisset,</strong></span> <span class='ocrx_word' id='word_1_34' title='bbox 3104 577 3265 644; x_wconf 84' lang='lat' dir='ltr'><strong>plane</strong></span> <span class='ocrx_word' id='word_1_35' title='bbox 3294 578 3415 647; x_wconf 84' lang='lat' dir='ltr'><strong>ejus</strong></span> <span class='ocrx_word' id='word_1_36' title='bbox 3455 593 3551 647; x_wconf 79' lang='lat' dir='ltr'><strong>po-</strong></span> 
     </span>
    </p>
   </div>
   <div class='ocr_carea' id='block_1_6' title="bbox 260 664 1861 738">
    <p class='ocr_par' dir='ltr' id='par_1_6' title="bbox 260 664 1855 738">
     <span class='ocr_line' id='line_1_6' title="bbox 260 664 1855 738; baseline -0.005 -15"><span class='ocrx_word' id='word_1_37' title='bbox 260 671 353 736; x_wconf 80' lang='grc' dir='ltr'>ᾶν,</span> <span class='ocrx_word' id='word_1_38' title='bbox 381 670 430 722; x_wconf 83' lang='grc' dir='ltr'><strong>εί</strong></span> <span class='ocrx_word' id='word_1_39' title='bbox 463 669 538 738; x_wconf 78' lang='grc' dir='ltr'>μὴ</span> <span class='ocrx_word' id='word_1_40' title='bbox 568 668 804 738; x_wconf 75' lang='grc' dir='ltr'><strong>νοσήσας</strong></span> <span class='ocrx_word' id='word_1_41' title='bbox 867 665 1239 737; x_wconf 78' lang='grc' dir='ltr'><strong>ἐτελεύτησεν,</strong></span> <span class='ocrx_word' id='word_1_42' title='bbox 1284 667 1381 722; x_wconf 76' lang='grc' dir='ltr'>καὶ</span> <span class='ocrx_word' id='word_1_43' title='bbox 1419 664 1855 734; x_wconf 76' lang='grc' dir='ltr'>ἀπεστράφησαν</span> 
     </span>
    </p>
   </div>
   <div class='ocr_carea' id='block_1_7' title="bbox 1964 664 3547 738">
    <p class='ocr_par' dir='ltr' id='par_1_7' title="bbox 1964 665 3547 736">
     <span class='ocr_line' id='line_1_7' title="bbox 1964 665 3547 736; baseline 0.003 -18"><span class='ocrx_word' id='word_1_44' title='bbox 1964 665 2097 720; x_wconf 89' lang='lat' dir='ltr'><strong>titus</strong></span> <span class='ocrx_word' id='word_1_45' title='bbox 2129 675 2296 720; x_wconf 82' lang='lat' dir='ltr'><strong>esset.</strong></span> <span class='ocrx_word' id='word_1_46' title='bbox 2349 667 2687 736; x_wconf 82' lang='lat' dir='ltr'><strong>Reversique</strong></span> <span class='ocrx_word' id='word_1_47' title='bbox 2727 676 2856 720; x_wconf 90' lang='lat' dir='ltr'><strong>sunt</strong></span> <span class='ocrx_word' id='word_1_48' title='bbox 2908 683 2967 722; x_wconf 88' lang='lat' dir='ltr'><strong>re</strong></span> <span class='ocrx_word' id='word_1_49' title='bbox 3016 667 3216 722; x_wconf 77' lang='lat' dir='ltr'><strong>infecta</strong></span> <span class='ocrx_word' id='word_1_50' title='bbox 3267 669 3547 725; x_wconf 84' lang='lat' dir='ltr'><strong>Saraceni.</strong></span> 
     </span>
    </p>
   </div>
   <div class='ocr_carea' id='block_1_8' title="bbox 266 759 1861 835">
    <p class='ocr_par' dir='ltr' id='par_1_8' title="bbox 266 759 1854 835">
     <span class='ocr_line' id='line_1_8' title="bbox 266 759 1854 835; baseline -0.004 -17"><span class='ocrx_word' id='word_1_51' title='bbox 266 769 316 818; x_wconf 74' lang='lat' dir='ltr'><strong>oi</strong></span> <span class='ocrx_word' id='word_1_52' title='bbox 347 764 655 835; x_wconf 76' lang='grc' dir='ltr'>Σαρακηνοὶ</span> <span class='ocrx_word' id='word_1_53' title='bbox 714 762 986 833; x_wconf 64' lang='grc' dir='ltr'>διακενῆς.</span> <span class='ocrx_word' id='word_1_54' title='bbox 1020 765 1080 815; x_wconf 88' lang='grc' dir='ltr'><strong>Οἱ</strong></span> <span class='ocrx_word' id='word_1_55' title='bbox 1107 763 1162 816; x_wconf 73' lang='grc' dir='ltr'><strong>δὲ</strong></span> <span class='ocrx_word' id='word_1_56' title='bbox 1200 765 1298 832; x_wconf 81' lang='grc' dir='ltr'><strong>τῆς</strong></span> <span class='ocrx_word' id='word_1_57' title='bbox 1347 761 1596 824; x_wconf 81' lang='grc' dir='ltr'>Ἑλλάδος</span> <span class='ocrx_word' id='word_1_58' title='bbox 1627 759 1854 813; x_wconf 76' lang='grc' dir='ltr'>καὶτῶν</span> 
     </span>
    </p>
   </div>
   <div class='ocr_carea' id='block_1_9' title="bbox 1964 759 3550 835">
    <p class='ocr_par' dir='ltr' id='par_1_9' title="bbox 1964 761 3550 834">
     <span class='ocr_line' id='line_1_9' title="bbox 1964 761 3550 834; baseline 0.003 -18"><span class='ocrx_word' id='word_1_59' title='bbox 1964 761 2154 816; x_wconf 69' lang='lat' dir='ltr'><strong>Atticas</strong></span> <span class='ocrx_word' id='word_1_60' title='bbox 2184 778 2315 815; x_wconf 83' lang='lat' dir='ltr'><strong>vero</strong></span> <span class='ocrx_word' id='word_1_61' title='bbox 2346 761 2796 831; x_wconf 85' lang='lat' dir='ltr'><strong>Athenarumque</strong></span> <span class='ocrx_word' id='word_1_62' title='bbox 2839 761 3030 815; x_wconf 68' lang='lat' dir='ltr'><strong>incolae</strong></span> <span class='ocrx_word' id='word_1_63' title='bbox 3053 778 3175 815; x_wconf 91' lang='lat' dir='ltr'><strong>cum</strong></span> <span class='ocrx_word' id='word_1_64' title='bbox 3212 763 3370 834; x_wconf 83' lang='lat' dir='ltr'><strong>juges</strong></span> <span class='ocrx_word' id='word_1_65' title='bbox 3409 764 3550 833; x_wconf 86' lang='lat' dir='ltr'><strong>inju-</strong></span> 
     </span>
    </p>
   </div>
   <div class='ocr_carea' id='block_1_10' title="bbox 291 852 1861 926">
    <p class='ocr_par' dir='ltr' id='par_1_10' title="bbox 291 853 1859 926">
     <span class='ocr_line' id='line_1_10' title="bbox 291 853 1859 926; baseline -0.003 -16"><span class='ocrx_word' id='word_1_66' title='bbox 291 858 526 926; x_wconf 76' lang='grc' dir='ltr'>Ἀθηνῶν</span> <span class='ocrx_word' id='word_1_67' title='bbox 579 859 865 925; x_wconf 70' lang='grc' dir='ltr'><strong>οἰκήτορες</strong></span> <span class='ocrx_word' id='word_1_68' title='bbox 931 855 1170 924; x_wconf 80' lang='grc' dir='ltr'>συνεχῶς</span> <span class='ocrx_word' id='word_1_69' title='bbox 1227 853 1656 924; x_wconf 75' lang='grc' dir='ltr'><strong>ἐπηρεαζόμενοι</strong></span> <span class='ocrx_word' id='word_1_70' title='bbox 1705 853 1859 923; x_wconf 78' lang='grc' dir='ltr'>παρὰ</span> 
     </span>
    </p>
   </div>
   <div class='ocr_carea' id='block_1_11' title="bbox 1964 852 3550 926">
    <p class='ocr_par' dir='ltr' id='par_1_11' title="bbox 1964 852 3550 922">
     <span class='ocr_line' id='line_1_11' title="bbox 1964 852 3550 922; baseline 0.004 -17"><span class='ocrx_word' id='word_1_71' title='bbox 1964 852 2072 906; x_wconf 91' lang='lat' dir='ltr'><strong>rias</strong></span> <span class='ocrx_word' id='word_1_72' title='bbox 2103 852 2410 922; x_wconf 90' lang='lat' dir='ltr'><strong>damnaque</strong></span> <span class='ocrx_word' id='word_1_73' title='bbox 2449 869 2488 907; x_wconf 6' lang='lat' dir='ltr'><strong>an</strong></span> <span class='ocrx_word' id='word_1_74' title='bbox 2513 852 2691 908; x_wconf 87' lang='lat' dir='ltr'><strong>Chase</strong></span> <span class='ocrx_word' id='word_1_75' title='bbox 2724 853 2878 909; x_wconf 78' lang='lat' dir='ltr'><strong>Juba:</strong></span> <span class='ocrx_word' id='word_1_76' title='bbox 2924 853 3037 906; x_wconf 82' lang='lat' dir='ltr'><strong>tilio</strong></span> <span class='ocrx_word' id='word_1_77' title='bbox 3063 855 3401 922; x_wconf 86' lang='lat' dir='ltr'><strong>acciperent.</strong></span> <span class='ocrx_word' id='word_1_78' title='bbox 3445 872 3550 911; x_wconf 90' lang='lat' dir='ltr'><strong>nec</strong></span> 
     </span>
    </p>
   </div>
   <div class='ocr_carea' id='block_1_12' title="bbox 279 943 1861 1018">
    <p class='ocr_par' dir='ltr' id='par_1_12' title="bbox 279 944 1858 1018">
     <span class='ocr_line' id='line_1_12' title="bbox 279 944 1858 1018; baseline -0.003 -15"><span class='ocrx_word' id='word_1_79' title='bbox 279 950 418 1003; x_wconf 80' lang='grc' dir='ltr'>Χασὲ</span> <span class='ocrx_word' id='word_1_80' title='bbox 485 947 606 1000; x_wconf 84' lang='grc' dir='ltr'>υἱοῦ</span> <span class='ocrx_word' id='word_1_81' title='bbox 662 946 754 1000; x_wconf 77' lang='grc' dir='ltr'>τοῦ</span> <span class='ocrx_word' id='word_1_82' title='bbox 789 947 992 1016; x_wconf 75' lang='grc' dir='ltr'>Ἰούδη,</span> <span class='ocrx_word' id='word_1_83' title='bbox 1034 945 1115 1018; x_wconf 84' lang='grc' dir='ltr'><strong>[Ρ.</strong></span> <span class='ocrx_word' id='word_1_84' title='bbox 1139 945 1266 1018; x_wconf 69' lang='grc'><strong>476]</strong></span> <span class='ocrx_word' id='word_1_85' title='bbox 1296 946 1395 1016; x_wconf 84' lang='grc' dir='ltr'>τὴν</span> <span class='ocrx_word' id='word_1_86' title='bbox 1428 944 1592 998; x_wconf 80' lang='grc' dir='ltr'>αὐτοῦ</span> <span class='ocrx_word' id='word_1_87' title='bbox 1619 944 1858 999; x_wconf 79' lang='grc' dir='ltr'><strong>ἀσωτίαν</strong></span> 
     </span>
    </p>
   </div>
   <div class='ocr_carea' id='block_1_13' title="bbox 1964 943 3550 1018">
    <p class='ocr_par' dir='ltr' id='par_1_13' title="bbox 1964 943 3550 1013">
     <span class='ocr_line' id='line_1_13' title="bbox 1964 943 3550 1013; baseline 0.003 -19"><span class='ocrx_word' id='word_1_88' title='bbox 1964 943 2063 996; x_wconf 82' lang='lat' dir='ltr'><strong>viri</strong></span> <span class='ocrx_word' id='word_1_89' title='bbox 2124 944 2398 998; x_wconf 80' lang='lat' dir='ltr'><strong>luxuriam</strong></span> <span class='ocrx_word' id='word_1_90' title='bbox 2449 958 2513 998; x_wconf 89' lang='lat' dir='ltr'><strong>ac</strong></span> <span class='ocrx_word' id='word_1_91' title='bbox 2574 943 2942 998; x_wconf 75' lang='lat' dir='ltr'><strong>insatiabilem</strong></span> <span class='ocrx_word' id='word_1_92' title='bbox 2999 943 3358 1013; x_wconf 75' lang='lat' dir='ltr'><strong>cupiditatem</strong></span> <span class='ocrx_word' id='word_1_93' title='bbox 3405 944 3550 1000; x_wconf 82' lang='lat' dir='ltr'><strong>ferre</strong></span> 
     </span>
    </p>
   </div>
   <div class='ocr_carea' id='block_1_14' title="bbox 275 1035 1856 1105">
    <p class='ocr_par' dir='ltr' id='par_1_14' title="bbox 275 1035 1856 1105">
     <span class='ocr_line' id='line_1_14' title="bbox 275 1035 1856 1105; baseline -0.001 -14"><span class='ocrx_word' id='word_1_94' title='bbox 275 1039 366 1091; x_wconf 77' lang='grc' dir='ltr'><strong>καὶ</strong></span> <span class='ocrx_word' id='word_1_95' title='bbox 425 1036 731 1104; x_wconf 50' lang='lat' dir='ltr'><strong>summa»</strong></span> <span class='ocrx_word' id='word_1_96' title='bbox 775 1035 848 1105; x_wconf 80' lang='grc' dir='ltr'>μὴ</span> <span class='ocrx_word' id='word_1_97' title='bbox 903 1036 1244 1103; x_wconf 68' lang='grc' dir='ltr'>ἐνεγκόντες,</span> <span class='ocrx_word' id='word_1_98' title='bbox 1283 1035 1432 1088; x_wconf 75' lang='grc' dir='ltr'>ἔνδον</span> <span class='ocrx_word' id='word_1_99' title='bbox 1464 1035 1557 1088; x_wconf 83' lang='grc' dir='ltr'><strong>τοῦ</strong></span> <span class='ocrx_word' id='word_1_100' title='bbox 1599 1037 1658 1089; x_wconf 84' lang='grc' dir='ltr'>ὲν</span> <span class='ocrx_word' id='word_1_101' title='bbox 1697 1035 1856 1104; x_wconf 74' lang='grc' dir='ltr'>Ἀθή-</span> 
     </span>
    </p>
   </div>
   <div class='ocr_carea' id='block_1_15' title="bbox 269 1128 1284 1196">
    <p class='ocr_par' dir='ltr' id='par_1_15' title="bbox 269 1128 1284 1196">
     <span class='ocr_line' id='line_1_15' title="bbox 269 1128 1284 1196; baseline 0.001 -13"><span class='ocrx_word' id='word_1_102' title='bbox 269 1149 392 1192; x_wconf 65' lang='lat' dir='ltr'><strong>vat;</strong></span> <span class='ocrx_word' id='word_1_103' title='bbox 424 1130 552 1182; x_wconf 83' lang='grc' dir='ltr'>ναοῦ</span> <span class='ocrx_word' id='word_1_104' title='bbox 569 1129 739 1190; x_wconf 82' lang='grc' dir='ltr'>λίθοις</span> <span class='ocrx_word' id='word_1_105' title='bbox 771 1128 1024 1196; x_wconf 73' lang='grc' dir='ltr'>βαλόντες</span> <span class='ocrx_word' id='word_1_106' title='bbox 1049 1130 1284 1184; x_wconf 81' lang='grc' dir='ltr'>ἀνεῖλον.</span> 
     </span>
    </p>
   </div>
   <div class='ocr_carea' id='block_1_16' title="bbox 341 1219 1854 1293">
    <p class='ocr_par' dir='ltr' id='par_1_16' title="bbox 341 1219 1854 1293">
     <span class='ocr_line' id='line_1_16' title="bbox 341 1219 1854 1293; baseline 0 -19"><span class='ocrx_word' id='word_1_107' title='bbox 341 1219 393 1274; x_wconf 84' lang='lat' dir='ltr'><strong>t&#39;.</strong></span> <span class='ocrx_word' id='word_1_108' title='bbox 445 1222 556 1293; x_wconf 82' lang='grc' dir='ltr'><strong>Τὴν</strong></span> <span class='ocrx_word' id='word_1_109' title='bbox 620 1219 756 1273; x_wconf 80' lang='grc' dir='ltr'><strong>κατὰ</strong></span> <span class='ocrx_word' id='word_1_110' title='bbox 810 1219 1150 1285; x_wconf 73' lang='grc' dir='ltr'>Χριστιανῶν</span> <span class='ocrx_word' id='word_1_111' title='bbox 1198 1222 1430 1290; x_wconf 78' lang='grc' dir='ltr'>ἔπαρσιν</span> <span class='ocrx_word' id='word_1_112' title='bbox 1483 1223 1576 1275; x_wconf 76' lang='grc' dir='ltr'><strong>τού⁹</strong></span> <span class='ocrx_word' id='word_1_113' title='bbox 1631 1221 1854 1291; x_wconf 84' lang='grc' dir='ltr'>Συμεὼν</span> 
     </span>
    </p>
   </div>
   <div class='ocr_carea' id='block_1_17' title="bbox 275 1311 1852 1383">
    <p class='ocr_par' dir='ltr' id='par_1_17' title="bbox 275 1311 1852 1383">
     <span class='ocr_line' id='line_1_17' title="bbox 275 1311 1852 1383; baseline 0.001 -16"><span class='ocrx_word' id='word_1_114' title='bbox 275 1314 546 1382; x_wconf 72' lang='grc' dir='ltr'>βλέπουσα</span> <span class='ocrx_word' id='word_1_115' title='bbox 600 1314 719 1380; x_wconf 77' lang='grc' dir='ltr'>Ζωη</span> <span class='ocrx_word' id='word_1_116' title='bbox 773 1311 1087 1382; x_wconf 79' lang='grc' dir='ltr'>βουλεύεται</span> <span class='ocrx_word' id='word_1_117' title='bbox 1135 1312 1275 1383; x_wconf 85' lang='grc' dir='ltr'><strong>μετὰ</strong></span> <span class='ocrx_word' id='word_1_118' title='bbox 1304 1313 1413 1366; x_wconf 82' lang='grc' dir='ltr'><strong>τῶν</strong></span> <span class='ocrx_word' id='word_1_119' title='bbox 1444 1314 1502 1366; x_wconf 80' lang='grc' dir='ltr'>ὲν</span> <span class='ocrx_word' id='word_1_120' title='bbox 1522 1313 1852 1368; x_wconf 80' lang='grc' dir='ltr'>τέλειάλλάο</span> 
     </span>
    </p>
   </div>
   <div class='ocr_carea' id='block_1_18' title="bbox 276 1403 1848 1474">
    <p class='ocr_par' dir='ltr' id='par_1_18' title="bbox 276 1403 1848 1474">
     <span class='ocr_line' id='line_1_18' title="bbox 276 1403 1848 1474; baseline -0.001 -15"><span class='ocrx_word' id='word_1_121' title='bbox 276 1423 390 1474; x_wconf 83' lang='grc' dir='ltr'>γιον</span> <span class='ocrx_word' id='word_1_122' title='bbox 417 1406 510 1459; x_wconf 71' lang='grc' dir='ltr'><strong>καὶ</strong></span> <span class='ocrx_word' id='word_1_123' title='bbox 533 1406 756 1474; x_wconf 73' lang='grc' dir='ltr'>εἰρήνην</span> <span class='ocrx_word' id='word_1_124' title='bbox 788 1403 1052 1474; x_wconf 73' lang='grc' dir='ltr'>μετὰτῶν</span> <span class='ocrx_word' id='word_1_125' title='bbox 1084 1405 1398 1474; x_wconf 80' lang='grc' dir='ltr'>Ἀγαρηνῶν</span> <span class='ocrx_word' id='word_1_126' title='bbox 1427 1405 1848 1474; x_wconf 80' lang='grc' dir='ltr'>διαπράξασθαι,</span> 
     </span>
    </p>
   </div>
   <div class='ocr_carea' id='block_1_19' title="bbox 272 1495 1850 1569">
    <p class='ocr_par' dir='ltr' id='par_1_19' title="bbox 272 1495 1850 1569">
     <span class='ocr_line' id='line_1_19' title="bbox 272 1495 1850 1569; baseline 0 -19"><span class='ocrx_word' id='word_1_127' title='bbox 272 1498 595 1567; x_wconf 73' lang='grc' dir='ltr'>διαπερᾶσαι</span> <span class='ocrx_word' id='word_1_128' title='bbox 622 1497 677 1550; x_wconf 80' lang='grc' dir='ltr'>δὲ</span> <span class='ocrx_word' id='word_1_129' title='bbox 707 1497 883 1549; x_wconf 79' lang='grc' dir='ltr'>πάντα</span> <span class='ocrx_word' id='word_1_130' title='bbox 903 1495 992 1548; x_wconf 83' lang='grc' dir='ltr'><strong>τὸν</strong></span> <span class='ocrx_word' id='word_1_131' title='bbox 1014 1497 1110 1564; x_wconf 82' lang='grc' dir='ltr'>τῆς</span> <span class='ocrx_word' id='word_1_132' title='bbox 1150 1497 1437 1564; x_wconf 75' lang='grc' dir='ltr'>Ἀνατολῆς</span> <span class='ocrx_word' id='word_1_133' title='bbox 1465 1497 1692 1566; x_wconf 78' lang='grc' dir='ltr'>στρατὸν</span> <span class='ocrx_word' id='word_1_134' title='bbox 1717 1497 1850 1569; x_wconf 80' lang='grc' dir='ltr'>πρὸς</span> 
     </span>
    </p>
   </div>
   <div class='ocr_carea' id='block_1_20' title="bbox 266 1588 1850 1660">
    <p class='ocr_par' dir='ltr' id='par_1_20' title="bbox 266 1588 1850 1660">
     <span class='ocr_line' id='line_1_20' title="bbox 266 1588 1850 1660; baseline -0.001 -16"><span class='ocrx_word' id='word_1_135' title='bbox 266 1590 332 1644; x_wconf 74' lang='grc' dir='ltr'><strong>τὸ</strong></span> <span class='ocrx_word' id='word_1_136' title='bbox 390 1591 840 1660; x_wconf 78' lang='grc' dir='ltr'>καταπολεμῆσαι</span> <span class='ocrx_word' id='word_1_137' title='bbox 899 1588 991 1641; x_wconf 77' lang='grc' dir='ltr'>τὸν</span> <span class='ocrx_word' id='word_1_138' title='bbox 1037 1589 1284 1656; x_wconf 72' lang='grc' dir='ltr'>Συμεών.</span> <span class='ocrx_word' id='word_1_139' title='bbox 1320 1590 1622 1660; x_wconf 83' lang='grc' dir='ltr'>Ἀπεστάλη</span> <span class='ocrx_word' id='word_1_140' title='bbox 1666 1589 1758 1644; x_wconf 77' lang='grc' dir='ltr'><strong>οὖν</strong></span> <span class='ocrx_word' id='word_1_141' title='bbox 1793 1592 1850 1643; x_wconf 80' lang='grc' dir='ltr'>ὲν</span> 
     </span>
    </p>
   </div>
   <div class='ocr_carea' id='block_1_21' title="bbox 268 1679 1842 1752">
    <p class='ocr_par' dir='ltr' id='par_1_21' title="bbox 268 1679 1842 1752">
     <span class='ocr_line' id='line_1_21' title="bbox 268 1679 1842 1752; baseline -0.001 -17"><span class='ocrx_word' id='word_1_142' title='bbox 268 1684 338 1752; x_wconf 79' lang='grc' dir='ltr'>τῇ</span> <span class='ocrx_word' id='word_1_143' title='bbox 365 1683 537 1752; x_wconf 70' lang='grc' dir='ltr'>Συρίᾳ.</span> <span class='ocrx_word' id='word_1_144' title='bbox 593 1682 728 1750; x_wconf 84' lang='grc' dir='ltr'>πρὸς</span> <span class='ocrx_word' id='word_1_145' title='bbox 756 1681 814 1734; x_wconf 78' lang='grc' dir='ltr'><strong>τὸ</strong></span> <span class='ocrx_word' id='word_1_146' title='bbox 845 1682 1068 1750; x_wconf 80' lang='grc' dir='ltr'>ποιῆσαι</span> <span class='ocrx_word' id='word_1_147' title='bbox 1119 1679 1376 1747; x_wconf 82' lang='grc' dir='ltr'>ἀλλάγιον</span> <span class='ocrx_word' id='word_1_148' title='bbox 1447 1679 1698 1751; x_wconf 77' lang='grc' dir='ltr'>Ἰωάννης</span> <span class='ocrx_word' id='word_1_149' title='bbox 1740 1698 1842 1733; x_wconf 85' lang='grc' dir='ltr'>πα-</span> 
     </span>
    </p>
   </div>
   <div class='ocr_carea' id='block_1_22' title="bbox 1956 1034 3552 1105">
    <p class='ocr_par' dir='ltr' id='par_1_22' title="bbox 1956 1034 3552 1105">
     <span class='ocr_line' id='line_1_22' title="bbox 1956 1034 3552 1105; baseline 0.004 -18"><span class='ocrx_word' id='word_1_150' title='bbox 1956 1034 2195 1102; x_wconf 89' lang='lat' dir='ltr'><strong>amplius</strong></span> <span class='ocrx_word' id='word_1_151' title='bbox 2250 1043 2494 1104; x_wconf 85' lang='lat' dir='ltr'><strong>possent.</strong></span> <span class='ocrx_word' id='word_1_152' title='bbox 2554 1034 2785 1088; x_wconf 89' lang='lat' dir='ltr'><strong>Athenis</strong></span> <span class='ocrx_word' id='word_1_153' title='bbox 2855 1035 2909 1089; x_wconf 89' lang='lat' dir='ltr'><strong>in</strong></span> <span class='ocrx_word' id='word_1_154' title='bbox 2977 1036 3232 1090; x_wconf 78' lang='lat' dir='ltr'><strong>ecclesia.</strong></span> <span class='ocrx_word' id='word_1_155' title='bbox 3277 1036 3552 1105; x_wconf 80' lang='lat' dir='ltr'><strong>lapidibus</strong></span> 
     </span>
    </p>
   </div>
   <div class='ocr_carea' id='block_1_23' title="bbox 1957 1125 2578 1195">
    <p class='ocr_par' dir='ltr' id='par_1_23' title="bbox 1957 1125 2578 1195">
     <span class='ocr_line' id='line_1_23' title="bbox 1957 1125 2578 1195; baseline 0.005 -18"><span class='ocrx_word' id='word_1_156' title='bbox 1957 1125 2223 1178; x_wconf 88' lang='lat' dir='ltr'><strong>obrutum</strong></span> <span class='ocrx_word' id='word_1_157' title='bbox 2270 1142 2578 1195; x_wconf 86' lang='lat' dir='ltr'><strong>peremere.</strong></span> 
     </span>
    </p>
   </div>
   <div class='ocr_carea' id='block_1_24' title="bbox 2033 1219 3556 1290">
    <p class='ocr_par' dir='ltr' id='par_1_24' title="bbox 2033 1219 3556 1290">
     <span class='ocr_line' id='line_1_24' title="bbox 2033 1219 3556 1290; baseline 0.003 -19"><span class='ocrx_word' id='word_1_158' title='bbox 2033 1219 2120 1272; x_wconf 78' lang='lat' dir='ltr'><strong>lt).</strong></span> <span class='ocrx_word' id='word_1_159' title='bbox 2157 1220 2448 1290; x_wconf 83' lang='lat' dir='ltr'><strong>Symeonis</strong></span> <span class='ocrx_word' id='word_1_160' title='bbox 2479 1219 2749 1274; x_wconf 84' lang='lat' dir='ltr'><strong>adversus</strong></span> <span class='ocrx_word' id='word_1_161' title='bbox 2779 1219 3132 1274; x_wconf 84' lang='lat' dir='ltr'><strong>Christianos</strong></span> <span class='ocrx_word' id='word_1_162' title='bbox 3160 1220 3302 1276; x_wconf 87' lang='lat' dir='ltr'><strong>altos</strong></span> <span class='ocrx_word' id='word_1_163' title='bbox 3336 1221 3556 1276; x_wconf 80' lang='lat' dir='ltr'><strong>animos</strong></span> 
     </span>
    </p>
   </div>
   <div class='ocr_carea' id='block_1_25' title="bbox 1955 1310 3552 1381">
    <p class='ocr_par' dir='ltr' id='par_1_25' title="bbox 1955 1310 3552 1381">
     <span class='ocr_line' id='line_1_25' title="bbox 1955 1310 3552 1381; baseline 0.002 -18"><span class='ocrx_word' id='word_1_164' title='bbox 1955 1325 2018 1365; x_wconf 90' lang='lat' dir='ltr'><strong>ac</strong></span> <span class='ocrx_word' id='word_1_165' title='bbox 2049 1310 2363 1378; x_wconf 75' lang='lat' dir='ltr'><strong>superbiam</strong></span> <span class='ocrx_word' id='word_1_166' title='bbox 2398 1325 2631 1364; x_wconf 89' lang='lat' dir='ltr'><strong>cernens</strong></span> <span class='ocrx_word' id='word_1_167' title='bbox 2660 1311 2768 1365; x_wconf 81' lang='lat' dir='ltr'><strong>&#39;Loe</strong></span> <span class='ocrx_word' id='word_1_168' title='bbox 2794 1312 3060 1381; x_wconf 80' lang='lat' dir='ltr'><strong>Augusta,</strong></span> <span class='ocrx_word' id='word_1_169' title='bbox 3092 1311 3394 1380; x_wconf 86' lang='lat' dir='ltr'><strong>habitoque</strong></span> <span class='ocrx_word' id='word_1_170' title='bbox 3425 1325 3552 1366; x_wconf 87' lang='lat' dir='ltr'><strong>cum</strong></span> 
     </span>
    </p>
   </div>
   <div class='ocr_carea' id='block_1_26' title="bbox 1954 1402 3552 1474">
    <p class='ocr_par' dir='ltr' id='par_1_26' title="bbox 1954 1402 3552 1474">
     <span class='ocr_line' id='line_1_26' title="bbox 1954 1402 3552 1474; baseline 0.003 -19"><span class='ocrx_word' id='word_1_171' title='bbox 1954 1402 2316 1471; x_wconf 83' lang='lat' dir='ltr'><strong>optimatibus</strong></span> <span class='ocrx_word' id='word_1_172' title='bbox 2363 1402 2622 1464; x_wconf 87' lang='lat' dir='ltr'><strong>consilio,</strong></span> <span class='ocrx_word' id='word_1_173' title='bbox 2670 1403 2965 1456; x_wconf 88' lang='lat' dir='ltr'><strong>ineundam</strong></span> <span class='ocrx_word' id='word_1_174' title='bbox 3015 1418 3206 1471; x_wconf 86' lang='lat' dir='ltr'><strong>pacem</strong></span> <span class='ocrx_word' id='word_1_175' title='bbox 3259 1403 3552 1474; x_wconf 63' lang='lat' dir='ltr'><strong>foedusque</strong></span> 
     </span>
    </p>
   </div>
   <div class='ocr_carea' id='block_1_27' title="bbox 1953 1494 3554 1567">
    <p class='ocr_par' dir='ltr' id='par_1_27' title="bbox 1953 1494 3554 1567">
     <span class='ocr_line' id='line_1_27' title="bbox 1953 1494 3554 1567; baseline 0.003 -19"><span class='ocrx_word' id='word_1_176' title='bbox 1953 1495 2380 1566; x_wconf 85' lang='lat' dir='ltr'><strong>percutiendum</strong></span> <span class='ocrx_word' id='word_1_177' title='bbox 2441 1510 2567 1549; x_wconf 91' lang='lat' dir='ltr'><strong>cum</strong></span> <span class='ocrx_word' id='word_1_178' title='bbox 2619 1494 2910 1551; x_wconf 81' lang='lat' dir='ltr'><strong>Saracenis</strong></span> <span class='ocrx_word' id='word_1_179' title='bbox 2961 1496 3193 1563; x_wconf 82' lang='lat' dir='ltr'><strong>statuit;</strong></span> <span class='ocrx_word' id='word_1_180' title='bbox 3248 1512 3554 1567; x_wconf 83' lang='lat' dir='ltr'><strong>omnesque</strong></span> 
     </span>
    </p>
   </div>
   <div class='ocr_carea' id='block_1_28' title="bbox 1952 1586 3550 1659">
    <p class='ocr_par' dir='ltr' id='par_1_28' title="bbox 1952 1586 3550 1659">
     <span class='ocr_line' id='line_1_28' title="bbox 1952 1586 3550 1659; baseline 0.003 -19"><span class='ocrx_word' id='word_1_181' title='bbox 1952 1603 2051 1656; x_wconf 87' lang='lat' dir='ltr'><strong>per</strong></span> <span class='ocrx_word' id='word_1_182' title='bbox 2076 1587 2260 1641; x_wconf 87' lang='lat' dir='ltr'><strong>Asiam</strong></span> <span class='ocrx_word' id='word_1_183' title='bbox 2293 1587 2563 1641; x_wconf 82' lang='lat' dir='ltr'><strong>militares</strong></span> <span class='ocrx_word' id='word_1_184' title='bbox 2585 1587 2702 1641; x_wconf 89' lang='lat' dir='ltr'><strong>alas</strong></span> <span class='ocrx_word' id='word_1_185' title='bbox 2721 1586 3225 1642; x_wconf 77' lang='lat' dir='ltr'><strong>debellandicausa</strong></span> <span class='ocrx_word' id='word_1_186' title='bbox 3255 1587 3550 1659; x_wconf 79' lang='lat' dir='ltr'><strong>Symeonis</strong></span> 
     </span>
    </p>
   </div>
   <div class='ocr_carea' id='block_1_29' title="bbox 1949 1682 3556 1752">
    <p class='ocr_par' dir='ltr' id='par_1_29' title="bbox 1949 1682 3556 1752">
     <span class='ocr_line' id='line_1_29' title="bbox 1949 1682 3556 1752; baseline -0.001 -13"><span class='ocrx_word' id='word_1_187' title='bbox 1949 1683 2272 1740; x_wconf 79' lang='lat' dir='ltr'><strong>evocandas.</strong></span> <span class='ocrx_word' id='word_1_188' title='bbox 2329 1683 2498 1752; x_wconf 89' lang='lat' dir='ltr'><strong>inque</strong></span> <span class='ocrx_word' id='word_1_189' title='bbox 2564 1683 2843 1752; x_wconf 84' lang='lat' dir='ltr'><strong>Europam</strong></span> <span class='ocrx_word' id='word_1_190' title='bbox 2919 1682 3294 1752; x_wconf 87' lang='lat' dir='ltr'><strong>trajiciendas.</strong></span> <span class='ocrx_word' id='word_1_191' title='bbox 3353 1683 3556 1738; x_wconf 85' lang='lat' dir='ltr'><strong>Missus</strong></span> 
     </span>
    </p>
   </div>
   <div class='ocr_carea' id='block_1_30' title="bbox 268 1768 1861 1845">
    <p class='ocr_par' dir='ltr' id='par_1_30' title="bbox 268 1768 1847 1842">
     <span class='ocr_line' id='line_1_30' title="bbox 268 1768 1847 1842; baseline -0.002 -15"><span class='ocrx_word' id='word_1_192' title='bbox 268 1773 479 1841; x_wconf 83' lang='grc' dir='ltr'>τρίκιο;</span> <span class='ocrx_word' id='word_1_193' title='bbox 503 1775 530 1824; x_wconf 85' lang='lat'><strong>6</strong></span> <span class='ocrx_word' id='word_1_194' title='bbox 552 1770 807 1842; x_wconf 81' lang='grc' dir='ltr'>Ῥαδηνὸς</span> <span class='ocrx_word' id='word_1_195' title='bbox 827 1770 923 1822; x_wconf 80' lang='grc' dir='ltr'>καὶ</span> <span class='ocrx_word' id='word_1_196' title='bbox 934 1769 1151 1841; x_wconf 85' lang='grc' dir='ltr'>Μιχαὴλ</span> <span class='ocrx_word' id='word_1_197' title='bbox 1176 1770 1205 1821; x_wconf 91' lang='lat'><strong>6</strong></span> <span class='ocrx_word' id='word_1_198' title='bbox 1225 1768 1491 1837; x_wconf 74' lang='grc' dir='ltr'>Τοξαρᾶς.</span> <span class='ocrx_word' id='word_1_199' title='bbox 1527 1771 1568 1822; x_wconf 86' lang='grc' dir='ltr'>Τ</span> <span class='ocrx_word' id='word_1_200' title='bbox 1572 1772 1606 1823; x_wconf 78' lang='grc' dir='ltr'>ὰ</span> <span class='ocrx_word' id='word_1_201' title='bbox 1636 1772 1847 1840; x_wconf 80' lang='grc' dir='ltr'>θέματα</span> 
     </span>
    </p>
   </div>
   <div class='ocr_carea' id='block_1_31' title="bbox 1964 1768 3555 1845">
    <p class='ocr_par' dir='ltr' id='par_1_31' title="bbox 1964 1773 3555 1845">
     <span class='ocr_line' id='line_1_31' title="bbox 1964 1773 3555 1845; baseline -0.001 -14"><span class='ocrx_word' id='word_1_202' title='bbox 1964 1778 2140 1845; x_wconf 82' lang='lat' dir='ltr'><strong>itaque</strong></span> <span class='ocrx_word' id='word_1_203' title='bbox 2165 1777 2220 1829; x_wconf 89' lang='lat' dir='ltr'><strong>in</strong></span> <span class='ocrx_word' id='word_1_204' title='bbox 2254 1774 2470 1845; x_wconf 74' lang='lat' dir='ltr'><strong>Syriam</strong></span> <span class='ocrx_word' id='word_1_205' title='bbox 2503 1773 2598 1844; x_wconf 90' lang='lat' dir='ltr'><strong>qui</strong></span> <span class='ocrx_word' id='word_1_206' title='bbox 2629 1788 2749 1828; x_wconf 89' lang='lat' dir='ltr'><strong>eam</strong></span> <span class='ocrx_word' id='word_1_207' title='bbox 2779 1787 2970 1843; x_wconf 88' lang='lat' dir='ltr'><strong>pacem</strong></span> <span class='ocrx_word' id='word_1_208' title='bbox 2996 1774 3358 1844; x_wconf 87' lang='lat' dir='ltr'><strong>induciasque</strong></span> <span class='ocrx_word' id='word_1_209' title='bbox 3403 1791 3555 1830; x_wconf 89' lang='lat' dir='ltr'><strong>com-</strong></span> 
     </span>
    </p>
   </div>
   <div class='ocr_carea' id='block_1_32' title="bbox 263 1862 1848 1934">
    <p class='ocr_par' dir='ltr' id='par_1_32' title="bbox 263 1862 1848 1934">
     <span class='ocr_line' id='line_1_32' title="bbox 263 1862 1848 1934; baseline 0.001 -18"><span class='ocrx_word' id='word_1_210' title='bbox 263 1863 327 1916; x_wconf 79' lang='grc' dir='ltr'>δὲ</span> <span class='ocrx_word' id='word_1_211' title='bbox 369 1865 547 1915; x_wconf 82' lang='grc' dir='ltr'>πάντα</span> <span class='ocrx_word' id='word_1_212' title='bbox 596 1862 1066 1934; x_wconf 75' lang='grc' dir='ltr'>φιλοτιμησαμένη</span> <span class='ocrx_word' id='word_1_213' title='bbox 1133 1862 1270 1933; x_wconf 80' lang='grc' dir='ltr'>πρὸς</span> <span class='ocrx_word' id='word_1_214' title='bbox 1333 1864 1434 1932; x_wconf 80' lang='grc' dir='ltr'>τὴν</span> <span class='ocrx_word' id='word_1_215' title='bbox 1487 1862 1711 1934; x_wconf 78' lang='grc' dir='ltr'>Θρᾴκην</span> <span class='ocrx_word' id='word_1_216' title='bbox 1770 1864 1848 1917; x_wconf 83' lang='grc' dir='ltr'>δι-</span> 
     </span>
    </p>
   </div>
   <div class='ocr_carea' id='block_1_33' title="bbox 267 1954 1852 2026">
    <p class='ocr_par' dir='ltr' id='par_1_33' title="bbox 267 1954 1852 2026">
     <span class='ocr_line' id='line_1_33' title="bbox 267 1954 1852 2026; baseline 0.002 -19"><span class='ocrx_word' id='word_1_217' title='bbox 267 1954 568 2025; x_wconf 75' lang='grc' dir='ltr'>επέρασεν,</span> <span class='ocrx_word' id='word_1_218' title='bbox 601 1954 832 2016; x_wconf 77' lang='grc' dir='ltr'>Λέοντος</span> <span class='ocrx_word' id='word_1_219' title='bbox 879 1956 1181 2026; x_wconf 86' lang='grc' dir='ltr'>μαγίστρου</span> <span class='ocrx_word' id='word_1_220' title='bbox 1205 1957 1296 2009; x_wconf 81' lang='grc' dir='ltr'>τοῦ</span> <span class='ocrx_word' id='word_1_221' title='bbox 1321 1957 1485 2010; x_wconf 77' lang='grc' dir='ltr'>Φωκᾶ</span> <span class='ocrx_word' id='word_1_222' title='bbox 1529 1956 1852 2026; x_wconf 85' lang='grc' dir='ltr'>δομεστίκου</span> 
     </span>
    </p>
   </div>
   <div class='ocr_carea' id='block_1_34' title="bbox 266 2037 1854 2120">
    <p class='ocr_par' dir='ltr' id='par_1_34' title="bbox 266 2037 1854 2120">
     <span class='ocr_line' id='line_1_34' title="bbox 266 2037 1854 2120; baseline 0.001 -21"><span class='ocrx_word' id='word_1_223' title='bbox 266 2045 654 2116; x_wconf 75' lang='grc' dir='ltr'><strong>τυγχάνοντος,</strong></span> <span class='ocrx_word' id='word_1_224' title='bbox 697 2037 744 2113; x_wconf 81' lang='grc' dir='ltr'>ᾧ</span> <span class='ocrx_word' id='word_1_225' title='bbox 799 2045 990 2116; x_wconf 82' lang='grc' dir='ltr'>ἀνδρία</span> <span class='ocrx_word' id='word_1_226' title='bbox 1043 2046 1304 2117; x_wconf 83' lang='grc' dir='ltr'>μᾶλλονῆ</span> <span class='ocrx_word' id='word_1_227' title='bbox 1349 2049 1673 2118; x_wconf 66' lang='grc' dir='ltr'>ὲιπιστατικὴ</span> <span class='ocrx_word' id='word_1_228' title='bbox 1719 2048 1854 2120; x_wconf 84' lang='grc' dir='ltr'>φρό-</span> 
     </span>
    </p>
   </div>
   <div class='ocr_carea' id='block_1_35' title="bbox 267 2137 1856 2210">
    <p class='ocr_par' dir='ltr' id='par_1_35' title="bbox 267 2137 1856 2210">
     <span class='ocr_line' id='line_1_35' title="bbox 267 2137 1856 2210; baseline 0.002 -21"><span class='ocrx_word' id='word_1_229' title='bbox 267 2153 434 2207; x_wconf 87' lang='grc' dir='ltr'>νησις</span> <span class='ocrx_word' id='word_1_230' title='bbox 501 2137 916 2204; x_wconf 70' lang='grc' dir='ltr'>προσανέκειτο.</span> <span class='ocrx_word' id='word_1_231' title='bbox 946 2140 1008 2192; x_wconf 78' lang='lat' dir='ltr'><strong>Ol</strong></span> <span class='ocrx_word' id='word_1_232' title='bbox 1035 2138 1128 2192; x_wconf 82' lang='grc' dir='ltr'><strong>οὖν</strong></span> <span class='ocrx_word' id='word_1_233' title='bbox 1189 2140 1486 2210; x_wconf 70' lang='grc' dir='ltr'>στρατηγοὶ</span> <span class='ocrx_word' id='word_1_234' title='bbox 1513 2140 1608 2193; x_wconf 70' lang='grc' dir='ltr'><strong>καὶ</strong></span> <span class='ocrx_word' id='word_1_235' title='bbox 1662 2141 1856 2210; x_wconf 57' lang='grc' dir='ltr'>ἄρχονν</span> 
     </span>
    </p>
   </div>
   <div class='ocr_carea' id='block_1_36' title="bbox 262 2227 1856 2300">
    <p class='ocr_par' dir='ltr' id='par_1_36' title="bbox 262 2227 1856 2300">
     <span class='ocr_line' id='line_1_36' title="bbox 262 2227 1856 2300; baseline 0.002 -20"><span class='ocrx_word' id='word_1_236' title='bbox 262 2245 364 2290; x_wconf 83' lang='grc' dir='ltr'><strong>τες</strong></span> <span class='ocrx_word' id='word_1_237' title='bbox 392 2229 594 2291; x_wconf 84' lang='grc' dir='ltr'>πάντες</span> <span class='ocrx_word' id='word_1_238' title='bbox 634 2227 732 2298; x_wconf 81' lang='grc' dir='ltr'>τὴν</span> <span class='ocrx_word' id='word_1_239' title='bbox 761 2229 840 2291; x_wconf 83' lang='grc' dir='ltr'><strong>εἰς</strong></span> <span class='ocrx_word' id='word_1_240' title='bbox 875 2228 1136 2300; x_wconf 80' lang='grc' dir='ltr'><strong>ἀλλήλους</strong></span> <span class='ocrx_word' id='word_1_241' title='bbox 1155 2230 1408 2300; x_wconf 81' lang='grc' dir='ltr'>ὁμόνοιαν</span> <span class='ocrx_word' id='word_1_242' title='bbox 1441 2231 1856 2298; x_wconf 76' lang='grc' dir='ltr'>ὲπισφίγγοντες</span> 
     </span>
    </p>
   </div>
   <div class='ocr_carea' id='block_1_37' title="bbox 266 2319 1854 2392">
    <p class='ocr_par' dir='ltr' id='par_1_37' title="bbox 266 2319 1854 2392">
     <span class='ocr_line' id='line_1_37' title="bbox 266 2319 1854 2392; baseline 0.002 -20"><span class='ocrx_word' id='word_1_243' title='bbox 266 2323 332 2372; x_wconf 78' lang='grc' dir='ltr'>ὲν</span> <span class='ocrx_word' id='word_1_244' title='bbox 363 2322 480 2382; x_wconf 82' lang='grc' dir='ltr'>τοῖς</span> <span class='ocrx_word' id='word_1_245' title='bbox 527 2320 731 2388; x_wconf 84' lang='grc' dir='ltr'>τιμίοις</span> <span class='ocrx_word' id='word_1_246' title='bbox 783 2319 964 2386; x_wconf 81' lang='grc' dir='ltr'>ξύλοις</span> <span class='ocrx_word' id='word_1_247' title='bbox 1007 2319 1234 2390; x_wconf 80' lang='grc' dir='ltr'>ὤμοσαν</span> <span class='ocrx_word' id='word_1_248' title='bbox 1263 2321 1359 2374; x_wconf 75' lang='grc' dir='ltr'>καὶ</span> <span class='ocrx_word' id='word_1_249' title='bbox 1388 2320 1482 2379; x_wconf 71' lang='grc' dir='ltr'>τοῦ</span> <span class='ocrx_word' id='word_1_250' title='bbox 1509 2321 1672 2392; x_wconf 84' lang='grc' dir='ltr'>ὅρκου</span> <span class='ocrx_word' id='word_1_251' title='bbox 1699 2339 1854 2390; x_wconf 83' lang='grc' dir='ltr'>γενο-</span> 
     </span>
    </p>
   </div>
   <div class='ocr_carea' id='block_1_38' title="bbox 270 2405 1858 2481">
    <p class='ocr_par' dir='ltr' id='par_1_38' title="bbox 270 2405 1858 2481">
     <span class='ocr_line' id='line_1_38' title="bbox 270 2405 1858 2481; baseline 0.001 -19"><span class='ocrx_word' id='word_1_252' title='bbox 270 2410 440 2478; x_wconf 76' lang='grc' dir='ltr'>μένου</span> <span class='ocrx_word' id='word_1_253' title='bbox 496 2411 832 2480; x_wconf 80' lang='grc' dir='ltr'>πανστρατεὶ</span> <span class='ocrx_word' id='word_1_254' title='bbox 881 2409 1233 2481; x_wconf 70' lang='grc' dir='ltr'>ἐξώρμησαν.</span> <span class='ocrx_word' id='word_1_255' title='bbox 1293 2405 1507 2480; x_wconf 74' lang='grc' dir='ltr'>Ἶιρχον</span> <span class='ocrx_word' id='word_1_256' title='bbox 1527 2410 1585 2462; x_wconf 78' lang='grc' dir='ltr'>δὲ</span> <span class='ocrx_word' id='word_1_257' title='bbox 1628 2409 1720 2462; x_wconf 82' lang='grc' dir='ltr'>τοῦ</span> <span class='ocrx_word' id='word_1_258' title='bbox 1758 2411 1858 2480; x_wconf 84' lang='grc' dir='ltr'>μὲν</span> 
     </span>
    </p>
   </div>
   <div class='ocr_carea' id='block_1_39' title="bbox 270 2499 1856 2570">
    <p class='ocr_par' dir='ltr' id='par_1_39' title="bbox 270 2499 1856 2570">
     <span class='ocr_line' id='line_1_39' title="bbox 270 2499 1856 2570; baseline 0.001 -18"><span class='ocrx_word' id='word_1_259' title='bbox 270 2499 554 2568; x_wconf 79' lang='grc' dir='ltr'>τάγματος</span> <span class='ocrx_word' id='word_1_260' title='bbox 591 2500 700 2554; x_wconf 87' lang='grc' dir='ltr'>τῶν</span> <span class='ocrx_word' id='word_1_261' title='bbox 744 2499 1071 2566; x_wconf 71' lang='grc' dir='ltr'>ὲξκουϐίτων</span> <span class='ocrx_word' id='word_1_262' title='bbox 1107 2499 1360 2570; x_wconf 78' lang='grc' dir='ltr'>Ἰωάννης</span> <span class='ocrx_word' id='word_1_263' title='bbox 1389 2503 1417 2553; x_wconf 97' lang='lat'><strong>6</strong></span> <span class='ocrx_word' id='word_1_264' title='bbox 1447 2499 1698 2569; x_wconf 71' lang='grc' dir='ltr'>Γράψων,</span> <span class='ocrx_word' id='word_1_265' title='bbox 1761 2501 1856 2554; x_wconf 86' lang='grc' dir='ltr'>τοῦ</span> 
     </span>
    </p>
   </div>
   <div class='ocr_carea' id='block_1_40' title="bbox 279 2591 1858 2663">
    <p class='ocr_par' dir='ltr' id='par_1_40' title="bbox 279 2591 1858 2663">
     <span class='ocr_line' id='line_1_40' title="bbox 279 2591 1858 2663; baseline 0.003 -21"><span class='ocrx_word' id='word_1_266' title='bbox 279 2593 333 2643; x_wconf 69' lang='grc' dir='ltr'>δὲ</span> <span class='ocrx_word' id='word_1_267' title='bbox 387 2591 646 2646; x_wconf 86' lang='grc' dir='ltr'>ίκανάτου</span> <span class='ocrx_word' id='word_1_268' title='bbox 677 2592 824 2646; x_wconf 75' lang='grc' dir='ltr'>ὁτοῦ</span> <span class='ocrx_word' id='word_1_269' title='bbox 882 2591 1144 2663; x_wconf 81' lang='grc' dir='ltr'>Μαρούλη</span> <span class='ocrx_word' id='word_1_270' title='bbox 1195 2593 1343 2655; x_wconf 85' lang='grc' dir='ltr'>υίός·</span> <span class='ocrx_word' id='word_1_271' title='bbox 1383 2592 1668 2662; x_wconf 78' lang='grc' dir='ltr'>Ῥωμανὸς</span> <span class='ocrx_word' id='word_1_272' title='bbox 1721 2593 1778 2646; x_wconf 79' lang='grc' dir='ltr'>δὲ</span> <span class='ocrx_word' id='word_1_273' title='bbox 1829 2595 1858 2646; x_wconf 90' lang='lat'><strong>6</strong></span> 
     </span>
    </p>
   </div>
   <div class='ocr_carea' id='block_1_41' title="bbox 296 2685 1858 2756">
    <p class='ocr_par' dir='ltr' id='par_1_41' title="bbox 296 2685 1858 2756">
     <span class='ocr_line' id='line_1_41' title="bbox 296 2685 1858 2756; baseline 0.001 -20"><span class='ocrx_word' id='word_1_274' title='bbox 296 2685 556 2754; x_wconf 76' lang='grc' dir='ltr'>Ἀργυρὸς</span> <span class='ocrx_word' id='word_1_275' title='bbox 605 2686 933 2756; x_wconf 74' lang='grc' dir='ltr'>ἐστρατήγει</span> <span class='ocrx_word' id='word_1_276' title='bbox 988 2687 1084 2739; x_wconf 74' lang='grc' dir='ltr'><strong>καὶ</strong></span> <span class='ocrx_word' id='word_1_277' title='bbox 1137 2685 1291 2738; x_wconf 85' lang='grc' dir='ltr'><strong>Λέων</strong></span> <span class='ocrx_word' id='word_1_278' title='bbox 1332 2685 1360 2738; x_wconf 86' lang='grc' dir='ltr'>ὁ</span> <span class='ocrx_word' id='word_1_279' title='bbox 1412 2685 1640 2752; x_wconf 82' lang='grc' dir='ltr'>ἁδελφὸς</span> <span class='ocrx_word' id='word_1_280' title='bbox 1695 2686 1858 2738; x_wconf 78' lang='grc' dir='ltr'>αὐτοῦ</span> 
     </span>
    </p>
   </div>
   <div class='ocr_carea' id='block_1_42' title="bbox 277 2771 1862 2849">
    <p class='ocr_par' dir='ltr' id='par_1_42' title="bbox 277 2771 1862 2849">
     <span class='ocr_line' id='line_1_42' title="bbox 277 2771 1862 2849; baseline 0.001 -21"><span class='ocrx_word' id='word_1_281' title='bbox 277 2780 373 2828; x_wconf 76' lang='grc' dir='ltr'><strong>καὶ</strong></span> <span class='ocrx_word' id='word_1_282' title='bbox 434 2776 646 2846; x_wconf 68' lang='grc' dir='ltr'>Βάρδας</span> <span class='ocrx_word' id='word_1_283' title='bbox 667 2779 694 2830; x_wconf 86' lang='grc' dir='ltr'>ὁ</span> <span class='ocrx_word' id='word_1_284' title='bbox 722 2778 936 2843; x_wconf 74' lang='grc' dir='ltr'>Φωκᾶς,</span> <span class='ocrx_word' id='word_1_285' title='bbox 964 2771 1046 2839; x_wconf 80' lang='grc' dir='ltr'>οἷς</span> <span class='ocrx_word' id='word_1_286' title='bbox 1079 2778 1246 2848; x_wconf 79' lang='grc' dir='ltr'>συνῆν</span> <span class='ocrx_word' id='word_1_287' title='bbox 1274 2777 1370 2832; x_wconf 79' lang='grc' dir='ltr'>καὶ</span> <span class='ocrx_word' id='word_1_288' title='bbox 1406 2780 1434 2830; x_wconf 90' lang='grc' dir='ltr'>ὁ</span> <span class='ocrx_word' id='word_1_289' title='bbox 1474 2777 1681 2842; x_wconf 88' lang='grc' dir='ltr'>Μελίας</span> <span class='ocrx_word' id='word_1_290' title='bbox 1722 2777 1862 2849; x_wconf 82' lang='grc' dir='ltr'>μετὰ</span> 
     </span>
    </p>
   </div>
   <div class='ocr_carea' id='block_1_43' title="bbox 277 2867 1858 2940">
    <p class='ocr_par' dir='ltr' id='par_1_43' title="bbox 277 2867 1858 2940">
     <span class='ocr_line' id='line_1_43' title="bbox 277 2867 1858 2940; baseline 0.001 -21"><span class='ocrx_word' id='word_1_291' title='bbox 277 2867 388 2921; x_wconf 84' lang='grc' dir='ltr'><strong>τῶν</strong></span> <span class='ocrx_word' id='word_1_292' title='bbox 419 2867 742 2937; x_wconf 76' lang='grc' dir='ltr'>Ἀρμενίων.</span> <span class='ocrx_word' id='word_1_293' title='bbox 779 2869 954 2939; x_wconf 83' lang='grc' dir='ltr'>Συνῆν</span> <span class='ocrx_word' id='word_1_294' title='bbox 975 2869 1032 2923; x_wconf 79' lang='grc' dir='ltr'>δὲ</span> <span class='ocrx_word' id='word_1_295' title='bbox 1066 2869 1160 2922; x_wconf 78' lang='grc' dir='ltr'><strong>καὶ</strong></span> <span class='ocrx_word' id='word_1_296' title='bbox 1199 2870 1611 2934; x_wconf 84' lang='grc' dir='ltr'>Κωνσταντῖνος</span> <span class='ocrx_word' id='word_1_297' title='bbox 1663 2867 1858 2940; x_wconf 68' lang='grc' dir='ltr'>πατρίς</span> 
     </span>
    </p>
   </div>
   <div class='ocr_carea' id='block_1_44' title="bbox 275 2961 1862 3034">
    <p class='ocr_par' dir='ltr' id='par_1_44' title="bbox 275 2961 1862 3034">
     <span class='ocr_line' id='line_1_44' title="bbox 275 2961 1862 3034; baseline 0 -18"><span class='ocrx_word' id='word_1_298' title='bbox 275 2977 396 3024; x_wconf 84' lang='grc' dir='ltr'>κιος</span> <span class='ocrx_word' id='word_1_299' title='bbox 417 2964 444 3015; x_wconf 90' lang='lat'><strong>6</strong></span> <span class='ocrx_word' id='word_1_300' title='bbox 469 2961 577 3031; x_wconf 73' lang='grc' dir='ltr'><strong>Λὶψ</strong></span> <span class='ocrx_word' id='word_1_301' title='bbox 609 2962 862 3028; x_wconf 84' lang='grc' dir='ltr'>Λεόντιος</span> <span class='ocrx_word' id='word_1_302' title='bbox 880 2963 928 2997; x_wconf 75' lang='grc'><strong>³⁷</strong></span> <span class='ocrx_word' id='word_1_303' title='bbox 984 2961 1289 3034; x_wconf 75' lang='grc' dir='ltr'>σύμϐουλος</span> <span class='ocrx_word' id='word_1_304' title='bbox 1315 2963 1466 3034; x_wconf 81' lang='grc' dir='ltr'>αὐτῷ</span> <span class='ocrx_word' id='word_1_305' title='bbox 1491 2964 1549 3017; x_wconf 79' lang='grc' dir='ltr'>ὲν</span> <span class='ocrx_word' id='word_1_306' title='bbox 1579 2965 1716 3018; x_wconf 83' lang='grc' dir='ltr'>πᾶσι</span> <span class='ocrx_word' id='word_1_307' title='bbox 1748 2965 1862 3028; x_wconf 87' lang='grc' dir='ltr'>τοῖς</span> 
     </span>
    </p>
   </div>
   <div class='ocr_carea' id='block_1_45' title="bbox 273 3052 1863 3128">
    <p class='ocr_par' dir='ltr' id='par_1_45' title="bbox 273 3052 1863 3128">
     <span class='ocr_line' id='line_1_45' title="bbox 273 3052 1863 3128; baseline 0.002 -21"><span class='ocrx_word' id='word_1_308' title='bbox 273 3053 574 3124; x_wconf 75' lang='grc' dir='ltr'>ἀνήκουσιν</span> <span class='ocrx_word' id='word_1_309' title='bbox 619 3052 715 3109; x_wconf 82' lang='grc' dir='ltr'>ὥν.</span> <span class='ocrx_word' id='word_1_310' title='bbox 755 3055 903 3125; x_wconf 81' lang='grc' dir='ltr'>Μηνὶ</span> <span class='ocrx_word' id='word_1_311' title='bbox 956 3055 1014 3108; x_wconf 82' lang='grc' dir='ltr'>δὲ</span> <span class='ocrx_word' id='word_1_312' title='bbox 1067 3056 1365 3128; x_wconf 79' lang='grc' dir='ltr'>Αὐγούστῳ</span> <span class='ocrx_word' id='word_1_313' title='bbox 1403 3055 1448 3110; x_wconf 85' lang='grc' dir='ltr'>κ’</span> <span class='ocrx_word' id='word_1_314' title='bbox 1481 3057 1863 3126; x_wconf 68' lang='grc' dir='ltr'>ἐπινεμήσεως</span> 
     </span>
    </p>
   </div>
   <div class='ocr_carea' id='block_1_46' title="bbox 1955 1865 3553 1938">
    <p class='ocr_par' dir='ltr' id='par_1_46' title="bbox 1955 1865 3553 1938">
     <span class='ocr_line' id='line_1_46' title="bbox 1955 1865 3553 1938; baseline 0.001 -19"><span class='ocrx_word' id='word_1_315' title='bbox 1955 1878 2216 1938; x_wconf 84' lang='lat' dir='ltr'><strong>poneret.</strong></span> <span class='ocrx_word' id='word_1_316' title='bbox 2272 1867 2518 1922; x_wconf 80' lang='lat' dir='ltr'><strong>Joannes</strong></span> <span class='ocrx_word' id='word_1_317' title='bbox 2581 1866 2848 1935; x_wconf 86' lang='lat' dir='ltr'><strong>patricius</strong></span> <span class='ocrx_word' id='word_1_318' title='bbox 2908 1865 3230 1928; x_wconf 82' lang='lat' dir='ltr'><strong>Rhadenus,</strong></span> <span class='ocrx_word' id='word_1_319' title='bbox 3286 1882 3390 1921; x_wconf 90' lang='lat' dir='ltr'><strong>nec</strong></span> <span class='ocrx_word' id='word_1_320' title='bbox 3441 1882 3553 1921; x_wconf 91' lang='lat' dir='ltr'><strong>non</strong></span> 
     </span>
    </p>
   </div>
   <div class='ocr_carea' id='block_1_47' title="bbox 1957 1957 3554 2028">
    <p class='ocr_par' dir='ltr' id='par_1_47' title="bbox 1957 1957 3554 2028">
     <span class='ocr_line' id='line_1_47' title="bbox 1957 1957 3554 2028; baseline -0.001 -14"><span class='ocrx_word' id='word_1_321' title='bbox 1957 1961 2187 2014; x_wconf 81' lang='lat' dir='ltr'><strong>Michael</strong></span> <span class='ocrx_word' id='word_1_322' title='bbox 2234 1961 2498 2014; x_wconf 81' lang='lat' dir='ltr'><strong>Toxaras.</strong></span> <span class='ocrx_word' id='word_1_323' title='bbox 2536 1957 2889 2028; x_wconf 89' lang='lat' dir='ltr'><strong>Cunctasque</strong></span> <span class='ocrx_word' id='word_1_324' title='bbox 2924 1958 3034 2013; x_wconf 86' lang='lat' dir='ltr'><strong>Zoe</strong></span> <span class='ocrx_word' id='word_1_325' title='bbox 3068 1958 3318 2028; x_wconf 74' lang='lat' dir='ltr'><strong>legiones</strong></span> <span class='ocrx_word' id='word_1_326' title='bbox 3345 1958 3554 2013; x_wconf 86' lang='lat' dir='ltr'><strong>libera-</strong></span> 
     </span>
    </p>
   </div>
   <div class='ocr_carea' id='block_1_48' title="bbox 1956 2049 3555 2120">
    <p class='ocr_par' dir='ltr' id='par_1_48' title="bbox 1956 2049 3555 2120">
     <span class='ocr_line' id='line_1_48' title="bbox 1956 2049 3555 2120; baseline -0.001 -14"><span class='ocrx_word' id='word_1_327' title='bbox 1956 2053 2089 2107; x_wconf 83' lang='lat' dir='ltr'><strong>liter</strong></span> <span class='ocrx_word' id='word_1_328' title='bbox 2119 2053 2352 2106; x_wconf 86' lang='lat' dir='ltr'><strong>donatas</strong></span> <span class='ocrx_word' id='word_1_329' title='bbox 2375 2052 2430 2104; x_wconf 94' lang='lat' dir='ltr'><strong>in</strong></span> <span class='ocrx_word' id='word_1_330' title='bbox 2463 2050 2754 2104; x_wconf 87' lang='lat' dir='ltr'><strong>Thraciam</strong></span> <span class='ocrx_word' id='word_1_331' title='bbox 2783 2049 3020 2120; x_wconf 88' lang='lat' dir='ltr'><strong>trajecit,</strong></span> <span class='ocrx_word' id='word_1_332' title='bbox 3054 2050 3319 2120; x_wconf 83' lang='lat' dir='ltr'><strong>magistro</strong></span> <span class='ocrx_word' id='word_1_333' title='bbox 3367 2051 3555 2105; x_wconf 86' lang='lat' dir='ltr'><strong>Leone</strong></span> 
     </span>
    </p>
   </div>
   <div class='ocr_carea' id='block_1_49' title="bbox 1957 2140 3552 2211">
    <p class='ocr_par' dir='ltr' id='par_1_49' title="bbox 1957 2140 3552 2211">
     <span class='ocr_line' id='line_1_49' title="bbox 1957 2140 3552 2211; baseline -0.001 -13"><span class='ocrx_word' id='word_1_334' title='bbox 1957 2145 2140 2199; x_wconf 81' lang='lat' dir='ltr'><strong>Pboca</strong></span> <span class='ocrx_word' id='word_1_335' title='bbox 2199 2143 2515 2197; x_wconf 80' lang='lat' dir='ltr'><strong>scholarum</strong></span> <span class='ocrx_word' id='word_1_336' title='bbox 2567 2141 2908 2206; x_wconf 84' lang='lat' dir='ltr'><strong>domestico,</strong></span> <span class='ocrx_word' id='word_1_337' title='bbox 2956 2141 3080 2195; x_wconf 84' lang='lat' dir='ltr'><strong>viro</strong></span> <span class='ocrx_word' id='word_1_338' title='bbox 3127 2140 3302 2211; x_wconf 80' lang='lat' dir='ltr'><strong>magis</strong></span> <span class='ocrx_word' id='word_1_339' title='bbox 3350 2140 3552 2196; x_wconf 88' lang='lat' dir='ltr'><strong>robore</strong></span> 
     </span>
    </p>
   </div>
   <div class='ocr_carea' id='block_1_50' title="bbox 1958 2229 3553 2305">
    <p class='ocr_par' dir='ltr' id='par_1_50' title="bbox 1958 2229 3553 2305">
     <span class='ocr_line' id='line_1_50' title="bbox 1958 2229 3553 2305; baseline -0.004 -15"><span class='ocrx_word' id='word_1_340' title='bbox 1958 2235 2243 2305; x_wconf 76' lang='lat' dir='ltr'><strong>spectabili</strong></span> <span class='ocrx_word' id='word_1_341' title='bbox 2270 2251 2434 2304; x_wconf 89' lang='lat' dir='ltr'><strong>quam</strong></span> <span class='ocrx_word' id='word_1_342' title='bbox 2461 2234 2686 2288; x_wconf 89' lang='lat' dir='ltr'><strong>militari</strong></span> <span class='ocrx_word' id='word_1_343' title='bbox 2709 2233 2978 2303; x_wconf 88' lang='lat' dir='ltr'><strong>ducisque</strong></span> <span class='ocrx_word' id='word_1_344' title='bbox 2995 2232 3308 2303; x_wconf 84' lang='lat' dir='ltr'><strong>prudentia.</strong></span> <span class='ocrx_word' id='word_1_345' title='bbox 3353 2229 3553 2288; x_wconf 86' lang='lat' dir='ltr'><strong>Cuncti</strong></span> 
     </span>
    </p>
   </div>
   <div class='ocr_carea' id='block_1_51' title="bbox 1960 2323 3549 2397">
    <p class='ocr_par' dir='ltr' id='par_1_51' title="bbox 1960 2323 3549 2397">
     <span class='ocr_line' id='line_1_51' title="bbox 1960 2323 3549 2397; baseline -0.004 -14"><span class='ocrx_word' id='word_1_346' title='bbox 1960 2330 2145 2397; x_wconf 81' lang='lat' dir='ltr'><strong>itaque</strong></span> <span class='ocrx_word' id='word_1_347' title='bbox 2195 2328 2367 2382; x_wconf 89' lang='lat' dir='ltr'><strong>duces</strong></span> <span class='ocrx_word' id='word_1_348' title='bbox 2418 2334 2474 2381; x_wconf 89' lang='lat' dir='ltr'><strong>et</strong></span> <span class='ocrx_word' id='word_1_349' title='bbox 2531 2325 2762 2390; x_wconf 89' lang='lat' dir='ltr'><strong>tribuni,</strong></span> <span class='ocrx_word' id='word_1_350' title='bbox 2792 2335 2984 2380; x_wconf 90' lang='lat' dir='ltr'><strong>mutua</strong></span> <span class='ocrx_word' id='word_1_351' title='bbox 3029 2325 3175 2380; x_wconf 88' lang='lat' dir='ltr'><strong>inter</strong></span> <span class='ocrx_word' id='word_1_352' title='bbox 3222 2340 3280 2379; x_wconf 90' lang='lat' dir='ltr'><strong>se</strong></span> <span class='ocrx_word' id='word_1_353' title='bbox 3334 2323 3549 2378; x_wconf 80' lang='lat' dir='ltr'><strong>ﬁrmata</strong></span> 
     </span>
    </p>
   </div>
   <div class='ocr_carea' id='block_1_52' title="bbox 1959 2415 3553 2488">
    <p class='ocr_par' dir='ltr' id='par_1_52' title="bbox 1959 2415 3553 2488">
     <span class='ocr_line' id='line_1_52' title="bbox 1959 2415 3553 2488; baseline -0.004 -14"><span class='ocrx_word' id='word_1_354' title='bbox 1959 2419 2277 2483; x_wconf 88' lang='lat' dir='ltr'><strong>concordia,</strong></span> <span class='ocrx_word' id='word_1_355' title='bbox 2297 2419 2524 2488; x_wconf 83' lang='lat' dir='ltr'><strong>ejusque</strong></span> <span class='ocrx_word' id='word_1_356' title='bbox 2543 2433 2602 2472; x_wconf 91' lang='lat' dir='ltr'><strong>se</strong></span> <span class='ocrx_word' id='word_1_357' title='bbox 2630 2417 2839 2472; x_wconf 86' lang='lat' dir='ltr'><strong>arctius</strong></span> <span class='ocrx_word' id='word_1_358' title='bbox 2860 2415 3099 2470; x_wconf 79' lang='lat' dir='ltr'><strong>vinculis</strong></span> <span class='ocrx_word' id='word_1_359' title='bbox 3123 2416 3553 2487; x_wconf 77' lang='lat' dir='ltr'><strong>adstringentes,</strong></span> 
     </span>
    </p>
   </div>
   <div class='ocr_carea' id='block_1_53' title="bbox 1959 2505 3552 2578">
    <p class='ocr_par' dir='ltr' id='par_1_53' title="bbox 1959 2505 3552 2578">
     <span class='ocr_line' id='line_1_53' title="bbox 1959 2505 3552 2578; baseline -0.002 -15"><span class='ocrx_word' id='word_1_360' title='bbox 1959 2509 2227 2564; x_wconf 75' lang='lat' dir='ltr'><strong>adhibitis</strong></span> <span class='ocrx_word' id='word_1_361' title='bbox 2270 2507 2692 2572; x_wconf 86' lang='lat' dir='ltr'><strong>venerabilibus</strong></span> <span class='ocrx_word' id='word_1_362' title='bbox 2753 2506 2917 2578; x_wconf 78' lang='lat' dir='ltr'><strong>lignis</strong></span> <span class='ocrx_word' id='word_1_363' title='bbox 2959 2515 3362 2561; x_wconf 85' lang='lat' dir='ltr'><strong>sacramentum</strong></span> <span class='ocrx_word' id='word_1_364' title='bbox 3402 2505 3552 2561; x_wconf 82' lang='lat' dir='ltr'><strong>fece-</strong></span> 
     </span>
    </p>
   </div>
   <div class='ocr_carea' id='block_1_54' title="bbox 1961 2597 3554 2670">
    <p class='ocr_par' dir='ltr' id='par_1_54' title="bbox 1961 2597 3554 2670">
     <span class='ocr_line' id='line_1_54' title="bbox 1961 2597 3554 2670; baseline -0.002 -15"><span class='ocrx_word' id='word_1_365' title='bbox 1961 2611 2128 2666; x_wconf 88' lang='lat' dir='ltr'><strong>runt;</strong></span> <span class='ocrx_word' id='word_1_366' title='bbox 2159 2615 2272 2670; x_wconf 92' lang='lat' dir='ltr'><strong>quo</strong></span> <span class='ocrx_word' id='word_1_367' title='bbox 2311 2609 2537 2669; x_wconf 88' lang='lat' dir='ltr'><strong>peracto</strong></span> <span class='ocrx_word' id='word_1_368' title='bbox 2562 2598 2714 2653; x_wconf 90' lang='lat' dir='ltr'><strong>omni</strong></span> <span class='ocrx_word' id='word_1_369' title='bbox 2748 2606 3015 2667; x_wconf 89' lang='lat' dir='ltr'><strong>apparatu</strong></span> <span class='ocrx_word' id='word_1_370' title='bbox 3046 2597 3102 2652; x_wconf 92' lang='lat' dir='ltr'><strong>in</strong></span> <span class='ocrx_word' id='word_1_371' title='bbox 3133 2597 3300 2668; x_wconf 60' lang='lat'><strong>725.</strong></span> <span class='ocrx_word' id='word_1_372' title='bbox 3337 2597 3554 2652; x_wconf 88' lang='lat' dir='ltr'><strong>hostem</strong></span> 
     </span>
    </p>
   </div>
   <div class='ocr_carea' id='block_1_55' title="bbox 1957 2689 3555 2747">
    <p class='ocr_par' dir='ltr' id='par_1_55' title="bbox 1957 2689 3555 2747">
     <span class='ocr_line' id='line_1_55' title="bbox 1957 2689 3555 2747; baseline -0.003 -1"><span class='ocrx_word' id='word_1_373' title='bbox 1957 2693 2134 2747; x_wconf 81' lang='lat' dir='ltr'><strong>aciem</strong></span> <span class='ocrx_word' id='word_1_374' title='bbox 2167 2691 2432 2746; x_wconf 79' lang='lat' dir='ltr'><strong>eduxere.</strong></span> <span class='ocrx_word' id='word_1_375' title='bbox 2468 2691 2749 2744; x_wconf 81' lang='lat' dir='ltr'><strong>Praeerant</strong></span> <span class='ocrx_word' id='word_1_376' title='bbox 2783 2698 2967 2743; x_wconf 88' lang='lat' dir='ltr'><strong>autem</strong></span> <span class='ocrx_word' id='word_1_377' title='bbox 3005 2689 3388 2743; x_wconf 71' lang='lat' dir='ltr'><strong>excubitorum</strong></span> <span class='ocrx_word' id='word_1_378' title='bbox 3435 2697 3555 2746; x_wconf 82' lang='lat' dir='ltr'><strong>tur-</strong></span> 
     </span>
    </p>
   </div>
   <div class='ocr_carea' id='block_1_56' title="bbox 1962 2778 3554 2850">
    <p class='ocr_par' dir='ltr' id='par_1_56' title="bbox 1962 2778 3554 2850">
     <span class='ocr_line' id='line_1_56' title="bbox 1962 2778 3554 2850; baseline -0.003 -12"><span class='ocrx_word' id='word_1_379' title='bbox 1962 2799 2066 2838; x_wconf 70' lang='lat' dir='ltr'><strong>mae</strong></span> <span class='ocrx_word' id='word_1_380' title='bbox 2095 2783 2338 2837; x_wconf 79' lang='lat' dir='ltr'><strong>Joannes</strong></span> <span class='ocrx_word' id='word_1_381' title='bbox 2379 2781 2652 2850; x_wconf 88' lang='lat' dir='ltr'><strong>Crapson,</strong></span> <span class='ocrx_word' id='word_1_382' title='bbox 2683 2780 2935 2834; x_wconf 88' lang='lat' dir='ltr'><strong>llicanati</strong></span> <span class='ocrx_word' id='word_1_383' title='bbox 2979 2779 3206 2836; x_wconf 79' lang='lat' dir='ltr'><strong>Marulis</strong></span> <span class='ocrx_word' id='word_1_384' title='bbox 3239 2778 3405 2834; x_wconf 82' lang='lat' dir='ltr'><strong>ﬁlius.</strong></span> <span class='ocrx_word' id='word_1_385' title='bbox 3447 2779 3554 2834; x_wconf 80' lang='lat' dir='ltr'><strong>Du-</strong></span> 
     </span>
    </p>
   </div>
   <div class='ocr_carea' id='block_1_57' title="bbox 1961 2870 3553 2939">
    <p class='ocr_par' dir='ltr' id='par_1_57' title="bbox 1961 2870 3553 2939">
     <span class='ocr_line' id='line_1_57' title="bbox 1961 2870 3553 2939; baseline -0.003 -11"><span class='ocrx_word' id='word_1_386' title='bbox 1961 2883 2148 2928; x_wconf 89' lang='lat' dir='ltr'><strong>ctores</strong></span> <span class='ocrx_word' id='word_1_387' title='bbox 2193 2871 2472 2926; x_wconf 81' lang='lat' dir='ltr'><strong>exercitus</strong></span> <span class='ocrx_word' id='word_1_388' title='bbox 2515 2879 2674 2924; x_wconf 90' lang='lat' dir='ltr'><strong>erant</strong></span> <span class='ocrx_word' id='word_1_389' title='bbox 2708 2871 2992 2924; x_wconf 83' lang='lat' dir='ltr'><strong>Romanus</strong></span> <span class='ocrx_word' id='word_1_390' title='bbox 3032 2870 3276 2939; x_wconf 70' lang='lat' dir='ltr'><strong>Argyrus</strong></span> <span class='ocrx_word' id='word_1_391' title='bbox 3322 2870 3553 2938; x_wconf 82' lang='lat' dir='ltr'><strong>ejusque</strong></span> 
     </span>
    </p>
   </div>
   <div class='ocr_carea' id='block_1_58' title="bbox 1963 2958 3552 3019">
    <p class='ocr_par' dir='ltr' id='par_1_58' title="bbox 1963 2958 3552 3019">
     <span class='ocr_line' id='line_1_58' title="bbox 1963 2958 3552 3019; baseline -0.003 -1"><span class='ocrx_word' id='word_1_392' title='bbox 1963 2964 2134 3019; x_wconf 82' lang='lat' dir='ltr'><strong>frater</strong></span> <span class='ocrx_word' id='word_1_393' title='bbox 2166 2963 2279 3018; x_wconf 88' lang='lat' dir='ltr'><strong>Lco</strong></span> <span class='ocrx_word' id='word_1_394' title='bbox 2308 2972 2366 3017; x_wconf 90' lang='lat' dir='ltr'><strong>ct</strong></span> <span class='ocrx_word' id='word_1_395' title='bbox 2393 2961 2600 3016; x_wconf 86' lang='lat' dir='ltr'><strong>Bardas</strong></span> <span class='ocrx_word' id='word_1_396' title='bbox 2629 2961 2860 3015; x_wconf 82' lang='lat' dir='ltr'><strong>Phocas.</strong></span> <span class='ocrx_word' id='word_1_397' title='bbox 2889 2959 3092 3015; x_wconf 81' lang='lat' dir='ltr'><strong>Aderat</strong></span> <span class='ocrx_word' id='word_1_398' title='bbox 3125 2969 3183 3014; x_wconf 89' lang='lat' dir='ltr'><strong>et</strong></span> <span class='ocrx_word' id='word_1_399' title='bbox 3205 2958 3395 3014; x_wconf 81' lang='lat' dir='ltr'><strong>Mclias</strong></span> <span class='ocrx_word' id='word_1_400' title='bbox 3425 2974 3552 3014; x_wconf 91' lang='lat' dir='ltr'><strong>cum</strong></span> 
     </span>
    </p>
   </div>
   <div class='ocr_carea' id='block_1_59' title="bbox 1963 3051 3554 3112">
    <p class='ocr_par' dir='ltr' id='par_1_59' title="bbox 1963 3051 3554 3112">
     <span class='ocr_line' id='line_1_59' title="bbox 1963 3051 3554 3112; baseline -0.003 0"><span class='ocrx_word' id='word_1_401' title='bbox 1963 3056 2264 3112; x_wconf 83' lang='lat' dir='ltr'><strong>Armeniis.</strong></span> <span class='ocrx_word' id='word_1_402' title='bbox 2317 3055 2424 3110; x_wconf 90' lang='lat' dir='ltr'><strong>Sed</strong></span> <span class='ocrx_word' id='word_1_403' title='bbox 2463 3063 2519 3110; x_wconf 90' lang='lat' dir='ltr'><strong>et</strong></span> <span class='ocrx_word' id='word_1_404' title='bbox 2563 3053 2963 3109; x_wconf 86' lang='lat' dir='ltr'><strong>Constantinus</strong></span> <span class='ocrx_word' id='word_1_405' title='bbox 3007 3052 3139 3110; x_wconf 79' lang='lat' dir='ltr'><strong>Afer</strong></span> <span class='ocrx_word' id='word_1_406' title='bbox 3189 3067 3315 3107; x_wconf 90' lang='lat' dir='ltr'><strong>cum</strong></span> <span class='ocrx_word' id='word_1_407' title='bbox 3368 3051 3554 3108; x_wconf 84' lang='lat' dir='ltr'><strong>Leone</strong></span> 
     </span>
    </p>
   </div>
   <div class='ocr_carea' id='block_1_60' title="bbox 272 3143 1861 3231">
    <p class='ocr_par' dir='ltr' id='par_1_60' title="bbox 272 3145 1859 3220">
     <span class='ocr_line' id='line_1_60' title="bbox 272 3145 1859 3220; baseline 0.002 -22"><span class='ocrx_word' id='word_1_408' title='bbox 272 3149 362 3199; x_wconf 66' lang='lat'><strong>3&#39;6</strong></span> <span class='ocrx_word' id='word_1_409' title='bbox 389 3145 630 3216; x_wconf 85' lang='grc' dir='ltr'>πόλεμος</span> <span class='ocrx_word' id='word_1_410' title='bbox 684 3147 887 3216; x_wconf 78' lang='grc' dir='ltr'>μεταξὺ</span> <span class='ocrx_word' id='word_1_411' title='bbox 944 3148 1270 3219; x_wconf 88' lang='grc' dir='ltr'>Βουλγάρων</span> <span class='ocrx_word' id='word_1_412' title='bbox 1332 3165 1392 3201; x_wconf 84' lang='grc' dir='ltr'><strong>τε</strong></span> <span class='ocrx_word' id='word_1_413' title='bbox 1434 3151 1528 3203; x_wconf 83' lang='grc' dir='ltr'><strong>καὶ</strong></span> <span class='ocrx_word' id='word_1_414' title='bbox 1569 3149 1859 3220; x_wconf 84' lang='grc' dir='ltr'>Ῥωμαίων</span> 
     </span>
    </p>
   </div>
   <div class='ocr_carea' id='block_1_61' title="bbox 1964 3143 3555 3231">
    <p class='ocr_par' dir='ltr' id='par_1_61' title="bbox 1965 3143 3555 3214">
     <span class='ocr_line' id='line_1_61' title="bbox 1965 3143 3555 3214; baseline -0.004 -10"><span class='ocrx_word' id='word_1_415' title='bbox 1965 3149 2129 3211; x_wconf 88' lang='lat' dir='ltr'><strong>duce,</strong></span> <span class='ocrx_word' id='word_1_416' title='bbox 2157 3149 2214 3202; x_wconf 90' lang='lat' dir='ltr'><strong>in</strong></span> <span class='ocrx_word' id='word_1_417' title='bbox 2238 3147 2498 3202; x_wconf 85' lang='lat' dir='ltr'><strong>omnibus</strong></span> <span class='ocrx_word' id='word_1_418' title='bbox 2519 3162 2640 3214; x_wconf 74' lang='lat' dir='ltr'><strong>qua:</strong></span> <span class='ocrx_word' id='word_1_419' title='bbox 2665 3145 2978 3199; x_wconf 88' lang='lat' dir='ltr'><strong>attinebant</strong></span> <span class='ocrx_word' id='word_1_420' title='bbox 3021 3143 3253 3199; x_wconf 87' lang='lat' dir='ltr'><strong>consilio</strong></span> <span class='ocrx_word' id='word_1_421' title='bbox 3278 3143 3555 3203; x_wconf 77' lang='lat' dir='ltr'><strong>aﬂ‘uturus</strong></span> 
     </span>
    </p>
   </div>
   <div class='ocr_carea' id='block_1_62' title="bbox 276 3236 1857 3309">
    <p class='ocr_par' dir='ltr' id='par_1_62' title="bbox 276 3236 1857 3309">
     <span class='ocr_line' id='line_1_62' title="bbox 276 3236 1857 3309; baseline 0.001 -19"><span class='ocrx_word' id='word_1_422' title='bbox 276 3237 413 3307; x_wconf 78' lang='grc' dir='ltr'>πρὸς</span> <span class='ocrx_word' id='word_1_423' title='bbox 436 3237 513 3307; x_wconf 84' lang='grc' dir='ltr'><strong>τῷ</strong></span> <span class='ocrx_word' id='word_1_424' title='bbox 556 3237 810 3308; x_wconf 82' lang='grc' dir='ltr'>Ἀχελώῳ</span> <span class='ocrx_word' id='word_1_425' title='bbox 846 3238 1082 3309; x_wconf 77' lang='grc' dir='ltr'>ποτα,μῷ</span> <span class='ocrx_word' id='word_1_426' title='bbox 1113 3239 1549 3308; x_wconf 83' lang='grc' dir='ltr'>συγκεκρότηται</span> <span class='ocrx_word' id='word_1_427' title='bbox 1579 3255 1592 3269; x_wconf 90' lang='grc'><strong>·</strong></span> <span class='ocrx_word' id='word_1_428' title='bbox 1622 3241 1714 3292; x_wconf 82' lang='grc' dir='ltr'><strong>καὶ</strong></span> <span class='ocrx_word' id='word_1_429' title='bbox 1747 3236 1857 3308; x_wconf 78' lang='grc' dir='ltr'>(οἷα</span> 
     </span>
    </p>
   </div>
   <div class='ocr_carea' id='block_1_63' title="bbox 277 3329 1856 3402">
    <p class='ocr_par' dir='ltr' id='par_1_63' title="bbox 277 3329 1856 3402">
     <span class='ocr_line' id='line_1_63' title="bbox 277 3329 1856 3402; baseline 0.004 -16"><span class='ocrx_word' id='word_1_430' title='bbox 277 3331 344 3386; x_wconf 71' lang='grc' dir='ltr'>ιὰ</span> <span class='ocrx_word' id='word_1_431' title='bbox 366 3331 506 3384; x_wconf 80' lang='grc' dir='ltr'>Θεοῦ</span> <span class='ocrx_word' id='word_1_432' title='bbox 572 3331 1137 3402; x_wconf 72' lang='grc' dir='ltr'>κρίματαί)γίνεται</span> <span class='ocrx_word' id='word_1_433' title='bbox 1195 3330 1378 3400; x_wconf 79' lang='grc' dir='ltr'>σφαγὴ</span> <span class='ocrx_word' id='word_1_434' title='bbox 1431 3331 1518 3387; x_wconf 80' lang='grc' dir='ltr'><strong>οἵα</strong></span> <span class='ocrx_word' id='word_1_435' title='bbox 1572 3329 1633 3395; x_wconf 78' lang='grc' dir='ltr'>ἐξ</span> <span class='ocrx_word' id='word_1_436' title='bbox 1661 3329 1856 3393; x_wconf 72' lang='grc' dir='ltr'>αἰῶνος</span> 
     </span>
    </p>
   </div>
   <div class='ocr_carea' id='block_1_64' title="bbox 270 3419 1857 3491">
    <p class='ocr_par' dir='ltr' id='par_1_64' title="bbox 270 3419 1857 3491">
     <span class='ocr_line' id='line_1_64' title="bbox 270 3419 1857 3491; baseline -0.001 -17"><span class='ocrx_word' id='word_1_437' title='bbox 270 3422 334 3474; x_wconf 89' lang='grc' dir='ltr'><strong>ού</strong></span> <span class='ocrx_word' id='word_1_438' title='bbox 364 3421 587 3489; x_wconf 76' lang='grc' dir='ltr'>γέγονεν</span> <span class='ocrx_word' id='word_1_439' title='bbox 615 3437 630 3452; x_wconf 80' lang='grc' dir='ltr'><strong>ο</strong></span> <span class='ocrx_word' id='word_1_440' title='bbox 686 3422 838 3475; x_wconf 90' lang='grc' dir='ltr'>Λέων</span> <span class='ocrx_word' id='word_1_441' title='bbox 866 3421 924 3476; x_wconf 81' lang='grc' dir='ltr'>δὲ</span> <span class='ocrx_word' id='word_1_442' title='bbox 953 3424 1042 3476; x_wconf 81' lang='grc' dir='ltr'><strong>ὁ⁹³</strong></span> <span class='ocrx_word' id='word_1_443' title='bbox 1067 3421 1205 3487; x_wconf 71' lang='grc' dir='ltr'>Δοίιξ</span> <span class='ocrx_word' id='word_1_444' title='bbox 1260 3424 1318 3475; x_wconf 80' lang='grc' dir='ltr'>ὲν</span> <span class='ocrx_word' id='word_1_445' title='bbox 1375 3420 1715 3491; x_wconf 74' lang='grc' dir='ltr'>Μεσημϐρίᾳ</span> <span class='ocrx_word' id='word_1_446' title='bbox 1777 3419 1857 3473; x_wconf 83' lang='grc' dir='ltr'>δι-</span> 
     </span>
    </p>
   </div>
   <div class='ocr_carea' id='block_1_65' title="bbox 274 3513 1857 3586">
    <p class='ocr_par' dir='ltr' id='par_1_65' title="bbox 274 3513 1857 3586">
     <span class='ocr_line' id='line_1_65' title="bbox 274 3513 1857 3586; baseline 0 -20"><span class='ocrx_word' id='word_1_447' title='bbox 274 3514 459 3584; x_wconf 83' lang='grc' dir='ltr'>εσώθη</span> <span class='ocrx_word' id='word_1_448' title='bbox 523 3513 732 3582; x_wconf 82' lang='grc' dir='ltr'>φυγών.</span> <span class='ocrx_word' id='word_1_449' title='bbox 776 3514 1020 3583; x_wconf 83' lang='grc' dir='ltr'>Ἐσφάγη</span> <span class='ocrx_word' id='word_1_450' title='bbox 1062 3514 1120 3568; x_wconf 84' lang='grc' dir='ltr'>δὲ</span> <span class='ocrx_word' id='word_1_451' title='bbox 1169 3513 1306 3586; x_wconf 79' lang='grc' dir='ltr'>πρὸς</span> <span class='ocrx_word' id='word_1_452' title='bbox 1328 3516 1440 3574; x_wconf 86' lang='grc' dir='ltr'>τοῖς</span> <span class='ocrx_word' id='word_1_453' title='bbox 1487 3513 1668 3576; x_wconf 78' lang='grc' dir='ltr'>ἄλλοις</span> <span class='ocrx_word' id='word_1_454' title='bbox 1703 3514 1760 3566; x_wconf 80' lang='grc' dir='ltr'>ἐν</span> <span class='ocrx_word' id='word_1_455' title='bbox 1789 3515 1857 3585; x_wconf 76' lang='grc' dir='ltr'>τῇ</span> 
     </span>
    </p>
   </div>
   <div class='ocr_carea' id='block_1_66' title="bbox 275 3605 1862 3676">
    <p class='ocr_par' dir='ltr' id='par_1_66' title="bbox 275 3605 1862 3676">
     <span class='ocr_line' id='line_1_66' title="bbox 275 3605 1862 3676; baseline 0 -18"><span class='ocrx_word' id='word_1_456' title='bbox 275 3605 368 3660; x_wconf 79' lang='grc' dir='ltr'>τοῦ</span> <span class='ocrx_word' id='word_1_457' title='bbox 393 3607 633 3673; x_wconf 82' lang='grc' dir='ltr'>πολέμου</span> <span class='ocrx_word' id='word_1_458' title='bbox 657 3606 899 3676; x_wconf 75' lang='grc' dir='ltr'>συμϐολῇ</span> <span class='ocrx_word' id='word_1_459' title='bbox 930 3608 1341 3669; x_wconf 79' lang='grc' dir='ltr'>Κωνσταντῖνος</span> <span class='ocrx_word' id='word_1_460' title='bbox 1363 3608 1390 3659; x_wconf 88' lang='lat'><strong>6</strong></span> <span class='ocrx_word' id='word_1_461' title='bbox 1407 3605 1516 3675; x_wconf 67' lang='grc' dir='ltr'><strong>Λὶψ</strong></span> <span class='ocrx_word' id='word_1_462' title='bbox 1553 3607 1649 3659; x_wconf 75' lang='grc' dir='ltr'><strong>καὶ</strong></span> <span class='ocrx_word' id='word_1_463' title='bbox 1685 3606 1862 3659; x_wconf 83' lang='grc' dir='ltr'>Ἰωάνο</span> 
     </span>
    </p>
   </div>
   <div class='ocr_carea' id='block_1_67' title="bbox 279 3697 1854 3768">
    <p class='ocr_par' dir='ltr' id='par_1_67' title="bbox 279 3697 1854 3768">
     <span class='ocr_line' id='line_1_67' title="bbox 279 3697 1854 3768; baseline 0 -18"><span class='ocrx_word' id='word_1_464' title='bbox 279 3717 374 3768; x_wconf 86' lang='grc' dir='ltr'><strong>νης</strong></span> <span class='ocrx_word' id='word_1_465' title='bbox 413 3701 442 3751; x_wconf 88' lang='lat'><strong>6</strong></span> <span class='ocrx_word' id='word_1_466' title='bbox 495 3700 534 3750; x_wconf 91' lang='grc' dir='ltr'>Γ</span> <span class='ocrx_word' id='word_1_467' title='bbox 541 3698 728 3768; x_wconf 69' lang='grc' dir='ltr'>ράψων</span> <span class='ocrx_word' id='word_1_468' title='bbox 787 3699 881 3751; x_wconf 72' lang='grc' dir='ltr'>καὶ</span> <span class='ocrx_word' id='word_1_469' title='bbox 949 3697 1100 3752; x_wconf 83' lang='grc' dir='ltr'>ἄλλοι</span> <span class='ocrx_word' id='word_1_470' title='bbox 1169 3697 1278 3750; x_wconf 86' lang='grc' dir='ltr'>τῶν</span> <span class='ocrx_word' id='word_1_471' title='bbox 1337 3698 1615 3768; x_wconf 82' lang='grc' dir='ltr'>ἀρχόντων</span> <span class='ocrx_word' id='word_1_472' title='bbox 1662 3697 1854 3750; x_wconf 72' lang='grc' dir='ltr'>ἱκανοί.</span> 
     </span>
    </p>
   </div>
   <div class='ocr_carea' id='block_1_68' title="bbox 292 3789 1860 3860">
    <p class='ocr_par' dir='ltr' id='par_1_68' title="bbox 292 3789 1860 3860">
     <span class='ocr_line' id='line_1_68' title="bbox 292 3789 1860 3860; baseline -0.001 -17"><span class='ocrx_word' id='word_1_473' title='bbox 292 3791 599 3859; x_wconf 78' lang='grc' dir='ltr'>’Δπεστάλη</span> <span class='ocrx_word' id='word_1_474' title='bbox 639 3792 695 3844; x_wconf 84' lang='grc' dir='ltr'>δὲ</span> <span class='ocrx_word' id='word_1_475' title='bbox 730 3790 1012 3860; x_wconf 80' lang='grc' dir='ltr'>Ῥωμανδς</span> <span class='ocrx_word' id='word_1_476' title='bbox 1044 3791 1335 3860; x_wconf 78' lang='grc' dir='ltr'>πατρέκιος</span> <span class='ocrx_word' id='word_1_477' title='bbox 1374 3791 1468 3843; x_wconf 87' lang='grc' dir='ltr'><strong>καὶ</strong></span> <span class='ocrx_word' id='word_1_478' title='bbox 1500 3789 1860 3859; x_wconf 82' lang='grc' dir='ltr'>δρουγγάριος</span> 
     </span>
    </p>
   </div>
   <div class='ocr_carea' id='block_1_69' title="bbox 297 3879 1862 3954">
    <p class='ocr_par' dir='ltr' id='par_1_69' title="bbox 297 3879 1862 3954">
     <span class='ocr_line' id='line_1_69' title="bbox 297 3879 1862 3954; baseline 0.001 -22"><span class='ocrx_word' id='word_1_479' title='bbox 297 3883 402 3934; x_wconf 77' lang='grc' dir='ltr'>τῶν</span> <span class='ocrx_word' id='word_1_480' title='bbox 435 3885 694 3954; x_wconf 78' lang='grc' dir='ltr'>πλωῒμων</span> <span class='ocrx_word' id='word_1_481' title='bbox 748 3883 885 3953; x_wconf 77' lang='grc' dir='ltr'>μετὰ</span> <span class='ocrx_word' id='word_1_482' title='bbox 913 3881 1116 3944; x_wconf 77' lang='grc' dir='ltr'>παντὸς</span> <span class='ocrx_word' id='word_1_483' title='bbox 1145 3879 1240 3934; x_wconf 78' lang='grc' dir='ltr'>τοῦ</span> <span class='ocrx_word' id='word_1_484' title='bbox 1265 3882 1455 3934; x_wconf 82' lang='grc' dir='ltr'>στόλου</span> <span class='ocrx_word' id='word_1_485' title='bbox 1482 3883 1538 3934; x_wconf 85' lang='grc' dir='ltr'>ὲν</span> <span class='ocrx_word' id='word_1_486' title='bbox 1564 3881 1640 3951; x_wconf 84' lang='grc' dir='ltr'>τῷ</span> <span class='ocrx_word' id='word_1_487' title='bbox 1660 3886 1862 3936; x_wconf 86' lang='grc' dir='ltr'>Δανου-</span> 
     </span>
    </p>
   </div>
   <div class='ocr_carea' id='block_1_70' title="bbox 292 3973 1862 4048">
    <p class='ocr_par' dir='ltr' id='par_1_70' title="bbox 292 3973 1862 4048">
     <span class='ocr_line' id='line_1_70' title="bbox 292 3973 1862 4048; baseline 0.001 -23"><span class='ocrx_word' id='word_1_488' title='bbox 292 3974 394 4041; x_wconf 78' lang='grc' dir='ltr'>δίῳ</span> <span class='ocrx_word' id='word_1_489' title='bbox 438 3976 660 4048; x_wconf 80' lang='grc' dir='ltr'>ποταμῷ</span> <span class='ocrx_word' id='word_1_490' title='bbox 717 3975 1004 4046; x_wconf 75' lang='grc' dir='ltr'>βοηθήσων</span> <span class='ocrx_word' id='word_1_491' title='bbox 1031 3975 1223 4029; x_wconf 80' lang='grc' dir='ltr'>Λέοντι</span> <span class='ocrx_word' id='word_1_492' title='bbox 1253 3973 1330 4044; x_wconf 82' lang='grc' dir='ltr'>τῷ</span> <span class='ocrx_word' id='word_1_493' title='bbox 1352 3975 1545 4045; x_wconf 74' lang='grc' dir='ltr'>Φωκᾷο</span> <span class='ocrx_word' id='word_1_494' title='bbox 1579 3975 1715 4027; x_wconf 72' lang='grc' dir='ltr'>ἀλλὰ</span> <span class='ocrx_word' id='word_1_495' title='bbox 1766 3975 1862 4027; x_wconf 70' lang='grc' dir='ltr'><strong>καὶ</strong></span> 
     </span>
    </p>
   </div>
   <div class='ocr_carea' id='block_1_71' title="bbox 299 4063 1860 4138">
    <p class='ocr_par' dir='ltr' id='par_1_71' title="bbox 299 4063 1860 4138">
     <span class='ocr_line' id='line_1_71' title="bbox 299 4063 1860 4138; baseline -0.005 -14"><span class='ocrx_word' id='word_1_496' title='bbox 299 4070 544 4138; x_wconf 83' lang='grc' dir='ltr'>Ἰωάννης</span> <span class='ocrx_word' id='word_1_497' title='bbox 602 4070 630 4120; x_wconf 91' lang='lat'><strong>6</strong></span> <span class='ocrx_word' id='word_1_498' title='bbox 696 4068 873 4134; x_wconf 83' lang='grc' dir='ltr'>Βογᾶς</span> <span class='ocrx_word' id='word_1_499' title='bbox 940 4067 1278 4134; x_wconf 83' lang='grc' dir='ltr'>καταγαγεῖν</span> <span class='ocrx_word' id='word_1_500' title='bbox 1337 4065 1734 4129; x_wconf 78' lang='grc' dir='ltr'>Πατζινάκους,</span> <span class='ocrx_word' id='word_1_501' title='bbox 1786 4063 1860 4127; x_wconf 78' lang='grc' dir='ltr'>ὡς</span> 
     </span>
    </p>
   </div>
   <div class='ocr_carea' id='block_1_72' title="bbox 276 4155 1861 4234">
    <p class='ocr_par' dir='ltr' id='par_1_72' title="bbox 276 4155 1861 4234">
     <span class='ocr_line' id='line_1_72' title="bbox 276 4155 1861 4234; baseline -0.002 -22"><span class='ocrx_word' id='word_1_502' title='bbox 276 4161 518 4234; x_wconf 78' lang='grc' dir='ltr'>εἴρηται,</span> <span class='ocrx_word' id='word_1_503' title='bbox 551 4160 962 4224; x_wconf 76' lang='grc' dir='ltr'>,κελευσθέντος</span> <span class='ocrx_word' id='word_1_504' title='bbox 1006 4157 1101 4212; x_wconf 81' lang='grc' dir='ltr'>τοῦ</span> <span class='ocrx_word' id='word_1_505' title='bbox 1153 4157 1516 4228; x_wconf 85' lang='grc' dir='ltr'>δρουγγαρίου</span> <span class='ocrx_word' id='word_1_506' title='bbox 1580 4155 1861 4226; x_wconf 87' lang='grc' dir='ltr'>Ῥωμανοῦ</span> 
     </span>
    </p>
   </div>
   <div class='ocr_carea' id='block_1_73' title="bbox 275 4248 1864 4326">
    <p class='ocr_par' dir='ltr' id='par_1_73' title="bbox 275 4248 1864 4326">
     <span class='ocr_line' id='line_1_73' title="bbox 275 4248 1864 4326; baseline -0.005 -17"><span class='ocrx_word' id='word_1_507' title='bbox 275 4255 633 4326; x_wconf 82' lang='grc' dir='ltr'>διαπερᾶσαι.</span> <span class='ocrx_word' id='word_1_508' title='bbox 659 4253 751 4314; x_wconf 75' lang='grc' dir='ltr'><strong>Εἰς</strong></span> <span class='ocrx_word' id='word_1_509' title='bbox 789 4251 966 4322; x_wconf 84' lang='grc' dir='ltr'>μάχας</span> <span class='ocrx_word' id='word_1_510' title='bbox 986 4251 1043 4304; x_wconf 79' lang='grc' dir='ltr'>δὲ</span> <span class='ocrx_word' id='word_1_511' title='bbox 1073 4249 1364 4312; x_wconf 76' lang='grc' dir='ltr'>ἐλθόντων,</span> <span class='ocrx_word' id='word_1_512' title='bbox 1397 4248 1634 4320; x_wconf 82' lang='grc' dir='ltr'>ὁρῶντες</span> <span class='ocrx_word' id='word_1_513' title='bbox 1665 4249 1864 4311; x_wconf 74' lang='grc' dir='ltr'>αὐτοὺς</span> 
     </span>
    </p>
   </div>
   <div class='ocr_carea' id='block_1_74' title="bbox 278 4339 1862 4413">
    <p class='ocr_par' dir='ltr' id='par_1_74' title="bbox 278 4339 1862 4413">
     <span class='ocr_line' id='line_1_74' title="bbox 278 4339 1862 4413; baseline -0.004 -12"><span class='ocrx_word' id='word_1_514' title='bbox 278 4348 330 4402; x_wconf 76' lang='lat' dir='ltr'><strong>oi</strong></span> <span class='ocrx_word' id='word_1_515' title='bbox 359 4347 693 4412; x_wconf 79' lang='grc' dir='ltr'>Πατζινάκοι</span> <span class='ocrx_word' id='word_1_516' title='bbox 723 4345 1110 4408; x_wconf 77' lang='grc' dir='ltr'>στασιάζοντας</span> <span class='ocrx_word' id='word_1_517' title='bbox 1158 4339 1522 4413; x_wconf 81' lang='grc' dir='ltr'>ὑπεχώρησαν</span> <span class='ocrx_word' id='word_1_518' title='bbox 1549 4342 1625 4405; x_wconf 88' lang='grc' dir='ltr'><strong>είς</strong></span> <span class='ocrx_word' id='word_1_519' title='bbox 1641 4340 1710 4393; x_wconf 86' lang='grc' dir='ltr'><strong>τά</strong></span> <span class='ocrx_word' id='word_1_520' title='bbox 1738 4341 1862 4394; x_wconf 78' lang='grc' dir='ltr'>ἴδια.</span> 
     </span>
    </p>
   </div>
   <div class='ocr_carea' id='block_1_75' title="bbox 279 4433 1860 4511">
    <p class='ocr_par' dir='ltr' id='par_1_75' title="bbox 279 4433 1860 4511">
     <span class='ocr_line' id='line_1_75' title="bbox 279 4433 1860 4511; baseline -0.006 -15"><span class='ocrx_word' id='word_1_521' title='bbox 279 4441 390 4496; x_wconf 74' lang='grc' dir='ltr'><strong>Τοῦ</strong></span> <span class='ocrx_word' id='word_1_522' title='bbox 418 4441 477 4494; x_wconf 79' lang='grc' dir='ltr'>δὲ</span> <span class='ocrx_word' id='word_1_523' title='bbox 510 4439 748 4510; x_wconf 82' lang='grc' dir='ltr'>πολέμου</span> <span class='ocrx_word' id='word_1_524' title='bbox 798 4438 899 4511; x_wconf 76' lang='grc' dir='ltr'><strong>ήδη</strong></span> <span class='ocrx_word' id='word_1_525' title='bbox 956 4435 1110 4498; x_wconf 78' lang='grc' dir='ltr'>τέλος</span> <span class='ocrx_word' id='word_1_526' title='bbox 1143 4433 1440 4504; x_wconf 69' lang='grc' dir='ltr'>λαϐόντοςά</span> <span class='ocrx_word' id='word_1_527' title='bbox 1468 4435 1564 4492; x_wconf 73' lang='grc' dir='ltr'><strong>καὶ</strong></span> <span class='ocrx_word' id='word_1_528' title='bbox 1594 4433 1860 4505; x_wconf 81' lang='grc' dir='ltr'>ὑποστρέ-</span> 
     </span>
    </p>
   </div>
   <div class='ocr_carea' id='block_1_76' title="bbox 1961 3233 3554 3311">
    <p class='ocr_par' dir='ltr' id='par_1_76' title="bbox 1961 3233 3554 3311">
     <span class='ocr_line' id='line_1_76' title="bbox 1961 3233 3554 3311; baseline -0.004 -14"><span class='ocrx_word' id='word_1_529' title='bbox 1961 3250 2103 3298; x_wconf 83' lang='lat' dir='ltr'><strong>erat.</strong></span> <span class='ocrx_word' id='word_1_530' title='bbox 2127 3239 2332 3295; x_wconf 80' lang='lat' dir='ltr'><strong>Mensis</strong></span> <span class='ocrx_word' id='word_1_531' title='bbox 2362 3238 2547 3311; x_wconf 80' lang='lat' dir='ltr'><strong>itaque</strong></span> <span class='ocrx_word' id='word_1_532' title='bbox 2571 3237 2802 3308; x_wconf 74' lang='lat' dir='ltr'><strong>Augusti</strong></span> <span class='ocrx_word' id='word_1_533' title='bbox 2827 3237 2917 3291; x_wconf 89' lang='lat' dir='ltr'><strong>die</strong></span> <span class='ocrx_word' id='word_1_534' title='bbox 2945 3236 3227 3306; x_wconf 73' lang='lat' dir='ltr'><strong>vigesima,</strong></span> <span class='ocrx_word' id='word_1_535' title='bbox 3248 3233 3554 3290; x_wconf 83' lang='lat' dir='ltr'><strong>indictione</strong></span> 
     </span>
    </p>
   </div>
   <div class='ocr_carea' id='block_1_77' title="bbox 1961 3327 3554 3406">
    <p class='ocr_par' dir='ltr' id='par_1_77' title="bbox 1961 3327 3554 3406">
     <span class='ocr_line' id='line_1_77' title="bbox 1961 3327 3554 3406; baseline -0.006 -16"><span class='ocrx_word' id='word_1_536' title='bbox 1961 3335 2153 3406; x_wconf 88' lang='lat' dir='ltr'><strong>quinta</strong></span> <span class='ocrx_word' id='word_1_537' title='bbox 2177 3375 2192 3397; x_wconf 89' lang='lat'><strong>,</strong></span> <span class='ocrx_word' id='word_1_538' title='bbox 2223 3339 2483 3388; x_wconf 86' lang='lat' dir='ltr'><strong>conserta</strong></span> <span class='ocrx_word' id='word_1_539' title='bbox 2541 3345 2720 3400; x_wconf 83' lang='lat' dir='ltr'><strong>pugna</strong></span> <span class='ocrx_word' id='word_1_540' title='bbox 2766 3329 3028 3398; x_wconf 77' lang='lat' dir='ltr'><strong>Bulgaros</strong></span> <span class='ocrx_word' id='word_1_541' title='bbox 3069 3327 3216 3383; x_wconf 90' lang='lat' dir='ltr'><strong>inter</strong></span> <span class='ocrx_word' id='word_1_542' title='bbox 3248 3328 3554 3383; x_wconf 82' lang='lat' dir='ltr'><strong>Romanos-</strong></span> 
     </span>
    </p>
   </div>
   <div class='ocr_carea' id='block_1_78' title="bbox 1961 3418 3554 3497">
    <p class='ocr_par' dir='ltr' id='par_1_78' title="bbox 1961 3418 3554 3497">
     <span class='ocr_line' id='line_1_78' title="bbox 1961 3418 3554 3497; baseline -0.004 -15"><span class='ocrx_word' id='word_1_543' title='bbox 1961 3442 2092 3497; x_wconf 87' lang='lat' dir='ltr'><strong>que,</strong></span> <span class='ocrx_word' id='word_1_544' title='bbox 2135 3426 2375 3496; x_wconf 89' lang='lat' dir='ltr'><strong>datoque</strong></span> <span class='ocrx_word' id='word_1_545' title='bbox 2415 3425 2624 3493; x_wconf 88' lang='lat' dir='ltr'><strong>impetu</strong></span> <span class='ocrx_word' id='word_1_546' title='bbox 2677 3421 2744 3476; x_wconf 89' lang='lat' dir='ltr'><strong>ad</strong></span> <span class='ocrx_word' id='word_1_547' title='bbox 2795 3418 3369 3477; x_wconf 60' lang='lat' dir='ltr'><strong>Acheloumﬂuvium</strong></span> <span class='ocrx_word' id='word_1_548' title='bbox 3407 3418 3554 3488; x_wconf 68' lang='lat' dir='ltr'><strong>(quae</strong></span> 
     </span>
    </p>
   </div>
   <div class='ocr_carea' id='block_1_79' title="bbox 1963 3509 3552 3589">
    <p class='ocr_par' dir='ltr' id='par_1_79' title="bbox 1963 3509 3552 3589">
     <span class='ocr_line' id='line_1_79' title="bbox 1963 3509 3552 3589; baseline -0.008 -15"><span class='ocrx_word' id='word_1_549' title='bbox 1963 3519 2062 3574; x_wconf 88' lang='lat' dir='ltr'><strong>Dei</strong></span> <span class='ocrx_word' id='word_1_550' title='bbox 2103 3515 2636 3589; x_wconf 79' lang='lat' dir='ltr'><strong>judicial)strages</strong></span> <span class='ocrx_word' id='word_1_551' title='bbox 2681 3511 2832 3568; x_wconf 89' lang='lat' dir='ltr'><strong>edita</strong></span> <span class='ocrx_word' id='word_1_552' title='bbox 2888 3523 2995 3576; x_wconf 88' lang='lat' dir='ltr'><strong>est,</strong></span> <span class='ocrx_word' id='word_1_553' title='bbox 3037 3511 3216 3581; x_wconf 90' lang='lat' dir='ltr'><strong>qualis</strong></span> <span class='ocrx_word' id='word_1_554' title='bbox 3265 3527 3297 3566; x_wconf 87' lang='lat' dir='ltr'><strong>a</strong></span> <span class='ocrx_word' id='word_1_555' title='bbox 3348 3509 3552 3565; x_wconf 73' lang='lat' dir='ltr'><strong>saeculo</strong></span> 
     </span>
    </p>
   </div>
   <div class='ocr_carea' id='block_1_80' title="bbox 1964 3602 3552 3676">
    <p class='ocr_par' dir='ltr' id='par_1_80' title="bbox 1964 3602 3552 3676">
     <span class='ocr_line' id='line_1_80' title="bbox 1964 3602 3552 3676; baseline -0.005 -10"><span class='ocrx_word' id='word_1_556' title='bbox 1964 3612 2115 3667; x_wconf 90' lang='lat' dir='ltr'><strong>nulla</strong></span> <span class='ocrx_word' id='word_1_557' title='bbox 2159 3609 2285 3664; x_wconf 82' lang='lat' dir='ltr'><strong>fuit.</strong></span> <span class='ocrx_word' id='word_1_558' title='bbox 2327 3608 2441 3663; x_wconf 89' lang='lat' dir='ltr'><strong>Leo</strong></span> <span class='ocrx_word' id='word_1_559' title='bbox 2479 3607 2591 3661; x_wconf 75' lang='lat' dir='ltr'><strong>dux</strong></span> <span class='ocrx_word' id='word_1_560' title='bbox 2633 3605 2757 3676; x_wconf 79' lang='lat' dir='ltr'><strong>fuga</strong></span> <span class='ocrx_word' id='word_1_561' title='bbox 2799 3605 2855 3659; x_wconf 89' lang='lat' dir='ltr'><strong>in</strong></span> <span class='ocrx_word' id='word_1_562' title='bbox 2898 3604 3280 3662; x_wconf 82' lang='lat' dir='ltr'><strong>Mesembriam</strong></span> <span class='ocrx_word' id='word_1_563' title='bbox 3323 3602 3552 3658; x_wconf 88' lang='lat' dir='ltr'><strong>salutem</strong></span> 
     </span>
    </p>
   </div>
   <div class='ocr_carea' id='block_1_81' title="bbox 1963 3686 3554 3769">
    <p class='ocr_par' dir='ltr' id='par_1_81' title="bbox 1963 3686 3554 3769">
     <span class='ocr_line' id='line_1_81' title="bbox 1963 3686 3554 3769; baseline -0.009 -13"><span class='ocrx_word' id='word_1_564' title='bbox 1963 3699 2262 3769; x_wconf 73' lang='lat' dir='ltr'><strong>expedivit.</strong></span> <span class='ocrx_word' id='word_1_565' title='bbox 2299 3697 2360 3750; x_wconf 89' lang='lat' dir='ltr'><strong>ln</strong></span> <span class='ocrx_word' id='word_1_566' title='bbox 2391 3697 2508 3765; x_wconf 88' lang='lat' dir='ltr'><strong>ipsa</strong></span> <span class='ocrx_word' id='word_1_567' title='bbox 2551 3694 2669 3749; x_wconf 88' lang='lat' dir='ltr'><strong>acie</strong></span> <span class='ocrx_word' id='word_1_568' title='bbox 2724 3694 2870 3748; x_wconf 86' lang='lat' dir='ltr'><strong>inter</strong></span> <span class='ocrx_word' id='word_1_569' title='bbox 2914 3691 3056 3746; x_wconf 90' lang='lat' dir='ltr'><strong>alios</strong></span> <span class='ocrx_word' id='word_1_570' title='bbox 3087 3688 3358 3760; x_wconf 88' lang='lat' dir='ltr'><strong>perempti</strong></span> <span class='ocrx_word' id='word_1_571' title='bbox 3402 3686 3554 3742; x_wconf 85' lang='lat' dir='ltr'><strong>Con—</strong></span> 
     </span>
    </p>
   </div>
   <div class='ocr_carea' id='block_1_82' title="bbox 1965 3775 3553 3849">
    <p class='ocr_par' dir='ltr' id='par_1_82' title="bbox 1965 3775 3553 3849">
     <span class='ocr_line' id='line_1_82' title="bbox 1965 3775 3553 3849; baseline -0.009 -6"><span class='ocrx_word' id='word_1_572' title='bbox 1965 3788 2239 3844; x_wconf 84' lang='lat' dir='ltr'><strong>stantinus</strong></span> <span class='ocrx_word' id='word_1_573' title='bbox 2274 3784 2403 3838; x_wconf 82' lang='lat' dir='ltr'><strong>Afer</strong></span> <span class='ocrx_word' id='word_1_574' title='bbox 2443 3792 2500 3837; x_wconf 86' lang='lat' dir='ltr'><strong>et</strong></span> <span class='ocrx_word' id='word_1_575' title='bbox 2529 3783 2771 3836; x_wconf 82' lang='lat' dir='ltr'><strong>Joannes</strong></span> <span class='ocrx_word' id='word_1_576' title='bbox 2823 3779 3076 3849; x_wconf 82' lang='lat' dir='ltr'><strong>Grapson</strong></span> <span class='ocrx_word' id='word_1_577' title='bbox 3136 3778 3344 3847; x_wconf 87' lang='lat' dir='ltr'><strong>aliique</strong></span> <span class='ocrx_word' id='word_1_578' title='bbox 3395 3775 3553 3830; x_wconf 88' lang='lat' dir='ltr'><strong>multi</strong></span> 
     </span>
    </p>
   </div>
   <div class='ocr_carea' id='block_1_83' title="bbox 1965 3869 3553 3951">
    <p class='ocr_par' dir='ltr' id='par_1_83' title="bbox 1965 3869 3553 3951">
     <span class='ocr_line' id='line_1_83' title="bbox 1965 3869 3553 3951; baseline -0.008 -16"><span class='ocrx_word' id='word_1_579' title='bbox 1965 3894 2228 3951; x_wconf 88' lang='lat' dir='ltr'><strong>proceres</strong></span> <span class='ocrx_word' id='word_1_580' title='bbox 2258 3893 2323 3933; x_wconf 91' lang='lat' dir='ltr'><strong>ac</strong></span> <span class='ocrx_word' id='word_1_581' title='bbox 2351 3877 2581 3932; x_wconf 90' lang='lat' dir='ltr'><strong>tribuni.</strong></span> <span class='ocrx_word' id='word_1_582' title='bbox 2626 3877 2906 3930; x_wconf 72' lang='lat' dir='ltr'><strong>Romanus</strong></span> <span class='ocrx_word' id='word_1_583' title='bbox 2936 3887 3108 3941; x_wconf 73' lang='lat' dir='ltr'><strong>porro</strong></span> <span class='ocrx_word' id='word_1_584' title='bbox 3154 3869 3420 3940; x_wconf 84' lang='lat' dir='ltr'><strong>patricius</strong></span> <span class='ocrx_word' id='word_1_585' title='bbox 3449 3885 3553 3924; x_wconf 85' lang='lat' dir='ltr'><strong>na-</strong></span> 
     </span>
    </p>
   </div>
   <div class='ocr_carea' id='block_1_84' title="bbox 1964 3963 3552 4041">
    <p class='ocr_par' dir='ltr' id='par_1_84' title="bbox 1964 3963 3552 4041">
     <span class='ocr_line' id='line_1_84' title="bbox 1964 3963 3552 4041; baseline -0.008 -13"><span class='ocrx_word' id='word_1_586' title='bbox 1964 3974 2279 4041; x_wconf 88' lang='lat' dir='ltr'><strong>valiumque</strong></span> <span class='ocrx_word' id='word_1_587' title='bbox 2313 3967 2646 4038; x_wconf 78' lang='lat' dir='ltr'><strong>drungarius</strong></span> <span class='ocrx_word' id='word_1_588' title='bbox 2687 3983 2814 4021; x_wconf 90' lang='lat' dir='ltr'><strong>cum</strong></span> <span class='ocrx_word' id='word_1_589' title='bbox 2847 3964 2998 4023; x_wconf 89' lang='lat' dir='ltr'><strong>omni</strong></span> <span class='ocrx_word' id='word_1_590' title='bbox 3041 3964 3218 4019; x_wconf 85' lang='lat' dir='ltr'><strong>classe</strong></span> <span class='ocrx_word' id='word_1_591' title='bbox 3257 3963 3326 4017; x_wconf 87' lang='lat' dir='ltr'><strong>ad</strong></span> <span class='ocrx_word' id='word_1_592' title='bbox 3364 3963 3552 4016; x_wconf 89' lang='lat' dir='ltr'><strong>Danu-</strong></span> 
     </span>
    </p>
   </div>
   <div class='ocr_carea' id='block_1_85' title="bbox 1965 4053 3549 4124">
    <p class='ocr_par' dir='ltr' id='par_1_85' title="bbox 1965 4053 3549 4124">
     <span class='ocr_line' id='line_1_85' title="bbox 1965 4053 3549 4124; baseline -0.009 -3"><span class='ocrx_word' id='word_1_593' title='bbox 1965 4066 2120 4121; x_wconf 90' lang='lat' dir='ltr'><strong>bium</strong></span> <span class='ocrx_word' id='word_1_594' title='bbox 2137 4064 2342 4118; x_wconf 86' lang='lat' dir='ltr'><strong>missus</strong></span> <span class='ocrx_word' id='word_1_595' title='bbox 2367 4059 2570 4122; x_wconf 78' lang='lat' dir='ltr'><strong>fuerat,</strong></span> <span class='ocrx_word' id='word_1_596' title='bbox 2603 4059 2770 4113; x_wconf 88' lang='lat' dir='ltr'><strong>Leoni</strong></span> <span class='ocrx_word' id='word_1_597' title='bbox 2810 4057 3022 4116; x_wconf 63' lang='lat' dir='ltr'><strong>Phom</strong></span> <span class='ocrx_word' id='word_1_598' title='bbox 3034 4055 3212 4112; x_wconf 88' lang='lat' dir='ltr'><strong>iturus</strong></span> <span class='ocrx_word' id='word_1_599' title='bbox 3233 4053 3549 4124; x_wconf 85' lang='lat' dir='ltr'><strong>suppetias:</strong></span> 
     </span>
    </p>
   </div>
   <div class='ocr_carea' id='block_1_86' title="bbox 1967 4143 3552 4220">
    <p class='ocr_par' dir='ltr' id='par_1_86' title="bbox 1967 4143 3552 4220">
     <span class='ocr_line' id='line_1_86' title="bbox 1967 4143 3552 4220; baseline -0.009 -8"><span class='ocrx_word' id='word_1_600' title='bbox 1967 4156 2065 4212; x_wconf 81' lang='lat' dir='ltr'><strong>sed</strong></span> <span class='ocrx_word' id='word_1_601' title='bbox 2100 4162 2158 4210; x_wconf 90' lang='lat' dir='ltr'><strong>et</strong></span> <span class='ocrx_word' id='word_1_602' title='bbox 2185 4152 2426 4207; x_wconf 83' lang='lat' dir='ltr'><strong>Joannes</strong></span> <span class='ocrx_word' id='word_1_603' title='bbox 2459 4150 2654 4220; x_wconf 76' lang='lat' dir='ltr'><strong>Bogas,</strong></span> <span class='ocrx_word' id='word_1_604' title='bbox 2677 4147 2785 4216; x_wconf 82' lang='lat' dir='ltr'><strong>qui</strong></span> <span class='ocrx_word' id='word_1_605' title='bbox 2807 4146 3148 4210; x_wconf 32' lang='lat' dir='ltr'><strong>Patzilnacas,</strong></span> <span class='ocrx_word' id='word_1_606' title='bbox 3173 4143 3252 4198; x_wconf 91' lang='lat' dir='ltr'><strong>uti</strong></span> <span class='ocrx_word' id='word_1_607' title='bbox 3281 4143 3491 4197; x_wconf 85' lang='lat' dir='ltr'><strong>dietum</strong></span> <span class='ocrx_word' id='word_1_608' title='bbox 3519 4158 3552 4198; x_wconf 88' lang='lat' dir='ltr'><strong>a</strong></span> 
     </span>
    </p>
   </div>
   <div class='ocr_carea' id='block_1_87' title="bbox 1967 4233 3554 4309">
    <p class='ocr_par' dir='ltr' id='par_1_87' title="bbox 1967 4233 3554 4309">
     <span class='ocr_line' id='line_1_87' title="bbox 1967 4233 3554 4309; baseline -0.009 -6"><span class='ocrx_word' id='word_1_609' title='bbox 1967 4247 2129 4303; x_wconf 89' lang='lat' dir='ltr'><strong>nobis</strong></span> <span class='ocrx_word' id='word_1_610' title='bbox 2177 4253 2281 4309; x_wconf 90' lang='lat' dir='ltr'><strong>est,</strong></span> <span class='ocrx_word' id='word_1_611' title='bbox 2326 4242 2668 4298; x_wconf 88' lang='lat' dir='ltr'><strong>adducturus</strong></span> <span class='ocrx_word' id='word_1_612' title='bbox 2705 4247 2889 4304; x_wconf 88' lang='lat' dir='ltr'><strong>esset;</strong></span> <span class='ocrx_word' id='word_1_613' title='bbox 2922 4251 3154 4306; x_wconf 88' lang='lat' dir='ltr'><strong>quorum</strong></span> <span class='ocrx_word' id='word_1_614' title='bbox 3202 4233 3554 4304; x_wconf 86' lang='lat' dir='ltr'><strong>trajiciendo-</strong></span> 
     </span>
    </p>
   </div>
   <div class='ocr_carea' id='block_1_88' title="bbox 1970 4324 3555 4402">
    <p class='ocr_par' dir='ltr' id='par_1_88' title="bbox 1970 4324 3555 4402">
     <span class='ocr_line' id='line_1_88' title="bbox 1970 4324 3555 4402; baseline -0.009 -8"><span class='ocrx_word' id='word_1_615' title='bbox 1970 4355 2094 4394; x_wconf 90' lang='lat' dir='ltr'><strong>rum</strong></span> <span class='ocrx_word' id='word_1_616' title='bbox 2146 4339 2394 4392; x_wconf 79' lang='lat' dir='ltr'><strong>Romano</strong></span> <span class='ocrx_word' id='word_1_617' title='bbox 2441 4331 2738 4402; x_wconf 83' lang='lat' dir='ltr'><strong>drungario</strong></span> <span class='ocrx_word' id='word_1_618' title='bbox 2777 4343 2977 4383; x_wconf 89' lang='lat' dir='ltr'><strong>munus</strong></span> <span class='ocrx_word' id='word_1_619' title='bbox 3021 4326 3385 4381; x_wconf 89' lang='lat' dir='ltr'><strong>incumberet.</strong></span> <span class='ocrx_word' id='word_1_620' title='bbox 3419 4324 3555 4380; x_wconf 90' lang='lat' dir='ltr'><strong>Orto</strong></span> 
     </span>
    </p>
   </div>
   <div class='ocr_carea' id='block_1_89' title="bbox 1969 4415 3556 4494">
    <p class='ocr_par' dir='ltr' id='par_1_89' title="bbox 1969 4415 3556 4494">
     <span class='ocr_line' id='line_1_89' title="bbox 1969 4415 3556 4494; baseline -0.012 -4"><span class='ocrx_word' id='word_1_621' title='bbox 1969 4449 2103 4491; x_wconf 73' lang='lat' dir='ltr'><strong>vero</strong></span> <span class='ocrx_word' id='word_1_622' title='bbox 2146 4433 2294 4494; x_wconf 72' lang='lat' dir='ltr'><strong>inter</strong></span> <span class='ocrx_word' id='word_1_623' title='bbox 2340 4443 2437 4489; x_wconf 81' lang='lat' dir='ltr'><strong>eos</strong></span> <span class='ocrx_word' id='word_1_624' title='bbox 2483 4425 2738 4490; x_wconf 88' lang='lat' dir='ltr'><strong>dissidio,</strong></span> <span class='ocrx_word' id='word_1_625' title='bbox 2775 4423 3028 4478; x_wconf 76' lang='lat' dir='ltr'><strong>videntes</strong></span> <span class='ocrx_word' id='word_1_626' title='bbox 3058 4417 3376 4474; x_wconf 83' lang='lat' dir='ltr'><strong>Patzinaces</strong></span> <span class='ocrx_word' id='word_1_627' title='bbox 3407 4415 3556 4488; x_wconf 85' lang='lat' dir='ltr'><strong>ipsos</strong></span> 
     </span>
    </p>
   </div>
   <div class='ocr_carea' id='block_1_90' title="bbox 277 4501 1861 4604">
    <p class='ocr_par' dir='ltr' id='par_1_90' title="bbox 277 4501 1861 4604">
     <span class='ocr_line' id='line_1_90' title="bbox 277 4501 1861 4604; baseline -0.004 -17"><span class='ocrx_word' id='word_1_628' title='bbox 277 4533 486 4604; x_wconf 79' lang='grc' dir='ltr'>ψαντος</span> <span class='ocrx_word' id='word_1_629' title='bbox 519 4534 577 4586; x_wconf 79' lang='grc' dir='ltr'>ὲν</span> <span class='ocrx_word' id='word_1_630' title='bbox 602 4501 670 4604; x_wconf 56' lang='lat' dir='ltr'><strong>cii</strong></span> <span class='ocrx_word' id='word_1_631' title='bbox 699 4501 852 4584; x_wconf 70' lang='grc' dir='ltr'>πόλει</span> <span class='ocrx_word' id='word_1_632' title='bbox 886 4501 999 4583; x_wconf 49' lang='grc' dir='ltr'>’τοῦ</span> <span class='ocrx_word' id='word_1_633' title='bbox 1031 4545 1091 4581; x_wconf 86' lang='grc' dir='ltr'><strong>τε</strong></span> <span class='ocrx_word' id='word_1_634' title='bbox 1149 4501 1439 4598; x_wconf 68' lang='grc' dir='ltr'>Ῥωμανού</span> <span class='ocrx_word' id='word_1_635' title='bbox 1465 4525 1563 4580; x_wconf 75' lang='grc' dir='ltr'>καὶ</span> <span class='ocrx_word' id='word_1_636' title='bbox 1581 4501 1861 4596; x_wconf 79' lang='grc' dir='ltr'>τοῦΒογᾶ,</span> 
     </span>
    </p>
   </div>
   <div class='ocr_carea' id='block_1_91' title="bbox 1964 4501 3557 4604">
    <p class='ocr_par' dir='ltr' id='par_1_91' title="bbox 1975 4507 3557 4595">
     <span class='ocr_line' id='line_1_91' title="bbox 1975 4507 3557 4595; baseline -0.012 -14"><span class='ocrx_word' id='word_1_637' title='bbox 1975 4523 2342 4595; x_wconf 79' lang='lat' dir='ltr'><strong>digtadiantes</strong></span> <span class='ocrx_word' id='word_1_638' title='bbox 2392 4518 2460 4574; x_wconf 90' lang='lat' dir='ltr'><strong>ad</strong></span> <span class='ocrx_word' id='word_1_639' title='bbox 2508 4532 2604 4573; x_wconf 89' lang='lat' dir='ltr'><strong>sua</strong></span> <span class='ocrx_word' id='word_1_640' title='bbox 2647 4515 2974 4570; x_wconf 88' lang='lat' dir='ltr'><strong>discessere.</strong></span> <span class='ocrx_word' id='word_1_641' title='bbox 3033 4509 3151 4570; x_wconf 77' lang='lat' dir='ltr'><strong>1am</strong></span> <span class='ocrx_word' id='word_1_642' title='bbox 3191 4517 3374 4563; x_wconf 86' lang='lat' dir='ltr'><strong>autem</strong></span> <span class='ocrx_word' id='word_1_643' title='bbox 3409 4507 3557 4563; x_wconf 77' lang='lat' dir='ltr'><strong>bello</strong></span> 
     </span>
    </p>
   </div>
   <div class='ocr_carea' id='block_1_92' title="bbox 281 4618 1867 4693">
    <p class='ocr_par' dir='ltr' id='par_1_92' title="bbox 281 4618 1867 4693">
     <span class='ocr_line' id='line_1_92' title="bbox 281 4618 1867 4693; baseline -0.006 -12"><span class='ocrx_word' id='word_1_644' title='bbox 281 4626 404 4681; x_wconf 85' lang='grc' dir='ltr'>κατ’</span> <span class='ocrx_word' id='word_1_645' title='bbox 462 4624 645 4681; x_wconf 83' lang='grc' dir='ltr'>αὐτῶν</span> <span class='ocrx_word' id='word_1_646' title='bbox 703 4623 959 4693; x_wconf 75' lang='grc' dir='ltr'>ἐκίνησεν</span> <span class='ocrx_word' id='word_1_647' title='bbox 1026 4623 1058 4691; x_wconf 81' lang='grc' dir='ltr'><strong>ἡ</strong></span> <span class='ocrx_word' id='word_1_648' title='bbox 1117 4621 1291 4684; x_wconf 87' lang='grc' dir='ltr'>πόλις,</span> <span class='ocrx_word' id='word_1_649' title='bbox 1337 4619 1433 4672; x_wconf 80' lang='grc' dir='ltr'><strong>καὶ</strong></span> <span class='ocrx_word' id='word_1_650' title='bbox 1497 4619 1575 4678; x_wconf 80' lang='grc' dir='ltr'><strong>είς</strong></span> <span class='ocrx_word' id='word_1_651' title='bbox 1613 4618 1867 4672; x_wconf 81' lang='grc' dir='ltr'>τοσοῦτον</span> 
     </span>
    </p>
   </div>
   <div class='ocr_carea' id='block_1_93' title="bbox 283 4709 1868 4788">
    <p class='ocr_par' dir='ltr' id='par_1_93' title="bbox 283 4709 1868 4788">
     <span class='ocr_line' id='line_1_93' title="bbox 283 4709 1868 4788; baseline -0.007 -13"><span class='ocrx_word' id='word_1_652' title='bbox 283 4721 530 4774; x_wconf 83' lang='grc' dir='ltr'>κίνδυνον</span> <span class='ocrx_word' id='word_1_653' title='bbox 584 4718 678 4771; x_wconf 85' lang='grc' dir='ltr'><strong>τὸν</strong></span> <span class='ocrx_word' id='word_1_654' title='bbox 738 4715 1100 4788; x_wconf 83' lang='grc' dir='ltr'>δρουγγάριον</span> <span class='ocrx_word' id='word_1_655' title='bbox 1161 4710 1441 4782; x_wconf 84' lang='grc' dir='ltr'>Ῥωμανδν</span> <span class='ocrx_word' id='word_1_656' title='bbox 1503 4709 1868 4781; x_wconf 83' lang='grc' dir='ltr'>περιέστησαν</span> 
     </span>
    </p>
   </div>
   <div class='ocr_carea' id='block_1_94' title="bbox 281 4798 1864 4881">
    <p class='ocr_par' dir='ltr' id='par_1_94' title="bbox 281 4798 1864 4881">
     <span class='ocr_line' id='line_1_94' title="bbox 281 4798 1864 4881; baseline -0.009 -14"><span class='ocrx_word' id='word_1_657' title='bbox 281 4813 427 4868; x_wconf 79' lang='grc' dir='ltr'>ὥστε</span> <span class='ocrx_word' id='word_1_658' title='bbox 455 4810 555 4881; x_wconf 85' lang='grc' dir='ltr'>τὴν</span> <span class='ocrx_word' id='word_1_659' title='bbox 588 4807 698 4861; x_wconf 85' lang='grc' dir='ltr'><strong>τῶν</strong></span> <span class='ocrx_word' id='word_1_660' title='bbox 759 4804 1058 4876; x_wconf 81' lang='grc' dir='ltr'>ὀφθαλμῶν</span> <span class='ocrx_word' id='word_1_661' title='bbox 1089 4801 1348 4876; x_wconf 78' lang='grc' dir='ltr'>στέρησιν</span> <span class='ocrx_word' id='word_1_662' title='bbox 1374 4798 1864 4867; x_wconf 81' lang='grc' dir='ltr'>καταδικασθῆναι,</span> 
     </span>
    </p>
   </div>
   <div class='ocr_carea' id='block_1_95' title="bbox 283 4891 1868 4974">
    <p class='ocr_par' dir='ltr' id='par_1_95' title="bbox 283 4891 1868 4974">
     <span class='ocr_line' id='line_1_95' title="bbox 283 4891 1868 4974; baseline -0.009 -15"><span class='ocrx_word' id='word_1_663' title='bbox 283 4907 362 4964; x_wconf 79' lang='grc' dir='ltr'>ὠς</span> <span class='ocrx_word' id='word_1_664' title='bbox 396 4902 654 4974; x_wconf 74' lang='grc' dir='ltr'>ἀμελείᾳ,</span> <span class='ocrx_word' id='word_1_665' title='bbox 695 4899 897 4970; x_wconf 84' lang='grc' dir='ltr'>μᾶλλον</span> <span class='ocrx_word' id='word_1_666' title='bbox 953 4897 1010 4953; x_wconf 82' lang='grc' dir='ltr'>δὲ</span> <span class='ocrx_word' id='word_1_667' title='bbox 1055 4893 1364 4966; x_wconf 74' lang='grc' dir='ltr'>κακουργίᾳ</span> <span class='ocrx_word' id='word_1_668' title='bbox 1419 4892 1494 4964; x_wconf 81' lang='grc' dir='ltr'>μὴ</span> <span class='ocrx_word' id='word_1_669' title='bbox 1539 4891 1868 4962; x_wconf 76' lang='grc' dir='ltr'>διαπερᾶσαι</span> 
     </span>
    </p>
   </div>
   <div class='ocr_carea' id='block_1_96' title="bbox 285 4985 1870 5064">
    <p class='ocr_par' dir='ltr' id='par_1_96' title="bbox 285 4985 1870 5064">
     <span class='ocr_line' id='line_1_96' title="bbox 285 4985 1870 5064; baseline -0.011 -10"><span class='ocrx_word' id='word_1_670' title='bbox 285 5001 411 5064; x_wconf 85' lang='grc' dir='ltr'>τοὺς</span> <span class='ocrx_word' id='word_1_671' title='bbox 474 4994 870 5060; x_wconf 77' lang='grc' dir='ltr'>Πατζινάκους,</span> <span class='ocrx_word' id='word_1_672' title='bbox 914 4991 1049 5062; x_wconf 79' lang='grc' dir='ltr'>μηδὲ</span> <span class='ocrx_word' id='word_1_673' title='bbox 1073 4989 1203 5052; x_wconf 75' lang='grc' dir='ltr'>τοὺς</span> <span class='ocrx_word' id='word_1_674' title='bbox 1225 4987 1526 5058; x_wconf 81' lang='grc' dir='ltr'>φεύγοντας</span> <span class='ocrx_word' id='word_1_675' title='bbox 1563 4985 1870 5056; x_wconf 84' lang='grc' dir='ltr'>Ῥωμαίους</span> 
     </span>
    </p>
   </div>
   <div class='ocr_carea' id='block_1_97' title="bbox 289 5075 1871 5151">
    <p class='ocr_par' dir='ltr' id='par_1_97' title="bbox 289 5075 1871 5151">
     <span class='ocr_line' id='line_1_97' title="bbox 289 5075 1871 5151; baseline -0.011 -7"><span class='ocrx_word' id='word_1_676' title='bbox 289 5093 345 5143; x_wconf 81' lang='grc' dir='ltr'>ἐν</span> <span class='ocrx_word' id='word_1_677' title='bbox 369 5091 488 5151; x_wconf 80' lang='grc' dir='ltr'>τοῖς</span> <span class='ocrx_word' id='word_1_678' title='bbox 534 5088 740 5150; x_wconf 88' lang='grc' dir='ltr'>πλοίοις</span> <span class='ocrx_word' id='word_1_679' title='bbox 780 5079 1161 5150; x_wconf 80' lang='grc' dir='ltr'>ὐποδέξασθαι.</span> <span class='ocrx_word' id='word_1_680' title='bbox 1219 5079 1330 5134; x_wconf 68' lang='grc' dir='ltr'>Καὶ</span> <span class='ocrx_word' id='word_1_681' title='bbox 1352 5077 1513 5131; x_wconf 77' lang='grc' dir='ltr'>τοῦτο</span> <span class='ocrx_word' id='word_1_682' title='bbox 1542 5075 1610 5134; x_wconf 83' lang='grc' dir='ltr'><strong>ἂν</strong></span> <span class='ocrx_word' id='word_1_683' title='bbox 1639 5075 1871 5129; x_wconf 75' lang='grc' dir='ltr'>ἐπεπόν-</span> 
     </span>
    </p>
   </div>
   <div class='ocr_carea' id='block_1_98' title="bbox 283 5171 1869 5255">
    <p class='ocr_par' dir='ltr' id='par_1_98' title="bbox 283 5171 1869 5255">
     <span class='ocr_line' id='line_1_98' title="bbox 283 5171 1869 5255; baseline -0.009 -16"><span class='ocrx_word' id='word_1_684' title='bbox 283 5187 388 5247; x_wconf 87' lang='grc' dir='ltr'>θει,</span> <span class='ocrx_word' id='word_1_685' title='bbox 455 5181 540 5255; x_wconf 81' lang='grc' dir='ltr'><strong>[Ρ.</strong></span> <span class='ocrx_word' id='word_1_686' title='bbox 572 5176 702 5252; x_wconf 73' lang='grc'><strong>477]</strong></span> <span class='ocrx_word' id='word_1_687' title='bbox 732 5180 783 5232; x_wconf 87' lang='grc' dir='ltr'><strong>εί</strong></span> <span class='ocrx_word' id='word_1_688' title='bbox 814 5178 890 5248; x_wconf 84' lang='grc' dir='ltr'><strong>μὴ</strong></span> <span class='ocrx_word' id='word_1_689' title='bbox 931 5175 1084 5246; x_wconf 80' lang='grc' dir='ltr'>παρὰ</span> <span class='ocrx_word' id='word_1_690' title='bbox 1133 5171 1551 5228; x_wconf 82' lang='grc' dir='ltr'>Κωνσταντίνου</span> <span class='ocrx_word' id='word_1_691' title='bbox 1580 5172 1869 5243; x_wconf 83' lang='grc' dir='ltr'>πατρικίου</span> 
     </span>
    </p>
   </div>
   <div class='ocr_carea' id='block_1_99' title="bbox 285 5264 1876 5342">
    <p class='ocr_par' dir='ltr' id='par_1_99' title="bbox 285 5264 1876 5342">
     <span class='ocr_line' id='line_1_99' title="bbox 285 5264 1876 5342; baseline -0.014 -11"><span class='ocrx_word' id='word_1_692' title='bbox 285 5277 382 5331; x_wconf 78' lang='grc' dir='ltr'>τοῦ</span> <span class='ocrx_word' id='word_1_693' title='bbox 434 5272 688 5342; x_wconf 86' lang='grc' dir='ltr'>Γογγύλη</span> <span class='ocrx_word' id='word_1_694' title='bbox 739 5271 833 5323; x_wconf 76' lang='grc' dir='ltr'><strong>καὶ</strong></span> <span class='ocrx_word' id='word_1_695' title='bbox 878 5267 1155 5337; x_wconf 82' lang='grc' dir='ltr'>Στεφάνου</span> <span class='ocrx_word' id='word_1_696' title='bbox 1187 5267 1490 5338; x_wconf 82' lang='grc' dir='ltr'>μαγίστρου</span> <span class='ocrx_word' id='word_1_697' title='bbox 1517 5264 1686 5320; x_wconf 74' lang='grc' dir='ltr'>πολλὰ</span> <span class='ocrx_word' id='word_1_698' title='bbox 1715 5265 1876 5318; x_wconf 72' lang='grc' dir='ltr'>δυνα-</span> 
     </span>
    </p>
   </div>
   <div class='ocr_carea' id='block_1_100' title="bbox 291 5357 1932 5440">
    <p class='ocr_par' dir='ltr' id='par_1_100' title="bbox 291 5357 1932 5440">
     <span class='ocr_line' id='line_1_100' title="bbox 291 5357 1932 5440; baseline -0.009 -17"><span class='ocrx_word' id='word_1_699' title='bbox 291 5371 476 5440; x_wconf 80' lang='grc' dir='ltr'>μένων</span> <span class='ocrx_word' id='word_1_700' title='bbox 527 5365 678 5438; x_wconf 66' lang='grc' dir='ltr'>παρὰ</span> <span class='ocrx_word' id='word_1_701' title='bbox 707 5366 774 5434; x_wconf 81' lang='grc' dir='ltr'>τῇ</span> <span class='ocrx_word' id='word_1_702' title='bbox 827 5361 1117 5432; x_wconf 79' lang='grc' dir='ltr'>Δύγούστῃ</span> <span class='ocrx_word' id='word_1_703' title='bbox 1176 5359 1246 5414; x_wconf 78' lang='grc' dir='ltr'>τὰ</span> <span class='ocrx_word' id='word_1_704' title='bbox 1296 5360 1396 5429; x_wconf 77' lang='grc' dir='ltr'>τῆς</span> <span class='ocrx_word' id='word_1_705' title='bbox 1433 5357 1730 5427; x_wconf 86' lang='grc' dir='ltr'>καταδίκης</span> <span class='ocrx_word' id='word_1_706' title='bbox 1778 5359 1874 5410; x_wconf 83' lang='grc' dir='ltr'>άν-</span> <span class='ocrx_word' id='word_1_707' title='bbox 1926 5395 1932 5401; x_wconf 86' lang='grc'><strong>.</strong></span> 
     </span>
    </p>
   </div>
   <div class='ocr_carea' id='block_1_101' title="bbox 286 5475 1874 5616">
    <p class='ocr_par' dir='ltr' id='par_1_101' title="bbox 286 5475 1874 5616">
     <span class='ocr_line' id='line_1_101' title="bbox 286 5475 1874 5616; baseline -0.006 -13"><span class='ocrx_word' id='word_1_708' title='bbox 286 5475 635 5603; x_wconf 40' lang='grc' dir='ltr'><strong>ετῗὲἶῐηλῶν</strong></span> <span class='ocrx_word' id='word_1_709' title='bbox 673 5545 730 5602; x_wconf 79' lang='grc' dir='ltr'>δὲ</span> <span class='ocrx_word' id='word_1_710' title='bbox 759 5543 1086 5616; x_wconf 81' lang='grc' dir='ltr'>Βουλγάρων</span> <span class='ocrx_word' id='word_1_711' title='bbox 1140 5542 1300 5612; x_wconf 79' lang='grc' dir='ltr'>μέχρι</span> <span class='ocrx_word' id='word_1_712' title='bbox 1361 5540 1458 5610; x_wconf 86' lang='grc' dir='ltr'>τῆς</span> <span class='ocrx_word' id='word_1_713' title='bbox 1519 5539 1726 5602; x_wconf 85' lang='grc' dir='ltr'>πόλεως</span> <span class='ocrx_word' id='word_1_714' title='bbox 1779 5541 1874 5593; x_wconf 82' lang='grc' dir='ltr'><strong>ὲκ·-</strong></span> 
     </span>
    </p>
   </div>
   <div class='ocr_carea' id='block_1_102' title="bbox 292 5630 1874 5715">
    <p class='ocr_par' dir='ltr' id='par_1_102' title="bbox 292 5630 1874 5715">
     <span class='ocr_line' id='line_1_102' title="bbox 292 5630 1874 5715; baseline -0.006 -19"><span class='ocrx_word' id='word_1_715' title='bbox 292 5639 749 5715; x_wconf 83' lang='grc' dir='ltr'>στρατευσάντων</span> <span class='ocrx_word' id='word_1_716' title='bbox 797 5637 989 5709; x_wconf 75' lang='grc' dir='ltr'>ἐξῆλθε</span> <span class='ocrx_word' id='word_1_717' title='bbox 1047 5634 1197 5690; x_wconf 84' lang='grc' dir='ltr'>Λέων</span> <span class='ocrx_word' id='word_1_718' title='bbox 1257 5634 1286 5688; x_wconf 88' lang='lat'><strong>6</strong></span> <span class='ocrx_word' id='word_1_719' title='bbox 1332 5632 1455 5699; x_wconf 73' lang='grc' dir='ltr'>δοὺξ</span> <span class='ocrx_word' id='word_1_720' title='bbox 1505 5630 1612 5685; x_wconf 83' lang='grc' dir='ltr'>τῶν</span> <span class='ocrx_word' id='word_1_721' title='bbox 1669 5632 1874 5704; x_wconf 73' lang='grc' dir='ltr'>σχολῶν</span> 
     </span>
    </p>
   </div>
   <div class='ocr_carea' id='block_1_103' title="bbox 1975 4599 3558 4680">
    <p class='ocr_par' dir='ltr' id='par_1_103' title="bbox 1975 4599 3558 4680">
     <span class='ocr_line' id='line_1_103' title="bbox 1975 4599 3558 4680; baseline -0.015 -7"><span class='ocrx_word' id='word_1_722' title='bbox 1975 4617 2253 4680; x_wconf 86' lang='lat' dir='ltr'><strong>absoluto,</strong></span> <span class='ocrx_word' id='word_1_723' title='bbox 2302 4627 2429 4668; x_wconf 87' lang='lat' dir='ltr'><strong>cum</strong></span> <span class='ocrx_word' id='word_1_724' title='bbox 2469 4610 2750 4665; x_wconf 83' lang='lat' dir='ltr'><strong>Romanus</strong></span> <span class='ocrx_word' id='word_1_725' title='bbox 2785 4606 3066 4674; x_wconf 81' lang='lat' dir='ltr'><strong>Bogasque</strong></span> <span class='ocrx_word' id='word_1_726' title='bbox 3107 4601 3163 4654; x_wconf 91' lang='lat' dir='ltr'><strong>in</strong></span> <span class='ocrx_word' id='word_1_727' title='bbox 3217 4599 3410 4654; x_wconf 88' lang='lat' dir='ltr'><strong>urbem</strong></span> <span class='ocrx_word' id='word_1_728' title='bbox 3468 4612 3558 4651; x_wconf 80' lang='lat' dir='ltr'><strong>re-</strong></span> 
     </span>
    </p>
   </div>
   <div class='ocr_carea' id='block_1_104' title="bbox 1975 4690 3559 4766">
    <p class='ocr_par' dir='ltr' id='par_1_104' title="bbox 1975 4690 3559 4766">
     <span class='ocr_line' id='line_1_104' title="bbox 1975 4690 3559 4766; baseline -0.011 -8"><span class='ocrx_word' id='word_1_729' title='bbox 1975 4707 2123 4762; x_wconf 82' lang='lat' dir='ltr'><strong>versi</strong></span> <span class='ocrx_word' id='word_1_730' title='bbox 2153 4709 2364 4766; x_wconf 84' lang='lat' dir='ltr'><strong>essent,</strong></span> <span class='ocrx_word' id='word_1_731' title='bbox 2400 4701 2454 4755; x_wconf 90' lang='lat' dir='ltr'><strong>in</strong></span> <span class='ocrx_word' id='word_1_732' title='bbox 2484 4715 2580 4754; x_wconf 89' lang='lat' dir='ltr'><strong>eos</strong></span> <span class='ocrx_word' id='word_1_733' title='bbox 2615 4695 2948 4754; x_wconf 84' lang='lat' dir='ltr'><strong>tumultuata</strong></span> <span class='ocrx_word' id='word_1_734' title='bbox 2999 4690 3196 4746; x_wconf 81' lang='lat' dir='ltr'><strong>civitas</strong></span> <span class='ocrx_word' id='word_1_735' title='bbox 3219 4698 3340 4760; x_wconf 85' lang='lat' dir='ltr'><strong>cst;</strong></span> <span class='ocrx_word' id='word_1_736' title='bbox 3381 4703 3559 4758; x_wconf 85' lang='lat' dir='ltr'><strong>eoque</strong></span> 
     </span>
    </p>
   </div>
   <div class='ocr_carea' id='block_1_105' title="bbox 1977 4771 3561 4858">
    <p class='ocr_par' dir='ltr' id='par_1_105' title="bbox 1977 4771 3561 4858">
     <span class='ocr_line' id='line_1_105' title="bbox 1977 4771 3561 4858; baseline -0.012 -4"><span class='ocrx_word' id='word_1_737' title='bbox 1977 4771 2314 4854; x_wconf 76' lang='lat' dir='ltr'><strong>discriminis</strong></span> <span class='ocrx_word' id='word_1_738' title='bbox 2368 4795 2678 4849; x_wconf 80' lang='lat' dir='ltr'><strong>Romanum</strong></span> <span class='ocrx_word' id='word_1_739' title='bbox 2739 4785 3098 4858; x_wconf 84' lang='lat' dir='ltr'><strong>drungarium</strong></span> <span class='ocrx_word' id='word_1_740' title='bbox 3155 4783 3436 4838; x_wconf 77' lang='lat' dir='ltr'><strong>adduxere</strong></span> <span class='ocrx_word' id='word_1_741' title='bbox 3501 4790 3561 4835; x_wconf 89' lang='lat' dir='ltr'><strong>ut</strong></span> 
     </span>
    </p>
   </div>
   <div class='ocr_carea' id='block_1_106' title="bbox 1977 4873 3627 4982">
    <p class='ocr_par' dir='ltr' id='par_1_106' title="bbox 1977 4873 3627 4982">
     <span class='ocr_line' id='line_1_106' title="bbox 1977 4873 3627 4982; baseline -0.015 -33"><span class='ocrx_word' id='word_1_742' title='bbox 1977 4890 2292 4949; x_wconf 90' lang='lat' dir='ltr'><strong>amissionis</strong></span> <span class='ocrx_word' id='word_1_743' title='bbox 2339 4888 2626 4944; x_wconf 89' lang='lat' dir='ltr'><strong>oculorum</strong></span> <span class='ocrx_word' id='word_1_744' title='bbox 2652 4884 2948 4939; x_wconf 88' lang='lat' dir='ltr'><strong>damnatus</strong></span> <span class='ocrx_word' id='word_1_745' title='bbox 2989 4879 3083 4942; x_wconf 86' lang='lat' dir='ltr'><strong>sit,</strong></span> <span class='ocrx_word' id='word_1_746' title='bbox 3135 4877 3288 4932; x_wconf 87' lang='lat' dir='ltr'><strong>velut</strong></span> <span class='ocrx_word' id='word_1_747' title='bbox 3327 4873 3420 4946; x_wconf 92' lang='lat' dir='ltr'><strong>qui</strong></span> <span class='ocrx_word' id='word_1_748' title='bbox 3458 4889 3560 4928; x_wconf 87' lang='lat' dir='ltr'><strong>nc-</strong></span> <span class='ocrx_word' id='word_1_749' title='bbox 3589 4919 3627 4982; x_wconf 38' lang='grc' dir='ltr'><strong><em>(λ</em></strong></span> 
     </span>
    </p>
   </div>
   <div class='ocr_carea' id='block_1_107' title="bbox 1978 4965 3558 5057">
    <p class='ocr_par' dir='ltr' id='par_1_107' title="bbox 1978 4965 3558 5057">
     <span class='ocr_line' id='line_1_107' title="bbox 1978 4965 3558 5057; baseline -0.015 -17"><span class='ocrx_word' id='word_1_750' title='bbox 1978 4983 2261 5057; x_wconf 77' lang='lat' dir='ltr'><strong>gligentia,</strong></span> <span class='ocrx_word' id='word_1_751' title='bbox 2313 4980 2371 5035; x_wconf 90' lang='lat' dir='ltr'><strong>ni</strong></span> <span class='ocrx_word' id='word_1_752' title='bbox 2427 4978 2613 5050; x_wconf 89' lang='lat' dir='ltr'><strong>potius</strong></span> <span class='ocrx_word' id='word_1_753' title='bbox 2665 4976 2908 5046; x_wconf 79' lang='lat' dir='ltr'><strong>maligno</strong></span> <span class='ocrx_word' id='word_1_754' title='bbox 2967 4985 3248 5044; x_wconf 86' lang='lat' dir='ltr'><strong>pravoque</strong></span> <span class='ocrx_word' id='word_1_755' title='bbox 3306 4965 3558 5030; x_wconf 90' lang='lat' dir='ltr'><strong>consilio,</strong></span> 
     </span>
    </p>
   </div>
   <div class='ocr_carea' id='block_1_108' title="bbox 1978 5058 3561 5139">
    <p class='ocr_par' dir='ltr' id='par_1_108' title="bbox 1978 5058 3561 5139">
     <span class='ocr_line' id='line_1_108' title="bbox 1978 5058 3561 5139; baseline -0.015 -7"><span class='ocrx_word' id='word_1_756' title='bbox 1978 5074 2300 5132; x_wconf 79' lang='lat' dir='ltr'><strong>Patzinacas</strong></span> <span class='ocrx_word' id='word_1_757' title='bbox 2328 5085 2437 5126; x_wconf 87' lang='lat' dir='ltr'><strong>non</strong></span> <span class='ocrx_word' id='word_1_758' title='bbox 2472 5067 2796 5139; x_wconf 77' lang='lat' dir='ltr'><strong>traiecisset,</strong></span> <span class='ocrx_word' id='word_1_759' title='bbox 2836 5079 2940 5118; x_wconf 89' lang='lat' dir='ltr'><strong>nec</strong></span> <span class='ocrx_word' id='word_1_760' title='bbox 2972 5060 3245 5132; x_wconf 82' lang='lat' dir='ltr'><strong>fugientes</strong></span> <span class='ocrx_word' id='word_1_761' title='bbox 3285 5058 3561 5112; x_wconf 84' lang='lat' dir='ltr'><strong>Romanos</strong></span> 
     </span>
    </p>
   </div>
   <div class='ocr_carea' id='block_1_109' title="bbox 1979 5146 3558 5232">
    <p class='ocr_par' dir='ltr' id='par_1_109' title="bbox 1979 5146 3558 5232">
     <span class='ocr_line' id='line_1_109' title="bbox 1979 5146 3558 5232; baseline -0.015 -10"><span class='ocrx_word' id='word_1_762' title='bbox 1979 5168 2035 5222; x_wconf 92' lang='lat' dir='ltr'><strong>in</strong></span> <span class='ocrx_word' id='word_1_763' title='bbox 2077 5178 2244 5220; x_wconf 88' lang='lat' dir='ltr'><strong>naves</strong></span> <span class='ocrx_word' id='word_1_764' title='bbox 2269 5159 2624 5232; x_wconf 85' lang='lat' dir='ltr'><strong>suscepisset.</strong></span> <span class='ocrx_word' id='word_1_765' title='bbox 2654 5154 2815 5229; x_wconf 74' lang='lat'><strong>725</strong></span> <span class='ocrx_word' id='word_1_766' title='bbox 2841 5153 2954 5208; x_wconf 88' lang='lat' dir='ltr'><strong>Nec</strong></span> <span class='ocrx_word' id='word_1_767' title='bbox 2982 5166 3101 5206; x_wconf 89' lang='lat' dir='ltr'><strong>eam</strong></span> <span class='ocrx_word' id='word_1_768' title='bbox 3136 5156 3285 5203; x_wconf 90' lang='lat' dir='ltr'><strong>certe</strong></span> <span class='ocrx_word' id='word_1_769' title='bbox 3331 5146 3558 5200; x_wconf 90' lang='lat' dir='ltr'><strong>multam</strong></span> 
     </span>
    </p>
   </div>
   <div class='ocr_carea' id='block_1_110' title="bbox 1975 5237 3558 5318">
    <p class='ocr_par' dir='ltr' id='par_1_110' title="bbox 1975 5237 3558 5318">
     <span class='ocr_line' id='line_1_110' title="bbox 1975 5237 3558 5318; baseline -0.014 -4"><span class='ocrx_word' id='word_1_770' title='bbox 1975 5272 2240 5314; x_wconf 85' lang='lat' dir='ltr'><strong>evasurus</strong></span> <span class='ocrx_word' id='word_1_771' title='bbox 2285 5262 2426 5318; x_wconf 88' lang='lat' dir='ltr'><strong>erat,</strong></span> <span class='ocrx_word' id='word_1_772' title='bbox 2494 5251 2601 5308; x_wconf 90' lang='lat' dir='ltr'><strong>nisi</strong></span> <span class='ocrx_word' id='word_1_773' title='bbox 2650 5243 2995 5304; x_wconf 84' lang='lat' dir='ltr'><strong>Constantini</strong></span> <span class='ocrx_word' id='word_1_774' title='bbox 3041 5237 3258 5312; x_wconf 86' lang='lat' dir='ltr'><strong>patricii</strong></span> <span class='ocrx_word' id='word_1_775' title='bbox 3319 5237 3558 5308; x_wconf 80' lang='lat' dir='ltr'><strong>Gonguli</strong></span> 
     </span>
    </p>
   </div>
   <div class='ocr_carea' id='block_1_111' title="bbox 1976 5331 3560 5419">
    <p class='ocr_par' dir='ltr' id='par_1_111' title="bbox 1976 5331 3560 5419">
     <span class='ocr_line' id='line_1_111' title="bbox 1976 5331 3560 5419; baseline -0.015 -12"><span class='ocrx_word' id='word_1_776' title='bbox 1976 5364 2033 5408; x_wconf 90' lang='lat' dir='ltr'><strong>et</strong></span> <span class='ocrx_word' id='word_1_777' title='bbox 2093 5349 2340 5419; x_wconf 79' lang='lat' dir='ltr'><strong>magistri</strong></span> <span class='ocrx_word' id='word_1_778' title='bbox 2391 5341 2690 5415; x_wconf 85' lang='lat' dir='ltr'><strong>Stephani,</strong></span> <span class='ocrx_word' id='word_1_779' title='bbox 2738 5353 2976 5410; x_wconf 90' lang='lat' dir='ltr'><strong>quorum</strong></span> <span class='ocrx_word' id='word_1_780' title='bbox 3043 5332 3190 5405; x_wconf 86' lang='lat' dir='ltr'><strong>apud</strong></span> <span class='ocrx_word' id='word_1_781' title='bbox 3257 5331 3560 5401; x_wconf 79' lang='lat' dir='ltr'><strong>Augustam</strong></span> 
     </span>
    </p>
   </div>
   <div class='ocr_carea' id='block_1_112' title="bbox 1978 5423 3450 5517">
    <p class='ocr_par' dir='ltr' id='par_1_112' title="bbox 1978 5423 3450 5517">
     <span class='ocr_line' id='line_1_112' title="bbox 1978 5423 3450 5517; baseline -0.017 -16"><span class='ocrx_word' id='word_1_782' title='bbox 1978 5460 2170 5517; x_wconf 80' lang='lat' dir='ltr'><strong>magna</strong></span> <span class='ocrx_word' id='word_1_783' title='bbox 2226 5439 2530 5497; x_wconf 88' lang='lat' dir='ltr'><strong>auctoritas</strong></span> <span class='ocrx_word' id='word_1_784' title='bbox 2569 5443 2707 5496; x_wconf 86' lang='lat' dir='ltr'><strong>erat,</strong></span> <span class='ocrx_word' id='word_1_785' title='bbox 2763 5426 3086 5487; x_wconf 88' lang='lat' dir='ltr'><strong>intercessio</strong></span> <span class='ocrx_word' id='word_1_786' title='bbox 3123 5423 3450 5480; x_wconf 85' lang='lat' dir='ltr'><strong>obstitisset.</strong></span> 
     </span>
    </p>
   </div>
   <div class='ocr_carea' id='block_1_113' title="bbox 2053 5511 3560 5606">
    <p class='ocr_par' dir='ltr' id='par_1_113' title="bbox 2053 5511 3560 5606">
     <span class='ocr_line' id='line_1_113' title="bbox 2053 5511 3560 5606; baseline -0.018 -14"><span class='ocrx_word' id='word_1_787' title='bbox 2053 5511 2138 5594; x_wconf 41' lang='lat' dir='ltr'><strong>l&#39;l.</strong></span> <span class='ocrx_word' id='word_1_788' title='bbox 2170 5532 2420 5606; x_wconf 77' lang='lat' dir='ltr'><strong>Bulgaria</strong></span> <span class='ocrx_word' id='word_1_789' title='bbox 2439 5530 2508 5586; x_wconf 90' lang='lat' dir='ltr'><strong>ad</strong></span> <span class='ocrx_word' id='word_1_790' title='bbox 2533 5529 2727 5584; x_wconf 92' lang='lat' dir='ltr'><strong>urbem</strong></span> <span class='ocrx_word' id='word_1_791' title='bbox 2751 5539 2924 5595; x_wconf 88' lang='lat' dir='ltr'><strong>usque</strong></span> <span class='ocrx_word' id='word_1_792' title='bbox 2952 5516 3398 5582; x_wconf 78' lang='lat' dir='ltr'><strong>excurrentibus,</strong></span> <span class='ocrx_word' id='word_1_793' title='bbox 3423 5511 3560 5568; x_wconf 78' lang='lat' dir='ltr'><strong>exiit</strong></span> 
     </span>
    </p>
   </div>
   <div class='ocr_carea' id='block_1_114' title="bbox 1981 5605 3560 5693">
    <p class='ocr_par' dir='ltr' id='par_1_114' title="bbox 1981 5605 3560 5693">
     <span class='ocr_line' id='line_1_114' title="bbox 1981 5605 3560 5693; baseline -0.021 -2"><span class='ocrx_word' id='word_1_794' title='bbox 1981 5633 2094 5690; x_wconf 89' lang='lat' dir='ltr'><strong>Leo</strong></span> <span class='ocrx_word' id='word_1_795' title='bbox 2145 5605 2466 5685; x_wconf 87' lang='lat' dir='ltr'><strong>scholarum</strong></span> <span class='ocrx_word' id='word_1_796' title='bbox 2515 5623 2627 5680; x_wconf 77' lang='lat' dir='ltr'><strong>dux</strong></span> <span class='ocrx_word' id='word_1_797' title='bbox 2690 5620 2920 5693; x_wconf 87' lang='lat' dir='ltr'><strong>ejusque</strong></span> <span class='ocrx_word' id='word_1_798' title='bbox 2989 5614 3135 5671; x_wconf 77' lang='lat' dir='ltr'><strong>filius</strong></span> <span class='ocrx_word' id='word_1_799' title='bbox 3190 5605 3449 5668; x_wconf 82' lang='lat' dir='ltr'><strong>Nicolaus</strong></span> <span class='ocrx_word' id='word_1_800' title='bbox 3502 5613 3560 5659; x_wconf 82' lang='lat' dir='ltr'><strong>et</strong></span> 
     </span>
    </p>
   </div>
   <div class='ocr_carea' id='block_1_115' title="bbox 1596 5725 2276 5788">
    <p class='ocr_par' dir='ltr' id='par_1_115' title="bbox 1596 5725 2276 5788">
     <span class='ocr_line' id='line_1_115' title="bbox 1596 5725 2276 5788; baseline -0.003 -6"><span class='ocrx_word' id='word_1_801' title='bbox 1596 5726 1829 5785; x_wconf 63' lang='grc' dir='ltr'>γΑιυΑ]</span> <span class='ocrx_word' id='word_1_802' title='bbox 1868 5725 2276 5788; x_wconf 75' lang='lat' dir='ltr'><strong>LECTlONES.</strong></span> 
     </span>
    </p>
   </div>
   <div class='ocr_carea' id='block_1_116' title="bbox 367 5818 1804 5898">
    <p class='ocr_par' dir='ltr' id='par_1_116' title="bbox 367 5818 1804 5898">
     <span class='ocr_line' id='line_1_116' title="bbox 367 5818 1804 5898; baseline -0.006 -15"><span class='ocrx_word' id='word_1_803' title='bbox 367 5829 412 5862; x_wconf 81' lang='grc'><strong>’⁷</strong></span> <span class='ocrx_word' id='word_1_804' title='bbox 451 5828 521 5882; x_wconf 85' lang='lat' dir='ltr'><strong>al.</strong></span> <span class='ocrx_word' id='word_1_805' title='bbox 563 5825 754 5882; x_wconf 78' lang='grc' dir='ltr'>Λέοντι</span> <span class='ocrx_word' id='word_1_806' title='bbox 787 5822 1128 5898; x_wconf 77' lang='grc' dir='ltr'>Δομεστίκῳ.</span> <span class='ocrx_word' id='word_1_807' title='bbox 1205 5821 1250 5852; x_wconf 76' lang='grc'><strong>⁸⁸</strong></span> <span class='ocrx_word' id='word_1_808' title='bbox 1286 5819 1358 5876; x_wconf 86' lang='lat' dir='ltr'><strong>al.</strong></span> <span class='ocrx_word' id='word_1_809' title='bbox 1396 5818 1804 5891; x_wconf 81' lang='grc' dir='ltr'>όΔομέστικος.</span> 
     </span>
    </p>
   </div>
  </div>
