4124 6426
574 365 679 426 787

1766 366 2145 429 SYMEONI‘S
2185 370 2558 433 MAGISTRI

3729 379 3835 444 788

569 478 815 536 Joannes
838 474 1200 532 hetaeriarcha
1243 476 1311 531 ad
1344 473 1658 547 Catasyrtas
1689 491 1811 532 cum
1849 492 2148 534 numeroso

2253 484 2347 536 καὶ
2377 484 2643 547 Νικόλαος
2677 486 2705 537 6
2738 486 2852 548 υἱὸς
2914 484 3079 538 αὐτοῦ
3101 488 3195 540 καὶ
3228 488 3479 557 Ἰωάννης
3507 489 3835 561 ἑταιρειάρ-

569 570 851 635 exercitu;
880 568 1243 639 Bulgarisque
1281 577 1449 623 noctu
1480 584 1549 623 ex
1591 568 1891 638 improviso
1920 569 2155 638 impreso

570 663 783 717 sionem
821 664 879 718 in
915 676 1012 716 eos
1054 660 1405 725 facientibus,
1448 675 1641 715 omnes
1679 660 1899 730 penitus
1927 659 2156 715 interie-

568 765 722 812 runt.

640 849 736 903 12.
782 846 1109 903 Theodorus
1168 846 1337 916 igitur
1392 844 1738 901 Constantini
1804 843 2154 914 imperatoris

566 940 921 1011 paedagogus.
958 955 1083 994 cum
1112 937 1534 993 Constantinum
1565 937 1778 991 videret
1816 934 1959 991 sacri
1992 935 2150 990 cubi-

564 1031 678 1086 culi
703 1030 1018 1100 praefectum
1049 1028 1298 1082 intimum
1322 1026 1715 1094 (acculoitorem
1734 1023 1949 1095 vocant)
1968 1040 2151 1079 rerum

566 1137 837 1177 summam
885 1121 942 1175 in
987 1120 1227 1174 Leonem
1289 1102 1496 1173 sororis
1541 1118 1800 1171 maritum
1852 1116 2152 1171 transferre

572 1214 914 1275 molientem,
953 1220 1146 1264 auctor
1177 1218 1262 1264 est
1290 1208 1469 1263 eidem
1512 1207 1877 1266 Constantino
1907 1208 2148 1278 impera-

569 1304 677 1360 tori
723 1313 782 1357 ut
808 1304 1111 1357 Romanum
1141 1300 1525 1370 drungarium,
1552 1302 1704 1355 velut
1736 1300 2023 1369 antiquum
2056 1318 2149 1371 pa-

569 1408 726 1451 terna
758 1393 1168 1450 necessitudine
1197 1394 1435 1447 amicum
1466 1394 1631 1462 inque
1660 1409 1748 1447 res
1788 1392 1962 1462 ipsius
2006 1393 2149 1449 bene

566 1490 892 1551 animatum,
925 1494 1169 1541 assumat
1199 1501 1325 1540 cum
1368 1500 1437 1539 eo
1460 1485 1515 1539 in
1542 1484 1667 1538 aula
1711 1493 2050 1539 moraturum
2096 1494 2151 1541 et

562 1579 847 1635 custodem
876 1577 1144 1639 futurum,
1170 1592 1236 1631 ac
1256 1576 1521 1645 quidquid
1542 1576 1780 1646 ingruat,
1803 1575 2150 1631 defensorem

559 1686 837 1741 opemque
860 1672 1177 1725 allaturum.
1208 1668 1418 1723 Crebro
1463 1682 1702 1737 namque
1727 1667 1849 1739 ejus
1877 1669 1955 1723 rei
1978 1671 2151 1740 gratia

561 1765 946 1835 interpellatus
971 1764 1255 1818 Romanus
1279 1777 1562 1816 assensum
1583 1761 1872 1816 abnuerat.
1892 1761 2013 1832 Ipse
2045 1763 2150 1818 ita-

2260 592 2362 644 χης
2408 579 2490 639 εις
2540 576 2900 657 ιςατασύρτας
2948 579 3064 645 ἅμα
3122 580 3358 651 πλείστῳ
3412 580 3563 651 λαῷ·
3615 582 3710 635 καὶ
3764 585 3833 653 τῇ

2258 668 2414 720 νυκτὶ
2441 668 2719 737 ἀδοκήτως
2749 669 3120 723 ἐπιπεσόντων
3151 671 3336 734 αὐτοῖς
3366 671 3474 724 τῶν
3509 671 3838 743 Βουλγάρων

2257 760 2457 823 πάντες
2482 760 2650 830 ἄρδην
2688 761 2985 818 ἀπώλοντο.

2331 851 2416 920 ιβ’.
2463 853 2737 924 Θεόδωρος
2779 853 2870 906 οὖν
2897 855 2925 906 6
2956 854 3044 907 τοῦ
3110 854 3373 924 βασιλέως
3424 856 3837 910 Κωνσταντίνου

2255 938 2628 1013 παιδαγωγὸς,
2684 946 2827 1014 ὁρῶν
2880 946 3290 1000 Κωνσταντῐνον
3335 948 3838 1018 παρακοιμὼμενον

2253 1037 2334 1097 εἰς
2388 1036 2593 1089 Λέοντα
2648 1035 2738 1089 τὸν
2797 1035 2927 1090 ῐδιον
2977 1037 3227 1109 γαμϐρὸν
3254 1039 3353 1107 τὴν
3391 1040 3675 1109 βασιλείαν
3704 1057 3837 1109 σφε-ι

2252 1127 2640 1196 τεριζόμενον,
2718 1128 2961 1199 ὑπέθηκε
3015 1130 3094 1200 τῷ
3157 1131 3368 1199 βασιλεῖ
3436 1132 3835 1202 Κωνσταντίνῳ

2251 1212 2657 1287 προσλαϐέσθαι
2722 1220 3005 1292 Ῥωμανὸν
3068 1222 3161 1275 τὸν
3204 1223 3564 1294 δρουγγάριον
3620 1225 3696 1287 ὡς
3730 1242 3831 1279 πα-

2250 1311 2443 1378 τρικὸν
2491 1311 2655 1364 αὐτοῦ
2704 1312 2893 1365 δοῦλον
2925 1314 3022 1366 καὶ
3055 1307 3244 1367 εὖνουν
3272 1316 3340 1369 τὰ
3371 1316 3507 1385 πρὸς
3547 1316 3733 1378 αὑτὸν,
3759 1318 3834 1382 ὡς

2253 1402 2319 1456 ἂν
2410 1403 2505 1456 σὺν
2534 1402 2683 1475 αύτῷ
2714 1405 2810 1457 καὶ
2839 1404 3175 1477 διαφυλάττῃ
3205 1408 3388 1471 αὐτὸν,
3421 1409 3516 1461 καὶ
3544 1409 3837 1480 σύμμαχον

2251 1494 2348 1566 ἔχῃ
2407 1497 2502 1549 καὶ
2553 1497 2751 1568 βοηθὸν
2795 1500 2853 1552 ἐν
2882 1497 2963 1563 οἷς
2997 1498 3063 1553 ἂν
3098 1499 3215 1571 δὲῃ.
3268 1501 3536 1565 Πολλάκις
3560 1502 3670 1572 γὰρ
3708 1503 3839 1573 περὶ

2251 1588 2443 1643 τούτου
2514 1589 2769 1660 λαληθεὶς
2837 1591 3119 1661 Ῥωμανὸς
3164 1593 3457 1647 ἀπείπατο.
3493 1594 3839 1664 Αύτοχείρως

2252 1676 2346 1734 οὖν
2370 1683 2397 1733 6
2430 1682 2683 1751 βασιλεὺς
2745 1684 3160 1747 Κωνσταντῖνος
3188 1687 3569 1753 γραμματεῖον
3598 1686 3838 1755 ποιήσας

2254 1772 2332 1843 τῷ
2372 1758 2639 1844 Ῥωμανῷ
2689 1775 2903 1845 ἔπεμψε
2958 1777 3102 1830 κατὰ
3156 1776 3250 1829 τοῦ
3306 1762 3832 1849 παρακοιμωμὲνου.
3889 1832 3899 1838 ,

562 1874 674 1928 que
720 1873 886 1911 manu
927 1856 1150 1926 propria
1194 1853 1589 1909 Constantinus
1621 1852 1884 1908 schedula
1910 1864 2150 1917 exarata.

2256 1858 2368 1933 Τῆς
2420 1866 2610 1935 φήμης
2662 1860 2755 1919 οὖν
2777 1866 2982 1935 ταύτης
3011 1868 3351 1941 ὃιαθεούσης,
3386 1871 3480 1923 καὶ
3516 1870 3608 1923 τοῦ
3656 1886 3839 1939 παρα-

566 1953 874 2005 llomanum
935 1949 1203 2004 adversus
1262 1947 1639 2002 accubitorem
1704 1953 1951 2002 actutum
2031 1960 2153 2002 sese

558 2043 854 2112 accingere
879 2040 1121 2110 scripsit.
1147 2038 1264 2105 Qua
1298 2048 1630 2109 pervagante
1663 2038 1826 2104 fama,
1855 2046 1912 2093 et
1933 2037 2156 2092 accubi-

560 2143 680 2190 tore
700 2136 1007 2189 Romanum
1032 2140 1260 2202 urgente
1285 2140 1346 2185 ut
1363 2147 1489 2185 cum
1515 2131 1689 2185 classe
1728 2130 2153 2200 proﬁcisceren-

558 2236 676 2290 tur,
692 2228 883 2282 cumis
899 2234 1190 2280 excusaret
1206 2239 1376 2293 seque
1393 2239 1518 2278 cum
1537 2224 1711 2277 classe
1740 2221 2014 2293 proficisci
2034 2237 2154 2290 pos.

556 2336 618 2376 se
654 2326 878 2390 negaret
903 2335 1023 2387 qua:
1049 2317 1273 2371 militari
1299 2316 1576 2385 stipendio
1607 2315 1809 2370 donata
1840 2330 1950 2369 non
1983 2321 2149 2379 esset,

554 2411 958 2469 Constantinus
988 2410 1271 2464 accubitor
1296 2409 1362 2462 ad
1412 2407 1735 2463 solvendum
1758 2408 1989 2461 omnino
2016 2405 2149 2460 ada-

559 2509 757 2555 cturus
778 2501 845 2554 ad
864 2499 1086 2553 navium
1109 2498 1402 2553 stationem
1433 2497 1663 2551 accedit.
1690 2497 1944 2552 Occurrit
1964 2496 2149 2551 servili

557 2604 714 2648 more
750 2606 815 2647 ac
867 2592 1135 2661 obsequio
1169 2591 1395 2645 sedulus
1443 2588 1757 2655 Romanus;
1796 2591 1959 2661 726
1991 2606 2149 2645 cum-

558 2698 670 2757 que
689 2687 799 2756 jam
822 2700 993 2755 prope
1026 2693 1193 2749 esset,
1225 2683 1275 2736 vi
1305 2682 1644 2751 corripiens:
1677 2681 1862 2735 Tollite
1902 2698 2043 2748 eum,
2071 2682 2151 2736 al—

560 2788 677 2833 tum
712 2780 946 2843 clamat;
970 2792 1205 2847 moxque
1236 2776 1331 2846 qui
1360 2775 1590 2829 aderant
1613 2775 1902 2840 classiarii,
1933 2776 1987 2829 in
2012 2791 2150 2844 prae-

560 2870 757 2925 toriam
813 2868 1045 2923 Romani
1095 2868 1375 2921 triremem
1427 2866 1713 2920 inductum
1748 2876 1861 2922 tuta
1895 2866 2147 2921 custodia

557 2959 879 3015 servabant.
919 2956 1227 3026 Imperator
1249 2965 1433 3010 autem
1457 2969 1642 3011 rerum
1673 2971 1887 3011 summa
1915 2972 1944 3011 a
1970 2965 2146 3012 matre

557 3054 617 3110 in
640 3070 758 3110 sese
781 3061 1059 3115 revocata,
1086 3050 1349 3120 postridie
1369 3046 1639 3106 Joannem
1666 3050 1944 3105 Tubacem
1971 3051 2143 3117 misit,

558 3148 655 3219 qui
679 3144 843 3200 Zoem
876 3144 1176 3215 Augustam
1202 3143 1324 3197 aula
1353 3142 1634 3212 dejiceret.
1663 3142 1756 3196 llla
1786 3152 1993 3207 autem,
2020 3145 2141 3215 eju-

2256 1956 2603 2023 κοιμωμένου
2635 1958 3141 2025 καταναγκάζοντος
3186 1960 3466 2030 Ῥωμανὸν
3500 1961 3835 2030 ἀποκινῆσαι

2258 2047 2396 2117 μετά
2463 2048 2557 2099 τοῦ
2615 2050 2826 2114 στόλου,
2896 2046 3059 2114 αὐτὸς
3116 2051 3515 2121 προεφασίζετο
3554 2053 3836 2113 ἀδυνάτως

2254 2138 2398 2208 ἔχειν
2428 2139 2522 2192 τοῦ
2552 2140 2835 2209 ἀποπλεῖν,
2866 2140 2939 2212 μὴ
2964 2141 3056 2194 τοῦ
3087 2142 3273 2195 στόλου
3294 2145 3395 2212 τὴν
3434 2144 3835 2213 νενομισμένην

2254 2233 2422 2303 ρόγαν
2479 2233 2757 2296 λαϐόντος.
2797 2230 2857 2287 Ὀ
2885 2236 3387 2306 παρακοιμὼμενος
3418 2236 3836 2298 Κωνσταντίνος

2252 2326 2690 2394 καταναγκάζων
2736 2326 2901 2380 αὐτὸν
2957 2330 3015 2380 ὲν
3042 2332 3107 2399 τῇ
3163 2329 3456 2397 ὲξαρτύσει
3509 2327 3728 2395 ἔξεισιν.
3775 2327 3835 2380 '0

2251 2420 2307 2473 δὲ
2327 2421 2515 2474 τοῦτον
2567 2422 2795 2492 δουλικῷ
2824 2423 2901 2492 τῷ
2956 2425 3196 2492 σχήματι
3248 2423 3695 2494 προῦπήντησεν,
3737 2421 3835 2475 καὶ

2252 2515 2482 2585 πλησίον
2521 2515 2685 2567 αὐτοῦ
2734 2512 3025 2587 γενόμενος
3070 2518 3390 2586 ἀνήρπασεν
3450 2515 3613 2569 αὑτὸν
3642 2555 3657 2579 ,
3715 2516 3831 2578 καὶ,

2256 2610 2473 2675 Ἀρατε
2512 2608 2717 2672 αὐτὸν,
2769 2608 3082 2677 ἐφώνησεν*
3144 2610 3237 2662 καὶ
3259 2611 3305 2662 οί
3339 2610 3436 2662 σὺν
3464 2608 3610 2678 αύτῷ
3644 2607 3834 2661 τοῦτον

2251 2704 2330 2765 εἰς
2385 2702 2485 2773 τὴν
2538 2701 2632 2753 τοῦ
2696 2702 3062 2771 δρουγγαρίου
3139 2702 3425 2774 Ῥωμανοῦ
3482 2702 3682 2774 τριήρη
3716 2702 3832 2754 elc-

2250 2794 2456 2862 ήγαγον
2509 2794 2602 2846 καὶ
2640 2795 2697 2845 ὲν
2739 2794 3009 2864 ἀσφαλείᾳ
3076 2790 3241 2864 εἶχον.
3310 2795 3726 2857 Κωνσταντϊνος
3772 2786 3833 2847 δὲ

2248 2887 2276 2938 6
2304 2886 2558 2955 βασιλεὺς
2607 2887 2706 2956 τὴν
2763 2886 3013 2953 ἐξουσίαν
3071 2886 3178 2939 ἀπὸ
3218 2887 3319 2956 τῆς
3352 2888 3559 2957 μητρὸς
3582 2888 3661 2949 εἰς
3698 2889 3830 2939 ἐαυ-

2246 2979 2339 3031 τὸν
2378 2979 2783 3049 ἐπισπώμενος,
2834 2984 2901 3049 τῇ
2936 2981 3195 3049 ἐπαύριον
3230 2972 3554 3033 ἀπέστειλεν
3578 2979 3834 3047 Ἰωάννην

2246 3068 2339 3123 τὸν
2379 3069 2667 3139 Τουὸάκην
2723 3068 2821 3140 τήν
2862 3068 3184 3133 Αύγούσταν
3252 3068 3405 3136 Ζωὴν
3453 3066 3563 3120 ἀπὸ
3606 3066 3699 3119 τοῦ
3728 3078 3834 3119 παι

2249 3162 2434 3216 λατίου
2481 3162 2869 3225 καταϐιϐάσαι.
2917 3162 2981 3213 Ἦ
3019 3160 3075 3213 δὲ
3107 3161 3223 3230 μετ’
3284 3161 3547 3230 ὀλολυγῆς
3590 3162 3685 3212 καὶ
3741 3161 3837 3213 δα-

557 3242 675 3297 latu
702 3241 964 3309 luctuque
994 3238 1163 3293 filium
1185 3238 1490 3307 complexa,
1522 3237 1642 3307 ejus
1670 3238 1915 3291 animum
1945 3237 2010 3291 ad
2034 3253 2149 3292 ma-

2254 3252 2438 3322 κρύων
2470 3252 2547 3319 τῷ
2577 3220 2776 3320 ἑαυτῆς
2835 3220 3252 3320 προσπλιακείσα
3311 3250 3410 3321 υἱῷ
3614 3252 3836 3320 συμπά-

556 3342 775 3397 ιεηιεω
813 3330 1222 3385 miserationem
1248 3329 1580 3393 commovit,
1613 3330 1820 3399 aitque:
1843 3326 2012 3385 Sinite
2032 3347 2153 3385 ma-

563 3431 701 3477 trem
736 3437 939 3482 mecum
969 3422 1190 3475 versari.
1215 3419 1429 3489 Vixque
1470 3435 1783 3475 sermonem
1812 3422 2148 3490 expleverat,

561 3524 691 3570 cum
726 3516 874 3569 illam
900 3514 1251 3568 dimiserunt.
1281 3513 1454 3567 Porro
1482 3512 1784 3582 imperator
1825 3514 2153 3583 patriarcha:

565 3607 802 3663 consilio
832 3605 1098 3661 Joannem
1152 3602 1410 3658 Caridam
1438 3604 1750 3659 scholarum
1789 3606 2151 3661 domesticum

561 3697 828 3770 przeﬁcit:
863 3695 1092 3750 timebat
1112 3694 1259 3749 enim
1290 3710 1360 3748 ne
1400 3692 1512 3749 Leo
1540 3696 1753 3750 Pboeas
1788 3696 1855 3750 ad
1897 3697 2154 3752 rebellio-«

561 3805 691 3846 nem
720 3787 1066 3858 procederet.
1097 3785 1301 3841 lienuit
1326 3786 1417 3841 ille
1441 3802 1643 3841 munus
1661 3786 1823 3853 inire,
1849 3788 1953 3843 nisi
1980 3789 2154 3845 Theo-

563 3883 761 3939 dorum
788 3881 1231 3950 Zupbinexerum
1264 3880 1453 3935 uxoris
1474 3879 1700 3935 fratrem
1722 3882 1951 3952 ejusque
1978 3882 2150 3938 filium

562 3976 893 4046 Symeonem
962 3971 1169 4041 pariter
1235 3971 1628 4026 hetaeriarehas
1688 3983 1961 4028 crearent.
2027 3974 2150 4030 Mox

566 4068 754 4138 itaque
782 4081 1041 4137 egressus
1073 4065 1139 4119 ad
1187 4063 1494 4120 Romanum
1532 4075 1650 4131 est;
1685 4066 1924 4136 datoque
1953 4083 2018 4123 ac
2062 4084 2151 4123 ac-

564 4173 728 4231 cepto
749 4158 1112 4232 jurejurando
1129 4172 1367 4215 concors
1380 4159 1550 4214 animi
1583 4159 1770 4229 illique
1796 4161 2149 4216 consentiens

560 4251 796 4308 'eﬂ'ectus
823 4260 925 4308 est.

636 4451 725 4513 l3.
780 4450 987 4511 Mensis
1042 4456 1211 4526 igitur
1264 4454 1445 4510 Martii
1482 4461 1678 4525 quarto
1739 4467 1907 4525 supra
1938 4454 2142 4526 vigesi¢

2255 3345 2406 3397 θειαν
2438 3344 2711 3414 μητρικὴν
2739 3347 2833 3397 καὶ
2867 3341 3051 3398 οἶκτον
3067 3344 3319 3413 ἐκίνησεν
3346 3361 3358 3373 ·
3395 3344 3512 3407 καὶ,
3556 3344 3834 3407 Ἔάσατε,

2255 3429 2426 3494 εἶπεν.
2454 3430 2607 3487 εἶναι
2663 3436 2791 3504 μετ’
2849 3435 2997 3503 ἐμοῦ
3020 3433 3136 3501 τὴν
3166 3433 3409 3503 μητέρα.
3437 3434 3500 3486 Οἱ
3528 3434 3584 3486 δὲ
3614 3434 3733 3503 ἃμα
3758 3434 3837 3503 τῷ

2253 3520 2397 3594 λόγῳ
2450 3524 2655 3595 ταύτην
2715 3524 2956 3593 ἀφῆκαν.
3019 3523 3388 3595 Προόάλλεται
3422 3524 3531 3577 δὲό
3577 3523 3837 3592 βασιλεὺς

2258 3615 2397 3685 μετά
2438 3616 2538 3684 τῆς
2594 3616 2907 3685 συμϐουλῆς
2951 3614 3045 3669 τοῦ
3080 3616 3421 3687 πατριάρχου
3459 3616 3711 3684 Ἰωάννην
3739 3617 3835 3669 τὸν

2255 3706 2489 3777 Γαριδᾶν
2551 3706 2873 3776 δομὲστικον
2928 3707 3038 3761 τῶν
3084 3709 3312 3779 σχολῶν·
3369 3707 3553 3759 ἐδεδίει
3607 3706 3718 3775 γὰρ
3750 3706 3829 3777 μὴ

2252 3802 2332 3863 είς
2391 3799 2692 3869 ἀνταρσίαν
2738 3800 2962 3871 χωρήσῃ
3021 3802 3050 3855 ὁ
3104 3802 3300 3864 Φωκίς
3344 3800 3514 3853 Λέων.
3554 3797 3612 3850 '0
3662 3798 3721 3849 δὲ
3767 3800 3832 3851 ού

2253 3892 2548 3946 κατένευσε
2625 3892 2785 3947 τοῦτο
2837 3892 3142 3962 γενέσθαι,
3191 3896 3239 3948 εἰ
3297 3893 3371 3963 μὴ
3418 3892 3693 3961 Θεόδωρον
3743 3892 3835 3944 τὴν

2252 3986 2688 4055 γυναικάδελφον
2738 3986 2905 4040 αὐτοῦ
2933 3989 3025 4041 τὸν
3054 3987 3443 4059 Ζουφινέξερον
3484 3988 3579 4041 καὶ
3609 3986 3839 4055 Συμεὼν

2250 4078 2342 4132 τὸν
2396 4080 2511 4132 υίὸν
2567 4074 2734 4134 αὐτοῦ
2784 4079 3148 4149 προεϐάλοντο
3206 4074 3617 4149 ἑταιρειάρχας.
3662 4078 3840 4141 Εὐθὺς

2249 4170 2345 4225 οὖν
2401 4170 2625 4242 ἐξῆλθεν
2671 4171 2807 4241 πρὸς
2879 4170 3183 4238 Ῥωμανδν,
3228 4166 3311 4241 [Ρ.
3344 4169 3472 4241 4781
3524 4171 3621 4224 καὶ⁷
3642 4171 3843 4240 ὅρκους

2247 4264 2372 4327 δοὺς
2406 4264 2500 4317 καὶ
2532 4263 2713 4317 λαόὼν
2747 4262 3018 4332 σύμφρων
3046 4260 3210 4315 αύτοῦ
3250 4261 3343 4312 καὶ
3378 4259 3666 4328 σύμπνους
3720 4264 3845 4332 ἐγέ-

2247 4374 2367 4410 νετο
2376 4398 2388 4411 .

2321 4466 2394 4517 ιγ.
2422 4449 2501 4518 Τῇ
2531 4446 2626 4501 οὖν
2657 4443 2732 4499 κδ’
2754 4442 2849 4496 τοῦ
2872 4443 3120 4515 Μαρτίου
3149 4444 3319 4516 μηνὸς
3346 4444 3669 4505 ἀποστέλλει
3715 4447 3846 4502 Ῥω-

562 4562 716 4601 mum
768 4548 940 4601 mittit
1000 4546 1280 4602 Romanus
1335 4547 1391 4601 in
1438 4546 1723 4617 palatium,
1759 4547 1853 4617 qui
1886 4548 2005 4618 ejus
2044 4563 2147 4603 no-

2257 4542 2426 4613 μανὸς
2492 4542 2572 4602 εἰς
2594 4540 2655 4591 τὸ
2704 4538 2965 4591 παλάτιον
3022 4538 3526 4611 ἀπολογησόμενος,
3582 4542 3664 4595 ὅτι
3720 4542 3845 4609 Τὴν

566 4637 715 4692 mine
768 4638 1194 4693 satisfactionem
1239 4637 1524 4703 oﬂ’errent,
1593 4652 1791 4708 nempe
1842 4655 1897 4693 se
1939 4640 2033 4692 hoc
2072 4639 2149 4704 {e-

568 4730 704 4784 cisse
764 4737 822 4783 nt
889 4722 1203 4801 imperatori
1258 4738 1484 4796 caveret,
1538 4731 1663 4784 dum
1701 4730 1889 4785 Phoco:
1926 4731 2149 4785 insidias

565 4828 793 4886 veretur,
853 4829 899 4873 et
960 4837 1026 4874 ne
1080 4822 1208 4892 quid
1242 4820 1332 4875 ille
1380 4836 1639 4876 novarum
1695 4838 1875 4875 rerum
1920 4822 1974 4876 in
2031 4838 2150 4876 eum

550 4904 840 4967 ’moliatur.
866 4910 1157 4968 Mandatur
1196 4914 1379 4985 itaque
1424 4914 1503 4968 illi
1539 4921 1600 4968 ut
1633 4926 1757 4967 cum
1784 4914 1933 4967 omni
1974 4914 2148 4969 classe

566 5004 635 5059 ad
684 5004 1048 5061 Bucolconem
1100 5020 1274 5075 usque
1317 5006 1522 5060 veniat.
1576 5004 1739 5059 Festo
1794 5006 1979 5076 itaque
2032 5007 2149 5061 An-

566 5095 937 5152 nuntiationis
1002 5097 1130 5163 die,
1190 5097 1283 5167 qui
1344 5098 1399 5150 in
1454 5096 1645 5151 feriam
1709 5105 1840 5152 tunc
1900 5099 2150 5167 quintam

566 5186 859 5252 inciderat,
919 5203 1043 5243 cum
1099 5189 1248 5244 omni
1297 5189 1471 5243 classe
1523 5187 1589 5242 ad
1640 5184 2006 5243 Bucoleonem
2059 5206 2151 5244 ar-

568 5289 750 5336 matus
775 5283 961 5347 venit;
1009 5295 1247 5351 moxque
1274 5281 1541 5350 patricius
1570 5279 1886 5350 Stephanus
1911 5283 2033 5337 aula
2053 5300 2151 5339 ex-

562 5373 753 5431 cessit.
809 5370 1031 5429 Nicetas
1083 5387 1217 5429 vero
1276 5374 1505 5428 Romani
1566 5389 1724 5428 socer
1765 5374 1819 5429 in
1885 5377 2152 5446 palatium

562 5465 875 5521 ascendens
891 5460 1175 5519 Nicolaum
1191 5464 1557 5534 patriarcham
1602 5464 1763 5536 727
1800 5466 1927 5521 inde
1967 5468 2149 5539 cjecit.

563 5556 669 5623 Qui
698 5555 961 5625 palatium
982 5555 1262 5619 tenebant,
1290 5556 1896 5628 Romanijurejurando
1928 5559 2170 5627 tirmati,_

566 5644 939 5701 venerandam
1001 5647 1052 5703 ei
1081 5662 1145 5702 ac
1184 5647 1460 5703 vivificam
1513 5650 1715 5705 misere
1758 5665 2002 5706 crucem.
2050 5652 2153 5708 Cui

568 5737 662 5794 ille
703 5736 902 5794 devote
933 5739 1085 5795 cultu
1120 5739 1391 5805 adhibito,
1420 5758 1482 5796 ae
1524 5743 1888 5814 jurejurando
1926 5744 2156 5800 firmatis

566 5827 669 5898 qui
690 5828 845 5884 missi
874 5840 1052 5899 erant,
1084 5849 1191 5889 una
1223 5848 1348 5889 cum
1374 5833 1481 5891 illis
1507 5850 1570 5890 ac
1602 5835 1791 5905 paucis
1821 5837 2151 5906 quibusdam

2254 4635 2360 4689 τοῦ
2396 4630 2573 4689 Φωκᾶ
2624 4632 2902 4686 ἐπίθεσιν
2954 4633 3359 4702 φοϐούμενος,
3404 4634 3490 4702 μή
3547 4650 3841 4687 τινεωτε-

2245 4726 2485 4797 ρισθείη
2548 4731 2635 4791 εἰς
2681 4726 2790 4778 τὸν
2842 4724 3128 4790 βασιλέα,
3170 4727 3346 4780 τοῦτο
3363 4726 3662 4791 πεποίηκα
3685 4724 3841 4791 πρὸς

2257 4820 2325 4875 τὸ
2367 4820 2482 4887 τὴν
2513 4820 2799 4889 φυλακὴν
2831 4819 3132 4873 ποιεῖσθαι
3177 4820 3284 4873 τοῦ
3334 4818 3659 4885 βασιλέως.
3706 4818 3834 4886 Μη-

2255 4911 2559 4965 νύεταιοῦν
2611 4911 2751 4981 μετά
2793 4910 2888 4963 τοῦ
2948 4911 3135 4965 στόλου
3190 4913 3391 4975 παντὸς
3441 4912 3613 4964 ἐλθεῖν
3678 4910 3841 4980 μέχρι

2253 5005 2349 5058 τοῦ
2402 5004 2812 5068 Βουκολέοντος,
2841 5003 2934 5055 καὶ
2975 5005 3042 5072 τῇ
3079 5004 3267 5075 ἡμέρᾳ
3303 5003 3399 5055 τοῦ
3425 5000 3844 5071 Εὖαγγελισμοῦ

2257 5100 2509 5169 (πέμπτη
2538 5098 2593 5151 δὲ
2629 5092 2717 5169 ἦν)
2762 5093 2927 5169 ἦλθεν
2964 5098 3187 5159 ἔνοπλος
3215 5090 3330 5167 ἅμα
3364 5096 3441 5165 τῷ
3477 5098 3651 5167 στόλῳ
3676 5098 3848 5149 παντὶ

2256 5193 2313 5242 ὲν
2374 5189 2451 5261 τῷ
2501 5188 2853 5244 Βουκολέοντι
2894 5208 2909 5220 °
2977 5193 3070 5246 καὶ
3126 5190 3373 5258 παρευθὺ
3422 5185 3693 5255 Στέφανος
3743 5188 3849 5257 μὲν

2257 5282 2549 5354 πατρίκιος
2601 5282 2826 5354 ἐξῆλθεν
2887 5283 2982 5337 τοῦ
3038 5283 3344 5345 παλατίου,
3413 5281 3661 5349 Νικήτας
3711 5280 3767 5334 δὲ
3815 5283 3849 5334 ὁ

2258 5377 2639 5448 συμπένθερος
2696 5375 2982 5447 Ῥωμανοῦ
3047 5372 3286 5427 ἀνελθὼν
3339 5374 3399 5425 ὲν
3463 5371 3541 5443 τῷ
3592 5370 3850 5439 παλατίῳ

2256 5468 2527 5540 ἐξήγαγεν
2585 5469 2794 5522 ἐκεῖθεν
2851 5467 2943 5520 τὸν
2999 5466 3346 5537 πατριάρχην
3396 5465 3684 5519 Νικόλαον.
3734 5465 3853 5518 Καὶ

2258 5566 2405 5634 ὅρκῳ
2435 5562 2821 5634 βεϐαιωθέντες
2845 5563 2893 5613 οἱ
2920 5560 3013 5614 τοῦ
3052 5560 3316 5613 παλατίου
3357 5562 3510 5628 παρά
3558 5559 3852 5629 Ῥωμανοῦ

2260 5656 2590 5711 ἀπέστειλαν
2639 5654 2775 5725 πρὸς
2826 5654 2989 5708 αὑτὸν
3036 5655 3128 5708 τὸν
3174 5654 3355 5723 τίμιον
3419 5655 3511 5708 καὶ
3581 5650 3854 5716 ζωοποιδν

2262 5747 2515 5817 σταυρόν.
2567 5745 2676 5799 Καὶ
2722 5747 3129 5820 προσκυνήσας,
3186 5743 3288 5799 ’καὶ
3335 5747 3484 5817 ὅρκῳ
3539 5742 3851 5814 βεϐαιώσας

2264 5840 2483 5906 αὐτοὺς,
2542 5838 2774 5909 ἀνῆλθεν
2829 5840 2945 5910 μετ’
2993 5837 3172 5894 αὐτῶν
3231 5839 3326 5893 καὶ
3377 5837 3573 5905 ὀλίγων
3602 5834 3761 5889 τινῶν
3785 5836 3850 5887 ἐν
