4124 6450
320 346 433 410 789
1147 348 1516 410 ANNALES.
1558 378 1626 387 —-
1656 348 2236 410 CONSTANTINUS
2277 346 2855 410 PORI’IIYROGEN.
3484 349 3597 412 790

323 457 403 527 τῷ
466 455 734 526 παλαι-ίῳ.
799 458 1191 526 Προσκυνήσας
1241 455 1336 510 οὖν
1382 457 1474 512 τὸν
1537 457 1762 527 βασιλέα
1810 459 1951 525 xuii

1972 456 2064 523 _in
2090 456 2349 525 palatium
2376 456 2644 511 ascendit.
2683 458 2865 512 Prone
2899 456 3084 528 itaque
3118 457 3435 513 venerantis
3476 475 3600 528 spc-

321 546 587 602 εἰσελθὼν
640 549 759 617 μετ’
823 547 992 601 αὑτοῦ
1034 551 1091 602 ὲν
1129 548 1207 619 τῷ
1242 549 1352 620 ναῷ
1384 550 1461 620 τῷ
1494 552 1552 603 ἐν
1584 550 1662 621 τῷ
1721 550 1905 624 Φάρῳ,

2015 546 2101 602 cie
2132 547 2368 603 salutato
2394 548 2747 617 imperatore,
2784 563 2847 603 ac
2873 563 2996 603 cum
3024 564 3091 604 eo
3122 550 3177 604 in
3222 550 3483 619 templum
3511 550 3599 605 in-

323 637 423 695 καὶ
471 639 686 703 πίστεις
745 638 897 709 αὐτῷ
945 639 1070 702 δοὺς
1104 682 1120 707 ,
1184 642 1427 711 παρευθὺ
1498 643 1907 714 προχειρίζεται

2014 655 2237 709 gressus
2292 641 2437 710 quod
2493 641 2547 696 in
2588 642 2766 696 Pharo
2805 650 2912 705 est,
2962 641 3087 696 data
3132 642 3446 699 securitatis
3490 641 3596 698 ﬁde

328 732 637 802 μὰγιστρος
695 731 793 784 καὶ
867 732 1038 801 μέγας
1099 732 1502 803 ἑταιρειάρχης.
1558 733 1768 787 Αὐτίκα
1814 734 1907 787 οὖν

2011 731 2303 786 confestim
2343 733 2605 803 magister
2637 749 2699 787 ac
2722 748 2951 802 magnus
2980 732 3340 788 hctaeriarcha
3367 734 3601 804 praeﬁci-

332 826 521 893 γέγονε
572 824 820 886 κέλευσις
868 825 1006 895 πρὸς
1050 826 1255 878 Λέοντα
1288 826 1380 878 τὸν
1424 827 1638 891 Φωκᾶν,
1696 842 1905 896 παρεγ-

2011 829 2119 875 tur.
2158 821 2355 877 Statim
2390 822 2577 892 itaque
2617 823 2743 877 data
2772 823 2947 891 jnssio
2974 823 3039 876 ad
3073 823 3309 879 Leonem
3337 826 3598 892 Phocam,

338 915 590 986 γυωμένη
646 914 912 985 μηδαμῶς
935 908 1121 968 στάσιν
1164 915 1285 969 τινὰ
1312 916 1582 984 ἐννοῆσαι,
1613 914 1749 967 ἀλλὰ
1773 916 1909 984 πρὸς

2009 925 2077 964 ne
2102 927 2197 980 per
2240 911 2569 967 seditionem
2628 912 2838 981 aliquid
2877 914 3156 977 moliatur,
3198 915 3293 968 sed
3327 915 3599 984 tantisper

333 1006 510 1074 ὀλίγον
539 1007 597 1058 ὲν
646 1005 724 1074 τῷ
774 1007 892 1074 ἰδίῳ
947 1007 1081 1074 οῐκῳ
1131 1005 1579 1059 ἀναπαύσασθαι.
1631 1006 1909 1070 Ὡσαύτως

2009 1002 2157 1056 domi
2174 1003 2546 1073 conquiescat.
2572 987 2694 1058 Pari
2710 1020 2927 1075 quoque
2945 1006 3334 1076 tenorejussus
3356 1007 3601 1064 scribere

330 1100 423 1153 xui.
449 1099 669 1168 γραφὴν
694 1097 991 1167 ἐκελεύσθη
1026 1096 1237 1167 γράψαι
1285 1100 1697 1163 Κωνσταντῖνος
1727 1119 1907 1172 παρα-

2004 1094 2404 1151 Constantinus
2472 1097 2785 1159 accubitor,
2840 1097 3150 1168 eademque
3200 1098 3503 1169 praecipere
3537 1113 3600 1155 ae

326 1188 697 1267 κοιμώμενος,
743 1189 812 1244 τὰ
870 1191 1034 1260 ὃμοια
1086 1188 1235 1259 αὐτῷ
1293 1192 1763 1262 παραγγέλλοντα,
1817 1194 1910 1245 καὶ

2008 1186 2368 1244 Constantino
2394 1190 2708 1259 imperatori
2734 1190 3043 1259 subjectum
3072 1206 3316 1247 manere.
3348 1190 3604 1259 Acceptis

328 1282 387 1333 ὲν
436 1282 682 1352 ὑποταγῇ
762 1275 904 1335 εἶναι
955 1284 1050 1337 τοῦ
1122 1283 1388 1353 βασιλέως
1454 1283 1905 1336 Κωνσταντίνουθ

2011 1280 2103 1336 ille
2133 1279 2413 1337 divalibus
2443 1282 2650 1338 litteris
2691 1282 2760 1337 ab
2785 1283 3003 1338 Andica
3025 1284 3341 1354 primicerio
3366 1283 3604 1353 impera-

334 1369 477 1439 ἅπερ
531 1371 827 1440 δεξάμενος
884 1372 1036 1444 παρὰ
1093 1373 1343 1443 Ἀνδρέου
1390 1373 1754 1443 πριμικηρίου
1813 1373 1909 1427 τοῦ

2014 1371 2157 1423 torio
2192 1373 2623 1440 protovcstiario
2667 1373 2817 1428 domi
2865 1376 2918 1427 in
2973 1374 3319 1444 Cappadocia
3356 1374 3603 1445 privatus

338 1462 615 1530 βασιλικοῦ
653 1465 1178 1535 πρωτοσεστιαρίου,
1217 1467 1276 1518 ἐν
1300 1467 1669 1537 Καππαδοκία
1733 1468 1789 1519 ὲν
1832 1468 1911 1537 τῷ

2012 1462 2157 1530 egit;
2193 1463 2319 1517 inde
2351 1465 2598 1534 impleto,
2623 1466 2769 1535 quod
2803 1469 2876 1520 ita
2907 1467 3094 1534 habet,
3143 1476 3319 1539 poeta:
3357 1467 3601 1523 celebra-

334 1552 451 1621 ίδίῳ
498 1554 634 1622 οἴκῳ
686 1554 982 1625 ἡσύχασεν,
1013 1555 1086 1620 ὡς
1127 1556 1377 1608 ἐντεῦθεν
1425 1556 1821 1628 πεπληρῶσθαι
1853 1560 1911 1613 τὸ
2017 1558 2131 1603 ῑιηυ
2174 1551 2420 1622 οίοψιίο,

333 1645 474 1697 κατᾶ
505 1645 723 1716 ποίησιν
747 1646 928 1715 λόγιον
945 1663 962 1678 ·

371 1758 456 1835 (Si;
486 1761 618 1815 τότε
647 1759 757 1835 τὸν
780 1761 898 1835 per:
937 1762 1130 1835 ἀηδρν
1152 1764 1313 1833 ἄγων
1334 1764 1400 1831 ἐς
1431 1764 1630 1833 νῆσον
1653 1764 1877 1835 ἔρημον

2124 1826 2135 1835 r
2164 1752 2302 1835 Tunc
2352 1773 2481 1835 sane
2510 1756 2787 1835 lusciniam
2826 1759 3039 1835 trahens
3081 1758 3130 1812 in
3163 1759 3370 1835 deserta
3392 1755 3601 1835 _insula

368 1832 683 1910 Egilirner
705 1826 1010 1910 ρίὼγρῖᾳωέ
1034 1826 1322 1910 ἕλωρ-καὶ
1346 1826 1540 1910 σι’ύρμὶξ
1574 1826 1871 1910 γειτὲάῖὶᾳι,
1947 1856 1988 1910 Β

1820 1856 1871 1899 υ,
1947 1856 1988 1910 Β
2124 1826 2135 1835 ’
2162 1826 2353 1910 ribus
2376 1828 2770 1898 discerpendum
2794 1829 3188 1910 verendumque
3213 1828 3448 1910 reliquit,

375 1900 489 1956 Τὸν
515 1900 567 1954 δ’
592 1901 773 1955 ἀετὸν
798 1902 1087 1961 ἐθέλοντα
1111 1897 1878 1977 ἀλήγαγενᾟνδέδόμονδεζ
1948 1897 1987 1910 ”

1973 1897 1987 1908 ’
2163 1897 2413 1967 Aquilam
2442 1897 2561 1953 vero
2593 1910 2779 1969 sponte
2817 1899 3081 1952 cedentem
3102 1897 3601 2042 'suamIinddonmm

3302 1985 3358 2021 re
3397 1970 3529 2023 uxit.

404 2076 492 2137 ιδ’.
535 2076 625 2146 Τῷ
660 2076 959 2147 Ἀπριλλίῳ
984 2080 1113 2148 μηνὶ¹
1136 2079 1336 2133 δίδοται
1361 2081 1620 2152 ἀρραϐὼν
1676 2084 1918 2153 γαμικοῦ

2104 2083 2192 2137 14.
2244 2081 2429 2137 Mense
2465 2079 2636 2151 Aprili
2671 2080 2936 2151 nuptialis
2965 2089 3283 2136 contractus
3312 2080 3548 2135 arrhabo
3575 2096 3604 2135 a

332 2168 789 2239 συναλλάγματος
815 2169 964 2238 παρὰ
996 2171 1411 2224 Κωνσταντίνου
1433 2171 1696 2241 βασιλέως
1732 2172 1919 2246 Ἑλένῃ

2020 2173 2387 2228 Constantino
2425 2173 2756 2242 imperatore
2814 2172 3035 2226 Helenae
3080 2172 3314 2227 Romani
3351 2171 3474 2227 lilia:
3497 2181 3604 2225 tra-

327 2265 398 2333 τῇ
426 2264 658 2333 θυγατρὶ
707 2262 1015 2334 Ῥωμανοῦ,
1078 2266 1171 2318 καὶ
1194 2268 1260 2334 τῇ
1289 2266 1447 2337 τρίτῃ
1486 2271 1585 2336 τῆς
1627 2269 1920 2333 Γαλιλαίας

2021 2265 2201 2332 ditur;
2240 2267 2516 2335 tertioque
2544 2267 2778 2322 Galilaeae
2811 2265 3195 2335 (hebdomadas
3248 2265 3459 2319 scilicet
3499 2265 3602 2319 Pa-

330 2353 731 2421 στεφανοῦνται
790 2356 938 2426 παρὰ
971 2356 1244 2410 Νικολάου
1271 2357 1634 2428 πατριάρχου.
1665 2359 1921 2413 Βασιλεο-

2022 2358 2191 2426 schae)
2218 2358 2493 2428 nuptiales
2516 2359 2749 2412 corollas
2764 2373 2794 2412 a
2819 2357 3044 2412 Nicolao
3059 2357 3370 2426 patriarcha
3385 2355 3602 2425 recipit.

329 2447 549 2516 πάτορα
595 2447 706 2517 γὰρ
754 2444 1039 2516 Ῥωμανδν
1078 2448 1509 2516 προϐαλόμενος,
1570 2451 1687 2503 ἀντ’
1749 2452 1918 2505 αὐτοῦ

2020 2450 2273 2504 Romano
2324 2465 2563 2518 namque
2612 2449 2962 2519 imperatoris
3010 2462 3167 2516 patre
3220 2454 3428 2511 creato,
3488 2445 3607 2515 ejus

328 2538 389 2594 δὲ
422 2540 814 2609 ἑταιρειάρχην
864 2541 1236 2610 Χριστοφόρον
1284 2542 1377 2594 τὸν
1434 2542 1547 2595 υἱὸν
1593 2543 1757 2596 αὑτοῦ
1790 2562 1920 2597 κατε

2021 2542 2145 2597 loco
2197 2541 2663 2611 Christophorum
2722 2542 2895 2611 ipsius
2956 2541 3128 2594 tilium
3190 2538 3606 2594 hetaeriarcham

338 2632 585 2701 ἔστησεν.
640 2631 776 2686 Μετ’
796 2632 854 2685 οὐ
888 2633 1023 2686 πολὺ
1055 2633 1110 2684 δὲ
1152 2633 1305 2687 Λέων
1340 2637 1367 2687 ὁ
1390 2637 1585 2698 Φωκᾶς
1617 2638 1919 2707 ἀπατηθεὶς

2020 2634 2287 2703 praefecit.
2338 2633 2495 2687 Haud
2542 2635 2767 2704 longum
2809 2642 3027 2703 tempus
3075 2633 3439 2695 abscesserat,
3483 2644 3607 2685 cum

334 2726 487 2796 παρά
523 2742 685 2778 τινων
713 2726 989 2797 ἀρχόντων
1030 2727 1165 2797 πρὸς
1196 2728 1495 2796 ἁνταρσίαν
1525 2732 1776 2782 κινεῖται.
1810 2732 1918 2784 Καὶ

2020 2725 2187 2794 728
2210 2724 2319 2778 Leo
2342 2724 2574 2787 Phocus.
2592 2721 2922 2795 Optimatum
2941 2725 3306 2794 quorumdam
3330 2724 3609 2779 seductio-

337 2817 664 2879 ἀποστείλας
699 2817 994 2873 ἁνελάϐετο
1044 2814 1186 2872 εἶναι
1228 2820 1326 2872 σὺν
1364 2820 1512 2889 αὐτῷ
1547 2820 1633 2873 τόν
1655 2836 1714 2873 τε
1742 2840 1920 2891 παρα-

2019 2814 2184 2875 nibus
2228 2814 2490 2868 inductus
2526 2815 2581 2868 in
2627 2815 2993 2870 rebellionem
3034 2815 3261 2870 defecit.
3294 2814 3607 2883 Ascitisque

333 2908 685 2978 κοιμώμενον
744 2910 1159 2963 Κωνσταντῖνον
1220 2911 1312 2963 καὶ
1340 2912 1754 2965 Κωνσταντίνον
1782 2914 1919 2983 ἀση-

2020 2906 2113 2974 qui
2144 2920 2330 2959 secum
2376 2916 2563 2961 essent
2595 2905 2956 2961 Constantino
3002 2906 3323 2960 accubitore
3363 2914 3421 2960 et
3462 2904 3610 2961 Con-

336 2999 530 3069 κρῆτις
568 2999 664 3054 τοῦ
693 3001 739 3033 ⁹⁹
783 3000 1085 3063 Μαλελίας,
1142 3002 1510 3073 πληροφορῶν
1556 3003 1765 3067 πάντας
1823 3005 1918 3058 καὶ

2091 2997 2266 3051 mtino
2285 3014 2315 3051 a
2345 2998 2591 3059 secretis,
2617 2997 2843 3053 Maleliaa
2860 2996 2990 3060 ﬁlio,
3012 3006 3199 3052 sancte
3223 2995 3453 3052 alIirmat
3473 3012 3613 3052 cun—
3708 3063 3719 3071 .

339 3090 576 3162 βεϐαιῶν
598 3091 674 3155 ὡς
702 3092 843 3162 ὑπὲρ
883 3092 977 3146 τοῦ
1040 3092 1307 3163 βασιλέως
1355 3096 1767 3147 Κωνσταντίνου
1819 3096 1918 3167 τὴν

2022 3090 2235 3158 ctisquc
2279 3089 2513 3144 suadere
2542 3089 2739 3144 nititur
2768 3090 2823 3143 in
2867 3088 3213 3144 Constantini
3259 3088 3608 3157 imperatoris

332 3183 591 3256 τσιαύτην
649 3187 889 3240 ποιεῖται
953 3187 1298 3257 συγκίνησιν.
1337 3186 1423 3260 [Ρ.
1465 3187 1593 3260 479]
1639 3188 1960 3268 Ῥωμανδςε

1980 3182 2255 3269 ³ειτιιὶειιιλ
2330 3181 2645 3236 istiusmodi
2689 3195 2747 3235 se
2798 3190 3009 3236 motum
3070 3180 3270 3235 facere.
3324 3179 3608 3234 Romanus

329 3277 392 3331 δὲ
421 3277 450 3327 ὀ
485 3276 901 3347 βασιλεοπάτωρ
932 3277 1330 3347 χρυσόσουλλον
1349 3281 1581 3351 ποιήσας
1609 3281 1700 3332 ὲνυ
1714 3281 1920 3350 πόγρα-

2020 3282 2207 3328 autem
2245 3273 2596 3342 imperatoris
2637 3281 2792 3343 pater
2838 3289 3006 3328 aurea
3059 3271 3206 3329 bulla
3259 3271 3609 3341 imperatoris

336 3384 439 3437 φον
493 3367 572 3430 ὡς
616 3368 681 3421 ἐκ
715 3368 1011 3438 προσώπου
1057 3369 1151 3421 τοῦ
1196 3369 1461 3439 βασιλέως
1510 3372 1921 3425 Κωνσταντίνου

2022 3364 2431 3434 subscriptione
2469 3365 2682 3420 munita
2711 3365 2940 3435 ejusque
2990 3364 3213 3419 nomine
3242 3363 3412 3427 edita,
3448 3362 3611 3432 quid-

333 3460 435 3530 τῆς
457 3459 719 3531 τοιαύτης
750 3460 1047 3530 ίπιὸουλῆς
1070 3462 1388 3532 ἀνατροπὴν
1421 3462 1700 3532 περιέχον,
1743 3465 1923 3518 Ὅσοι

2022 3458 2158 3529 quid
2208 3473 2400 3513 eorum
2434 3459 2526 3513 hic
2572 3458 2774 3513 Leonis
2803 3457 3131 3513 insidiarum
3177 3466 3319 3517 erat,
3354 3455 3605 3527 dispulit.

335 3553 444 3606 τὸν
475 3549 693 3605 σιωπᾶν⁵
752 3551 1316 3621 καταλιμπάνοντες
1341 3552 1421 3618 τῷ
1450 3555 1925 3625 ,Βασιλεοπάτορι

2022 3550 2357 3607 Litterarum
2408 3551 2501 3606 hic
2538 3559 2696 3605 tenor
2718 3560 2857 3605 erat:
2890 3549 3080 3605 Omnes
3110 3550 3199 3620 qui
3224 3549 3403 3603 relicta
3434 3549 3610 3603 Plioca

336 3644 408 3698 es
448 3644 943 3712 προσφεύγοντες
976 3685 993 3711 ,
1060 3646 1214 3713 ὑπὲρ
1260 3645 1367 3699 τοῦ
1405 3646 1718 3713 βασιλέως
1756 3648 1879 3702 εἰσὶ
1904 3689 1920 3714 ,
1956 3630 1963 3633 ⁷

2023 3643 2361 3713 imperatoris
2390 3644 2533 3713 patri
2560 3658 2671 3696 sese
2697 3643 3066 3710 adjunxerint,
3090 3645 3184 3695 Iros
3207 3658 3329 3696 vero
3350 3641 3416 3695 ab
3445 3642 3612 3711 impe—

336 3735 459 3798 δοὺς
520 3736 688 3806 Ἀννῃ
762 3736 871 3789 τινὶ
926 3738 1149 3805 γυναικὶ
1208 3738 1416 3792 ἀναιδεί
1485 3740 1581 3792 καὶ
1667 3741 1919 3812 θρασείᾳ,

2026 3735 2221 3788 ratoris
2267 3744 2412 3789 stare
2465 3734 2723 3805 partibus.
2763 3733 3112 3789 Concredita:
3139 3735 3343 3788 litterae
3389 3732 3610 3803 procaci

344 3822 409 3889 ἦν
435 3821 502 3890 δὴ
530 3822 626 3875 καὶ
674 3822 880 3876 Βασιὰν
899 3824 915 3855 ¹
965 3826 1397 3897 προσηγόρευον,
1434 3827 1528 3880 καὶ
1550 3828 1796 3900 κληρικῷ
1817 3848 1922 3883 τινι
1947 3848 1972 3867 λ

2022 3825 2238 3879 cuidam
2283 3825 2603 3896 audacique
2635 3826 2880 3890 mulieri,
2938 3825 3113 3880 Annae
3147 3826 3375 3881 nomine
3413 3824 3528 3891 (cui
3556 3832 3613 3879 et

351 3907 579 3980 Μιχαὴλ,
611 3914 669 3966 ἐν
690 3913 768 3984 τῷ
814 3916 1166 3987 στρατοπέδῳ
1206 3915 1539 3985 ἐξέπεμψεν.
1574 3920 1636 3971 Οἱ
1663 3920 1918 3973 δὲταῦτα

2022 3915 2291 3980 Basilicas,
2344 3933 2408 3971 ac
2464 3920 2513 3971 si
2565 3917 2980 3987 imperatoriam
3039 3918 3386 3987 regalemque
3438 3916 3611 3979 dicas,

350 4004 661 4079 διέσπειραν
706 4011 868 4063 παντὶ
907 4010 984 4080 τῷ
1026 4010 1266 4081 στρατῷ.
1313 4012 1424 4064 Καὶ
1468 4014 1496 4065 ὁ
1548 4012 1649 4082 μὲν
1700 4015 1921 4085 Μιχαὴλ

2022 4022 2323 4078 cognomen
2362 4007 2613 4064 indidere
2646 4010 2705 4077 ),.
2733 4008 2975 4077 itemque
3023 4008 3228 4063 clerico
3272 4008 3491 4065 cuidam
3517 4008 3614 4061 Mi-

346 4099 625 4170 φωραθεὶς
672 4101 915 4171 ἀνηλεῶς
969 4102 1175 4174 ὲτύφθη
1224 4103 1327 4175 τήν
1350 4120 1409 4156 τε
1434 4107 1557 4171 ῥῖνα
1583 4107 1677 4159 καὶ
1714 4107 1781 4159 τὰ
1804 4100 1920 4160 ὦτα

2021 4099 2222 4163 chaeli,
2254 4114 2395 4169 quos
2432 4098 2489 4153 in
2520 4099 2714 4154 Phocaa
2748 4109 2929 4153 castra
2960 4099 3163 4163 emisit,
3209 4114 3273 4152 ac
3312 4115 3410 4168 per
3437 4114 3536 4155 eos
3558 4101 3613 4153 in

342 4189 658 4263 ὑπετμήθη,
725 4194 860 4247 ἀλλὰ
904 4194 1042 4263 μετὰ
1090 4195 1266 4249 ταῦτα
1301 4197 1453 4267 παρὰ
1511 4197 1797 4267 Ῥωμανοῦ
1822 4201 1920 4271 τῆς

2021 4207 2241 4248 onmem
2270 4192 2574 4247 exercitum
2623 4192 2839 4247 litteras
2867 4191 3265 4247 disseminavit.
3303 4191 3479 4245 Porro
3511 4191 3613 4246 Mi-

341 4286 730 4355 προσηκούσης
786 4284 977 4355 ἔτυχεν
1035 4286 1304 4357 ἀμοιϐῆς·
1355 4285 1617 4352 ὡσαύτως
1654 4291 1920 4362 καὶήσὺν

2020 4286 2178 4341 chael
2227 4285 2614 4356 deprehensus
2665 4284 2824 4340 saevis
2873 4284 3199 4340 verberibus
3247 4284 3479 4340 allectus
3528 4295 3616 4340 est

340 4374 493 4443 αὐτῷ
545 4375 805 4429 σταλείσα
856 4375 993 4446 γυνὴ
1028 4377 1218 4431 Ἄννα.
1245 4377 1470 4449 Πρῶτος
1503 4375 1597 4433 οὖν
1618 4381 1644 4432 ὁ
1676 4382 1792 4445 υἱὸς
1825 4384 1919 4437 τοῦ

2020 4394 2264 4448 nasoque
2293 4388 2349 4434 et
2380 4378 2609 4433 auribus
2633 4386 2920 4434 truncatus
2943 4394 2957 4443 ;
2980 4378 3075 4447 qui
3110 4387 3289 4431 tamen
3313 4393 3342 4432 a
3365 4378 3611 4433 Romano

344 4462 740 4536 Βαίου-Μιχαὴλ
796 4467 1230 4532 Κωνσταντϊνος,
1276 4467 1368 4522 τοῦ
1415 4470 1697 4541 τάγματος
1735 4474 1920 4545 ἄρχων

1986 4516 1991 4519 .
2022 4484 2213 4542 postea
2247 4515 2261 4538 ,
2286 4489 2451 4544 quam
2503 4473 2755 4537 decebat,
2788 4472 3047 4543 praestitere
3079 4486 3261 4540 aperte
3300 4469 3609 4526 mercedem

340 4555 449 4617 τῶν
476 4558 769 4620 ικανάτων,
818 4559 1133 4615 καταλιπὼν
1169 4562 1259 4615 τὸν
1286 4564 1482 4618 Φωκᾶν
1519 4566 1597 4636 τῷ
1653 4567 1921 4640 Ῥωμανῷ
1951 4558 1968 4613 1

1981 4562 1996 4611 l
2024 4564 2317 4631 vicemque
2346 4566 2577 4637 recepit.
2609 4565 2874 4620 Similiter
2905 4579 3128 4635 quoque
3158 4562 3237 4616 illi
3268 4563 3416 4618 socia
3454 4562 3609 4618 Anna

342 4650 749 4722 προσέδραμεν,
781 4652 929 4724 ἀρχὴ
957 4653 1202 4722 γεγονὼς
1232 4655 1384 4724 αὐτῷ
1414 4659 1796 4725 καταλύσεως·
1828 4662 1927 4716 σὺν

2029 4660 2246 4729 mulier.
2283 4660 2500 4714 Primus
2528 4658 2695 4729 igitur
2721 4657 3120 4714 Constantinus
3165 4655 3615 4727 Bary-Michaelis

344 4744 492 4816 αὐτῷ
517 4745 573 4798 δὲ
607 4746 700 4799 καὶ
729 4748 756 4798 ὁ
777 4746 1065 4809 Βαλάντιος
1101 4747 1196 4801 xui.
1213 4748 1547 4820 ὁλεγόμενος
1576 4753 1922 4824 ’Δτζμωρος,

2029 4746 2177 4802 ﬁlius
2217 4748 2567 4802 Icanatorum
2604 4748 2851 4803 cohortis
2878 4745 3172 4816 prrelcctus
3206 4746 3399 4800 relicto
3433 4745 3614 4801 Phoca

342 4837 711 4908 τουρμάρχων
752 4837 921 4892 ὄντων
969 4839 1323 4911 ἀμφοτέραιν.
1351 4843 1505 4897 Λέων
1539 4843 1633 4897 οὖν
1663 4846 1692 4897 ὁ
1724 4848 1923 4911 Φωκᾶς

2027 4841 2094 4895 ad
2132 4843 2438 4896 Romanum
2486 4840 2810 4910 transfugit;
2848 4855 2970 4908 qua:
3002 4854 3190 4893 rerum
3238 4838 3433 4893 Phoce:
3460 4853 3618 4891 ever-

343 4930 485 4999 μετὰ
533 4928 664 4991 λαοῦ
708 4931 962 4985 πλείστου
1019 4930 1121 5003 τὴν
1163 4934 1505 5004 Χρυσόπολιν
1555 4937 1879 4992 καταλαϐὼν
1906 4981 1922 5005 ,

2024 4934 2318 4988 tendarum
2364 4934 2518 5002 origo
2561 4932 2684 4986 fuit.
2718 4932 2856 4985 Eum
2892 4930 3068 4985 secuti
3118 4938 3174 4984 et
3221 4927 3525 4994 Balantius,
3556 4935 3616 4983 et.

342 5023 461 5096 ἥτις
514 5022 625 5076 ἀπὸ
678 5023 773 5077 τοῦ
827 5022 1177 5096 Ἀλέξανδρον
1238 5027 1602 5097 περιτυχόντα
1639 5030 1704 5100 τῇ
1767 5031 1922 5084 πόλει

2029 5040 2191 5094 quem
2220 5024 2299 5078 sic
2322 5034 2520 5078 vocant
2547 5023 2865 5088 Atzmorus,
2901 5023 3004 5093 ipsi
3048 5036 3271 5092 quoque
3318 5019 3481 5074 ambo
3514 5020 3615 5074 tri-

342 5113 437 5166 τοῦ
472 5112 744 5176 Βύζαντος
789 5113 933 5167 κατά
982 5114 1106 5169 τινά
1131 5132 1190 5169 τε
1211 5115 1416 5188 ταύτης
1436 5118 1613 5189 χῶρον
1640 5119 1730 5173 τὸν
1759 5122 1925 5175 αὑτοῦ

2028 5115 2184 5170 buni.
2243 5114 2354 5169 Leo
2403 5114 2570 5185 igitur
2641 5115 2854 5175 lecas
2899 5130 3023 5168 cum
3068 5112 3386 5182 ingentibus
3435 5112 3612 5182 copiis

342 5204 471 5257 λαὸν
531 5206 933 5277 στρατηγῆσαι,
984 5206 1073 5275 ἐφ’
1134 5207 1242 5278 ὅτῳ
1298 5208 1581 5265 τεθεικότα
1642 5213 1928 5283 περίϐολον

2028 5206 2410 5279 Chrysopolim
2439 5206 2801 5275 veniens(boc
2832 5205 2954 5260 urbi
2985 5218 3187 5259 nomen
3210 5220 3279 5258 ex
3301 5219 3367 5258 eo
3393 5203 3604 5258 scilicet

343 5295 755 5366 προσονομὰσαι
805 5297 1168 5368 Στρατήγιον,
1208 5301 1301 5353 καὶ
1322 5300 1531 5356 ἐκεῖθεν
1559 5306 1928 5372 μεταναστεύ-

2030 5302 2179 5372 quod
2210 5300 2522 5356 A‘lexander
2564 5301 2885 5372 Byzantium
2912 5299 3161 5363 veniens,
3206 5298 3447 5369 quodam
3493 5299 3614 5369 ejus

345 5400 518 5438 σαντα
589 5386 684 5441 καὶ
744 5388 859 5450 τοῖς
914 5387 1213 5457 ἀντίπεραν
1271 5389 1643 5459 προσελθόντα
1699 5394 1928 5462 χρυσίον

2031 5394 2154 5449 loco
2165 5402 2343 5448 castra
2361 5402 2616 5456 metatus,
2634 5392 2779 5446 vallo
2800 5407 2926 5446 eum
2947 5389 3454 5460 munieritac729
3473 5400 3615 5443 stra-

344 5477 533 5530 ικανὶν
578 5477 858 5532 ἐπιδοῦναι
896 5479 978 5550 τῷ
1012 5480 1203 5550 οἰκείῳ
1227 5480 1359 5553 λαῷ,
1389 5482 1734 5553 Χρυσόπολις
1757 5500 1928 5556 προσ-

2040 5488 2248 5558 tegium
2278 5503 2347 5542 ex
2373 5486 2452 5542 rei
2503 5502 2605 5541 usn
2646 5485 2963 5551 vocaverit;
2996 5484 3233 5554 indeque
3278 5484 3332 5538 in
3386 5484 3610 5537 alteram

346 5568 663 5639 ηγόρευται.
694 5572 756 5626 Οἱ
779 5571 839 5625 δὲ
862 5573 970 5627 ἀπὸ
1005 5572 1101 5625 τοῦ
1125 5574 1327 5644 χρυσὸν
1356 5576 1419 5628 ὲκ
1440 5574 1724 5645 μετάλλων
1753 5576 1927 5648 αὐτῆς

2037 5580 2214 5650 ripam
2251 5580 2528 5651 trajiciens
2575 5580 2696 5635 auri
2745 5579 2876 5645 vim,
2922 5584 3181 5649 quantam
3226 5592 3325 5647 par
3365 5584 3505 5640 crat,
3554 5575 3609 5629 in

1593 5688 1830 5748 VARIE
1876 5690 2279 5751 LECTIONES.

325 5800 335 5807 -
425 5776 468 5810 θ’
502 5776 629 5831 τὸνῖ
702 5778 719 5811 ⁸
754 5778 1051 5850 Βασιλικὴν
1082 5782 1299 5853 reliqui.
1332 5782 1584 5840 Combcl'.
