4124 6420
458 330 565 396 793

1232 334 1599 396 ANNALES.
1627 361 1697 372 -
1735 337 2216 405 CONSTANTIN
2224 347 2318 407 US
2358 349 2925 419 PORPHYROGEN
2945 404 2960 419 .

3605 363 3714 427 795

457 443 678 518 τρικεου
733 445 829 498 καὶ
888 445 1125 516 κόμητος
1179 447 1272 502 τοῦ
1323 449 1556 504 στάὸλου
1605 451 1689 515 εἰς
1738 453 1959 523 ἄριστον
2005 456 2033 506 ὁ

2139 463 2278 518 toris
2313 466 2611 538 padagogo
2644 471 2873 540 ejusque
2919 472 3088 528 fratre
3146 473 3416 545 Symeone
3465 491 3492 528 a
3542 477 3716 533 Theo-

460 537 814 604 παιδαγωγὸς
845 539 1258 592 Κωνσταντίνου
1304 539 1571 610 βασιλέως
1615 543 1889 614 Θεόδωρος
1942 547 2037 602 καὶ

459 627 687 698 Συμεὼν
744 629 771 681 6
823 629 985 682 αὑτοῦ
1041 631 1299 700 ἀδελφὸς,
1359 636 1451 687 καὶ
1510 635 1798 689 ἐσθιόντων
1857 639 2038 692 αὐτῶν

458 719 711 787 εἰσῆλθεν
763 721 1014 792 Ἰωάννης
1051 723 1410 794 δρουγγάριος
1443 726 1542 794 τῆς
1571 726 1760 796 βίγλας
1795 730 1824 782 ὁ
1858 731 2038 802 Κουρ-

459 810 628 875 κούας
677 813 814 882 μετὰ
856 814 1106 895 πλείστου
1159 815 1310 882 λαοῦ,
1345 815 1439 870 καὶ
1466 817 1686 880 τούτους
1716 821 2040 890 ἀναρπάσας

458 900 538 962 ὡς
569 901 712 953 κατὰ
751 900 1032 973 Ῥωμανοῦ
1092 904 1436 974 μελετῶντας
1505 907 1584 969 εἰς
1642 906 1885 976 Ὀψίκιον
1952 909 2040 974 ἐξ-

461 993 684 1064 ὡρισεν.

539 1084 623 1149 ιζ’.
656 1085 734 1154 Τῇ
762 1085 840 1137 κδ’
878 1084 968 1137 τοῦ
1014 1087 1390 1157 Σεπτεμόρέου
1428 1088 1596 1158 μηνὸς
1631 1092 1860 1161 τιμᾶται
1899 1093 2038 1146 Ῥω-

462 1178 630 1245 μανδς
660 1179 724 1248 τῇ
759 1176 850 1230 τοῦ
911 1179 1189 1249 Καίσαρος
1241 1180 1388 1252 ἀξίᾳ,
1449 1183 1543 1235 καὶ
1598 1185 1664 1254 τῇ
1730 1181 1794 1247 ιζ’
1819 1163 1914 1237 τού
1945 1188 2040 1238 Δε-

459 1269 725 1339 κεμϐρίου
751 1268 838 1340 [Ρ.
867 1269 992 1341 481]
1040 1273 1207 1341 μηνὸς
1252 1275 1507 1342 στέφεται
1557 1277 1708 1346 παρὰ
1751 1277 2033 1330 Κωνσταν-

458 1363 606 1416 τίνου
639 1362 904 1432 βασιλέως
955 1365 1049 1418 καὶ
1099 1366 1370 1420 Νικολάου
1424 1369 1766 1439 πατριάρχου
1811 1373 1867 1423 ὲν
1928 1369 2036 1423 ἔτει

457 1454 538 1524 τῷ
569 1461 767 1524 ,ςυνηᾏ
805 1456 1134 1520 ἰνδικτιῶνος
1187 1465 1261 1527 η’·
1323 1461 1420 1512 καὶ
1470 1461 1580 1514 τῶν
1624 1463 1795 1530 ἁγίων
1827 1463 2039 1530 Θεοφα-

458 1546 588 1598 νίων
619 1547 873 1614 στέφεται
906 1547 1159 1618 Θεοδώρα
1203 1552 1235 1620 ἡ
1271 1551 1408 1620 γυνὴ
1438 1553 1622 1608 αὑτοῦ.
1658 1555 1766 1607 Καὶ
1797 1558 1862 1626 τῇ
1897 1557 2034 1628 αὐτῇ

455 1637 641 1707 ἡμέρᾳ
670 1637 764 1690 τοῦ
792 1638 954 1691 αὑτοῦ
987 1639 1153 1710 μηνὸς
1185 1642 1284 1711 τῆς
1306 1641 1346 1695 ε’
1377 1645 1396 1675 ⁸
1423 1645 1781 1712 ἰνδικτιῶνος,
1807 1648 2036 1717 Χριστο-

456 1727 621 1796 φόρος
687 1729 715 1780 ὀ
767 1727 881 1792 υἱὸς
937 1728 1227 1800 Ῥωμανοῡ
1301 1731 1677 1805 διαγορεύεται
1745 1735 2032 1806 βασιλεύς·

458 1820 712 1888 στέφεται
764 1820 824 1873 δὲ
876 1823 943 1892 τῇ
1012 1823 1361 1896 Πεντηκοστῇ
1425 1827 1578 1898 παρὰ
1628 1826 1722 1880 τοῦ
1771 1827 2036 1898 βασιλέως
2071 1815 2109 1868 Β

455 1908 893 1976 Κωνσταντίνου,
940 1911 1032 1966 καὶ
1066 1914 1425 1986 προέρχονται
1470 1911 1616 1972 οὗτοι
1673 1919 1722 1972 οἱ
1761 1919 1855 1972 δύο
1885 1918 2034 1989 μόνοι

456 1997 513 2048 ὲν
548 1999 613 2069 τῇ
652 1996 988 2068 προελεύσει.

533 2181 621 2243 ιη’.
645 2173 736 2244 Τῷ
764 2174 820 2228 δὲ
881 2175 1084 2247 Ἰουλίῳ
1144 2179 1274 2250 μηνὶ
1326 2180 1426 2248 τῆς
1489 2182 1659 2252 αὐτῆς
1707 2185 2034 2250 ἱνδικτιῶνος

457 2264 668 2335 γίνεται
700 2266 896 2330 ἒνωσις
925 2269 1033 2322 τῶν
1072 2271 1440 2341 ἁποσχιστῶν.

532 2357 616 2412 ιϐ’.
653 2358 744 2428 Τῷ
775 2357 832 2412 δὲ
867 2359 1180 2433 Ὀκτωὸρίῳ
1213 2363 1344 2434 μηνὶ
1398 2365 1497 2435 τῆς
1553 2366 1596 2419 θ’
1655 2368 2036 2440 ὲπινεμήσεως

458 2446 822 2510 ὑποπτευθεὶς
849 2448 1122 2516 Στέφανος
1147 2453 1174 2504 ὀ
1209 2453 1510 2524 μάγιστρος
1534 2455 1606 2518 ὡς
1637 2451 1736 2526 τῆς
1758 2457 2035 2526 βασιλείας

456 2539 743 2607 ἐφιέμενος
777 2539 1136 2610 ἀποκείρεται
1190 2545 1246 2595 ἐν
1279 2546 1345 2614 τῇ
1402 2545 1494 2598 τοῦ
1550 2547 1854 2615 Ἀντιγόνου
1887 2553 2034 2621 νήσῳ

456 2633 573 2700 ἅμα
612 2630 874 2698 Θεοφάνει
917 2632 1193 2706 Τειχεὼτῃ
1224 2636 1315 2688 καὶ
1357 2636 1556 2707 Παύλῳ
1617 2638 2034 2714 Ὀρφανοτρόφῳ

395 2743 397 2746 ‘
452 2727 568 2786 τοῖς
619 2723 930 2794 ἀνθρώποις
977 2726 1163 2779 αὑτοῦ.
1224 2728 1393 2781 Πάλιν
1460 2731 1724 2801 μηνύεται
1775 2736 2034 2808 ἐπιϐουλὴ

460 2815 786 2884 μελετᾶσθαι
827 2816 970 2886 παρὰ
1019 2817 1295 2889 ’Δρσενιου
1327 2822 1418 2874 καὶ
1472 2822 1682 2877 Παύλου
1731 2826 1838 2879 τῶν
1893 2845 2033 2896 μαγ-

458 2909 732 2974 γλαδιτῶν
766 2925 780 2939 ⁶
833 2910 882 2965 οἳ
922 2911 1013 2964 καὶ
1060 2913 1354 2983 τυφθέντες
1399 2918 1494 2970 καὶ
1536 2918 1898 2990 δημευθέντες
1949 2923 2033 2991 ἐξα

456 3002 790 3075 ωρξσθησαν.

531 3103 597 3150 κ’.
649 3098 942 3170 Ῥεντάκης
965 3100 992 3151 ὁ
1030 3098 1340 3162 Ἐλλαδικὸς
1366 3101 1690 3173 πατρολοὶας
1719 3106 2029 3176 γενόμενος,

456 3189 580 3245 ἐπεὶ
621 3190 799 3244 πάντα
854 3190 924 3244 τὰ
973 3191 1065 3245 τοῦ
1105 3193 1308 3262 πατρὸς
1356 3193 1608 3264 ἐληῖσατο
1658 3198 1755 3250 καὶ⁵
1785 3202 1850 3270 τῇ
1883 3201 2035 3255 πόλει

459 3283 824 3353 προσέφυγεν,
883 3285 1093 3340 ἐκεῖθεν
1155 3285 1370 3354 ψευδεῖς
1419 3289 1639 3357 γραφὰς
1693 3292 2035 3356 συσκευάσας

458 3373 597 3442 πρὸς
658 3374 996 3446 Βουλγσιρίαν
1053 3378 1358 3446 ἀποφυγεῖν
1419 3379 1664 3450 ἔμελλεν.
1729 3383 2036 3454 Κρατηθεὶς

455 3457 548 3514 οὖν
573 3463 696 3523 τοὺς
726 3460 1035 3532 ὀφθαλμοὺς
1065 3465 1436 3535 ἐξορύσσεται.

529 3558 634 3606 καθ.
675 3553 784 3606 Καὶ
829 3553 990 3608 πάλιν
1041 3557 1089 3608 οἱ
1136 3555 1436 3627 Βούλγαροι
1474 3561 1634 3629 μέχρι
1664 3562 2036 3634 Κατασυρτῶν

455 3643 799 3708 ἐξελαύνουσι
844 3645 981 3713 μετὰ
1020 3645 1119 3717 τὴν
1166 3645 1260 3699 τοῦ
1307 3649 1508 3712 Δουκδς
1545 3651 1900 3722 Ἀδραλέστου
1951 3672 2038 3707 τεο

451 3736 671 3806 λευτήν.
714 3736 1082 3808 Προὸάλλεται
1132 3739 1301 3802 Πόθος
1338 3741 1660 3811 δομέστικος
1687 3744 1795 3797 τῶν
1832 3746 2036 3816 σχολῶν

456 3833 482 3883 ὁ
512 3826 606 3881 τοῦ
637 3829 925 3900 Ἀργυροῦ,
963 3832 1056 3884 καὶ
1101 3831 1262 3903 μέχρι
1307 3833 1696 3904 Θερμοπόλεως
1741 3839 1882 3906 μετὰ
1928 3841 2037 3895 τῶν

462 3921 755 3992 ταγμάτων
809 3921 980 3977 ἐλθὼν
1028 3922 1317 3977 ἀπέστειλε
1368 3927 1588 3997 Μιχαὴλ
1643 3929 1736 3981 τὸν
1773 3931 1867 3984 τοῦ
1907 3933 2037 3986 Μω-

463 4015 579 4086 ροῦὲ
636 4017 655 4048 ⁷
709 4015 822 4071 υἱὸν
870 4018 995 4080 τοὺς
1048 4018 1388 4086 Βουλγάρους
1421 4024 1925 4094 κατασκοπήσοντα.
1977 4027 2036 4080 '0

457 4108 514 4162 δὲ
559 4109 882 4178 ἁπροὸπτως
924 4108 1000 4178 τῷ
1057 4109 1200 4180 λόχῳ
1252 4109 1436 4166 αὐτῶν
1487 4113 1745 4183 ἐμπεσὼν
1807 4118 2038 4184 πολλοὺς

458 4199 560 4268 μὲν
589 4199 696 4252 τῶν
727 4200 1047 4272 Βουλγάρων
1091 4202 1321 4266 ἀνεῖλεν,
1371 4204 1466 4257 καὶ
1509 4206 1670 4271 αὐτὸς
1712 4208 1768 4260 δὲ
1800 4209 2032 4280 πληγεὶς

456 4295 514 4346 ἐν
545 4296 609 4364 τῇ
647 4293 796 4348 πόλει
832 4293 1090 4348 εἰσελθὼν
1113 4295 1483 4365 ἐτελεύτησεν.

530 4383 636 4453 κβθ.
670 4383 839 4437 Πάλιν
869 4384 926 4437 δὲ
960 4384 1227 4454 μηνύεται
1268 4386 1530 4458 ὲπιόουλὴ
1561 4389 1701 4444 κατὰ
1753 4391 2034 4463 Ῥωμανοῦ

2143 555 2398 626 phylacto
2426 562 2657 628 patricio
2690 578 2754 616 ac
2771 565 2971 618 stabuli
3007 567 3228 632 comite,
3263 567 3481 637 illisque
3529 584 3714 624 corne-

2141 649 2424 715 dentibus,
2455 653 2734 722 ingressus
2782 656 3024 710 Joannes
3073 656 3319 714 Curcuas
3353 661 3716 716 excubiarum

2139 742 2470 814 drungarius
2495 761 2619 799 cum
2652 747 3027 816 apparitorum
3054 750 3275 818 c0piosa
3326 767 3489 806 manu
3526 768 3716 808 corre-

2140 842 2264 904 ptos
2287 834 2432 899 illos,
2465 837 2618 905 quasi
2649 838 2742 904 qui
2771 839 3036 894 adversus
3067 841 3376 896 Romanum
3441 846 3719 901 machina-

2141 939 2351 994 rentur,
2387 930 2455 985 ad
2485 929 2766 1002 Opsicium
2796 934 3080 1004 relegavit.

2213 1115 2304 1169 l7.
2335 1114 2539 1169 Mensis
2565 1112 2910 1182 Septembris
2939 1115 3030 1169 die
3055 1123 3257 1183 quarto
3301 1129 3469 1185 supra
3513 1115 3715 1183 vigesi-

2140 1222 2290 1261 mum
2320 1207 2602 1260 Romanus
2621 1205 2853 1260 Caesaris
2885 1204 3150 1274 dignitate
3173 1213 3441 1265 ematur;
3487 1204 3719 1259 mensis-

2139 1315 2260 1368 que,
2299 1297 2616 1353 Decembris
2672 1297 2762 1352 die
2815 1297 3032 1352 decimo
3105 1295 3362 1365 septimo,
3414 1294 3716 1349 indictione

2139 1397 2351 1448 octava,
2377 1403 2524 1442 anno
2548 1386 2707 1448 6458,
2729 1403 2758 1440 a
2799 1386 3162 1441 Constantino
3185 1394 3241 1440 et
3274 1385 3505 1440 Nicolao
3547 1383 3719 1453 patri-

2140 1481 2305 1534 archa
2341 1479 2613 1549 augustali
2667 1494 2870 1533 corona
2917 1478 3192 1542 donatur;
3244 1491 3528 1530 sacrorum
3584 1475 3716 1528 item

2139 1571 2182 1625 Τ
2187 1571 2624 1640 heophaniorum
2661 1569 2771 1634 die,
2807 1570 3098 1624 Theodora
3128 1568 3249 1638 ejus
3297 1581 3437 1620 uxor
3469 1565 3716 1634 Augusta

2139 1673 2456 1720 coronatur.
2486 1662 2802 1731 Eodemque
2844 1662 2934 1716 die
2984 1660 3233 1731 ejusdem
3292 1657 3520 1720 mensis,
3573 1655 3718 1710 indi-

2140 1758 2323 1812 ctione
2355 1767 2570 1816 octava,
2605 1754 3038 1823 Christophorus
3083 1751 3316 1807 Romani
3369 1749 3720 1818 imperatoris

2143 1848 2289 1903 ﬁlius
2312 1849 2613 1916 imperator
2643 1847 2977 1910 declaratus,
3015 1845 3132 1914 ipse
3158 1845 3380 1913 quoilue
3406 1841 3497 1896 die
3527 1848 3718 1894 sancto

2141 1941 2498 1996 Pentecostes
2535 1939 2604 1992 ab
2650 1937 2986 2006 imperatore
3035 1933 3399 1991 Constantino
3439 1933 3718 2001 Augustus

2143 2033 2486 2102 appellatur;
2511 2030 2785 2098 amboque
2812 2029 3044 2085 solemni
3066 2044 3165 2099 per
3184 2027 3376 2083 urbem
3402 2041 3599 2096 pompa
3616 2025 3717 2080 soli
3801 2057 3823 2080 .

2142 2132 2550 2196 processerunt.

2214 2217 2301 2271 t8.
2323 2217 2508 2271 Mense
2535 2217 2682 2272 Julio
2706 2215 2955 2285 ejusdem
3002 2212 3323 2268 indictionis
3346 2224 3537 2265 eorum
3563 2223 3717 2263 com-

2142 2308 2307 2364 missa
2333 2308 2510 2362 unitio
2539 2318 2624 2362 est
2647 2308 2742 2377 qui
2772 2307 2926 2361 scissi
2961 2305 3418 2375 partibus-erant.

2216 2401 2300 2455 19.
2335 2400 2518 2454 Mense
2549 2399 2798 2464 Octobri,
2839 2397 3141 2452 indictione
3169 2411 3334 2460 nona,
3367 2395 3423 2448 in
3449 2392 3723 2463 suspicio-

2143 2510 2268 2548 nem
2301 2502 2530 2548 vocatus
2566 2492 2879 2562 Stephanus
2912 2490 3173 2561 magister
3224 2487 3380 2558 quasi
3419 2485 3720 2555 imperium

2141 2588 2396 2651 ambiret,
2430 2587 2483 2640 in
2517 2583 2776 2656 Antigeni
2839 2584 3039 2648 insula,
3077 2597 3185 2636 una
3234 2593 3360 2635 cum
3403 2579 3566 2649 732
3603 2576 3722 2632 suis

2142 2681 2460 2735 hominibus
2485 2678 2822 2748 Theophane
2848 2676 3098 2730 Tichiote
3134 2683 3189 2729 et
3219 2673 3390 2728 Paulo
3432 2671 3720 2740 Orphano-

2143 2772 2362 2840 tr0pho,
2414 2770 2810 2823 monachorum
2870 2767 2981 2821 ritu
3036 2765 3250 2835 capillis
3298 2764 3564 2818 multatus
3613 2767 3720 2816 est.

2139 2860 2468 2914 Denunliata
2504 2873 2698 2912 rursus
2726 2856 3038 2926 conjuratio
3061 2853 3384 2909 auctoribus
3405 2849 3635 2906 Arsenio
3664 2855 3722 2902 et.

2139 2953 2312 3008 Paulo
2349 2950 2738 3022 manglabitis;
2771 2949 2866 3018 qui
2895 2957 2954 3003 et
2971 2946 3300 3002 verberibus
3322 2943 3504 2998 aﬁ‘ecti
3528 2941 3722 2997 bonis-

2142 3060 2246 3114 que
2278 3042 2573 3112 publicatis
2601 3041 2654 3095 iu
2683 3041 2940 3095 exsilium
2963 3039 3114 3094 missi
3139 3045 3290 3093 sunt.

2062 3169 2104 3225 α
2208 3136 2300 3191 20.
2336 3136 2610 3189 Rentaces
2640 3131 2954 3187 l-lclladicus
2983 3129 3260 3200 parricida
3297 3127 3548 3190 eﬂ'ectus,
3569 3123 3720 3194 quod

2138 3229 2310 3298 patris
2342 3227 2484 3281 bona
2517 3225 2702 3279 omnia
2732 3223 3062 3292 diripuerat,
3097 3221 3155 3274 in
3182 3220 3377 3274 urbem
3423 3216 3716 3288 profugus,

2137 3321 2289 3375 falsis
2321 3319 2396 3386 ibi
2428 3317 2752 3386 compositis
2785 3315 3009 3379 tabulis,
3066 3313 3121 3368 in
3174 3312 3485 3382 Bulgariam
3537 3309 3720 3379 fugam

2139 3412 2386 3483 parabat.
2421 3411 2630 3480 Captus
2665 3409 2852 3478 itaque
2877 3407 3056 3463 oculis
3081 3405 3309 3460 orbatus
3331 3412 3438 3460 est.

2207 3588 2538 3643 2|.Rursus
2564 3600 2700 3640 vero
2762 3581 3014 3652 Bulgaris
3069 3579 3136 3633 ad
3193 3577 3504 3645 Catasyrtas
3546 3585 3721 3640 usque

2136 3680 2582 3742 excurrentibus,
2613 3669 2760 3746 quod
2793 3675 3112 3729 Adrelastes
3141 3670 3253 3724 dux
3285 3667 3425 3720 vivis
3467 3677 3718 3719 excesse-

2138 3781 2247 3834 rat,
2302 3771 2515 3826 Pothus
2566 3768 2762 3837 Argyri
2811 3765 2958 3818 filius
3010 3761 3325 3816 scholarum
3382 3753 3720 3810 domesticus

2136 3862 2466 3933 praeficitur;
2498 3859 2775 3927 ductoque
2801 3856 2866 3910 ad
2897 3852 3311 3921 Tbermopolim
3357 3863 3532 3917 usque
3559 3861 3721 3901 exer-

2137 3950 2275 4012 citu,
2302 3947 2533 4002 Michael
2584 3945 2806 3998 Marolis
2837 3943 2986 3996 filius
3013 3939 3080 3993 ad
3114 3939 3480 4007 Bulgarorum
3538 3942 3722 3988 castra

2137 4037 2474 4110 exploranda
2503 4036 2727 4097 missus,
2760 4049 2827 4088 ex
2861 4030 3169 4101 improviso
3194 4029 3249 4080 in
3272 4027 3495 4080 illorum
3529 4025 3720 4093 lapsus

2139 4146 2398 4193 cuneum,
2429 4129 2618 4182 multis
2641 4141 2834 4180 eorum
2856 4124 3035 4186 caesis,
3065 4120 3392 4175 vulneratus
3422 4115 3540 4185 ipse
3568 4121 3626 4168 et
3657 4112 3715 4166 in

2139 4225 2332 4281 urbem
2363 4223 2578 4278 delatus
2608 4220 2738 4274 fatis
2765 4215 3060 4273 concessit.

2208 4399 2296 4454 22.
2336 4400 2552 4453 Rursus
2606 4392 3010 4466 conjurationis
3073 4391 3127 4446 in
3184 4390 3494 4444 Romanum
3550 4381 3718 4437 delati

457 4475 564 4528 ὑπο
600 4475 956 4530 Ἂναστασίου
993 4477 1335 4548 γενησομένη
1371 4479 1724 4553 σακελλαρίου
1759 4485 1850 4537 καὶ
1904 4486 2032 4539 Θεοο

2139 4493 2461 4549 Anastasius
2482 4489 2800 4545 sacellarius
2816 4497 2873 4542 et
2905 4484 3291 4539 Theodoretus
3321 4477 3718 4540 cubicularius,

455 4568 700 4638 δωρήτου
731 4567 1044 4624 κοιτωνίτου
1097 4570 1191 4622 καὶ
1247 4572 1562 4643 Δημητρίου
1598 4580 2034 4650 πρωτονοταρίου

456 4659 552 4714 τοῦ
579 4658 782 4714 εἰδικοῦ
824 4663 918 4714 καὶ
957 4661 1132 4716 ἄλλων
1172 4664 1358 4728 τινῶν,
1409 4665 1482 4728 ὡς
1515 4666 1678 4735 δῆθεν
1709 4671 1848 4741 ὑπὲρ
1881 4673 2032 4724 Κων-

458 4753 736 4808 σταντίνου
764 4753 1027 4823 βασιλέως
1054 4755 1466 4826 ἀγωνιζόμενοι.
1503 4759 1880 4830 Ἐλεγχθέντες
1907 4763 2034 4818 ἐτύθ-

457 4843 694 4914 φθησαν,
725 4847 820 4899 καὶ
841 4847 941 4918 τὴν
969 4847 1140 4919 μέσην
1171 4847 1468 4912 διελθόντες
1497 4849 1891 4925 ὲξωρίσθησαν.

527 5031 632 5095 κγ’.
662 5027 774 5097 τῆς
805 5027 1062 5098 τοιαύτης
1103 5027 1158 5081 δὲ
1200 5030 1530 5100 προφάσεως
1557 5030 1856 5103 λαὸόμενος
1899 5035 2036 5090 Ῥω-

457 5119 626 5185 μσινδς
657 5120 750 5171 τὸν
815 5118 1040 5191 βασιλέα
1094 5122 1501 5176 Κωνσταντῖνον
1562 5123 1881 5190 ύποϐιόἀζει
1940 5131 2036 5184 κα.)⁸

457 5206 710 5277 δεύτερον
735 5207 932 5262 ἑαυτοῦ
958 5211 1267 5280 καθίστησι.
1300 5213 1469 5266 Πάλιν
1490 5211 1584 5268 οὖν
1611 5217 2034 5288 ὲκστρατεύουσι

458 5299 759 5371 Βούλγαροι
817 5301 978 5374 μέχρι
1021 5303 1129 5355 τῶν
1173 5304 1505 5372 Μαγγλαδά.
1562 5287 1754 5378 Ὅπερ
1787 5287 1973 5378 μαθὼν
2008 5315 2036 5365 ὁ

461 5389 718 5456 βασιλεὺς
779 5391 1060 5464 Ῥωμανὸς
1096 5394 1353 5472 Ἰωάννην
1406 5396 1670 5467 ῥαίκτορα
1717 5401 2035 5455 ἀποστέλλει

459 5479 578 5549 ἅμα
602 5481 788 5536 Λέοντι
829 5484 924 5536 καὶ
970 5484 1124 5554 Πόθῳ
1155 5488 1264 5550 τοῖς
1291 5487 1598 5557 ’Λργυροῖςν
1637 5489 1857 5558 ἔχοντας
1912 5477 2032 5563 μέθ’

456 5572 669 5625 ἑαυτῶν
713 5574 916 5648 πλῆθος
969 5576 1148 5638 ἱκανὸν
1202 5576 1264 5629 ἔκ
1319 5595 1376 5631 τε
1430 5579 1538 5632 τῶν
1589 5583 1886 5654 ταγμάτων
1935 5585 2030 5640 καὶ

2141 4599 2360 4638 necnon
2377 4580 2684 4636 Demetrius
2707 4577 2889 4633 aerarii
2910 4575 3107 4646 privati
3140 4569 3570 4643 protonotarius,
3596 4565 3721 4621 alii-

2142 4691 2251 4746 que
2295 4673 2570 4734 nonnulli,
2622 4671 2774 4724 velut
2827 4669 2922 4737 qui
2979 4665 3341 4721 Constantino
3403 4656 3720 4731 imperatori

2143 4765 2428 4836 suppetias
2447 4765 2594 4818 irent
2612 4764 2842 4832 ejusque
2869 4774 3032 4812 causa
3067 4757 3438 4811 decertarent.
3463 4747 3720 4807 Convicti

2142 4872 2293 4919 vero,
2336 4854 2653 4909 verberibus
2697 4850 2879 4904 affecti
2921 4850 3174 4918 urbeque
3225 4845 3403 4900 media
3457 4840 3719 4906 traducti,

2142 4947 2338 5004 exsilio
2375 4944 2599 5014 relegati
2635 4949 2784 4997 sunt.

2211 5039 2301 5094 25.
2328 5036 2440 5091 Hac
2483 5037 2764 5090 Romanus
2786 5042 3006 5100 arrepta
3053 5025 3367 5087 occasione,
3397 5037 3460 5077 ac
3493 5021 3721 5091 peri-zu.

2143 5131 2255 5184 lum
2297 5137 2624 5197 praetexens,
2659 5121 3086 5179 Constantinum
3135 5117 3520 5185 imperatorem
3565 5111 3719 5181 deje-

2142 5230 2290 5276 ctum
2324 5219 2567 5274 secundo
2599 5217 2756 5287 733
2788 5233 2817 5270 a
2843 5231 2901 5269 se
2928 5215 3050 5268 loco
3080 5211 3230 5264 facit.
3264 5208 3478 5261 Rursus
3529 5204 3717 5274 itaque

2141 5316 2502 5384 Bulgarorum
2527 5311 2594 5366 ad
2641 5307 2922 5378 Manglaba
2956 5320 3129 5373 usque
3179 5298 3453 5354 excursio.
3512 5295 3718 5350 Roma-

2140 5423 2248 5462 nus
2279 5422 2337 5459 rc
2365 5413 2642 5475 comperta
2669 5402 2935 5457 Joannem
2972 5405 3244 5450 rectorem
3288 5407 3412 5444 cum
3445 5387 3630 5443 Leone
3660 5397 3718 5439 et

2143 5497 2316 5552 l’otho
2345 5497 2592 5568 Argyris.
2621 5492 2784 5562 justis
2813 5490 2988 5561 cepiis
3019 5487 3318 5542 instructos
3361 5497 3426 5536 ex
3478 5478 3714 5550 agmini-

2138 5591 2241 5644 bus
2270 5598 2325 5643 ct
2355 5587 2653 5652 foederatis,
2692 5586 2956 5656 impetqu
3015 5587 3342 5649 excepturos
3385 5571 3572 5628 min-1.
3601 5571 3718 5629 Una

1769 5701 2000 5762 VARUS
2027 5706 2432 5764 LECTIONLS.

527 5765 546 5793 δ
581 5770 626 5832 η’
661 5779 846 5834 margo
881 5763 936 5817 Ρ.
1015 5765 1033 5796 ⁷
1066 5764 1486 5834 Μωρολέοντοςῖ
