4124 6440
439 353 546 417 795

1656 347 2040 414 SYMEONIS
2070 350 2451 413 MAGISTRI

3613 343 3720 408 796

437 468 632 524 aderat
683 475 739 522 et
787 465 1015 522 Alexius
1068 459 1274 521 Musele
1319 464 1587 535 patricius
1632 465 2025 535 navaliumque

2134 463 2239 516 τῶν
2267 462 2369 531 τῆς
2399 460 2675 531 ἑταιρείας
2709 475 2722 488 ·
2767 458 2852 529 [Ρ.
2883 455 3011 527 482]
3044 451 3125 519 οἷς
3163 455 3329 524 συνῆν
3361 455 3453 507 καὶ
3480 453 3722 521 Ἀλέξιος

439 557 779 628 drungarius
800 571 927 612 cum
975 555 1280 610 classiariis
1327 557 1464 612 suis.
1509 554 1720 610 Castris
1742 557 1928 625 itaque
1965 557 2022 611 in

439 652 618 722 planis
651 650 1160 720 humilioribusque
1218 651 1487 719 Pegarum
1523 649 1663 705 locis
1709 649 2020 719 dispositis,

438 744 741 814 Bulgarise
771 743 1159 811 superioribus
1224 749 1435 797 armata
1506 742 1778 812 phalange
1839 758 2024 797 emer-

439 841 701 910 gentibus
756 841 979 911 lateque
1041 855 1226 895 aerem
1276 840 1566 896 incondito
1623 841 2024 912 tremendoque

439 932 685 984 clamore
714 930 1073 1000 implentibus
1101 945 1166 985 ac
1193 930 1539 985 validissimo
1567 931 1778 1001 impetu
1810 932 2027 986 irruen-

442 1021 612 1084 tibus,
647 1022 833 1075 statim
866 1032 1049 1078 rector
1074 1021 1256 1093 fugam
1288 1023 1566 1092 capessit;
1618 1023 1781 1094 cujus
1830 1023 2024 1078 tuendi

439 1120 628 1182 partes
655 1112 936 1169 sustinens
970 1113 1243 1168 Photinus
1277 1114 1578 1185 Platipodis
1599 1113 1748 1170 ﬁlius
1772 1123 2022 1171 necatus.

439 1203 549 1259 Alii
578 1205 776 1273 partim
797 1205 976 1276 gladio
1003 1206 1343 1276 interempti,
1371 1208 1569 1276 partim
1586 1208 1724 1262 mari
1750 1208 2024 1263 submersi

440 1297 769 1367 perierunt:
802 1299 1006 1368 reliqui
1045 1299 1249 1368 captivi
1283 1300 1514 1355 abducti
1549 1311 1701 1356 sunt.
1737 1301 1931 1372 Argyri
1959 1300 2025 1362 ad

439 1388 797 1444 Castellulum
845 1389 978 1461 fuga
1010 1400 1332 1447 evaserunt.
1366 1394 1610 1464 Bulgari,
1646 1394 1798 1448 nullo
1852 1395 2025 1463 impe-

443 1491 559 1536 tum
590 1484 906 1538 retardante
935 1491 1032 1538 aut
1083 1485 1167 1540 eis
1213 1485 1493 1550 obstante,
1553 1487 1822 1556 Pegarum
1874 1487 2027 1556 pala-

442 1573 519 1627 tia
554 1590 620 1630 ac
669 1591 832 1630 omne
887 1577 1121 1632 Stenum
1191 1578 1438 1650 subjecta
1501 1579 1720 1634 ﬂamma
1772 1581 2032 1634 incende-

440 1675 592 1721 runt.

2131 554 2422 624 πατρίκιος
2449 554 2544 606 καὶ
2581 549 2948 622 δρουγγάριος
2976 551 3086 604 τῶν
3118 550 3382 619 πλωΐμων
3410 551 3438 601 6
3471 547 3722 602 Μουσελὲ

2134 651 2274 720 μετὰ
2304 651 2400 703 τοῦ
2454 647 2587 702 λαοῦ
2643 646 2832 700 αὐτοῦ.
2886 646 3250 710 Διατὰξαντες
3291 643 3382 697 οὖν
3431 639 3575 697 οὗτοι
3630 642 3724 696 τὸν

2127 740 2256 795 λαὸν
2308 739 2488 793 αὐτῶν
2538 742 2598 793 ὲν
2665 741 2779 800 τοῖς
2821 738 3058 800 πεδινοῖς
3123 737 3218 790 καὶ
3277 735 3725 806 χθαμαλωτέροις

2127 835 2318 897 τόποις
2365 833 2476 886 τῶν
2533 832 2757 900 Πηγῶν,
2808 832 2950 888 τῶν,
2976 828 3301 901 Βουλγάρων
3346 828 3554 882 ἄνωθεν
3584 829 3723 880 ἁνα-

2127 926 2410 996 φανέντων
2467 923 2710 978 ἐνόπλων
2767 926 2892 997 καὶ-
2935 922 3031 993 βοῇ
3105 922 3470 992 χρησαμένων
3523 920 3724 990 ἀσήμῳ

2128 1020 2224 1071 καὶ
2275 1017 2506 1088 φοϐερᾷ,
2569 1016 2667 1070 καὶ
2737 1017 3114 1086 σφοδροτάταις
3159 1014 3544 1066 ἔπελασάντων
3596 1009 3723 1064 κατ’

2128 1111 2313 1166 αὐτῶν
2341 1111 2504 1174 εὐθὺς
2541 1110 2734 1180 φεύγει
2766 1110 2793 1162 6
2847 1111 3112 1180 ραίκτωρ,
3149 1107 3450 1176 σφάττεται
3493 1104 3550 1157 δὲ
3583 1102 3724 1175 ὑπὲρ

2127 1203 2319 1258 τούτου
2365 1203 2770 1274 ἀγωνιζόμενος
2810 1203 3078 1263 Φωτεινδς
3124 1205 3152 1255 6
3199 1202 3294 1254 τοῦ
3354 1199 3722 1266 Πλατύποδος,

2130 1298 2224 1350 καὶ
2249 1298 2299 1349 οἱ
2321 1297 2499 1350 λοιποὶ
2529 1299 2576 1349 oi
2611 1296 2708 1366 μὲν
2736 1297 3082 1362 ἐσφάγησαν,
3115 1296 3161 1347 oi
3189 1294 3244 1346 δὲ
3296 1295 3354 1344 ἐν
3382 1295 3450 1363 τῇ
3479 1291 3722 1363 θαλάσσῃ

2129 1387 2448 1442 ἀπώλοντο⁶
2513 1388 2662 1443 ἄλλοι
2725 1387 3066 1457 αἰχμάλωτοι
3116 1385 3423 1454 γεγόνασιν.
3485 1384 3549 1437 υῑ
3605 1384 3726 1454 Ἀρ-

2130 1482 2288 1554 γυροὶ
2311 1483 2366 1534 δὲ
2399 1485 2456 1536 ὲν
2490 1483 2571 1556 τῷ
2607 1483 2915 1553 καστελλὶῳ
2967 1480 3231 1551 φυγόντες
3266 1477 3625 1549 διεσώθησαν.
3658 1477 3721 1531 Οἱ

2130 1575 2187 1628 δὲ
2225 1573 2527 1644 Βούλγαροι
2587 1575 2794 1645 μηδένα
2841 1575 2932 1627 τὸν
2979 1573 3258 1627 κωλύοντα
3307 1571 3524 1641 ἔχοντες
3562 1571 3630 1624 τά
3662 1585 3724 1623 τι

2133 1667 2372 1721 παλάτια
2422 1669 2533 1722 τῶν
2589 1667 2791 1738 Πηγῶν
2843 1667 3235 1739 ἐπυρπόλησαν
3284 1666 3379 1720 καὶ
3431 1663 3491 1718 τὸ
3529 1663 3724 1718 Στενὸν

2133 1757 2278 1812 ἅπαν
2317 1761 2690 1813 κατέκαυσαν.

510 1849 600 1903 24.
635 1848 939 1904 Februario
966 1865 1176 1914 mense,
1207 1850 1514 1906 indictione
1544 1849 1784 1911 decima,
1822 1849 2028 1905 mensis

2203 1853 2301 1907 κδ’.
2339 1851 2430 1923 Τῷ
2463 1848 2519 1905 δὲ
2549 1850 2908 1923 Φεϐρουαρίῳ
2943 1850 3095 1921 μηνὶ,
3136 1849 3238 1916 τῆς
3289 1846 3320 1901 ι’
3369 1845 3724 1912 ίνδικτιῶνος,

441 1941 532 1995 die
563 1941 849 2011 vigesima,
883 1942 1156 1998 exstincta
1191 1943 1485 1998 Theodora
1512 1941 1748 1998 Romani
1783 1943 2023 2012 impera-

310 2064 338 2092 .
441 2031 582 2086 toris
611 2048 771 2095 uxor,
807 2033 862 2086 in
906 2034 1159 2104 ejusdem
1214 2035 1448 2089 Romani
1483 2033 1720 2099 aedibus,
1771 2049 1912 2103 quas
1968 2034 2024 2087 in

441 2119 841 2174 monasterium
901 2131 1167 2186 verterat,
1241 2122 1462 2177 condita
1524 2131 1629 2177 est.
1710 2122 2026 2191 Sophiaque

438 2211 824 2281 Christophori
857 2212 1208 2282 imperatoris
1243 2231 1383 2269 uxor
1421 2215 1696 2285 augustali
1730 2215 2027 2282 insignitur

440 2319 668 2359 corona.
697 2304 818 2370 Quo
838 2305 1004 2360 etiam
1037 2315 1286 2377 tempore
1319 2305 1444 2362 lber
1471 2307 1822 2377 curopalates
1848 2307 1902 2360 in
1938 2323 2028 2360 ur-

443 2393 567 2450 bem
607 2395 778 2459 venit,
802 2395 1148 2466 solemnique
1175 2411 1373 2465 pompa
1407 2406 1574 2466 atque
1612 2411 1874 2466 processu
1927 2396 2028 2450 ho-

438 2502 578 2544 nore
603 2495 896 2555 susceptus
923 2497 1042 2554 est;
1073 2487 1160 2542 cui
1186 2497 1243 2543 et
1271 2488 1469 2544 Sancta
1501 2487 1708 2556 Sephia
1736 2486 2027 2558 magniﬁco

439 2579 596 2634 cultu
629 2587 825 2632 ornata
856 2589 1099 2633 ostensa.
1148 2579 1209 2634 in
1247 2595 1413 2649 quam
1472 2580 1777 2650 ingressus,
1838 2581 2028 2649 reique

443 2670 716 2725 miracuio
800 2669 858 2724 in
936 2680 1223 2740 stuporem
1291 2681 1481 2737 actus,
1541 2671 1766 2726 domum
1844 2687 2032 2727 rever-

443 2777 538 2816 ους
570 2772 675 2817 est.

515 2850 679 2923 ’134
704 2852 792 2910 25.
821 2853 1035 2908 Rursus
1058 2869 1191 2909 vero
1233 2854 1474 2924 Bulgari,
1499 2870 1689 2910 mense
1729 2855 1916 2921 Iunio,
1960 2854 2028 2911 ad

441 2943 656 3000 Sancta:
684 2960 858 3014 usque
898 2945 1204 3002 Theodore
1221 2948 1422 3017 palatia
1441 2948 1757 3010 venientes,
1807 2949 2031 3018 illisque

441 3039 825 3100 concrematis,
853 3040 1063 3108 reliqua
1081 3041 1487 3110 populabantur
1511 3057 1526 3107 ;
1569 3057 1635 3095 ac
1684 3055 1878 3096 rursus
1896 3056 2030 3096 con-

2131 1949 2198 2016 τῇ
2250 1943 2297 1999 κ’
2352 1945 2448 1999 τοῦ
2504 1946 2696 2016 μηνὸς,
2756 1942 3011 2015 Θεοδώρα
3059 1945 3092 2014 ή
3147 1941 3380 2013 σύμϐιος
3443 1937 3725 2010 Ῥωμανοῦ

2133 2039 2380 2109 τελευτᾷ,
2438 2040 2535 2092 καὶ
2598 2036 2955 2090 κατατίθεται
3012 2038 3092 2099 εἰς
3143 2036 3234 2088 τὸν
3287 2028 3434 2087 οἷκον
3480 2030 3575 2085 τοῦ
3625 2029 3725 2102 βα-

2136 2131 2328 2194 σιλέως
2382 2129 2668 2200 Ῥωμανοῦ
2717 2129 2809 2183 τὸν
2859 2128 2953 2180 ὑπ’
2999 2127 3164 2180 αὐτοῦ
3219 2127 3299 2189 είς
3361 2124 3726 2197 μοναστήριον

2133 2222 2427 2290 γενόμενον
2461 2237 2476 2251 ·
2532 2221 2630 2274 καὶ
2691 2220 2948 2288 στέφεται
3004 2218 3175 2287 Σοφία
3220 2219 3255 2286 ή
3309 2216 3400 2270 τοῦ
3460 2215 3728 2286 βασιλέως

2139 2313 2522 2384 Χριστοφόρου
2577 2312 2741 2381 γυνή.
2791 2311 2925 2366 Τότε
2955 2311 3050 2367 καὶ
3103 2309 3262 2381 ἰὗηρ
3313 2307 3729 2379 κουροπαλάτης

2135 2405 2192 2458 ὲν
2217 2394 2284 2475 τῇ
2316 2405 2469 2460 πόλει
2503 2404 2862 2476 παρεγένετο,
2895 2404 2988 2458 καὶ
3023 2403 3254 2474 πρόοδος
3304 2402 3452 2472 αὐτῷ
3494 2400 3728 2470 λαμπρᾶ

2135 2501 2350 2569 γέγονε,
2376 2499 2471 2554 καὶ
2505 2499 2640 2568 μετὰ
2658 2499 2820 2568 τιμῆς
2858 2497 3151 2569 ὑπεδέχθη,
3174 2497 3268 2550 καὶ
3301 2498 3334 2566 ἡ
3369 2495 3527 2565 Ἀγία
3556 2494 3728 2562 Σοφία

2135 2591 2312 2660 τούτῳ
2337 2587 2734 2658 κεκοσμημένη
2785 2585 3076 2658 ὑπεδεὶχθη
3109 2604 3121 2616 ·
3161 2588 3238 2648 είς
3287 2585 3346 2648 ὃν
3395 2585 3524 2638 ναὸν
3549 2581 3728 2637 εἰσελ-

2136 2681 2247 2736 Θὼν
2283 2680 2379 2734 καὶ
2406 2679 2694 2752 θαυμάσας
2720 2679 2884 2733 πάλιν
2921 2681 3000 2743 εἰς
3021 2679 3090 2734 τὰ
3125 2680 3232 2733 ῐδια
3264 2676 3627 2749 ὑπέστρεψεν.

2210 2864 2310 2912 κε’.
2362 2858 2474 2911 Καὶ
2516 2857 2678 2912 πάλιν
2709 2858 2757 2911 οί
2798 2857 3100 2930 Βούλγαροι
3127 2860 3186 2912 ὲν
3229 2856 3307 2929 τῷ
3333 2857 3539 2929 Ἰουνίῳ
3596 2856 3730 2927 μηνὶ

2141 2951 2307 3022 μέχρι
2343 2951 2454 3004 τῶν
2508 2953 2606 3021 τῆς
2643 2949 2834 3019 Ἀγίας
2895 2950 3178 3022 Θεοδὼρας
3215 2950 3490 3004 παλατίων
3541 2945 3727 3021 ἦλθον,

2145 3043 2240 3096 καὶ
2298 3043 2470 3096 ταῦτα
2516 3043 2652 3112 πυρὶ
2703 3043 2884 3106 δόντες
2941 3043 3011 3097 τὰ
3071 3043 3200 3114 ἑξῆς
3262 3043 3558 3112 ἐληΐζοντο.
3618 3041 3729 3094 Καὶ

441 3135 587 3182 serta
617 3143 798 3199 pugna
847 3131 1079 3186 Romani
1128 3132 1184 3186 in
1240 3131 2028 3204 fugamvertuntur.Sacteces

2142 3136 2306 3190 πάλιν
2340 3135 2580 3205 πολέμου
2641 3136 2935 3206 γενομένου
2987 3136 3280 3208 τρέπονται
3342 3134 3625 3205 Ῥωμαῖοι.
3668 3135 3729 3188 Ὀ

441 3228 629 3277 autem
649 3225 834 3291 (quem
855 3221 1074 3294 vocant)
1099 3225 1288 3280 multis
1306 3225 1566 3295 praeclare
1582 3225 1822 3294 fortique
1838 3224 2028 3278 virtute

2147 3223 2204 3276 δὲ
2233 3223 2524 3294 λεγόμενος
2580 3225 2870 3293 Σακτήκης
2909 3223 3082 3278 πολλά
3131 3223 3551 3295 ἀνδραγαθήσας
3602 3221 3732 3280 πολ-

442 3309 634 3379 gestis,
675 3327 738 3366 ac
775 3312 949 3367 multa
983 3313 1230 3370 hostium
1255 3314 1386 3369 data
1442 3322 1647 3385 strage,
1703 3328 1828 3368 cum
1887 3329 2028 3369 unus

2135 3317 2262 3380 λούς
2297 3333 2358 3392 τε
2417 3316 2642 3384 ἀνελὼν,
2695 3317 2969 3390 καὶπρὸς
3025 3316 3089 3370 τδ
3143 3317 3348 3384 πλῆθος
3403 3316 3730 3386 ἀντιστῆναι

446 3399 564 3470 ipse
591 3402 935 3458 multitudini
968 3403 1149 3474 impar
1175 3415 1346 3470 esset,
1380 3407 1530 3461 letali
1550 3416 1780 3477 accepto
1803 3408 2034 3463 vulnere

444 3491 630 3560 fugam
669 3493 791 3556 init,
815 3505 984 3563 atque
1026 3495 1080 3550 in
1113 3495 1544 3552 Blachernarum
1581 3500 1788 3569 templo
1822 3499 2036 3569 positus

443 3584 633 3638 statim
657 3584 803 3639 diem
828 3585 965 3641 obit.

517 3672 610 3726 26.
659 3672 910 3729 Excitato
969 3676 1026 3730 in
1073 3675 1302 3731 Chaldia
1364 3677 1602 3732 tumultu
1664 3679 1734 3733 ab
1792 3677 2036 3734 Adriano

445 3764 657 3820 Chaldo
677 3775 734 3819 et
772 3766 996 3821 Tatzate
1031 3768 1315 3833 Armenio,
1347 3769 1535 3824 Bardae
1561 3769 1728 3824 Boilae
1766 3771 1822 3824 in
1872 3769 2034 3825 Chal-

445 3857 538 3912 dia
564 3859 817 3928 praetoris
845 3860 1080 3914 consilio
1113 3865 1178 3928 (a
1201 3861 1406 3932 quibus
1438 3862 1603 3916 etiam
1640 3871 1861 3930 captum
1907 3863 2032 3918 Pai-

445 3965 547 4022 per
577 3951 891 4021 praesidium
921 3955 1260 4022 munitum),
1317 3955 1559 4009 Joannes
1593 3953 1841 4010 Curcuas
1867 3955 2033 4010 scho-

444 4041 624 4096 larum
659 4043 1024 4109 domesticus,
1058 4060 1241 4116 pugna
1267 4045 1322 4099 in
1347 4061 1445 4100 eos
1488 4054 1742 4100 conserta
1786 4046 2033 4114 ipsorum

445 4135 674 4203 potitus,
711 4136 976 4192 clariores
1005 4138 1229 4207 quidem
1260 4139 1437 4192 oculis
1467 4138 1651 4195 orbat.
1682 4153 1879 4193 eorum
1923 4154 2030 4208 pu-

446 4224 650 4281 blicata
679 4228 1008 4293 substantia,
1045 4245 1319 4300 pauperes
1349 4245 1483 4285 vero
1513 4237 1571 4284 et
1593 4229 1868 4284 obscuros
1914 4246 2028 4300 quo

443 4318 619 4373 velint
650 4321 788 4375 citra
811 4333 1009 4376 noxam
1035 4321 1394 4393 abirejubet.
1460 4323 1718 4377 Tatzates
1777 4338 1928 4387 vero,
1975 4323 2032 4377 in

447 4409 603 4464 aliud
649 4410 776 4483 fuga
829 4423 1092 4482 receptus
1126 4414 1401 4468 munitum
1464 4415 1806 4484 praesidium,
1863 4415 2034 4484 petita

443 4501 767 4558 securitatis
797 4504 902 4559 fide
937 4505 1131 4561 urbem
1165 4507 1448 4576 ingressus
1479 4515 1607 4574 est;
1659 4508 2032 4578 magisterque

2139 3411 2215 3480 μὴ
2245 3406 2568 3480 δυνάμενος,
2601 3412 2823 3482 καιρίαν
2870 3410 3102 3481 πληγεὶς
3127 3409 3342 3478 φεύγει,
3396 3408 3491 3464 καὶ
3548 3411 3604 3462 ὲν
3651 3408 3730 3478 τῷ

2135 3502 2249 3573 ναῷ
2275 3503 2385 3555 τῶν
2420 3502 2741 3574 Βλαχερνῶν
2770 3502 2951 3566 τεθεὶς
2987 3501 3150 3565 εὐθὺς
3185 3499 3543 3571 ἀποθνήσκει.

2210 3675 2322 3741 κς’.
2398 3676 2722 3746 ’Δνταρσίας
2773 3675 2831 3730 δὲ
2889 3676 3192 3748 γενομένης
3247 3679 3305 3732 ὲν
3367 3675 3569 3747 mea;
3619 3675 3723 3730 ὑπὸ

2149 3767 2432 3837 Ἀδριανοῦ
2464 3767 2703 3831 Χαλδέος
2729 3769 2824 3822 καὶ
2847 3769 3127 3834 Τατζάτου
3171 3769 3453 3839 Ἀρμενίου
3492 3771 3556 3837 τῇ
3590 3767 3722 3821 ὑπο-

2137 3862 2280 3931 θήκῃ
2312 3861 2490 3930 ίῖἀρδα
2537 3860 2632 3914 τοῦ
2686 3859 2851 3914 Βοΐλα
2912 3863 3349 3933 στρατηγοῦντος
3396 3864 3452 3914 ὲν
3495 3862 3723 3934 Χαλδίᾳ,

2136 3953 2232 4005 καὶ
2273 3952 2334 4006 τὺ
2369 3953 2584 4022 Παῖπερ
2622 3952 2886 4023 ὀχύρωμα
2936 3954 3239 4024 ἐκρατήθη.
3281 3955 3340 4008 'O
3374 3954 3482 4006 τῶν
3524 3954 3728 4025 σχολῶν

2133 4044 2460 4114 δομέστικος
2519 4046 2774 4115 Ἰωάννης
2827 4050 2854 4100 ό
2907 4047 3228 4117 Κουρκούας
3265 4048 3730 4117 καταπολεμήσας

2134 4140 2230 4190 καὶ
2261 4138 2552 4208 κατασχὼν
2579 4139 2708 4202 τοὺς
2754 4137 2851 4208 μὲν
2900 4140 3398 4209 περιφανεστέρους
3427 4139 3731 4208 ἀποτυφλοῖ

2135 4230 2230 4283 καὶ
2258 4231 2355 4292 τὰς
2377 4229 2566 4293 οὐσίας
2595 4229 2845 4300 δημεύει,
2890 4232 3018 4295 τοὺς
3061 4231 3118 4284 δὲ
3150 4233 3443 4300 πενιχροὺς
3469 4233 3561 4284 καὶ
3591 4232 3731 4299 ἀσή-

2140 4339 2270 4391 μους
2295 4319 2503 4385 άθώους
2535 4321 2803 4384 κελεύσας
2837 4324 2961 4378 ὅποι
2995 4324 3267 4395 βούλοιντο
3300 4323 3539 4378 ἀπιέναι.
3590 4325 3648 4377 Ὀ
3671 4324 3729 4377 δὲ

2137 4415 2425 4486 Τατζάτης
2457 4417 2514 4470 ὲν
2559 4416 2736 4484 ἑτέρῳ
2772 4417 3093 4489 ὀχυρώματι
3134 4419 3414 4488 διαφυγὼν
3446 4420 3540 4474 καὶ
3569 4420 3728 4489 λόγον

2137 4506 2370 4577 αἰτήσας
2427 4508 2486 4560 ἐν
2534 4511 2601 4579 τῇ
2663 4510 2817 4563 πόλει
2851 4512 3212 4583 εἰσεληλύθει,
3271 4515 3365 4567 καὶ
3427 4515 3728 4586 μάγιστρος

449 4603 749 4660 provectus
803 4595 858 4649 in
897 4592 1179 4667 Manganis
1224 4599 1328 4653 sub
1383 4598 1635 4654 custodia
1686 4599 2028 4654 morabatur.

2138 4598 2430 4666 γενόμενος
2459 4600 2516 4651 ὲν
2542 4600 2654 4662 τοῖς
2691 4581 3030 4668 Μαγγάνοις-
3059 4604 3400 4676 τηρούμενος
3427 4581 3671 4675 διῃτᾶτο
3708 4618 3723 4635 ·

449 4682 592 4737 Dum
624 4701 754 4738 vero
790 4686 973 4757 fugam
1021 4690 1267 4754 molitur,
1315 4700 1510 4760 captus
1553 4692 1731 4747 oculis
1783 4692 2036 4746 orbatur.

449 4772 657 4828 Bardas
686 4775 837 4831 Boila
891 4778 1241 4848 imperatoris
1281 4780 1575 4836 clementia
1610 4774 1870 4836 monachi
1921 4780 2035 4836 ritu

451 4867 680 4921 caesarie
712 4869 1000 4927 multatur.

521 4961 612 5015 27.
651 4962 921 5034 Symeone
951 4982 1083 5022 vero
1110 4983 1235 5022 cum
1266 4968 1526 5040 omnibus
1550 4967 1726 5037 copiis
1755 4967 2027 5024 Adriano~

451 5053 621 5124 polim
668 5055 960 5112 obsidente
1002 5074 1065 5114 ac
1115 5059 1333 5115 fortiter
1392 5059 1589 5115 urbem
1649 5069 2026 5130 Oppugnante,

2138 4689 2334 4760 δρᾶσαι
2360 4689 2414 4742 δὲ
2447 4689 2880 4761 βουλευσάμενος
2919 4693 3204 4748 ἁλίσκεται
3255 4697 3349 4749 καὶ
3395 4696 3504 4746 τῶν
3539 4692 3726 4760 ὀμμά-

2137 4796 2247 4835 των
2309 4783 2678 4852 στερίσκεται.
2741 4784 2956 4856 Βάρδαν
2989 4786 3046 4839 δὲ
3077 4789 3168 4840 τὸν
3212 4787 3294 4862 [Ρ.
3348 4783 3474 4853 ὶ85]
3529 4783 3722 4835 Β.ἲλαν

2137 4875 2464 4947 ἀπέκειραν,
2490 4877 2582 4932 τοῦ
2621 4878 2887 4944 βασιλέως
2913 4879 3079 4931 αὐτὸν
3117 4876 3611 4943 κατοικτείραντος.
3661 4890 3664 4902 ‘

2207 4969 2311 5034 κζ’.
2346 4971 2569 5040 Συμεὼν
2607 4971 2666 5024 δὲ
2722 4974 2821 5026 σὺν
2881 4971 3041 5024 παντὶ
3095 4969 3173 5041 τῷ
3222 4969 3335 5040 λαῷ
3391 4969 3556 5029 αὐτοῦ
3622 4971 3722 5038 τὴν

2147 5063 2587 5132 Ἀδριανούπολιν
2614 5061 3091 5134 παρακαθίσαντος
3121 5061 3216 5114 καὶ
3245 5061 3482 5132 ἰσχυρῶς
3506 5064 3724 5134 πολιορ-

452 5149 601 5218 quod
634 5149 806 5206 fames
851 5152 1032 5207 valida
1075 5155 1334 5209 obsessos
1382 5163 1663 5222 premeret
1713 5168 1817 5207 nec
1869 5152 2028 5223 735

2137 5154 2380 5219 κοῦντος,
2438 5157 2562 5209 ἐπεὶ
2621 5155 2715 5209 καὶ
2748 5151 2906 5224 λιμὸς
2958 5152 3155 5213 αὐτοὺς
3219 5154 3407 5218 ἐπίεζε
3462 5157 3722 5224 κραταιὶς

452 5243 564 5298 ulla
586 5241 959 5299 frumentandi
984 5247 1218 5301 facultas
1242 5251 1323 5301 eis
1352 5245 1543 5299 relicta
1596 5254 1763 5308 esset,
1814 5243 1920 5312 ipsi
1969 5259 2028 5297 se

2137 5250 2232 5303 καὶ
2277 5248 2575 5318 οὐδαμόθεν
2633 5243 2778 5315 εἶχον
2831 5245 3262 5310 ἐπισιτίσασθαι,
3315 5248 3723 5318 προδεδώκασιν

453 5345 854 5408 praetoremque
895 5355 1055 5393 suum
1105 5338 1352 5409 Bulgaris
1386 5336 1770 5407 prodiderunt.
1828 5337 1957 5392 Erat
1988 5337 2028 5392 is

2139 5340 2366 5402 ἑαυτούς
2415 5357 2475 5392 τε
2538 5338 2633 5391 καὶ
2693 5339 2786 5389 τὸν
2839 5337 3147 5408 στρατηγὸν
3201 5340 3315 5404 τοῖς
3366 5338 3721 5409 Βουλγάροις.

454 5427 787 5486 Moroleonis
824 5448 925 5486 seu
954 5433 1172 5502 (Verius
1199 5430 1382 5502 dicas)
1417 5431 1809 5503 Thymoleonis
1861 5431 2028 5497 filius,

2140 5429 2308 5495 Οὗτος
2353 5433 2409 5485 δὲ
2453 5427 2518 5499 ἦν
2561 5431 2588 5483 ό
2633 5428 2728 5481 τοῦ
2783 5428 3167 5499 Μωρολέοντος
3247 5432 3362 5495 υίὸς
3417 5431 3449 5502 ἦ
3511 5432 3712 5501 μᾶλλον

455 5520 540 5574 vir
579 5536 704 5576 cum
731 5523 855 5577 aliis
897 5523 1140 5592 optimus
1191 5531 1304 5577 tum
1353 5524 1521 5580 rebus
1577 5524 1724 5580 bello
1769 5523 2028 5594 praeclare

2139 5519 2526 5593 Θυμολέοντος,
2587 5518 2762 5573 εἰπεῖν
2815 5520 3201 5591 οἰκειοτέρως,
3264 5522 3405 5592 ἀνὴρ
3458 5523 3524 5575 τὰ
3583 5521 3721 5575 ἄλλα

453 5615 626 5685 gestis
654 5615 996 5671 clarissimus
1040 5616 1402 5688 plurimisque
1451 5618 1716 5675 adversus
1768 5616 2028 5687 Bulgaros

2141 5614 2432 5682 κράτιστος
2476 5609 2568 5662 καῖ
2626 5609 2691 5662 τά
2747 5609 3017 5679 πολεμικὰ
3067 5609 3410 5683 περιϐόητος,
3454 5611 3513 5675 ὃς
3566 5612 3719 5665 πλείε-

1771 5708 2007 5766 γΑιιυΕ
2056 5702 2461 5765 LECTIONES.

537 5800 558 5830 '
590 5800 824 5871 ὃπερόἳ
