4124 6416
485 353 590 417 797

912 351 1284 415 ANNALES.
1322 379 1390 390 -
1427 355 2239 417 CONSTANT.PORPIIYR.
2280 356 2376 416 ET
2427 356 2797 417 ROMANUS
2846 356 3305 417 LACAPENUS.

3627 356 3733 419 798

484 482 616 528 στας
673 464 1039 534 ἀνδραγαθίας
1095 466 1236 519 κατὰ
1302 465 1623 539 Βουλγάρων
1686 466 1998 533 ἐπεδείξατο
2040 485 2054 499 ⁸

2163 467 2383 538 tmpaeis
2427 482 2553 520 cum
2583 466 2776 536 primis
2808 465 3164 535 conspicuus.
3213 465 3347 536 Ejus
3399 465 3583 534 itaque
3635 463 3733 534 Sy-

479 554 541 611 ὃν
594 555 691 609 καί
742 556 1151 628 χειρωσάμενος
1196 560 1226 612 ὁ
1279 543 1524 628 έυμεὼν,
1577 561 1798 631 μυρίαις
1855 556 1916 614 τε
1969 563 2054 615 αἰ-

480 649 630 712 κίαις
681 648 868 702 τοῦτον
911 651 1399 720 τιμωρησάμενος,
1450 652 1762 705 τεολευταίον
1800 654 2059 707 ἀπέκτειο

480 757 591 807 νεν.
664 740 775 793 Καὶ
833 740 1165 809 Βουλγάροις
1218 743 1317 811 τὴν
1378 742 1477 811 τῆς
1537 743 1745 807 πόλεως
1810 745 2057 814 φυλακὴν

481 832 762 902 παραδοὺς
813 832 1209 904 ὑπεχώρησεν·
1272 833 1322 886 οἳ
1376 833 1474 905 τήν
1534 835 1654 887 κατ’
1716 836 1895 889 αὐτῶν
1949 837 2056 891 τῶν

490 919 783 995 Ῥωμαίων
823 923 1010 993 ἔφοδον
1051 925 1370 995 ἀκηκοότες,
1414 925 1514 997 τήν
1545 928 1698 979 πόλιν
1726 928 2056 981 καταλιπόν-

476 1032 571 1078 τες
602 1013 867 1082 ἀπῆλθον,
897 1016 991 1067 καί
1021 1015 1183 1068 πάλιν
1204 1015 1307 1067 ὑπὸ
1344 1013 1646 1085 Ῥωμαίους
1682 1016 1917 1085 ἐγένετο,

552 1112 658 1174 κη’.
696 1104 802 1158 Τοῦ
833 1105 888 1157 δέ
920 1105 1247 1175 Τριπολίτου
1307 1104 1537 1168 Λέοντος
1590 1107 1727 1176 μετὰ
1773 1108 2057 1177 δυνάμεως

479 1194 684 1264 πολλῆς
736 1198 801 1265 τῇ
854 1196 1005 1267 νήσῳ
1052 1197 1257 1265 Λήμνῳ
1313 1194 1730 1262 καταλαϐόντος,
1803 1199 2056 1268 Ἰωάννης

478 1287 509 1339 ὁ
542 1285 830 1355 πατρίκιος
880 1288 975 1341 καὶ
1005 1287 1365 1359 δρουγγάριος
1403 1288 1513 1341 τῶν
1562 1290 1823 1360 πλωΐμων
1855 1288 2055 1359 ὁδΡα-

475 1376 623 1440 δινδς
656 1376 921 1447 αἰφνίδιον
966 1374 1243 1432 ἐπιπεσὼν
1297 1378 1478 1442 αὐτοῖς
1527 1381 1738 1444 πάντας
1778 1380 2051 1448 ἀπώλεσε,

478 1471 645 1542 μόνον
686 1470 849 1524 αὐτοῦ
871 1470 963 1523 τοῦ
985 1466 1311 1540 Τριπολίτου
1344 1470 1723 1540 διαφυγόντος.

548 1559 652 1617 κθ’.
686 1561 777 1633 Τῷ
799 1562 854 1616 δὲ
878 1560 1237 1633 Σεπτεμϐρίῳ
1268 1562 1419 1635 μηνὶ,
1450 1565 1549 1633 τῆς
1598 1564 1643 1633 β’
1700 1565 2051 1633 ἰνδικτιῶνος,

477 1650 641 1706 πάλιν
670 1651 898 1720 Συμεὼν
932 1654 959 1704 6
987 1652 1293 1724 Βούλγαρος
1350 1655 1656 1724 πανστρατὶ
1710 1656 1849 1709 κατά
1900 1658 2055 1710 Κωνο

478 1744 974 1808 σταντινουπόλεως
1041 1745 1420 1816 ἐκστρατεύει,
1484 1749 1578 1801 καί
1637 1747 1883 1817 ληῒζεται
1953 1752 2052 1819 μὲν

474 1835 700 1907 Βρᾴκην
740 1835 834 1888 καί
884 1837 1252 1903 Μακεδονίαν,
1303 1840 1595 1909 ἐμπυρίζει
1643 1841 1699 1894 δὲ
1732 1843 1910 1895 πάντα
1959 1846 2054 1896 καὶ

476 1926 847 1996 καταστρέφει
878 1929 971 1980 καί
999 1928 1365 2000 δενδροτομεῖ,
1397 1932 1559 2001 μέχρι
1594 1931 1702 1985 τῶν
1735 1932 2053 2004 Βλαχερνῶν

478 2021 944 2089 παραγενόμενος.
982 2020 1079 2073 καὶ
1114 2022 1175 2093 δή
1209 2022 1483 2092 ἐπιζητῶν
1515 2025 1883 2095 ἀποσταλῆναι
1908 2026 2054 2096 αὐτῴ

475 2108 568 2162 τὸν
590 2110 939 2183 πατριάρχην
960 2114 1225 2166 Νικόλαον
1254 2116 1347 2168 καί
1375 2134 1526 2179 τινας
1547 2118 1655 2168 τῶν
1690 2118 2049 2186 μεγιστάνων,

476 2197 617 2255 ὥστε
650 2203 777 2272 περί
835 2204 1057 2274 εἰρήνης
1088 2205 1271 2266 αὐτοῖς
1324 2210 1623 2277 συντυχεῖν.
1676 2208 1905 2262 Ἔλαϐον
1961 2206 2054 2264 οὖν

475 2292 719 2366 ὁμήρους
758 2296 1084 2367 ἀμφότεροι,
1122 2298 1216 2349 καί
1267 2298 1508 2367 ἐξῆλθον,
1557 2301 1585 2352 ὃ
1613 2317 1669 2353 τε
1710 2303 2055 2373 πατριάρχης

476 2384 569 2437 καὶ
623 2384 843 2457 Μιχαὴλ
890 2386 1174 2459 πατρίκιος
1230 2389 1259 2441 6
1315 2390 1633 2461 Στυπιὼτης
1662 2393 1756 2445 καὶ
1803 2392 2055 2463 Ἰωάννης

479 2476 739 2543 μυστικὸς
799 2478 827 2531 6
888 2479 1415 2546 παραδυναστεύων’
1473 2481 1572 2551 ἤδη
1628 2483 1735 2552 γὰρ
1806 2484 2056 2554 Ἰωάννης

472 2564 504 2617 6
545 2567 787 2638 ραίκτωρ
816 2568 1126 2638 διαϐληθεὶς
1183 2569 1260 2639 τῷ
1296 2570 1505 2639 βασιλεῖ
1554 2574 1827 2644 ἀπεκάρη.
1862 2577 1924 2629 Οἱ
1959 2576 2056 2643 μὲν

471 2656 568 2713 οὖν
607 2658 682 2728 τῷ
713 2659 938 2730 Συμεὼν
997 2662 1126 2732 περὶ
1182 2664 1408 2735 εἰρήνης
1452 2663 1772 2731 διελέγοντο,
1808 2669 1970 2731 αὐτὸς
2000 2669 2055 2722 δέ

474 2749 567 2801 τὸν
620 2748 850 2821 βασιλέα
924 2753 1202 2824 Ῥωμανδν
1260 2754 1559 2810 θεάσασθαι
1616 2758 1827 2827 ήοελεν.
1884 2761 2056 2831 Ὅπερ

475 2840 720 2905 ἀκούσας
766 2845 793 2896 6
843 2845 1098 2914 βασιλεὺς
1151 2846 1355 2917 σφόδρα
1415 2849 1818 2918 ἠγαλλιάσατο·
1868 2852 2056 2905 ἐπόθει

474 2934 584 3005 γὰρ
614 2935 714 3005 τὴν
762 2936 986 3007 εἰρήνην
1037 2940 1130 2991 καί
1185 2939 1247 2992 τὸ
1295 2940 1485 3007 στῆναι
1536 2943 1634 3010 τὴν
1666 2943 1773 2994 τῶν
1811 2944 2056 3013 αἱμάτων

474 3024 655 3096 χύσιν.
698 3026 1051 3093 Ἀποστείλας
1094 3029 1188 3083 οὖν
1237 3035 1294 3085 ἐν
1332 3031 1409 3102 τῷ
1458 3033 1552 3089 τοῦ
1585 3038 1604 3064 ν
1640 3036 1941 3105 Κοσμιδίου
1970 3039 2056 3089 αἰα-

2157 576 2319 614 meon
2343 559 2570 628 potitus,
2606 568 2731 626 post
2772 558 3063 612 innumera
3094 557 3333 627 irrogata
3362 556 3634 626 supplicia
3672 571 3735 610 ac

2158 647 2669 713 dehonestamenta,
2694 645 2762 701 ad
2790 654 3093 700 extremum
3130 645 3379 715 peremit.
3422 646 3561 700 Tum
3601 645 3735 700 reli-

2157 748 2245 794 eta
2279 739 2528 809 Bulgaris
2557 738 2937 794 custodiendae
2965 738 3120 792 urbis
3148 738 3433 807 provincia
3484 738 3732 793 recessit.

2156 832 2357 887 Relicti
2393 847 2526 886 vero
2558 831 2905 901 praesidiarii,
2941 830 3129 885 audita
3154 830 3528 885 Romanorum
3561 830 3615 885 in
3638 846 3736 886 eos

2157 926 2528 995 aggressione,
2564 925 2759 981 relicta
2789 924 2928 979 urbe
2972 923 3199 978 domum
3264 924 3559 989 abierunt;
3607 939 3733 978 rur-

2157 1033 2361 1087 susque
2388 1018 2481 1072 illa
2506 1018 2763 1072 Romanae
2787 1016 2985 1071 ditioni
3016 1017 3206 1072 cessit.

2224 1108 2315 1164 28.
2344 1108 2483 1164 Cum
2514 1118 2703 1163 autem
2731 1108 2843 1163 Leo
2873 1106 3142 1177 Tripolita
3168 1123 3295 1163 eum
3322 1107 3531 1178 ingenti
3576 1106 3733 1161 forti-

2155 1216 2262 1269 que
2283 1200 2530 1256 exercitu
2560 1200 2614 1254 in
2644 1200 2915 1255 Lemnum
2942 1201 3178 1256 insulam
3200 1200 3465 1261 venisset,
3496 1200 3738 1255 Joannes

2155 1290 2400 1346 Radinus
2426 1292 2694 1362 patricius
2719 1300 2777 1345 et
2808 1292 3004 1351 classis
3035 1292 3373 1362 drungarius
3412 1290 3598 1345 subita
3632 1290 3737 1344 im-

2155 1381 2440 1450 pressione
2488 1381 2539 1434 in
2582 1381 2770 1437 hostes
2820 1382 3040 1437 irruens
3098 1396 3293 1437 omnes
3336 1379 3733 1445 internecione,

2152 1471 2272 1525 solo
2305 1469 2571 1539 Tripolita
2606 1470 2733 1541 luga
2754 1471 2961 1541 elapso,
2996 1470 3221 1527 delevit.

2224 1561 2313 1615 29.
2338 1561 2524 1615 Mense
2554 1571 2741 1615 autem
2777 1561 3112 1631 Septembri,
3150 1561 3452 1618 indictione
3471 1561 3734 1626 secunda,

2156 1668 2349 1707 rursus
2380 1652 2616 1724 Symeon
2647 1653 2919 1723 Bulgarus
2946 1668 3074 1708 cum
3108 1654 3369 1708 omnibus
3413 1654 3589 1722 COpiis
3637 1654 3737 1707 ad-

2154 1758 2348 1799 versus
2377 1743 2700 1814 Byzantium
2722 1742 2900 1797 aciem
2944 1742 3175 1809 educit;
3235 1743 3637 1812 Thraciamque
3680 1753 3737 1797 et

2153 1835 2530 1892 Macedoniam
2553 1836 2846 1907 populatus
2862 1834 3043 1891 omnia
3063 1834 3308 1891 incendit
3328 1844 3493 1904 atque
3509 1835 3733 1903 evertit,

2154 1929 2493 1998 arboresque
2515 1929 2582 1983 ad
2622 1928 2957 1982 Blachernas
2986 1944 3162 1997 usque
3198 1928 3431 1984 veniens
3477 1928 3732 1983 succidit.

2155 2022 2294 2077 Tum
2324 2021 2608 2076 Nicolaum
2657 2020 3022 2091 patriareham
3057 2036 3122 2074 ac
3158 2020 3378 2090 aliquos
3420 2037 3733 2090 procerum,

2155 2113 2482 2183 quibuscum
2523 2112 2589 2167 de
2614 2128 2747 2180 pace
2795 2111 2869 2167 sit
2920 2112 3318 2178 collocuturus,
3376 2113 3441 2165 ad
3490 2128 3549 2168 se
3592 2111 3734 2165 mitti

2156 2206 2311 2276 petit.
2355 2204 2469 2259 Dati
2500 2204 2683 2273 itaque
2712 2203 2974 2271 utrinque
3006 2203 3250 2268 obsides,
3280 2204 3526 2272 exiitque
3568 2202 3734 2257 Nico-

2156 2298 2275 2352 laus
2301 2296 2614 2365 patriarcha
2638 2304 2693 2351 et
2724 2295 2955 2349 Michael
2981 2295 3257 2366 Stypiotes
3287 2296 3567 2364 patricius,
3601 2311 3735 2351 nec-

2156 2404 2266 2442 non
2300 2388 2542 2443 Joannes
2572 2388 2838 2458 mysticus
2871 2395 2926 2439 et
2958 2385 3195 2455 publica:
3239 2385 3737 2443 administrationis

2158 2479 2477 2549 imperatori
2533 2478 2737 2533 socius.
2813 2478 2933 2532 Jam
2999 2478 3204 2547 quippe
3251 2476 3489 2531 Joannes
3532 2486 3733 2543 rector,

2158 2573 2555 2644 coniurationis
2589 2572 2750 2645 736
2773 2572 3009 2636 delatus,
3044 2571 3300 2625 monachi
3334 2571 3439 2627 ritu
3471 2571 3739 2626 detonsus

2157 2665 2358 2720 fuerat.
2400 2667 2579 2733 Atque
2627 2664 2682 2717 hi
2732 2664 2956 2733 quidem
3007 2680 3131 2718 cum
3169 2663 3440 2735 Symeone
3484 2664 3551 2719 de
3606 2680 3740 2734 pace

2161 2757 2514 2811 tractabant:
2544 2772 2738 2810 verum
2787 2756 3020 2827 Symeon
3070 2756 3246 2825 ipsum
3278 2754 3587 2811 Romanum
3637 2756 3741 2811 im-

2160 2858 2471 2918 peratorem
2501 2847 2689 2901 videre
2711 2848 2956 2916 expetiit.
2994 2848 3072 2903 Eo
3098 2848 3295 2902 nuntio
3353 2858 3601 2917 accepto,
3637 2848 3740 2902 im-

2158 2948 2381 3010 perator
2429 2939 2586 2994 valde
2626 2940 2844 3012 gavisus
2880 2950 3011 2994 est:
3056 2940 3207 3009 pacis
3267 2940 3416 2995 enim
3459 2940 3737 2996 desiderio

2157 3040 2334 3095 actus,
2364 3032 2629 3088 immanes
2649 3033 2824 3087 caedes
2844 3042 3009 3102 atque
3038 3047 3265 3087 cruores
3281 3032 3400 3088 sisti
3432 3032 3735 3102 aliquando

475 3120 651 3190 γιαλῷ
709 3121 1061 3193 ὀχυρωτάτην
1114 3125 1519 3180 κατεσκεύασεν
1576 3129 1635 3180 ἐν
1693 3131 1758 3198 τῇ
1809 3129 2054 3201 Θαλάσσῃ

2159 3142 2368 3182 summe
2392 3126 2703 3195 expetebat.
2735 3126 2954 3180 Mittens
2990 3125 3155 3195 igitur
3187 3123 3254 3178 ad
3280 3122 3545 3179 Cosmidii
3574 3125 3733 3179 littus

473 3210 769 3276 ἀπόϐασιν,
802 3211 940 3265 ὥστε
969 3214 1067 3281 τὴν
1096 3212 1382 3284 βασιλικὴν
1402 3217 1634 3287 τριήρην
1670 3218 2055 3271 διεκπλέουσαν

474 3304 537 3357 ἐν
581 3305 732 3376 αὐτῷ
771 3306 1246 3377 προσορμίζεσθαι
1279 3323 1293 3336 ⁸
1351 3309 1447 3363 καί
1496 3310 1835 3379 περιφράξας
1888 3311 2057 3382 αὐτὴν

473 3396 742 3450 πάντοθεν
800 3397 1102 3469 προσέταξε
1170 3397 1515 3469 διατείχισμα
1569 3400 1732 3471 μέσον
1776 3403 2049 3472 γενέσθαι,

473 3492 603 3547 ἔνθα
635 3495 882 3567 ἀλλήλοις
927 3495 1153 3565 ἔμελλον
1210 3496 1440 3564 ὁμιλεῖν.
1512 3499 1634 3551 Ἐπί
1685 3499 1895 3562 τούτοις
1921 3500 2057 3551 ἁπο-

476 3588 696 3652 στείλας
749 3587 974 3657 Συμεὼν
1032 3589 1123 3643 τδν
1180 3592 1238 3643 ἐν
1286 3592 1352 3660 τῇ
1388 3590 1549 3660 nm;
1602 3592 1699 3659 τῆς
1754 3591 2057 3660 ὑπεραγίας

473 3683 737 3737 Θεοτόκου
768 3686 916 3749 ναὸν,
947 3683 1006 3736 ὃν
1074 3683 1453 3746 Ἰουστινιανδς
1502 3686 1530 3736 6
1580 3683 1831 3753 βασιλεὺς
1863 3684 2061 3754 ἐδομή-

475 3790 628 3841 σατο,
686 3774 1010 3846 ἐνέπρησεν,
1062 3776 1248 3829 καὶτὰ
1279 3776 1409 3846 περί
1449 3776 1613 3829 αὐτὸν
1645 3776 1844 3837 πάντα,
1898 3776 2057 3844 δῆλος

478 3866 552 3920 ὢν
591 3865 843 3925 ἐντεῦθεν
879 3868 954 3939 μὴ
1008 3867 1107 3940 τὴν
1154 3868 1379 3938 εἰρήνην
1424 3868 1645 3932 ἐθέλων,
1671 3866 1762 3939 ῙΡ.
1789 3865 1915 3939 484]
1940 3868 2055 3921 ἀλλ’

482 3960 561 4011 ἐπ’
592 3960 777 4013 ἐλπίσι
831 3959 1131 4031 μετεώροις
1183 3960 1276 4013 τὸν
1321 3960 1547 4028 βασιλέα
1593 3960 1902 4026 ἐξαπατῶν.
1946 3960 2057 4014 Καὶ

478 4052 924 4122 παραγενόμενος
975 4053 1004 4103 6
1053 4051 1309 4122 βασιλεὺς
1360 4050 1477 4121 ἅμα
1520 4050 1599 4121 τῷ
1652 4052 1978 4122 πατριάρχῃρ
1998 4053 2057 4104 ἐν

474 4140 809 4217 Βλαχέρναις
846 4148 925 4205 εἰς
977 4146 1074 4215 τὴν
1132 4145 1294 4213 ἁγίαν
1347 4143 1566 4212 εἰσῆλθε
1628 4144 1802 4213 σορὸν,
1839 4146 1928 4198 καί
1957 4145 2057 4208 τὰς

472 4239 662 4307 χεῖρας
694 4234 943 4300 ἐκτείνας
975 4238 1055 4301 εἰς
1087 4237 1272 4308 εὐχὴν,
1305 4233 1428 4291 εἶτα
1460 4237 1554 4291 καὶ
1602 4237 1819 4307 πρηνὴς
1849 4235 2053 4301 πεσὼν,

471 4329 702 4399 δάκρυσι
727 4327 789 4383 τὸ
817 4329 973 4398 ἆγιον
1007 4329 1339 4400 κατέϐρεχεν
1371 4329 1585 4398 ἔδαφος,
1614 4329 1714 4399 τὴν
1746 4329 2060 4399 πανάχρανι

471 4436 564 4478 τον
592 4423 855 4477 Θεοτόκον
892 4420 1193 4477 ἀντιϐολῶν
1232 4425 1332 4493 τὴν
1365 4422 1599 4493 άκαμπῆ
1625 4425 1716 4475 καὶ
1743 4423 2058 4491 ἀμείλικτον

470 4513 566 4568 τοῦ
600 4514 952 4585 ὑπερηφάνου
996 4509 1223 4582 Συμεὼν
1271 4513 1499 4583 καρδίαν
1557 4510 1795 4582 μαλάξαι
1818 4510 1914 4563 καί
1942 4512 2059 4562 πεῖ-

474 4607 652 4661 σαιτά
677 4607 815 4677 πρὸς
848 4608 1074 4676 εἰρήνην
1111 4601 1424 4657 συνθέσθαι.
1463 4602 1536 4655 Τὸ
1568 4604 1723 4675 ἅγιον
1750 4602 1842 4655 οὖν
1880 4601 2057 4671 μαςρὸ-

471 4716 589 4770 ριον
620 4699 723 4767 τῆς
754 4698 1026 4766 παναγίας
1061 4696 1325 4751 Θεοτόκου
1359 4697 1423 4747 ἐκ
1466 4694 1567 4762 τῆς
1611 4694 1845 4747 κιϐωτοῦ
1875 4693 2060 4747 άνελό-

471 4810 634 4864 μενος
688 4788 834 4862 ἐξῄει
877 4790 970 4844 τοῦ
998 4789 1151 4864 ναοῦ,
1200 4790 1294 4843 καὶ
1338 4786 1749 4857 καταλαμϐάνει
1798 4786 1891 4839 τὸν
1937 4786 2063 4854 ὠρι-

470 4862 670 4952 σμένον
710 4884 892 4937 τόπον.
919 4862 1201 4951 Ἐνάτηὸὲ
1230 4875 1299 4950 ἧν
1324 4878 1417 4930 τοῦ
1449 4875 1823 4947 Σεπτεμϐρίου
1870 4876 2059 4946 μηνὸς,

470 4978 697 5047 πέμπτη
753 4976 811 5028 δὲ
859 4976 958 5044 τῆς
1003 4973 1295 5045 ἑϐδομάδος
1343 4971 1527 5042 ήμέρα
1558 4983 1573 5002 ⁶
1603 4970 1699 5022 καὶ
1730 4972 1795 5040 τῇ
1823 4970 2060 5044 τετάρτῃ

472 5069 595 5141 ὥρα
656 5070 1022 5139 παραγίνεται
1074 5064 1347 5136 Συμεὼν,
1399 5061 1603 5133 πλῆθος
1666 5062 1897 5130 ἄπειρον
1965 5063 2062 5113 ἐπ-

467 5161 763 5231 αγόμενος,
778 5160 861 5224 εἰς
888 5159 1086 5222 πολλάς
1116 5158 1444 5231 διῃρημένον
1461 5155 1558 5218 τὰς
1578 5152 1932 5223 παρατάξεις,
1949 5152 2059 5204 τῶν

473 5254 574 5323 μὲν
600 5253 1095 5323 χρυσασπίδωνκαὶ
1141 5250 1574 5322 χρυσοδοράτων,
1620 5246 1800 5301 τῶνδὲ
1850 5248 2058 5315 ἀργυρ-

472 5342 718 5396 ασπίδων
770 5340 865 5395 καὶ
908 5341 1384 5412 ἀργυροδοράτων,
1445 5339 1555 5391 τῶν
1584 5339 1641 5391 δὲ
1677 5338 1828 5409 πάσῃ
1874 5336 2055 5389 ὅπλων

475 5435 637 5505 χροιᾷ
663 5434 1120 5504 κεκοσμημένων,
1148 5434 1365 5488 πάντων
1396 5428 1953 5498 καταπεφρατμένων,
1977 5445 2057 5481 σι-

477 5526 665 5597 δήρῳ·
707 5524 757 5579 οἳ
786 5526 949 5595 μέσον
978 5524 1158 5578 αὐτῶν
1200 5524 1538 5594 διειληφότες
1584 5527 1676 5574 τὸν
1719 5521 1941 5590 Συμεὼν
1980 5520 2055 5583 ὡς

480 5617 705 5686 βασιλέα
727 5618 1007 5687 εὐφήμουν
1026 5620 1093 5687 τῇ
1130 5616 1532 5686 τῶνῬωμαίων
1560 5616 1735 5685 φωνῇ.
1765 5614 1970 5674 Πάντες
2001 5611 2057 5664 δὲ

2161 3218 2595 3273 munitissimum
2660 3232 2985 3272 exscensum
3061 3217 3390 3283 construxit,
3450 3216 3518 3270 ad
3571 3232 3735 3286 quem

2161 3311 2415 3381 praetoria
2442 3312 2682 3365 triremis
2721 3325 2945 3364 emenso
2966 3309 3163 3363 itinere
3198 3310 3365 3362 remis
3414 3308 3738 3376 impellere-

2162 3411 2271 3466 tur,
2302 3417 2366 3455 ac
2390 3402 2484 3454 ubi
2520 3402 2664 3455 inter
2692 3416 2750 3455 se
2776 3415 3088 3455 sermonem
3122 3408 3310 3453 essent
3341 3399 3618 3453 collaturi.
3651 3398 3739 3457 ln-

2162 3504 2245 3548 ter
2280 3494 2395 3548 haec
2434 3493 2669 3564 Symeon
2704 3493 2866 3546 missa
2900 3507 3125 3547 suorum
3162 3502 3325 3546 manu
3379 3490 3740 3546 sanctissimae

2158 3586 2255 3640 Dei
2287 3586 2588 3640 Genitrieis
2608 3585 2872 3652 templum
2908 3582 3067 3652 Pegis
3094 3598 3125 3637 a
3153 3582 3465 3637 Justiniano
3493 3581 3736 3650 impera-

2162 3687 2278 3732 tore
2304 3685 2648 3731 exstructum
2674 3689 2739 3727 ac
2764 3673 2945 3727 vicina
2978 3687 3208 3742 qumque
3244 3669 3567 3733 succendit;
3613 3669 3736 3738 qui-

2159 3768 2264 3827 bus
2304 3768 2449 3822 nolle
2499 3783 2557 3821 se
2598 3781 2809 3836 pacem,
2868 3764 2963 3819 sed
3023 3779 3160 3818 vana
3219 3779 3316 3833 spe
3351 3763 3740 3830 imperatorem

2157 3859 2442 3922 deludere,
2476 3858 2739 3912 ostendit.
2784 3855 3027 3911 Veniens
3078 3866 3262 3911 autem
3320 3857 3622 3925 imperator
3668 3854 3739 3909 ad

2158 3950 2489 4004 Blachernas
2518 3964 2643 4002 eum
2684 3947 3023 4018 patriarcha,
3056 3958 3225 4017 atque
3272 3948 3339 4002 ad
3379 3958 3630 4003 sanctum
3660 3949 3740 4002 lo-

2158 4043 2343 4098 culum
2369 4042 2669 4112 ingressus,
2701 4040 2944 4096 extensis
2977 4040 3030 4095 in
3055 4056 3251 4109 preces
3281 4042 3535 4096 manibus
3568 4041 3736 4110 inque

2158 4134 2354 4188 faciem
2378 4146 2618 4187 cernuus
2641 4147 2706 4186 ac
2733 4131 3076 4200 provolutus,
3110 4131 3350 4186 ubertim
3374 4132 3627 4203 lacrymis
3645 4148 3739 4187 so-

2159 4225 2272 4279 lum
2327 4223 2584 4290 irrigans,
2646 4220 3187 4277 intemeratissimam
3249 4220 3344 4275 Dei
3401 4221 3739 4277 Genitricem

2161 4316 2359 4370 durum
2422 4315 2801 4381 immitemque
2860 4311 3086 4381 superbi
3142 4310 3428 4382 Symeonis
3494 4312 3740 4366 animum

2164 4404 2415 4460 emollire
2458 4404 2683 4473 rogabat
2712 4414 2954 4472 eumque
2984 4402 3050 4456 ad
3076 4417 3266 4472 pacem
3299 4401 3739 4471 componendam

2163 4497 2468 4553 inﬂectere.
2500 4495 2704 4551 Sancto
2735 4496 2902 4566 igitur
2934 4495 3296 4551 sanctissimae
3322 4495 3419 4550 Dei
3439 4494 3740 4550 Genitricis

2165 4587 2455 4658 maphorio
2494 4586 2757 4657 (palliolo
2801 4586 3066 4641 nimirum
3098 4602 3163 4641 ac
3199 4586 3389 4656 veste)
3421 4603 3451 4642 e
3480 4587 3742 4643 scriniolo

2165 4682 2404 4745 sublato,
2438 4681 2641 4750 templo
2663 4696 2919 4751 egressus
2956 4682 3024 4737 ad
3054 4682 3237 4738 locum
3258 4685 3620 4740 constitutum
3648 4700 3744 4740 ve-

2166 4775 2269 4830 nit.
2323 4774 2477 4829 Noua
2508 4784 2629 4829 erat
2678 4773 2885 4828 mensis
2930 4772 3295 4843 Septembris,
3341 4776 3536 4846 quinta
3584 4776 3742 4842 feria,

2165 4884 2293 4925 cum
2328 4868 2560 4940 Symeon
2587 4866 2795 4937 ingenti
2825 4881 3049 4921 suorum
3100 4867 3335 4937 stipatus
3381 4870 3659 4933 satellitio,
3687 4868 3745 4924 in

2164 4963 2367 5017 multas
2424 4960 2691 5016 distincto
2735 4959 2886 5013 acies
2942 4966 3108 5029 atque
3165 4960 3431 5026 ordines,

2166 5054 2399 5109 Militum
2456 5053 2551 5107 alii
2617 5051 2806 5106 aureis
2851 5051 3061 5122 elypeis
3104 5065 3170 5105 ac
3224 5050 3374 5123 pilis,
3404 5052 3494 5106 alii
3546 5068 3739 5123 argene

2167 5148 2269 5203 teis
2324 5142 2484 5214 737
2532 5159 2778 5213 auroque
2825 5152 2881 5197 et
2936 5152 3163 5213 argento
3222 5143 3596 5199 vermiculatis
3657 5145 3743 5199 ine

2165 5236 2396 5299 structi;
2427 5250 2732 5305 omnesque
2763 5236 2909 5289 ferro
2936 5233 3339 5298 eircumcmcti,
3376 5235 3463 5290 sui
3497 5236 3741 5291 medium

2163 5338 2482 5399 susceptum
2542 5328 2891 5398 Symeonem,
2953 5327 3148 5385 faustis
3196 5327 3426 5382 vocibus
3483 5337 3743 5399 tanquam

2163 5424 2555 5491 imperatorem
2612 5433 2677 5472 ac
2733 5434 2917 5487 regem
2973 5419 3219 5474 Romana
3264 5416 3449 5488 lingua
3492 5416 3742 5472 dilauda-

2164 5517 2315 5571 bant.
2368 5512 2602 5567 Senatus
2641 5510 2822 5563 omnis
2871 5510 3045 5563 muris
3089 5509 3366 5573 assidens,
3416 5525 3538 5579 quae
3585 5525 3746 5579 gere-

2164 5610 2366 5663 bantur
2410 5604 2566 5675 longe
2617 5601 3058 5672 prospectabant.
3105 5603 3233 5657 Erat
3277 5601 3442 5672 igitur
3486 5612 3616 5657 tunc
3659 5602 3741 5656 vi-

1756 5706 1993 5764 VAIUAS
2018 5702 2423 5765 LECTIUN’S.

550 5797 571 5829 ’
602 5796 721 5869 τοῦ]
749 5798 857 5851 τῶν
889 5797 950 5855 Ρ.

3504 4962 3741 5016 accedit.
3834 4984 3837 4987 ·
