4124 6460
395 387 501 450 799

1598 389 1973 451 SYMEONIS
2017 391 2388 454 MAGISTRI

3555 387 3665 450 800

393 507 527 562 dere
569 504 776 575 regium
820 519 950 559 vere
997 507 1242 558 animum
1289 519 1352 558 ac
1401 504 1783 574 magnificum,
1831 505 1985 560 men;

2098 512 2135 562 οἰ
2171 515 2270 581 τῆς
2303 511 2608 582 συγκλήτου
2651 512 2844 582 βουλῆς
2891 511 2999 573 τοίς
3035 508 3270 578 τείχεσιν
3304 506 3666 578 ἐφεστηκότες

395 601 574 668 lisque
635 599 902 652 interritae
958 597 1223 651 admirari
1282 597 1651 652 constantiam
1714 597 1980 668 fortisque

393 692 632 761 pectoris
687 691 858 744 robur
922 706 985 745 ac
1051 689 1189 743 nihil
1242 689 1606 744 collabcntem
1665 690 1979 755 audaciam,

394 779 542 849 quod
590 790 742 834 tanto
792 779 1035 833 hostium
1085 780 1315 848 appulsu
1369 795 1477 833 non
1532 788 1615 834 est
1664 787 1984 834 consterna-

399 884 510 936 tus,
561 888 673 926 tion
717 872 967 940 expavit,
1017 887 1127 924 non
1176 871 1370 940 pedem
1427 871 1634 935 retulit,
1686 871 1781 924 sed
1826 871 1984 940 quasi

400 967 456 1018 in
505 965 811 1019 amicorum
853 979 911 1018 se
962 974 1167 1018 ccetum
1221 964 1472 1026 inferret,
1523 965 1603 1018 sic
1641 965 1829 1034 quiete
1859 980 1988 1033 pro-

374 1039 597 1118 lcessit,
677 1056 829 1110 velut
903 1064 1114 1110 tantum
1183 1070 1293 1108 non
1359 1055 1708 1109 subditorum
1792 1056 1988 1112 salutis

402 1148 680 1218 pretium,
755 1148 992 1201 animam
1050 1146 1301 1200 hostibus
1351 1147 1598 1201 oﬂerret.
1654 1148 1813 1201 Prior
1858 1162 1988 1218 ergo

402 1240 471 1293 ad
521 1256 648 1294 eum
689 1255 853 1309 quem
893 1237 1006 1292 dixi
1052 1253 1378 1294 exscensum
1417 1255 1542 1294 cum
1589 1240 1849 1305 venisset,
1887 1241 1988 1313 Sy-

406 1349 658 1388 meonem
690 1333 1131 1402 praestolabatur.
1166 1333 1308 1387 Hinc
1337 1347 1472 1403 ergo
1503 1333 1631 1388 inde
1669 1334 1814 1389 datis
1844 1334 1992 1389 obsi-

403 1425 588 1489 dibus,
639 1426 900 1494 omnique
955 1424 1241 1494 diligentia
1293 1424 1543 1494 Bulgaris
1593 1427 1825 1480 lustrata
1878 1441 1993 1481 ma-

401 1517 586 1581 china,
618 1531 749 1570 num
777 1517 901 1586 quis
943 1516 999 1570 in
1043 1531 1108 1570 ea
1149 1516 1312 1571 dolus
1353 1525 1446 1570 aut
1477 1517 1693 1572 insidiae
1732 1519 1989 1586 laterent,

402 1609 638 1678 Symeon
687 1623 833 1677 equo
871 1608 1137 1662 desiliens
1181 1607 1251 1661 ad
1299 1607 1691 1677 imperatorem
1743 1610 1988 1667 intravit.

403 1701 590 1753 Mutuo
626 1699 797 1769 igitur
827 1700 968 1754 alter
998 1700 1234 1754 alterum
1266 1700 1558 1768 complexi,
1591 1717 1655 1755 ac
1685 1711 1810 1770 post
1841 1701 1994 1758 datas

393 1792 505 1861 jam
538 1801 902 1860 acceptasque
933 1791 1160 1853 salutes,
1194 1805 1484 1861 sermones
1520 1791 1588 1846 de
1630 1807 1761 1861 pace
1793 1793 1994 1847 misce-

2092 604 2440 658 κατεθεῶντο
2468 604 2534 658 τὰ
2583 603 2859 675 δρώμενα.
2892 599 3000 656 Ἦν
3026 597 3118 654 οὖν
3154 600 3280 653 ἰδεῖν
3318 600 3437 652 τότε
3492 598 3672 670 ψυχὴν

2088 694 2380 766 βασιλικὴν
2409 696 2485 766 τῷ
2515 696 2627 749 ὄντι
2671 697 2763 748 καὶ
2809 694 3211 764 μεγαλόφρονα,
3244 693 3339 745 καὶ
3387 690 3668 760 Θαυμάσαι

2085 790 2148 842 τὸ
2176 789 2271 842 τοῦ
2303 790 2650 861 φρονήματος
2669 789 3091 856 ἀκατάπληκτον
3119 786 3212 838 καὶ
3240 784 3416 852 τὸτῆς
3447 783 3672 852 ἀνδρίας

2089 883 2449 952 παράστημα,
2471 883 2552 934 ὅτι
2578 882 2850 952 τοσαύτην
2885 879 3162 951 πολεμίων
3211 877 3446 948 βλέπων
3477 877 3669 945 ἐπιφο-

2091 974 2190 1041 ρὰν
2223 975 2283 1026 οὐ
2328 973 2642 1043 κατεπλάγη
2682 974 2777 1026 καὶ
2806 971 3104 1040 συνεστάλη
3151 971 3244 1024 καὶ
3293 953 3670 1040 ὑπεχὼίῖησεν,

2091 1065 2206 1119 ἀλλ’
2235 1065 2425 1136 ῶσπερ
2451 1069 2531 1130 εἰς
2562 1066 2767 1136 πλῆθος
2802 1065 2972 1134 φίλων
2996 1063 3190 1134 χωρῶν
3220 1062 3394 1125 οὕτως
3423 1062 3673 1132 ἀτρέμας

2090 1157 2278 1228 ἀπῄει,
2337 1159 2496 1227 μόνον
2546 1158 2668 1227 οὐχὶ
2725 1157 2825 1228 τὴν
2878 1157 3056 1227 ψυχὴν
3105 1157 3216 1219 τοῖς
3252 1154 3532 1223 πολεμίοις
3563 1153 3674 1223 τῶν

2091 1246 2348 1316 ὑπηκόων
2400 1248 2576 1311 διδοὺς
2624 1249 2960 1314 ἀντίλυτρον.
2999 1247 3220 1318 Πρῶτος
3259 1245 3350 1299 οὖν
3381 1248 3438 1298 ἐν
3474 1247 3542 1316 τῇ
3575 1246 3676 1315 ρη-

2093 1338 2252 1413 θείσῃ
2288 1339 2580 1412 ἀποϐάθρᾳ.
2623 1338 2946 1392 καταλαϐὼν
2995 1339 3085 1390 τὸν
3116 1334 3344 1408 Συμεὼν
3376 1335 3670 1406 ἐξεδέχετο.

2109 1429 2272 1483 Ἐπεὶ
2294 1431 2351 1483 δὲ
2379 1432 2578 1502 ὅμηροι
2610 1431 2667 1497 ἐξ
2703 1413 3049 1500 ἀμφοτέρων⁸
3077 1429 3389 1499 ἐλήφθησαν
3418 1427 3527 1481 τῶν
3573 1443 3675 1497 με-

2100 1523 2209 1594 ρῶν
2242 1523 2336 1575 καὶ
2367 1522 2465 1592 τὴν
2495 1522 2816 1594 ἀποϐάθραν
2845 1523 2895 1574 οἱ
2931 1520 3231 1592 Βούλγαροι
3252 1520 3676 1592 διηρευνήσαντο

2094 1613 2364 1684 ἀκριϐῶς,
2411 1617 2484 1684 μή
2523 1614 2623 1669 πού
2659 1632 2742 1677 τις
2767 1614 2916 1669 δόλος
2952 1614 2984 1686 ἢ
3024 1614 3214 1684 ἐνέδρα
3236 1613 3516 1682 τυγχάνει,
3544 1627 3677 1666 κατε

2093 1699 2224 1768 ἦλθε
2254 1699 2477 1769 Συμεὼν
2510 1701 2602 1753 τοῦ
2632 1701 2800 1755 ἵππου
2855 1703 2948 1754 καὶ
2981 1701 3117 1774 πρὸς
3157 1702 3248 1754 τὸν
3281 1701 3506 1771 βασιλέα
3551 1702 3674 1754 εἰσ-

2096 1792 2280 1862 ῆλθεν.
2340 1793 2745 1863 Ἀσπασάμενοι
2785 1793 2877 1848 οὖν
2927 1794 3190 1865 ἀλλήλους
3236 1796 3456 1865 εἰρήνης
3486 1793 3678 1862 λόγους

401 1857 563 1948 bant,
599 1857 828 1952 quando
867 1882 1054 1936 ferunt
1103 1857 1496 1952 imperatbrem
1546 1882 1598 1936 in
1630 1857 1770 1937 'hatc
1815 1884 1980 1939 verba

2098 1857 2366 1953 ἐκίνησαν.
2388 1885 2575 1938 Εἰπεῖν
2591 1857 2646 1938 δὲ
2674 1884 2892 1952 λέγεται
2911 1885 3002 1938 τὸν
3022 1857 3244 1954 βασιλέα
3267 1857 3671 1955 προς-Συμεών.

398 1975 723 2045 Symeonem
758 1975 1054 2030 allocutum
1095 1989 1217 2029 esse
1247 1992 1260 2028 :
1292 1974 1485 2029 Audivi
1517 1985 1566 2028 te
1599 1977 1861 2030 hominem
1891 1977 1987 2030 Dei

400 2065 658 2119 cultorem
701 2083 764 2119 ac
818 2083 1000 2119 verum
1040 2065 1403 2121 Christianum
1437 2083 1547 2120 esse
1575 2085 1592 2122 :
1625 2077 1681 2122 at
1720 2069 1862 2138 facta
1904 2072 1985 2123 vi-

401 2159 495 2212 deo
524 2159 664 2212 haud
685 2161 817 2213 satis
847 2160 928 2212 illi
957 2160 1020 2212 de
1051 2169 1100 2213 te
1134 2161 1294 2229 {unus
1314 2161 1578 2230 verbisque
1611 2171 1984 2216 consentanea.

404 2253 538 2322 Ejus
581 2255 720 2306 enim
759 2255 848 2323 qui
892 2249 988 2306 Dei
1022 2251 1194 2306 cultor
1237 2254 1304 2306 sit
1354 2270 1416 2306 ac
1458 2252 1811 2315 Christianus,
1850 2255 1989 2308 istud

401 2347 678 2415 proprium
725 2356 780 2398 ut
830 2362 1013 2414 pacem
1061 2362 1122 2398 ac
1165 2347 1482 2399 charitatem
1526 2345 1694 2410 colat,
1731 2347 1990 2415 siquidem

404 2439 542 2492 Deus
595 2449 670 2492 est
717 2432 875 2504 atque
921 2439 1113 2490 dicitur
1154 2439 1391 2492 charitas
1438 2448 1484 2502 ι,
1526 2439 1676 2509 impii
1724 2448 1900 2492 autem
1941 2448 1991 2493 et

403 2529 659 2596 inﬁdelis,
695 2539 751 2582 ut
779 2528 1006 2581 aedibus
1041 2528 1342 2596 injusteque
1383 2529 1497 2598 fuso
1520 2544 1707 2582 cruore
1738 2531 1986 2599 gaudeat.

405 2619 464 2674 Si
491 2621 653 2690 igitur
687 2637 836 2672 verus
865 2617 1198 2674 Christianus
1227 2635 1300 2678 es,
1325 2621 1404 2673 uti
1433 2629 1572 2673 certo
1608 2622 1988 2687 existimamus,

409 2713 623 2766 tandem
668 2711 958 2782 aliquando
996 2712 1187 2781 iniquis
1229 2711 1394 2781 738
1437 2711 1597 2780 ﬁnem
1636 2714 1859 2767 aedibus
1892 2715 1991 2767 im-

405 2820 570 2869 pone;
600 2821 662 2857 ac
695 2805 784 2874 qui
810 2805 883 2856 sis
917 2801 1248 2857 Christianus
1280 2815 1437 2873 atque
1475 2804 1690 2864 dicaris.
1724 2806 1990 2860 nobiscum

405 2896 718 2952 Christianis
751 2883 902 2965 pacis
935 2911 1176 2964 percusso
1215 2895 1405 2964 {cedere
1449 2897 1724 2948 innoxium
1769 2898 1989 2965 sangui-

409 3006 525 3042 nem
558 2989 775 3059 fundere
800 2989 998 3052 desine,
1025 3004 1120 3041 nec
1147 2987 1271 3041 velis
1299 2987 1722 3042 Christianorum
1743 2988 1990 3042 dexteras

406 3078 636 3148 ejusdem
669 3077 795 3145 ﬁdei
832 3077 1250 3131 Christianorum
1289 3075 1559 3130 cruoribus
1601 3076 1810 3146 foedari.
1848 3076 1990 3132 Nam

409 3183 464 3224 tu
505 3186 707 3240 quoque
728 3170 880 3223 homo
907 3186 981 3233 es,
1013 3170 1102 3240 qui
1133 3177 1354 3222 mortem
1391 3176 1439 3221 et
1473 3172 1908 3224 resurrectionem
1939 3178 1989 3224 et

2099 1975 2360 2045 Ἀκήκοά
2389 1992 2462 2030 σε
2515 1977 2768 2045 θεοσεϐῆ
2797 1977 3112 2047 ἄνθρωπον
3174 1976 3274 2030 καὶ
3314 1976 3677 2044 Χριστιανὸν

2086 2068 2385 2136 ὑπάρχειν
2419 2069 2733 2136 ἀληθινὸν,
2766 2069 2981 2134 βλέπω
3013 2069 3081 2122 δὲ
3113 2068 3185 2123 τὰ
3207 2069 3353 2138 ἔργα
3388 2067 3678 2138 μηδαμῶς

2087 2158 2214 2224 τοῖς
2231 2162 2434 2228 λόγοις
2459 2161 2891 2229 συμϐαίνοντα.
2903 2159 3085 2214 Ἷδιον
3095 2160 3212 2230 μὲν
3229 2159 3338 2230 ⁵ιηὰρ
3357 2158 3679 2226 θεοσεϐοῦς

2088 2250 2404 2316 ἀνθρώπου
2427 2251 2524 2304 καὶ
2549 2251 2909 2318 Χριστιανοῦ
2949 2253 3018 2306 τὸ
3041 2253 3156 2319 τὴν
3177 2254 3430 2320 εἰρήνην
3447 2251 3545 2306 καὶ
3564 2250 3679 2318 τὴν

2088 2339 2329 2408 ἀγάπην
2345 2340 2738 2405 ἀσπάζεσθαι,
2762 2343 2930 2409 εἴπερ
2953 2344 2985 2397 ό
3010 2343 3154 2408 Θεὸς
3171 2343 3373 2411 ἀγάπη
3401 2342 3550 2408 ἑστίε
3577 2343 3680 2397 καὶ

2089 2432 2345 2500 λέγεται,
2379 2433 2642 2499 ἀσεϐοῦς
2671 2433 2740 2485 δὲ
2758 2434 2853 2486 καὶ
2877 2435 3139 2488 ἀπίστου
3155 2434 3260 2488 τοῦ
3275 2435 3506 2504 χαίρειν
3519 2449 3678 2503 σφα-

2091 2521 2224 2590 ταῖς
2253 2521 2349 2574 καὶ
2373 2523 2628 2591 αἵμασιν
2657 2521 2881 2588 ἀδίκως
2909 2523 3329 2592 ἐκχεομένοις·
3354 2526 3405 2576 εἰ
3426 2522 3542 2592 μὲν
3565 2519 3684 2578 οὖν

2089 2612 2326 2681 ἀληθὴς
2351 2614 2708 2680 Χριστιανὸς
2736 2615 3050 2682 ὑπάρχεις,
3077 2614 3273 2681 καθὼς
3289 2619 3681 2686 πεπληροφο-

2083 2707 2337 2775 ρήμεθα,
2379 2705 2616 2774 στῆσόν
2629 2721 2772 2762 ποτε
2790 2709 2897 2774 τὰς
2917 2707 3169 2774 ἀδίκους
3184 2707 3427 2778 σφαγὰς
3452 2709 3551 2765 καὶ
3572 2707 3680 2773 τὰς

2090 2798 2210 2850 τῶν
2237 2798 2502 2852 ἀνοσίων
2538 2797 2798 2866 αἱμάτων
2824 2799 3128 2868 ἐκχύσεις,
3158 2799 3252 2852 καί
3275 2798 3528 2852 σπεῖσαι
3544 2799 3678 2868 μεθ’

2091 2889 2262 2956 ἡμῶν
2321 2887 2438 2942 τῶν
2468 2888 2841 2957 Χριστιανῶν
2880 2888 2994 2957 τὴν
3040 2889 3311 2957 εἰρήνην,
3327 2888 3683 2957 Χριστιανὸς

2091 2979 2176 3052 [Ρ.
2195 2978 2416 3050 4851(2)?-
2437 2980 2530 3033 καί
2551 2979 2734 3045 αὐτὸς
2749 2980 2847 3034 καὶ
2867 2979 3314 3049 ὀνομαζόμενος,
3328 2978 3428 3032 καί
3439 2978 3524 3048 μὴ
3544 2980 3684 3034 θέλε

2085 3073 2450 3142 μολύνεσθαι
2470 3070 2839 3140 Χριστιανῶν
2850 3071 3050 3137 δεξιὰς
3071 3072 3321 3140 αἵμασιν
3341 3070 3686 3141 όμοπίστων

2091 3164 2479 3232 Χριστιανῶν.
2489 3165 2824 3232 Ἀνθρωπος
2843 3160 2899 3217 εἴ
2911 3162 3007 3216 καί
3019 3162 3202 3228 αὐτὸς
3213 3161 3474 3216 θάνατον
3489 3177 3680 3231 προσ-υ

410 3225 661 3316 iudiciunt
701 3270 859 3331 atque
905 3261 1303 3315 retributionem
1344 3269 1628 3331 exspectes.
1679 3261 1842 3315 Hodie
1873 3279 1990 3316 cum

2098 3225 2292 3309 δοκῶν
2324 3255 2420 3309 καί
2450 3225 2930 3310 ἀνάστασιν-καί
2977 3225 3307 3323 κρίσιν-καί
3349 3225 3684 3314 ἀνταπόδο-

408 3355 502 3415 sis,
540 3370 658 3406 cras
695 3355 748 3406 in
785 3352 1054 3422 pulverem
1097 3352 1416 3408 dissolveris.
1453 3352 1630 3406 Febris
1660 3371 1769 3407 una
1807 3373 1996 3425 super-

411 3446 598 3499 bientis
635 3446 800 3499 animi
849 3446 1174 3513 jact-antiam
1221 3461 1429 3498 omnem
1477 3447 1790 3516 exstinguet.
1825 3447 1999 3513 Quam

409 3538 576 3606 igitur
615 3538 722 3591 Deo
757 3540 1022 3592 rationem
1075 3555 1171 3608 pro
1216 3541 1426 3607 injustis
1471 3541 1726 3606 cazdibus,
1777 3557 1894 3596 cum
1935 3544 1999 3597 ab

412 3629 662 3680 humanis
711 3630 1049 3696 migraveris,
1105 3629 1405 3683 redditurus
1455 3632 1549 3683 es?
1589 3630 1702 3696 Quo
1751 3631 1901 3685 vultu
1944 3635 2001 3687 in

415 3718 741 3771 tremendum
760 3719 1069 3788 justumque
1090 3719 1324 3788 judicent
1354 3719 1530 3774 oculos
1556 3722 1835 3776 intendes?
1862 3723 1922 3777 Si
1953 3734 2001 3778 te

414 3809 718 3862 divitiarum
741 3811 929 3878 cupido
951 3812 1208 3880 exagitat,
1244 3811 1307 3864 iis
1334 3811 1404 3865 ad
1422 3814 1722 3866 satietatem
1756 3815 2000 3886 implebo.

420 3898 650 3952 Tantum
695 3900 969 3954 dexteram
1008 3902 1235 3964 contine,
1260 3918 1442 3970 pacem
1493 3903 1840 3973 amplectere,
1892 3906 2003 3960 cole

417 3990 772 4055 concordiam,
807 4006 862 4044 ut
895 4001 944 4043 et
978 3993 1088 4061 ipse
1115 3993 1277 4045 vitam
1315 4002 1564 4062 pacatam
1604 4013 1732 4066 agas
1766 4006 1816 4050 et
1843 4017 1874 4052 a
1900 4015 2004 4052 ca:-

415 4081 568 4134 dibus
606 4081 827 4136 liberam
871 4092 1031 4153 atque
1068 4083 1419 4154 tranquillam
1467 4087 1705 4157 curisque
1751 4088 2001 4155 solutam,

416 4189 482 4226 ac
523 4172 732 4226 demum
774 4174 1198 4229 Christianorum
1247 4192 1500 4232 aerumnae
1547 4195 1794 4251 necesque
1842 4181 2004 4250 ﬁnem

414 4260 666 4317 habeant.
703 4262 867 4332 Nefas
891 4266 1032 4317 enim
1059 4272 1134 4318 est
1169 4273 1226 4318 ut
1263 4267 1301 4319 ii
1337 4266 1586 4321 adversus
1617 4269 1849 4338 ejusdem
1883 4269 2006 4339 ﬁdei

414 4353 640 4408 cultores
671 4371 825 4408 arma
865 4356 1080 4410 tollant.

489 4538 578 4591 50.
650 4538 825 4592 Tanta
887 4538 1002 4593 haec
1064 4539 1284 4595 locutus
1350 4540 1652 4612 imperator
1716 4543 2002 4600 conticuit.
2043 4577 2086 4631 ο

419 4629 660 4700 Symeon
710 4644 842 4684 vero
893 4645 1221 4699 pr0pensam
1275 4631 1414 4688 adeo
1473 4634 1845 4692 humilitatem
1901 4639 2010 4708 ple-

421 4737 603 4790 naque
634 4721 918 4776 modestiae.
942 4725 1109 4777 verba
1140 4725 1415 4779 reveritus
1435 4727 1827 4796 componendae
1856 4731 2008 4798 pacis

421 4828 706 4868 assensum
733 4814 988 4891 praebuit.
1023 4815 1176 4871 Alter
1202 4816 1370 4886 igitur
1395 4819 1552 4873 alteri
1584 4821 1705 4875 vale
1731 4820 2004 4888 dicentes,

423 4903 742 4972 mutuisque
773 4906 1026 4960 exsatiati
1056 4909 1454 4976 complexibus,
1487 4912 1616 4966 hinc
1645 4912 1774 4967 inde
1800 4914 2007 4969 disces-

423 5009 570 5058 sere,
621 5003 912 5064 postquam
956 4997 1255 5066 imperator
1302 4999 1628 5070 Symeoncm
1673 5005 2001 5060 muneribus

427 5084 716 5154 tnagnitice
778 5089 1104 5158 accepisset.
1165 5088 1322 5154 Quod
1385 5079 1516 5145 verb
1575 5102 1706 5148 tunc
1767 5096 2003 5161 accidit,

426 5171 754 5232 narraturus
800 5192 958 5243 sum,
1015 5179 1219 5249 quippe
1270 5179 1582 5248 prodigium
1636 5198 1862 5252 remque
1911 5202 2010 5239 no-

428 5283 549 5322 vam
601 5278 659 5323 et
715 5269 1042 5335 inauditam,
1093 5285 1286 5325 eorum
1332 5287 1496 5326 sensu
1548 5288 1612 5327 ac
1663 5275 1873 5345 judicio
1918 5277 2012 5346 qui

427 5361 544 5415 hanc
596 5363 895 5432 coniectari
950 5373 1176 5418 norunt.
1231 5364 1418 5420 Mutuo
1461 5366 1608 5419 enim
1657 5368 2022 5437 colloquenti-

2099 3363 2227 3414 σιν,
2259 3347 2354 3401 καί
2379 3350 2648 3417 σήμερον
2660 3346 2777 3418 μὲν
2805 3347 3114 3416 ὑπάρχων,
3139 3347 3349 3416 αὔριον
3379 3345 3447 3400 δὲ
3467 3347 3558 3414 εις
3579 3345 3684 3402 κό-

2099 3459 2199 3496 νιν
2212 3441 2626 3509 διαλυόμενος.
2645 3436 2747 3506 Εἷς
2768 3441 3023 3509 πυρετὸς
3039 3439 3203 3495 ἅπαν
3227 3441 3592 3495 κατασϐέσει
3615 3439 3688 3496 τὸ

2099 3537 2396 3605 φρύαγμα.
2427 3537 2566 3589 Τίνα
2588 3532 2703 3589 οὖν
2729 3537 2916 3604 λόγον
2943 3535 3156 3600 δώσεις
3181 3533 3259 3599 τῷ
3291 3535 3415 3600 Θεῷ
3454 3533 3688 3588 ἐκεῖθεν

2101 3627 2382 3682 ἀπελθὼν
2399 3627 2550 3696 ὑπὲρ
2569 3625 2685 3680 τῶν
2702 3627 2924 3680 ἀδίκων
2938 3625 3208 3696 assa-117w;
3222 3628 3372 3691 ποίῳ
3389 3625 3685 3694 προσώπῳ

2103 3720 2181 3786 τῷ
2206 3719 2434 3790 φοϐερῷ
2467 3720 2560 3772 καί
2579 3719 2783 3786 δικαίῳ
2811 3719 3170 3786 ὲνατενίσῃς
3187 3719 3358 3787 κριτῇ
3367 3735 3386 3782 ;
3414 3717 3481 3770 El
3495 3713 3684 3770 πλού-

2102 3828 2210 3864 του
2255 3809 2417 3878 ἐρᾷς.
2461 3809 2574 3878 ἐγώ
2601 3823 2676 3863 σε
2704 3811 3048 3876 κατακτίοως
3098 3810 3315 3862 τούτου
3367 3802 3679 3877 ἐμπλήσω.

2103 3901 2308 3953 Μόνον
2348 3900 2600 3966 ἐπίσχες
2633 3899 2748 3967 τὴν
2781 3899 3006 3963 δεξιὰν,
3041 3898 3316 3954 ἀσπασαι
3355 3899 3471 3968 τὴν
3524 3896 3686 3967 εἰρή-

2104 4008 2242 4057 νην,
2272 3990 2596 4060 ἀγάπησον
2623 3991 2738 4059 τὴν
2765 3992 3069 4061 ὁμόνοιαν,
3095 3993 3196 4045 ἵνα
3216 3992 3310 4046 καὶ
3345 3991 3529 4057 αὐτὸς
3543 3990 3691 4054 βίον

2107 4083 2295 4151 (tione
2327 4083 2636 4152 εἰρηνικὸν
2673 4083 2771 4138 καί
2815 4084 3187 4153 ἀναίμακτον
3227 4083 3334 4137 καὶ
3386 4081 3692 4152 ἀπράγμο-

2107 4192 2205 4238 να,
2239 4175 2337 4229 καὶ
2376 4179 2431 4229 οἰ
2461 4175 2802 4242 Χριστιανοὶ
2829 4177 3181 4230 παύσωνταί
3205 4192 3350 4229 ποτε
3378 4173 3500 4229 τῶν
3530 4191 3690 4244 συμ-

2107 4266 2308 4336 φορῶν
2345 4267 2445 4320 καὶ
2475 4267 2820 4334 στήσωνται
2852 4267 2917 4320 τὸ
2958 4265 3353 4335 Χριστιανοὺς
3390 4265 3688 4335 ἀναιρεῒνο

2109 4361 2181 4412 οὺ
2232 4361 2343 4428 γὰρ
2377 4359 2542 4428 θέμις
2586 4359 2791 4425 αὐτοῖς
2841 4359 3032 4428 αἴρειν
3088 4360 3249 4414 ὅπλα
3313 4357 3443 4415 καθ’
3480 4357 3692 4429 όμοπί-

2109 4464 2294 4504 στων.

2181 4539 2246 4594 λ’.
2281 4541 2530 4594 Τοσαῦτα
2561 4542 2589 4594 ὁ
2620 4540 2874 4612 βασιλεὺς
2905 4541 3074 4596 εἰπὼν
3103 4543 3378 4612 ἐσίγησεν.
3413 4540 3474 4594 Ὅ
3505 4539 3560 4593 δὲ
3591 4539 3695 4591 Συ·

2119 4633 2266 4702 μεὼν
2301 4633 2567 4696 αἰδεσθεὶς
2613 4632 2710 4704 τὴν
2757 4635 3027 4703 τοσαύτην
3077 4634 3407 4688 ταπείνωσιν
3433 4632 3526 4686 καὶ
3564 4633 3691 4693 τοὺς

2113 4724 2322 4791 λόγους,
2355 4725 2650 4778 κατένευσε
2685 4725 2784 4798 τὴν
2818 4727 3047 4798 εἰρήνην
3087 4724 3434 4793 ποιήσασθαι.
3484 4721 3690 4771 Ἄσπα-

2113 4816 2338 4883 σάμενοι
2387 4812 2480 4869 οὖν
2535 4816 2800 4887 ἀλλήλους
2848 4817 2942 4869 καὶ
2975 4811 3444 4882 διαχωρισθέντες,
3494 4804 3689 4875 δώροις

2113 4909 2556 4980 μεγαλοπρεπέσι
2591 4907 2686 4961 τοῦ
2721 4907 2986 4978 βασιλέως
3019 4901 3420 4969 δεξιωσαμένου
3450 4897 3540 4950 τὸν
3581 4897 3688 4948 Συ-

2111 5000 2278 5070 μεών.
2310 5002 2375 5053 Ὃ
2405 5001 2461 5052 δὲ
2491 5001 2612 5053 τότε
2639 4999 3007 5069 συμϐέϐηκεν,
3029 4996 3384 5063 διηγήσομαι,
3405 4988 3691 5061 τεράστιόν

2108 5109 2169 5144 τε
2203 5092 2261 5145 ὃν
2293 5095 2386 5146 καὶ
2427 5095 2540 5154 τοῖς
2583 5091 2756 5145 ταῦτα
2802 5087 3111 5156 συγκρίνειν
3162 5085 3327 5138 εἰδόσι
3365 5083 3686 5154 παράδοξον.

2113 5185 2219 5238 Δύο
2251 5184 2417 5252 φασιν
2443 5185 2636 5244 ἀετοὺς
2664 5182 2774 5234 τῶν
2811 5178 3080 5250 βασιλέων
3125 5175 3458 5247 ὁμιλούντων
3484 5175 3691 5230 ἄνωθεν

2116 5280 2297 5333 αὐτῶν
2331 5275 2681 5345 ὑπερπτῆναι
2703 5272 2770 5339 ¹⁶,
2806 5271 3040 5340 κλάγξαι
3068 5288 3127 5324 τε
3153 5271 3246 5324 καὶ
3272 5269 3410 5341 πρὸς
3431 5268 3692 5340 ἀλλήλους

2120 5373 2388 5443 συμμῖξαι
2416 5369 2512 5422 καὶ
2538 5367 2852 5438 παραυτίκα
2880 5364 3266 5434 διαζευχθῆναι
3299 5363 3569 5434 ἀλλήλων,
3595 5361 3693 5414 καὶ

429 5452 536 5509 bus
573 5455 798 5523 regibus
824 5455 962 5511 duas
989 5457 1228 5526 desuper
1267 5459 1481 5527 aquilas
1512 5458 1798 5515 devolasse
1832 5461 1992 5516 ferun

2121 5465 2215 5520 τὸν
2239 5464 2336 5535 μὲν
2373 5461 2466 5515 ἐπὶ
2491 5462 2590 5531 τὴν
2622 5459 2777 5515 πόλιν
2802 5457 2999 5525 ἐλθεῖν,
3022 5458 3113 5513 τὸν
3146 5457 3205 5512 δὲ
3227 5456 3319 5510 ἐπὶ
3347 5455 3446 5527 τὴν
3469 5454 3693 5527 Θρᾴκην

509 5640 528 5664 ⁷
560 5628 762 5685 Hoau.
800 5649 875 5697 Iv,
916 5635 968 5688 8.

1708 5729 1939 5788 vanus
1974 5729 2383 5807 LECTIONES.

509 5814 552 5845 ¹⁹
583 5816 922 5888 ὑπερπτῆναι
959 5817 1014 5883 Ρ,
1050 5825 1103 5871 ut
1127 5833 1246 5872 mox
1281 5817 1595 5886 διαπτῆναι.
