4124 6410
344 347 441 409 801
770 341 1139 406 ANNALES.
1167 367 1236 378 --
1275 341 1692 402 CONSTANT.
1735 339 2108 401 PORPIIYR.
2148 341 2243 401 ET
2282 338 2652 402 ROMANUS
2691 338 3152 400 LACAPENUS.
3513 341 3624 404 802

342 455 657 525 διαπτῆναι.
705 453 876 518 Τοῦτο
913 453 1161 524 ἀκριϐῶς
1194 455 1242 506 οἱ
1295 454 1362 506 τὰ
1394 452 1622 505 τοιαῦτα
1656 451 1925 506 σκοποῦν·
1955 505 1957 510 ,

2058 453 2457 523 :langoremquc
2515 451 2745 506 edentes
2801 450 3067 514 eoivissri,
3138 465 3200 504 ac
3274 449 3438 522 739
3500 467 3624 504 mox

340 562 432 608 τες
458 545 520 598 ού
577 544 738 597 καλὸν
793 544 1012 613 ἔκριναν
1047 543 1261 596 οἰωνόν·
1295 543 1647 613 ἀσυμϐάτως
1692 544 1800 611 γὰρ
1828 541 1922 593 ἐπὶ

2058 554 2180 609 δρψ
2239 543 2481 597 divortio
2543 542 2774 596 alteram
2840 541 3066 610 quidem
3120 541 3316 595 urbem
3369 541 3629 611 petiisse,

340 635 406 704 τῇ
443 633 634 705 εἰρήνῃ
672 633 1014 703 ἀμφοτέρους
1056 633 1481 702 διαλυθήσεσθαι
1539 633 1772 702 ἐρησαν.
1815 633 1917 684 Συ-

2058 636 2257 691 ]ιρτιπη
2295 635 2350 690 in
2384 636 2682 690 Thraciam
2725 649 3030 703 pennarum
3077 635 3308 704 remigio
3346 649 3465 688 sese
3510 633 3633 688 sub-

345 724 493 796 μεὼν
529 725 584 779 δὲ
614 727 676 778 τὸ
699 725 862 780 αὐτοῦ
899 727 1262 798 στρατόπεδον
1295 724 1620 779 καταλαϐὼν
1651 726 1762 788 τοῖς
1793 726 1890 777 ἑαυ
1909 753 1922 763 -

2058 728 2279 784 luxisse.
2336 729 2448 784 Nec
2495 729 2610 783 haec
2652 727 2818 782 fausti
2868 726 3074 781 ominis
3116 728 3361 798 judicata
3417 727 3485 781 iis
3512 726 3633 796 qui-

341 817 438 872 τοῦ
463 820 755 890 μεγιστᾶσι
789 820 890 891 τὴν
920 818 1014 872 τοῦ
1047 819 1312 890 βασιλέως
1357 818 1659 889 ἀπήγγειλε
1710 816 1928 870 σύνεσιν

2058 837 2144 876 ius
2185 821 2500 876 istiusmodi
2533 821 2812 876 curiosius
2855 820 3122 874 rimandis
3164 819 3381 874 addicta
3430 835 3632 888 opera;

347 913 441 964 καὶ
469 910 820 975 ταπείνωσιν,
848 910 1124 978 ὲξεθείαζέ
1152 929 1210 964 τε
1257 910 1423 964 αὑτοῦ
1457 911 1518 962 τό
1554 927 1613 962 τε
1651 903 1789 972 εἶδος
1837 910 1933 962 καὶ

2058 927 2237 981 tempe
2286 911 2574 967 discordes
2622 912 2738 966 fore
2789 911 3106 980 infectaque
3151 925 3467 964 recessuros
3500 925 3636 978 pace

343 1003 444 1072 τὴν
479 1001 671 1073 ῥώμην
697 1007 789 1056 καὶ
818 1004 878 1056 τὸ
899 1005 1323 1073 ἀκατάπληκτον
1348 1001 1442 1056 τοῦ
1482 1003 1855 1071 φρονήματος.

2058 1002 2324 1072 )rincipes
2365 1002 2707 1058 divinavere.
2765 1002 3005 1074 Symeon
3051 1003 3105 1056 in
3151 1011 3331 1055 castra
3379 1014 3642 1055 reversus

344 1097 698 1165 imperatoris
755 1098 1082 1168 sapientiam
1156 1107 1214 1152 et
1270 1097 1595 1152 modestiam
1658 1097 1714 1150 in
1779 1110 2073 1164 procerum
2145 1113 2374 1152 suorum
2457 1099 2697 1152 concilio
2751 1113 3008 1153 sermone
3079 1104 3442 1166 prosecutus,
3525 1095 3642 1150 for-

346 1205 601 1260 mamque
637 1200 688 1246 et
722 1191 892 1245 robur
928 1199 985 1245 et
1021 1189 1410 1260 imperculsum
1444 1190 1687 1244 animum
1726 1188 2034 1244 liberaliter
2065 1191 2330 1246 laudavit.

329 1294 357 1338 ι,
420 1284 521 1342 λα’.
552 1287 698 1356 Μηνὶ
736 1285 1056 1356 Δεκεμϐρίῳ
1101 1291 1176 1338 κε’
1209 1283 1435 1353 ἔστεψεν
1483 1282 1765 1354 Ῥωμανὸς
1812 1284 1940 1346 τοὺς

349 1384 500 1446 υἱοὺς
544 1381 708 1435 αὑτοῦ
739 1385 795 1434 ἐν
825 1385 891 1453 τῇ
940 1381 1170 1453 Μεγάλη
1203 1381 1493 1451 ἐκκλησίᾳ,
1536 1381 1808 1450 Στέφανον
1847 1380 1942 1434 καὶ

2058 1376 2329 1432 Romanus
2363 1378 2666 1447 imperator
2702 1378 2844 1432 filios
2877 1392 3006 1432 suos
3035 1377 3371 1448 Stephanum
3411 1387 3468 1432 et
3496 1377 3646 1433 Con-

351 1476 782 1530 Κωνσταντῖνον.
816 1475 920 1527 Τὸν
957 1473 1011 1544 '6‘;
1040 1474 1428 1544 Θεοφύλακτον
1466 1473 1558 1526 τὸν
1596 1475 1712 1526 υἱὸν
1750 1471 1939 1539 αὑτοῦ,

2058 1468 2348 1524 stantinum
2433 1470 2489 1522 in
2555 1468 2747 1535 Magna
2811 1468 3046 1523 ecclesia
3108 1469 3380 1539 augustali
3440 1481 3646 1526 corona

351 1567 607 1638 εὐνοῦχον
637 1566 787 1628 ὄντα,
840 1566 1096 1637 ἐποίησεν
1140 1566 1405 1638 κληρικδν
1450 1567 1477 1618 6
1525 1565 1796 1628 Νικόλαος
1843 1564 1940 1618 καὶ¹

2058 1559 2320 1624 ionavit;
2397 1559 2874 1631 Tthphylactum
2936 1568 3120 1614 autem
3187 1560 3310 1627 ejus
3383 1559 3516 1614 item
3581 1558 3646 1612 fi-

354 1661 648 1728 σῦγκελλον
693 1658 1204 1730 προχειρισάμενος,
1268 1659 1572 1728 χειροτονεῖ
1614 1657 1671 1710 δὲ
1704 1656 1935 1714 ὑποδια-

2058 1653 2218 1717 lium,
2273 1652 2366 1721 qui
2409 1651 2580 1722 spado
2619 1659 2807 1717 esset,
2863 1651 3124 1706 Nicolaus
3178 1651 3308 1706 fecit
3357 1653 3646 1717 clericum,

355 1768 536 1806 κονον.
2050 1745 2468 1817 syncellumque
2549 1745 2857 1815 praeficiens
2951 1744 3400 1816 hypodiaconum
3488 1745 3648 1801 ordi-

1979 1862 2021 1918 B
2050 1839 2225 1893 navit.

2119 1931 2208 1986 52.
2248 1931 2453 1987 Mensis
2503 1931 2626 1986 Maii
2681 1931 2772 1987 die
2820 1931 3018 2002 quinto
3067 1929 3303 1995 decimo,
3345 1929 3650 1986 indictione

2048 2022 2231 2086 tertia,
2291 2023 2531 2078 moritur
2575 2024 2836 2079 Nicolaus
2887 2023 3234 2092 patriarcha,
3271 2023 3650 2092 patriarchatu

2112 1264 2205 1340 3-1.
2257 1285 2460 1342 Mensis
2507 1285 2827 1341 Decembris
2871 1286 3066 1357 quinto
3118 1303 3283 1357 supra
3316 1287 3645 1358 vigesimum

427 1930 525 2002 λβ’.
547 1931 626 2002 Τῇ
644 1929 697 1984 δὲ
719 1928 778 1982 ιε’
794 1927 888 1984 τοῦ
907 1928 1085 1983 Μαΐου
1110 1930 1299 2000 μηνὸς,
1340 1927 1671 1993 ἰνδικτιῶνος
1689 1927 1735 1996 γ’
1759 1929 1824 1996 “,
1851 1945 1945 1982 τε-

359 2023 569 2094 λευτᾷό
599 2022 942 2094 πατριάρχης
961 2020 1245 2086 Νικόλαος,
1264 2023 1544 2092 κρατήσας
1562 2023 1618 2074 ὲν
1635 2024 1700 2091 τῇ
1720 2021 1950 2092 δευτέρᾳ

355 2113 522 2169 αὐτοῦ
539 2111 800 2169 ἀναϐάσει
822 2108 916 2163 τοῦ
935 2111 1326 2182 πατριαρχείου
1345 2113 1386 2144 ¹¹
1406 2112 1500 2183 ἐτη
1521 2110 1610 2181 ιγ’,
1630 2113 1724 2166 καὶ
1745 2112 1950 2165 θάπτε-

354 2222 450 2259 ται
475 2206 532 2258 ἐν
555 2205 620 2274 τῇ
649 2201 734 2276 [Ρ.
755 2201 883 2274 4861
907 2205 1043 2274 μονῇ
1067 2202 1233 2257 αὐτοῦ
1256 2203 1363 2257 τῶν
1382 2203 1769 2276 Γαλακρηνῶν.
1790 2203 1879 2272 Τῷ
1891 2204 1949 2257 δὲ

355 2296 653 2368 Αὐγούστῳ
691 2297 820 2367 μηνὶ
851 2295 1121 2366 Στέφανος
1156 2297 1184 2348 6
1228 2296 1528 2368 ’Δμασείας
1584 2297 1842 2367 εὐνοῦχος
1873 2296 1948 2349 ὢν

358 2389 569 2458 γίνεται
625 2389 994 2461 πατριάρχης.
1054 2387 1310 2460 Ἰωάννης
1360 2388 1418 2442 δὲ
1469 2389 1498 2442 6
1543 2387 1808 2458 μυστικὸς
1855 2388 1950 2442 καὶ

359 2477 878 2550 παραδυναστεύων,
911 2479 1034 2533 ἐπεὶ
1075 2478 1216 2532 κατά
1261 2477 1354 2532 τοῦ
1413 2478 1676 2549 βασιλέως
1730 2480 1950 2550 φρονεῖν

355 2571 624 2642 ἠλέγχθη,
651 2574 796 2643 φυγῇ
817 2573 1164 2642 χρησάμενος
1201 2574 1258 2624 ἐν
1285 2575 1350 2643 τῇ
1385 2573 1484 2642 τῆς
1514 2570 1948 2627 Μονακαστάνου

361 2661 718 2732 ἀποκείρεται
765 2665 924 2733 μονῇ.
965 2664 1381 2724 Κωνσταντῖνος
1411 2661 1469 2715 δὲ
1504 2661 1532 2714 ό
1569 2660 1664 2715 τοῦ
1693 2661 1855 2714 Βοῖλα
1891 2664 1948 2714 ὲν

359 2749 441 2820 τῷ
485 2751 748 2823 Ὀλύμπῳ
792 2754 1174 2824 ἀποκείρεται.
1221 2753 1593 2824 Προϐἀλλεται
1645 2753 1704 2805 δὲ
1737 2754 1764 2806 6
1797 2752 1950 2824 βασι-

363 2844 490 2910 λεὺς
527 2844 807 2916 Ῥωμανὸς
840 2846 1123 2920 θεοφάνην
1167 2841 1667 2917 ⁸ττρωττοϐεστιόιριον
1709 2845 1951 2915 παραδυ-

364 2936 720 2992 ναστεύοντα.
755 2938 970 2991 Γίνεται
1008 2939 1074 3012 δὲ.
1103 2939 1224 2991 τότε
1259 2937 1484 3008 σεισμὸς
1531 2935 1760 3008 φοϐερὸς
1786 2938 1844 2990 ἐν
1872 2936 1949 3007 τῷ

362 3026 472 3081 τῶν
493 3027 820 3100 Θρᾳκησίων
845 3029 1066 3101 θέματι,
1090 3031 1185 3084 καὶ
1207 3031 1394 3100 χάσμα
1427 3029 1529 3101 γῆς
1564 3029 1708 3100 μέγα
1729 3029 1827 3082 καὶ
1847 3047 1950 3082 κα-

361 3120 756 3190 ταπληκτικὸν,
788 3121 864 3185 ὡς
891 3122 1062 3176 πολλά
1093 3123 1269 3194 χωρία
1298 3123 1392 3176 καλ⁵
1412 3119 1711 3192 ἐκκλησίας
1745 3121 1948 3176 αὐτάν-

363 3211 524 3281 δρους
551 3213 976 3284 καταπτωθῆναι
1018 3214 1082 3268 ⁸⁸.

2047 2111 2256 2180 potitus
2329 2127 2504 2167 annos
2569 2112 3035 2182 quatuordccim,
3099 2128 3167 2166 ex
3226 2127 3337 2182 quo
3403 2112 3652 2168 secundo

2049 2201 2238 2257 sedem
2296 2203 2669 2265 conscendit;
2741 2203 3124 2273 sepeliturqne
3195 2203 3251 2258 iu
3309 2205 3652 2259 monasterio

2049 2309 2151 2348 suo
2212 2293 2672 2350 Galacrenorum.
2727 2295 2914 2352 Mense
2981 2306 3166 2351 autem
3222 2297 3472 2366 Augusto
3525 2296 3650 2352 Ste-

2049 2388 2266 2458 phanus
2312 2390 2561 2444 Amaseaa
2607 2389 2984 2458 metropolita,
3041 2390 3157 2460 ipse
3197 2390 3512 2455 eunuchus,
3558 2403 3654 2460 pa-

2052 2479 2294 2534 triarcha
2334 2489 2579 2536 creatur.
2616 2481 2785 2557 Porro
2808 2482 3051 2538 Joannes
3079 2481 3346 2554 mysticus
3369 2491 3425 2537 et
3449 2482 3657 2538 subad-

2043 2572 2199 2642 juva,
2257 2572 2408 2642 quod
2465 2589 2554 2629 res
2614 2589 2790 2630 novas
2847 2573 3030 2628 moliri
3085 2589 3150 2629 ac
3194 2575 3510 2644 imperatori
3565 2575 3654 2629 in-

2049 2662 2242 2717 sidiari
2289 2663 2580 2719 convictus
2632 2664 2818 2736 fugam
2877 2665 3112 2731 inierat,
3172 2666 3227 2720 in
3279 2667 3654 2723 Monocastani

2051 2756 2388 2811 monasterio
2441 2757 2700 2811 monachi
2757 2757 2869 2812 ritu
2921 2757 3207 2812 tondetur.
3255 2757 3658 2814 Constantinus

2051 2843 2185 2900 item
2244 2845 2442 2903 Boelas
2485 2849 2541 2901 in
2588 2847 2823 2920 Olympo
2867 2849 3196 2920 capillorum
3255 2849 3408 2904 cultu
3460 2848 3660 2902 multa-

2051 2943 2164 2991 tur.
2212 2939 2450 2996 Praeficit
2503 2956 2636 2996 vero
2701 2941 2988 2998 Romanus
3046 2942 3350 3012 imperator
3393 2940 3660 3011 subadju-

2052 3044 2173 3083 vam
2236 3030 2632 3102 Theophanem
2686 3034 3196 3103 protovestiarium,
3241 3050 3352 3104 quo
3410 3043 3659 3104 tempore

2053 3119 2419 3177 formidabilis
2474 3132 2634 3180 terrae
2679 3125 2846 3197 740
2889 3135 3074 3181 motus
3124 3125 3180 3180 in
3229 3125 3658 3180 Thraccsiorum

1983 3207 2028 3269 C
2062 3212 2305 3270 themate
2354 3217 2590 3282 accidit,
2648 3218 2948 3289 ingensque
2993 3226 3153 3274 terra:
3204 3218 3391 3274 hiatus
3439 3233 3505 3274 ac
3545 3225 3658 3272 ter-

365 3303 576 3372 riﬁcos,
618 3316 680 3362 ut
728 3308 896 3364 multa
945 3307 1149 3378 prmdia
1193 3314 1249 3362 et
1291 3307 1411 3363 loca
1464 3323 1530 3364 ac
1581 3307 1832 3364 ecclesiae
1875 3305 2094 3378 virique
2140 3308 2196 3363 in
2235 3310 2318 3365 eis
2355 3310 2692 3366 absorbente
2746 3322 2897 3367 vasta
2955 3312 3216 3382 voragine
3271 3314 3480 3383 pariter
3527 3327 3655 3383 per-

367 3397 562 3453 ierint.

437 3487 539 3560 λγ’.
567 3490 717 3561 Μηνὶ
769 3491 933 3562 Μαΐῳ
996 3491 1100 3556 κζ’,
1131 3490 1461 3556 ίνδικτιῶνος
1496 3493 1568 3556 ιέ,
1632 3492 1887 3563 Ἰωάννης
1925 3492 1956 3546 6

2129 3491 2217 3546 35.
2285 3490 2488 3546 Mensis
2535 3489 2664 3546 Maii
2709 3491 2801 3546 die
2835 3489 3074 3562 septimo
3109 3505 3278 3561 supra
3305 3492 3659 3562 vigesimum.

367 3579 703 3654 ἀστρονόμος
733 3578 887 3637 εἶπεν
930 3584 1198 3654 Ῥωμανῷ
1232 3585 1309 3655 τῷ
1341 3585 1548 3655 βασιλεῖ
1573 3586 1657 3640 ὅτι
1692 3585 1764 3641 Ἡ
1790 3588 1957 3639 ιστα-

2059 3585 2365 3648 indictione
2399 3585 2595 3656 quinta
2631 3585 2864 3652 decima,
2905 3587 2984 3641 ait
3020 3587 3262 3642 Joannes
3307 3597 3665 3641 astronomus

361 3672 518 3742 μένη
547 3670 747 3740 στήλη
772 3669 971 3725 ἐπάνω
997 3672 1108 3742 τῆς
1141 3672 1414 3741 καμάρας
1457 3673 1564 3727 τοῦ
1596 3673 1954 3743 Ξηρολόφου

2059 3679 2384 3750 imperatori
2418 3696 2434 3734 :
2483 3678 2616 3745 Qua:
2660 3695 2822 3751 super
2857 3679 3141 3750 Xerolophi
3179 3680 3434 3750 fornicem
3487 3688 3664 3733 erecta

368 3759 467 3815 καὶ
492 3758 592 3813 ἐπὶ
625 3759 864 3830 δυσμὰς
885 3759 1212 3824 βλέπουσα
1245 3761 1351 3815 τοῦ
1383 3760 1629 3831 Συμεών
1662 3763 1815 3815 ἐστι’
1853 3760 1954 3814 καὶ

2058 3780 2237 3825 statua
2285 3779 2396 3836 est,
2451 3786 2606 3825 versa
2657 3771 2792 3840 facie
2833 3771 2904 3825 ad
2969 3768 3347 3833 occidentem,
3385 3769 3663 3842 Symeonis

374 3854 425 3905 εἰ
464 3853 684 3921 ταύτης
715 3851 831 3919 τὴν
852 3854 1131 3922 κεφαλὴν
1147 3853 1453 3922 ἐκκόψεις,
1490 3852 1566 3922 τῇ
1583 3853 1740 3922 αὐτῇ
1766 3852 1887 3922 ἄιρᾳ
1924 3856 1956 3906 ό

2063 3861 2242 3934 ﬁgura
2281 3872 2378 3918 est.
2426 3863 2558 3934 Ejus
2599 3873 2761 3934 caput
2809 3866 2857 3917 si
2901 3865 3176 3928 excideris,
3228 3866 3345 3935 ipsa
3389 3867 3520 3918 liora
3567 3863 3666 3935 Sy-

385 3937 620 4011 £va
655 3941 928 4010 τελευτᾷ.
973 3943 1323 4008 Ἀποστείλας
1362 3940 1457 4000 οὖν
1513 3946 1541 3997 6
1588 3944 1843 4014 βασιλεὺς
1889 3945 1956 4014 τῇ

2071 3971 2225 4008 meon
2264 3956 2403 4008 diem
2454 3955 2633 4010 obibit.
2681 3956 2850 4012 Misso
2899 3955 3086 4025 itaque
3146 3965 3314 4010 noctu
3363 3956 3666 4025 imperator

381 4035 530 4088 νυκτὶ
554 4037 653 4106 τὴν
682 4036 927 4108 κεφαλὴν
955 4041 1055 4107 τῆς
1111 4036 1315 4107 στήλης
1351 4036 1577 4106 ἐξέκοψε
1603 4053 1617 4067 ο
1646 4037 1740 4090 καὶ
1773 4039 1840 4108 τῇ
1864 4037 1957 4089 αύ-

2066 4045 2326 4100 ministro
2372 4053 2567 4101 statua:
2613 4054 2780 4115 caput
2827 4046 3104 4110 abstulit,
3162 4045 3474 4115 eademque
3528 4047 3664 4102 hora

373 4129 438 4199 τῇ
461 4125 582 4200 ὥρᾳ
600 4129 630 4180 6
651 4125 880 4198 Συμεὼν
899 4129 979 4190 είς
1012 4126 1352 4198 Βουλγαρίαν
1375 4126 1716 4197 ἐτελεύτησε,
1754 4127 1960 4196 Πέτρον

371 4220 461 4272 τὸν
484 4218 601 4272 υἱὸν
630 4217 796 4271 αὑτοῦ
827 4219 1234 4289 προϐαλόμενος
1263 4218 1525 4292 ἄρχοντα,
1544 4217 1603 4271 ὃν
1623 4219 1689 4271 ὲκ
1717 4215 1816 4286 τῆς
1831 4217 1954 4270 δευ-

372 4312 537 4384 τέρας
570 4311 738 4366 αύτοῦ
779 4312 1040 4382 γυναικὸς
1073 4307 1250 4384 εἶχεν·
1288 4311 1513 4384 Μιχαὴλ
1547 4311 1602 4364 δὲ
1632 4311 1724 4366 τὸν
1762 4312 1827 4363 ὲκ
1858 4313 1957 4382 τῆς

376 4406 653 4480 προτέρας
686 4406 835 4477 αύτῷ
873 4405 1166 4476 γενόμενον
1200 4405 1462 4473 γυναικὸς
1487 4404 1751 4477 ἀπέκειρε
1795 4420 1961 4475 μονα-

2069 4131 2309 4211 Symeon
2339 4137 2396 4193 in
2434 4137 2693 4210 Bulgaria
2732 4138 2960 4204 occidit,
3005 4139 3171 4194 Petro
3219 4137 3356 4204 filio,
3400 4154 3566 4209 quem
3596 4155 3666 4196 ex

2064 4231 2311 4287 secundo
2362 4243 2484 4287 toro
2533 4239 2888 4301 susceperat,
2947 4231 3202 4301 principe
3262 4229 3553 4301 designato
3600 4247 3666 4286 ac

2065 4337 2413 4388 successore,
2464 4321 2734 4379 Michaele
2779 4337 2914 4378 vero
2965 4339 3032 4378 ex
3075 4323 3263 4392 priore
3314 4337 3486 4377 uxore
3536 4334 3666 4376 nato

2067 4415 2125 4469 in
2182 4415 2514 4470 monachum
2562 4423 2803 4471 attonso.
2855 4414 3098 4470 Joannes
3155 4429 3323 4484 porro
3371 4423 3427 4470 et
3473 4415 3669 4485 Benja-

374 4500 490 4572 χόν.
535 4501 787 4570 Ἰωάννης
813 4499 992 4553 δὲκαὶ
1044 4497 1303 4568 Βενιαμὶν
1331 4501 1380 4552 οἱ
1419 4497 1514 4552 τοῦ
1565 4498 1772 4570 Πέτρου
1802 4495 1957 4550 ἁδελ-

2070 4506 2186 4561 min
2216 4507 2504 4578 epistolam
2529 4507 2818 4579 Bulgariee
2847 4507 3110 4578 scriptam
3144 4508 3475 4564 attulerunt.

377 4597 468 4664 φοι
500 4595 790 4665 ἀπιστολὴν
820 4594 1147 4667 ἐκομίσαντο
1187 4593 1590 4665 Βουλγαρικήν.

445 4687 539 4744 λό’.
575 4688 658 4742 Τὰ
693 4687 878 4759 κύκλῳ
903 4682 996 4742 οὖν
1021 4686 1149 4757 ἔθνη
1175 4685 1276 4759 τὴν
1309 4686 1403 4740 τοῦ
1438 4684 1668 4756 Συμεὼν
1701 4685 1967 4756 μαθόντες

377 4780 658 4854 τελευτὴν,
696 4782 750 4835 οἵ
771 4799 828 4833 τε
859 4781 1131 4852 Χροϐἀτοι
1159 4781 1255 4834 καὶ
1295 4781 1346 4833 οἱ
1377 4779 1578 4846 λοιποὶ,
1616 4779 1759 4831 κατά
1787 4779 1961 4830 Βουλε-

378 4876 565 4948 γᾶρων
598 4879 772 4931 κινεῖν
806 4875 1090 4930 ἐϐούλοντο
1118 4891 1133 4908 ⁸
1179 4873 1343 4946 λιμοῦ
1403 4874 1462 4928 δὲ
1515 4873 1776 4945 μεγίστου
1827 4873 1969 4944 μετά

379 4970 473 5023 καὶ
495 4967 736 5041 ἀκρίδων
766 4968 866 5040 τὴν
898 4969 1243 5041 Βουλγαρίαν
1272 4967 1628 5032 ὲκπιέζοντος
1649 5007 1664 5034 ,
1694 4967 1968 5021 ἐδεδίεσαν

380 5059 476 5114 καὶ
510 5061 713 5130 μᾶλλον
742 5059 966 5132 τὴντῶν
1003 5060 1293 5132 Ῥωμαίων
1326 5061 1634 5117 ἑπέλευσιν.
1674 5057 1842 5112 Ὅθεν
1874 5057 1970 5112 καὶ

381 5153 524 5208 κατά
591 5153 902 5224 Ῥωμανίαν
935 5155 1368 5226 ἐκστρατεύσωσι
1397 5156 1492 5209 καὶ
1543 5157 1610 5225 τῇ
1657 5153 1970 5222 Μακεδονίᾳ

384 5247 903 5318 κατᾳλυμαίνονται.
946 5249 1011 5303 Oi
1043 5248 1101 5302 δὲ
1127 5248 1434 5320 Βούλγαροι
1473 5247 1574 5319 τὴν
1611 5246 1748 5319 πρὸς
1772 5247 1970 5311 αὐτοὺς

383 5339 662 5406 ὲξέλευσιν
705 5339 801 5394 τοῦ
865 5340 1129 5412 βασιλέως
1180 5341 1515 5404 ἀκούσαντες
1566 5340 1694 5410 περὶ
1747 5341 1970 5411 εἰρήνης

385 5435 754 5503 φροντίζουσι,
781 5436 878 5490 καὶ
922 5435 1318 5491 ἀποστέλλουσι
1361 5435 1598 5507 μοναχόν
1627 5453 1750 5490 τινα
1790 5434 1971 5487 Καλο-

386 5523 548 5596 κύριν
633 5527 1059 5599 ὀνομαζόμενον,
1149 5528 1515 5600 Ἀρμενιακὸν
1540 5528 1618 5599 τῷ
1673 5529 1856 5597 γένει’
1913 5525 1972 5589 ὃς

384 5619 540 5688 παρά
569 5619 664 5673 τοῦ
699 5619 966 5691 βασιλέως
1013 5623 1394 5694 ἁσμενέστατα
1425 5622 1640 5694 δεχθεὶς
1687 5621 1787 5692 τὴν
1817 5618 1971 5689 εἰρή-

2145 4691 2235 4745 54.
2287 4690 2491 4745 Audita
2549 4689 2736 4760 itaque
2797 4689 3088 4761 Symeonis
3141 4699 3318 4746 morte
3372 4691 3673 4746 circumvi-

2074 4782 2212 4838 cime
2257 4783 2536 4847 nationes,
2588 4782 2853 4839 Chrobati
2905 4783 3116 4853 pariter
3163 4799 3228 4838 ac
3284 4784 3518 4853 reliqui,
3561 4783 3670 4837 Iad-

2072 4888 2294 4928 versum
2333 4873 2600 4942 Bulgaros
2633 4873 2842 4928 bellum
2880 4889 3104 4929 movere
3129 4873 3467 4944 cogitabant.
3500 4875 3672 4928 Cum-

2074 4981 2182 5035 que
2227 4964 2400 5020 l‘ames
2447 4965 2682 5020 maxima
2725 4980 2790 5021 ac
2829 4966 3171 5022 locustarum
3232 4964 3318 5019 vis
3355 4964 3670 5035 Bulgariam

2077 5059 2198 5115 dire
2251 5068 2532 5128 premeret
2583 5068 2640 5114 et
2687 5059 2988 5130 alliigeret,
3049 5061 3429 5114 Romanorum
3492 5060 3546 5114 in
3612 5074 3672 5113 se

2078 5151 2350 5221 impetum
2421 5166 2487 5205 ae
2552 5151 2950 5221 grassationem
3030 5151 3204 5222 magis
3274 5149 3669 5204 formidabant.

2078 5244 2292 5299 idcirco
2344 5243 2421 5298 illi
2477 5259 2700 5314 quoque
2739 5242 3115 5298 Macedoniam
3157 5243 3430 5314 pepulari.
3469 5242 3672 5298 Audita

2078 5349 2263 5394 autem
2331 5337 2681 5408 imperatoris
2733 5337 2788 5392 in
2845 5352 2943 5392 eos
2994 5337 3348 5406 expeditione
3411 5335 3479 5390 de
3538 5351 3673 5405 pace

2074 5431 2320 5496 solliciti,
2353 5432 2686 5486 monachum
2738 5430 3036 5500 quemdam
3082 5428 3262 5499 patria
3319 5429 3669 5493 Armenium,

2071 5521 2378 5594 Calosyrim
2428 5523 2674 5587 nomine,
2724 5522 2974 5579 mittunt.
3027 5520 3333 5591 Susceptus
3373 5520 3442 5573 ab
3492 5519 3672 5588 impe-

2075 5626 2263 5673 ratore
2329 5617 2707 5688 placidissime
2779 5615 3031 5688 legatus,
3109 5631 3242 5686 pace
3310 5613 3670 5678 confirmata,

1700 5715 1932 5775 VARIIE
1974 5713 2364 5770 LECTIUNES

462 5808 504 5843 “
540 5808 613 5885 γ’]
671 5810 740 5882 ιγ’
769 5827 960 5886 margo
992 5813 1054 5872 Ρ.
1133 5816 1176 5849 ¹¹
1204 5813 1547 5886 πατριάρχου
1579 5813 1637 5869 Ρ.
1723 5812 1765 5844 ’³
1795 5828 1957 5866 κατατ

2058 5813 2170 5884 ἧναι
2215 5826 2269 5882 p.
2304 5809 2407 5864 58'2
2433 5824 2486 5866 c.
