4124 6426
422 402 526 465 803

427 514 745 583 nuptiarum
799 505 1007 562 foedera
1060 515 1186 555 cum
1240 496 1574 564 imperatore
1643 485 1801 558 741
1870 481 2012 535 inire
2043 481 2089 537 Α

427 576 697 674 deposcit.
762 599 912 655 Pacti
959 597 1147 663 itaque
1197 590 1425 644 Mariam
1471 576 1857 649 ChristOphori
1915 576 2014 628 im-

430 669 707 766 peratoris
771 688 938 741 ﬁliam
1003 690 1238 751 nuptum
1296 676 1558 733 daturos,
1629 669 1858 722 Petrum
1919 675 2017 729 per

431 754 651 839 iitteras
693 785 1005 835 accersunt.
1056 770 1290 827 Mittitur
1334 780 1464 835 ergo
1510 761 1728 815 Nicetas
1759 754 2020 823 magister

431 873 665 930 Romani
728 866 1081 939 imperatoris
1144 876 1331 924 socer,
1393 856 1487 926 qui
1542 848 1788 907 venienti
1856 847 2021 900 Petro

432 978 730 1021 occurrens
776 935 834 1019 in
878 959 1071 1015 urbem
1123 966 1294 1022 usque
1338 948 1595 1003 deducat.
1629 943 1907 997 Venerant
1953 935 2021 990 ad

433 1055 805 1119 Blachernas,
864 1066 989 1107 cum
1046 1048 1347 1116 imperator
1397 1041 1696 1095 salutatum
1744 1044 2022 1103 egressus,

437 1152 533 1222 qui
588 1151 837 1219 hospites
868 1146 1121 1202 adessent
1150 1136 1548 1203 oﬂiciosissime
1584 1131 1868 1201 amplexus
1906 1136 2025 1193 est;

440 1221 741 1313 habitoque
810 1234 1101 1295 secretiori
1169 1238 1404 1287 tractatu
1475 1227 1627 1296 pacis
1698 1221 1901 1276 foedera
1967 1232 2031 1282 ac

438 1336 715 1405 nuptiales
751 1338 1068 1387 contractus
1110 1322 1512 1392 subscripsere,
1537 1314 1874 1385 Theophane
1905 1326 2033 1381 pro-

443 1424 762 1483 ttwestiario
812 1422 1008 1475 horum
1064 1417 1171 1471 illis
1218 1422 1507 1483 sequestro
1564 1419 1620 1464 et
1669 1407 2032 1475 instructore,

305 1496 377 1543 ’.ί
444 1516 644 1571 Mensis
686 1528 818 1567 vero
869 1509 1123 1566 Octobris
1174 1505 1264 1560 die
1299 1511 1493 1557 octavo
1530 1501 1728 1554 Petrus
1768 1504 1825 1551 et
1869 1493 2037 1551 Maria

441 1604 677 1661 corollas
737 1599 1015 1670 nuptiales
1074 1597 1129 1650 in
1193 1590 1553 1655 sanctissimas
1604 1585 1701 1640 Dei
1743 1579 2040 1637 Genitricis

444 1697 712 1768 Pegarum
744 1694 861 1748 aede
894 1692 1156 1753 subeunt,
1186 1682 1635 1741 benedictionem
1682 1674 2039 1745 impartiente

445 1786 759 1857 patriarcha
809 1783 1109 1853 Stephano.
1159 1777 1501 1843 Cunctisque
1551 1771 1868 1840 nuptiarum
1926 1767 2035 1824 ritu

447 1878 710 1949 legitimis
777 1876 932 1929 festis
1009 1871 1226 1944 gaudiis
1298 1866 1569 1938 peractis,
1636 1878 1743 1916 non
1809 1858 2036 1914 minima

450 1971 814 2041 Bulgarorum
864 1964 1148 2021 contentio
1189 1961 1294 2015 fuit
1344 1968 1404 2013 ut
1438 1954 1873 2023 ChristOpborus
1923 1949 2040 2004 fau-

450 2060 552 2114 stis
602 2058 719 2127 ipse
766 2055 998 2110 vocibus
1048 2068 1113 2107 ac
1162 2049 1443 2105 ominibus
1479 2046 1632 2116 prior
1672 2043 2038 2111 acciperetur,

451 2149 654 2209 deinde
698 2146 1139 2209 Constantinus;
1184 2140 1333 2214 quod
1380 2140 1559 2210 ipsum
1614 2144 1674 2192 ut
1733 2134 1889 2192 ﬁeret
1941 2132 2044 2185 im-

525 2428 616 2481 35.
652 2425 953 2485 Veniunt‘a
1001 2420 1256 2478 Melitene
1292 2417 1475 2486 legati,
1503 2415 1694 2483 eisque
1735 2424 1920 2465 comes
1951 2422 2048 2463 eo-

459 2530 582 2571 rum
633 2517 745 2577 dux
787 2512 1082 2583 Apolasath
1117 2527 1131 2563 :
1184 2508 1445 2577 congruis
1503 2520 1636 2560 vero
1673 2501 1979 2557 honoribus
2017 2515 2047 2554 a

460 2610 710 2666 Romano
750 2604 1014 2673 suscepti,
1063 2602 1215 2675 pacis
1250 2600 1457 2654 foedere
1496 2596 1819 2657 constituto,
1849 2592 1913 2646 ad
1951 2604 2049 2645 sua

464 2700 672 2754 reversi
723 2704 873 2752 sunt.
928 2694 1048 2760 Quo
1095 2708 1163 2746 ex
1206 2701 1453 2759 tempore
1502 2688 1765 2745 Romanis
1816 2698 2049 2738 succen-

466 2790 660 2849 turiati
701 2788 967 2845 adversus
1031 2799 1145 2839 sum
1195 2782 1375 2853 gentis
1435 2780 1688 2834 homines
1745 2776 2052 2845 Saracenos

463 2882 611 2938 bella
680 2878 983 2951 gerebant,
1059 2873 1434 2942 triumphique
1504 2884 1705 2940 pompa
1760 2881 1869 2921 una
1926 2878 2051 2921 cum

468 2972 731 3034 Romanis
785 2968 1033 3039 captivos
1088 2966 1355 3020 ducentes
1413 2962 1693 3033 Agarenos
1742 2959 1797 3012 in
1860 2957 2054 3011 urbem

471 3064 799 3127 intrabant:
843 3075 933 3115 res
967 3072 1099 3115 sane
1134 3055 1294 3132 742
1342 3055 1482 3108 mira
1527 3061 1583 3107 et
1630 3051 1899 3114 inaudita,
1950 3048 2056 3102 im-

1606 352 1984 435 SYMEO‘NIS
2019 360 2397 423 MAGISTRl

3589 340 3691 405 834

2117 495 2213 547 νην
2237 473 2558 535 ἐϐεϐαίωσε,
2596 469 2689 522 καὶ
2741 465 3094 532 συνάλλαγμα
3138 461 3181 491 ¹⁸
3219 456 3355 530 μετὰ
3401 453 3494 507 τοῦ
3552 455 3694 524 βασι-

2116 574 2255 634 λέως
2285 572 2508 641 ποιῆσαι
2543 567 2797 618 αἰτεῖται.
2828 560 3105 629 Σύμφωνά
3149 574 3208 608 τε
3250 554 3578 622 ποιήσαντες
3614 550 3695 611 εἰς

2117 666 2179 717 τὸ
2206 662 2387 716 δοῦναι
2419 658 2573 729 αὑτῷ
2603 656 2796 725 Πέτρῳ
2842 654 2939 723 τήν
2983 648 3261 718 θυγατέρα
3319 642 3697 715 Χριστοξόρου

2118 753 2213 808 τοῦ
2253 752 2518 823 βασιλέως
2565 748 2813 818 Μαρίαν,
2847 731 3121 815 γράφουσι
3164 739 3241 809 τῷ
3272 737 3468 806 Πέτρῳ
3502 734 3697 823 ἐλθεῖν.

2136 844 2553 902 Ἀποστέλλεται
2588 838 2680 894 οὖν
2709 840 2957 908 Νικήτας
3005 836 3305 906 μάγιστρος
3330 833 3357 885 6
3393 816 3702 899 συμπένθέ-

2127 956 2218 1011 ρος
2255 934 2539 1005 Ῥωμανοῠ
2583 932 2679 985 τοῦ
2728 930 2993 1002 βασιλέως
3049 925 3360 993 ὑπαντῆσαι
3409 920 3559 990 αύτῷ
3608 918 3705 971 καὶ

2126 1033 2355 1098 ἀγαγεῖν
2389 1028 2548 1098 μέχρι
2574 1026 2672 1095 τῆς
2701 1024 2928 1085 πόλεως.
2960 1020 3073 1074 Καὶ
3111 1017 3359 1078 ἐλθόντες
3388 1016 3445 1065 ὲν
3468 1011 3708 1081 Βλαχέρ-

2128 1139 2268 1184 ναις,
2300 1122 2327 1172 6
2352 1120 2602 1189 βασιλεὺς
2648 1114 2900 1170 ἀπελθὼν
2948 1110 3341 1182 κατησπάσατο
3389 1105 3551 1158 αὐτόν
3571 1120 3586 1135 ο
3612 1100 3710 1156 καὶ

2130 1214 2199 1268 τὰ
2239 1214 2424 1267 εἰκότα
2460 1209 2920 1280 συνομιλήσαντες
2945 1203 3271 1276 ὑπέγραψαν
3294 1201 3362 1254 τά
3392 1216 3451 1251 τε
3484 1197 3545 1251 σύ
3556 1214 3713 1266 μφως

2132 1324 2200 1363 να
2226 1307 2325 1375 τῆς
2355 1307 2573 1376 εἰρήνης
2607 1304 2699 1356 καὶ
2729 1301 2798 1353 τά
2820 1300 3033 1369 γαμικά
3062 1296 3509 1363 συναλλάγματα,
3545 1307 3711 1361 μεσο-

2136 1399 2429 1460 λαϐοὖντος
2459 1399 2516 1450 ὲν
2553 1396 2765 1457 τούτοις
2811 1392 2904 1446 τοῦ
2955 1387 3458 1462 πρωτοϐεστιαρίου
3501 1383 3714 1451 Θεοφάε

2138 1506 2287 1552 νους9
2313 1486 2401 1560 [P.
2423 1485 2574 1557 £87].
2611 1486 2689 1555 Τῇ
2725 1484 2781 1537 δὲ
2812 1483 2860 1553 η’
2891 1479 2986 1535 τοῦ
3024 1479 3358 1550 Ὀκτωϐρίου
3384 1477 3550 1546 Wa;
3595 1474 3716 1529 στέ-

2141 1598 2300 1649 φεται
2335 1580 2539 1648 Πέτρος
2564 1576 2658 1630 καὶ
2688 1576 2875 1646 Μαρία
2908 1575 2965 1626 ὲν
3009 1571 3088 1643 τῷ
3124 1572 3236 1641 ναῷ
3280 1571 3380 1639 τῆς
3415 1567 3717 1639 ύπεραγίας

2142 1667 2405 1720 Θεοτόκου
2444 1666 2551 1718 τῶν
2591 1665 2793 1734 Πηγῶν
2832 1662 2986 1733 παρά
3019 1662 3303 1731 Στεφάνου
3353 1659 3715 1729 πατριάρχου.

2145 1758 2371 1810 Πάντων
2392 1756 2449 1810 δὲ
2469 1756 2582 1808 τῶν
2618 1730 2941 1825 εἰθισμένων
2973 1730 3214 1823 φαιδρῶς
3245 1750 3623 1814 τελεσθέντων,
3669 1749 3717 1800 οἱ
3784 1730 3791 1733 ’

2072 1823 2113 1877 Β
2146 1848 2444 1918 Βούλγαροι
2468 1846 2720 1902 ἔνστασιν
2753 1847 2812 1899 οὐ
2850 1847 3055 1917 μικράν
3085 1844 3415 1913 ἐποιήσαντο
3443 1841 3536 1894 τοῦ
3582 1839 3717 1910 πρός

2142 1958 2298 2010 τερον
2331 1942 2470 2009 εὑιρη
2480 1940 2696 2010 μεῖσθαι
2717 1939 3109 2009 Χριστοφόρον,
3128 1931 3247 1989 εἶτα
3274 1936 3683 1989 Κωνσταντῖνον
3702 1949 3715 1961 ·

2142 2033 2170 2085 δ
2202 2034 2296 2085 καὶ
2352 2033 2645 2086 ἐπένευσεν
2669 2032 2696 2084 6
2728 2030 2998 2101 βασιλεύς.
3048 2030 3157 2084 Καὶ
3204 2028 3323 2100 μετ’
3363 2026 3546 2095 ὀλίγας
3578 2026 3719 2095 ἡμέ-

2148 2140 2245 2197 ρας
2283 2125 2553 2193 λαμϐάνει
2598 2124 2698 2195 τὴν
2732 2124 2869 2177 ἰδίαν
2901 2126 3136 2191 γυναῖκα
3174 2120 3394 2195 Μαρίαν
3424 2122 3451 2173 6
3490 2120 3719 2187 Πέτρος,

2145 2218 2238 2271 καὶ
2270 2218 2362 2271 ἐπὶ
2392 2216 2730 2288 Βουλγαρίαν
2770 2218 3086 2286 πορεύεται.

2218 2392 2311 2447 λε’.
2353 2394 2642 2463 Ἔρχονται
2670 2390 2929 2462 πρέσϐεις
2964 2390 3072 2443 ἀπὸ
3097 2388 3406 2458 Μελιτηνῆς
3431 2430 3444 2451 ,
3480 2387 3573 2441 καί
3612 2385 3728 2456 μετ’

2160 2484 2339 2537 αὑτῶν
2373 2484 2511 2536 καὶὸ
2540 2480 2845 2553 στρατηγὸς
2872 2480 3049 2533 αὐτῶν
3092 2479 3420 2531 ’Λπολάσαθ.
3463 2477 3572 2530 Καὶ
3604 2478 3730 2530 ὑπο-

2149 2576 2429 2646 δεχθέντες
2453 2576 2496 2642 με
2521 2576 2670 2646 παρά
2711 2574 2820 2627 Ῥω
2834 2572 3005 2642 μανοῦ
3042 2572 3181 2642 μετὰ
3207 2571 3310 2641 τῆς
3345 2570 3733 2641 προσηκούσης

2153 2673 2336 2740 τιμῆς,
2369 2668 2637 2736 σύμφωνά
2666 2683 2725 2719 τε
2758 2665 2982 2737 εἰρήνης
3012 2665 3359 2735 ποιήσαντες,
3383 2662 3734 2732 ὑπέστρεψαν

2153 2766 2233 2824 εἰς
2268 2761 2335 2815 τά
2365 2762 2494 2824 ῐδια,
2537 2760 2632 2812 καὶ
2679 2759 2865 2812 ἔκτοτε
2911 2754 3399 2828 συνεστρατεύοντο
3440 2756 3735 2825 Ῥωμαιοις

2155 2856 2299 2911 κατὰ
2320 2855 2428 2907 τῶν
2461 2852 2754 2924 ὁμοφύλων
2786 2852 3141 2923 Σαρακηνῶν,
3190 2851 3285 2903 καὶ
3313 2853 3370 2903 ὲν
3415 2854 3527 2913 τοῖς
3557 2852 3734 2903 ὲπινιτ

2158 2947 2296 3008 κίοις
2326 2947 2656 3015 συνήρχοντο
2682 2947 2796 3008 τοῖς
2836 2945 3132 3013 Ῥωμαίοις
3155 2945 3211 2995 ὲν
3233 2945 3298 3013 τῇ
3325 2943 3499 3003 πόλει,
3534 2946 3737 3013 αἰχμας

2157 3038 2361 3101 λώτους
2427 3040 2651 3103 ἄγοντες
2711 3036 3048 3107 Ἀγαρηνούς
3091 3053 3105 3068 ·
3145 3037 3281 3106 ὅπερ
3310 3032 3378 3107 ἦν
3424 3035 3737 3106 θαυμαστὸν

467 3158 795 3230 piorumque
846 3128 1222 3223 Agarenorum
1274 3146 1615 3201 infelicitatis
1655 3152 1807 3198 certa
1856 3142 2051 3212 proba-

2162 3132 2257 3183 καὶ
2282 3131 2583 3201 παράδοξον
2609 3133 2701 3183 καὶ
2724 3130 2922 3198 δεῖγμα
2946 3130 3043 3198 τῆς
3076 3128 3184 3181 τῶν
3218 3128 3395 3181 ἀθέων
3419 3128 3738 3199 ’Λγαρηνῶν

2166 3225 2187 3239 ιι
2369 3225 2380 3242 ο
2504 3224 2628 3242 πνεῖ
2719 3225 2731 3242 Ι
2926 3223 3017 3242 Αδὶ
3063 3221 3708 3242 Ίικᾼ-“ι1.-μῆ2...βμὶμη--

470 3248 570 3303 tio.
622 3245 918 3315 Apolasath
969 3252 1190 3304 autem,
1240 3238 1361 3292 viro
1410 3234 1685 3305 prudente
1737 3248 1800 3287 ac
1842 3233 2056 3302 sagaci,

468 3339 614 3394 vivis
662 3344 918 3409 exempto
962 3347 1088 3386 mox
1128 3328 1282 3399 pacis
1330 3327 1537 3385 fmdera
1589 3322 1911 3380 dissolvere.
1954 3323 2061 3377 Ex-

474 3429 756 3500 peditiono
806 3440 938 3495 ergo
974 3424 1031 3476 in
1082 3436 1178 3476 eos
1236 3428 1489 3487 suscepta
1529 3416 1767 3473 Joannes
1816 3413 2061 3468 Curcuas

474 3520 789 3577 scholarum
841 3514 1180 3577 domesticus
1236 3526 1363 3566 cum
1418 3508 1731 3579 legionibus
1779 3520 1843 3560 ac
1888 3504 2063 3576 agmi-

474 3610 663 3673 nibus,
705 3607 1002 3676 Meliasque
1041 3621 1167 3658 cum
1211 3602 1508 3664 Armeniis,
1556 3599 1612 3652 in
1653 3613 1746 3653 eas
1781 3596 2063 3667 angustias

478 3700 797 3759 Melitenem
850 3714 915 3754 ac
964 3695 1359 3752 circumvicina
1398 3693 1519 3746 loca
1574 3691 1949 3760 coniecerunt,
2005 3695 2065 3742 ut

478 3792 536 3848 in
596 3792 930 3847 curatoriam
984 3792 1132 3859 (nos
1204 3786 1545 3857 provinciam
1596 3784 1876 3853 dicimus)
1942 3796 2063 3836 eam

479 3885 781 3955 imperator
805 3882 1101 3952 redegerit,
1121 3880 1401 3950 multaque
1425 3877 1545 3931 auri
1568 3887 1624 3931 ot
1650 3875 1862 3946 argenti
1894 3873 2065 3929 millia

477 3992 666 4035 annuo
705 3975 913 4030 tributo
947 3974 1075 4029 inde
1098 3971 1421 4043 accipienda
1454 3970 1763 4039 imperarit.

551 4157 638 4213 36.
683 4156 740 4210 lu
784 4155 991 4213 crimen
1031 4168 1199 4225 porro
1242 4160 1473 4205 vocatus
1517 4147 1738 4203 Nicctas
1784 4145 2065 4215 magister,

478 4249 865 4318 Cbristophori
914 4244 1266 4315 imperatoris
1322 4256 1498 4302 socer,
1546 4254 1613 4293 eo
1662 4238 1883 4291 nomine
1921 4234 2070 4306 quod

482 4354 677 4399 auctor
722 4355 929 4411 genero
983 4346 1133 4393 esset
1176 4344 1238 4389 ut
1279 4334 1545 4388 adversus
1596 4338 1805 4407 patrem
1852 4344 2069 4385 assum-

482 4444 575 4505 pta
619 4430 909 4504 tyrannide
954 4429 1190 4502 imperio
1233 4443 1361 4482 eum
1410 4426 1658 4496 pelleret.
1695 4425 1875 4490 Quare
1923 4424 2070 4485 hunc

482 4526 621 4580 urbe
648 4526 885 4594 ejectum
909 4521 1243 4575 monachum
1277 4519 1533 4574 effecere.

554 4616 645 4669 37.
695 4615 793 4668 Die
837 4614 1051 4667 decima
1094 4622 1283 4666 octava
1322 4611 1472 4665 Junii
1513 4610 1737 4673 mensis,
1767 4607 2067 4667 indictione

486 4715 662 4771 sexta,
704 4705 936 4759 moritur
977 4704 1289 4773 Stephanus
1326 4702 1667 4772 patriarcha,
1706 4716 1831 4755 cum
1878 4699 2068 4757 sedem

487 4798 759 4853 tenuisset
799 4812 973 4851 annos
1029 4796 1191 4859 duos,
1245 4800 1464 4850 menses
1525 4795 1804 4848 undecim.
1861 4793 2069 4858 Quarta

489 4891 705 4946 decima
764 4904 898 4944 vero
953 4889 1158 4943 mensis
1205 4887 1521 4943 Decembris
1572 4886 1946 4957 Tryphonem,
1988 4884 2073 4938 vi-

491 4999 615 5038 rum
663 4984 979 5053 religiosum
1035 4998 1098 5036 ac
1157 4993 1299 5036 notae
1352 4980 1692 5044 sanctitatis,
1743 4995 1810 5033 ex
1854 4977 2074 5049 Opsicio

487 5079 771 5133 adducunt
819 5081 986 5147 atque.
1029 5076 1097 5130 ad
1157 5086 1368 5131 certum
1419 5083 1637 5143 tempus
1701 5057 2071 5142 patriarcham

487 5171 855 5225 constituunt.
913 5168 1065 5224 Unde
1118 5168 1212 5223 illo
1265 5167 1334 5221 ad
1378 5177 1593 5236 tempus
1647 5164 1794 5233 iungi
1843 5178 2074 5219 munere

488 5279 599 5318 non
645 5263 975 5326 sustinente,
1014 5262 1109 5315 sed
1152 5261 1220 5316 ad
1279 5260 1442 5313 tinem
1493 5272 1667 5327 usque
1713 5256 1836 5311 vita:
1884 5256 2069 5311 sedem

490 5356 730 5409 retinere
788 5354 1036 5416 volente,
1100 5353 1227 5406 dolo
1274 5352 1329 5405 in
1390 5349 1721 5404 sententiam
1777 5348 2068 5415 inducunt,

490 5448 598 5503 hoc
668 5447 854 5501 modo.
923 5446 1157 5501 Nolente
1228 5442 1377 5498 enim
1445 5456 1728 5496 assensum
1799 5440 2069 5510 praebere,

490 5541 645 5597 aiunt
706 5541 920 5594 nescire
968 5553 1096 5593 eum
1150 5537 1363 5591 litteras
1416 5550 1519 5590 nec
1568 5549 1731 5604 posse
1787 5535 2069 5599 scribere,

492 5646 667 5701 eaque
730 5633 947 5686 ratione
1002 5628 1179 5684 obniti
1249 5643 1313 5682 ac
1382 5626 1661 5681 resistere.
1728 5624 2071 5679 Probaturus

2160 3225 2469 3293 δυστυχίας.
2504 3224 2939 3293 Τελευτήσαντος
2970 3223 3025 3275 δὲ
3063 3221 3368 3276 Ἀπολάσαθ
3394 3221 3584 3290 ἀνδρὸς
3611 3238 3742 3291 (ppu-.-

2161 3317 2321 3387 νίμου
2353 3318 2446 3370 καὶ
2477 3317 2699 3369 συνετοῦ
2737 3315 2991 3368 διέλυσαν
3024 3314 3121 3385 τὴν
3158 3317 3381 3385 εἰρήνην
3410 3317 3459 3368 οἱ
3496 3314 3594 3385 τὴν
3624 3315 3741 3369 Με-

2162 3411 2385 3480 λιτηνὴν
2434 3409 2832 3472 κατοικοῦντες.
2896 3409 3427 3479 Ἐκστρατεύσαντες
3482 3406 3574 3460 οὖν
3621 3408 3742 3461 κατ’

2164 3494 2345 3561 αὐτῶν
2371 3503 2398 3555 ὂ
2424 3518 2482 3553 τε
2519 3501 2656 3567 Δοὺξ
2687 3502 2799 3554 τῶν
2828 3502 3037 3571 σχολῶν
3074 3502 3326 3569 Ἰωάννης
3364 3503 3391 3552 ὁ
3422 3499 3743 3570 Κουρκούας

2168 3595 2306 3665 μετὰ
2333 3595 2442 3647 τῶν
2469 3594 2718 3660 θεμάτων
2756 3593 2853 3646 καὶ
2892 3592 3191 3662 ταγμάτων
3224 3592 3317 3644 καὶ
3363 3592 3570 3653 Μελίας
3602 3589 3742 3658 μετὰ

2164 3688 2274 3740 τῶν
2325 3687 2663 3756 Ἀρμενίων·
2705 3685 2754 3737 οἳ
2786 3686 2880 3737 καὶ
2922 3686 3002 3747 εἰς
3049 3683 3317 3752 τοσαύτην
3348 3683 3602 3736 στένωσιν
3639 3680 3738 3747 τὴν

2168 3779 2469 3850 Μελιτηνὴν
2526 3778 2865 3847 κατέστησαν
2904 3778 2999 3830 καὶ
3028 3777 3095 3829 τά
3146 3778 3271 3845 περί
3298 3775 3485 3848 αὐτὴν,
3524 3773 3597 3837 ὡς
3642 3772 3736 3825 καὶ

2170 3869 2578 3940 κουρατωρείαν
2611 3866 3062 3937 ποιῆσαιταύτην
3093 3866 3184 3918 τὸν
3215 3865 3459 3935 βασιλέα,
3492 3863 3588 3919 καὶ
3612 3861 3741 3914 πολ-

2168 3961 2268 4023 λὰς
2304 3959 2549 4030 χιλιάδας
2584 3959 2810 4032 χρυσίου
2865 3960 2960 4011 καὶ
2995 3959 3262 4030 ἀργυρίου
3293 3958 3501 4011 ἐκεῖθεν
3534 3953 3747 4023 λαμϐά-

2171 4070 2287 4107 νειν
2317 4054 2570 4123 ὲτησίως.

2239 4146 2349 4215 λς’.
2379 4146 2751 4216 Κατηγορήθη
2782 4145 2837 4199 δὲ
2871 4146 3121 4215 Νικήτας
3148 4143 3449 4212 μάγιστρος
3475 4142 3503 4194 ὁ
3552 4141 3747 4195 πενθε-

2176 4239 2267 4309 ρὸς
2295 4237 2669 4309 Χριστοφόρου
2722 4237 2987 4307 βασιλέως
3037 4237 3112 4298 ὠς
3159 4235 3547 4304 ὑποτιθέμενος
3600 4233 3751 4305 αύτῷ

2173 4329 2315 4382 κατὰ
2348 4327 2442 4382 τοῦ
2481 4326 2611 4380 ἰδίου
2643 4325 2897 4395 γενέσθαι
2951 4329 3161 4396 πατρὸς
3195 4327 3289 4379 καὶ
3334 4326 3433 4397 τῆς
3468 4324 3751 4395 βασιλείας

2174 4422 2335 4474 αὐτὸν
2360 4419 2609 4484 εξεῶσαι.
2643 4418 2849 4475 Τοῦτον
2872 4419 3139 4489 ἐξώρισαν
3166 4419 3265 4490 τῆς
3298 4416 3502 4482 πόλεως
3532 4417 3628 4471 καὶ
3652 4434 3752 4489 μο-

2101 4518 2150 4577 D
2176 4514 2337 4584 ναχὸν
2365 4512 2651 4581 ἐποίησαν.

2246 4606 2344 4667 λζ’.
2371 4609 2452 4679 Τῇ
2487 4614 2554 4677 ιη(
2576 4607 2669 4660 τοῦ
2712 4606 2934 4691 Ἰουνίου
2964 4606 3156 4677 μηνὸς,
3189 4594 3288 4677 τῆς
3314 4603 3368 4670 ς’
3393 4602 3750 4668 ἰνδικτιῶνος,

2176 4701 2406 4772 τελευτᾷ
2440 4702 2715 4769 Στέφανος
2745 4700 3118 4772 πατριάρχης,
3147 4702 3428 4769 κρατήσας
3455 4698 3547 4766 ἔτη
3582 4698 3628 4765 β’
3645 4697 3750 4765 μῆ-

2176 4812 2271 4855 va;
2305 4793 2394 4848 ια’.
2441 4793 2517 4863 Τῇ
2569 4795 2626 4846 δὲ
2691 4790 2751 4845 ιδ’
2795 4793 2889 4845 τοῦ
2929 4790 3269 4860 Δεκεμϐρίου
3330 4786 3497 4855 μηνὸς
3556 4784 3750 4849 ἄγουσι

2177 4886 2449 4956 Τρύφωνα
2477 4885 2583 4937 ἀπὸ
2616 4883 2711 4937 τοῦ
2765 4882 3031 4952 Ὀψικίου,
3071 4883 3160 4933 ἐπ’
3187 4877 3444 4945 εὐλαϐείᾳ
3476 4876 3567 4928 καὶ
3600 4873 3754 4942 ἁγιό-

2174 4996 2298 5046 τητι
2360 4977 2829 5049 μαρτυρούμενον,
2862 4975 2957 5026 καὶ
3002 4969 3369 5040 χειροτονοῦσι
3404 4966 3754 5037 πατριάρχην

2177 5073 2271 5125 ἐπὶ
2320 5071 2467 5142 ῥητῷ
2495 5072 2693 5141 χρόνῳ.
2732 5068 2895 5121 Ὅθεν
2935 5063 3099 5117 αὑτοῦ
3157 5065 3233 5133 μὴ
3288 5062 3619 5132 ἀνεχομένου
3662 5059 3756 5114 ἐπὶ

2181 5165 2330 5238 ῥητῷ
2366 5165 2544 5235 χρόνῳ
2573 5160 2846 5231 γενέσθαι,
2882 5157 3017 5211 ἀλλὰ
3055 5156 3215 5227 μέχρι
3255 5155 3442 5217 τέλους
3483 5155 3580 5225 τῆς
3608 5152 3757 5222 ζωῆς

2182 5260 2370 5324 αὑτοῦ,
2396 5258 2531 5327 δόλῳ
2560 5256 2750 5310 τοῦτον
2792 5252 3041 5305 πείθουσι
3073 5251 3153 5320 τῷ
3192 5251 3383 5322 τρόπῳ
3422 5247 3618 5319 τούτῳ.
3650 5248 3758 5302 Λέ-

2178 5370 2337 5421 γουσι
2358 5353 2467 5421 γὰρ
2499 5348 2573 5419 μὴ
2597 5345 2907 5416 βουλομένῳ
2936 5343 3374 5413 συγκαταθέσθαι
3393 5358 3410 5373 σ
3447 5337 3634 5407 Οὗτος
3646 5341 3759 5393 οὐκ

2179 5442 2303 5499 οἵδε
2340 5443 2673 5513 γράμματα,
2735 5436 2881 5492 οὐδὲ
2928 5435 3151 5507 γράψαι
3191 5436 3463 5499 δύναται,
3516 5433 3614 5487 καί
3660 5428 3761 5484 ἐπὶ

2180 5539 2370 5600 τούτῳ
2407 5533 2783 5589 ἀνθίσταται.
2822 5531 2881 5585 'O
2898 5532 2957 5585 δὲ
2981 5530 3277 5602 βεϐαιῶσαι
3311 5529 3634 5602 βουλόμενος
3663 5524 3761 5578 αὐ-

2178 5631 2306 5692 τοὺς
2333 5630 2419 5682 ὅτι
2448 5628 2543 5682 καὶ
2564 5627 2768 5701 γράφει
2807 5628 2900 5680 καί
2926 5624 3314 5694 ἀναγινώσκει,
3340 5622 3428 5697 [P.
3461 5619 3588 5690 488]
3618 5617 3760 5677 αἰτεῖ

1760 5719 1993 5774 VARUS
2052 5702 2458 5781 caenosus.

578 5824 620 5855 ”
654 5824 746 5876 καὶ
770 5822 1003 5891 γαμικὸν
1024 5820 1375 5891 συνάλλαγμα
1397 5820 1420 5872 ?
1491 5820 1532 5851 ¹¹⁵
1557 5816 1947 5889 ἀποδεχθέντες
1974 5815 2037 5870 Ρ.
