  <div class='ocr_page' id='page_1' title='image "/cluster/home/n/w/nwhite01/storage/ocr_20150623/109/coo.31924054870138/410.png"; bbox 0 0 4124 6412; ppageno 0'>
   <div class='ocr_carea' id='block_1_1' title="bbox 392 370 3678 444">
    <p class='ocr_par' dir='ltr' id='par_1_1' title="bbox 392 370 3678 444">
     <span class='ocr_line' id='line_1_1' title="bbox 392 370 3678 444; baseline 0.002 -6"><span class='ocrx_word' id='word_1_1' title='bbox 392 379 502 438; x_wconf 82' lang='grc'><strong>805</strong></span> <span class='ocrx_word' id='word_1_2' title='bbox 820 373 1195 437; x_wconf 80' lang='lat' dir='ltr'><strong>ANNALES.</strong></span> <span class='ocrx_word' id='word_1_3' title='bbox 1226 400 1296 412; x_wconf 88' lang='lat'><strong>-</strong></span> <span class='ocrx_word' id='word_1_4' title='bbox 1335 375 1748 437; x_wconf 85' lang='lat' dir='ltr'><strong>CONSTANT.</strong></span> <span class='ocrx_word' id='word_1_5' title='bbox 1780 374 2163 436; x_wconf 82' lang='lat' dir='ltr'><strong>PORPHYR.</strong></span> <span class='ocrx_word' id='word_1_6' title='bbox 2207 374 2307 435; x_wconf 83' lang='lat' dir='ltr'><strong>ET</strong></span> <span class='ocrx_word' id='word_1_7' title='bbox 2336 370 2709 435; x_wconf 77' lang='lat' dir='ltr'><strong>ROMANUS</strong></span> <span class='ocrx_word' id='word_1_8' title='bbox 2745 377 3209 442; x_wconf 78' lang='lat' dir='ltr'><strong>LACAPENUS.</strong></span> <span class='ocrx_word' id='word_1_9' title='bbox 3570 381 3678 444; x_wconf 82' lang='lat'><strong>806</strong></span> 
     </span>
    </p>
   </div>
   <div class='ocr_carea' id='block_1_2' title="bbox 384 481 1963 561">
    <p class='ocr_par' dir='ltr' id='par_1_2' title="bbox 384 481 1963 560">
     <span class='ocr_line' id='line_1_2' title="bbox 384 481 1963 560; baseline -0.003 -19"><span class='ocrx_word' id='word_1_10' title='bbox 384 489 595 560; x_wconf 78' lang='grc' dir='ltr'>χάρτην</span> <span class='ocrx_word' id='word_1_11' title='bbox 611 484 707 537; x_wconf 71' lang='grc' dir='ltr'>καὶ</span> <span class='ocrx_word' id='word_1_12' title='bbox 733 482 1284 554; x_wconf 84' lang='grc' dir='ltr'>μέλαν.11αρέχουσιν</span> <span class='ocrx_word' id='word_1_13' title='bbox 1306 482 1398 536; x_wconf 74' lang='grc' dir='ltr'><strong>οὖν</strong></span> <span class='ocrx_word' id='word_1_14' title='bbox 1418 482 1569 552; x_wconf 81' lang='grc' dir='ltr'><strong>αὖτῷ</strong></span> <span class='ocrx_word' id='word_1_15' title='bbox 1586 483 1754 552; x_wconf 84' lang='grc' dir='ltr'>τόμον</span> <span class='ocrx_word' id='word_1_16' title='bbox 1775 481 1963 536; x_wconf 80' lang='grc' dir='ltr'>καινὸν</span> 
     </span>
    </p>
   </div>
   <div class='ocr_carea' id='block_1_3' title="bbox 2068 481 3678 561">
    <p class='ocr_par' dir='ltr' id='par_1_3' title="bbox 2090 482 3678 561">
     <span class='ocr_line' id='line_1_3' title="bbox 2090 482 3678 561; baseline 0.008 -26"><span class='ocrx_word' id='word_1_17' title='bbox 2090 482 2274 553; x_wconf 90' lang='lat' dir='ltr'><strong>itaque</strong></span> <span class='ocrx_word' id='word_1_18' title='bbox 2316 482 2422 538; x_wconf 83' lang='lat' dir='ltr'><strong>sibi</strong></span> <span class='ocrx_word' id='word_1_19' title='bbox 2472 484 2757 540; x_wconf 83' lang='lat' dir='ltr'><strong>scribendi</strong></span> <span class='ocrx_word' id='word_1_20' title='bbox 2813 493 2977 557; x_wconf 86' lang='lat' dir='ltr'><strong>atque</strong></span> <span class='ocrx_word' id='word_1_21' title='bbox 3014 489 3231 561; x_wconf 83' lang='lat' dir='ltr'><strong>legendi</strong></span> <span class='ocrx_word' id='word_1_22' title='bbox 3266 489 3519 560; x_wconf 88' lang='lat' dir='ltr'><strong>peritiam</strong></span> <span class='ocrx_word' id='word_1_23' title='bbox 3564 508 3678 547; x_wconf 88' lang='lat' dir='ltr'><strong>nou</strong></span> 
     </span>
    </p>
   </div>
   <div class='ocr_carea' id='block_1_4' title="bbox 384 575 1963 650">
    <p class='ocr_par' dir='ltr' id='par_1_4' title="bbox 384 575 1963 648">
     <span class='ocr_line' id='line_1_4' title="bbox 384 575 1963 648; baseline -0.006 -12"><span class='ocrx_word' id='word_1_24' title='bbox 384 580 482 636; x_wconf 75' lang='grc' dir='ltr'>καὶ</span> <span class='ocrx_word' id='word_1_25' title='bbox 498 576 650 631; x_wconf 89' lang='grc' dir='ltr'>κάτω</span> <span class='ocrx_word' id='word_1_26' title='bbox 668 593 772 629; x_wconf 88' lang='grc' dir='ltr'><strong>που</strong></span> <span class='ocrx_word' id='word_1_27' title='bbox 793 576 932 648; x_wconf 84' lang='grc' dir='ltr'>πρὸς</span> <span class='ocrx_word' id='word_1_28' title='bbox 954 576 1021 629; x_wconf 83' lang='grc' dir='ltr'>τὰ</span> <span class='ocrx_word' id='word_1_29' title='bbox 1044 576 1171 647; x_wconf 88' lang='grc' dir='ltr'>τέλη</span> <span class='ocrx_word' id='word_1_30' title='bbox 1193 576 1439 629; x_wconf 79' lang='grc' dir='ltr'>ποιοῦσιν</span> <span class='ocrx_word' id='word_1_31' title='bbox 1462 575 1691 645; x_wconf 75' lang='grc' dir='ltr'>γράψαι*</span> <span class='ocrx_word' id='word_1_32' title='bbox 1731 575 1963 643; x_wconf 60' lang='grc' dir='ltr'>Τρύφων</span> 
     </span>
    </p>
   </div>
   <div class='ocr_carea' id='block_1_5' title="bbox 2068 575 3675 650">
    <p class='ocr_par' dir='ltr' id='par_1_5' title="bbox 2076 575 3675 650">
     <span class='ocr_line' id='line_1_5' title="bbox 2076 575 3675 650; baseline 0.009 -21"><span class='ocrx_word' id='word_1_33' title='bbox 2076 575 2294 640; x_wconf 81' lang='lat' dir='ltr'><strong>deesse,</strong></span> <span class='ocrx_word' id='word_1_34' title='bbox 2350 576 2595 632; x_wconf 77' lang='lat' dir='ltr'><strong>chartam</strong></span> <span class='ocrx_word' id='word_1_35' title='bbox 2636 577 2741 632; x_wconf 86' lang='lat' dir='ltr'><strong>sibi</strong></span> <span class='ocrx_word' id='word_1_36' title='bbox 2789 587 2847 633; x_wconf 89' lang='lat' dir='ltr'><strong>et</strong></span> <span class='ocrx_word' id='word_1_37' title='bbox 2883 578 3043 650; x_wconf 57' lang='lat'><strong>753</strong></span> <span class='ocrx_word' id='word_1_38' title='bbox 3079 591 3447 637; x_wconf 90' lang='lat' dir='ltr'><strong>atramentum</strong></span> <span class='ocrx_word' id='word_1_39' title='bbox 3482 583 3675 643; x_wconf 72' lang='grc' dir='ltr'>εποιτὶ</span> 
     </span>
    </p>
   </div>
   <div class='ocr_carea' id='block_1_6' title="bbox 379 665 1963 740">
    <p class='ocr_par' dir='ltr' id='par_1_6' title="bbox 379 665 1963 740">
     <span class='ocr_line' id='line_1_6' title="bbox 379 665 1963 740; baseline -0.005 -12"><span class='ocrx_word' id='word_1_40' title='bbox 379 672 543 728; x_wconf 70' lang='grc' dir='ltr'>ἐλέει</span> <span class='ocrx_word' id='word_1_41' title='bbox 569 672 718 725; x_wconf 84' lang='grc' dir='ltr'><strong>Θεοῦ</strong></span> <span class='ocrx_word' id='word_1_42' title='bbox 734 671 1009 740; x_wconf 81' lang='grc' dir='ltr'>μοναχός</span> <span class='ocrx_word' id='word_1_43' title='bbox 1049 670 1146 723; x_wconf 82' lang='grc' dir='ltr'><strong>καί</strong></span> <span class='ocrx_word' id='word_1_44' title='bbox 1172 666 1843 739; x_wconf 78' lang='grc' dir='ltr'>πατριάρχηςάρεσθείς</span> <span class='ocrx_word' id='word_1_45' title='bbox 1874 665 1963 721; x_wconf 73' lang='grc' dir='ltr'><strong>καί</strong></span> 
     </span>
    </p>
   </div>
   <div class='ocr_carea' id='block_1_7' title="bbox 2068 665 3676 740">
    <p class='ocr_par' dir='ltr' id='par_1_7' title="bbox 2070 666 3676 738">
     <span class='ocr_line' id='line_1_7' title="bbox 2070 666 3676 738; baseline 0.006 -18"><span class='ocrx_word' id='word_1_46' title='bbox 2070 666 2252 738; x_wconf 89' lang='lat' dir='ltr'><strong>jubet.</strong></span> <span class='ocrx_word' id='word_1_47' title='bbox 2307 667 2461 722; x_wconf 83' lang='lat' dir='ltr'><strong>Novo</strong></span> <span class='ocrx_word' id='word_1_48' title='bbox 2527 668 2695 738; x_wconf 82' lang='lat' dir='ltr'><strong>igitur</strong></span> <span class='ocrx_word' id='word_1_49' title='bbox 2741 668 2908 724; x_wconf 85' lang='lat' dir='ltr'><strong>allato</strong></span> <span class='ocrx_word' id='word_1_50' title='bbox 2968 679 3146 737; x_wconf 85' lang='lat' dir='ltr'><strong>tomo,</strong></span> <span class='ocrx_word' id='word_1_51' title='bbox 3204 672 3271 726; x_wconf 88' lang='lat' dir='ltr'><strong>ad</strong></span> <span class='ocrx_word' id='word_1_52' title='bbox 3322 689 3474 729; x_wconf 86' lang='lat' dir='ltr'><strong>oram</strong></span> <span class='ocrx_word' id='word_1_53' title='bbox 3533 674 3676 730; x_wconf 79' lang='lat' dir='ltr'><strong>infra</strong></span> 
     </span>
    </p>
   </div>
   <div class='ocr_carea' id='block_1_8' title="bbox 376 758 1974 836">
    <p class='ocr_par' dir='ltr' id='par_1_8' title="bbox 376 758 1974 836">
     <span class='ocr_line' id='line_1_8' title="bbox 376 758 1974 836; baseline -0.007 -14"><span class='ocrx_word' id='word_1_54' title='bbox 376 764 646 836; x_wconf 80' lang='grc' dir='ltr'>στοιχῶν</span> <span class='ocrx_word' id='word_1_55' title='bbox 703 765 831 830; x_wconf 81' lang='grc' dir='ltr'>τοῖς</span> <span class='ocrx_word' id='word_1_56' title='bbox 869 761 1419 832; x_wconf 59' lang='grc' dir='ltr'><strong>προγεγραμμένοις</strong></span> <span class='ocrx_word' id='word_1_57' title='bbox 1473 760 1594 827; x_wconf 70' lang='grc' dir='ltr'>ἰδίᾳ</span> <span class='ocrx_word' id='word_1_58' title='bbox 1635 759 1785 828; x_wconf 79' lang='grc' dir='ltr'>χειρὶ</span> <span class='ocrx_word' id='word_1_59' title='bbox 1825 758 1974 813; x_wconf 79' lang='grc' dir='ltr'>ὑπέ-</span> 
     </span>
    </p>
   </div>
   <div class='ocr_carea' id='block_1_9' title="bbox 380 849 1974 928">
    <p class='ocr_par' dir='ltr' id='par_1_9' title="bbox 380 849 1974 928">
     <span class='ocr_line' id='line_1_9' title="bbox 380 849 1974 928; baseline -0.008 -16"><span class='ocrx_word' id='word_1_60' title='bbox 380 861 603 928; x_wconf 63' lang='grc' dir='ltr'>γραψα.</span> <span class='ocrx_word' id='word_1_61' title='bbox 640 856 813 907; x_wconf 83' lang='grc' dir='ltr'>Τοῦτο</span> <span class='ocrx_word' id='word_1_62' title='bbox 845 853 1107 915; x_wconf 83' lang='grc' dir='ltr'>λαϐόντες</span> <span class='ocrx_word' id='word_1_63' title='bbox 1138 849 1547 923; x_wconf 74' lang='grc' dir='ltr'><strong>χειροτονοῦσιν</strong></span> <span class='ocrx_word' id='word_1_64' title='bbox 1578 850 1742 902; x_wconf 81' lang='grc' dir='ltr'>αὑτὸν</span> <span class='ocrx_word' id='word_1_65' title='bbox 1773 865 1974 918; x_wconf 82' lang='grc' dir='ltr'>πατρι-</span> 
     </span>
    </p>
   </div>
   <div class='ocr_carea' id='block_1_10' title="bbox 378 939 1972 1023">
    <p class='ocr_par' dir='ltr' id='par_1_10' title="bbox 378 939 1972 1023">
     <span class='ocr_line' id='line_1_10' title="bbox 378 939 1972 1023; baseline -0.009 -16"><span class='ocrx_word' id='word_1_66' title='bbox 378 954 575 1023; x_wconf 65' lang='grc' dir='ltr'>άρχην.</span> <span class='ocrx_word' id='word_1_67' title='bbox 645 948 953 1020; x_wconf 84' lang='grc' dir='ltr'>Γράφουσιν</span> <span class='ocrx_word' id='word_1_68' title='bbox 997 945 1093 999; x_wconf 78' lang='grc' dir='ltr'><strong>οὖν</strong></span> <span class='ocrx_word' id='word_1_69' title='bbox 1131 944 1341 998; x_wconf 81' lang='grc' dir='ltr'>ἄνωθεν</span> <span class='ocrx_word' id='word_1_70' title='bbox 1390 946 1485 1013; x_wconf 79' lang='grc' dir='ltr'>τῆς</span> <span class='ocrx_word' id='word_1_71' title='bbox 1514 941 1844 1012; x_wconf 79' lang='grc' dir='ltr'><strong>ὑπογραφῆς</strong></span> <span class='ocrx_word' id='word_1_72' title='bbox 1877 939 1972 992; x_wconf 76' lang='grc' dir='ltr'>τοῦ</span> 
     </span>
    </p>
   </div>
   <div class='ocr_carea' id='block_1_11' title="bbox 378 1031 1975 1112">
    <p class='ocr_par' dir='ltr' id='par_1_11' title="bbox 378 1031 1975 1112">
     <span class='ocr_line' id='line_1_11' title="bbox 378 1031 1975 1112; baseline -0.008 -15"><span class='ocrx_word' id='word_1_73' title='bbox 378 1042 723 1112; x_wconf 74' lang='grc' dir='ltr'>πατριάρχου</span> <span class='ocrx_word' id='word_1_74' title='bbox 775 1038 1073 1109; x_wconf 82' lang='grc' dir='ltr'><strong>Τρύφωνος</strong></span> <span class='ocrx_word' id='word_1_75' title='bbox 1126 1037 1264 1107; x_wconf 83' lang='grc' dir='ltr'>ὅπερ</span> <span class='ocrx_word' id='word_1_76' title='bbox 1296 1036 1453 1089; x_wconf 74' lang='grc' dir='ltr'>αὐτοὶ</span> <span class='ocrx_word' id='word_1_77' title='bbox 1495 1034 1780 1086; x_wconf 88' lang='grc' dir='ltr'>ἐϐούλοντο</span> <span class='ocrx_word' id='word_1_78' title='bbox 1804 1049 1816 1061; x_wconf 88' lang='grc'><strong>·</strong></span> <span class='ocrx_word' id='word_1_79' title='bbox 1855 1031 1975 1102; x_wconf 80' lang='grc' dir='ltr'>μεθ’</span> 
     </span>
    </p>
   </div>
   <div class='ocr_carea' id='block_1_12' title="bbox 378 1126 1969 1202">
    <p class='ocr_par' dir='ltr' id='par_1_12' title="bbox 378 1126 1969 1202">
     <span class='ocr_line' id='line_1_12' title="bbox 378 1126 1969 1202; baseline -0.007 -15"><span class='ocrx_word' id='word_1_80' title='bbox 378 1136 409 1188; x_wconf 82' lang='grc' dir='ltr'>ὃ</span> <span class='ocrx_word' id='word_1_81' title='bbox 439 1138 531 1187; x_wconf 69' lang='grc' dir='ltr'><strong>καὶ</strong></span> <span class='ocrx_word' id='word_1_82' title='bbox 580 1134 718 1202; x_wconf 85' lang='grc' dir='ltr'><strong>μετά</strong></span> <span class='ocrx_word' id='word_1_83' title='bbox 750 1131 853 1202; x_wconf 85' lang='grc' dir='ltr'>τὴν</span> <span class='ocrx_word' id='word_1_84' title='bbox 885 1129 1285 1200; x_wconf 77' lang='grc' dir='ltr'><strong>συμπλήρωσιν</strong></span> <span class='ocrx_word' id='word_1_85' title='bbox 1316 1129 1408 1181; x_wconf 84' lang='grc' dir='ltr'>τοῦ</span> <span class='ocrx_word' id='word_1_86' title='bbox 1447 1127 1613 1199; x_wconf 80' lang='grc' dir='ltr'>ῥητοῦ</span> <span class='ocrx_word' id='word_1_87' title='bbox 1643 1126 1839 1197; x_wconf 82' lang='grc' dir='ltr'>χρόνου</span> <span class='ocrx_word' id='word_1_88' title='bbox 1869 1142 1969 1177; x_wconf 83' lang='grc' dir='ltr'>κα-</span> 
     </span>
    </p>
   </div>
   <div class='ocr_carea' id='block_1_13' title="bbox 376 1217 1969 1291">
    <p class='ocr_par' dir='ltr' id='par_1_13' title="bbox 376 1217 1969 1291">
     <span class='ocr_line' id='line_1_13' title="bbox 376 1217 1969 1291; baseline -0.008 -11"><span class='ocrx_word' id='word_1_89' title='bbox 376 1224 770 1288; x_wconf 82' lang='grc' dir='ltr'>ταϐιϐάζουσιν</span> <span class='ocrx_word' id='word_1_90' title='bbox 801 1224 990 1286; x_wconf 77' lang='grc' dir='ltr'>αὑτὸν,</span> <span class='ocrx_word' id='word_1_91' title='bbox 1036 1223 1131 1276; x_wconf 84' lang='grc' dir='ltr'>τοῦ</span> <span class='ocrx_word' id='word_1_92' title='bbox 1184 1220 1529 1291; x_wconf 70' lang='grc' dir='ltr'><strong>πατριάρχου</strong></span> <span class='ocrx_word' id='word_1_93' title='bbox 1587 1218 1662 1290; x_wconf 83' lang='grc' dir='ltr'><strong>μὴ</strong></span> <span class='ocrx_word' id='word_1_94' title='bbox 1699 1217 1969 1278; x_wconf 81' lang='grc' dir='ltr'><strong>Θέλοντος,</strong></span> 
     </span>
    </p>
   </div>
   <div class='ocr_carea' id='block_1_14' title="bbox 375 1309 1969 1391">
    <p class='ocr_par' dir='ltr' id='par_1_14' title="bbox 375 1309 1969 1391">
     <span class='ocr_line' id='line_1_14' title="bbox 375 1309 1969 1391; baseline -0.009 -18"><span class='ocrx_word' id='word_1_95' title='bbox 375 1322 526 1391; x_wconf 79' lang='grc' dir='ltr'>ὅμως</span> <span class='ocrx_word' id='word_1_96' title='bbox 560 1321 625 1388; x_wconf 77' lang='grc' dir='ltr'>τῇ</span> <span class='ocrx_word' id='word_1_97' title='bbox 654 1317 759 1387; x_wconf 76' lang='grc' dir='ltr'>ἰδίᾳ</span> <span class='ocrx_word' id='word_1_98' title='bbox 791 1317 1085 1387; x_wconf 78' lang='grc' dir='ltr'>ὑπογραφῇ</span> <span class='ocrx_word' id='word_1_99' title='bbox 1117 1313 1413 1366; x_wconf 80' lang='grc' dir='ltr'><strong>πεισθέντα</strong></span> <span class='ocrx_word' id='word_1_100' title='bbox 1466 1311 1563 1365; x_wconf 77' lang='grc' dir='ltr'><strong>καὶ</strong></span> <span class='ocrx_word' id='word_1_101' title='bbox 1612 1310 1713 1381; x_wconf 83' lang='grc' dir='ltr'>τὴν</span> <span class='ocrx_word' id='word_1_102' title='bbox 1760 1309 1969 1377; x_wconf 78' lang='grc' dir='ltr'>πλάνην</span> 
     </span>
    </p>
   </div>
   <div class='ocr_carea' id='block_1_15' title="bbox 382 1402 1968 1484">
    <p class='ocr_par' dir='ltr' id='par_1_15' title="bbox 382 1402 1968 1484">
     <span class='ocr_line' id='line_1_15' title="bbox 382 1402 1968 1484; baseline -0.021 2"><span class='ocrx_word' id='word_1_103' title='bbox 382 1413 455 1484; x_wconf 67' lang='grc' dir='ltr'><strong>μὴ</strong></span> <span class='ocrx_word' id='word_1_104' title='bbox 495 1411 748 1480; x_wconf 75' lang='grc' dir='ltr'>φέροντα.</span> <span class='ocrx_word' id='word_1_105' title='bbox 797 1411 971 1462; x_wconf 81' lang='grc' dir='ltr'>Τοῦτο</span> <span class='ocrx_word' id='word_1_106' title='bbox 1014 1407 1071 1463; x_wconf 82' lang='grc' dir='ltr'><strong>δέ</strong></span> <span class='ocrx_word' id='word_1_107' title='bbox 1128 1408 1356 1474; x_wconf 82' lang='grc' dir='ltr'>γέγονεν</span> <span class='ocrx_word' id='word_1_108' title='bbox 1412 1404 1500 1458; x_wconf 71' lang='grc' dir='ltr'>διὰ</span> <span class='ocrx_word' id='word_1_109' title='bbox 1554 1404 1616 1456; x_wconf 77' lang='grc' dir='ltr'><strong>τὸ</strong></span> <span class='ocrx_word' id='word_1_110' title='bbox 1658 1406 1739 1467; x_wconf 81' lang='grc' dir='ltr'>εἰς</span> <span class='ocrx_word' id='word_1_111' title='bbox 1771 1402 1968 1473; x_wconf 78' lang='grc' dir='ltr'>μέτρον</span> 
     </span>
    </p>
   </div>
   <div class='ocr_carea' id='block_1_16' title="bbox 374 1494 1966 1574">
    <p class='ocr_par' dir='ltr' id='par_1_16' title="bbox 374 1494 1966 1574">
     <span class='ocr_line' id='line_1_16' title="bbox 374 1494 1966 1574; baseline -0.009 -16"><span class='ocrx_word' id='word_1_112' title='bbox 374 1505 605 1574; x_wconf 65' lang='grc' dir='ltr'>φθάζειν</span> <span class='ocrx_word' id='word_1_113' title='bbox 635 1501 853 1572; x_wconf 82' lang='grc' dir='ltr'>ἡλικίας</span> <span class='ocrx_word' id='word_1_114' title='bbox 886 1500 990 1572; x_wconf 68' lang='grc' dir='ltr'>ήδη</span> <span class='ocrx_word' id='word_1_115' title='bbox 1036 1498 1419 1568; x_wconf 72' lang='grc' dir='ltr'>Θεοφύλακτον</span> <span class='ocrx_word' id='word_1_116' title='bbox 1444 1495 1537 1553; x_wconf 77' lang='grc' dir='ltr'>τὸν</span> <span class='ocrx_word' id='word_1_117' title='bbox 1565 1495 1661 1549; x_wconf 83' lang='grc' dir='ltr'><strong>τοῦ</strong></span> <span class='ocrx_word' id='word_1_118' title='bbox 1700 1494 1966 1565; x_wconf 83' lang='grc' dir='ltr'>βασιλέως</span> 
     </span>
    </p>
   </div>
   <div class='ocr_carea' id='block_1_17' title="bbox 385 1595 841 1667">
    <p class='ocr_par' dir='ltr' id='par_1_17' title="bbox 385 1595 841 1667">
     <span class='ocr_line' id='line_1_17' title="bbox 385 1595 841 1667; baseline -0.007 -16"><span class='ocrx_word' id='word_1_119' title='bbox 385 1595 676 1667; x_wconf 84' lang='grc' dir='ltr'>Ῥωμανοῦ</span> <span class='ocrx_word' id='word_1_120' title='bbox 707 1596 841 1648; x_wconf 83' lang='grc' dir='ltr'>υἱόν.</span> 
     </span>
    </p>
   </div>
   <div class='ocr_carea' id='block_1_18' title="bbox 2079 759 3679 833">
    <p class='ocr_par' dir='ltr' id='par_1_18' title="bbox 2079 759 3679 833">
     <span class='ocr_line' id='line_1_18' title="bbox 2079 759 3679 833; baseline 0.006 -20"><span class='ocrx_word' id='word_1_121' title='bbox 2079 759 2325 814; x_wconf 83' lang='lat' dir='ltr'><strong>scribere</strong></span> <span class='ocrx_word' id='word_1_122' title='bbox 2371 760 2621 815; x_wconf 89' lang='lat' dir='ltr'><strong>faciunt:</strong></span> <span class='ocrx_word' id='word_1_123' title='bbox 2669 761 2912 833; x_wconf 79' lang='lat' dir='ltr'><strong>Tryphon</strong></span> <span class='ocrx_word' id='word_1_124' title='bbox 2946 761 3043 817; x_wconf 84' lang='lat' dir='ltr'><strong>Dei</strong></span> <span class='ocrx_word' id='word_1_125' title='bbox 3086 766 3444 823; x_wconf 78' lang='lat' dir='ltr'><strong>misericordia</strong></span> <span class='ocrx_word' id='word_1_126' title='bbox 3489 784 3679 825; x_wconf 68' lang='lat' dir='ltr'><strong>moneo</strong></span> 
     </span>
    </p>
   </div>
   <div class='ocr_carea' id='block_1_19' title="bbox 2078 854 3679 929">
    <p class='ocr_par' dir='ltr' id='par_1_19' title="bbox 2078 854 3679 929">
     <span class='ocr_line' id='line_1_19' title="bbox 2078 854 3679 929; baseline 0.007 -23"><span class='ocrx_word' id='word_1_127' title='bbox 2078 854 2203 907; x_wconf 83' lang='lat' dir='ltr'><strong>chus</strong></span> <span class='ocrx_word' id='word_1_128' title='bbox 2243 861 2292 907; x_wconf 77' lang='lat' dir='ltr'><strong>et</strong></span> <span class='ocrx_word' id='word_1_129' title='bbox 2335 856 2667 924; x_wconf 78' lang='lat' dir='ltr'><strong>patriarcha,</strong></span> <span class='ocrx_word' id='word_1_130' title='bbox 2708 872 2826 926; x_wconf 66' lang='lat' dir='ltr'><strong>qua</strong></span> <span class='ocrx_word' id='word_1_131' title='bbox 2870 859 3179 927; x_wconf 74' lang='lat' dir='ltr'><strong>prwscripta</strong></span> <span class='ocrx_word' id='word_1_132' title='bbox 3220 869 3343 912; x_wconf 84' lang='lat' dir='ltr'><strong>sunt</strong></span> <span class='ocrx_word' id='word_1_133' title='bbox 3381 870 3537 929; x_wconf 84' lang='lat' dir='ltr'><strong>grata</strong></span> <span class='ocrx_word' id='word_1_134' title='bbox 3578 863 3679 917; x_wconf 81' lang='lat' dir='ltr'><strong>ha-</strong></span> 
     </span>
    </p>
   </div>
   <div class='ocr_carea' id='block_1_20' title="bbox 2079 943 3673 1021">
    <p class='ocr_par' dir='ltr' id='par_1_20' title="bbox 2079 943 3673 1021">
     <span class='ocr_line' id='line_1_20' title="bbox 2079 943 3673 1021; baseline 0.006 -24"><span class='ocrx_word' id='word_1_135' title='bbox 2079 943 2222 1009; x_wconf 84' lang='lat' dir='ltr'><strong>bens,</strong></span> <span class='ocrx_word' id='word_1_136' title='bbox 2270 947 2447 1015; x_wconf 72' lang='lat' dir='ltr'><strong>eisque</strong></span> <span class='ocrx_word' id='word_1_137' title='bbox 2500 962 2775 1001; x_wconf 85' lang='lat' dir='ltr'><strong>assensum</strong></span> <span class='ocrx_word' id='word_1_138' title='bbox 2802 948 3060 1017; x_wconf 71' lang='lat' dir='ltr'><strong>pra&#39;bens,</strong></span> <span class='ocrx_word' id='word_1_139' title='bbox 3092 965 3255 1001; x_wconf 86' lang='lat' dir='ltr'><strong>manu</strong></span> <span class='ocrx_word' id='word_1_140' title='bbox 3293 950 3510 1021; x_wconf 53' lang='lat' dir='ltr'><strong>propria</strong></span> <span class='ocrx_word' id='word_1_141' title='bbox 3540 952 3673 1006; x_wconf 82' lang='lat' dir='ltr'><strong>sub-</strong></span> 
     </span>
    </p>
   </div>
   <div class='ocr_carea' id='block_1_21' title="bbox 2078 1036 3673 1110">
    <p class='ocr_par' dir='ltr' id='par_1_21' title="bbox 2078 1036 3673 1110">
     <span class='ocr_line' id='line_1_21' title="bbox 2078 1036 3673 1110; baseline 0.006 -21"><span class='ocrx_word' id='word_1_142' title='bbox 2078 1038 2286 1105; x_wconf 76' lang='lat' dir='ltr'><strong>scripsi.</strong></span> <span class='ocrx_word' id='word_1_143' title='bbox 2351 1036 2565 1091; x_wconf 88' lang='lat' dir='ltr'><strong>Libello</strong></span> <span class='ocrx_word' id='word_1_144' title='bbox 2621 1047 2850 1107; x_wconf 88' lang='lat' dir='ltr'><strong>accepto</strong></span> <span class='ocrx_word' id='word_1_145' title='bbox 2896 1040 3270 1109; x_wconf 87' lang='lat' dir='ltr'><strong>patriarcham</strong></span> <span class='ocrx_word' id='word_1_146' title='bbox 3321 1042 3673 1110; x_wconf 82' lang='lat' dir='ltr'><strong>inaugurant.</strong></span> 
     </span>
    </p>
   </div>
   <div class='ocr_carea' id='block_1_22' title="bbox 2078 1126 3677 1198">
    <p class='ocr_par' dir='ltr' id='par_1_22' title="bbox 2078 1126 3677 1198">
     <span class='ocr_line' id='line_1_22' title="bbox 2078 1126 3677 1198; baseline 0.006 -17"><span class='ocrx_word' id='word_1_147' title='bbox 2078 1126 2219 1182; x_wconf 83' lang='lat' dir='ltr'><strong>Tum</strong></span> <span class='ocrx_word' id='word_1_148' title='bbox 2268 1128 2542 1198; x_wconf 85' lang='lat' dir='ltr'><strong>quidquid</strong></span> <span class='ocrx_word' id='word_1_149' title='bbox 2593 1130 2922 1196; x_wconf 78' lang='lat' dir='ltr'><strong>videbatur,</strong></span> <span class='ocrx_word' id='word_1_150' title='bbox 2981 1131 3037 1186; x_wconf 93' lang='lat' dir='ltr'><strong>in</strong></span> <span class='ocrx_word' id='word_1_151' title='bbox 3092 1132 3281 1191; x_wconf 90' lang='lat' dir='ltr'><strong>charta</strong></span> <span class='ocrx_word' id='word_1_152' title='bbox 3326 1148 3498 1188; x_wconf 84' lang='lat' dir='ltr'><strong>vacua</strong></span> <span class='ocrx_word' id='word_1_153' title='bbox 3549 1144 3677 1191; x_wconf 83' lang='lat' dir='ltr'><strong>ante</strong></span> 
     </span>
    </p>
   </div>
   <div class='ocr_carea' id='block_1_23' title="bbox 2079 1219 3678 1292">
    <p class='ocr_par' dir='ltr' id='par_1_23' title="bbox 2079 1219 3678 1292">
     <span class='ocr_line' id='line_1_23' title="bbox 2079 1219 3678 1292; baseline 0.006 -20"><span class='ocrx_word' id='word_1_154' title='bbox 2079 1219 2394 1291; x_wconf 82' lang='lat' dir='ltr'><strong>Tryphonis</strong></span> <span class='ocrx_word' id='word_1_155' title='bbox 2456 1223 2923 1292; x_wconf 80' lang='lat' dir='ltr'><strong>subscriptionem</strong></span> <span class='ocrx_word' id='word_1_156' title='bbox 2991 1233 3243 1279; x_wconf 81' lang='lat' dir='ltr'><strong>exarant.</strong></span> <span class='ocrx_word' id='word_1_157' title='bbox 3309 1224 3545 1291; x_wconf 75' lang='lat' dir='ltr'><strong>Postea,</strong></span> <span class='ocrx_word' id='word_1_158' title='bbox 3610 1241 3678 1281; x_wconf 83' lang='lat' dir='ltr'><strong>ac</strong></span> 
     </span>
    </p>
   </div>
   <div class='ocr_carea' id='block_1_24' title="bbox 2076 1310 3677 1382">
    <p class='ocr_par' dir='ltr' id='par_1_24' title="bbox 2076 1310 3677 1382">
     <span class='ocr_line' id='line_1_24' title="bbox 2076 1310 3677 1382; baseline 0.004 -18"><span class='ocrx_word' id='word_1_159' title='bbox 2076 1310 2171 1364; x_wconf 91' lang='lat' dir='ltr'><strong>ubi</strong></span> <span class='ocrx_word' id='word_1_160' title='bbox 2220 1312 2591 1381; x_wconf 73' lang='lat' dir='ltr'><strong>praestitutum</strong></span> <span class='ocrx_word' id='word_1_161' title='bbox 2648 1313 2726 1367; x_wconf 87' lang='lat' dir='ltr'><strong>illi</strong></span> <span class='ocrx_word' id='word_1_162' title='bbox 2786 1324 3004 1382; x_wconf 90' lang='lat' dir='ltr'><strong>tempus</strong></span> <span class='ocrx_word' id='word_1_163' title='bbox 3054 1314 3376 1376; x_wconf 80' lang='lat' dir='ltr'><strong>eﬂluxerat,</strong></span> <span class='ocrx_word' id='word_1_164' title='bbox 3441 1314 3677 1370; x_wconf 90' lang='lat' dir='ltr'><strong>invitum</strong></span> 
     </span>
    </p>
   </div>
   <div class='ocr_carea' id='block_1_25' title="bbox 2076 1404 3679 1475">
    <p class='ocr_par' dir='ltr' id='par_1_25' title="bbox 2076 1404 3679 1475">
     <span class='ocr_line' id='line_1_25' title="bbox 2076 1404 3679 1475; baseline 0.004 -19"><span class='ocrx_word' id='word_1_165' title='bbox 2076 1404 2453 1472; x_wconf 86' lang='lat' dir='ltr'><strong>patriarcham</strong></span> <span class='ocrx_word' id='word_1_166' title='bbox 2501 1405 2633 1460; x_wconf 81' lang='lat' dir='ltr'><strong>sede</strong></span> <span class='ocrx_word' id='word_1_167' title='bbox 2673 1405 3007 1471; x_wconf 83' lang='lat' dir='ltr'><strong>deturbant,</strong></span> <span class='ocrx_word' id='word_1_168' title='bbox 3061 1406 3301 1475; x_wconf 79' lang='lat' dir='ltr'><strong>propriae</strong></span> <span class='ocrx_word' id='word_1_169' title='bbox 3346 1416 3533 1463; x_wconf 85' lang='lat' dir='ltr'><strong>tamen</strong></span> <span class='ocrx_word' id='word_1_170' title='bbox 3585 1422 3679 1463; x_wconf 84' lang='lat' dir='ltr'><strong>ee—</strong></span> 
     </span>
    </p>
   </div>
   <div class='ocr_carea' id='block_1_26' title="bbox 2077 1493 3675 1569">
    <p class='ocr_par' dir='ltr' id='par_1_26' title="bbox 2077 1493 3675 1569">
     <span class='ocr_line' id='line_1_26' title="bbox 2077 1493 3675 1569; baseline 0.004 -21"><span class='ocrx_word' id='word_1_171' title='bbox 2077 1493 2300 1550; x_wconf 86' lang='lat' dir='ltr'><strong>dentem</strong></span> <span class='ocrx_word' id='word_1_172' title='bbox 2354 1498 2789 1569; x_wconf 88' lang='lat' dir='ltr'><strong>subscriptioni,</strong></span> <span class='ocrx_word' id='word_1_173' title='bbox 2851 1507 2909 1553; x_wconf 92' lang='lat' dir='ltr'><strong>et</strong></span> <span class='ocrx_word' id='word_1_174' title='bbox 2966 1513 3093 1552; x_wconf 93' lang='lat' dir='ltr'><strong>cum</strong></span> <span class='ocrx_word' id='word_1_175' title='bbox 3148 1498 3245 1553; x_wconf 91' lang='lat' dir='ltr'><strong>ille</strong></span> <span class='ocrx_word' id='word_1_176' title='bbox 3308 1499 3507 1554; x_wconf 78' lang='lat' dir='ltr'><strong>factam</strong></span> <span class='ocrx_word' id='word_1_177' title='bbox 3566 1499 3675 1554; x_wconf 87' lang='lat' dir='ltr'><strong>sibi</strong></span> 
     </span>
    </p>
   </div>
   <div class='ocr_carea' id='block_1_27' title="bbox 2080 1586 3670 1647">
    <p class='ocr_par' dir='ltr' id='par_1_27' title="bbox 2080 1586 3670 1647">
     <span class='ocr_line' id='line_1_27' title="bbox 2080 1586 3670 1647; baseline 0.004 -7"><span class='ocrx_word' id='word_1_178' title='bbox 2080 1586 2330 1643; x_wconf 86' lang='lat' dir='ltr'><strong>fraudem</strong></span> <span class='ocrx_word' id='word_1_179' title='bbox 2383 1590 2616 1645; x_wconf 87' lang='lat' dir='ltr'><strong>moleste</strong></span> <span class='ocrx_word' id='word_1_180' title='bbox 2675 1590 2863 1646; x_wconf 88' lang='lat' dir='ltr'><strong>ferret.</strong></span> <span class='ocrx_word' id='word_1_181' title='bbox 2920 1591 3054 1647; x_wconf 89' lang='lat' dir='ltr'><strong>Inde</strong></span> <span class='ocrx_word' id='word_1_182' title='bbox 3101 1608 3237 1647; x_wconf 88' lang='lat' dir='ltr'><strong>vero</strong></span> <span class='ocrx_word' id='word_1_183' title='bbox 3296 1599 3407 1647; x_wconf 87' lang='lat' dir='ltr'><strong>tota</strong></span> <span class='ocrx_word' id='word_1_184' title='bbox 3464 1593 3670 1647; x_wconf 84' lang='lat' dir='ltr'><strong>instru-</strong></span> 
     </span>
    </p>
   </div>
   <div class='ocr_carea' id='block_1_28' title="bbox 375 1676 3676 1760">
    <p class='ocr_par' dir='ltr' id='par_1_28' title="bbox 375 1676 3676 1760">
     <span class='ocr_line' id='line_1_28' title="bbox 375 1676 3676 1760; baseline -0.002 -13"><span class='ocrx_word' id='word_1_185' title='bbox 375 1702 463 1748; x_wconf 83' lang='lat' dir='ltr'><strong>cta</strong></span> <span class='ocrx_word' id='word_1_186' title='bbox 492 1692 661 1755; x_wconf 88' lang='lat' dir='ltr'><strong>fraus,</strong></span> <span class='ocrx_word' id='word_1_187' title='bbox 689 1686 836 1760; x_wconf 87' lang='lat' dir='ltr'><strong>quod</strong></span> <span class='ocrx_word' id='word_1_188' title='bbox 867 1683 1313 1755; x_wconf 80' lang='lat' dir='ltr'><strong>Theophylactus</strong></span> <span class='ocrx_word' id='word_1_189' title='bbox 1342 1684 1578 1739; x_wconf 79' lang='lat' dir='ltr'><strong>Romani</strong></span> <span class='ocrx_word' id='word_1_190' title='bbox 1619 1677 1978 1753; x_wconf 83' lang='lat' dir='ltr'><strong>imperatoris</strong></span> <span class='ocrx_word' id='word_1_191' title='bbox 2007 1676 2154 1733; x_wconf 87' lang='lat' dir='ltr'><strong>filius</strong></span> <span class='ocrx_word' id='word_1_192' title='bbox 2192 1680 2372 1735; x_wconf 82' lang='lat' dir='ltr'><strong>aetatis</strong></span> <span class='ocrx_word' id='word_1_193' title='bbox 2406 1683 2517 1753; x_wconf 88' lang='lat' dir='ltr'><strong>jam</strong></span> <span class='ocrx_word' id='word_1_194' title='bbox 2548 1680 2798 1747; x_wconf 87' lang='lat' dir='ltr'><strong>modum,</strong></span> <span class='ocrx_word' id='word_1_195' title='bbox 2834 1690 2890 1736; x_wconf 89' lang='lat' dir='ltr'><strong>et</strong></span> <span class='ocrx_word' id='word_1_196' title='bbox 2921 1690 2982 1736; x_wconf 92' lang='lat' dir='ltr'><strong>ut</strong></span> <span class='ocrx_word' id='word_1_197' title='bbox 3044 1682 3358 1738; x_wconf 86' lang='lat' dir='ltr'><strong>sacerdotio</strong></span> <span class='ocrx_word' id='word_1_198' title='bbox 3418 1694 3676 1741; x_wconf 83' lang='lat' dir='ltr'><strong>maturus</strong></span> 
     </span>
    </p>
   </div>
   <div class='ocr_carea' id='block_1_29' title="bbox 383 1784 1037 1854">
    <p class='ocr_par' dir='ltr' id='par_1_29' title="bbox 383 1784 1037 1854">
     <span class='ocr_line' id='line_1_29' title="bbox 383 1784 1037 1854; baseline -0.011 -11"><span class='ocrx_word' id='word_1_199' title='bbox 383 1786 680 1850; x_wconf 74' lang='lat' dir='ltr'><strong>rideretur,</strong></span> <span class='ocrx_word' id='word_1_200' title='bbox 714 1784 1037 1854; x_wconf 77' lang='lat' dir='ltr'><strong>attingeret.</strong></span> 
     </span>
    </p>
   </div>
   <div class='ocr_carea' id='block_1_30' title="bbox 448 1858 1963 1954">
    <p class='ocr_par' dir='ltr' id='par_1_30' title="bbox 448 1870 1960 1954">
     <span class='ocr_line' id='line_1_30' title="bbox 448 1870 1960 1954; baseline -0.007 -19"><span class='ocrx_word' id='word_1_201' title='bbox 448 1879 534 1954; x_wconf 81' lang='grc' dir='ltr'><strong>[Ρ.</strong></span> <span class='ocrx_word' id='word_1_202' title='bbox 560 1876 684 1950; x_wconf 73' lang='grc'><strong>488]</strong></span> <span class='ocrx_word' id='word_1_203' title='bbox 707 1876 808 1947; x_wconf 82' lang='grc' dir='ltr'>λη’.</span> <span class='ocrx_word' id='word_1_204' title='bbox 830 1878 909 1946; x_wconf 80' lang='grc' dir='ltr'><strong>Τῇ</strong></span> <span class='ocrx_word' id='word_1_205' title='bbox 927 1874 985 1927; x_wconf 77' lang='grc' dir='ltr'>δὲ</span> <span class='ocrx_word' id='word_1_206' title='bbox 1002 1870 1080 1927; x_wconf 85' lang='grc' dir='ltr'>κε’</span> <span class='ocrx_word' id='word_1_207' title='bbox 1103 1872 1197 1927; x_wconf 76' lang='grc' dir='ltr'>τοῦ</span> <span class='ocrx_word' id='word_1_208' title='bbox 1216 1873 1381 1928; x_wconf 78' lang='grc' dir='ltr'>αὑτοῦ</span> <span class='ocrx_word' id='word_1_209' title='bbox 1412 1874 1583 1946; x_wconf 76' lang='grc' dir='ltr'>μηνὸς</span> <span class='ocrx_word' id='word_1_210' title='bbox 1599 1870 1810 1945; x_wconf 84' lang='grc' dir='ltr'>χειμὼν</span> <span class='ocrx_word' id='word_1_211' title='bbox 1830 1870 1960 1940; x_wconf 64' lang='grc' dir='ltr'>ἀφόρ</span> 
     </span>
    </p>
   </div>
   <div class='ocr_carea' id='block_1_31' title="bbox 2068 1858 3675 1954">
    <p class='ocr_par' dir='ltr' id='par_1_31' title="bbox 2133 1858 3675 1931">
     <span class='ocr_line' id='line_1_31' title="bbox 2133 1858 3675 1931; baseline -0.001 -14"><span class='ocrx_word' id='word_1_212' title='bbox 2133 1862 2223 1917; x_wconf 76' lang='lat'><strong>&#39;58.</strong></span> <span class='ocrx_word' id='word_1_213' title='bbox 2271 1858 2530 1929; x_wconf 81' lang='lat' dir='ltr'><strong>Ejusdem</strong></span> <span class='ocrx_word' id='word_1_214' title='bbox 2586 1858 2795 1914; x_wconf 88' lang='lat' dir='ltr'><strong>mensis</strong></span> <span class='ocrx_word' id='word_1_215' title='bbox 2835 1859 2926 1915; x_wconf 88' lang='lat' dir='ltr'><strong>die</strong></span> <span class='ocrx_word' id='word_1_216' title='bbox 2965 1859 3234 1931; x_wconf 85' lang='lat' dir='ltr'><strong>vigesima</strong></span> <span class='ocrx_word' id='word_1_217' title='bbox 3288 1861 3486 1931; x_wconf 88' lang='lat' dir='ltr'><strong>quinta</strong></span> <span class='ocrx_word' id='word_1_218' title='bbox 3532 1862 3675 1916; x_wconf 58' lang='lat' dir='ltr'><strong>adeo</strong></span> 
     </span>
    </p>
   </div>
   <div class='ocr_carea' id='block_1_32' title="bbox 376 1964 1967 2044">
    <p class='ocr_par' dir='ltr' id='par_1_32' title="bbox 376 1964 1967 2044">
     <span class='ocr_line' id='line_1_32' title="bbox 376 1964 1967 2044; baseline -0.004 -19"><span class='ocrx_word' id='word_1_219' title='bbox 376 1989 543 2044; x_wconf 79' lang='grc' dir='ltr'>ρητος</span> <span class='ocrx_word' id='word_1_220' title='bbox 562 1971 809 2040; x_wconf 87' lang='grc' dir='ltr'>γέγονεν,</span> <span class='ocrx_word' id='word_1_221' title='bbox 839 1968 913 2031; x_wconf 85' lang='grc' dir='ltr'>ὡς</span> <span class='ocrx_word' id='word_1_222' title='bbox 939 1966 1423 2039; x_wconf 82' lang='grc' dir='ltr'>κρυσταλλωθῆναι</span> <span class='ocrx_word' id='word_1_223' title='bbox 1452 1967 1553 2036; x_wconf 77' lang='grc' dir='ltr'>τὴν</span> <span class='ocrx_word' id='word_1_224' title='bbox 1582 1967 1689 2037; x_wconf 81' lang='grc' dir='ltr'>γῆν</span> <span class='ocrx_word' id='word_1_225' title='bbox 1717 1966 1810 2019; x_wconf 73' lang='grc' dir='ltr'>ἐπὶ</span> <span class='ocrx_word' id='word_1_226' title='bbox 1835 1964 1967 2036; x_wconf 82' lang='grc' dir='ltr'>ἡμέ-</span> 
     </span>
    </p>
   </div>
   <div class='ocr_carea' id='block_1_33' title="bbox 377 2062 1965 2140">
    <p class='ocr_par' dir='ltr' id='par_1_33' title="bbox 377 2062 1965 2140">
     <span class='ocr_line' id='line_1_33' title="bbox 377 2062 1965 2140; baseline -0.004 -21"><span class='ocrx_word' id='word_1_227' title='bbox 377 2084 479 2140; x_wconf 84' lang='grc' dir='ltr'><strong>ρας</strong></span> <span class='ocrx_word' id='word_1_228' title='bbox 517 2063 620 2137; x_wconf 87' lang='grc' dir='ltr'>ρκ’.</span> <span class='ocrx_word' id='word_1_229' title='bbox 659 2064 825 2118; x_wconf 86' lang='grc' dir='ltr'>Ὀθεν</span> <span class='ocrx_word' id='word_1_230' title='bbox 849 2065 945 2119; x_wconf 77' lang='grc' dir='ltr'>καὶ</span> <span class='ocrx_word' id='word_1_231' title='bbox 978 2064 1171 2133; x_wconf 85' lang='grc' dir='ltr'>γέγονε</span> <span class='ocrx_word' id='word_1_232' title='bbox 1200 2064 1374 2135; x_wconf 83' lang='grc' dir='ltr'><strong>μέγας</strong></span> <span class='ocrx_word' id='word_1_233' title='bbox 1404 2062 1585 2133; x_wconf 80' lang='grc' dir='ltr'>λιμὸς,</span> <span class='ocrx_word' id='word_1_234' title='bbox 1612 2063 1708 2116; x_wconf 70' lang='grc' dir='ltr'><strong>καὶ</strong></span> <span class='ocrx_word' id='word_1_235' title='bbox 1734 2062 1965 2123; x_wconf 81' lang='grc' dir='ltr'><strong>Θάνατος</strong></span> 
     </span>
    </p>
   </div>
   <div class='ocr_carea' id='block_1_34' title="bbox 373 2154 1957 2228">
    <p class='ocr_par' dir='ltr' id='par_1_34' title="bbox 373 2154 1957 2228">
     <span class='ocr_line' id='line_1_34' title="bbox 373 2154 1957 2228; baseline -0.005 -14"><span class='ocrx_word' id='word_1_236' title='bbox 373 2162 441 2214; x_wconf 87' lang='grc' dir='ltr'><strong>ἐκ</strong></span> <span class='ocrx_word' id='word_1_237' title='bbox 460 2160 651 2213; x_wconf 84' lang='grc' dir='ltr'>τούτου</span> <span class='ocrx_word' id='word_1_238' title='bbox 676 2156 864 2223; x_wconf 74' lang='grc' dir='ltr'>πολὺς,</span> <span class='ocrx_word' id='word_1_239' title='bbox 883 2158 960 2221; x_wconf 86' lang='grc' dir='ltr'>ὡς</span> <span class='ocrx_word' id='word_1_240' title='bbox 995 2158 1070 2228; x_wconf 81' lang='grc' dir='ltr'>μὴ</span> <span class='ocrx_word' id='word_1_241' title='bbox 1092 2157 1351 2211; x_wconf 85' lang='grc' dir='ltr'>δύνασθαι</span> <span class='ocrx_word' id='word_1_242' title='bbox 1369 2157 1495 2219; x_wconf 81' lang='grc' dir='ltr'>τοὺς</span> <span class='ocrx_word' id='word_1_243' title='bbox 1510 2155 1721 2221; x_wconf 77' lang='grc' dir='ltr'>ζῶντας</span> <span class='ocrx_word' id='word_1_244' title='bbox 1739 2154 1957 2223; x_wconf 81' lang='grc' dir='ltr'>ἐκκομί-</span> 
     </span>
    </p>
   </div>
   <div class='ocr_carea' id='block_1_35' title="bbox 374 2246 1963 2319">
    <p class='ocr_par' dir='ltr' id='par_1_35' title="bbox 374 2246 1963 2319">
     <span class='ocr_line' id='line_1_35' title="bbox 374 2246 1963 2319; baseline -0.004 -14"><span class='ocrx_word' id='word_1_245' title='bbox 374 2255 491 2317; x_wconf 84' lang='grc' dir='ltr'>ζειν</span> <span class='ocrx_word' id='word_1_246' title='bbox 513 2252 637 2316; x_wconf 83' lang='grc' dir='ltr'>τοὺς</span> <span class='ocrx_word' id='word_1_247' title='bbox 670 2250 993 2313; x_wconf 80' lang='grc' dir='ltr'>τεθνεῶτας.</span> <span class='ocrx_word' id='word_1_248' title='bbox 1036 2250 1202 2304; x_wconf 84' lang='grc' dir='ltr'>Ὅθεν</span> <span class='ocrx_word' id='word_1_249' title='bbox 1241 2250 1495 2317; x_wconf 79' lang='grc' dir='ltr'>βασιλεὺς</span> <span class='ocrx_word' id='word_1_250' title='bbox 1529 2246 1839 2319; x_wconf 78' lang='grc' dir='ltr'>Ῥωμανδς,</span> <span class='ocrx_word' id='word_1_251' title='bbox 1863 2246 1963 2317; x_wconf 73' lang='grc' dir='ltr'><strong>τὴν</strong></span> 
     </span>
    </p>
   </div>
   <div class='ocr_carea' id='block_1_36' title="bbox 372 2340 1965 2414">
    <p class='ocr_par' dir='ltr' id='par_1_36' title="bbox 372 2340 1965 2414">
     <span class='ocr_line' id='line_1_36' title="bbox 372 2340 1965 2414; baseline -0.004 -17"><span class='ocrx_word' id='word_1_252' title='bbox 372 2342 655 2414; x_wconf 77' lang='grc' dir='ltr'>ἀφόρητον</span> <span class='ocrx_word' id='word_1_253' title='bbox 688 2341 910 2413; x_wconf 85' lang='grc' dir='ltr'>ἐκείνην</span> <span class='ocrx_word' id='word_1_254' title='bbox 942 2340 1067 2414; x_wconf 81' lang='grc' dir='ltr'>βίαν</span> <span class='ocrx_word' id='word_1_255' title='bbox 1095 2342 1191 2395; x_wconf 83' lang='grc' dir='ltr'><strong>τοῦ</strong></span> <span class='ocrx_word' id='word_1_256' title='bbox 1224 2341 1436 2412; x_wconf 73' lang='grc' dir='ltr'>ψύχους</span> <span class='ocrx_word' id='word_1_257' title='bbox 1480 2342 1846 2411; x_wconf 80' lang='grc' dir='ltr'>κατανοήσας,</span> <span class='ocrx_word' id='word_1_258' title='bbox 1870 2340 1965 2413; x_wconf 76' lang='grc' dir='ltr'><strong>καὶ</strong></span> 
     </span>
    </p>
   </div>
   <div class='ocr_carea' id='block_1_37' title="bbox 373 2432 1964 2510">
    <p class='ocr_par' dir='ltr' id='par_1_37' title="bbox 373 2432 1964 2510">
     <span class='ocr_line' id='line_1_37' title="bbox 373 2432 1964 2510; baseline -0.004 -18"><span class='ocrx_word' id='word_1_259' title='bbox 373 2439 478 2510; x_wconf 76' lang='grc' dir='ltr'>τὴν</span> <span class='ocrx_word' id='word_1_260' title='bbox 516 2436 611 2492; x_wconf 82' lang='grc' dir='ltr'>τοῦ</span> <span class='ocrx_word' id='word_1_261' title='bbox 634 2436 797 2508; x_wconf 79' lang='grc' dir='ltr'>λιμοῦ</span> <span class='ocrx_word' id='word_1_262' title='bbox 849 2436 1394 2508; x_wconf 82' lang='grc' dir='ltr'>παραμυθησόμενος</span> <span class='ocrx_word' id='word_1_263' title='bbox 1433 2435 1662 2499; x_wconf 72' lang='grc' dir='ltr'>ἔνδειαν,</span> <span class='ocrx_word' id='word_1_264' title='bbox 1692 2432 1964 2503; x_wconf 80' lang='grc' dir='ltr'>ἀνέφραξέ</span> 
     </span>
    </p>
   </div>
   <div class='ocr_carea' id='block_1_38' title="bbox 370 2523 1962 2602">
    <p class='ocr_par' dir='ltr' id='par_1_38' title="bbox 370 2523 1962 2602">
     <span class='ocr_line' id='line_1_38' title="bbox 370 2523 1962 2602; baseline -0.008 -14"><span class='ocrx_word' id='word_1_265' title='bbox 370 2548 435 2588; x_wconf 77' lang='grc' dir='ltr'><strong>τε</strong></span> <span class='ocrx_word' id='word_1_266' title='bbox 464 2531 647 2602; x_wconf 83' lang='grc' dir='ltr'>θυρίσι</span> <span class='ocrx_word' id='word_1_267' title='bbox 684 2531 780 2584; x_wconf 68' lang='grc' dir='ltr'><strong>καὶ</strong></span> <span class='ocrx_word' id='word_1_268' title='bbox 826 2529 1166 2600; x_wconf 85' lang='grc' dir='ltr'>σανιδὼμασι</span> <span class='ocrx_word' id='word_1_269' title='bbox 1195 2529 1296 2593; x_wconf 84' lang='grc' dir='ltr'>τὰς</span> <span class='ocrx_word' id='word_1_270' title='bbox 1321 2528 1429 2583; x_wconf 79' lang='grc' dir='ltr'><strong>τῶν</strong></span> <span class='ocrx_word' id='word_1_271' title='bbox 1479 2526 1727 2598; x_wconf 87' lang='grc' dir='ltr'>ἐμϐόλων</span> <span class='ocrx_word' id='word_1_272' title='bbox 1776 2523 1962 2589; x_wconf 72' lang='grc' dir='ltr'>στοὰς,</span> 
     </span>
    </p>
   </div>
   <div class='ocr_carea' id='block_1_39' title="bbox 372 2618 1964 2698">
    <p class='ocr_par' dir='ltr' id='par_1_39' title="bbox 372 2618 1964 2698">
     <span class='ocr_line' id='line_1_39' title="bbox 372 2618 1964 2698; baseline -0.006 -19"><span class='ocrx_word' id='word_1_273' title='bbox 372 2628 447 2691; x_wconf 84' lang='grc' dir='ltr'><strong>ὡς</strong></span> <span class='ocrx_word' id='word_1_274' title='bbox 479 2626 555 2698; x_wconf 77' lang='grc' dir='ltr'>μὴ</span> <span class='ocrx_word' id='word_1_275' title='bbox 593 2625 693 2697; x_wconf 78' lang='grc' dir='ltr'><strong>τὴν</strong></span> <span class='ocrx_word' id='word_1_276' title='bbox 742 2624 899 2696; x_wconf 88' lang='grc' dir='ltr'>χιόνα</span> <span class='ocrx_word' id='word_1_277' title='bbox 934 2624 1030 2678; x_wconf 80' lang='grc' dir='ltr'><strong>καὶ</strong></span> <span class='ocrx_word' id='word_1_278' title='bbox 1068 2623 1130 2676; x_wconf 87' lang='grc' dir='ltr'><strong>τδ</strong></span> <span class='ocrx_word' id='word_1_279' title='bbox 1182 2621 1357 2692; x_wconf 73' lang='grc' dir='ltr'>ψῦχος</span> <span class='ocrx_word' id='word_1_280' title='bbox 1409 2620 1624 2674; x_wconf 82' lang='grc' dir='ltr'>ἐκεῖθεν</span> <span class='ocrx_word' id='word_1_281' title='bbox 1659 2618 1964 2672; x_wconf 71' lang='grc' dir='ltr'>ἐπεισιέναι</span> 
     </span>
    </p>
   </div>
   <div class='ocr_carea' id='block_1_40' title="bbox 372 2710 1967 2786">
    <p class='ocr_par' dir='ltr' id='par_1_40' title="bbox 372 2710 1967 2786">
     <span class='ocr_line' id='line_1_40' title="bbox 372 2710 1967 2786; baseline -0.004 -17"><span class='ocrx_word' id='word_1_282' title='bbox 372 2719 484 2780; x_wconf 80' lang='grc' dir='ltr'>τοῖς</span> <span class='ocrx_word' id='word_1_283' title='bbox 516 2724 732 2786; x_wconf 78' lang='grc' dir='ltr'>πένησι,</span> <span class='ocrx_word' id='word_1_284' title='bbox 762 2715 855 2768; x_wconf 73' lang='grc' dir='ltr'><strong>καὶ</strong></span> <span class='ocrx_word' id='word_1_285' title='bbox 894 2714 1102 2785; x_wconf 80' lang='grc' dir='ltr'>ἄρκλας</span> <span class='ocrx_word' id='word_1_286' title='bbox 1136 2714 1195 2766; x_wconf 89' lang='grc' dir='ltr'><strong>ἐν</strong></span> <span class='ocrx_word' id='word_1_287' title='bbox 1229 2715 1363 2766; x_wconf 81' lang='grc' dir='ltr'>πᾶσι</span> <span class='ocrx_word' id='word_1_288' title='bbox 1404 2715 1516 2775; x_wconf 80' lang='grc' dir='ltr'>τοῖς</span> <span class='ocrx_word' id='word_1_289' title='bbox 1548 2710 1801 2781; x_wconf 77' lang='grc' dir='ltr'>ἐμϐόλοις</span> <span class='ocrx_word' id='word_1_290' title='bbox 1831 2725 1967 2763; x_wconf 84' lang='grc' dir='ltr'>κατ·</span> 
     </span>
    </p>
   </div>
   <div class='ocr_carea' id='block_1_41' title="bbox 374 2802 1963 2880">
    <p class='ocr_par' dir='ltr' id='par_1_41' title="bbox 374 2802 1963 2880">
     <span class='ocr_line' id='line_1_41' title="bbox 374 2802 1963 2880; baseline -0.006 -15"><span class='ocrx_word' id='word_1_291' title='bbox 374 2810 670 2865; x_wconf 75' lang='grc' dir='ltr'>εσκεύασεν</span> <span class='ocrx_word' id='word_1_292' title='bbox 688 2854 700 2866; x_wconf 95' lang='grc'><strong>.</strong></span> <span class='ocrx_word' id='word_1_293' title='bbox 779 2809 1046 2880; x_wconf 84' lang='grc' dir='ltr'>Ἀργύριὰ</span> <span class='ocrx_word' id='word_1_294' title='bbox 1073 2823 1131 2862; x_wconf 81' lang='grc' dir='ltr'><strong>τε</strong></span> <span class='ocrx_word' id='word_1_295' title='bbox 1164 2808 1304 2860; x_wconf 83' lang='grc' dir='ltr'><strong>κατά</strong></span> <span class='ocrx_word' id='word_1_296' title='bbox 1336 2806 1482 2875; x_wconf 83' lang='grc' dir='ltr'>μῆνα</span> <span class='ocrx_word' id='word_1_297' title='bbox 1510 2806 1622 2867; x_wconf 84' lang='grc' dir='ltr'>τοῖς</span> <span class='ocrx_word' id='word_1_298' title='bbox 1652 2806 1710 2856; x_wconf 86' lang='grc' dir='ltr'><strong>ἐν</strong></span> <span class='ocrx_word' id='word_1_299' title='bbox 1736 2802 1963 2866; x_wconf 83' lang='grc' dir='ltr'>ταύταις</span> 
     </span>
    </p>
   </div>
   <div class='ocr_carea' id='block_1_42' title="bbox 375 2893 1965 2972">
    <p class='ocr_par' dir='ltr' id='par_1_42' title="bbox 375 2893 1965 2972">
     <span class='ocr_line' id='line_1_42' title="bbox 375 2893 1965 2972; baseline -0.006 -15"><span class='ocrx_word' id='word_1_300' title='bbox 375 2903 799 2972; x_wconf 82' lang='grc' dir='ltr'>κατακειμένοις</span> <span class='ocrx_word' id='word_1_301' title='bbox 868 2903 1065 2968; x_wconf 83' lang='grc' dir='ltr'>πένησι</span> <span class='ocrx_word' id='word_1_302' title='bbox 1120 2900 1359 2953; x_wconf 82' lang='grc' dir='ltr'>δίδοσθαι</span> <span class='ocrx_word' id='word_1_303' title='bbox 1408 2896 1714 2961; x_wconf 84' lang='grc' dir='ltr'>διετάξατο,</span> <span class='ocrx_word' id='word_1_304' title='bbox 1762 2893 1965 2949; x_wconf 76' lang='grc' dir='ltr'>καὶτὰ</span> 
     </span>
    </p>
   </div>
   <div class='ocr_carea' id='block_1_43' title="bbox 376 2984 1965 3065">
    <p class='ocr_par' dir='ltr' id='par_1_43' title="bbox 376 2984 1965 3065">
     <span class='ocr_line' id='line_1_43' title="bbox 376 2984 1965 3065; baseline -0.007 -18"><span class='ocrx_word' id='word_1_305' title='bbox 376 2998 607 3065; x_wconf 83' lang='grc' dir='ltr'>μηνιαία</span> <span class='ocrx_word' id='word_1_306' title='bbox 634 2993 905 3063; x_wconf 83' lang='grc' dir='ltr'>τριμήσια</span> <span class='ocrx_word' id='word_1_307' title='bbox 929 2994 1042 3055; x_wconf 82' lang='grc' dir='ltr'>τοῖς</span> <span class='ocrx_word' id='word_1_308' title='bbox 1070 2994 1125 3044; x_wconf 85' lang='grc' dir='ltr'><strong>ἐν</strong></span> <span class='ocrx_word' id='word_1_309' title='bbox 1144 2992 1264 3052; x_wconf 86' lang='grc' dir='ltr'>ταῖς</span> <span class='ocrx_word' id='word_1_310' title='bbox 1283 2987 1607 3059; x_wconf 80' lang='grc' dir='ltr'>ἐκκλησίαις</span> <span class='ocrx_word' id='word_1_311' title='bbox 1640 2987 1835 3054; x_wconf 83' lang='grc' dir='ltr'>πένησι</span> <span class='ocrx_word' id='word_1_312' title='bbox 1852 2984 1965 3037; x_wconf 85' lang='grc' dir='ltr'>δια-</span> 
     </span>
    </p>
   </div>
   <div class='ocr_carea' id='block_1_44' title="bbox 374 3076 1965 3157">
    <p class='ocr_par' dir='ltr' id='par_1_44' title="bbox 374 3076 1965 3157">
     <span class='ocr_line' id='line_1_44' title="bbox 374 3076 1965 3157; baseline -0.004 -19"><span class='ocrx_word' id='word_1_313' title='bbox 374 3086 658 3157; x_wconf 80' lang='grc' dir='ltr'>νέμεσθαι,</span> <span class='ocrx_word' id='word_1_314' title='bbox 700 3085 776 3147; x_wconf 82' lang='grc' dir='ltr'><strong>ὡς</strong></span> <span class='ocrx_word' id='word_1_315' title='bbox 823 3080 966 3137; x_wconf 68' lang='grc' dir='ltr'>εἶναι</span> <span class='ocrx_word' id='word_1_316' title='bbox 1014 3083 1081 3137; x_wconf 85' lang='grc' dir='ltr'>τὰ</span> <span class='ocrx_word' id='word_1_317' title='bbox 1109 3082 1369 3150; x_wconf 85' lang='grc' dir='ltr'>διδόμενα</span> <span class='ocrx_word' id='word_1_318' title='bbox 1396 3080 1530 3133; x_wconf 76' lang='grc' dir='ltr'>καθ’</span> <span class='ocrx_word' id='word_1_319' title='bbox 1553 3078 1785 3132; x_wconf 75' lang='grc' dir='ltr'>ἕκαστον</span> <span class='ocrx_word' id='word_1_320' title='bbox 1817 3076 1965 3145; x_wconf 80' lang='grc' dir='ltr'>μῆνα</span> 
     </span>
    </p>
   </div>
   <div class='ocr_carea' id='block_1_45' title="bbox 371 3167 1963 3247">
    <p class='ocr_par' dir='ltr' id='par_1_45' title="bbox 371 3167 1963 3247">
     <span class='ocr_line' id='line_1_45' title="bbox 371 3167 1963 3247; baseline -0.007 -17"><span class='ocrx_word' id='word_1_321' title='bbox 371 3178 637 3247; x_wconf 77' lang='grc' dir='ltr'>ἀργυρίου</span> <span class='ocrx_word' id='word_1_322' title='bbox 675 3174 1165 3246; x_wconf 75' lang='grc' dir='ltr'>ἐγκεχαραγμένου</span> <span class='ocrx_word' id='word_1_323' title='bbox 1201 3172 1446 3243; x_wconf 79' lang='grc' dir='ltr'>χιλιάδας</span> <span class='ocrx_word' id='word_1_324' title='bbox 1481 3169 1563 3240; x_wconf 81' lang='grc' dir='ltr'>ιβ’.</span> <span class='ocrx_word' id='word_1_325' title='bbox 1601 3171 1762 3239; x_wconf 81' lang='grc' dir='ltr'>Τρεῖς</span> <span class='ocrx_word' id='word_1_326' title='bbox 1788 3168 1844 3221; x_wconf 85' lang='grc' dir='ltr'>δὲ</span> <span class='ocrx_word' id='word_1_327' title='bbox 1866 3167 1963 3222; x_wconf 86' lang='grc' dir='ltr'>αὺ-</span> 
     </span>
    </p>
   </div>
   <div class='ocr_carea' id='block_1_46' title="bbox 370 3262 1962 3340">
    <p class='ocr_par' dir='ltr' id='par_1_46' title="bbox 370 3262 1962 3340">
     <span class='ocr_line' id='line_1_46' title="bbox 370 3262 1962 3340; baseline -0.004 -19"><span class='ocrx_word' id='word_1_328' title='bbox 370 3268 451 3340; x_wconf 85' lang='grc' dir='ltr'>τῷ</span> <span class='ocrx_word' id='word_1_329' title='bbox 480 3269 711 3340; x_wconf 83' lang='grc' dir='ltr'>πένητες</span> <span class='ocrx_word' id='word_1_330' title='bbox 756 3267 883 3320; x_wconf 83' lang='grc' dir='ltr'>καθ’</span> <span class='ocrx_word' id='word_1_331' title='bbox 938 3267 1177 3335; x_wconf 84' lang='grc' dir='ltr'>ἐκάστην</span> <span class='ocrx_word' id='word_1_332' title='bbox 1232 3263 1542 3334; x_wconf 81' lang='grc' dir='ltr'>συνήσθιον,</span> <span class='ocrx_word' id='word_1_333' title='bbox 1592 3262 1962 3331; x_wconf 78' lang='grc' dir='ltr'>λαμϐάνοντες</span> 
     </span>
    </p>
   </div>
   <div class='ocr_carea' id='block_1_47' title="bbox 371 3353 1962 3428">
    <p class='ocr_par' dir='ltr' id='par_1_47' title="bbox 371 3353 1962 3428">
     <span class='ocr_line' id='line_1_47' title="bbox 371 3353 1962 3428; baseline -0.005 -15"><span class='ocrx_word' id='word_1_334' title='bbox 371 3358 477 3414; x_wconf 77' lang='grc' dir='ltr'><strong>ἀνὰ</strong></span> <span class='ocrx_word' id='word_1_335' title='bbox 520 3357 858 3428; x_wconf 83' lang='grc' dir='ltr'>νομίσματος</span> <span class='ocrx_word' id='word_1_336' title='bbox 884 3357 1021 3419; x_wconf 80' lang='grc' dir='ltr'>ἑνός.</span> <span class='ocrx_word' id='word_1_337' title='bbox 1064 3354 1148 3426; x_wconf 80' lang='grc' dir='ltr'><strong>Τῇ</strong></span> <span class='ocrx_word' id='word_1_338' title='bbox 1184 3355 1240 3408; x_wconf 82' lang='grc' dir='ltr'>δὲ</span> <span class='ocrx_word' id='word_1_339' title='bbox 1279 3354 1496 3424; x_wconf 85' lang='grc' dir='ltr'>τετράδι</span> <span class='ocrx_word' id='word_1_340' title='bbox 1538 3353 1632 3406; x_wconf 69' lang='grc' dir='ltr'><strong>καὶ</strong></span> <span class='ocrx_word' id='word_1_341' title='bbox 1672 3354 1736 3422; x_wconf 84' lang='grc' dir='ltr'>τῇ</span> <span class='ocrx_word' id='word_1_342' title='bbox 1779 3367 1962 3420; x_wconf 85' lang='grc' dir='ltr'>παρα·</span> 
     </span>
    </p>
   </div>
   <div class='ocr_carea' id='block_1_48' title="bbox 373 3441 1964 3517">
    <p class='ocr_par' dir='ltr' id='par_1_48' title="bbox 373 3441 1964 3517">
     <span class='ocr_line' id='line_1_48' title="bbox 373 3441 1964 3517; baseline -0.004 -18"><span class='ocrx_word' id='word_1_343' title='bbox 373 3448 542 3517; x_wconf 80' lang='grc' dir='ltr'>σκευῇ</span> <span class='ocrx_word' id='word_1_344' title='bbox 585 3447 809 3515; x_wconf 67' lang='grc' dir='ltr'>μοναχοὶ</span> <span class='ocrx_word' id='word_1_345' title='bbox 839 3446 1062 3514; x_wconf 77' lang='grc' dir='ltr'>ὁμοίως,</span> <span class='ocrx_word' id='word_1_346' title='bbox 1088 3444 1462 3515; x_wconf 87' lang='grc' dir='ltr'>λαμϐάνοντες</span> <span class='ocrx_word' id='word_1_347' title='bbox 1503 3444 1606 3496; x_wconf 76' lang='grc' dir='ltr'>ἀνὰ</span> <span class='ocrx_word' id='word_1_348' title='bbox 1627 3441 1964 3512; x_wconf 82' lang='grc' dir='ltr'>νομίσματος</span> 
     </span>
    </p>
   </div>
   <div class='ocr_carea' id='block_1_49' title="bbox 375 3532 1959 3605">
    <p class='ocr_par' dir='ltr' id='par_1_49' title="bbox 375 3532 1959 3605">
     <span class='ocr_line' id='line_1_49' title="bbox 375 3532 1959 3605; baseline -0.003 -14"><span class='ocrx_word' id='word_1_349' title='bbox 375 3538 514 3600; x_wconf 75' lang='grc' dir='ltr'>ἑνός.</span> <span class='ocrx_word' id='word_1_350' title='bbox 549 3532 660 3589; x_wconf 84' lang='grc' dir='ltr'>Ἦν</span> <span class='ocrx_word' id='word_1_351' title='bbox 686 3537 742 3589; x_wconf 74' lang='grc' dir='ltr'>δὲ</span> <span class='ocrx_word' id='word_1_352' title='bbox 772 3535 866 3590; x_wconf 87' lang='grc' dir='ltr'><strong>καί</strong></span> <span class='ocrx_word' id='word_1_353' title='bbox 898 3554 982 3599; x_wconf 87' lang='grc' dir='ltr'><strong>τις</strong></span> <span class='ocrx_word' id='word_1_354' title='bbox 1012 3536 1123 3589; x_wconf 85' lang='grc' dir='ltr'><strong>τῶν</strong></span> <span class='ocrx_word' id='word_1_355' title='bbox 1146 3536 1356 3589; x_wconf 80' lang='grc' dir='ltr'>παίδων</span> <span class='ocrx_word' id='word_1_356' title='bbox 1380 3534 1777 3603; x_wconf 84' lang='grc' dir='ltr'>ἀναγινώσκων</span> <span class='ocrx_word' id='word_1_357' title='bbox 1807 3534 1865 3586; x_wconf 86' lang='grc' dir='ltr'><strong>ἐν</strong></span> <span class='ocrx_word' id='word_1_358' title='bbox 1891 3535 1959 3605; x_wconf 77' lang='grc' dir='ltr'>τῇ</span> 
     </span>
    </p>
   </div>
   <div class='ocr_carea' id='block_1_50' title="bbox 373 3626 1960 3702">
    <p class='ocr_par' dir='ltr' id='par_1_50' title="bbox 373 3626 1960 3702">
     <span class='ocr_line' id='line_1_50' title="bbox 373 3626 1960 3702; baseline -0.003 -19"><span class='ocrx_word' id='word_1_359' title='bbox 373 3630 623 3702; x_wconf 75' lang='grc' dir='ltr'>τραπέζῃ</span> <span class='ocrx_word' id='word_1_360' title='bbox 648 3629 837 3685; x_wconf 81' lang='grc' dir='ltr'>αὑτοῦ.</span> <span class='ocrx_word' id='word_1_361' title='bbox 872 3630 1243 3700; x_wconf 83' lang='grc' dir='ltr'>Φιλομόναχος</span> <span class='ocrx_word' id='word_1_362' title='bbox 1266 3629 1325 3683; x_wconf 82' lang='grc' dir='ltr'>δὲ</span> <span class='ocrx_word' id='word_1_363' title='bbox 1367 3632 1417 3682; x_wconf 81' lang='grc' dir='ltr'><strong>εί</strong></span> <span class='ocrx_word' id='word_1_364' title='bbox 1446 3630 1541 3683; x_wconf 87' lang='grc' dir='ltr'><strong>καί</strong></span> <span class='ocrx_word' id='word_1_365' title='bbox 1564 3646 1649 3692; x_wconf 90' lang='grc' dir='ltr'><strong>τις</strong></span> <span class='ocrx_word' id='word_1_366' title='bbox 1673 3627 1831 3690; x_wconf 77' lang='grc' dir='ltr'>ἄλλος</span> <span class='ocrx_word' id='word_1_367' title='bbox 1860 3626 1960 3691; x_wconf 79' lang='grc' dir='ltr'>ὢν,</span> 
     </span>
    </p>
   </div>
   <div class='ocr_carea' id='block_1_51' title="bbox 374 3717 1962 3794">
    <p class='ocr_par' dir='ltr' id='par_1_51' title="bbox 374 3717 1962 3794">
     <span class='ocr_line' id='line_1_51' title="bbox 374 3717 1962 3794; baseline -0.003 -19"><span class='ocrx_word' id='word_1_368' title='bbox 374 3724 511 3775; x_wconf 73' lang='grc' dir='ltr'>πᾶσι</span> <span class='ocrx_word' id='word_1_369' title='bbox 532 3724 643 3785; x_wconf 79' lang='grc' dir='ltr'>τοῖς</span> <span class='ocrx_word' id='word_1_370' title='bbox 701 3723 904 3794; x_wconf 77' lang='grc' dir='ltr'>ἀρετῆς</span> <span class='ocrx_word' id='word_1_371' title='bbox 935 3723 1318 3793; x_wconf 81' lang='grc' dir='ltr'>ἀντεχομένοις</span> <span class='ocrx_word' id='word_1_372' title='bbox 1352 3724 1605 3793; x_wconf 83' lang='grc' dir='ltr'>μοναχοῖς</span> <span class='ocrx_word' id='word_1_373' title='bbox 1633 3724 1731 3785; x_wconf 78' lang='grc' dir='ltr'>τὰς</span> <span class='ocrx_word' id='word_1_374' title='bbox 1771 3717 1962 3773; x_wconf 82' lang='grc' dir='ltr'>ἐαυτοῦ</span> 
     </span>
    </p>
   </div>
   <div class='ocr_carea' id='block_1_52' title="bbox 380 3813 1964 3886">
    <p class='ocr_par' dir='ltr' id='par_1_52' title="bbox 380 3813 1964 3886">
     <span class='ocr_line' id='line_1_52' title="bbox 380 3813 1964 3886; baseline -0.001 -20"><span class='ocrx_word' id='word_1_375' title='bbox 380 3814 607 3884; x_wconf 79' lang='grc' dir='ltr'>πράξεις</span> <span class='ocrx_word' id='word_1_376' title='bbox 671 3816 811 3885; x_wconf 85' lang='grc' dir='ltr'><strong>μετά</strong></span> <span class='ocrx_word' id='word_1_377' title='bbox 872 3814 1123 3886; x_wconf 82' lang='grc' dir='ltr'>δακρύων</span> <span class='ocrx_word' id='word_1_378' title='bbox 1180 3816 1386 3882; x_wconf 75' lang='grc' dir='ltr'>ἔλεγεν,</span> <span class='ocrx_word' id='word_1_379' title='bbox 1441 3816 1541 3877; x_wconf 87' lang='grc' dir='ltr'><strong>τάς</strong></span> <span class='ocrx_word' id='word_1_380' title='bbox 1580 3831 1638 3866; x_wconf 86' lang='grc' dir='ltr'><strong>τε</strong></span> <span class='ocrx_word' id='word_1_381' title='bbox 1668 3813 1964 3882; x_wconf 79' lang='grc' dir='ltr'>ἐκκλησίας</span> 
     </span>
    </p>
   </div>
   <div class='ocr_carea' id='block_1_53' title="bbox 390 3906 1967 3979">
    <p class='ocr_par' dir='ltr' id='par_1_53' title="bbox 390 3906 1967 3979">
     <span class='ocr_line' id='line_1_53' title="bbox 390 3906 1967 3979; baseline 0.001 -24"><span class='ocrx_word' id='word_1_382' title='bbox 390 3906 650 3971; x_wconf 77' lang='grc' dir='ltr'>παντοίως</span> <span class='ocrx_word' id='word_1_383' title='bbox 682 3908 934 3976; x_wconf 80' lang='grc' dir='ltr'>ἐκόσμει,</span> <span class='ocrx_word' id='word_1_384' title='bbox 977 3909 1209 3971; x_wconf 72' lang='grc' dir='ltr'>καὶτοῖς</span> <span class='ocrx_word' id='word_1_385' title='bbox 1242 3910 1300 3960; x_wconf 85' lang='grc' dir='ltr'><strong>ἐν</strong></span> <span class='ocrx_word' id='word_1_386' title='bbox 1333 3910 1499 3960; x_wconf 82' lang='grc' dir='ltr'>πᾶσιν</span> <span class='ocrx_word' id='word_1_387' title='bbox 1524 3908 1677 3979; x_wconf 78' lang='grc' dir='ltr'>ὖρεσι</span> <span class='ocrx_word' id='word_1_388' title='bbox 1710 3908 1967 3977; x_wconf 83' lang='grc' dir='ltr'>μοναχοῖς</span> 
     </span>
    </p>
   </div>
   <div class='ocr_carea' id='block_1_54' title="bbox 387 3996 1960 4070">
    <p class='ocr_par' dir='ltr' id='par_1_54' title="bbox 387 3996 1960 4070">
     <span class='ocr_line' id='line_1_54' title="bbox 387 3996 1960 4070; baseline 0.001 -21"><span class='ocrx_word' id='word_1_389' title='bbox 387 3996 545 4068; x_wconf 74' lang='grc' dir='ltr'>ρόγας</span> <span class='ocrx_word' id='word_1_390' title='bbox 570 3999 946 4065; x_wconf 80' lang='grc' dir='ltr'>ἐξαπέστειλε,</span> <span class='ocrx_word' id='word_1_391' title='bbox 1002 4000 1070 4053; x_wconf 83' lang='grc' dir='ltr'><strong>τά</strong></span> <span class='ocrx_word' id='word_1_392' title='bbox 1101 4016 1160 4053; x_wconf 88' lang='grc' dir='ltr'><strong>τε</strong></span> <span class='ocrx_word' id='word_1_393' title='bbox 1210 4001 1549 4070; x_wconf 86' lang='grc' dir='ltr'>μοναστήρια</span> <span class='ocrx_word' id='word_1_394' title='bbox 1601 3998 1960 4067; x_wconf 83' lang='grc' dir='ltr'>περιέθαλπε,</span> 
     </span>
    </p>
   </div>
   <div class='ocr_carea' id='block_1_55' title="bbox 381 4090 1964 4162">
    <p class='ocr_par' dir='ltr' id='par_1_55' title="bbox 381 4090 1964 4162">
     <span class='ocr_line' id='line_1_55' title="bbox 381 4090 1964 4162; baseline -0.001 -19"><span class='ocrx_word' id='word_1_395' title='bbox 381 4090 473 4143; x_wconf 79' lang='grc' dir='ltr'>καὶ</span> <span class='ocrx_word' id='word_1_396' title='bbox 515 4093 627 4155; x_wconf 77' lang='grc' dir='ltr'>τοῖς</span> <span class='ocrx_word' id='word_1_397' title='bbox 654 4093 713 4145; x_wconf 90' lang='grc' dir='ltr'><strong>ἐν</strong></span> <span class='ocrx_word' id='word_1_398' title='bbox 744 4093 925 4155; x_wconf 80' lang='grc' dir='ltr'>αὐτοῖς</span> <span class='ocrx_word' id='word_1_399' title='bbox 956 4091 1044 4144; x_wconf 77' lang='grc' dir='ltr'>διὰ</span> <span class='ocrx_word' id='word_1_400' title='bbox 1070 4090 1206 4143; x_wconf 82' lang='grc' dir='ltr'>Θεὸν</span> <span class='ocrx_word' id='word_1_401' title='bbox 1248 4092 1612 4161; x_wconf 75' lang='grc' dir='ltr'>ἀποκαρεῖσιν</span> <span class='ocrx_word' id='word_1_402' title='bbox 1656 4090 1689 4162; x_wconf 80' lang='grc' dir='ltr'>ἦ</span> <span class='ocrx_word' id='word_1_403' title='bbox 1736 4090 1832 4143; x_wconf 79' lang='grc' dir='ltr'><strong>καὶ</strong></span> <span class='ocrx_word' id='word_1_404' title='bbox 1870 4092 1964 4158; x_wconf 70' lang='grc' dir='ltr'>ἐγσ</span> 
     </span>
    </p>
   </div>
   <div class='ocr_carea' id='block_1_56' title="bbox 376 4180 1961 4256">
    <p class='ocr_par' dir='ltr' id='par_1_56' title="bbox 376 4180 1961 4256">
     <span class='ocr_line' id='line_1_56' title="bbox 376 4180 1961 4256; baseline -0.001 -20"><span class='ocrx_word' id='word_1_405' title='bbox 376 4183 645 4248; x_wconf 84' lang='grc' dir='ltr'>κλείστοις</span> <span class='ocrx_word' id='word_1_406' title='bbox 681 4181 802 4240; x_wconf 75' lang='grc' dir='ltr'>οὖσι</span> <span class='ocrx_word' id='word_1_407' title='bbox 833 4185 1001 4256; x_wconf 81' lang='grc' dir='ltr'>ρόγας</span> <span class='ocrx_word' id='word_1_408' title='bbox 1050 4181 1308 4246; x_wconf 84' lang='grc' dir='ltr'>τυπώσας</span> <span class='ocrx_word' id='word_1_409' title='bbox 1359 4184 1420 4237; x_wconf 87' lang='grc' dir='ltr'>οὑ</span> <span class='ocrx_word' id='word_1_410' title='bbox 1473 4182 1677 4237; x_wconf 84' lang='grc' dir='ltr'>διέλιπε</span> <span class='ocrx_word' id='word_1_411' title='bbox 1739 4180 1961 4234; x_wconf 85' lang='grc' dir='ltr'>διδόναι.</span> 
     </span>
    </p>
   </div>
   <div class='ocr_carea' id='block_1_57' title="bbox 375 4276 1969 4348">
    <p class='ocr_par' dir='ltr' id='par_1_57' title="bbox 375 4276 1969 4348">
     <span class='ocr_line' id='line_1_57' title="bbox 375 4276 1969 4348; baseline -0.001 -16"><span class='ocrx_word' id='word_1_412' title='bbox 375 4280 564 4334; x_wconf 83' lang='grc' dir='ltr'>Ταῦτα</span> <span class='ocrx_word' id='word_1_413' title='bbox 591 4279 669 4342; x_wconf 86' lang='grc' dir='ltr'>ὡς</span> <span class='ocrx_word' id='word_1_414' title='bbox 696 4282 760 4334; x_wconf 84' lang='grc' dir='ltr'><strong>ἐκ</strong></span> <span class='ocrx_word' id='word_1_415' title='bbox 794 4278 1006 4332; x_wconf 78' lang='grc' dir='ltr'>πολλῶν</span> <span class='ocrx_word' id='word_1_416' title='bbox 1033 4277 1190 4348; x_wconf 85' lang='grc' dir='ltr'>ὀλίγα</span> <span class='ocrx_word' id='word_1_417' title='bbox 1234 4278 1346 4333; x_wconf 84' lang='grc' dir='ltr'>τῶν</span> <span class='ocrx_word' id='word_1_418' title='bbox 1376 4277 1622 4348; x_wconf 81' lang='grc' dir='ltr'>ἀπείρων</span> <span class='ocrx_word' id='word_1_419' title='bbox 1645 4276 1811 4329; x_wconf 77' lang='grc' dir='ltr'>αὑτοῦ</span> <span class='ocrx_word' id='word_1_420' title='bbox 1842 4292 1969 4330; x_wconf 83' lang='grc' dir='ltr'>κατ·</span> 
     </span>
    </p>
   </div>
   <div class='ocr_carea' id='block_1_58' title="bbox 374 4371 1635 4445">
    <p class='ocr_par' dir='ltr' id='par_1_58' title="bbox 374 4371 1635 4445">
     <span class='ocr_line' id='line_1_58' title="bbox 374 4371 1635 4445; baseline -0.002 -19"><span class='ocrx_word' id='word_1_421' title='bbox 374 4374 710 4445; x_wconf 82' lang='grc' dir='ltr'>ορθωμάτων</span> <span class='ocrx_word' id='word_1_422' title='bbox 735 4376 828 4426; x_wconf 79' lang='grc' dir='ltr'><strong>καὶ</strong></span> <span class='ocrx_word' id='word_1_423' title='bbox 866 4371 1244 4441; x_wconf 82' lang='grc' dir='ltr'>ἐλεημοσυνῶν</span> <span class='ocrx_word' id='word_1_424' title='bbox 1264 4371 1635 4442; x_wconf 77' lang='grc' dir='ltr'>διεξήλθομεν.</span> 
     </span>
    </p>
   </div>
   <div class='ocr_carea' id='block_1_59' title="bbox 2066 1950 3674 2024">
    <p class='ocr_par' dir='ltr' id='par_1_59' title="bbox 2066 1950 3674 2024">
     <span class='ocr_line' id='line_1_59' title="bbox 2066 1950 3674 2024; baseline 0 -15"><span class='ocrx_word' id='word_1_425' title='bbox 2066 1969 2262 2024; x_wconf 88' lang='lat' dir='ltr'><strong>aspera</strong></span> <span class='ocrx_word' id='word_1_426' title='bbox 2318 1951 2496 2006; x_wconf 92' lang='lat' dir='ltr'><strong>hiems</strong></span> <span class='ocrx_word' id='word_1_427' title='bbox 2547 1950 2673 2014; x_wconf 91' lang='lat' dir='ltr'><strong>fuit,</strong></span> <span class='ocrx_word' id='word_1_428' title='bbox 2721 1959 2783 2004; x_wconf 90' lang='lat' dir='ltr'><strong>ut</strong></span> <span class='ocrx_word' id='word_1_429' title='bbox 2831 1961 2978 2005; x_wconf 90' lang='lat' dir='ltr'><strong>terra</strong></span> <span class='ocrx_word' id='word_1_430' title='bbox 3029 1950 3150 2006; x_wconf 87' lang='lat' dir='ltr'><strong>dies</strong></span> <span class='ocrx_word' id='word_1_431' title='bbox 3198 1961 3426 2007; x_wconf 89' lang='lat' dir='ltr'><strong>centum</strong></span> <span class='ocrx_word' id='word_1_432' title='bbox 3477 1950 3674 2022; x_wconf 81' lang='lat' dir='ltr'><strong>viginti</strong></span> 
     </span>
    </p>
   </div>
   <div class='ocr_carea' id='block_1_60' title="bbox 2066 2044 3676 2119">
    <p class='ocr_par' dir='ltr' id='par_1_60' title="bbox 2066 2044 3676 2119">
     <span class='ocr_line' id='line_1_60' title="bbox 2066 2044 3676 2119; baseline -0.001 -16"><span class='ocrx_word' id='word_1_433' title='bbox 2066 2048 2191 2119; x_wconf 88' lang='lat' dir='ltr'><strong>gelu</strong></span> <span class='ocrx_word' id='word_1_434' title='bbox 2243 2061 2352 2100; x_wconf 89' lang='lat' dir='ltr'><strong>non</strong></span> <span class='ocrx_word' id='word_1_435' title='bbox 2406 2045 2655 2101; x_wconf 88' lang='lat' dir='ltr'><strong>solverit.</strong></span> <span class='ocrx_word' id='word_1_436' title='bbox 2705 2044 2788 2103; x_wconf 85' lang='lat' dir='ltr'><strong>Ex</strong></span> <span class='ocrx_word' id='word_1_437' title='bbox 2827 2060 2937 2115; x_wconf 92' lang='lat' dir='ltr'><strong>quo</strong></span> <span class='ocrx_word' id='word_1_438' title='bbox 2981 2044 3155 2100; x_wconf 86' lang='lat' dir='ltr'><strong>fames</strong></span> <span class='ocrx_word' id='word_1_439' title='bbox 3207 2045 3404 2117; x_wconf 84' lang='lat' dir='ltr'><strong>ingens</strong></span> <span class='ocrx_word' id='word_1_440' title='bbox 3451 2061 3676 2116; x_wconf 81' lang='lat' dir='ltr'><strong>magna-</strong></span> 
     </span>
    </p>
   </div>
   <div class='ocr_carea' id='block_1_61' title="bbox 2066 2137 3675 2211">
    <p class='ocr_par' dir='ltr' id='par_1_61' title="bbox 2066 2137 3675 2211">
     <span class='ocr_line' id='line_1_61' title="bbox 2066 2137 3675 2211; baseline -0.001 -17"><span class='ocrx_word' id='word_1_441' title='bbox 2066 2156 2176 2211; x_wconf 87' lang='lat' dir='ltr'><strong>que</strong></span> <span class='ocrx_word' id='word_1_442' title='bbox 2212 2138 2519 2195; x_wconf 85' lang='lat' dir='ltr'><strong>mortalitas</strong></span> <span class='ocrx_word' id='word_1_443' title='bbox 2553 2137 2678 2202; x_wconf 88' lang='lat' dir='ltr'><strong>fuit,</strong></span> <span class='ocrx_word' id='word_1_444' title='bbox 2724 2139 2805 2193; x_wconf 88' lang='lat' dir='ltr'><strong>sic</strong></span> <span class='ocrx_word' id='word_1_445' title='bbox 2839 2138 3103 2193; x_wconf 89' lang='lat' dir='ltr'><strong>nimirum</strong></span> <span class='ocrx_word' id='word_1_446' title='bbox 3137 2147 3330 2196; x_wconf 84' lang='lat' dir='ltr'><strong>utnec</strong></span> <span class='ocrx_word' id='word_1_447' title='bbox 3370 2139 3675 2199; x_wconf 64' lang='lat' dir='ltr'><strong>efferendis</strong></span> 
     </span>
    </p>
   </div>
   <div class='ocr_carea' id='block_1_62' title="bbox 2066 2230 3675 2303">
    <p class='ocr_par' dir='ltr' id='par_1_62' title="bbox 2066 2230 3675 2303">
     <span class='ocr_line' id='line_1_62' title="bbox 2066 2230 3675 2303; baseline 0 -15"><span class='ocrx_word' id='word_1_448' title='bbox 2066 2233 2304 2288; x_wconf 91' lang='lat' dir='ltr'><strong>mortuis</strong></span> <span class='ocrx_word' id='word_1_449' title='bbox 2349 2232 2459 2287; x_wconf 85' lang='lat' dir='ltr'><strong>vivi</strong></span> <span class='ocrx_word' id='word_1_450' title='bbox 2516 2230 2856 2287; x_wconf 71' lang='lat' dir='ltr'><strong>sufﬁcerent.</strong></span> <span class='ocrx_word' id='word_1_451' title='bbox 2909 2230 3194 2287; x_wconf 78' lang='lat' dir='ltr'><strong>Romanus</strong></span> <span class='ocrx_word' id='word_1_452' title='bbox 3242 2231 3430 2303; x_wconf 83' lang='lat' dir='ltr'><strong>itaque</strong></span> <span class='ocrx_word' id='word_1_453' title='bbox 3474 2233 3675 2288; x_wconf 74' lang='lat' dir='ltr'><strong>intole-</strong></span> 
     </span>
    </p>
   </div>
   <div class='ocr_carea' id='block_1_63' title="bbox 2067 2321 3676 2394">
    <p class='ocr_par' dir='ltr' id='par_1_63' title="bbox 2067 2321 3676 2394">
     <span class='ocr_line' id='line_1_63' title="bbox 2067 2321 3676 2394; baseline -0.001 -14"><span class='ocrx_word' id='word_1_454' title='bbox 2067 2323 2297 2380; x_wconf 86' lang='lat' dir='ltr'><strong>randam</strong></span> <span class='ocrx_word' id='word_1_455' title='bbox 2338 2323 2483 2379; x_wconf 88' lang='lat' dir='ltr'><strong>hanc</strong></span> <span class='ocrx_word' id='word_1_456' title='bbox 2532 2321 2755 2393; x_wconf 76' lang='lat' dir='ltr'><strong>[rigoris</strong></span> <span class='ocrx_word' id='word_1_457' title='bbox 2799 2322 2910 2377; x_wconf 88' lang='lat' dir='ltr'><strong>vim</strong></span> <span class='ocrx_word' id='word_1_458' title='bbox 2956 2323 3348 2392; x_wconf 85' lang='lat' dir='ltr'><strong>considerans,</strong></span> <span class='ocrx_word' id='word_1_459' title='bbox 3402 2325 3676 2394; x_wconf 78' lang='lat' dir='ltr'><strong>famisque</strong></span> 
     </span>
    </p>
   </div>
   <div class='ocr_carea' id='block_1_64' title="bbox 2067 2413 3675 2484">
    <p class='ocr_par' dir='ltr' id='par_1_64' title="bbox 2067 2413 3675 2484">
     <span class='ocr_line' id='line_1_64' title="bbox 2067 2413 3675 2484; baseline 0.002 -15"><span class='ocrx_word' id='word_1_460' title='bbox 2067 2415 2352 2471; x_wconf 85' lang='lat' dir='ltr'><strong>levaturus</strong></span> <span class='ocrx_word' id='word_1_461' title='bbox 2404 2413 2673 2483; x_wconf 82' lang='lat' dir='ltr'><strong>inepiam,</strong></span> <span class='ocrx_word' id='word_1_462' title='bbox 2710 2414 3027 2484; x_wconf 82' lang='lat' dir='ltr'><strong>porticuum</strong></span> <span class='ocrx_word' id='word_1_463' title='bbox 3068 2416 3248 2484; x_wconf 80' lang='lat' dir='ltr'><strong>spatia</strong></span> <span class='ocrx_word' id='word_1_464' title='bbox 3284 2416 3556 2476; x_wconf 72' lang='lat' dir='ltr'><strong>tabulatis</strong></span> <span class='ocrx_word' id='word_1_465' title='bbox 3585 2418 3675 2473; x_wconf 62' lang='lat' dir='ltr'><strong>div</strong></span> 
     </span>
    </p>
   </div>
   <div class='ocr_carea' id='block_1_65' title="bbox 2067 2504 3678 2574">
    <p class='ocr_par' dir='ltr' id='par_1_65' title="bbox 2067 2504 3678 2574">
     <span class='ocr_line' id='line_1_65' title="bbox 2067 2504 3678 2574; baseline 0 -13"><span class='ocrx_word' id='word_1_466' title='bbox 2067 2505 2264 2561; x_wconf 79' lang='lat' dir='ltr'><strong>stinxit</strong></span> <span class='ocrx_word' id='word_1_467' title='bbox 2312 2513 2371 2560; x_wconf 89' lang='lat' dir='ltr'><strong>et</strong></span> <span class='ocrx_word' id='word_1_468' title='bbox 2420 2504 2691 2561; x_wconf 82' lang='lat' dir='ltr'><strong>fenestras</strong></span> <span class='ocrx_word' id='word_1_469' title='bbox 2754 2504 3046 2574; x_wconf 85' lang='lat' dir='ltr'><strong>apposuit,</strong></span> <span class='ocrx_word' id='word_1_470' title='bbox 3102 2520 3173 2560; x_wconf 94' lang='lat' dir='ltr'><strong>ne</strong></span> <span class='ocrx_word' id='word_1_471' title='bbox 3230 2505 3358 2560; x_wconf 88' lang='lat' dir='ltr'><strong>inde</strong></span> <span class='ocrx_word' id='word_1_472' title='bbox 3416 2508 3511 2565; x_wconf 88' lang='lat' dir='ltr'><strong>nix</strong></span> <span class='ocrx_word' id='word_1_473' title='bbox 3572 2507 3678 2562; x_wconf 64' lang='lat' dir='ltr'><strong>fri.</strong></span> 
     </span>
    </p>
   </div>
   <div class='ocr_carea' id='block_1_66' title="bbox 2067 2596 3674 2670">
    <p class='ocr_par' dir='ltr' id='par_1_66' title="bbox 2067 2596 3674 2670">
     <span class='ocr_line' id='line_1_66' title="bbox 2067 2596 3674 2670; baseline 0.003 -20"><span class='ocrx_word' id='word_1_474' title='bbox 2067 2612 2280 2668; x_wconf 89' lang='lat' dir='ltr'><strong>gusque</strong></span> <span class='ocrx_word' id='word_1_475' title='bbox 2331 2596 2672 2666; x_wconf 88' lang='lat' dir='ltr'><strong>pauperibus</strong></span> <span class='ocrx_word' id='word_1_476' title='bbox 2717 2597 3217 2653; x_wconf 88' lang='lat' dir='ltr'><strong>incommodarent.</strong></span> <span class='ocrx_word' id='word_1_477' title='bbox 3267 2598 3497 2659; x_wconf 84' lang='lat' dir='ltr'><strong>Arculas</strong></span> <span class='ocrx_word' id='word_1_478' title='bbox 3532 2616 3674 2670; x_wconf 88' lang='lat' dir='ltr'><strong>quo-</strong></span> 
     </span>
    </p>
   </div>
   <div class='ocr_carea' id='block_1_67' title="bbox 2066 2690 3677 2761">
    <p class='ocr_par' dir='ltr' id='par_1_67' title="bbox 2066 2690 3677 2761">
     <span class='ocr_line' id='line_1_67' title="bbox 2066 2690 3677 2761; baseline 0.006 -20"><span class='ocrx_word' id='word_1_479' title='bbox 2066 2705 2176 2758; x_wconf 86' lang='lat' dir='ltr'><strong>que</strong></span> <span class='ocrx_word' id='word_1_480' title='bbox 2217 2704 2313 2743; x_wconf 89' lang='lat' dir='ltr'><strong>seu</strong></span> <span class='ocrx_word' id='word_1_481' title='bbox 2359 2690 2705 2759; x_wconf 87' lang='lat' dir='ltr'><strong>projecturas</strong></span> <span class='ocrx_word' id='word_1_482' title='bbox 2756 2690 2812 2745; x_wconf 91' lang='lat' dir='ltr'><strong>in</strong></span> <span class='ocrx_word' id='word_1_483' title='bbox 2856 2691 3074 2745; x_wconf 88' lang='lat' dir='ltr'><strong>cunctis</strong></span> <span class='ocrx_word' id='word_1_484' title='bbox 3105 2693 3417 2761; x_wconf 87' lang='lat' dir='ltr'><strong>porticibus</strong></span> <span class='ocrx_word' id='word_1_485' title='bbox 3456 2704 3677 2756; x_wconf 71' lang='lat' dir='ltr'><strong>exstru-</strong></span> 
     </span>
    </p>
   </div>
   <div class='ocr_carea' id='block_1_68' title="bbox 2065 2781 3675 2853">
    <p class='ocr_par' dir='ltr' id='par_1_68' title="bbox 2065 2781 3675 2853">
     <span class='ocr_line' id='line_1_68' title="bbox 2065 2781 3675 2853; baseline 0.006 -19"><span class='ocrx_word' id='word_1_486' title='bbox 2065 2781 2168 2845; x_wconf 91' lang='lat' dir='ltr'><strong>xit,</strong></span> <span class='ocrx_word' id='word_1_487' title='bbox 2206 2781 2657 2851; x_wconf 88' lang='lat' dir='ltr'><strong>pauperibusque</strong></span> <span class='ocrx_word' id='word_1_488' title='bbox 2690 2782 2746 2835; x_wconf 90' lang='lat' dir='ltr'><strong>in</strong></span> <span class='ocrx_word' id='word_1_489' title='bbox 2778 2783 2861 2837; x_wconf 87' lang='lat' dir='ltr'><strong>eis</strong></span> <span class='ocrx_word' id='word_1_490' title='bbox 2887 2784 3202 2853; x_wconf 86' lang='lat' dir='ltr'><strong>jacentibus</strong></span> <span class='ocrx_word' id='word_1_491' title='bbox 3224 2794 3362 2853; x_wconf 84' lang='lat' dir='ltr'><strong>quot</strong></span> <span class='ocrx_word' id='word_1_492' title='bbox 3389 2788 3675 2843; x_wconf 83' lang='lat' dir='ltr'><strong>mensibus</strong></span> 
     </span>
    </p>
   </div>
   <div class='ocr_carea' id='block_1_69' title="bbox 2066 2873 3676 2948">
    <p class='ocr_par' dir='ltr' id='par_1_69' title="bbox 2066 2873 3676 2948">
     <span class='ocr_line' id='line_1_69' title="bbox 2066 2873 3676 2948; baseline 0.001 -19"><span class='ocrx_word' id='word_1_493' title='bbox 2066 2882 2359 2943; x_wconf 81' lang='lat' dir='ltr'><strong>argenteos</strong></span> <span class='ocrx_word' id='word_1_494' title='bbox 2411 2873 2790 2928; x_wconf 87' lang='lat' dir='ltr'><strong>numerandos</strong></span> <span class='ocrx_word' id='word_1_495' title='bbox 2841 2874 3174 2940; x_wconf 86' lang='lat' dir='ltr'><strong>constituit,</strong></span> <span class='ocrx_word' id='word_1_496' title='bbox 3225 2876 3486 2931; x_wconf 84' lang='lat' dir='ltr'><strong>similiter</strong></span> <span class='ocrx_word' id='word_1_497' title='bbox 3533 2893 3676 2948; x_wconf 85' lang='lat' dir='ltr'><strong>quo-</strong></span> 
     </span>
    </p>
   </div>
   <div class='ocr_carea' id='block_1_70' title="bbox 2067 2965 3674 3037">
    <p class='ocr_par' dir='ltr' id='par_1_70' title="bbox 2067 2965 3674 3037">
     <span class='ocr_line' id='line_1_70' title="bbox 2067 2965 3674 3037; baseline 0.002 -17"><span class='ocrx_word' id='word_1_498' title='bbox 2067 2982 2176 3037; x_wconf 86' lang='lat' dir='ltr'><strong>que</strong></span> <span class='ocrx_word' id='word_1_499' title='bbox 2236 2965 2576 3036; x_wconf 87' lang='lat' dir='ltr'><strong>pauperibus</strong></span> <span class='ocrx_word' id='word_1_500' title='bbox 2623 2965 2682 3019; x_wconf 88' lang='lat' dir='ltr'><strong>in</strong></span> <span class='ocrx_word' id='word_1_501' title='bbox 2742 2967 2997 3022; x_wconf 87' lang='lat' dir='ltr'><strong>ecclesiis</strong></span> <span class='ocrx_word' id='word_1_502' title='bbox 3046 2968 3377 3023; x_wconf 82' lang='lat' dir='ltr'><strong>constitutis</strong></span> <span class='ocrx_word' id='word_1_503' title='bbox 3428 2968 3674 3025; x_wconf 79' lang='lat' dir='ltr'><strong>trimetia</strong></span> 
     </span>
    </p>
   </div>
   <div class='ocr_carea' id='block_1_71' title="bbox 2065 3080 3671 3152">
    <p class='ocr_par' dir='ltr' id='par_1_71' title="bbox 2065 3080 3671 3152">
     <span class='ocr_line' id='line_1_71' title="bbox 2065 3080 3671 3152; baseline 0.002 -16"><span class='ocrx_word' id='word_1_504' title='bbox 2065 3081 2284 3152; x_wconf 79' lang='lat' dir='ltr'><strong>erogari</strong></span> <span class='ocrx_word' id='word_1_505' title='bbox 2335 3080 2520 3151; x_wconf 87' lang='lat' dir='ltr'><strong>jussit,</strong></span> <span class='ocrx_word' id='word_1_506' title='bbox 2568 3081 2707 3135; x_wconf 86' lang='lat' dir='ltr'><strong>adeo</strong></span> <span class='ocrx_word' id='word_1_507' title='bbox 2753 3090 2814 3136; x_wconf 90' lang='lat' dir='ltr'><strong>ut</strong></span> <span class='ocrx_word' id='word_1_508' title='bbox 2861 3081 3061 3151; x_wconf 81' lang='lat' dir='ltr'><strong>signati</strong></span> <span class='ocrx_word' id='word_1_509' title='bbox 3112 3082 3325 3152; x_wconf 80' lang='lat' dir='ltr'><strong>argenti</strong></span> <span class='ocrx_word' id='word_1_510' title='bbox 3376 3083 3671 3140; x_wconf 82' lang='lat' dir='ltr'><strong>duodecim</strong></span> 
     </span>
    </p>
   </div>
   <div class='ocr_carea' id='block_1_72' title="bbox 2068 3173 3673 3245">
    <p class='ocr_par' dir='ltr' id='par_1_72' title="bbox 2068 3173 3673 3245">
     <span class='ocr_line' id='line_1_72' title="bbox 2068 3173 3673 3245; baseline 0.004 -17"><span class='ocrx_word' id='word_1_511' title='bbox 2068 3174 2240 3228; x_wconf 90' lang='lat' dir='ltr'><strong>millia</strong></span> <span class='ocrx_word' id='word_1_512' title='bbox 2276 3182 2412 3243; x_wconf 92' lang='lat' dir='ltr'><strong>quot</strong></span> <span class='ocrx_word' id='word_1_513' title='bbox 2460 3173 2750 3228; x_wconf 87' lang='lat' dir='ltr'><strong>mensibus</strong></span> <span class='ocrx_word' id='word_1_514' title='bbox 2791 3174 3199 3229; x_wconf 87' lang='lat' dir='ltr'><strong>tribuerentur.</strong></span> <span class='ocrx_word' id='word_1_515' title='bbox 3243 3174 3381 3229; x_wconf 87' lang='lat' dir='ltr'><strong>Tres</strong></span> <span class='ocrx_word' id='word_1_516' title='bbox 3420 3177 3673 3245; x_wconf 86' lang='lat' dir='ltr'><strong>quotidie</strong></span> 
     </span>
    </p>
   </div>
   <div class='ocr_carea' id='block_1_73' title="bbox 2070 3265 3763 3340">
    <p class='ocr_par' dir='ltr' id='par_1_73' title="bbox 2070 3265 3763 3340">
     <span class='ocr_line' id='line_1_73' title="bbox 2070 3265 3763 3340; baseline 0.004 -21"><span class='ocrx_word' id='word_1_517' title='bbox 2070 3281 2342 3336; x_wconf 89' lang='lat' dir='ltr'><strong>pauperes</strong></span> <span class='ocrx_word' id='word_1_518' title='bbox 2391 3265 2446 3319; x_wconf 88' lang='lat' dir='ltr'><strong>in</strong></span> <span class='ocrx_word' id='word_1_519' title='bbox 2492 3267 2612 3337; x_wconf 86' lang='lat' dir='ltr'><strong>ejus</strong></span> <span class='ocrx_word' id='word_1_520' title='bbox 2662 3282 2851 3321; x_wconf 89' lang='lat' dir='ltr'><strong>mensa</strong></span> <span class='ocrx_word' id='word_1_521' title='bbox 2894 3268 3300 3333; x_wconf 89' lang='lat' dir='ltr'><strong>comedebaut,</strong></span> <span class='ocrx_word' id='word_1_522' title='bbox 3350 3282 3414 3326; x_wconf 83' lang='lat' dir='ltr'><strong>ac</strong></span> <span class='ocrx_word' id='word_1_523' title='bbox 3468 3265 3670 3340; x_wconf 76' lang='lat' dir='ltr'><strong>singuli</strong></span> <span class='ocrx_word' id='word_1_524' title='bbox 3754 3272 3763 3282; x_wconf 88' lang='grc'><em>’</em></span> 
     </span>
    </p>
   </div>
   <div class='ocr_carea' id='block_1_74' title="bbox 2069 3357 3671 3435">
    <p class='ocr_par' dir='ltr' id='par_1_74' title="bbox 2069 3357 3671 3435">
     <span class='ocr_line' id='line_1_74' title="bbox 2069 3357 3671 3435; baseline 0.003 -24"><span class='ocrx_word' id='word_1_525' title='bbox 2069 3373 2356 3414; x_wconf 89' lang='lat' dir='ltr'><strong>nummum</strong></span> <span class='ocrx_word' id='word_1_526' title='bbox 2397 3357 2561 3435; x_wconf 63' lang='grc'><strong>744</strong></span> <span class='ocrx_word' id='word_1_527' title='bbox 2603 3359 2972 3428; x_wconf 85' lang='lat' dir='ltr'><strong>accipiebant.</strong></span> <span class='ocrx_word' id='word_1_528' title='bbox 3017 3360 3198 3414; x_wconf 89' lang='lat' dir='ltr'><strong>Simili</strong></span> <span class='ocrx_word' id='word_1_529' title='bbox 3238 3361 3409 3415; x_wconf 86' lang='lat' dir='ltr'><strong>etiam</strong></span> <span class='ocrx_word' id='word_1_530' title='bbox 3456 3367 3671 3417; x_wconf 85' lang='lat' dir='ltr'><strong>ratione</strong></span> 
     </span>
    </p>
   </div>
   <div class='ocr_carea' id='block_1_75' title="bbox 2067 3451 3669 3525">
    <p class='ocr_par' dir='ltr' id='par_1_75' title="bbox 2067 3451 3669 3525">
     <span class='ocr_line' id='line_1_75' title="bbox 2067 3451 3669 3525; baseline 0.002 -20"><span class='ocrx_word' id='word_1_531' title='bbox 2067 3451 2225 3505; x_wconf 90' lang='lat' dir='ltr'><strong>feriis</strong></span> <span class='ocrx_word' id='word_1_532' title='bbox 2267 3461 2464 3521; x_wconf 89' lang='lat' dir='ltr'><strong>quarta</strong></span> <span class='ocrx_word' id='word_1_533' title='bbox 2522 3459 2577 3505; x_wconf 88' lang='lat' dir='ltr'><strong>et</strong></span> <span class='ocrx_word' id='word_1_534' title='bbox 2629 3461 2782 3506; x_wconf 84' lang='lat' dir='ltr'><strong>sexta</strong></span> <span class='ocrx_word' id='word_1_535' title='bbox 2842 3452 3144 3507; x_wconf 88' lang='lat' dir='ltr'><strong>monachos</strong></span> <span class='ocrx_word' id='word_1_536' title='bbox 3194 3453 3524 3518; x_wconf 68' lang='lat' dir='ltr'><strong>adhibebat,</strong></span> <span class='ocrx_word' id='word_1_537' title='bbox 3574 3455 3669 3525; x_wconf 87' lang='lat' dir='ltr'><strong>qui</strong></span> 
     </span>
    </p>
   </div>
   <div class='ocr_carea' id='block_1_76' title="bbox 2069 3544 3676 3618">
    <p class='ocr_par' dir='ltr' id='par_1_76' title="bbox 2069 3544 3676 3618">
     <span class='ocr_line' id='line_1_76' title="bbox 2069 3544 3676 3618; baseline 0.003 -20"><span class='ocrx_word' id='word_1_538' title='bbox 2069 3544 2171 3613; x_wconf 89' lang='lat' dir='ltr'><strong>ipsi</strong></span> <span class='ocrx_word' id='word_1_539' title='bbox 2211 3544 2458 3614; x_wconf 88' lang='lat' dir='ltr'><strong>singulos</strong></span> <span class='ocrx_word' id='word_1_540' title='bbox 2501 3559 2759 3598; x_wconf 89' lang='lat' dir='ltr'><strong>nummos</strong></span> <span class='ocrx_word' id='word_1_541' title='bbox 2804 3546 3153 3614; x_wconf 89' lang='lat' dir='ltr'><strong>acciperent.</strong></span> <span class='ocrx_word' id='word_1_542' title='bbox 3197 3546 3330 3601; x_wconf 85' lang='lat' dir='ltr'><strong>Erat</strong></span> <span class='ocrx_word' id='word_1_543' title='bbox 3377 3556 3433 3603; x_wconf 90' lang='lat' dir='ltr'><strong>et</strong></span> <span class='ocrx_word' id='word_1_544' title='bbox 3468 3563 3676 3618; x_wconf 84' lang='lat' dir='ltr'><strong>puero-</strong></span> 
     </span>
    </p>
   </div>
   <div class='ocr_carea' id='block_1_77' title="bbox 2072 3635 3674 3707">
    <p class='ocr_par' dir='ltr' id='par_1_77' title="bbox 2072 3635 3674 3707">
     <span class='ocr_line' id='line_1_77' title="bbox 2072 3635 3674 3707; baseline 0.004 -18"><span class='ocrx_word' id='word_1_545' title='bbox 2072 3651 2195 3689; x_wconf 92' lang='lat' dir='ltr'><strong>rum</strong></span> <span class='ocrx_word' id='word_1_546' title='bbox 2234 3652 2397 3699; x_wconf 88' lang='lat' dir='ltr'><strong>unus,</strong></span> <span class='ocrx_word' id='word_1_547' title='bbox 2432 3635 2528 3705; x_wconf 85' lang='lat' dir='ltr'><strong>qui</strong></span> <span class='ocrx_word' id='word_1_548' title='bbox 2566 3635 2619 3688; x_wconf 92' lang='lat' dir='ltr'><strong>in</strong></span> <span class='ocrx_word' id='word_1_549' title='bbox 2659 3638 2779 3707; x_wconf 91' lang='lat' dir='ltr'><strong>ejus</strong></span> <span class='ocrx_word' id='word_1_550' title='bbox 2818 3652 3008 3691; x_wconf 87' lang='lat' dir='ltr'><strong>mensa</strong></span> <span class='ocrx_word' id='word_1_551' title='bbox 3051 3638 3277 3693; x_wconf 88' lang='lat' dir='ltr'><strong>lectoris</strong></span> <span class='ocrx_word' id='word_1_552' title='bbox 3321 3654 3525 3695; x_wconf 91' lang='lat' dir='ltr'><strong>munus</strong></span> <span class='ocrx_word' id='word_1_553' title='bbox 3551 3640 3674 3695; x_wconf 85' lang='lat' dir='ltr'><strong>obi-</strong></span> 
     </span>
    </p>
   </div>
   <div class='ocr_carea' id='block_1_78' title="bbox 2074 3727 3672 3801">
    <p class='ocr_par' dir='ltr' id='par_1_78' title="bbox 2074 3727 3672 3801">
     <span class='ocr_line' id='line_1_78' title="bbox 2074 3727 3672 3801; baseline 0.004 -22"><span class='ocrx_word' id='word_1_554' title='bbox 2074 3736 2179 3781; x_wconf 88' lang='lat' dir='ltr'><strong>ret.</strong></span> <span class='ocrx_word' id='word_1_555' title='bbox 2229 3727 2480 3796; x_wconf 88' lang='lat' dir='ltr'><strong>Cumque</strong></span> <span class='ocrx_word' id='word_1_556' title='bbox 2530 3742 2661 3797; x_wconf 86' lang='lat' dir='ltr'><strong>erga</strong></span> <span class='ocrx_word' id='word_1_557' title='bbox 2707 3730 3029 3793; x_wconf 85' lang='lat' dir='ltr'><strong>monachos,</strong></span> <span class='ocrx_word' id='word_1_558' title='bbox 3080 3730 3125 3785; x_wconf 88' lang='lat' dir='ltr'><strong>si</strong></span> <span class='ocrx_word' id='word_1_559' title='bbox 3175 3732 3301 3801; x_wconf 89' lang='lat' dir='ltr'><strong>quis</strong></span> <span class='ocrx_word' id='word_1_560' title='bbox 3356 3732 3529 3796; x_wconf 91' lang='lat' dir='ltr'><strong>alius,</strong></span> <span class='ocrx_word' id='word_1_561' title='bbox 3586 3733 3672 3786; x_wconf 57' lang='lat' dir='ltr'><strong>af.</strong></span> 
     </span>
    </p>
   </div>
   <div class='ocr_carea' id='block_1_79' title="bbox 2071 3818 3670 3894">
    <p class='ocr_par' dir='ltr' id='par_1_79' title="bbox 2071 3818 3670 3894">
     <span class='ocr_line' id='line_1_79' title="bbox 2071 3818 3670 3894; baseline 0.004 -22"><span class='ocrx_word' id='word_1_562' title='bbox 2071 3818 2217 3872; x_wconf 88' lang='lat' dir='ltr'><strong>fectu</strong></span> <span class='ocrx_word' id='word_1_563' title='bbox 2254 3818 2584 3881; x_wconf 88' lang='lat' dir='ltr'><strong>duceretur,</strong></span> <span class='ocrx_word' id='word_1_564' title='bbox 2640 3819 2855 3872; x_wconf 90' lang='lat' dir='ltr'><strong>cunctis</strong></span> <span class='ocrx_word' id='word_1_565' title='bbox 2902 3820 3023 3891; x_wconf 90' lang='lat' dir='ltr'><strong>ejus</strong></span> <span class='ocrx_word' id='word_1_566' title='bbox 3067 3821 3307 3879; x_wconf 88' lang='lat' dir='ltr'><strong>instituti</strong></span> <span class='ocrx_word' id='word_1_567' title='bbox 3351 3823 3517 3887; x_wconf 76' lang='lat' dir='ltr'><strong>viris,</strong></span> <span class='ocrx_word' id='word_1_568' title='bbox 3572 3823 3670 3894; x_wconf 85' lang='lat' dir='ltr'><strong>qui</strong></span> 
     </span>
    </p>
   </div>
   <div class='ocr_carea' id='block_1_80' title="bbox 2072 3909 3670 3987">
    <p class='ocr_par' dir='ltr' id='par_1_80' title="bbox 2072 3909 3670 3987">
     <span class='ocr_line' id='line_1_80' title="bbox 2072 3909 3670 3987; baseline 0.005 -24"><span class='ocrx_word' id='word_1_569' title='bbox 2072 3909 2295 3963; x_wconf 86' lang='lat' dir='ltr'><strong>virtutis</strong></span> <span class='ocrx_word' id='word_1_570' title='bbox 2338 3910 2669 3980; x_wconf 86' lang='lat' dir='ltr'><strong>propensius</strong></span> <span class='ocrx_word' id='word_1_571' title='bbox 2724 3912 2971 3966; x_wconf 89' lang='lat' dir='ltr'><strong>cultores</strong></span> <span class='ocrx_word' id='word_1_572' title='bbox 3020 3922 3237 3980; x_wconf 84' lang='lat' dir='ltr'><strong>essent,</strong></span> <span class='ocrx_word' id='word_1_573' title='bbox 3292 3915 3347 3968; x_wconf 92' lang='lat' dir='ltr'><strong>in</strong></span> <span class='ocrx_word' id='word_1_574' title='bbox 3399 3915 3670 3987; x_wconf 75' lang='lat' dir='ltr'><strong>lacrymas</strong></span> 
     </span>
    </p>
   </div>
   <div class='ocr_carea' id='block_1_81' title="bbox 2064 4001 3669 4078">
    <p class='ocr_par' dir='ltr' id='par_1_81' title="bbox 2064 4001 3669 4078">
     <span class='ocr_line' id='line_1_81' title="bbox 2064 4001 3669 4078; baseline 0.002 -21"><span class='ocrx_word' id='word_1_575' title='bbox 2064 4001 2277 4057; x_wconf 76' lang='lat' dir='ltr'><strong>effusus</strong></span> <span class='ocrx_word' id='word_1_576' title='bbox 2321 4010 2480 4056; x_wconf 88' lang='lat' dir='ltr'><strong>actus</strong></span> <span class='ocrx_word' id='word_1_577' title='bbox 2524 4018 2653 4056; x_wconf 84' lang='lat' dir='ltr'><strong>suos</strong></span> <span class='ocrx_word' id='word_1_578' title='bbox 2695 4003 2993 4057; x_wconf 87' lang='lat' dir='ltr'><strong>referebat.</strong></span> <span class='ocrx_word' id='word_1_579' title='bbox 3035 4004 3300 4060; x_wconf 89' lang='lat' dir='ltr'><strong>Ecclesiis</strong></span> <span class='ocrx_word' id='word_1_580' title='bbox 3355 4007 3537 4061; x_wconf 88' lang='lat' dir='ltr'><strong>omnis</strong></span> <span class='ocrx_word' id='word_1_581' title='bbox 3571 4022 3669 4078; x_wconf 89' lang='lat' dir='ltr'><strong>ge-</strong></span> 
     </span>
    </p>
   </div>
   <div class='ocr_carea' id='block_1_82' title="bbox 2065 4094 3670 4168">
    <p class='ocr_par' dir='ltr' id='par_1_82' title="bbox 2065 4094 3670 4168">
     <span class='ocr_line' id='line_1_82' title="bbox 2065 4094 3670 4168; baseline 0.004 -21"><span class='ocrx_word' id='word_1_582' title='bbox 2065 4094 2218 4148; x_wconf 89' lang='lat' dir='ltr'><strong>neris</strong></span> <span class='ocrx_word' id='word_1_583' title='bbox 2271 4101 2527 4149; x_wconf 89' lang='lat' dir='ltr'><strong>ornatum</strong></span> <span class='ocrx_word' id='word_1_584' title='bbox 2586 4095 2928 4160; x_wconf 87' lang='lat' dir='ltr'><strong>adhibebat;</strong></span> <span class='ocrx_word' id='word_1_585' title='bbox 2996 4098 3286 4151; x_wconf 88' lang='lat' dir='ltr'><strong>monachis</strong></span> <span class='ocrx_word' id='word_1_586' title='bbox 3342 4099 3549 4168; x_wconf 91' lang='lat' dir='ltr'><strong>ubique</strong></span> <span class='ocrx_word' id='word_1_587' title='bbox 3610 4099 3670 4154; x_wconf 88' lang='lat' dir='ltr'><strong>in</strong></span> 
     </span>
    </p>
   </div>
   <div class='ocr_carea' id='block_1_83' title="bbox 2067 4186 3671 4259">
    <p class='ocr_par' dir='ltr' id='par_1_83' title="bbox 2067 4186 3671 4259">
     <span class='ocr_line' id='line_1_83' title="bbox 2067 4186 3671 4259; baseline 0.002 -18"><span class='ocrx_word' id='word_1_588' title='bbox 2067 4186 2353 4241; x_wconf 85' lang='lat' dir='ltr'><strong>montibus</strong></span> <span class='ocrx_word' id='word_1_589' title='bbox 2402 4188 2791 4243; x_wconf 81' lang='lat' dir='ltr'><strong>exercentibus</strong></span> <span class='ocrx_word' id='word_1_590' title='bbox 2841 4204 3073 4243; x_wconf 88' lang='lat' dir='ltr'><strong>munera</strong></span> <span class='ocrx_word' id='word_1_591' title='bbox 3108 4204 3174 4243; x_wconf 86' lang='lat' dir='ltr'><strong>ac</strong></span> <span class='ocrx_word' id='word_1_592' title='bbox 3217 4189 3489 4259; x_wconf 89' lang='lat' dir='ltr'><strong>stipendia</strong></span> <span class='ocrx_word' id='word_1_593' title='bbox 3543 4191 3671 4246; x_wconf 91' lang='lat' dir='ltr'><strong>mit-</strong></span> 
     </span>
    </p>
   </div>
   <div class='ocr_carea' id='block_1_84' title="bbox 2069 4278 3666 4352">
    <p class='ocr_par' dir='ltr' id='par_1_84' title="bbox 2069 4278 3666 4352">
     <span class='ocr_line' id='line_1_84' title="bbox 2069 4278 3666 4352; baseline 0.002 -19"><span class='ocrx_word' id='word_1_594' title='bbox 2069 4278 2238 4334; x_wconf 86' lang='lat' dir='ltr'><strong>tebat.</strong></span> <span class='ocrx_word' id='word_1_595' title='bbox 2273 4278 2605 4333; x_wconf 83' lang='lat' dir='ltr'><strong>Monasteria</strong></span> <span class='ocrx_word' id='word_1_596' title='bbox 2640 4279 2883 4347; x_wconf 87' lang='lat' dir='ltr'><strong>fovebat,</strong></span> <span class='ocrx_word' id='word_1_597' title='bbox 2933 4296 2997 4335; x_wconf 88' lang='lat' dir='ltr'><strong>ac</strong></span> <span class='ocrx_word' id='word_1_598' title='bbox 3040 4280 3107 4336; x_wconf 90' lang='lat' dir='ltr'><strong>iis</strong></span> <span class='ocrx_word' id='word_1_599' title='bbox 3147 4281 3243 4351; x_wconf 91' lang='lat' dir='ltr'><strong>qui</strong></span> <span class='ocrx_word' id='word_1_600' title='bbox 3290 4282 3345 4335; x_wconf 94' lang='lat' dir='ltr'><strong>in</strong></span> <span class='ocrx_word' id='word_1_601' title='bbox 3382 4282 3492 4337; x_wconf 89' lang='lat' dir='ltr'><strong>illis</strong></span> <span class='ocrx_word' id='word_1_602' title='bbox 3534 4298 3666 4352; x_wconf 87' lang='lat' dir='ltr'><strong>pro-</strong></span> 
     </span>
    </p>
   </div>
   <div class='ocr_carea' id='block_1_85' title="bbox 2073 4372 3667 4443">
    <p class='ocr_par' dir='ltr' id='par_1_85' title="bbox 2073 4372 3667 4443">
     <span class='ocr_line' id='line_1_85' title="bbox 2073 4372 3667 4443; baseline 0.003 -18"><span class='ocrx_word' id='word_1_603' title='bbox 2073 4381 2195 4442; x_wconf 89' lang='lat' dir='ltr'><strong>pter</strong></span> <span class='ocrx_word' id='word_1_604' title='bbox 2246 4372 2417 4425; x_wconf 83' lang='lat' dir='ltr'><strong>Deum</strong></span> <span class='ocrx_word' id='word_1_605' title='bbox 2452 4386 2665 4427; x_wconf 89' lang='lat' dir='ltr'><strong>comam</strong></span> <span class='ocrx_word' id='word_1_606' title='bbox 2712 4377 3042 4443; x_wconf 83' lang='lat' dir='ltr'><strong>posueraut‘,</strong></span> <span class='ocrx_word' id='word_1_607' title='bbox 3091 4375 3210 4430; x_wconf 86' lang='lat' dir='ltr'><strong>sive</strong></span> <span class='ocrx_word' id='word_1_608' title='bbox 3248 4376 3415 4431; x_wconf 85' lang='lat' dir='ltr'><strong>etiam</strong></span> <span class='ocrx_word' id='word_1_609' title='bbox 3464 4374 3667 4430; x_wconf 89' lang='lat' dir='ltr'><strong>inclusi</strong></span> 
     </span>
    </p>
   </div>
   <div class='ocr_carea' id='block_1_86' title="bbox 373 4466 3668 4543">
    <p class='ocr_par' dir='ltr' id='par_1_86' title="bbox 373 4466 3668 4543">
     <span class='ocr_line' id='line_1_86' title="bbox 373 4466 3668 4543; baseline 0 -16"><span class='ocrx_word' id='word_1_610' title='bbox 373 4471 629 4543; x_wconf 77' lang='lat' dir='ltr'><strong>agebant,</strong></span> <span class='ocrx_word' id='word_1_611' title='bbox 705 4470 1006 4525; x_wconf 73' lang='lat' dir='ltr'><strong>constituta</strong></span> <span class='ocrx_word' id='word_1_612' title='bbox 1088 4467 1361 4537; x_wconf 87' lang='lat' dir='ltr'><strong>stipendia</strong></span> <span class='ocrx_word' id='word_1_613' title='bbox 1436 4467 1683 4537; x_wconf 74' lang='lat' dir='ltr'><strong>praebere</strong></span> <span class='ocrx_word' id='word_1_614' title='bbox 1730 4483 1843 4523; x_wconf 87' lang='lat' dir='ltr'><strong>non</strong></span> <span class='ocrx_word' id='word_1_615' title='bbox 1879 4466 2153 4525; x_wconf 83' lang='lat' dir='ltr'><strong>cessabat.</strong></span> <span class='ocrx_word' id='word_1_616' title='bbox 2216 4468 2397 4523; x_wconf 89' lang='lat' dir='ltr'><strong>Pauca</strong></span> <span class='ocrx_word' id='word_1_617' title='bbox 2456 4467 2573 4522; x_wconf 57' lang='lat' dir='ltr'><strong>haec</strong></span> <span class='ocrx_word' id='word_1_618' title='bbox 2629 4482 2698 4521; x_wconf 85' lang='lat' dir='ltr'><strong>ex</strong></span> <span class='ocrx_word' id='word_1_619' title='bbox 2753 4469 2948 4525; x_wconf 85' lang='lat' dir='ltr'><strong>multis</strong></span> <span class='ocrx_word' id='word_1_620' title='bbox 3001 4486 3068 4526; x_wconf 86' lang='lat' dir='ltr'><strong>ac</strong></span> <span class='ocrx_word' id='word_1_621' title='bbox 3155 4470 3668 4529; x_wconf 81' lang='lat' dir='ltr'><strong>innumerabilibus</strong></span> 
     </span>
    </p>
   </div>
   <div class='ocr_carea' id='block_1_87' title="bbox 371 4560 2190 4632">
    <p class='ocr_par' dir='ltr' id='par_1_87' title="bbox 371 4560 2190 4632">
     <span class='ocr_line' id='line_1_87' title="bbox 371 4560 2190 4632; baseline -0.003 -12"><span class='ocrx_word' id='word_1_622' title='bbox 371 4566 493 4630; x_wconf 83' lang='lat' dir='ltr'><strong>eius</strong></span> <span class='ocrx_word' id='word_1_623' title='bbox 519 4566 789 4619; x_wconf 89' lang='lat' dir='ltr'><strong>virtutum</strong></span> <span class='ocrx_word' id='word_1_624' title='bbox 834 4564 1425 4632; x_wconf 84' lang='lat' dir='ltr'><strong>eleemosyuarumque</strong></span> <span class='ocrx_word' id='word_1_625' title='bbox 1473 4563 1637 4617; x_wconf 90' lang='lat' dir='ltr'><strong>nobis</strong></span> <span class='ocrx_word' id='word_1_626' title='bbox 1670 4560 1975 4631; x_wconf 87' lang='lat' dir='ltr'><strong>perscripta</strong></span> <span class='ocrx_word' id='word_1_627' title='bbox 2002 4576 2190 4630; x_wconf 85' lang='lat' dir='ltr'><strong>opera.</strong></span> 
     </span>
    </p>
   </div>
   <div class='ocr_carea' id='block_1_88' title="bbox 442 4654 1963 4728">
    <p class='ocr_par' dir='ltr' id='par_1_88' title="bbox 442 4655 1961 4727">
     <span class='ocr_line' id='line_1_88' title="bbox 442 4655 1961 4727; baseline -0.005 -14"><span class='ocrx_word' id='word_1_628' title='bbox 442 4659 540 4713; x_wconf 90' lang='grc' dir='ltr'>λθ’.</span> <span class='ocrx_word' id='word_1_629' title='bbox 586 4657 878 4711; x_wconf 84' lang='grc' dir='ltr'>Ἐπέθεντο</span> <span class='ocrx_word' id='word_1_630' title='bbox 920 4657 1119 4727; x_wconf 85' lang='grc' dir='ltr'>Πέτρῳ</span> <span class='ocrx_word' id='word_1_631' title='bbox 1154 4655 1233 4725; x_wconf 79' lang='grc' dir='ltr'><strong>τῷ</strong></span> <span class='ocrx_word' id='word_1_632' title='bbox 1284 4655 1585 4724; x_wconf 80' lang='grc' dir='ltr'>Βουλγάρῳ</span> <span class='ocrx_word' id='word_1_633' title='bbox 1647 4655 1903 4723; x_wconf 73' lang='grc' dir='ltr'>Ἰωάννης</span> <span class='ocrx_word' id='word_1_634' title='bbox 1932 4656 1961 4706; x_wconf 81' lang='grc' dir='ltr'>ὁ</span> 
     </span>
    </p>
   </div>
   <div class='ocr_carea' id='block_1_89' title="bbox 2068 4654 3668 4728">
    <p class='ocr_par' dir='ltr' id='par_1_89' title="bbox 2140 4654 3668 4728">
     <span class='ocr_line' id='line_1_89' title="bbox 2140 4654 3668 4728; baseline 0.005 -21"><span class='ocrx_word' id='word_1_635' title='bbox 2140 4654 2230 4709; x_wconf 78' lang='lat'><strong>59.</strong></span> <span class='ocrx_word' id='word_1_636' title='bbox 2276 4655 2442 4710; x_wconf 83' lang='lat' dir='ltr'><strong>Petro</strong></span> <span class='ocrx_word' id='word_1_637' title='bbox 2464 4656 2701 4727; x_wconf 86' lang='lat' dir='ltr'><strong>Bulgaro</strong></span> <span class='ocrx_word' id='word_1_638' title='bbox 2741 4656 3040 4711; x_wconf 85' lang='lat' dir='ltr'><strong>insidiatus</strong></span> <span class='ocrx_word' id='word_1_639' title='bbox 3079 4658 3201 4728; x_wconf 85' lang='lat' dir='ltr'><strong>ejus</strong></span> <span class='ocrx_word' id='word_1_640' title='bbox 3228 4655 3401 4711; x_wconf 82' lang='lat' dir='ltr'><strong>frater</strong></span> <span class='ocrx_word' id='word_1_641' title='bbox 3423 4656 3668 4715; x_wconf 74' lang='lat' dir='ltr'><strong>Joannes</strong></span> 
     </span>
    </p>
   </div>
   <div class='ocr_carea' id='block_1_90' title="bbox 371 4745 1960 4822">
    <p class='ocr_par' dir='ltr' id='par_1_90' title="bbox 371 4745 1960 4822">
     <span class='ocr_line' id='line_1_90' title="bbox 371 4745 1960 4822; baseline -0.004 -17"><span class='ocrx_word' id='word_1_642' title='bbox 371 4751 600 4822; x_wconf 71' lang='grc' dir='ltr'>ἀδελφὸς</span> <span class='ocrx_word' id='word_1_643' title='bbox 634 4750 802 4805; x_wconf 76' lang='grc' dir='ltr'>αὑτοῦ</span> <span class='ocrx_word' id='word_1_644' title='bbox 859 4750 998 4818; x_wconf 84' lang='grc' dir='ltr'>μετὰ</span> <span class='ocrx_word' id='word_1_645' title='bbox 1043 4750 1141 4801; x_wconf 74' lang='grc' dir='ltr'>καὶ</span> <span class='ocrx_word' id='word_1_646' title='bbox 1199 4748 1401 4817; x_wconf 74' lang='grc' dir='ltr'>ἐτέρων</span> <span class='ocrx_word' id='word_1_647' title='bbox 1465 4748 1809 4817; x_wconf 71' lang='grc' dir='ltr'>μεγιστάνων</span> <span class='ocrx_word' id='word_1_648' title='bbox 1865 4745 1960 4800; x_wconf 80' lang='grc' dir='ltr'>τοῦ</span> 
     </span>
    </p>
   </div>
   <div class='ocr_carea' id='block_1_91' title="bbox 372 4839 1963 4916">
    <p class='ocr_par' dir='ltr' id='par_1_91' title="bbox 372 4839 1963 4916">
     <span class='ocr_line' id='line_1_91' title="bbox 372 4839 1963 4916; baseline -0.004 -18"><span class='ocrx_word' id='word_1_649' title='bbox 372 4845 618 4916; x_wconf 84' lang='grc' dir='ltr'>Συμεών.</span> <span class='ocrx_word' id='word_1_650' title='bbox 652 4845 764 4898; x_wconf 73' lang='grc' dir='ltr'>Καὶ</span> <span class='ocrx_word' id='word_1_651' title='bbox 799 4841 1169 4911; x_wconf 71' lang='grc' dir='ltr'>φωραθέντες,</span> <span class='ocrx_word' id='word_1_652' title='bbox 1204 4840 1232 4892; x_wconf 84' lang='grc' dir='ltr'><strong>ὀ</strong></span> <span class='ocrx_word' id='word_1_653' title='bbox 1264 4841 1365 4910; x_wconf 78' lang='grc' dir='ltr'>μὲν</span> <span class='ocrx_word' id='word_1_654' title='bbox 1409 4839 1662 4907; x_wconf 82' lang='grc' dir='ltr'>Ἰωάννης</span> <span class='ocrx_word' id='word_1_655' title='bbox 1696 4839 1963 4893; x_wconf 86' lang='grc' dir='ltr'>τύπτεται</span> 
     </span>
    </p>
   </div>
   <div class='ocr_carea' id='block_1_92' title="bbox 369 4932 1963 5007">
    <p class='ocr_par' dir='ltr' id='par_1_92' title="bbox 369 4932 1963 5007">
     <span class='ocr_line' id='line_1_92' title="bbox 369 4932 1963 5007; baseline -0.004 -14"><span class='ocrx_word' id='word_1_656' title='bbox 369 4940 465 4993; x_wconf 79' lang='grc' dir='ltr'>καὶ</span> <span class='ocrx_word' id='word_1_657' title='bbox 496 4936 807 5007; x_wconf 87' lang='grc' dir='ltr'>ἐγκλείεται</span> <span class='ocrx_word' id='word_1_658' title='bbox 834 4936 892 4989; x_wconf 85' lang='grc' dir='ltr'><strong>ἐν</strong></span> <span class='ocrx_word' id='word_1_659' title='bbox 918 4936 983 5005; x_wconf 78' lang='grc' dir='ltr'>τῇ</span> <span class='ocrx_word' id='word_1_660' title='bbox 1016 4934 1256 5005; x_wconf 78' lang='grc' dir='ltr'>φυλακῇ,</span> <span class='ocrx_word' id='word_1_661' title='bbox 1280 4935 1330 4989; x_wconf 91' lang='grc' dir='ltr'><strong>οἱ</strong></span> <span class='ocrx_word' id='word_1_662' title='bbox 1362 4933 1420 4986; x_wconf 78' lang='grc' dir='ltr'>δὲ</span> <span class='ocrx_word' id='word_1_663' title='bbox 1455 4933 1633 4987; x_wconf 81' lang='grc' dir='ltr'>λοιποὶ</span> <span class='ocrx_word' id='word_1_664' title='bbox 1664 4932 1963 5004; x_wconf 85' lang='grc' dir='ltr'>τιμωρίαις</span> 
     </span>
    </p>
   </div>
   <div class='ocr_carea' id='block_1_93' title="bbox 367 5025 1959 5101">
    <p class='ocr_par' dir='ltr' id='par_1_93' title="bbox 367 5025 1959 5101">
     <span class='ocr_line' id='line_1_93' title="bbox 367 5025 1959 5101; baseline -0.004 -12"><span class='ocrx_word' id='word_1_665' title='bbox 367 5033 427 5089; x_wconf 86' lang='grc' dir='ltr'>οὐ</span> <span class='ocrx_word' id='word_1_666' title='bbox 453 5035 574 5096; x_wconf 85' lang='grc' dir='ltr'>ταῖς</span> <span class='ocrx_word' id='word_1_667' title='bbox 601 5029 896 5101; x_wconf 84' lang='grc' dir='ltr'>τυχούσαις</span> <span class='ocrx_word' id='word_1_668' title='bbox 934 5025 1351 5081; x_wconf 77' lang='grc' dir='ltr'>ὑποϐάλλονται.</span> <span class='ocrx_word' id='word_1_669' title='bbox 1385 5026 1555 5080; x_wconf 77' lang='grc' dir='ltr'>Τοῦτο</span> <span class='ocrx_word' id='word_1_670' title='bbox 1588 5025 1777 5097; x_wconf 87' lang='grc' dir='ltr'>μαθὼν</span> <span class='ocrx_word' id='word_1_671' title='bbox 1802 5028 1830 5079; x_wconf 82' lang='grc' dir='ltr'><strong>ὁ</strong></span> <span class='ocrx_word' id='word_1_672' title='bbox 1862 5026 1959 5097; x_wconf 86' lang='grc' dir='ltr'><strong>βα-</strong></span> 
     </span>
    </p>
   </div>
   <div class='ocr_carea' id='block_1_94' title="bbox 368 5117 1892 5190">
    <p class='ocr_par' dir='ltr' id='par_1_94' title="bbox 368 5117 1892 5190">
     <span class='ocr_line' id='line_1_94' title="bbox 368 5117 1892 5190; baseline -0.003 -13"><span class='ocrx_word' id='word_1_673' title='bbox 368 5123 551 5187; x_wconf 75' lang='grc' dir='ltr'>σιλεὺς</span> <span class='ocrx_word' id='word_1_674' title='bbox 582 5120 906 5175; x_wconf 84' lang='grc' dir='ltr'>ἀποστέλλει</span> <span class='ocrx_word' id='word_1_675' title='bbox 945 5119 1043 5171; x_wconf 73' lang='grc' dir='ltr'><strong>καὶ</strong></span> <span class='ocrx_word' id='word_1_676' title='bbox 1078 5117 1456 5189; x_wconf 86' lang='grc' dir='ltr'>ἀναλαμϐάνει</span> <span class='ocrx_word' id='word_1_677' title='bbox 1483 5118 1575 5171; x_wconf 79' lang='grc' dir='ltr'>τὸν</span> <span class='ocrx_word' id='word_1_678' title='bbox 1614 5119 1892 5190; x_wconf 79' lang='grc' dir='ltr'>Ἰωάννην.</span> 
     </span>
    </p>
   </div>
   <div class='ocr_carea' id='block_1_95' title="bbox 442 5213 1956 5288">
    <p class='ocr_par' dir='ltr' id='par_1_95' title="bbox 442 5213 1956 5288">
     <span class='ocr_line' id='line_1_95' title="bbox 442 5213 1956 5288; baseline -0.002 -17"><span class='ocrx_word' id='word_1_679' title='bbox 442 5224 518 5288; x_wconf 82' lang='grc' dir='ltr'>μ’.</span> <span class='ocrx_word' id='word_1_680' title='bbox 549 5217 630 5288; x_wconf 79' lang='grc' dir='ltr'><strong>Τῇ</strong></span> <span class='ocrx_word' id='word_1_681' title='bbox 680 5213 725 5287; x_wconf 82' lang='grc' dir='ltr'><strong>β’</strong></span> <span class='ocrx_word' id='word_1_682' title='bbox 757 5214 945 5287; x_wconf 81' lang='grc' dir='ltr'>ἡμέρᾳ</span> <span class='ocrx_word' id='word_1_683' title='bbox 974 5214 1069 5268; x_wconf 81' lang='grc' dir='ltr'>τοῦ</span> <span class='ocrx_word' id='word_1_684' title='bbox 1121 5214 1371 5285; x_wconf 86' lang='grc' dir='ltr'>Μαρτίου</span> <span class='ocrx_word' id='word_1_685' title='bbox 1435 5214 1624 5286; x_wconf 75' lang='grc' dir='ltr'>μηνὸς,</span> <span class='ocrx_word' id='word_1_686' title='bbox 1672 5215 1956 5286; x_wconf 79' lang='grc' dir='ltr'>Κοσμίτης</span> 
     </span>
    </p>
   </div>
   <div class='ocr_carea' id='block_1_96' title="bbox 367 5306 1956 5379">
    <p class='ocr_par' dir='ltr' id='par_1_96' title="bbox 367 5306 1956 5379">
     <span class='ocr_line' id='line_1_96' title="bbox 367 5306 1956 5379; baseline -0.003 -14"><span class='ocrx_word' id='word_1_687' title='bbox 367 5308 569 5365; x_wconf 75' lang='grc' dir='ltr'>ιπεσεν</span> <span class='ocrx_word' id='word_1_688' title='bbox 603 5312 661 5364; x_wconf 89' lang='grc' dir='ltr'><strong>ἐν</strong></span> <span class='ocrx_word' id='word_1_689' title='bbox 693 5308 770 5379; x_wconf 82' lang='grc' dir='ltr'>τῷ</span> <span class='ocrx_word' id='word_1_690' title='bbox 804 5310 953 5379; x_wconf 77' lang='grc' dir='ltr'><strong>φὸρῳ</strong></span> <span class='ocrx_word' id='word_1_691' title='bbox 1001 5309 1066 5361; x_wconf 86' lang='grc' dir='ltr'><strong>ἐκ</strong></span> <span class='ocrx_word' id='word_1_692' title='bbox 1116 5306 1225 5360; x_wconf 83' lang='grc' dir='ltr'><strong>τῶν</strong></span> <span class='ocrx_word' id='word_1_693' title='bbox 1255 5308 1439 5372; x_wconf 81' lang='grc' dir='ltr'>ἐντοῖς</span> <span class='ocrx_word' id='word_1_694' title='bbox 1473 5308 1753 5378; x_wconf 81' lang='grc' dir='ltr'>στοιχηδὸν</span> <span class='ocrx_word' id='word_1_695' title='bbox 1806 5309 1956 5362; x_wconf 77' lang='grc' dir='ltr'>ἱστα-</span> 
     </span>
    </p>
   </div>
   <div class='ocr_carea' id='block_1_97' title="bbox 372 5401 1955 5474">
    <p class='ocr_par' dir='ltr' id='par_1_97' title="bbox 372 5401 1955 5474">
     <span class='ocr_line' id='line_1_97' title="bbox 372 5401 1955 5474; baseline 0 -18"><span class='ocrx_word' id='word_1_696' title='bbox 372 5403 557 5474; x_wconf 86' lang='grc' dir='ltr'>μένοις</span> <span class='ocrx_word' id='word_1_697' title='bbox 607 5404 789 5456; x_wconf 82' lang='grc' dir='ltr'>ἐκεῖσε</span> <span class='ocrx_word' id='word_1_698' title='bbox 836 5402 1004 5468; x_wconf 87' lang='grc' dir='ltr'>κίοσι,</span> <span class='ocrx_word' id='word_1_699' title='bbox 1040 5402 1137 5455; x_wconf 79' lang='grc' dir='ltr'>καὶ</span> <span class='ocrx_word' id='word_1_700' title='bbox 1154 5402 1477 5455; x_wconf 87' lang='grc' dir='ltr'>ἀπέκτεινεν</span> <span class='ocrx_word' id='word_1_701' title='bbox 1510 5401 1713 5473; x_wconf 75' lang='grc' dir='ltr'>ἄνδρας</span> <span class='ocrx_word' id='word_1_702' title='bbox 1740 5402 1817 5465; x_wconf 76' lang='grc' dir='ltr'><strong>ἓξ.</strong></span> <span class='ocrx_word' id='word_1_703' title='bbox 1853 5403 1894 5455; x_wconf 86' lang='grc' dir='ltr'><strong><em>Γ</em></strong></span> <span class='ocrx_word' id='word_1_704' title='bbox 1898 5404 1955 5456; x_wconf 80' lang='grc' dir='ltr'><strong>έ·⁵</strong></span> 
     </span>
    </p>
   </div>
   <div class='ocr_carea' id='block_1_98' title="bbox 366 5493 1951 5567">
    <p class='ocr_par' dir='ltr' id='par_1_98' title="bbox 366 5493 1951 5567">
     <span class='ocr_line' id='line_1_98' title="bbox 366 5493 1951 5567; baseline 0.001 -20"><span class='ocrx_word' id='word_1_705' title='bbox 366 5510 492 5564; x_wconf 90' lang='grc' dir='ltr'>γονε</span> <span class='ocrx_word' id='word_1_706' title='bbox 537 5496 593 5549; x_wconf 80' lang='grc' dir='ltr'>δὲ</span> <span class='ocrx_word' id='word_1_707' title='bbox 630 5497 727 5548; x_wconf 73' lang='grc' dir='ltr'><strong>καὶ</strong></span> <span class='ocrx_word' id='word_1_708' title='bbox 750 5494 1084 5567; x_wconf 74' lang='grc' dir='ltr'>ἐμπρησμὸς</span> <span class='ocrx_word' id='word_1_709' title='bbox 1120 5494 1199 5557; x_wconf 83' lang='grc' dir='ltr'>εἰς</span> <span class='ocrx_word' id='word_1_710' title='bbox 1224 5493 1317 5547; x_wconf 75' lang='grc' dir='ltr'><strong>τὸν</strong></span> <span class='ocrx_word' id='word_1_711' title='bbox 1344 5494 1444 5564; x_wconf 79' lang='grc' dir='ltr'>τῆς</span> <span class='ocrx_word' id='word_1_712' title='bbox 1481 5495 1790 5566; x_wconf 80' lang='grc' dir='ltr'>ὑπεραγίας</span> <span class='ocrx_word' id='word_1_713' title='bbox 1816 5494 1951 5549; x_wconf 87' lang='grc' dir='ltr'>Θεο-</span> 
     </span>
    </p>
   </div>
   <div class='ocr_carea' id='block_1_99' title="bbox 363 5586 1953 5662">
    <p class='ocr_par' dir='ltr' id='par_1_99' title="bbox 363 5586 1953 5662">
     <span class='ocr_line' id='line_1_99' title="bbox 363 5586 1953 5662; baseline 0.003 -22"><span class='ocrx_word' id='word_1_714' title='bbox 363 5586 529 5641; x_wconf 89' lang='grc' dir='ltr'>τὸκου</span> <span class='ocrx_word' id='word_1_715' title='bbox 561 5588 656 5642; x_wconf 78' lang='grc' dir='ltr'>τοῦ</span> <span class='ocrx_word' id='word_1_716' title='bbox 686 5588 856 5660; x_wconf 83' lang='grc' dir='ltr'>φόρου</span> <span class='ocrx_word' id='word_1_717' title='bbox 883 5587 1135 5660; x_wconf 73' lang='grc' dir='ltr'>ἔμϐολον,</span> <span class='ocrx_word' id='word_1_718' title='bbox 1162 5590 1255 5643; x_wconf 79' lang='grc' dir='ltr'><strong>καὶ</strong></span> <span class='ocrx_word' id='word_1_719' title='bbox 1281 5589 1524 5660; x_wconf 81' lang='grc' dir='ltr'>ἐκάησαν</span> <span class='ocrx_word' id='word_1_720' title='bbox 1551 5588 1622 5643; x_wconf 84' lang='grc' dir='ltr'><strong>τὰ</strong></span> <span class='ocrx_word' id='word_1_721' title='bbox 1653 5589 1953 5662; x_wconf 86' lang='grc' dir='ltr'>κηρόπωλα</span> 
     </span>
    </p>
   </div>
   <div class='ocr_carea' id='block_1_100' title="bbox 363 5679 1434 5755">
    <p class='ocr_par' dir='ltr' id='par_1_100' title="bbox 363 5679 1434 5755">
     <span class='ocr_line' id='line_1_100' title="bbox 363 5679 1434 5755; baseline 0.005 -22"><span class='ocrx_word' id='word_1_722' title='bbox 363 5679 462 5733; x_wconf 71' lang='grc' dir='ltr'><strong>καὶ</strong></span> <span class='ocrx_word' id='word_1_723' title='bbox 487 5682 555 5736; x_wconf 88' lang='grc' dir='ltr'><strong>τά</strong></span> <span class='ocrx_word' id='word_1_724' title='bbox 583 5682 852 5752; x_wconf 85' lang='grc' dir='ltr'>γουνάρια</span> <span class='ocrx_word' id='word_1_725' title='bbox 881 5681 1043 5755; x_wconf 75' lang='grc' dir='ltr'>μέχρι</span> <span class='ocrx_word' id='word_1_726' title='bbox 1076 5682 1187 5736; x_wconf 86' lang='grc' dir='ltr'><strong>τῶν</strong></span> <span class='ocrx_word' id='word_1_727' title='bbox 1218 5683 1434 5754; x_wconf 79' lang='grc' dir='ltr'>Ψιχῶν.</span> 
     </span>
    </p>
   </div>
   <div class='ocr_carea' id='block_1_101' title="bbox 438 5854 1950 5931">
    <p class='ocr_par' dir='ltr' id='par_1_101' title="bbox 438 5854 1950 5931">
     <span class='ocr_line' id='line_1_101' title="bbox 438 5854 1950 5931; baseline 0.003 -21"><span class='ocrx_word' id='word_1_728' title='bbox 438 5862 548 5926; x_wconf 83' lang='grc' dir='ltr'>μα’.</span> <span class='ocrx_word' id='word_1_729' title='bbox 579 5854 670 5927; x_wconf 82' lang='grc' dir='ltr'><strong>Τῷ</strong></span> <span class='ocrx_word' id='word_1_730' title='bbox 721 5857 775 5911; x_wconf 79' lang='grc' dir='ltr'>δὲ</span> <span class='ocrx_word' id='word_1_731' title='bbox 816 5858 1117 5929; x_wconf 78' lang='grc' dir='ltr'>Αὐγούστῳ</span> <span class='ocrx_word' id='word_1_732' title='bbox 1154 5859 1321 5930; x_wconf 72' lang='grc' dir='ltr'>μηνὶ,</span> <span class='ocrx_word' id='word_1_733' title='bbox 1365 5858 1462 5930; x_wconf 87' lang='grc' dir='ltr'>τῆς</span> <span class='ocrx_word' id='word_1_734' title='bbox 1507 5859 1548 5914; x_wconf 83' lang='grc' dir='ltr'>δ’</span> <span class='ocrx_word' id='word_1_735' title='bbox 1597 5859 1950 5931; x_wconf 82' lang='grc' dir='ltr'>ίνδικτιῶνος,</span> 
     </span>
    </p>
   </div>
   <div class='ocr_carea' id='block_1_102' title="bbox 2068 4747 3666 4819">
    <p class='ocr_par' dir='ltr' id='par_1_102' title="bbox 2068 4747 3666 4819">
     <span class='ocr_line' id='line_1_102' title="bbox 2068 4747 3666 4819; baseline 0.003 -20"><span class='ocrx_word' id='word_1_736' title='bbox 2068 4761 2194 4800; x_wconf 93' lang='lat' dir='ltr'><strong>cum</strong></span> <span class='ocrx_word' id='word_1_737' title='bbox 2268 4748 2392 4804; x_wconf 90' lang='lat' dir='ltr'><strong>aliis</strong></span> <span class='ocrx_word' id='word_1_738' title='bbox 2470 4747 2762 4819; x_wconf 84' lang='lat' dir='ltr'><strong>Symeonis</strong></span> <span class='ocrx_word' id='word_1_739' title='bbox 2837 4749 3167 4817; x_wconf 89' lang='lat' dir='ltr'><strong>proceribus</strong></span> <span class='ocrx_word' id='word_1_740' title='bbox 3225 4766 3237 4802; x_wconf 92' lang='lat'>:</span> <span class='ocrx_word' id='word_1_741' title='bbox 3297 4748 3666 4819; x_wconf 88' lang='lat' dir='ltr'><strong>deprehensi,</strong></span> 
     </span>
    </p>
   </div>
   <div class='ocr_carea' id='block_1_103' title="bbox 2063 4837 3666 4909">
    <p class='ocr_par' dir='ltr' id='par_1_103' title="bbox 2063 4837 3666 4909">
     <span class='ocr_line' id='line_1_103' title="bbox 2063 4837 3666 4909; baseline 0.002 -16"><span class='ocrx_word' id='word_1_742' title='bbox 2063 4837 2306 4894; x_wconf 83' lang='lat' dir='ltr'><strong>Joannes</strong></span> <span class='ocrx_word' id='word_1_743' title='bbox 2350 4839 2575 4909; x_wconf 89' lang='lat' dir='ltr'><strong>quidem</strong></span> <span class='ocrx_word' id='word_1_744' title='bbox 2638 4840 2971 4895; x_wconf 80' lang='lat' dir='ltr'><strong>verberibus</strong></span> <span class='ocrx_word' id='word_1_745' title='bbox 3023 4840 3260 4896; x_wconf 69' lang='lat' dir='ltr'><strong>affectus</strong></span> <span class='ocrx_word' id='word_1_746' title='bbox 3324 4855 3390 4897; x_wconf 87' lang='lat' dir='ltr'><strong>ac</strong></span> <span class='ocrx_word' id='word_1_747' title='bbox 3454 4843 3666 4897; x_wconf 76' lang='lat' dir='ltr'><strong>carceri</strong></span> 
     </span>
    </p>
   </div>
   <div class='ocr_carea' id='block_1_104' title="bbox 2066 4932 3665 5003">
    <p class='ocr_par' dir='ltr' id='par_1_104' title="bbox 2066 4932 3665 5003">
     <span class='ocr_line' id='line_1_104' title="bbox 2066 4932 3665 5003; baseline 0.003 -18"><span class='ocrx_word' id='word_1_748' title='bbox 2066 4932 2439 5001; x_wconf 85' lang='lat' dir='ltr'><strong>mancipatus,</strong></span> <span class='ocrx_word' id='word_1_749' title='bbox 2474 4932 2672 5002; x_wconf 83' lang='lat' dir='ltr'><strong>reliqui</strong></span> <span class='ocrx_word' id='word_1_750' title='bbox 2711 4949 2844 4987; x_wconf 78' lang='lat' dir='ltr'><strong>vero</strong></span> <span class='ocrx_word' id='word_1_751' title='bbox 2878 4948 2989 4987; x_wconf 91' lang='lat' dir='ltr'><strong>non</strong></span> <span class='ocrx_word' id='word_1_752' title='bbox 3014 4933 3332 5003; x_wconf 84' lang='lat' dir='ltr'><strong>vulgaribus</strong></span> <span class='ocrx_word' id='word_1_753' title='bbox 3365 4936 3665 4996; x_wconf 83' lang='lat' dir='ltr'><strong>examinati</strong></span> 
     </span>
    </p>
   </div>
   <div class='ocr_carea' id='block_1_105' title="bbox 2062 5023 3664 5094">
    <p class='ocr_par' dir='ltr' id='par_1_105' title="bbox 2062 5023 3664 5094">
     <span class='ocr_line' id='line_1_105' title="bbox 2062 5023 3664 5094; baseline 0.003 -18"><span class='ocrx_word' id='word_1_754' title='bbox 2062 5023 2354 5091; x_wconf 86' lang='lat' dir='ltr'><strong>suppliciis</strong></span> <span class='ocrx_word' id='word_1_755' title='bbox 2397 5032 2547 5078; x_wconf 90' lang='lat' dir='ltr'><strong>sunt.</strong></span> <span class='ocrx_word' id='word_1_756' title='bbox 2586 5024 2893 5093; x_wconf 85' lang='lat' dir='ltr'><strong>Imperator</strong></span> <span class='ocrx_word' id='word_1_757' title='bbox 2924 5024 3019 5077; x_wconf 91' lang='lat' dir='ltr'><strong>ubi</strong></span> <span class='ocrx_word' id='word_1_758' title='bbox 3056 5024 3335 5093; x_wconf 82' lang='lat' dir='ltr'><strong>cognovit,</strong></span> <span class='ocrx_word' id='word_1_759' title='bbox 3369 5026 3466 5094; x_wconf 90' lang='lat' dir='ltr'><strong>qui</strong></span> <span class='ocrx_word' id='word_1_760' title='bbox 3506 5024 3573 5079; x_wconf 85' lang='lat' dir='ltr'><strong>ad</strong></span> <span class='ocrx_word' id='word_1_761' title='bbox 3602 5038 3664 5081; x_wconf 88' lang='lat' dir='ltr'><strong>se</strong></span> 
     </span>
    </p>
   </div>
   <div class='ocr_carea' id='block_1_106' title="bbox 2060 5112 2863 5171">
    <p class='ocr_par' dir='ltr' id='par_1_106' title="bbox 2060 5112 2863 5171">
     <span class='ocr_line' id='line_1_106' title="bbox 2060 5112 2863 5171; baseline 0.002 -2"><span class='ocrx_word' id='word_1_762' title='bbox 2060 5112 2327 5169; x_wconf 78' lang='lat' dir='ltr'><strong>Joannem</strong></span> <span class='ocrx_word' id='word_1_763' title='bbox 2363 5114 2641 5169; x_wconf 84' lang='lat' dir='ltr'><strong>adducant</strong></span> <span class='ocrx_word' id='word_1_764' title='bbox 2672 5116 2863 5171; x_wconf 89' lang='lat' dir='ltr'><strong>mittit.</strong></span> 
     </span>
    </p>
   </div>
   <div class='ocr_carea' id='block_1_107' title="bbox 2132 5196 3662 5265">
    <p class='ocr_par' dir='ltr' id='par_1_107' title="bbox 2132 5196 3662 5265">
     <span class='ocr_line' id='line_1_107' title="bbox 2132 5196 3662 5265; baseline 0.003 -5"><span class='ocrx_word' id='word_1_765' title='bbox 2132 5206 2221 5260; x_wconf 86' lang='grc'><strong>40.</strong></span> <span class='ocrx_word' id='word_1_766' title='bbox 2275 5207 2476 5263; x_wconf 84' lang='lat' dir='ltr'><strong>Mensis</strong></span> <span class='ocrx_word' id='word_1_767' title='bbox 2523 5196 2701 5261; x_wconf 71' lang='lat' dir='ltr'><strong>Martii</strong></span> <span class='ocrx_word' id='word_1_768' title='bbox 2749 5208 2839 5263; x_wconf 90' lang='lat' dir='ltr'><strong>die</strong></span> <span class='ocrx_word' id='word_1_769' title='bbox 2882 5209 3055 5262; x_wconf 84' lang='lat' dir='ltr'><strong>altera</strong></span> <span class='ocrx_word' id='word_1_770' title='bbox 3102 5205 3376 5264; x_wconf 87' lang='lat' dir='ltr'><strong>Cosmites</strong></span> <span class='ocrx_word' id='word_1_771' title='bbox 3424 5207 3478 5262; x_wconf 86' lang='lat' dir='ltr'><strong>iu</strong></span> <span class='ocrx_word' id='word_1_772' title='bbox 3538 5207 3662 5265; x_wconf 83' lang='lat' dir='ltr'><strong>foro</strong></span> 
     </span>
    </p>
   </div>
   <div class='ocr_carea' id='block_1_108' title="bbox 2061 5299 3661 5372">
    <p class='ocr_par' dir='ltr' id='par_1_108' title="bbox 2061 5299 3661 5372">
     <span class='ocr_line' id='line_1_108' title="bbox 2061 5299 3661 5372; baseline 0.001 -17"><span class='ocrx_word' id='word_1_773' title='bbox 2061 5301 2267 5355; x_wconf 84' lang='lat' dir='ltr'><strong>cecidit</strong></span> <span class='ocrx_word' id='word_1_774' title='bbox 2311 5317 2378 5356; x_wconf 80' lang='lat' dir='ltr'><strong>ex</strong></span> <span class='ocrx_word' id='word_1_775' title='bbox 2415 5302 2483 5357; x_wconf 90' lang='lat' dir='ltr'><strong>iis</strong></span> <span class='ocrx_word' id='word_1_776' title='bbox 2528 5302 2621 5372; x_wconf 91' lang='lat' dir='ltr'><strong>qui</strong></span> <span class='ocrx_word' id='word_1_777' title='bbox 2671 5301 2946 5357; x_wconf 89' lang='lat' dir='ltr'><strong>columnis</strong></span> <span class='ocrx_word' id='word_1_778' title='bbox 2985 5315 3084 5369; x_wconf 89' lang='lat' dir='ltr'><strong>per</strong></span> <span class='ocrx_word' id='word_1_779' title='bbox 3134 5299 3385 5354; x_wconf 91' lang='lat' dir='ltr'><strong>ordinem</strong></span> <span class='ocrx_word' id='word_1_780' title='bbox 3421 5299 3499 5355; x_wconf 88' lang='lat' dir='ltr'><strong>ibi</strong></span> <span class='ocrx_word' id='word_1_781' title='bbox 3534 5316 3661 5356; x_wconf 88' lang='lat' dir='ltr'><strong>ere-</strong></span> 
     </span>
    </p>
   </div>
   <div class='ocr_carea' id='block_1_109' title="bbox 2059 5392 3658 5464">
    <p class='ocr_par' dir='ltr' id='par_1_109' title="bbox 2059 5392 3658 5464">
     <span class='ocr_line' id='line_1_109' title="bbox 2059 5392 3658 5464; baseline -0.001 -16"><span class='ocrx_word' id='word_1_782' title='bbox 2059 5393 2164 5448; x_wconf 88' lang='lat' dir='ltr'><strong>ctis</strong></span> <span class='ocrx_word' id='word_1_783' title='bbox 2212 5394 2452 5464; x_wconf 86' lang='lat' dir='ltr'><strong>impositi</strong></span> <span class='ocrx_word' id='word_1_784' title='bbox 2497 5403 2629 5451; x_wconf 86' lang='lat' dir='ltr'><strong>sunt</strong></span> <span class='ocrx_word' id='word_1_785' title='bbox 2702 5404 2758 5449; x_wconf 90' lang='lat' dir='ltr'><strong>et</strong></span> <span class='ocrx_word' id='word_1_786' title='bbox 2791 5409 2886 5449; x_wconf 90' lang='lat' dir='ltr'><strong>sex</strong></span> <span class='ocrx_word' id='word_1_787' title='bbox 2935 5394 3085 5449; x_wconf 89' lang='lat' dir='ltr'><strong>viros</strong></span> <span class='ocrx_word' id='word_1_788' title='bbox 3127 5393 3423 5463; x_wconf 90' lang='lat' dir='ltr'><strong>oppressit.</strong></span> <span class='ocrx_word' id='word_1_789' title='bbox 3464 5392 3658 5448; x_wconf 84' lang='lat' dir='ltr'><strong>Conti-</strong></span> 
     </span>
    </p>
   </div>
   <div class='ocr_carea' id='block_1_110' title="bbox 2058 5485 3652 5558">
    <p class='ocr_par' dir='ltr' id='par_1_110' title="bbox 2058 5485 3652 5558">
     <span class='ocr_line' id='line_1_110' title="bbox 2058 5485 3652 5558; baseline 0 -17"><span class='ocrx_word' id='word_1_790' title='bbox 2058 5488 2137 5558; x_wconf 87' lang='lat' dir='ltr'><strong>git</strong></span> <span class='ocrx_word' id='word_1_791' title='bbox 2197 5503 2331 5543; x_wconf 89' lang='lat' dir='ltr'><strong>vero</strong></span> <span class='ocrx_word' id='word_1_792' title='bbox 2392 5490 2560 5544; x_wconf 88' lang='lat' dir='ltr'><strong>etiam</strong></span> <span class='ocrx_word' id='word_1_793' title='bbox 2629 5489 2947 5544; x_wconf 88' lang='lat' dir='ltr'><strong>incendium</strong></span> <span class='ocrx_word' id='word_1_794' title='bbox 3016 5487 3083 5542; x_wconf 88' lang='lat' dir='ltr'><strong>ad</strong></span> <span class='ocrx_word' id='word_1_795' title='bbox 3140 5485 3500 5543; x_wconf 73' lang='lat' dir='ltr'><strong>sanctissimae</strong></span> <span class='ocrx_word' id='word_1_796' title='bbox 3552 5486 3652 5541; x_wconf 87' lang='lat' dir='ltr'><strong>Dei</strong></span> 
     </span>
    </p>
   </div>
   <div class='ocr_carea' id='block_1_111' title="bbox 2061 5579 3653 5653">
    <p class='ocr_par' dir='ltr' id='par_1_111' title="bbox 2061 5579 3653 5653">
     <span class='ocr_line' id='line_1_111' title="bbox 2061 5579 3653 5653; baseline -0.001 -17"><span class='ocrx_word' id='word_1_797' title='bbox 2061 5580 2359 5636; x_wconf 87' lang='lat' dir='ltr'><strong>Genitricis</strong></span> <span class='ocrx_word' id='word_1_798' title='bbox 2443 5583 2570 5637; x_wconf 86' lang='lat' dir='ltr'><strong>Fori</strong></span> <span class='ocrx_word' id='word_1_799' title='bbox 2651 5583 2926 5653; x_wconf 90' lang='lat' dir='ltr'><strong>porticum</strong></span> <span class='ocrx_word' id='word_1_800' title='bbox 2971 5623 2988 5649; x_wconf 93' lang='lat'><strong>,</strong></span> <span class='ocrx_word' id='word_1_801' title='bbox 3068 5579 3424 5650; x_wconf 90' lang='lat' dir='ltr'><strong>incenditque</strong></span> <span class='ocrx_word' id='word_1_802' title='bbox 3497 5593 3653 5634; x_wconf 84' lang='lat' dir='ltr'><strong>cera-</strong></span> 
     </span>
    </p>
   </div>
   <div class='ocr_carea' id='block_1_112' title="bbox 2054 5670 3655 5746">
    <p class='ocr_par' dir='ltr' id='par_1_112' title="bbox 2054 5670 3655 5746">
     <span class='ocr_line' id='line_1_112' title="bbox 2054 5670 3655 5746; baseline -0.001 -18"><span class='ocrx_word' id='word_1_803' title='bbox 2054 5674 2267 5729; x_wconf 89' lang='lat' dir='ltr'><strong>riorum</strong></span> <span class='ocrx_word' id='word_1_804' title='bbox 2292 5675 2844 5746; x_wconf 87' lang='lat' dir='ltr'><strong>pelliciariorumque</strong></span> <span class='ocrx_word' id='word_1_805' title='bbox 2887 5674 3168 5741; x_wconf 83' lang='lat' dir='ltr'><strong>oﬂicinas,</strong></span> <span class='ocrx_word' id='word_1_806' title='bbox 3202 5687 3380 5742; x_wconf 89' lang='lat' dir='ltr'><strong>usque</strong></span> <span class='ocrx_word' id='word_1_807' title='bbox 3417 5670 3485 5728; x_wconf 88' lang='lat' dir='ltr'><strong>ad</strong></span> <span class='ocrx_word' id='word_1_808' title='bbox 3530 5670 3655 5729; x_wconf 83' lang='lat' dir='ltr'><strong>Psi-</strong></span> 
     </span>
    </p>
   </div>
   <div class='ocr_carea' id='block_1_113' title="bbox 2059 5768 2214 5825">
    <p class='ocr_par' dir='ltr' id='par_1_113' title="bbox 2059 5768 2214 5825">
     <span class='ocr_line' id='line_1_113' title="bbox 2059 5768 2214 5825; baseline -0.006 0"><span class='ocrx_word' id='word_1_809' title='bbox 2059 5768 2214 5825; x_wconf 79' lang='lat' dir='ltr'><strong>t‘has.</strong></span> 
     </span>
    </p>
   </div>
   <div class='ocr_carea' id='block_1_114' title="bbox 2134 5861 3655 5934">
    <p class='ocr_par' dir='ltr' id='par_1_114' title="bbox 2134 5861 3655 5934">
     <span class='ocr_line' id='line_1_114' title="bbox 2134 5861 3655 5934; baseline -0.001 -17"><span class='ocrx_word' id='word_1_810' title='bbox 2134 5862 2222 5918; x_wconf 75' lang='grc'><strong>41,</strong></span> <span class='ocrx_word' id='word_1_811' title='bbox 2272 5861 2453 5919; x_wconf 78' lang='lat' dir='ltr'><strong>Mense</strong></span> <span class='ocrx_word' id='word_1_812' title='bbox 2500 5861 2765 5934; x_wconf 80' lang='lat' dir='ltr'><strong>Augusto,</strong></span> <span class='ocrx_word' id='word_1_813' title='bbox 2802 5862 3107 5921; x_wconf 84' lang='lat' dir='ltr'><strong>indictione</strong></span> <span class='ocrx_word' id='word_1_814' title='bbox 3152 5871 3366 5934; x_wconf 84' lang='lat' dir='ltr'><strong>quarta.</strong></span> <span class='ocrx_word' id='word_1_815' title='bbox 3397 5871 3655 5915; x_wconf 81' lang='lat' dir='ltr'><strong>mortuus</strong></span> 
     </span>
    </p>
   </div>
  </div>
