4124 6432
392 398 396 406 “
422 393 530 458 807

1595 375 1972 436 SYMEONIS
2005 373 2158 432 MAG
2169 372 2372 432 ISTRI

3585 358 3692 421 ξοδ

426 522 510 568 cst
543 479 970 577 Cbristophorus
1013 504 1312 574 imperator
1351 506 1517 567 atque
1557 497 1609 548 iu
1643 496 1808 548 domo
1845 491 2014 562 patris

2141 489 2344 560 τελευτᾷ
2375 485 2746 559 Χριστοφόρος
2784 485 2812 536 ὁ
2844 480 3122 551 βασιλεὺς,
3169 477 3266 531 καὶ
3296 475 3470 544 ἐτάφη
3517 475 3576 526 ἐν
3615 474 3694 543 τῷ

427 603 693 674 sepultus.
753 598 975 670 Trypho
1033 609 1252 666 quoque
1310 589 1656 662 patriarcha,
1706 585 1866 657 745
1915 584 2008 654 qui

429 694 796 767 praestitutum
843 693 955 762 jam
1007 699 1224 757 tempus
1278 698 1508 739 munere
1567 680 1791 734 functus
1838 685 2012 740 esset,

429 784 720 840 abdicatus
765 783 818 836 in
862 797 962 836 suo
1011 776 1347 833 monasterio
1377 772 1597 828 vivendi
1646 772 1808 824 linem
1859 767 2011 822 facit.

431 877 605 930 l’orro
641 874 890 929 Ecclesia
933 885 1140 925 annum
1200 884 1370 922 unum
1416 875 1473 920 et
1513 879 1730 918 menses
1769 862 2014 932 quinque

431 969 503 1023 ob
542 967 892 1020 immaturam
940 959 1335 1030 Theophylacti
1376 953 1611 1012 Romani
1659 953 1754 1007 lilii
1798 960 2014 1006 aetatem

433 1069 654 1130 pastore
679 1058 845 1112 vidua
869 1056 996 1126 agit.

504 1152 596 1206 42.
631 1151 904 1219 lmpostor
931 1146 1152 1216 quidam
1200 1142 1439 1197 Basilius
1469 1139 1714 1205 Macedo,
1745 1137 2020 1194 Constan-

438 1245 613 1299 tinum
641 1244 845 1296 Ducam
882 1254 1002 1294 sese
1024 1239 1302 1308 jactitans,
1333 1235 1520 1304 plures
1552 1248 1739 1287 secum
1773 1231 2016 1285 abduce-

441 1344 553 1391 bat.
589 1334 688 1388 llic
721 1341 912 1402 captus
942 1347 1066 1386 cum
1102 1338 1269 1389 esset.
1305 1329 1476 1382 altera
1506 1340 1768 1380 manuum
1817 1325 2018 1378 multa-

440 1436 548 1482 tur.
579 1427 827 1496 Tumque
841 1424 1186 1479 occasionem
1206 1429 1403 1475 nactus
1429 1435 1620 1473 rursus
1645 1417 1712 1471 ad
1733 1416 2016 1486 Opsicium

436 1521 623 1584 venit;
655 1531 919 1586 azneaque
949 1531 1118 1569 manu
1150 1515 1269 1584 ejus
1317 1513 1438 1566 loco
1487 1526 1608 1579 qua:
1659 1518 1849 1578 putata
1899 1515 2019 1561 erat

438 1615 542 1670 sibi
570 1621 774 1683 aptata,
801 1626 865 1666 ac
890 1609 1202 1680 praegrandi
1245 1608 1511 1662 fabricato
1539 1619 1693 1667 ense,
1713 1602 2019 1672 pertransi-

2115 584 2250 652 οίκῳ
2283 579 2378 633 τοῦ
2419 581 2625 649 πατρὸς
2655 576 2845 632 αὐτοῦ.
2883 574 3214 643 Κατήγαγον
3248 569 3301 622 δὲ
3327 571 3421 621 καὶ
3448 567 3539 620 τὸν
3591 583 3697 617 πα-

2112 675 2383 744 τριάρχην
2415 672 2690 743 Τρύφωνα
2719 671 2811 722 τὸν
2849 667 3014 738 ῥητὸν
3033 666 3224 735 χρόνον
3251 661 3572 724 τελέσαντα,
3602 660 3697 710 καὶ

2115 765 2172 818 ἐν
2190 767 2254 835 τῇ
2290 764 2394 834 ἰδίᾳ
2413 766 2546 834 μονῇ
2577 763 2822 832 τελευτᾷ.
2841 758 3079 829 Χηρεύει
3108 757 3216 826 δὲὴ
3255 752 3555 822 Ἐκκλησία
3579 750 3694 820 χρό-

2115 873 2204 910 νον
2247 854 2295 909 α’
2323 857 2498 926 μῆνας
2521 854 2583 920 ε’,
2612 853 2701 907 διὰ
2723 854 2784 906 τὸ
2811 851 2998 913 ἀτελὲς
3036 847 3420 917 Θεοφυλάκτου
3453 844 3547 898 τοῦ
3577 843 3697 897 υἱοῦ

2129 947 2435 1016 Ῥωμανοῦ.

2189 1125 2605 1197 μβηοΒασίλειος
2643 1123 2700 1178 δέ
2733 1140 2816 1185 τις
2861 1119 3132 1177 Μακεδὼν
3171 1118 3370 1178 πλάνος
3402 1118 3694 1170 Κωνσταν-

2116 1221 2258 1272 τίνον
2293 1217 2471 1270 Δοῦκα
2499 1215 2693 1270 ἑαυτὸν
2741 1210 2879 1268 εἶναι
2929 1210 3297 1280 ἐπιφημίσας,
3323 1206 3553 1268 πολλοὺς
3581 1205 3702 1275 μεθ’

2118 1311 2312 1364 ἑαυτοῦ
2345 1310 2702 1378 συνεπήγετο.
2729 1301 2896 1368 Οὗτος
2921 1303 3204 1374 συσχεθεὶς
3227 1303 3325 1372 τῆς
3359 1301 3488 1368 μιᾶς
3517 1298 3703 1368 χειρῆς

2117 1401 2522 1469 ἀλλοτριοῦται.
2557 1397 2690 1454 Εἶτα
2721 1398 2914 1468 καιροῦ
2958 1397 3258 1465 λαϐόμενος
3289 1391 3704 1459 καταλαμϐάνει

2118 1497 2282 1549 πάλιν
2309 1497 2370 1548 τὸ
2401 1495 2664 1564 Ὀψίκιον,
2688 1493 2784 1546 καὶ
2804 1493 2962 1560 χεῖρα
2990 1489 3200 1560 χαλκῆν
3227 1485 3350 1539 ἀντὶ
3377 1486 3476 1553 τῆς
3513 1481 3702 1536 κοπεί-

2120 1608 2220 1661 σης
2270 1587 2800 1659 προσαρμοσάμενος
2831 1587 2926 1636 καὶ
2973 1581 3186 1648 σπάθην
3226 1577 3578 1648 ὑπερμεγέθη
3605 1592 3708 1627 κα-

437 1708 532 1762 bat
553 1706 758 1760 multos
784 1704 1078 1766 seducens,
1111 1717 1177 1756 ac
1200 1701 1245 1755 si
1275 1702 1392 1769 ipse
1419 1697 1818 1754 Constantinus
1840 1696 2018 1748 Ducas

2141 1679 2594 1749 τασκευασάμενος
2625 1678 2880 1747 διήρχετο
2916 1673 3136 1728 πλανῶν
3176 1671 3406 1733 πολλοὺς
3437 1670 3511 1732 ὼς
3545 1667 3707 1729 αὐτὺς

437 1806 606 1852 esset.
627 1794 910 1864 Captaque
933 1808 1061 1847 arce
1085 1793 1175 1847 cui
1208 1791 1339 1846 Lata
1370 1791 1529 1845 Petra
1563 1802 1784 1848 nomen,
1820 1785 2019 1838 multa-

2118 1774 2200 1844 εἴη
2224 1775 2635 1834 Κωνσταντῖνος
2665 1773 2692 1823 ὁ
2721 1769 2926 1831 Δοῦκας
2950 1781 2963 1794 ·
2993 1767 3086 1818 καὶ
3115 1763 3377 1834 φρούριον
3411 1755 3703 1828 κατασχὼν

439 1899 548 1960 que
579 1897 837 1959 congesta
873 1901 1220 1941 annonarum
1248 1884 1427 1953 copia,
1476 1895 1728 1951 magnam
1755 1879 2020 1934 adversus

2141 1867 2150 1916 ι
2180 1867 2412 1919 Πλατεῖα
2441 1865 2616 1936 πέτρα
2643 1860 3100 1931 κατονομάζεται,
3135 1858 3231 1911 καὶ
3257 1853 3468 1927 τροφὴν
3503 1852 3704 1920 πολλὴν

441 1995 555 2034 rem
591 1979 896 2034 Romanam
927 1978 1130 2031 excitat
1165 1975 1547 2035 rebellionem,
1569 1987 1665 2026 eos
1697 1971 1787 2039 qui
1817 1971 1872 2023 in
1893 1984 2020 2023 eum

443 2071 769 2126 incidissent
820 2069 1169 2140 depmdans,
1222 2067 1606 2136 populansque
1657 2061 2018 2133 provinciam.

441 2163 713 2219 Carterum
737 2177 864 2217 cum
900 2161 1086 2216 denuo
1113 2167 1309 2228 captus
1338 2165 1488 2212 esset
1513 2156 1566 2208 in
1600 2155 1797 2208 urbem
1847 2153 2022 2207 addu-

441 2264 590 2310 ctum
620 2255 687 2309 ad
713 2251 1042 2309 Amastriani
1079 2249 1260 2304 forum
1295 2247 1741 2302 combusserunt.

513 2349 603 2402 45.
643 2346 944 2402 Februario
962 2357 1172 2406 mense,
1215 2349 1367 2396 sexta
1398 2339 1727 2402 indictione,
1773 2337 1863 2392 die
1886 2337 2026 2390 festo

447 2452 735 2499 occursus,
766 2450 931 2505 quem
951 2434 1063 2488 dixi
1096 2431 1567 2502 Theopbylactum
1599 2429 1830 2483 Romani
1855 2427 2027 2482 ﬁlium

448 2527 761 2598 patriarcha
790 2524 1099 2588 ordinatur,
1129 2538 1261 2577 cum
1286 2521 1477 2575 vicarii
1517 2521 1690 2574 Roma
1721 2518 2026 2583 venissent,

449 2622 617 2674 allato
644 2627 798 2673 tonio
825 2615 1113 2687 synodico,
1136 2613 1205 2668 de
1237 2613 1386 2668 illius
1442 2611 1832 2682 praescribente
1873 2609 2030 2664 ordi-

450 2711 712 2776 natione;
747 2724 778 2763 a
809 2707 1012 2778 quibus
1032 2705 1196 2760 etiam
1241 2705 1294 2758 in
1326 2703 1680 2774 patriarcbali
1731 2702 1861 2755 sede
1914 2701 2030 2755 col-

452 2805 670 2858 locatus
711 2807 818 2855 est.
870 2800 1042 2854 Porro
1082 2798 1364 2852 Romanus
1409 2797 1708 2865 imperator
1771 2794 1880 2847 ﬁlio
1932 2808 2032 2846 suo

454 2893 737 2962 Stephano
771 2905 1000 2946 uxorem
1023 2886 1246 2952 locavit,
1277 2891 1491 2941 Annam
1540 2887 1705 2940 tiliam
1751 2884 2029 2949 Gamalze;

452 3000 576 3056 quae
593 2997 649 3040 et
669 2991 796 3056 post
821 2982 1096 3054 nuptiales
1129 2982 1366 3038 corollas
1397 2979 1668 3053 augustali
1694 2993 1900 3034 corona
1929 2978 2030 3032 do-

453 3087 584 3131 nata
611 3086 717 3132 εει.

2123 1960 2486 2029 ἀποθέμενος,
2529 1958 2774 2029 μεγάλην
2827 1955 2968 2009 κατὰ
3037 1951 3350 2022 Ῥωμανίαν
3403 1947 3702 2013 ἀνταρσίαν

2125 2057 2284 2120 κινεῖ,
2315 2052 2668 2122 προνομεύων
2695 2053 2789 2106 καὶ
2804 2047 3081 2122 λεηλατῶν
3103 2045 3229 2108 τοὺς
3258 2039 3706 2114 παρατυγχάνον-

2125 2165 2243 2209 τας.
2279 2145 2480 2199 Τοῦτον
2513 2145 2890 2216 κρατήσαντες
2925 2141 3199 2208 ἀνήγαγον
3227 2138 3283 2188 έν
3312 2137 3377 2205 τῇ
3404 2132 3577 2194 πόλει,
3612 2129 3709 2184 καὶ

2127 2242 2184 2293 ἓν
2203 2242 2314 2304 τοῖς
2357 2237 2759 2308 ’Δμαστριανοῦ
2791 2235 3053 2289 ἔκαυσαν.

2203 2340 2310 2405 μγ’.
2350 2332 2440 2402 Τῷ
2481 2332 2538 2385 δὲ
2557 2329 2911 2401 Φεϐρουαρίῳ
2945 2324 3097 2398 μηνὶ,
3132 2324 3231 2394 τῆς
3273 2327 3326 2387 ς’
3353 2315 3710 2379 ίνδικτιῶνος.

2129 2431 2196 2498 τῇ
2230 2427 2391 2496 ἑορτῇ
2441 2425 2540 2492 τῆς
2585 2421 2964 2490 Ὑπαπαντῆς,
3005 2417 3398 2488 χειροτονεῖται
3437 2408 3711 2481 πατριάρ-

2131 2537 2229 2591 χης
2253 2521 2279 2572 ὁ
2307 2517 2493 2590 ῥηθεὶς
2524 2515 2618 2569 τοῦ
2655 2514 2919 2584 βασιλέως
2953 2511 3068 2574 υίὸς
3104 2506 3506 2576 Θεοφύλακτος,
3546 2517 3712 2556 τοπο-

2132 2611 2384 2682 τηρητὼν
2409 2611 2472 2663 έκ
2513 2608 2734 2678 Ῥώμης
2769 2605 3106 2660 ἀνελθόντων
3131 2601 3224 2654 καὶ
3245 2597 3408 2669 τόμον
3440 2591 3715 2650 συνοδικδν

2135 2703 2548 2773 ἐπιφερομένων
2606 2702 2732 2771 περὶ
2775 2700 2875 2768 τῆς
2923 2696 3088 2752 αὐτοῦ
3148 2690 3482 2765 χειροτονίας
3535 2688 3717 2753 διαγο-

2138 2797 2383 2864 ρεύοντα·
2402 2793 2450 2846 οἳ
2470 2795 2561 2846 καὶ
2579 2792 2654 2862 τῷ
2677 2789 3060 2861 πατριαρχικῷ
3093 2787 3266 2856 θρόνῳ
3286 2784 3471 2838 τοῦτον
3508 2778 3719 2849 ἐνίδρυ-

2137 2905 2256 2941 σαν.
2273 2887 2559 2957 Ῥωμανὸς
2581 2885 2636 2938 δὲ
2651 2885 2679 2936 ὁ
2697 2881 2952 2953 βασιλεὺς
2980 2880 3057 2949 τῷ
3088 2879 3188 2948 υἱῷ
3206 2876 3459 2944 Στεφάνῳ
3483 2873 3717 2940 γυναῖκα

2134 2979 2370 3049 ἠγάγετο
2391 2979 2491 3048 τὴν
2519 2976 2612 3030 τοῦ
2643 2973 2872 3045 Γαμαλᾶ
2906 2970 3182 3040 θυγατέρα
3209 2968 3426 3029 Ἀνναν,
3456 2963 3575 3032 ἦτις
3600 2961 3720 3028 ἅμα

2135 3072 2214 3143 τῷ
2240 3069 2494 3140 νυμφικῷ
2523 3069 2774 3138 στεφάνῳ
2803 3065 2896 3120 καὶ¹
2923 3065 3013 3119 τὸν
3034 3065 3132 3134 τῆς
3156 3060 3434 3132 βασιλείας
3468 3055 3716 3109 ἐπέθετο.

528 3168 693 3241 746
729 3170 820 3226 44.
881 3169 1067 3226 Mense
1135 3165 1347 3237 Aprili,
1406 3164 1708 3220 indictione
1779 3163 2034 3233 septima,

2215 3164 2317 3233 μδ⁸
2346 3163 2495 3232 Μηνὶ
2527 3159 2842 3232 Ἀπριλλίῳ,
2874 3156 3208 3218 ίνδικτιῶνος
3226 3151 3292 3217 ζ’,
3315 3152 3508 3221 γέγονε
3529 3147 3718 3218 πρώτη

455 3261 635 3332 prima
703 3261 1014 3316 Turcorum
1072 3258 1340 3313 adversus
1411 3256 1712 3310 Romanam
1770 3255 2036 3309 ditionem

456 3353 671 3408 exstitit
699 3352 966 3422 irruptio;
1018 3349 1362 3422 grassatiquc
1396 3348 1462 3401 ad
1499 3348 1672 3416 ipsam
1719 3362 1894 3415 usque
1949 3363 2042 3400 ur-

457 3447 584 3502 bem
617 3445 906 3500 Thraciam
933 3457 1154 3497 omnem
1196 3441 1442 3510 populati
1478 3445 1626 3502 sunt,
1683 3453 1749 3492 ac
1797 3437 2042 3506 captivos

457 3535 759 3592 duxerunt.
779 3532 1011 3587 Mittitur
1033 3545 1163 3601 ergo
1179 3529 1545 3598 Theophanes
1577 3525 1841 3596 patricius
1857 3533 2044 3596 proto-

357 3640 363 3646 '
459 3626 777 3690 vestiarius,
813 3639 1014 3693 resque
1048 3637 1174 3677 cum
1207 3621 1315 3676 illis
1354 3620 1692 3690 composuit.

532 3717 624 3771 45.
656 3717 859 3783 Quarta
893 3714 1108 3770 decima
1150 3712 1398 3769 Januarii
1427 3711 1632 3766 mensis
1679 3711 1879 3766 locavit
1931 3710 2044 3765 Ro-

464 3825 663 3865 manus
699 3824 924 3863 uxorem
952 3807 1161 3879 juniori
1197 3807 1310 3860 ﬁlio
1344 3820 1446 3859 suo
1468 3803 1833 3860 Constantino
1866 3803 2048 3874 gentis

462 3902 831 3968 Armeniaca,
861 3901 1078 3971 patricii
1107 3899 1334 3954 Adriani
1359 3899 1563 3962 tiliam;
1599 3916 1707 3969 qua
1750 3907 1806 3952 ct
1850 3898 2050 3952 defun-

464 4002 551 4049 cta
585 3985 846 4050 secunda‘
888 3991 1180 4047 Februarii
1217 3991 1448 4045 alteram
1497 3990 1548 4045 ei
1615 3990 1916 4059 copulavit,
1980 4003 2045 4043 ex

463 4087 732 4143 lilamonis
752 4085 902 4141 illius
923 4099 1147 4155 genere,
1171 4083 1515 4153 Thcophano
1544 4085 1792 4140 nomine.

537 4380 627 4436 46.
664 4379 874 4435 Eodem
917 4393 1064 4433 anno
1101 4378 1289 4443 Russi,
1347 4393 1489 4444 quos
1530 4377 1808 4434 Dromitas
1853 4385 2056 4434 vocant

467 4471 576 4544 (ac
599 4471 647 4527 si
675 4486 844 4542 vagos
875 4469 1028 4525 dicas
1047 4485 1110 4525 ac
1143 4485 1311 4524 cursu
1349 4469 1697 4538 eXpeditos),
1726 4485 1795 4524 ex
1825 4469 2054 4523 Francis

2141 3255 2464 3327 έκστρατεία
2495 3253 2605 3310 τῶν
2639 3252 2900 3322 Τούρκων
2929 3251 3070 3304 κατὰ
3117 3246 3426 3316 Ῥωμανίας
3447 3260 3462 3274 ·
3491 3241 3588 3295 καὶ
3617 3258 3720 3294 κα-

2139 3349 2463 3421 τατρέχουσι
2491 3347 2654 3419 μέχρι
2681 3347 2780 3417 τῆς
2805 3345 3042 3406 πόλεως,
3069 3344 3162 3397 καὶ
3191 3337 3516 3410 λεηλατοῦσι
3541 3337 3724 3390 πᾶσαν

2140 3443 2408 3513 Θρᾳκῴαν
2464 3442 2663 3512 ψυχήν.
2737 3435 3153 3492 Ἀποστέλλεται
3209 3429 3303 3486 οὖν
3360 3433 3389 3485 ό
3435 3432 3723 3502 πατρίκιος

2142 3534 2226 3605 [Ρ.
2261 3534 2388 3607 490]
2414 3534 2698 3601 Θεοφάνης
2744 3531 2841 3584 καὶ
2900 3526 3421 3600 πρωτοόεστιάριος,
3458 3525 3550 3578 καὶ
3581 3524 3726 3576 ποιεῖ

2144 3623 2495 3694 καταλλαγὴν
2530 3625 2646 3693 μετ’
2675 3621 2878 3676 αὐτῶν.

2220 3716 2431 3788 με’.Τῇ
2471 3716 2528 3769 δὲ
2584 3716 2643 3770 ιδί
2695 3715 2788 3770 τοῦ
2857 3712 3189 3781 Ἰανουαρίου
3266 3709 3434 3781 μηνὸς
3489 3708 3721 3777 ἠγάγετο

2159 3813 2440 3885 Ῥωμανὺς
2497 3813 2729 3881 γυναῖκα
2766 3809 2843 3880 τῷ
2892 3809 3191 3878 τελευταίῳ
3219 3806 3319 3875 υίῷ
3371 3803 3534 3859 αὐτοῦ
3571 3804 3724 3854 Κων-

2149 3904 2436 3972 σταντίνῳ,
2475 3904 2538 3956 ὲκ
2562 3901 2655 3955 τοῦ
2690 3901 2878 3969 γένους
2907 3898 3015 3954 τῶν
3053 3894 3452 3968 Ἀρμενιακῶν,
3488 3890 3727 3960 τοῦνομα

2162 3997 2406 4068 Ἑλένην,
2438 3995 2531 4049 τοῦ
2559 3993 2852 4066 πατρικίου
2887 3990 3174 4062 Ἀδριανοῦ
3204 3987 3483 4057 θυγατέρα
3503 4003 3516 4016 ·
3543 3979 3612 4057 ἧς
3635 3983 3733 4038 καὶ

2149 4088 2551 4159 τελευτησάσης
2573 4085 2926 4156 Φεϐρουαρίῳ
2961 4085 3090 4153 μηνὶ
3121 4081 3349 4150 δευτέρα
3388 4078 3584 4146 ἑτέραν
3609 4075 3736 4130 τού-

2151 4200 2228 4253 τῳ
2261 4179 2580 4247 συνέζευξεν
2620 4182 2877 4248 γυναῖκα,
2932 4179 2998 4230 ἐκ
3046 4175 3140 4229 τοῦ
3195 4173 3391 4243 γένους
3422 4171 3516 4224 τοῦ
3551 4170 3737 4240 Μάμω

2153 4275 2385 4340 ἐκείνου,
2416 4271 2677 4343 Θεοφανὼ
2709 4270 3032 4341 λεγομένην.

2229 4369 2345 4443 pg’.
2383 4369 2474 4440 Τῷ
2513 4366 2745 4436 ἐνιαυτῷ
2780 4363 2973 4433 ἐκείνῳ
3021 4360 3396 4416 κατέπλευσαν
3430 4357 3479 4411 oi
3525 4354 3661 4419 Ῥὼς
3687 4355 3740 4410 οἱ

2157 4465 2252 4520 καλ⁵
2278 4464 2540 4535 Δρομῖται
2568 4460 2876 4531 λεγόμενοι,
2929 4458 2979 4511 οί
3009 4459 3072 4511 έκ
3122 4457 3312 4525 γένους
3342 4453 3450 4507 τῶν
3470 4451 3740 4522 Φράγγων

469 4577 645 4633 genus
677 4561 966 4625 ducentes,
1024 4560 1273 4616 conferta
1310 4561 1503 4615 decem
1556 4560 1791 4615 millium
1827 4561 2037 4615 naviun‘

2157 4556 2336 4617 ὄντες,
2372 4553 2512 4607 κατὰ
2549 4552 2647 4620 τῆς
2675 4548 3325 4610 Κωνσταντινουπόλεως,
3362 4543 3499 4615 μετὰ
3540 4541 3740 4593 πλοίων

471 4655 649 4708 classe
681 4652 897 4708 infestis
925 4653 1098 4721 signis
1126 4652 1448 4725 Byzantium
1497 4661 1790 4708 venerunt.
1842 4653 1902 4706 ln
1958 4669 2053 4708 cos

475 4736 661 4814 itaque
688 4745 1054 4815 Theophanes
1110 4745 1569 4816 protovcstiarius
1607 4760 1731 4799 cum
1765 4745 2056 4800 navalibus

474 4835 652 4904 copiis
684 4834 907 4899 missus,
943 4835 1211 4888 instructa
1259 4835 1456 4898 classe,
1492 4834 1714 4888 illorum
1746 4835 2055 4890 sustinebat

477 4926 765 4996 impetum.
805 4926 963 4992 Quod
989 4942 1118 4981 vero
1154 4927 1222 4982 ad
1257 4927 1415 4981 Ponti
1447 4927 1644 4980 Euxini
1678 4927 1914 4980 Pharum
1942 4927 2055 4998 jura

475 5026 744 5070 venerant
797 5015 1041 5084 (dicitur
1084 5026 1270 5071 autem
1318 5016 1533 5071 Pharus
1589 5018 1761 5071 moles
1806 5019 2055 5086 quasdam

477 5125 579 5164 seu
624 5109 815 5173 turris,
845 5125 912 5162 ex
946 5123 1052 5178 qua
1102 5123 1332 5163 accensa
1366 5107 1581 5162 ﬂamma
1614 5108 1860 5163 viatores
1887 5118 2054 5164 noctu

479 5201 534 5255 iu
571 5201 766 5255 itinere
797 5200 1136 5270 diriguntur.
1163 5199 1412 5254 Euxinus
1439 5216 1572 5254 vero
1604 5199 1812 5253 Pontus
1841 5216 1938 5269 per
1961 5218 2059 5254 an-

481 5295 768 5366 tiphrasim
793 5294 1012 5357 dicitur,
1043 5293 1198 5362 quasi
1221 5294 1360 5347 bene
1387 5292 1674 5361 hospitalis
1703 5309 1715 5344 :
1747 5294 1885 5348 male
1909 5294 2057 5348 enim

480 5387 773 5456 hospitalis
806 5384 1070 5440 audiebat
1102 5384 1172 5437 ob
1194 5383 1568 5453 grassantium
1603 5382 1657 5435 in
1687 5398 1753 5436 eo
1778 5383 2056 5436 latronum

480 5495 610 5550 erga
656 5477 906 5548 hospites
933 5477 1094 5546 jugcs
1129 5475 1399 5546 injurias;
1454 5476 1659 5544 quibus
1706 5475 1774 5528 ab
1825 5475 2062 5531 llcrcule

482 5570 736 5634 sublatis,
771 5567 1127 5623 securitatem
1164 5567 1306 5621 nacti
1341 5566 1580 5620 viatores
1629 5566 1900 5619 Euxinum
1933 5582 2059 5620 cum

486 5660 983 5730 nuncupaverunt)
1020 5659 1078 5712 in
1110 5659 1231 5713 loco
1259 5675 1424 5727 quem
1470 5657 1672 5712 Hieron
1720 5667 1939 5722 vocant,
1997 5674 2086 5713 ac.

486 5753 531 5803 si
580 5752 733 5805 dicas
787 5751 1048 5820 templum
1107 5753 1225 5814 (cui
1281 5751 1404 5805 inde
1458 5750 1752 5820 appellatio
1807 5751 2062 5816 accessit,

570 5846 615 5874 ”
655 5846 839 5915 ἁνιδρυ
849 5862 911 5898 σα
923 5845 1098 5915 μένων
1119 5849 1140 5896 ζ’

2156 4647 2391 4718 χιλιάδες
2429 4645 2580 4699 δέκα.
2621 4644 2909 4714 Πέμπεται
2937 4639 3030 4697 οὖν
3082 4640 3218 4710 πρὸς
3246 4639 3441 4697 αὐτοὺς
3471 4637 3498 4685 ό
3529 4648 3744 4699 πρωτο-

2157 4743 2468 4811 6εστιάριος
2516 4739 2801 4809 Θεοφάνης
2856 4736 2995 4808 μετὰ
3024 4734 3248 4786 πλοίων.
3299 4729 3406 4781 Καὶ
3435 4726 3524 4776 τὸν
3556 4723 3740 4773 στόλον

2157 4833 2486 4904 εὐτρεπίσας
2513 4832 2712 4893 αὐτοὺς
2741 4829 3038 4898 ἐξεδέχετο.
3082 4824 3235 4876 Ἐπεὶ
3273 4820 3329 4871 δὲ
3386 4812 3614 4881 πλησίον
3644 4808 3738 4860 τοῦ

2159 4933 2218 4984 έν
2246 4928 2323 5000 τῷ
2349 4925 2587 4995 Εὐξείνῳ
2607 4924 2794 4992 Πόντῳ
2829 4922 3001 4990 φάρου
3050 4915 3301 4996 ἐγένοντο
3330 4907 3522 4978 (φάρος
3644 4919 3740 4954 κα-

2159 4997 2333 5072 λεῖται
2350 5014 2634 5087 ἀφίδρυμά
2655 5032 2705 5066 τι
2724 5006 2770 5080 ᾧ
2795 5010 2998 5076 πυρσὸς
3025 5003 3330 5059 ἐπιτίθεται
3360 5001 3496 5069 πρὸς
3519 4997 3744 5066 ὁδηγίαν

2159 5113 2271 5172 τοῖς
2327 5110 2383 5161 ἐν
2415 5086 2570 5160 νυκτὶ
2618 5103 2956 5173 παροδίταις,
2995 5096 3244 5160 Εῠεεινος
3279 5092 3336 5146 δὲ
3371 5089 3568 5153 Πόντος
3605 5086 3744 5141 κατὰ

2162 5203 2487 5270 ἁντίφρασιν
2551 5198 2832 5254 καλεῖται’
2873 5191 3182 5256 κακόξεινος
3238 5189 3348 5255 γὰρ
3382 5186 3598 5251 ἐλέγετο
3654 5182 3744 5234 διὰ

2161 5294 2260 5356 τὰς
2289 5292 2532 5362 συνεχεῖς
2555 5289 2663 5340 τῶν
2697 5286 2875 5337 ἐκεῖσε
2907 5280 3120 5351 λῃστῶν
3142 5277 3277 5348 πρὸς
3309 5275 3432 5335 τοὺς
3467 5271 3748 5335 ἐπιξενου-

2168 5384 2360 5455 μένους
2399 5375 2771 5446 καταδρομάςν
2825 5372 2920 5436 οὓς
2965 5388 3128 5440 φασιν
3180 5367 3386 5422 ἀνελὼν
3446 5361 3746 5432 Ἡρακλῆς,

2165 5477 2347 5538 ἁδείας
2379 5473 2633 5544 τυχόντες
2664 5469 2714 5521 οἱ
2738 5467 3026 5539 παροδῖται
3049 5462 3236 5517 τοῦτον
3259 5459 3509 5524 Εὔξεινον
3545 5451 3752 5508 ἐπωνό-

2171 5569 2370 5639 μασαν)
2420 5568 2476 5618 ὲν
2530 5563 2609 5635 τῷ
2679 5560 2834 5634 Ἱερῷ
2871 5557 3175 5629 λεγομένῳ,
3230 5553 3381 5624 ὃτὴν
3433 5545 3752 5614 ἐπωνυμίαν

2170 5660 2360 5727 εἴληφε
2385 5657 2472 5711 διὰ
2508 5658 2616 5709 τῶν
2647 5654 2748 5722 τῆς
2787 5651 3016 5722 ’Δργοῦς
3064 5648 3366 5716 πλωτήρων
3397 5643 3576 5696 ἐκεῖσε
3607 5637 3752 5705 διερ-

2170 5753 2416 5823 χομένων
2449 5751 2638 5803 αὐτόοι
2662 5746 2943 5819 ἁνιδρῦσαι
2970 5747 3010 5776 ‘7
3041 5743 3138 5815 μὲν
3174 5740 3336 5810 ἱερὸν,
3371 5733 3530 5796 αὐτὸς
3555 5727 3753 5800 ἀθρόον
