4124 6450
449 369 557 431 809

869 367 1237 427 ANNALES.
1295 390 1362 398 --
1401 363 1816 427 CONSTANT.
1855 365 2239 428 PORPHYR.
2279 370 2376 430 ET
2416 370 2787 433 ROMANUS
2821 373 3266 436 LACAPENUS

3606 373 3714 445 810

443 478 650 536 τούτοις
676 474 920 537 ἐπέθετο,
957 476 1047 528 καὶ
1075 477 1139 528 τὰ
1173 475 1271 546 μὲν
1301 475 1534 552 πλείστα.
1562 476 1720 529 πλοῖα
1739 476 2015 545 ’κατέφλε-

2129 476 2269 544 quod
2307 478 2641 550 Argonauta:
2670 482 2795 538 illac
2835 495 3182 543 transeuntes
3199 502 3268 542 eo
3289 496 3414 546 loco
3446 494 3709 562 templum

442 571 552 635 ξεν,
583 567 652 620 τὰ
698 567 754 620 δὲ
789 567 952 619 λοιπά
997 567 1079 630 είς
1135 565 1314 637 φυγὴν
1347 566 1689 636 ἐτράπησαν.
1735 565 1897 618 Ὅθεν
1929 567 2022 619 καὶ

437 660 650 724 τελείας
678 660 886 730 τροπῆς
914 659 1214 730 γενομένης
1244 660 1314 714 τά
1341 661 1437 730 μὲν
1465 659 1573 712 τῶν
1605 659 1806 712 πλοίων
1841 659 2022 712 αὐτῶν

438 755 716 826 αὔτανδρα
778 756 1100 819 κατέδυσαν,
1136 755 1425 817 πλείστους
1463 756 1520 809 δὲ
1552 755 1758 819 ζῶντας
1800 753 2022 807 συνέλα-

438 849 552 900 ϐον.
595 848 658 901 Οἱ
692 848 749 900 δὲ
771 848 1215 917 περιλειφθέντες
1250 849 1331 911 είς
1362 847 1424 900 τὸ
1462 847 1563 917 τῆς
1599 846 1885 916 Ἀνατολῆς
1923 845 2020 914 μέ-

438 956 554 1009 ρος,
592 941 673 1000 είς
707 940 806 1000 τὰς
863 938 1058 1006 Ῥογὰς
1103 939 1427 1008 λεγομένας,
1481 937 1878 991 κατέπλευσαν.
1913 937 2020 989 Καὶ

437 1031 562 1084 ἐπεὶ
587 1029 874 1100 σύνταγμα
907 1030 1043 1101 πρὸς
1071 1030 1138 1083 τὰ
1165 1031 1263 1100 τῆς
1297 1029 1552 1092 Βιθυνίας
1589 1029 1731 1100 μέρη
1765 1029 2021 1082 ἀπέστει-

435 1124 535 1179 λαν
568 1124 768 1194 χρειῶν
797 1123 981 1188 ἕνεκα,
1015 1124 1334 1193 ἐντυγχάνει
1359 1124 1568 1186 τούτοις
1604 1123 1811 1192 Βάρδας
1844 1126 1871 1175 ὁ
1902 1124 2020 1181 Φω-

435 1220 538 1282 xi;
564 1233 579 1248 ⁸
613 1217 706 1270 καὶ
731 1217 840 1288 γάρ
873 1201 1202 1279 ἀποσταλεὶς
1218 1212 1286 1286 ἦν
1315 1216 1408 1270 ἐπὶ
1431 1215 1605 1285 τούτῳ
1635 1215 1772 1284 μετά
1806 1215 2020 1268 ἱππέων

435 1313 728 1385 ἐκκρίτων,
786 1310 1149 1381 παρατρέχων
1211 1311 1446 1374 αὐτοὺς,
1509 1311 1604 1363 καὶ
1678 1307 2019 1375 κατέσφαξεν

433 1403 703 1465 ἅπαντας.
753 1401 908 1456 Ἀλλὰ
946 1405 1037 1454 καὶ
1093 1404 1121 1453 ὁ
1157 1400 1476 1471 Κουρκούας
1515 1399 1656 1470 μετὰ
1696 1398 1894 1460 παντὸς
1925 1397 2018 1450 τοῦ

433 1497 537 1568 τῆς
579 1495 868 1565 Ἀνατολῆς
905 1493 1317 1564 στρατεύματος
1346 1492 1625 1546 κατελθὼν
1653 1493 1778 1554 τοὺς
1804 1490 2020 1543 ὑπολειο

435 1589 672 1660 φθέντας
697 1585 970 1656 εὑρίσκων
998 1586 1338 1638 ἀπέκτεινεν.
1367 1584 1599 1646 Πολλοὺς
1621 1583 1675 1635 δέ
1701 1584 1898 1643 τόπους
1928 1582 2020 1634 καὶ

434 1680 597 1742 ναοὺς
627 1679 958 1748 ἐνέπρησαν,
1009 1677 1257 1741 καὶτοὺς
1296 1676 1843 1746 συλλαμὸανομένους
1882 1675 2019 1726 Ῥω-

438 1771 630 1842 μαίους
667 1774 792 1834 τοὺς
837 1771 937 1839 μὲν
963 1768 1360 1841 ἀνεσταύρουν,
1387 1768 1513 1831 τοὺς
1547 1768 1604 1821 δὲ
1636 1770 1701 1837 τῇ
1733 1770 1802 1838 γῇ
1847 1784 2020 1838 προσ-

2131 567 2561 644 condiderunt),
2601 574 2760 646 747
2801 577 2920 646 ipse
2959 590 3187 649 repente
3223 581 3279 637 in
3311 583 3434 638 illos
3487 601 3710 642 irruens

2130 661 2348 731 navigia
2394 665 2502 718 alia
2552 665 2677 737 igne
2725 670 3048 738 combussit,
3084 672 3189 729 alia
3241 675 3296 730 in
3347 675 3528 747 fugam
3575 679 3708 749 egit.

2129 749 2420 821 Quocirca,
2443 756 2583 811 fusis
2618 760 2847 814 omnino
2899 761 3207 833 fugatisque
3256 765 3531 834 hostibus,
3582 760 3713 839 par:

2129 844 2229 899 tim
2270 861 2466 901 eorum
2511 865 2681 906 naves
2721 867 2848 906 cum
2904 855 3224 911 vectoribus
3262 840 3454 929 pelago
3499 875 3710 916 merse-

2131 946 2298 1001 runt,
2362 941 2563 1008 partim
2626 943 2897 1012 plurimos
2965 946 3286 1018 ingentique
3343 951 3502 1006 turba
3554 953 3710 1008 vivos

2129 1041 2417 1100 ceperunt.
2449 1032 2554 1100 Qui
2583 1035 2790 1090 residui
2821 1036 3064 1103 fuerant,
3103 1040 3170 1094 ad
3209 1039 3548 1098 Orientalem
3593 1045 3710 1114 pla--

2133 1137 2278 1192 gain,
2309 1123 2374 1177 ad
2394 1125 2574 1180 locum
2597 1142 2762 1196 quem
2792 1128 3012 1200 Rhogas
3040 1139 3261 1196 vocant,
3289 1134 3708 1204 navigaverunt.

2128 1213 2397 1284 Quodque
2425 1217 2766 1288 manipulum
2810 1223 3108 1276 necessarii
3158 1224 3345 1292 pabuli
3375 1234 3430 1279 et
3459 1241 3711 1282 annona-

2130 1321 2252 1360 rnm
2286 1322 2450 1362 causa
2487 1309 2543 1363 in
2565 1310 2884 1382 Bithyniam
2921 1314 3208 1380 miserant,
3248 1317 3451 1372 Bardas
3496 1319 3710 1376 Pbocas

2131 1396 2186 1453 in
2213 1415 2334 1453 eam
2363 1416 2480 1456 rem
2519 1418 2643 1457 cum
2676 1404 2948 1460 lectorum
2995 1408 3244 1476 equitum
3289 1425 3452 1464 manu
3484 1411 3706 1477 missus,

2129 1501 2486 1550 antevertens
2542 1495 2765 1550 illorum
2820 1498 2927 1552 iter
2971 1499 3192 1570 illisque
3237 1501 3456 1556 obviam
3508 1502 3707 1568 factus,

2129 1595 2359 1639 cunctos
2382 1584 2768 1642 internecione
2800 1587 3028 1644 delevit.
3059 1589 3166 1646 Sed
3198 1601 3255 1646 et
3283 1591 3555 1660 Curcuas,
3581 1610 3708 1649 cum

2129 1674 2383 1728 Asiaticis
2409 1680 2627 1732 cunctis
2667 1680 2844 1748 copiis
2881 1680 3246 1748 descendens,
3289 1683 3509 1755 fusique
3549 1679 3735 1742 exet?

2130 1765 2273 1819 citus
2308 1767 2570 1837 reliquias
2600 1770 2910 1839 offendens,
2947 1774 3166 1830 illorum
3193 1785 3430 1848 stragem
3459 1779 3633 1834 dedit.
3667 1779 3709 1834 li

435 1863 728 1934 επήγνυον,
780 1863 906 1923 τοὺς
939 1860 995 1914 δὲ
1041 1859 1136 1914 τοῦ
1194 1860 1423 1930 κλήρου,
1458 1860 1683 1914 ὄπισθεν
1712 1860 1809 1923 τὰς
1834 1863 2022 1930 χεῖρας

2129 1871 2295 1926 porro
2332 1859 2506 1915 multa
2527 1860 2648 1916 loca
2681 1877 2746 1918 ac
2785 1865 2987 1933 templa
3028 1837 3407 1932 incenderant,
3459 1883 3710 1939 quosque

434 1955 781 2026 δεσμοῦντες,
806 1954 968 2026 ἥλους
997 1953 1248 2025 σιδηροῦς
1276 1954 1417 2005 κατὰ
1447 1953 1620 2023 μέσης
1647 1953 1748 2020 τῆς
1776 1952 2018 2022 κεφαλῆς

435 2046 617 2103 αὐτῶν
647 2049 980 2118 ὲπήγνυσαν.
1007 2045 1292 2116 Χειμῶνος
1327 2046 1386 2098 δέ
1428 2045 1527 2116 ἤδη
1566 2045 2016 2114 καταλαμϐάνονι

434 2157 546 2203 τος,
569 2137 665 2192 καὶ
691 2139 769 2201 είς
795 2139 863 2190 τὰ
883 2139 1060 2190 οἰκεῖα
1080 2133 1391 2206 βουλόμενοι
1419 2133 1696 2194 ἀπελθεῖν,
1723 2133 1818 2184 τὸν
1837 2131 2019 2184 στόλον

435 2227 616 2282 λαθεῖν
648 2227 1003 2292 ἐσπούδαζον.
1054 2225 1268 2287 Νυκτὸς
1302 2221 1396 2277 οῦν
1425 2222 1835 2284 ἐκπλεύσαντας
1865 2223 1892 2274 ὁ
1915 2238 2022 2274 πα-

434 2316 642 2389 τρίκιος
686 2315 968 2386 Θεοφάνης
1016 2314 1240 2375 τούτους
1276 2313 1578 2382 ὑπήντησε.
1633 2309 1716 2382 [Ρ.
1747 2310 1877 2384 491]
1915 2313 2023 2364 Kal.

437 2410 599 2473 εὐθὺς
663 2408 892 2480 δευτέρα
944 2407 1221 2476 ναυμαχία
1280 2406 1611 2458 συνάπτεται
1659 2390 1759 2458 καὶ
1795 2406 2022 2458 πλεῖστα

436 2504 594 2558 πλοῖα
617 2499 950 2572 βυθίζονται.
999 2499 1225 2567 Ὀλίγων
1252 2499 1307 2552 δὲ
1339 2501 1479 2570 μετὰ
1531 2498 1730 2571 πλοίων
1787 2515 2024 2564 περισω-

437 2598 638 2651 θέντων
678 2595 773 2648 καὶ
817 2596 874 2646 ἐν
928 2596 994 2664 τῇ
1025 2594 1124 2662 τῆς
1180 2591 1382 2660 Κοίλης
1414 2589 1826 2660 περιπεσόντων
1857 2591 2019 2658 ἀκτῇ,

434 2688 632 2752 νυκτὸς
695 2685 1030 2756 ἐπελθούσης
1088 2685 1363 2752 διέφυγον.
1425 2681 1708 2751 Θεοφάνης
1764 2680 1821 2732 δέ
1884 2683 2023 2748 μετά

437 2784 592 2854 νίκης
629 2780 873 2853 μεγάλης
897 2776 1247 2848 ὑποστρέψας
1282 2775 1518 2844 ἐντίμως
1553 2775 1644 2826 καὶ
1681 2773 2024 2843 μεγαλοπρε-

439 2871 556 2934 πῶς
583 2869 732 2940 παρὰ
762 2866 856 2922 τοῦ
884 2865 1149 2938 βασιλέως
1171 2863 1442 2934 ὑπεδέχθη
1464 2866 1559 2918 καὶ
1585 2861 2021 2933 παρακοιμώμε-

437 2979 527 3028 νος
555 2962 807 3032 ἐτιμήθη.

514 3237 621 3311 μζ.
657 3238 748 3310 Τῷ
779 3238 836 3292 δὲ
899 3237 1195 3308 ’Λπριλλίῳ
1247 3237 1398 3312 μηνὶ,
1440 3237 1538 3307 τῆς
1591 3233 1637 3288 α’
1668 3233 2019 3297 ίνδικτιῶνος,

439 3335 604 3390 πάλιν
628 3329 791 3406 ἦλθον
824 3334 873 3386 οί
905 3333 948 3385 Τ
951 3332 1138 3402 οῦρκοι
1178 3331 1317 3402 μετὰ
1350 3329 1611 3398 πλείστης
1643 3327 1926 3398 δυνάμεως
1951 3343 1963 3356 ·
1995 3328 2024 3380 ὁ

438 3428 496 3482 δὲ
532 3425 1027 3499 παρακοιμώμενος
1057 3423 1290 3490 ἐξελθὼν
1321 3423 1552 3484 σπονδὰς
1584 3421 1868 3493 εἰρηνικάς
1906 3419 2022 3490 μετ’

440 3519 618 3574 αὐτῶν
649 3519 966 3588 ἐποιήσατο,
1015 3516 1135 3572 ὅθεν
1175 3516 1268 3570 καὶ
1292 3516 1391 3568 ἐπὶ
1431 3513 1656 3584 χρόνους
1690 3518 1730 3565 ε’
1763 3513 1796 3582 ὴ
1829 3511 2020 3582 εἰρήνη

441 3611 797 3681 διεφυλάχθη.

514 3701 628 3774 μη’.
665 3704 744 3773 τῇ
783 3701 839 3754 δέ
871 3699 912 3771 β’
943 3699 1257 3764 ίνδικτιῶνι,
1287 3696 1596 3767 Πασχάλιος
1625 3694 2024 3769 πρωτοσπαθὰ-

447 3812 558 3868 ριος
577 3795 676 3849 καὶ
697 3795 1002 3865 στρατηγὸς
1031 3789 1445 3861 Λαγουὸαρδίας
1470 3787 1864 3844 ἀποστέλλεται
1889 3786 2025 3856 πρὸς

453 3892 590 3960 ρῆγα
626 3888 736 3941 τῶν
770 3885 1060 3958 Φράγγων.
1125 3885 1352 3952 ἀγαγεῖν
1389 3881 1488 3953 τὴν
1541 3880 1707 3934 αὐτοῦ
1751 3878 2026 3946 θυγατέρα

468 3979 724 4049 Ῥωμανῷ
748 3977 824 4048 τῷ
847 3974 1261 4030 Κωνσταντίνου
1293 3972 1388 4026 τοῦ
1435 3971 1690 4042 γαμϐροῦ
1722 3969 1886 4024 αὑτοῦ
1923 3968 2025 4038 υίῷ

450 4073 525 4135 εἰς
561 4072 801 4143 νύμφην.
838 4070 939 4121 Ἦν
970 4068 1063 4121 καὶ
1092 4065 1230 4138 μετὰ
1256 4064 1488 4118 πλούτου
1525 4062 1717 4117 πολλοῦ
1739 4066 1766 4115 ὁ
1803 4061 2025 4130 Πασχά-

443 4165 553 4228 λιος
598 4163 911 4235 ἀνήγαγεν·
969 4159 1063 4216 καὶ
1109 4159 1332 4228 γέγονεν
1380 4161 1407 4210 ὁ
1461 4159 1637 4228 γάμος
1665 4154 2026 4225 Σεπτεμϐρίῳ

446 4257 598 4327 μηνὶ,
653 4253 982 4316 ίνδικτιῶνος
1031 4258 1102 4320 γ’.
1135 4251 1296 4314 ’Ἡτις
1330 4250 1422 4303 καὶ
1447 4249 1608 4318 ἔζησε
1634 4247 1774 4318 μετὰ
1806 4247 1899 4301 τοῦ
1933 4249 2025 4300 άν-

441 4345 566 4418 δρδς
589 4346 759 4417 αὐτῆς
788 4345 883 4416 ἐτη
909 4342 972 4412 ε’,
1018 4343 1113 4398 καὶ
1149 4342 1503 4412 ἐτελεύτησεν
1531 4342 1588 4394 ἐν
1629 4341 1748 4401 ταῖς
1793 4338 2026 4410 ἡμέραις

442 4442 540 4508 τῆς
573 4437 1003 4509 αὐτοκρατορίας
1036 4435 1446 4489 Κωνσταντίνου
1498 4431 1592 4487 τοῦ
1620 4431 1787 4502 αὐτῆς
1831 4430 2026 4483 πενθε-

449 4547 539 4602 ρου
547 4572 561 4585 .
1242 4598 1245 4602 Ι

523 4623 628 4694 μθ’.
667 4622 758 4693 Τῷ
817 4620 1137 4691 Δεκεμϐρίῳ
1186 4619 1358 4691 μηνὶ,
1418 4618 1515 4688 τῆς
1561 4615 1604 4670 δ’
1673 4616 2027 4680 ἰνδικτιῶνος,

450 4719 653 4789 ἀνέμου
686 4716 860 4787 βιαίου
890 4717 982 4768 καὶ
1006 4712 1236 4784 σφοδροῦ
1284 4711 1614 4774 πνεύσαντος
1662 4712 1712 4763 οἱ
1744 4712 2029 4780 λεγόμενοι

442 4812 501 4864 ὲν
523 4811 601 4880 τῷ
635 4808 847 4878 ἱππικῴ
881 4806 942 4872 ἐξ
973 4806 1224 4868 ἐναντίας
1253 4803 1346 4857 τοῦ
1380 4801 1662 4871 βασιλικοῦ
1710 4801 1904 4872 θρόνου
1927 4802 2031 4869 Δῆ-

445 4920 537 4973 μοι
577 4902 900 4964 κατέπεσον,
939 4902 1032 4952 καὶ
1078 4895 1405 4967 συνέτριψαν
1431 4894 1500 4947 τὰ
1552 4893 1814 4947 ὑποκάτω
1847 4893 2028 4946 αὐτῶν

443 4993 624 5066 βάθρα
666 4993 762 5046 καὶ
823 4991 1048 5062 στήθεα.
1110 4989 1322 5058 Χρόνου
1353 4987 1410 5040 δὲ
1443 4985 1743 5050 διελθόντος
1767 4986 1845 5056 τῷ
1877 4985 2026 5054 αύτῷ

445 5087 580 5157 μηνὶ
607 5082 945 5154 τὸνβασιλέα
987 5081 1265 5152 Ῥωμανδν
1297 5082 1346 5134 οἱ
1383 5081 1486 5133 υἱοὶ
1517 5079 1682 5133 αὑτοῦ
1717 5079 1811 5132 τοῦ
1847 5081 1887 5109 ¹⁷
1922 5095 2027 5132 πα-

442 5177 632 5231 λατίου
666 5177 1007 5246 κατήγαγον.

515 5277 581 5326 ν’.
611 5269 725 5341 Τῆς
771 5269 828 5322 δὲ
879 5267 1087 5332 πόλεως
1126 5267 1370 5339 Ἐδέσης,
1402 5272 1461 5320 ἐν
1578 5265 1638 5319 τὺ
1665 5265 1761 5320 τοῦ
1792 5264 2028 5337 Χριστοῦ

443 5362 600 5430 ἃγιον
630 5361 928 5432 ἐκμαγεῖον
957 5360 1240 5422 ἀπέκειτο,
1277 5360 1428 5429 παρὰ
1455 5359 1549 5412 τοῦ
1596 5358 1910 5429 Ῥωμαϊκοῦ
1935 5375 2031 5411 ποι

439 5455 842 5528 λιορκουμένης
893 5453 1325 5526 στρατεύματος,
1374 5453 1424 5506 οἱ
1484 5453 1770 5523 οἰκήτορες
1821 5451 2029 5521 ταύτης

447 5550 585 5622 πρὸς
613 5549 706 5602 τὸν
753 5547 982 5620 βασιλέα
1035 5546 1494 5616 διαπρεσϐεύουσι
1552 5545 1836 5616 Ῥωμανὸν
1870 5545 2030 5598 τοῦτο

441 5641 730 5714 παρέχειν,
769 5642 818 5695 εί
846 5640 947 5712 τὴν
982 5637 1299 5711 πολιορκίαν
1329 5637 1564 5692 λύσειεν.
1603 5637 1782 5707 Ὅπερ
1808 5639 1901 5692 καὶ
1933 5637 2026 5706 γέ-

2124 1963 2190 2002 ex
2242 1950 2510 2006 Romanis
2573 1955 3136 2024 comprehenderant,
3187 1958 3326 2013 alios
3379 1961 3436 2013 in
3487 1974 3708 2015 crucem

2124 2041 2379 2110 agebant,
2432 2045 2572 2101 alios
2614 2058 2774 2103 terrae
2822 2048 3210 2120 configebant;
3247 2051 3483 2106 clericos
3535 2053 3710 2108 sacri-

2125 2149 2233 2203 que
2281 2136 2496 2193 ordinis
2541 2139 2712 2205 viros,
2746 2142 3005 2197 manibus
3056 2151 3182 2212 post
3227 2152 3374 2214 terga
3423 2145 3708 2208 revinctis,

2127 2224 2309 2279 medio
2343 2229 2576 2282 cerebro
2610 2228 2796 2284 infixis
2821 2229 2993 2285 clavis
3029 2230 3148 2284 dire
3179 2230 3554 2300 perimebant.
3587 2230 3708 2284 Jam

2127 2331 2257 2371 vero
2294 2327 2588 2388 appetente
2615 2320 2797 2376 hieme
2828 2336 2952 2375 cum
2972 2321 3194 2375 domum
3219 2322 3400 2377 redire
3425 2331 3708 2390 pararent,

2127 2407 2430 2464 Romanam
2458 2412 2689 2465 classem
2736 2413 2905 2466 latere
2964 2414 3280 2468 studebant.
3331 2413 3470 2469 Cum
3527 2413 3712 2484 itaque

2128 2511 2295 2555 noctu
2353 2503 2686 2576 solvissent,
2715 2505 2862 2559 facto
2889 2505 2972 2560 eis
3000 2505 3220 2560 obviam
3252 2505 3595 2576 Theophane
3618 2521 3717 2578 pa-

2128 2592 2291 2647 tricio
2336 2593 2506 2649 altera
2534 2597 2720 2650 statim
2752 2598 2963 2653 navalis
2993 2598 3288 2653 commissa
3325 2614 3528 2669 pugna,
3573 2599 3716 2653 mul-

2130 2693 2290 2754 taque
2321 2686 2596 2755 profundo
2626 2704 2807 2743 mersa
2835 2689 3052 2760 navigia
3087 2708 3099 2743 :
3131 2690 3292 2759 pauci
3325 2706 3450 2745 cum
3479 2690 3718 2762 navigiis

2127 2776 2195 2830 ad
2225 2776 2404 2832 Coeles
2428 2794 2689 2848 asperum
2714 2779 2872 2835 littus
2899 2781 3078 2837 evecti
3121 2781 3432 2838 incolumes
3470 2798 3570 2853 per
3610 2797 3715 2837 no-

2126 2870 2230 2924 ctis
2260 2871 2733 2938 opportunitatem
2759 2880 3080 2929 evaserunt.
3115 2873 3484 2942 Theophanes
3529 2881 3715 2928 autem

2128 2961 2334 3032 ingenti
2368 2971 2521 3031 parta
2547 2962 2776 3017 victoria
2805 2979 3079 3028 reversus,
3136 2965 3441 3020 honorifice
3489 2980 3554 3020 ac
3601 2980 3718 3021 ma.

2127 3053 2323 3124 gnifice
2353 3055 2423 3108 ab
2459 3054 2797 3125 imperatore
2829 3065 3138 3126 susceptus,
3160 3055 3498 3112 aceubitoris
3535 3057 3717 3128 digiti-

2129 3155 2241 3202 tate
2277 3156 2572 3215 pr0vectus
2597 3155 2701 3202 est.

2200 3238 2367 3313 748
2395 3241 2484 3296 47.
2522 3240 2708 3296 Mense
2729 3240 2927 3311 Aprili,
2957 3240 3261 3296 indictione
3289 3240 3488 3312 prima,
3517 3256 3712 3297 rursus

2128 3333 2297 3390 Turci
2347 3334 2666 3404 ingentibus
2706 3333 2882 3404 copiis
2933 3333 3305 3404 irruptionem
3363 3334 3564 3389 fecere.
3627 3334 3708 3388 Ad

2127 3441 2267 3496 quos
2336 3439 2592 3495 egressus
2657 3424 2944 3479 accubitor
3018 3426 3170 3494 pacis
3224 3439 3350 3479 cum
3406 3425 3487 3479 eis
3532 3423 3715 3480 foedus

2129 3518 2399 3587 percussit
2432 3535 2446 3583 ;
2501 3517 2646 3571 unde
2681 3511 2847 3572 etia'm
2871 3518 2939 3573 ad
2975 3533 3150 3572 annos
3181 3517 3428 3588 quinque
3456 3533 3558 3588 pax
3592 3525 3714 3572 rata

2130 3610 2257 3665 fuit.
3719 3676 3728 3683 .

2200 3699 2292 3754 48.
2326 3699 2510 3754 Altera
2559 3699 2747 3754 statim
2818 3699 3145 3762 indictione.
3205 3699 3487 3756 Paschalis
3529 3707 3718 3770 proto-

2129 3793 2448 3863 spatharius
2470 3807 2535 3846 ac
2583 3791 2981 3863 Longobardize
3009 3801 3210 3860 praeter
3261 3792 3592 3850 a.Romano
3646 3791 3718 3849 ad

2128 3886 2464 3940 Francorum
2487 3899 2694 3956 regem,
2731 3885 2825 3954 qui
2865 3885 2987 3955 ejus
3011 3884 3179 3939 ﬁliam
3205 3883 3444 3940 adducat
3465 3883 3717 3940 Romano

2127 3978 2473 4034 Constantini
2500 3979 2620 4048 ejus
2652 3976 2840 4047 generi
2873 3974 2989 4030 ﬁlio
3021 3975 3410 4046 copulandam,
3451 3976 3714 4030 mittitur.

2127 4072 2300 4138 Quam
2331 4078 2387 4124 et
2419 4069 2606 4123 multis
2629 4069 2884 4124 donatam
2907 4067 3107 4137 opibus
3127 4067 3378 4122 adduxit.
3411 4066 3717 4124 Celebrata

2129 4165 2336 4234 nuptiae
2382 4177 2572 4218 mense
2605 4161 2940 4231 Septembri,
2983 4159 3290 4215 indictione
3323 4160 3506 4215 tertia.
3535 4160 3714 4214 Vixit-

2129 4273 2239 4328 que
2300 4271 2426 4311 cum
2455 4255 2573 4310 viro
2625 4269 2726 4309 suo
2759 4267 2935 4307 annos
2967 4251 3233 4321 quinque,
3266 4259 3324 4305 et
3354 4258 3572 4305 mortua
3603 4259 3712 4315 est,

2130 4354 2250 4423 ejus
2282 4365 2477 4406 socero
2502 4347 2865 4404 Constantino
2883 4344 3208 4416 iterumjam
3234 4357 3416 4399 rerum
3442 4358 3717 4398 summam

2131 4445 2354 4514 adepu»

2207 4623 2296 4678 49.
2335 4621 2519 4676 Mense
2546 4619 2860 4685 Decembri,
2913 4617 3215 4673 indictione
3240 4623 3453 4686 quarta,
3487 4612 3718 4668 validis-

2134 4717 2275 4772 simo
2302 4731 2365 4770 ac
2411 4713 2729 4769 vehementi
2761 4710 3027 4781 perflante
3065 4718 3255 4774 vento,
3298 4723 3438 4778 quos
3465 4707 3522 4761 in
3553 4704 3719 4763 Circo

2131 4809 2324 4863 demos
2359 4813 2579 4870 vocant,
2612 4820 2678 4859 ex
2703 4803 2937 4858 adverso
2959 4801 3316 4872 imperatoris
3343 4798 3469 4856 solii
3498 4797 3719 4854 cecide-

2138 4907 2292 4964 runt,
2326 4899 2718 4968 subjectosque
2761 4894 2966 4966 gradus
3009 4909 3078 4949 ac
3119 4892 3544 4949 intercolumnia
3578 4906 3715 4947 con-

2139 4994 2436 5048 triverunt.
2471 4989 2772 5043 Transacto
2816 4994 3003 5041 autem
3033 4999 3200 5050 anno,
3255 4983 3453 5038 eodem
3500 4998 3714 5050 mense,

2135 5085 2446 5140 Romanum
2483 5081 2878 5151 imperatorem
2907 5078 3006 5133 filii
3035 5077 3162 5132 aula
3191 5075 3570 5131 detruserunt.

2211 5266 2299 5321 50.
2329 5263 2583 5319 Edesena
2611 5270 2794 5316 autem
2833 5260 3080 5322 civitate,
3105 5257 3160 5310 in
3190 5270 3298 5325 qua
3323 5269 3476 5309 sacra
3509 5253 3718 5310 Christi

2137 5361 2344 5434 efﬁgies
2375 5360 2545 5414 linteo
2586 5369 2868 5427 expressa,
2919 5352 3294 5408 Romanorum
3355 5347 3531 5418 copiis
3570 5349 3721 5404 obsi.

2141 5455 2310 5511 dione
2344 5453 2526 5508 cincta
2553 5449 2836 5517 armisque
2861 5461 3076 5517 pressa,
3106 5444 3270 5499 missa
3305 5441 3374 5496 ad
3408 5441 3718 5496 Romanum

2139 5543 2416 5616 legatione
2439 5541 2592 5596 illius
2625 5539 2776 5595 cives
2810 5537 2959 5592 illam
3009 5550 3069 5589 se
3113 5531 3443 5604 prazbituros
3487 5527 3720 5600 polliciti

2138 5645 2290 5702 sunt,
2316 5651 2380 5692 ea
2401 5635 2671 5692 duntaxat
2702 5630 3023 5689 conditione
3057 5635 3119 5683 ut
3136 5624 3358 5684 obsidio
3387 5624 3720 5680 solveretur.

1784 5730 2022 5788 VARIE
2059 5728 2470 5790 LECTIONES.

513 5828 555 5862 "
583 5826 678 5882 τοῦ
709 5841 820 5880 om.
851 5823 913 5880 Ρ.

695 5920 964 5981 Parnm.
1000 5919 1116 5982 Gs.
1151 5916 1309 5978 ClX.

3252 5894 3333 5956 26
