  <div class='ocr_page' id='page_1' title='image "/cluster/home/n/w/nwhite01/storage/ocr_20150623/109/coo.31924054870138/413.png"; bbox 0 0 4124 6428; ppageno 0'>
   <div class='ocr_carea' id='block_1_1' title="bbox 404 369 505 437">
    <p class='ocr_par' dir='ltr' id='par_1_1' title="bbox 404 369 505 437">
     <span class='ocr_line' id='line_1_1' title="bbox 404 369 505 437; baseline -0.02 0"><span class='ocrx_word' id='word_1_1' title='bbox 404 369 505 437; x_wconf 87' lang='grc'><strong>811</strong></span> 
     </span>
    </p>
   </div>
   <div class='ocr_carea' id='block_1_2' title="bbox 1613 370 2432 436">
    <p class='ocr_par' dir='ltr' id='par_1_2' title="bbox 1613 370 2432 436">
     <span class='ocr_line' id='line_1_2' title="bbox 1613 370 2432 436; baseline -0.004 -3"><span class='ocrx_word' id='word_1_2' title='bbox 1613 373 1939 436; x_wconf 71' lang='lat' dir='ltr'><strong>&#39;SYMEON</strong></span> <span class='ocrx_word' id='word_1_3' title='bbox 1947 373 2019 432; x_wconf 86' lang='lat' dir='ltr'><strong>1S</strong></span> <span class='ocrx_word' id='word_1_4' title='bbox 2061 370 2432 432; x_wconf 84' lang='lat' dir='ltr'><strong>MAGISTRI</strong></span> 
     </span>
    </p>
   </div>
   <div class='ocr_carea' id='block_1_3' title="bbox 3574 365 3687 429">
    <p class='ocr_par' dir='ltr' id='par_1_3' title="bbox 3574 365 3687 429">
     <span class='ocr_line' id='line_1_3' title="bbox 3574 365 3687 429; baseline -0.009 0"><span class='ocrx_word' id='word_1_5' title='bbox 3574 365 3687 429; x_wconf 80' lang='lat'><strong>812</strong></span> 
     </span>
    </p>
   </div>
   <div class='ocr_carea' id='block_1_4' title="bbox 409 480 2001 555">
    <p class='ocr_par' dir='ltr' id='par_1_4' title="bbox 409 483 2001 555">
     <span class='ocr_line' id='line_1_4' title="bbox 409 483 2001 555; baseline -0.004 -12"><span class='ocrx_word' id='word_1_6' title='bbox 409 485 563 554; x_wconf 85' lang='lat' dir='ltr'><strong>Quod</strong></span> <span class='ocrx_word' id='word_1_7' title='bbox 594 494 652 541; x_wconf 88' lang='lat' dir='ltr'><strong>et</strong></span> <span class='ocrx_word' id='word_1_8' title='bbox 697 483 770 539; x_wconf 89' lang='lat' dir='ltr'><strong>ita</strong></span> <span class='ocrx_word' id='word_1_9' title='bbox 820 484 1073 555; x_wconf 74' lang='lat' dir='ltr'><strong>conligit.</strong></span> <span class='ocrx_word' id='word_1_10' title='bbox 1124 484 1259 539; x_wconf 81' lang='lat' dir='ltr'><strong>Data</strong></span> <span class='ocrx_word' id='word_1_11' title='bbox 1288 484 1436 539; x_wconf 87' lang='lat' dir='ltr'><strong>enim</strong></span> <span class='ocrx_word' id='word_1_12' title='bbox 1474 486 1623 539; x_wconf 84' lang='lat' dir='ltr'><strong>bulla</strong></span> <span class='ocrx_word' id='word_1_13' title='bbox 1667 501 1831 540; x_wconf 86' lang='lat' dir='ltr'><strong>aurea</strong></span> <span class='ocrx_word' id='word_1_14' title='bbox 1873 499 2001 538; x_wconf 85' lang='lat' dir='ltr'><strong>eau-</strong></span> 
     </span>
    </p>
   </div>
   <div class='ocr_carea' id='block_1_5' title="bbox 2106 480 3685 555">
    <p class='ocr_par' dir='ltr' id='par_1_5' title="bbox 2106 480 3685 554">
     <span class='ocr_line' id='line_1_5' title="bbox 2106 480 3685 554; baseline -0.002 -19"><span class='ocrx_word' id='word_1_15' title='bbox 2106 499 2261 551; x_wconf 85' lang='grc' dir='ltr'>γονε·</span> <span class='ocrx_word' id='word_1_16' title='bbox 2326 483 2422 538; x_wconf 79' lang='grc' dir='ltr'>καὶ</span> <span class='ocrx_word' id='word_1_17' title='bbox 2475 481 2873 554; x_wconf 79' lang='grc' dir='ltr'>χρυσόϐουλλον</span> <span class='ocrx_word' id='word_1_18' title='bbox 2942 480 3098 552; x_wconf 76' lang='grc' dir='ltr'>ἐδόοη</span> <span class='ocrx_word' id='word_1_19' title='bbox 3166 481 3364 551; x_wconf 78' lang='grc' dir='ltr'><strong>μηκέτι</strong></span> <span class='ocrx_word' id='word_1_20' title='bbox 3404 480 3508 533; x_wconf 77' lang='grc' dir='ltr'><strong>ὑπὸ</strong></span> <span class='ocrx_word' id='word_1_21' title='bbox 3546 481 3685 533; x_wconf 82' lang='grc' dir='ltr'><strong>Ῥω-</strong></span> 
     </span>
    </p>
   </div>
   <div class='ocr_carea' id='block_1_6' title="bbox 411 576 1995 649">
    <p class='ocr_par' dir='ltr' id='par_1_6' title="bbox 411 576 1995 649">
     <span class='ocr_line' id='line_1_6' title="bbox 411 576 1995 649; baseline -0.002 -16"><span class='ocrx_word' id='word_1_22' title='bbox 411 593 526 634; x_wconf 86' lang='lat' dir='ltr'><strong>tum</strong></span> <span class='ocrx_word' id='word_1_23' title='bbox 561 588 645 633; x_wconf 89' lang='lat' dir='ltr'><strong>est</strong></span> <span class='ocrx_word' id='word_1_24' title='bbox 684 592 752 632; x_wconf 90' lang='lat' dir='ltr'><strong>ne</strong></span> <span class='ocrx_word' id='word_1_25' title='bbox 784 576 1009 631; x_wconf 91' lang='lat' dir='ltr'><strong>illorum</strong></span> <span class='ocrx_word' id='word_1_26' title='bbox 1049 577 1317 648; x_wconf 82' lang='lat' dir='ltr'><strong>deinceps</strong></span> <span class='ocrx_word' id='word_1_27' title='bbox 1369 594 1499 649; x_wconf 80' lang='lat' dir='ltr'><strong>ager</strong></span> <span class='ocrx_word' id='word_1_28' title='bbox 1540 594 1604 633; x_wconf 88' lang='lat' dir='ltr'><strong>ac</strong></span> <span class='ocrx_word' id='word_1_29' title='bbox 1648 577 1933 647; x_wconf 83' lang='lat' dir='ltr'><strong>provincia</strong></span> <span class='ocrx_word' id='word_1_30' title='bbox 1963 590 1995 630; x_wconf 84' lang='lat' dir='ltr'><strong>a</strong></span> 
     </span>
    </p>
   </div>
   <div class='ocr_carea' id='block_1_7' title="bbox 408 665 1995 742">
    <p class='ocr_par' dir='ltr' id='par_1_7' title="bbox 408 665 1995 742">
     <span class='ocr_line' id='line_1_7' title="bbox 408 665 1995 742; baseline -0.003 -17"><span class='ocrx_word' id='word_1_31' title='bbox 408 670 573 742; x_wconf 68' lang='grc'><strong>749</strong></span> <span class='ocrx_word' id='word_1_32' title='bbox 602 670 867 724; x_wconf 79' lang='lat' dir='ltr'><strong>Romanis</strong></span> <span class='ocrx_word' id='word_1_33' title='bbox 896 668 1256 739; x_wconf 81' lang='lat' dir='ltr'><strong>diriperetur.</strong></span> <span class='ocrx_word' id='word_1_34' title='bbox 1289 669 1451 723; x_wconf 80' lang='lat' dir='ltr'><strong>Missa</strong></span> <span class='ocrx_word' id='word_1_35' title='bbox 1478 669 1661 739; x_wconf 93' lang='lat' dir='ltr'><strong>itaque</strong></span> <span class='ocrx_word' id='word_1_36' title='bbox 1686 684 1844 723; x_wconf 83' lang='lat' dir='ltr'><strong>sacra</strong></span> <span class='ocrx_word' id='word_1_37' title='bbox 1877 665 1995 721; x_wconf 78' lang='lat' dir='ltr'><strong>etii-</strong></span> 
     </span>
    </p>
   </div>
   <div class='ocr_carea' id='block_1_8' title="bbox 406 759 1993 830">
    <p class='ocr_par' dir='ltr' id='par_1_8' title="bbox 406 759 1993 830">
     <span class='ocr_line' id='line_1_8' title="bbox 406 759 1993 830; baseline -0.002 -15"><span class='ocrx_word' id='word_1_38' title='bbox 406 760 514 829; x_wconf 80' lang='lat' dir='ltr'><strong>gie,</strong></span> <span class='ocrx_word' id='word_1_39' title='bbox 546 759 766 815; x_wconf 80' lang='lat' dir='ltr'><strong>obviam</strong></span> <span class='ocrx_word' id='word_1_40' title='bbox 792 759 975 815; x_wconf 80' lang='lat' dir='ltr'><strong>factus</strong></span> <span class='ocrx_word' id='word_1_41' title='bbox 1005 761 1292 816; x_wconf 88' lang='lat' dir='ltr'><strong>accubitor</strong></span> <span class='ocrx_word' id='word_1_42' title='bbox 1320 762 1684 830; x_wconf 84' lang='lat' dir='ltr'><strong>Theophanes</strong></span> <span class='ocrx_word' id='word_1_43' title='bbox 1719 777 1841 815; x_wconf 91' lang='lat' dir='ltr'><strong>cum</strong></span> <span class='ocrx_word' id='word_1_44' title='bbox 1883 776 1993 813; x_wconf 87' lang='lat' dir='ltr'><strong>ma-</strong></span> 
     </span>
    </p>
   </div>
   <div class='ocr_carea' id='block_1_9' title="bbox 405 850 1997 921">
    <p class='ocr_par' dir='ltr' id='par_1_9' title="bbox 405 850 1997 921">
     <span class='ocr_line' id='line_1_9' title="bbox 405 850 1997 921; baseline 0.001 -17"><span class='ocrx_word' id='word_1_45' title='bbox 405 850 608 920; x_wconf 75' lang='lat' dir='ltr'><strong>gnifico</strong></span> <span class='ocrx_word' id='word_1_46' title='bbox 640 865 931 906; x_wconf 87' lang='lat' dir='ltr'><strong>cereorum</strong></span> <span class='ocrx_word' id='word_1_47' title='bbox 960 851 1346 921; x_wconf 82' lang='lat' dir='ltr'><strong>luminumque</strong></span> <span class='ocrx_word' id='word_1_48' title='bbox 1392 862 1657 921; x_wconf 87' lang='lat' dir='ltr'><strong>apparatu</strong></span> <span class='ocrx_word' id='word_1_49' title='bbox 1690 861 1745 907; x_wconf 86' lang='lat' dir='ltr'><strong>et</strong></span> <span class='ocrx_word' id='word_1_50' title='bbox 1777 851 1997 906; x_wconf 89' lang='lat' dir='ltr'><strong>decenti</strong></span> 
     </span>
    </p>
   </div>
   <div class='ocr_carea' id='block_1_10' title="bbox 410 943 1998 1015">
    <p class='ocr_par' dir='ltr' id='par_1_10' title="bbox 410 943 1998 1015">
     <span class='ocr_line' id='line_1_10' title="bbox 410 943 1998 1015; baseline 0.001 -17"><span class='ocrx_word' id='word_1_51' title='bbox 410 943 563 998; x_wconf 92' lang='lat' dir='ltr'><strong>cultu</strong></span> <span class='ocrx_word' id='word_1_52' title='bbox 594 959 659 999; x_wconf 87' lang='lat' dir='ltr'><strong>ac</strong></span> <span class='ocrx_word' id='word_1_53' title='bbox 684 943 987 1014; x_wconf 86' lang='lat' dir='ltr'><strong>hymnodia</strong></span> <span class='ocrx_word' id='word_1_54' title='bbox 1020 944 1089 997; x_wconf 89' lang='lat' dir='ltr'><strong>ad</strong></span> <span class='ocrx_word' id='word_1_55' title='bbox 1116 943 1387 1015; x_wconf 84' lang='lat' dir='ltr'><strong>Sangarin</strong></span> <span class='ocrx_word' id='word_1_56' title='bbox 1417 943 1646 998; x_wconf 87' lang='lat' dir='ltr'><strong>ﬂuvium</strong></span> <span class='ocrx_word' id='word_1_57' title='bbox 1676 960 1796 999; x_wconf 86' lang='lat' dir='ltr'><strong>eam</strong></span> <span class='ocrx_word' id='word_1_58' title='bbox 1832 959 1998 999; x_wconf 78' lang='lat' dir='ltr'><strong>exce-</strong></span> 
     </span>
    </p>
   </div>
   <div class='ocr_carea' id='block_1_11' title="bbox 410 1035 1996 1107">
    <p class='ocr_par' dir='ltr' id='par_1_11' title="bbox 410 1035 1996 1107">
     <span class='ocr_line' id='line_1_11' title="bbox 410 1035 1996 1107; baseline 0.001 -18"><span class='ocrx_word' id='word_1_59' title='bbox 410 1035 512 1105; x_wconf 88' lang='lat' dir='ltr'><strong>pit,</strong></span> <span class='ocrx_word' id='word_1_60' title='bbox 560 1037 878 1106; x_wconf 83' lang='lat' dir='ltr'><strong>mensisque</strong></span> <span class='ocrx_word' id='word_1_61' title='bbox 921 1036 1167 1107; x_wconf 87' lang='lat' dir='ltr'><strong>ejusdem</strong></span> <span class='ocrx_word' id='word_1_62' title='bbox 1222 1035 1311 1091; x_wconf 89' lang='lat' dir='ltr'><strong>die</strong></span> <span class='ocrx_word' id='word_1_63' title='bbox 1359 1036 1574 1091; x_wconf 90' lang='lat' dir='ltr'><strong>decimo</strong></span> <span class='ocrx_word' id='word_1_64' title='bbox 1626 1052 1773 1090; x_wconf 88' lang='lat' dir='ltr'><strong>nono</strong></span> <span class='ocrx_word' id='word_1_65' title='bbox 1824 1037 1996 1106; x_wconf 83' lang='lat' dir='ltr'><strong>ipsam</strong></span> 
     </span>
    </p>
   </div>
   <div class='ocr_carea' id='block_1_12' title="bbox 410 1127 1995 1199">
    <p class='ocr_par' dir='ltr' id='par_1_12' title="bbox 410 1127 1995 1199">
     <span class='ocr_line' id='line_1_12' title="bbox 410 1127 1995 1199; baseline 0.002 -20"><span class='ocrx_word' id='word_1_66' title='bbox 410 1127 697 1183; x_wconf 88' lang='lat' dir='ltr'><strong>deducens</strong></span> <span class='ocrx_word' id='word_1_67' title='bbox 738 1128 793 1182; x_wconf 90' lang='lat' dir='ltr'><strong>in</strong></span> <span class='ocrx_word' id='word_1_68' title='bbox 834 1128 1027 1182; x_wconf 80' lang='lat' dir='ltr'><strong>urbem</strong></span> <span class='ocrx_word' id='word_1_69' title='bbox 1079 1129 1331 1183; x_wconf 88' lang='lat' dir='ltr'><strong>intravit.</strong></span> <span class='ocrx_word' id='word_1_70' title='bbox 1401 1129 1729 1199; x_wconf 79' lang='lat' dir='ltr'><strong>Imperator,</strong></span> <span class='ocrx_word' id='word_1_71' title='bbox 1784 1130 1878 1199; x_wconf 90' lang='lat' dir='ltr'><strong>qui</strong></span> <span class='ocrx_word' id='word_1_72' title='bbox 1940 1129 1995 1182; x_wconf 93' lang='lat' dir='ltr'><strong>in</strong></span> 
     </span>
    </p>
   </div>
   <div class='ocr_carea' id='block_1_13' title="bbox 412 1219 2000 1290">
    <p class='ocr_par' dir='ltr' id='par_1_13' title="bbox 412 1219 2000 1290">
     <span class='ocr_line' id='line_1_13' title="bbox 412 1219 2000 1290; baseline -0.001 -16"><span class='ocrx_word' id='word_1_73' title='bbox 412 1221 735 1276; x_wconf 84' lang='lat' dir='ltr'><strong>Blachernis</strong></span> <span class='ocrx_word' id='word_1_74' title='bbox 761 1229 925 1279; x_wconf 89' lang='lat' dir='ltr'><strong>esset.</strong></span> <span class='ocrx_word' id='word_1_75' title='bbox 961 1221 1037 1275; x_wconf 87' lang='lat' dir='ltr'><strong>ibi</strong></span> <span class='ocrx_word' id='word_1_76' title='bbox 1059 1236 1178 1275; x_wconf 90' lang='lat' dir='ltr'><strong>eam</strong></span> <span class='ocrx_word' id='word_1_77' title='bbox 1206 1221 1295 1290; x_wconf 89' lang='lat' dir='ltr'><strong>pie</strong></span> <span class='ocrx_word' id='word_1_78' title='bbox 1327 1230 1626 1276; x_wconf 73' lang='lat' dir='ltr'><strong>veneratus</strong></span> <span class='ocrx_word' id='word_1_79' title='bbox 1658 1229 1763 1276; x_wconf 82' lang='lat' dir='ltr'><strong>est.</strong></span> <span class='ocrx_word' id='word_1_80' title='bbox 1790 1219 2000 1276; x_wconf 90' lang='lat' dir='ltr'><strong>Postri-</strong></span> 
     </span>
    </p>
   </div>
   <div class='ocr_carea' id='block_1_14' title="bbox 412 1312 1999 1383">
    <p class='ocr_par' dir='ltr' id='par_1_14' title="bbox 412 1312 1999 1383">
     <span class='ocr_line' id='line_1_14' title="bbox 412 1312 1999 1383; baseline 0 -16"><span class='ocrx_word' id='word_1_81' title='bbox 412 1312 503 1367; x_wconf 86' lang='lat' dir='ltr'><strong>die</strong></span> <span class='ocrx_word' id='word_1_82' title='bbox 528 1327 660 1366; x_wconf 91' lang='lat' dir='ltr'><strong>vero</strong></span> <span class='ocrx_word' id='word_1_83' title='bbox 680 1312 748 1365; x_wconf 90' lang='lat' dir='ltr'><strong>ad</strong></span> <span class='ocrx_word' id='word_1_84' title='bbox 778 1316 1019 1365; x_wconf 77' lang='lat' dir='ltr'><strong>Auream</strong></span> <span class='ocrx_word' id='word_1_85' title='bbox 1054 1320 1267 1381; x_wconf 87' lang='lat' dir='ltr'><strong>portam</strong></span> <span class='ocrx_word' id='word_1_86' title='bbox 1314 1313 1522 1383; x_wconf 82' lang='lat' dir='ltr'><strong>egressi</strong></span> <span class='ocrx_word' id='word_1_87' title='bbox 1553 1322 1668 1367; x_wconf 90' lang='lat' dir='ltr'><strong>tum</strong></span> <span class='ocrx_word' id='word_1_88' title='bbox 1704 1313 1999 1382; x_wconf 86' lang='lat' dir='ltr'><strong>imperato-</strong></span> 
     </span>
    </p>
   </div>
   <div class='ocr_carea' id='block_1_15' title="bbox 415 1403 2000 1475">
    <p class='ocr_par' dir='ltr' id='par_1_15' title="bbox 415 1403 2000 1475">
     <span class='ocr_line' id='line_1_15' title="bbox 415 1403 2000 1475; baseline 0.003 -19"><span class='ocrx_word' id='word_1_89' title='bbox 415 1404 492 1458; x_wconf 89' lang='lat' dir='ltr'><strong>ris</strong></span> <span class='ocrx_word' id='word_1_90' title='bbox 520 1404 684 1459; x_wconf 89' lang='lat' dir='ltr'><strong>ambo</strong></span> <span class='ocrx_word' id='word_1_91' title='bbox 719 1403 838 1467; x_wconf 78' lang='lat' dir='ltr'><strong>(iiii,</strong></span> <span class='ocrx_word' id='word_1_92' title='bbox 875 1403 1190 1474; x_wconf 82' lang='lat' dir='ltr'><strong>Stephanus</strong></span> <span class='ocrx_word' id='word_1_93' title='bbox 1211 1413 1267 1459; x_wconf 91' lang='lat' dir='ltr'><strong>et</strong></span> <span class='ocrx_word' id='word_1_94' title='bbox 1286 1403 1708 1469; x_wconf 88' lang='lat' dir='ltr'><strong>Constantinus,</strong></span> <span class='ocrx_word' id='word_1_95' title='bbox 1737 1415 1853 1460; x_wconf 88' lang='lat' dir='ltr'><strong>tum</strong></span> <span class='ocrx_word' id='word_1_96' title='bbox 1879 1407 2000 1475; x_wconf 85' lang='lat' dir='ltr'><strong>ejus</strong></span> 
     </span>
    </p>
   </div>
   <div class='ocr_carea' id='block_1_16' title="bbox 412 1495 2000 1570">
    <p class='ocr_par' dir='ltr' id='par_1_16' title="bbox 412 1495 2000 1570">
     <span class='ocr_line' id='line_1_16' title="bbox 412 1495 2000 1570; baseline -0.001 -20"><span class='ocrx_word' id='word_1_97' title='bbox 412 1511 580 1566; x_wconf 81' lang='lat' dir='ltr'><strong>gener</strong></span> <span class='ocrx_word' id='word_1_98' title='bbox 602 1495 1002 1551; x_wconf 82' lang='lat' dir='ltr'><strong>Constantinus</strong></span> <span class='ocrx_word' id='word_1_99' title='bbox 1030 1511 1158 1550; x_wconf 88' lang='lat' dir='ltr'><strong>cum</strong></span> <span class='ocrx_word' id='word_1_100' title='bbox 1215 1496 1631 1570; x_wconf 87' lang='lat' dir='ltr'><strong>Theopbylacto</strong></span> <span class='ocrx_word' id='word_1_101' title='bbox 1685 1497 2000 1566; x_wconf 82' lang='lat' dir='ltr'><strong>patriarcha</strong></span> 
     </span>
    </p>
   </div>
   <div class='ocr_carea' id='block_1_17' title="bbox 415 1588 1999 1659">
    <p class='ocr_par' dir='ltr' id='par_1_17' title="bbox 415 1588 1999 1659">
     <span class='ocr_line' id='line_1_17' title="bbox 415 1588 1999 1659; baseline -0.001 -17"><span class='ocrx_word' id='word_1_102' title='bbox 415 1589 678 1659; x_wconf 86' lang='lat' dir='ltr'><strong>omnique</strong></span> <span class='ocrx_word' id='word_1_103' title='bbox 728 1596 947 1652; x_wconf 85' lang='lat' dir='ltr'><strong>senatu,</strong></span> <span class='ocrx_word' id='word_1_104' title='bbox 997 1588 1202 1659; x_wconf 87' lang='lat' dir='ltr'><strong>populo</strong></span> <span class='ocrx_word' id='word_1_105' title='bbox 1259 1605 1480 1659; x_wconf 91' lang='lat' dir='ltr'><strong>quoque</strong></span> <span class='ocrx_word' id='word_1_106' title='bbox 1535 1598 1817 1659; x_wconf 52' lang='lat' dir='ltr'><strong>praeeunte</strong></span> <span class='ocrx_word' id='word_1_107' title='bbox 1873 1603 1999 1643; x_wconf 91' lang='lat' dir='ltr'><strong>cum</strong></span> 
     </span>
    </p>
   </div>
   <div class='ocr_carea' id='block_1_18' title="bbox 414 1680 2002 1752">
    <p class='ocr_par' dir='ltr' id='par_1_18' title="bbox 414 1680 2002 1752">
     <span class='ocr_line' id='line_1_18' title="bbox 414 1680 2002 1752; baseline -0.001 -15"><span class='ocrx_word' id='word_1_108' title='bbox 414 1681 764 1752; x_wconf 87' lang='lat' dir='ltr'><strong>lampadibus</strong></span> <span class='ocrx_word' id='word_1_109' title='bbox 800 1697 865 1736; x_wconf 89' lang='lat' dir='ltr'><strong>ac</strong></span> <span class='ocrx_word' id='word_1_110' title='bbox 900 1680 1139 1747; x_wconf 81' lang='lat' dir='ltr'><strong>facibus,</strong></span> <span class='ocrx_word' id='word_1_111' title='bbox 1189 1682 1259 1737; x_wconf 83' lang='lat' dir='ltr'><strong>ad</strong></span> <span class='ocrx_word' id='word_1_112' title='bbox 1314 1698 1491 1752; x_wconf 91' lang='lat' dir='ltr'><strong>usque</strong></span> <span class='ocrx_word' id='word_1_113' title='bbox 1528 1682 1743 1737; x_wconf 80' lang='lat' dir='ltr'><strong>Sanctae</strong></span> <span class='ocrx_word' id='word_1_114' title='bbox 1768 1680 1866 1736; x_wconf 90' lang='lat' dir='ltr'><strong>Dei</strong></span> <span class='ocrx_word' id='word_1_115' title='bbox 1903 1681 2002 1737; x_wconf 88' lang='lat' dir='ltr'><strong>Sa—</strong></span> 
     </span>
    </p>
   </div>
   <div class='ocr_carea' id='block_1_19' title="bbox 413 1774 2000 1847">
    <p class='ocr_par' dir='ltr' id='par_1_19' title="bbox 413 1774 2000 1847">
     <span class='ocr_line' id='line_1_19' title="bbox 413 1774 2000 1847; baseline -0.001 -16"><span class='ocrx_word' id='word_1_116' title='bbox 413 1775 637 1845; x_wconf 61' lang='lat' dir='ltr'><strong>pientiae</strong></span> <span class='ocrx_word' id='word_1_117' title='bbox 675 1775 966 1830; x_wconf 91' lang='lat' dir='ltr'><strong>delubrum</strong></span> <span class='ocrx_word' id='word_1_118' title='bbox 1006 1774 1245 1845; x_wconf 85' lang='lat' dir='ltr'><strong>pedibus</strong></span> <span class='ocrx_word' id='word_1_119' title='bbox 1268 1790 1391 1831; x_wconf 88' lang='lat' dir='ltr'><strong>eam</strong></span> <span class='ocrx_word' id='word_1_120' title='bbox 1440 1776 1753 1843; x_wconf 85' lang='lat' dir='ltr'><strong>deduxere;</strong></span> <span class='ocrx_word' id='word_1_121' title='bbox 1799 1777 2000 1847; x_wconf 91' lang='lat' dir='ltr'><strong>pieque</strong></span> 
     </span>
    </p>
   </div>
   <div class='ocr_carea' id='block_1_20' title="bbox 414 1867 2001 1939">
    <p class='ocr_par' dir='ltr' id='par_1_20' title="bbox 414 1867 2001 1939">
     <span class='ocr_line' id='line_1_20' title="bbox 414 1867 2001 1939; baseline -0.001 -15"><span class='ocrx_word' id='word_1_122' title='bbox 414 1869 487 1924; x_wconf 87' lang='lat' dir='ltr'><strong>ibi</strong></span> <span class='ocrx_word' id='word_1_123' title='bbox 527 1884 747 1924; x_wconf 85' lang='lat' dir='ltr'><strong>sacrum</strong></span> <span class='ocrx_word' id='word_1_124' title='bbox 775 1867 910 1923; x_wconf 89' lang='lat' dir='ltr'><strong>illud</strong></span> <span class='ocrx_word' id='word_1_125' title='bbox 939 1868 1140 1938; x_wconf 81' lang='lat' dir='ltr'><strong>pignus</strong></span> <span class='ocrx_word' id='word_1_126' title='bbox 1165 1869 1414 1924; x_wconf 79' lang='lat' dir='ltr'><strong>venerati</strong></span> <span class='ocrx_word' id='word_1_127' title='bbox 1448 1868 1504 1923; x_wconf 91' lang='lat' dir='ltr'><strong>in</strong></span> <span class='ocrx_word' id='word_1_128' title='bbox 1530 1869 1795 1939; x_wconf 83' lang='lat' dir='ltr'><strong>palatium</strong></span> <span class='ocrx_word' id='word_1_129' title='bbox 1845 1868 2001 1924; x_wconf 88' lang='lat' dir='ltr'><strong>detu-</strong></span> 
     </span>
    </p>
   </div>
   <div class='ocr_carea' id='block_1_21' title="bbox 412 1964 616 2019">
    <p class='ocr_par' dir='ltr' id='par_1_21' title="bbox 412 1964 616 2019">
     <span class='ocr_line' id='line_1_21' title="bbox 412 1964 616 2019; baseline -0.02 0"><span class='ocrx_word' id='word_1_130' title='bbox 412 1964 616 2019; x_wconf 85' lang='lat' dir='ltr'><strong>ierunt.</strong></span> 
     </span>
    </p>
   </div>
   <div class='ocr_carea' id='block_1_22' title="bbox 486 2050 1999 2122">
    <p class='ocr_par' dir='ltr' id='par_1_22' title="bbox 486 2050 1999 2122">
     <span class='ocr_line' id='line_1_22' title="bbox 486 2050 1999 2122; baseline 0.001 -16"><span class='ocrx_word' id='word_1_131' title='bbox 486 2053 574 2107; x_wconf 85' lang='grc'><strong>51.</strong></span> <span class='ocrx_word' id='word_1_132' title='bbox 603 2051 766 2107; x_wconf 87' lang='lat' dir='ltr'><strong>llisce</strong></span> <span class='ocrx_word' id='word_1_133' title='bbox 801 2050 1004 2106; x_wconf 90' lang='lat' dir='ltr'><strong>diebus</strong></span> <span class='ocrx_word' id='word_1_134' title='bbox 1036 2060 1357 2121; x_wconf 75' lang='lat' dir='ltr'><strong>portentum</strong></span> <span class='ocrx_word' id='word_1_135' title='bbox 1397 2052 1677 2122; x_wconf 85' lang='lat' dir='ltr'><strong>quoddam</strong></span> <span class='ocrx_word' id='word_1_136' title='bbox 1710 2069 1779 2107; x_wconf 78' lang='lat' dir='ltr'><strong>ex</strong></span> <span class='ocrx_word' id='word_1_137' title='bbox 1802 2052 1999 2107; x_wconf 83' lang='lat' dir='ltr'><strong>Arme-</strong></span> 
     </span>
    </p>
   </div>
   <div class='ocr_carea' id='block_1_23' title="bbox 415 2143 2001 2216">
    <p class='ocr_par' dir='ltr' id='par_1_23' title="bbox 415 2143 2001 2216">
     <span class='ocr_line' id='line_1_23' title="bbox 415 2143 2001 2216; baseline 0.002 -19"><span class='ocrx_word' id='word_1_138' title='bbox 415 2144 507 2199; x_wconf 88' lang='lat' dir='ltr'><strong>nia</strong></span> <span class='ocrx_word' id='word_1_139' title='bbox 536 2145 592 2198; x_wconf 91' lang='lat' dir='ltr'><strong>in</strong></span> <span class='ocrx_word' id='word_1_140' title='bbox 622 2143 823 2199; x_wconf 88' lang='lat' dir='ltr'><strong>urbem</strong></span> <span class='ocrx_word' id='word_1_141' title='bbox 854 2153 1111 2211; x_wconf 81' lang='lat' dir='ltr'><strong>venerat,</strong></span> <span class='ocrx_word' id='word_1_142' title='bbox 1142 2144 1303 2213; x_wconf 88' lang='lat' dir='ltr'><strong>pueri</strong></span> <span class='ocrx_word' id='word_1_143' title='bbox 1338 2143 1450 2198; x_wconf 91' lang='lat' dir='ltr'><strong>duo</strong></span> <span class='ocrx_word' id='word_1_144' title='bbox 1484 2160 1552 2199; x_wconf 82' lang='lat' dir='ltr'><strong>ex</strong></span> <span class='ocrx_word' id='word_1_145' title='bbox 1579 2161 1690 2199; x_wconf 91' lang='lat' dir='ltr'><strong>uno</strong></span> <span class='ocrx_word' id='word_1_146' title='bbox 1720 2146 2001 2216; x_wconf 81' lang='lat' dir='ltr'><strong>progressi</strong></span> 
     </span>
    </p>
   </div>
   <div class='ocr_carea' id='block_1_24' title="bbox 416 2234 2003 2308">
    <p class='ocr_par' dir='ltr' id='par_1_24' title="bbox 416 2234 2003 2308">
     <span class='ocr_line' id='line_1_24' title="bbox 416 2234 2003 2308; baseline 0.001 -18"><span class='ocrx_word' id='word_1_147' title='bbox 416 2247 595 2300; x_wconf 86' lang='lat' dir='ltr'><strong>utero,</strong></span> <span class='ocrx_word' id='word_1_148' title='bbox 635 2234 903 2290; x_wconf 88' lang='lat' dir='ltr'><strong>membris</strong></span> <span class='ocrx_word' id='word_1_149' title='bbox 924 2235 1185 2290; x_wconf 89' lang='lat' dir='ltr'><strong>omnibus</strong></span> <span class='ocrx_word' id='word_1_150' title='bbox 1214 2238 1467 2306; x_wconf 90' lang='lat' dir='ltr'><strong>corporis</strong></span> <span class='ocrx_word' id='word_1_151' title='bbox 1500 2237 1735 2308; x_wconf 82' lang='lat' dir='ltr'><strong>integri;</strong></span> <span class='ocrx_word' id='word_1_152' title='bbox 1777 2238 1847 2292; x_wconf 87' lang='lat' dir='ltr'><strong>ab</strong></span> <span class='ocrx_word' id='word_1_153' title='bbox 1882 2255 2003 2293; x_wconf 92' lang='lat' dir='ltr'><strong>um-</strong></span> 
     </span>
    </p>
   </div>
   <div class='ocr_carea' id='block_1_25' title="bbox 417 2328 1999 2398">
    <p class='ocr_par' dir='ltr' id='par_1_25' title="bbox 417 2328 1999 2398">
     <span class='ocr_line' id='line_1_25' title="bbox 417 2328 1999 2398; baseline 0.001 -16"><span class='ocrx_word' id='word_1_154' title='bbox 417 2328 585 2383; x_wconf 89' lang='lat' dir='ltr'><strong>bilico</strong></span> <span class='ocrx_word' id='word_1_155' title='bbox 611 2338 797 2383; x_wconf 89' lang='lat' dir='ltr'><strong>autem</strong></span> <span class='ocrx_word' id='word_1_156' title='bbox 821 2328 889 2383; x_wconf 91' lang='lat' dir='ltr'><strong>ad</strong></span> <span class='ocrx_word' id='word_1_157' title='bbox 912 2328 1113 2398; x_wconf 86' lang='lat' dir='ltr'><strong>pubem</strong></span> <span class='ocrx_word' id='word_1_158' title='bbox 1133 2330 1441 2383; x_wconf 79' lang='lat' dir='ltr'><strong>alteralteri</strong></span> <span class='ocrx_word' id='word_1_159' title='bbox 1458 2331 1800 2386; x_wconf 80' lang='lat' dir='ltr'><strong>cohaerentes</strong></span> <span class='ocrx_word' id='word_1_160' title='bbox 1822 2341 1999 2395; x_wconf 90' lang='lat' dir='ltr'><strong>erant,</strong></span> 
     </span>
    </p>
   </div>
   <div class='ocr_carea' id='block_1_26' title="bbox 416 2419 2001 2493">
    <p class='ocr_par' dir='ltr' id='par_1_26' title="bbox 416 2419 2001 2493">
     <span class='ocr_line' id='line_1_26' title="bbox 416 2419 2001 2493; baseline 0.004 -21"><span class='ocrx_word' id='word_1_161' title='bbox 416 2420 669 2476; x_wconf 85' lang='lat' dir='ltr'><strong>obversis</strong></span> <span class='ocrx_word' id='word_1_162' title='bbox 699 2421 847 2475; x_wconf 88' lang='lat' dir='ltr'><strong>inter</strong></span> <span class='ocrx_word' id='word_1_163' title='bbox 877 2435 937 2475; x_wconf 89' lang='lat' dir='ltr'><strong>se</strong></span> <span class='ocrx_word' id='word_1_164' title='bbox 988 2419 1258 2475; x_wconf 78' lang='lat' dir='ltr'><strong>vultibus.</strong></span> <span class='ocrx_word' id='word_1_165' title='bbox 1303 2422 1367 2475; x_wconf 78' lang='lat' dir='ltr'><strong>lli</strong></span> <span class='ocrx_word' id='word_1_166' title='bbox 1397 2422 1494 2476; x_wconf 89' lang='lat' dir='ltr'><strong>diu</strong></span> <span class='ocrx_word' id='word_1_167' title='bbox 1551 2423 1900 2493; x_wconf 91' lang='lat' dir='ltr'><strong>multumque</strong></span> <span class='ocrx_word' id='word_1_168' title='bbox 1947 2426 2001 2478; x_wconf 91' lang='lat' dir='ltr'><strong>in</strong></span> 
     </span>
    </p>
   </div>
   <div class='ocr_carea' id='block_1_27' title="bbox 418 2510 2004 2587">
    <p class='ocr_par' dir='ltr' id='par_1_27' title="bbox 418 2510 2004 2587">
     <span class='ocr_line' id='line_1_27' title="bbox 418 2510 2004 2587; baseline 0.004 -22"><span class='ocrx_word' id='word_1_169' title='bbox 418 2512 557 2565; x_wconf 85' lang='lat' dir='ltr'><strong>urbe</strong></span> <span class='ocrx_word' id='word_1_170' title='bbox 582 2511 807 2577; x_wconf 87' lang='lat' dir='ltr'><strong>morati,</strong></span> <span class='ocrx_word' id='word_1_171' title='bbox 857 2510 1012 2565; x_wconf 80' lang='lat' dir='ltr'><strong>velut</strong></span> <span class='ocrx_word' id='word_1_172' title='bbox 1051 2510 1243 2581; x_wconf 87' lang='lat' dir='ltr'><strong>ingens</strong></span> <span class='ocrx_word' id='word_1_173' title='bbox 1275 2513 1553 2581; x_wconf 88' lang='lat' dir='ltr'><strong>quoddam</strong></span> <span class='ocrx_word' id='word_1_174' title='bbox 1610 2530 1673 2569; x_wconf 90' lang='lat' dir='ltr'><strong>ac</strong></span> <span class='ocrx_word' id='word_1_175' title='bbox 1725 2517 2004 2587; x_wconf 84' lang='lat' dir='ltr'><strong>singulare</strong></span> 
     </span>
    </p>
   </div>
   <div class='ocr_carea' id='block_1_28' title="bbox 419 2603 2000 2673">
    <p class='ocr_par' dir='ltr' id='par_1_28' title="bbox 419 2603 2000 2673">
     <span class='ocr_line' id='line_1_28' title="bbox 419 2603 2000 2673; baseline 0.004 -17"><span class='ocrx_word' id='word_1_176' title='bbox 419 2612 782 2673; x_wconf 86' lang='lat' dir='ltr'><strong>portentum,</strong></span> <span class='ocrx_word' id='word_1_177' title='bbox 865 2612 1197 2658; x_wconf 87' lang='lat' dir='ltr'><strong>cunctorum</strong></span> <span class='ocrx_word' id='word_1_178' title='bbox 1285 2603 1707 2661; x_wconf 63' lang='lat' dir='ltr'><strong>admiratiunem</strong></span> <span class='ocrx_word' id='word_1_179' title='bbox 1760 2608 2000 2663; x_wconf 85' lang='lat' dir='ltr'><strong>ciebant.</strong></span> 
     </span>
    </p>
   </div>
   <div class='ocr_carea' id='block_1_29' title="bbox 418 2694 2001 2764">
    <p class='ocr_par' dir='ltr' id='par_1_29' title="bbox 418 2694 2001 2764">
     <span class='ocr_line' id='line_1_29' title="bbox 418 2694 2001 2764; baseline 0.004 -16"><span class='ocrx_word' id='word_1_180' title='bbox 418 2695 787 2764; x_wconf 87' lang='lat' dir='ltr'><strong>Quamobrem</strong></span> <span class='ocrx_word' id='word_1_181' title='bbox 807 2694 973 2750; x_wconf 88' lang='lat' dir='ltr'><strong>etiam</strong></span> <span class='ocrx_word' id='word_1_182' title='bbox 998 2696 1151 2750; x_wconf 87' lang='lat' dir='ltr'><strong>velut</strong></span> <span class='ocrx_word' id='word_1_183' title='bbox 1182 2711 1271 2751; x_wconf 90' lang='lat' dir='ltr'><strong>res</strong></span> <span class='ocrx_word' id='word_1_184' title='bbox 1297 2697 1423 2751; x_wconf 92' lang='lat' dir='ltr'><strong>mali</strong></span> <span class='ocrx_word' id='word_1_185' title='bbox 1447 2698 1669 2763; x_wconf 89' lang='lat' dir='ltr'><strong>ominis,</strong></span> <span class='ocrx_word' id='word_1_186' title='bbox 1690 2710 2001 2755; x_wconf 89' lang='lat' dir='ltr'><strong>monstrum</strong></span> 
     </span>
    </p>
   </div>
   <div class='ocr_carea' id='block_1_30' title="bbox 422 2787 2001 2857">
    <p class='ocr_par' dir='ltr' id='par_1_30' title="bbox 422 2787 2001 2857">
     <span class='ocr_line' id='line_1_30' title="bbox 422 2787 2001 2857; baseline 0.004 -14"><span class='ocrx_word' id='word_1_187' title='bbox 422 2789 559 2843; x_wconf 85' lang='lat' dir='ltr'><strong>urbe</strong></span> <span class='ocrx_word' id='word_1_188' title='bbox 593 2792 925 2857; x_wconf 85' lang='lat' dir='ltr'><strong>expulsum;</strong></span> <span class='ocrx_word' id='word_1_189' title='bbox 967 2787 1019 2841; x_wconf 91' lang='lat' dir='ltr'><strong>in</strong></span> <span class='ocrx_word' id='word_1_190' title='bbox 1050 2803 1169 2841; x_wconf 90' lang='lat' dir='ltr'><strong>eam</strong></span> <span class='ocrx_word' id='word_1_191' title='bbox 1206 2797 1389 2844; x_wconf 90' lang='lat' dir='ltr'><strong>tamen</strong></span> <span class='ocrx_word' id='word_1_192' title='bbox 1416 2805 1613 2846; x_wconf 87' lang='lat' dir='ltr'><strong>rursus</strong></span> <span class='ocrx_word' id='word_1_193' title='bbox 1652 2793 1844 2857; x_wconf 87' lang='lat' dir='ltr'><strong>subiit,</strong></span> <span class='ocrx_word' id='word_1_194' title='bbox 1874 2811 2001 2849; x_wconf 90' lang='lat' dir='ltr'><strong>cum</strong></span> 
     </span>
    </p>
   </div>
   <div class='ocr_carea' id='block_1_31' title="bbox 418 2877 1999 2953">
    <p class='ocr_par' dir='ltr' id='par_1_31' title="bbox 418 2877 1999 2953">
     <span class='ocr_line' id='line_1_31' title="bbox 418 2877 1999 2953; baseline 0.005 -21"><span class='ocrx_word' id='word_1_195' title='bbox 418 2879 570 2933; x_wconf 86' lang='lat' dir='ltr'><strong>solus</strong></span> <span class='ocrx_word' id='word_1_196' title='bbox 607 2877 1008 2933; x_wconf 85' lang='lat' dir='ltr'><strong>Constantinus</strong></span> <span class='ocrx_word' id='word_1_197' title='bbox 1060 2892 1243 2932; x_wconf 90' lang='lat' dir='ltr'><strong>rerum</strong></span> <span class='ocrx_word' id='word_1_198' title='bbox 1274 2895 1543 2935; x_wconf 84' lang='lat' dir='ltr'><strong>summam</strong></span> <span class='ocrx_word' id='word_1_199' title='bbox 1576 2883 1807 2953; x_wconf 87' lang='lat' dir='ltr'><strong>adeptus</strong></span> <span class='ocrx_word' id='word_1_200' title='bbox 1834 2894 1999 2939; x_wconf 85' lang='lat' dir='ltr'><strong>esset.</strong></span> 
     </span>
    </p>
   </div>
   <div class='ocr_carea' id='block_1_32' title="bbox 418 2970 2001 3045">
    <p class='ocr_par' dir='ltr' id='par_1_32' title="bbox 418 2970 2001 3045">
     <span class='ocr_line' id='line_1_32' title="bbox 418 2970 2001 3045; baseline 0.003 -20"><span class='ocrx_word' id='word_1_201' title='bbox 418 2970 627 3025; x_wconf 81' lang='lat' dir='ltr'><strong>Horum</strong></span> <span class='ocrx_word' id='word_1_202' title='bbox 653 2979 837 3025; x_wconf 90' lang='lat' dir='ltr'><strong>autem</strong></span> <span class='ocrx_word' id='word_1_203' title='bbox 872 2970 1232 3040; x_wconf 84' lang='lat' dir='ltr'><strong>gemellorum</strong></span> <span class='ocrx_word' id='word_1_204' title='bbox 1270 2972 1448 3027; x_wconf 89' lang='lat' dir='ltr'><strong>altero</strong></span> <span class='ocrx_word' id='word_1_205' title='bbox 1492 2983 1732 3039; x_wconf 85' lang='lat' dir='ltr'><strong>mortuo,</strong></span> <span class='ocrx_word' id='word_1_206' title='bbox 1785 2985 2001 3045; x_wconf 87' lang='lat' dir='ltr'><strong>partem</strong></span> 
     </span>
    </p>
   </div>
   <div class='ocr_carea' id='block_1_33' title="bbox 418 3063 2001 3134">
    <p class='ocr_par' dir='ltr' id='par_1_33' title="bbox 418 3063 2001 3134">
     <span class='ocr_line' id='line_1_33' title="bbox 418 3063 2001 3134; baseline 0.004 -16"><span class='ocrx_word' id='word_1_207' title='bbox 418 3064 883 3118; x_wconf 67' lang='lat' dir='ltr'><strong>eohaarescentem</strong></span> <span class='ocrx_word' id='word_1_208' title='bbox 918 3063 1081 3133; x_wconf 88' lang='lat' dir='ltr'><strong>periti</strong></span> <span class='ocrx_word' id='word_1_209' title='bbox 1133 3065 1360 3134; x_wconf 89' lang='lat' dir='ltr'><strong>quidam</strong></span> <span class='ocrx_word' id='word_1_210' title='bbox 1400 3066 1601 3122; x_wconf 91' lang='lat' dir='ltr'><strong>medici</strong></span> <span class='ocrx_word' id='word_1_211' title='bbox 1646 3069 1834 3123; x_wconf 89' lang='lat' dir='ltr'><strong>subtili</strong></span> <span class='ocrx_word' id='word_1_212' title='bbox 1885 3079 2001 3124; x_wconf 90' lang='lat' dir='ltr'><strong>arte</strong></span> 
     </span>
    </p>
   </div>
   <div class='ocr_carea' id='block_1_34' title="bbox 2107 571 3688 647">
    <p class='ocr_par' dir='ltr' id='par_1_34' title="bbox 2107 571 3688 647">
     <span class='ocr_line' id='line_1_34' title="bbox 2107 571 3688 647; baseline -0.003 -18"><span class='ocrx_word' id='word_1_213' title='bbox 2107 576 2282 647; x_wconf 86' lang='grc' dir='ltr'>μαίων</span> <span class='ocrx_word' id='word_1_214' title='bbox 2337 575 2437 645; x_wconf 85' lang='grc' dir='ltr'>τὴν</span> <span class='ocrx_word' id='word_1_215' title='bbox 2488 578 2672 645; x_wconf 84' lang='grc' dir='ltr'>χώραν</span> <span class='ocrx_word' id='word_1_216' title='bbox 2724 574 2908 628; x_wconf 81' lang='grc' dir='ltr'>αὐτῶν</span> <span class='ocrx_word' id='word_1_217' title='bbox 2942 574 3244 645; x_wconf 74' lang='grc' dir='ltr'>ληίζεσθαι.</span> <span class='ocrx_word' id='word_1_218' title='bbox 3294 571 3402 627; x_wconf 82' lang='grc' dir='ltr'>Τοῦ</span> <span class='ocrx_word' id='word_1_219' title='bbox 3445 574 3501 626; x_wconf 85' lang='grc' dir='ltr'>δὲ</span> <span class='ocrx_word' id='word_1_220' title='bbox 3530 575 3688 641; x_wconf 86' lang='grc' dir='ltr'>ἁγίου</span> 
     </span>
    </p>
   </div>
   <div class='ocr_carea' id='block_1_35' title="bbox 2102 665 3688 739">
    <p class='ocr_par' dir='ltr' id='par_1_35' title="bbox 2102 665 3688 739">
     <span class='ocr_line' id='line_1_35' title="bbox 2102 665 3688 739; baseline -0.001 -19"><span class='ocrx_word' id='word_1_221' title='bbox 2102 668 2402 739; x_wconf 78' lang='grc' dir='ltr'>ἐκμαγείου</span> <span class='ocrx_word' id='word_1_222' title='bbox 2432 668 2853 733; x_wconf 74' lang='grc' dir='ltr'><strong>ἀποσταλέντος,</strong></span> <span class='ocrx_word' id='word_1_223' title='bbox 2880 669 3197 738; x_wconf 82' lang='grc' dir='ltr'>ἀπήντησεν</span> <span class='ocrx_word' id='word_1_224' title='bbox 3219 665 3368 736; x_wconf 82' lang='grc' dir='ltr'>αὐτῷ</span> <span class='ocrx_word' id='word_1_225' title='bbox 3406 665 3688 733; x_wconf 80' lang='grc' dir='ltr'><strong>Θεοφάνης</strong></span> 
     </span>
    </p>
   </div>
   <div class='ocr_carea' id='block_1_36' title="bbox 2102 756 3688 830">
    <p class='ocr_par' dir='ltr' id='par_1_36' title="bbox 2102 756 3688 830">
     <span class='ocr_line' id='line_1_36' title="bbox 2102 756 3688 830; baseline -0.002 -18"><span class='ocrx_word' id='word_1_226' title='bbox 2102 758 2652 830; x_wconf 86' lang='grc' dir='ltr'>όπαρακοιμώμενος</span> <span class='ocrx_word' id='word_1_227' title='bbox 2694 759 2831 829; x_wconf 83' lang='grc' dir='ltr'>μετὰ</span> <span class='ocrx_word' id='word_1_228' title='bbox 2878 759 3139 828; x_wconf 77' lang='grc' dir='ltr'>λαμπρᾶς</span> <span class='ocrx_word' id='word_1_229' title='bbox 3197 756 3568 827; x_wconf 82' lang='grc' dir='ltr'>φωταγωγίας</span> <span class='ocrx_word' id='word_1_230' title='bbox 3597 759 3688 809; x_wconf 70' lang='grc' dir='ltr'><strong>καὶ</strong></span> 
     </span>
    </p>
   </div>
   <div class='ocr_carea' id='block_1_37' title="bbox 2101 849 3689 922">
    <p class='ocr_par' dir='ltr' id='par_1_37' title="bbox 2101 849 3689 922">
     <span class='ocr_line' id='line_1_37' title="bbox 2101 849 3689 922; baseline -0.003 -17"><span class='ocrx_word' id='word_1_231' title='bbox 2101 851 2202 921; x_wconf 85' lang='grc' dir='ltr'>τῆς</span> <span class='ocrx_word' id='word_1_232' title='bbox 2231 852 2458 921; x_wconf 82' lang='grc' dir='ltr'><strong>δεούσης</strong></span> <span class='ocrx_word' id='word_1_233' title='bbox 2486 854 2651 921; x_wconf 74' lang='grc' dir='ltr'>τιμῆς</span> <span class='ocrx_word' id='word_1_234' title='bbox 2675 850 2768 904; x_wconf 69' lang='grc' dir='ltr'><strong>καὶ</strong></span> <span class='ocrx_word' id='word_1_235' title='bbox 2792 849 3067 922; x_wconf 77' lang='grc' dir='ltr'><strong>ὑμνῳδίαις</strong></span> <span class='ocrx_word' id='word_1_236' title='bbox 3114 852 3254 904; x_wconf 77' lang='grc' dir='ltr'>κατὰ</span> <span class='ocrx_word' id='word_1_237' title='bbox 3284 851 3377 904; x_wconf 70' lang='grc' dir='ltr'>τὸν</span> <span class='ocrx_word' id='word_1_238' title='bbox 3410 849 3689 916; x_wconf 82' lang='grc' dir='ltr'>Σάγγαριν</span> 
     </span>
    </p>
   </div>
   <div class='ocr_carea' id='block_1_38' title="bbox 2104 942 3686 1016">
    <p class='ocr_par' dir='ltr' id='par_1_38' title="bbox 2104 942 3686 1016">
     <span class='ocr_line' id='line_1_38' title="bbox 2104 942 3686 1016; baseline -0.003 -19"><span class='ocrx_word' id='word_1_239' title='bbox 2104 945 2366 1015; x_wconf 83' lang='grc' dir='ltr'>ποταμόν.</span> <span class='ocrx_word' id='word_1_240' title='bbox 2406 945 2483 1016; x_wconf 81' lang='grc' dir='ltr'><strong>Τῇ</strong></span> <span class='ocrx_word' id='word_1_241' title='bbox 2517 943 2572 998; x_wconf 83' lang='grc' dir='ltr'>δὲ</span> <span class='ocrx_word' id='word_1_242' title='bbox 2600 942 2663 996; x_wconf 86' lang='grc' dir='ltr'>ιθ¹</span> <span class='ocrx_word' id='word_1_243' title='bbox 2698 943 2790 997; x_wconf 75' lang='grc' dir='ltr'>τοῦ</span> <span class='ocrx_word' id='word_1_244' title='bbox 2822 943 2988 997; x_wconf 77' lang='grc' dir='ltr'>αὑτοῦ</span> <span class='ocrx_word' id='word_1_245' title='bbox 3031 943 3199 1014; x_wconf 74' lang='grc' dir='ltr'>μηνὸς</span> <span class='ocrx_word' id='word_1_246' title='bbox 3227 944 3323 996; x_wconf 72' lang='grc' dir='ltr'><strong>σὺν</strong></span> <span class='ocrx_word' id='word_1_247' title='bbox 3354 943 3502 1012; x_wconf 79' lang='grc' dir='ltr'>αὐτῷ</span> <span class='ocrx_word' id='word_1_248' title='bbox 3534 944 3590 993; x_wconf 80' lang='grc' dir='ltr'>ἐν</span> <span class='ocrx_word' id='word_1_249' title='bbox 3620 944 3686 1010; x_wconf 79' lang='grc' dir='ltr'>τῇ</span> 
     </span>
    </p>
   </div>
   <div class='ocr_carea' id='block_1_39' title="bbox 2104 1029 3691 1110">
    <p class='ocr_par' dir='ltr' id='par_1_39' title="bbox 2104 1029 3691 1110">
     <span class='ocr_line' id='line_1_39' title="bbox 2104 1029 3691 1110; baseline -0.004 -19"><span class='ocrx_word' id='word_1_250' title='bbox 2104 1039 2256 1091; x_wconf 89' lang='grc' dir='ltr'>πόλει</span> <span class='ocrx_word' id='word_1_251' title='bbox 2277 1029 2511 1110; x_wconf 64' lang='grc' dir='ltr'>εἰσῆλθε.</span> <span class='ocrx_word' id='word_1_252' title='bbox 2549 1037 2654 1091; x_wconf 72' lang='grc' dir='ltr'><strong>Τοῦ</strong></span> <span class='ocrx_word' id='word_1_253' title='bbox 2685 1037 2740 1090; x_wconf 83' lang='grc' dir='ltr'>δὲ</span> <span class='ocrx_word' id='word_1_254' title='bbox 2771 1037 3038 1108; x_wconf 83' lang='grc' dir='ltr'>βασιλέως</span> <span class='ocrx_word' id='word_1_255' title='bbox 3086 1037 3236 1100; x_wconf 75' lang='grc' dir='ltr'>ὄντος</span> <span class='ocrx_word' id='word_1_256' title='bbox 3269 1038 3325 1088; x_wconf 79' lang='grc' dir='ltr'><strong>ἐν</strong></span> <span class='ocrx_word' id='word_1_257' title='bbox 3357 1037 3691 1105; x_wconf 64' lang='grc' dir='ltr'>Βλαχέρναις</span> 
     </span>
    </p>
   </div>
   <div class='ocr_carea' id='block_1_40' title="bbox 2103 1127 3691 1201">
    <p class='ocr_par' dir='ltr' id='par_1_40' title="bbox 2103 1127 3691 1201">
     <span class='ocr_line' id='line_1_40' title="bbox 2103 1127 3691 1201; baseline -0.003 -19"><span class='ocrx_word' id='word_1_258' title='bbox 2103 1130 2358 1183; x_wconf 84' lang='grc' dir='ltr'>κάκεῖθεν</span> <span class='ocrx_word' id='word_1_259' title='bbox 2380 1130 2512 1183; x_wconf 81' lang='grc' dir='ltr'>αὐτὸ</span> <span class='ocrx_word' id='word_1_260' title='bbox 2538 1132 3040 1201; x_wconf 83' lang='grc' dir='ltr'>προσκυνήσαντος,</span> <span class='ocrx_word' id='word_1_261' title='bbox 3067 1132 3133 1200; x_wconf 82' lang='grc' dir='ltr'>τῇ</span> <span class='ocrx_word' id='word_1_262' title='bbox 3166 1129 3432 1199; x_wconf 75' lang='grc' dir='ltr'>ἐπαύριον</span> <span class='ocrx_word' id='word_1_263' title='bbox 3467 1127 3691 1197; x_wconf 68' lang='grc' dir='ltr'>ἐξῆλθον</span> 
     </span>
    </p>
   </div>
   <div class='ocr_carea' id='block_1_41' title="bbox 2104 1222 3695 1299">
    <p class='ocr_par' dir='ltr' id='par_1_41' title="bbox 2104 1222 3695 1299">
     <span class='ocr_line' id='line_1_41' title="bbox 2104 1222 3695 1299; baseline -0.003 -22"><span class='ocrx_word' id='word_1_264' title='bbox 2104 1226 2160 1277; x_wconf 83' lang='grc' dir='ltr'><strong>ἐν</strong></span> <span class='ocrx_word' id='word_1_265' title='bbox 2183 1228 2247 1295; x_wconf 82' lang='grc' dir='ltr'>τῇ</span> <span class='ocrx_word' id='word_1_266' title='bbox 2278 1226 2463 1295; x_wconf 83' lang='grc' dir='ltr'>Χρυσῇ</span> <span class='ocrx_word' id='word_1_267' title='bbox 2504 1225 2682 1299; x_wconf 80' lang='grc' dir='ltr'>πόρτῃ</span> <span class='ocrx_word' id='word_1_268' title='bbox 2710 1223 2763 1275; x_wconf 80' lang='grc' dir='ltr'><strong>οἵ</strong></span> <span class='ocrx_word' id='word_1_269' title='bbox 2790 1239 2849 1275; x_wconf 84' lang='grc' dir='ltr'><strong>τε</strong></span> <span class='ocrx_word' id='word_1_270' title='bbox 2902 1222 3166 1291; x_wconf 76' lang='grc' dir='ltr'>βασιλέως</span> <span class='ocrx_word' id='word_1_271' title='bbox 3212 1222 3305 1274; x_wconf 85' lang='grc' dir='ltr'><strong>δύο</strong></span> <span class='ocrx_word' id='word_1_272' title='bbox 3331 1222 3458 1287; x_wconf 75' lang='grc' dir='ltr'>υἱοὶ,</span> <span class='ocrx_word' id='word_1_273' title='bbox 3493 1222 3695 1289; x_wconf 78' lang='grc' dir='ltr'>Στέφα-</span> 
     </span>
    </p>
   </div>
   <div class='ocr_carea' id='block_1_42' title="bbox 2102 1314 3692 1384">
    <p class='ocr_par' dir='ltr' id='par_1_42' title="bbox 2102 1314 3692 1384">
     <span class='ocr_line' id='line_1_42' title="bbox 2102 1314 3692 1384; baseline -0.005 -13"><span class='ocrx_word' id='word_1_274' title='bbox 2102 1335 2191 1379; x_wconf 84' lang='grc' dir='ltr'><strong>νος</strong></span> <span class='ocrx_word' id='word_1_275' title='bbox 2223 1319 2319 1370; x_wconf 66' lang='grc' dir='ltr'><strong>καὶ</strong></span> <span class='ocrx_word' id='word_1_276' title='bbox 2370 1319 2804 1379; x_wconf 79' lang='grc' dir='ltr'>Κωνσταντῖνος,</span> <span class='ocrx_word' id='word_1_277' title='bbox 2838 1317 2933 1367; x_wconf 72' lang='grc' dir='ltr'><strong>καὶ</strong></span> <span class='ocrx_word' id='word_1_278' title='bbox 2957 1318 2985 1368; x_wconf 99' lang='lat'><strong>6</strong></span> <span class='ocrx_word' id='word_1_279' title='bbox 3040 1314 3288 1384; x_wconf 75' lang='grc' dir='ltr'>γαμϐρὸς</span> <span class='ocrx_word' id='word_1_280' title='bbox 3339 1314 3506 1367; x_wconf 71' lang='grc' dir='ltr'>αὑτοῦ</span> <span class='ocrx_word' id='word_1_281' title='bbox 3537 1315 3692 1366; x_wconf 69' lang='grc' dir='ltr'>Κων-</span> 
     </span>
    </p>
   </div>
   <div class='ocr_carea' id='block_1_43' title="bbox 2105 1406 3691 1481">
    <p class='ocr_par' dir='ltr' id='par_1_43' title="bbox 2105 1406 3691 1481">
     <span class='ocr_line' id='line_1_43' title="bbox 2105 1406 3691 1481; baseline -0.003 -20"><span class='ocrx_word' id='word_1_282' title='bbox 2105 1412 2387 1471; x_wconf 84' lang='grc' dir='ltr'>σταντῖνος</span> <span class='ocrx_word' id='word_1_283' title='bbox 2422 1410 2518 1463; x_wconf 79' lang='grc' dir='ltr'><strong>σὺν</strong></span> <span class='ocrx_word' id='word_1_284' title='bbox 2578 1408 2654 1480; x_wconf 77' lang='grc' dir='ltr'>τῷ</span> <span class='ocrx_word' id='word_1_285' title='bbox 2706 1408 3022 1481; x_wconf 84' lang='grc' dir='ltr'>πατριάρχῃ</span> <span class='ocrx_word' id='word_1_286' title='bbox 3068 1406 3431 1475; x_wconf 82' lang='grc' dir='ltr'>Θεοφυλάκτῳ</span> <span class='ocrx_word' id='word_1_287' title='bbox 3481 1406 3576 1457; x_wconf 64' lang='grc' dir='ltr'><strong>καὶ</strong></span> <span class='ocrx_word' id='word_1_288' title='bbox 3622 1407 3691 1476; x_wconf 75' lang='grc' dir='ltr'>τῇ</span> 
     </span>
    </p>
   </div>
   <div class='ocr_carea' id='block_1_44' title="bbox 2106 1497 3693 1573">
    <p class='ocr_par' dir='ltr' id='par_1_44' title="bbox 2106 1497 3693 1573">
     <span class='ocr_line' id='line_1_44' title="bbox 2106 1497 3693 1573; baseline -0.003 -20"><span class='ocrx_word' id='word_1_289' title='bbox 2106 1501 2396 1573; x_wconf 75' lang='grc' dir='ltr'>συγκλήτῳ</span> <span class='ocrx_word' id='word_1_290' title='bbox 2430 1502 2603 1570; x_wconf 82' lang='grc' dir='ltr'>πάσῃ,</span> <span class='ocrx_word' id='word_1_291' title='bbox 2638 1501 2730 1554; x_wconf 77' lang='grc' dir='ltr'><strong>καὶ</strong></span> <span class='ocrx_word' id='word_1_292' title='bbox 2761 1500 2855 1552; x_wconf 76' lang='grc' dir='ltr'><strong>τοῦ</strong></span> <span class='ocrx_word' id='word_1_293' title='bbox 2883 1499 3015 1552; x_wconf 86' lang='grc' dir='ltr'>λαοῦ</span> <span class='ocrx_word' id='word_1_294' title='bbox 3044 1497 3525 1569; x_wconf 82' lang='grc' dir='ltr'>προπορευομένου</span> <span class='ocrx_word' id='word_1_295' title='bbox 3555 1498 3693 1566; x_wconf 86' lang='grc' dir='ltr'><strong>μετά</strong></span> 
     </span>
    </p>
   </div>
   <div class='ocr_carea' id='block_1_45' title="bbox 2105 1588 3694 1665">
    <p class='ocr_par' dir='ltr' id='par_1_45' title="bbox 2105 1588 3694 1665">
     <span class='ocr_line' id='line_1_45' title="bbox 2105 1588 3694 1665; baseline -0.004 -18"><span class='ocrx_word' id='word_1_296' title='bbox 2105 1593 2472 1663; x_wconf 83' lang='grc' dir='ltr'>φωταγωγίας</span> <span class='ocrx_word' id='word_1_297' title='bbox 2510 1596 2671 1665; x_wconf 85' lang='grc' dir='ltr'>μέχρι</span> <span class='ocrx_word' id='word_1_298' title='bbox 2731 1592 2824 1646; x_wconf 80' lang='grc' dir='ltr'>τοῦ</span> <span class='ocrx_word' id='word_1_299' title='bbox 2860 1593 2990 1647; x_wconf 77' lang='grc' dir='ltr'>ναοῦ</span> <span class='ocrx_word' id='word_1_300' title='bbox 3030 1592 3127 1660; x_wconf 84' lang='grc' dir='ltr'>τῆς</span> <span class='ocrx_word' id='word_1_301' title='bbox 3180 1591 3275 1644; x_wconf 79' lang='grc' dir='ltr'><strong>τοῦ</strong></span> <span class='ocrx_word' id='word_1_302' title='bbox 3322 1588 3457 1643; x_wconf 80' lang='grc' dir='ltr'><strong>Θεόῦ</strong></span> <span class='ocrx_word' id='word_1_303' title='bbox 3501 1590 3694 1657; x_wconf 82' lang='grc' dir='ltr'>Ἀγίας</span> 
     </span>
    </p>
   </div>
   <div class='ocr_carea' id='block_1_46' title="bbox 2104 1683 3693 1756">
    <p class='ocr_par' dir='ltr' id='par_1_46' title="bbox 2104 1683 3693 1756">
     <span class='ocr_line' id='line_1_46' title="bbox 2104 1683 3693 1756; baseline -0.002 -17"><span class='ocrx_word' id='word_1_304' title='bbox 2104 1686 2305 1754; x_wconf 83' lang='grc' dir='ltr'>Σοφίας</span> <span class='ocrx_word' id='word_1_305' title='bbox 2358 1685 2514 1752; x_wconf 76' lang='grc' dir='ltr'>πεζοὶ</span> <span class='ocrx_word' id='word_1_306' title='bbox 2570 1686 2731 1743; x_wconf 62' lang='grc' dir='ltr'>τοῦτο</span> <span class='ocrx_word' id='word_1_307' title='bbox 2780 1686 3135 1753; x_wconf 81' lang='grc' dir='ltr'>διεκόμισαν,</span> <span class='ocrx_word' id='word_1_308' title='bbox 3173 1685 3266 1737; x_wconf 73' lang='grc' dir='ltr'><strong>καὶ</strong></span> <span class='ocrx_word' id='word_1_309' title='bbox 3316 1683 3693 1756; x_wconf 82' lang='grc' dir='ltr'>προσκυνηθὲν</span> 
     </span>
    </p>
   </div>
   <div class='ocr_carea' id='block_1_47' title="bbox 2105 1778 3264 1849">
    <p class='ocr_par' dir='ltr' id='par_1_47' title="bbox 2105 1778 3264 1849">
     <span class='ocr_line' id='line_1_47' title="bbox 2105 1778 3264 1849; baseline 0 -18"><span class='ocrx_word' id='word_1_310' title='bbox 2105 1779 2284 1832; x_wconf 79' lang='grc' dir='ltr'>ἐκεῖσε</span> <span class='ocrx_word' id='word_1_311' title='bbox 2313 1779 2371 1831; x_wconf 81' lang='grc' dir='ltr'><strong>ἐν</strong></span> <span class='ocrx_word' id='word_1_312' title='bbox 2401 1778 2476 1849; x_wconf 82' lang='grc' dir='ltr'>τῷ</span> <span class='ocrx_word' id='word_1_313' title='bbox 2502 1779 2752 1849; x_wconf 76' lang='grc' dir='ltr'>παλατίῳ</span> <span class='ocrx_word' id='word_1_314' title='bbox 2780 1778 2938 1831; x_wconf 80' lang='grc' dir='ltr'>τούτο</span> <span class='ocrx_word' id='word_1_315' title='bbox 2961 1779 3264 1848; x_wconf 77' lang='grc' dir='ltr'>ἀνήγαγον.</span> 
     </span>
    </p>
   </div>
   <div class='ocr_carea' id='block_1_48' title="bbox 2177 2044 3695 2120">
    <p class='ocr_par' dir='ltr' id='par_1_48' title="bbox 2177 2044 3695 2120">
     <span class='ocr_line' id='line_1_48' title="bbox 2177 2044 3695 2120; baseline 0 -21"><span class='ocrx_word' id='word_1_316' title='bbox 2177 2046 2262 2120; x_wconf 82' lang='grc' dir='ltr'><strong>[Ρ.</strong></span> <span class='ocrx_word' id='word_1_317' title='bbox 2304 2045 2431 2118; x_wconf 68' lang='grc'><strong>492]</strong></span> <span class='ocrx_word' id='word_1_318' title='bbox 2465 2046 2564 2100; x_wconf 83' lang='grc' dir='ltr'>νσ.’.</span> <span class='ocrx_word' id='word_1_319' title='bbox 2610 2047 2698 2099; x_wconf 81' lang='grc' dir='ltr'>Ἐν</span> <span class='ocrx_word' id='word_1_320' title='bbox 2720 2045 2946 2109; x_wconf 76' lang='grc' dir='ltr'>ταύταις</span> <span class='ocrx_word' id='word_1_321' title='bbox 2971 2049 3091 2109; x_wconf 84' lang='grc' dir='ltr'>ταῖς</span> <span class='ocrx_word' id='word_1_322' title='bbox 3122 2045 3360 2118; x_wconf 78' lang='grc' dir='ltr'><strong>ἡμέραις</strong></span> <span class='ocrx_word' id='word_1_323' title='bbox 3408 2044 3695 2117; x_wconf 80' lang='grc' dir='ltr'>Ἀρμένιόν</span> 
     </span>
    </p>
   </div>
   <div class='ocr_carea' id='block_1_49' title="bbox 2105 2138 3693 2211">
    <p class='ocr_par' dir='ltr' id='par_1_49' title="bbox 2105 2138 3693 2211">
     <span class='ocr_line' id='line_1_49' title="bbox 2105 2138 3693 2211; baseline -0.003 -19"><span class='ocrx_word' id='word_1_324' title='bbox 2105 2158 2157 2193; x_wconf 87' lang='grc' dir='ltr'><strong>τι</strong></span> <span class='ocrx_word' id='word_1_325' title='bbox 2190 2139 2355 2211; x_wconf 85' lang='grc' dir='ltr'>τέρας</span> <span class='ocrx_word' id='word_1_326' title='bbox 2416 2141 2481 2210; x_wconf 83' lang='grc' dir='ltr'>τῇ</span> <span class='ocrx_word' id='word_1_327' title='bbox 2518 2138 2670 2191; x_wconf 78' lang='grc' dir='ltr'>πόλει</span> <span class='ocrx_word' id='word_1_328' title='bbox 2734 2139 3111 2209; x_wconf 72' lang='grc' dir='ltr'>ἐπεφοιτήκει,</span> <span class='ocrx_word' id='word_1_329' title='bbox 3173 2138 3363 2201; x_wconf 82' lang='grc' dir='ltr'>παῖδες</span> <span class='ocrx_word' id='word_1_330' title='bbox 3424 2142 3693 2207; x_wconf 75' lang='grc' dir='ltr'>συμφυεῖς</span> 
     </span>
    </p>
   </div>
   <div class='ocr_carea' id='block_1_50' title="bbox 2105 2230 3694 2305">
    <p class='ocr_par' dir='ltr' id='par_1_50' title="bbox 2105 2230 3694 2305">
     <span class='ocr_line' id='line_1_50' title="bbox 2105 2230 3694 2305; baseline -0.001 -20"><span class='ocrx_word' id='word_1_331' title='bbox 2105 2234 2353 2305; x_wconf 70' lang='grc' dir='ltr'>ἄρρενες,</span> <span class='ocrx_word' id='word_1_332' title='bbox 2389 2235 2452 2286; x_wconf 84' lang='grc' dir='ltr'><strong>ἐκ</strong></span> <span class='ocrx_word' id='word_1_333' title='bbox 2501 2234 2631 2303; x_wconf 82' lang='grc' dir='ltr'>μιᾶς</span> <span class='ocrx_word' id='word_1_334' title='bbox 2675 2232 3031 2302; x_wconf 83' lang='grc' dir='ltr'>προελθόντες</span> <span class='ocrx_word' id='word_1_335' title='bbox 3078 2230 3334 2300; x_wconf 75' lang='grc' dir='ltr'>γαστρὸς,</span> <span class='ocrx_word' id='word_1_336' title='bbox 3371 2231 3551 2301; x_wconf 81' lang='grc' dir='ltr'>ἄρτιοι</span> <span class='ocrx_word' id='word_1_337' title='bbox 3593 2231 3694 2301; x_wconf 82' lang='grc' dir='ltr'><strong>μὲν</strong></span> 
     </span>
    </p>
   </div>
   <div class='ocr_carea' id='block_1_51' title="bbox 2106 2323 3694 2396">
    <p class='ocr_par' dir='ltr' id='par_1_51' title="bbox 2106 2323 3694 2396">
     <span class='ocr_line' id='line_1_51' title="bbox 2106 2323 3694 2396; baseline -0.002 -18"><span class='ocrx_word' id='word_1_338' title='bbox 2106 2324 2373 2379; x_wconf 74' lang='grc' dir='ltr'>πάντατὰ</span> <span class='ocrx_word' id='word_1_339' title='bbox 2408 2325 2543 2396; x_wconf 81' lang='grc' dir='ltr'>μέλη</span> <span class='ocrx_word' id='word_1_340' title='bbox 2600 2323 2694 2378; x_wconf 74' lang='grc' dir='ltr'>τοῦ</span> <span class='ocrx_word' id='word_1_341' title='bbox 2745 2323 2994 2394; x_wconf 83' lang='grc' dir='ltr'>σώματος</span> <span class='ocrx_word' id='word_1_342' title='bbox 3021 2342 3033 2354; x_wconf 91' lang='grc'>·</span> <span class='ocrx_word' id='word_1_343' title='bbox 3068 2324 3249 2377; x_wconf 76' lang='grc' dir='ltr'>ἀπὸδὲ</span> <span class='ocrx_word' id='word_1_344' title='bbox 3285 2323 3376 2377; x_wconf 85' lang='grc' dir='ltr'>τοῦ</span> <span class='ocrx_word' id='word_1_345' title='bbox 3422 2324 3694 2393; x_wconf 83' lang='grc' dir='ltr'>στόματος</span> 
     </span>
    </p>
   </div>
   <div class='ocr_carea' id='block_1_52' title="bbox 2105 2417 3693 2488">
    <p class='ocr_par' dir='ltr' id='par_1_52' title="bbox 2105 2417 3693 2488">
     <span class='ocr_line' id='line_1_52' title="bbox 2105 2417 3693 2488; baseline -0.001 -19"><span class='ocrx_word' id='word_1_346' title='bbox 2105 2420 2203 2488; x_wconf 76' lang='grc' dir='ltr'>τῆς</span> <span class='ocrx_word' id='word_1_347' title='bbox 2230 2419 2465 2488; x_wconf 80' lang='grc' dir='ltr'>γαστρὸς</span> <span class='ocrx_word' id='word_1_348' title='bbox 2496 2417 2591 2471; x_wconf 70' lang='grc' dir='ltr'><strong>καὶ</strong></span> <span class='ocrx_word' id='word_1_349' title='bbox 2623 2417 2787 2488; x_wconf 84' lang='grc' dir='ltr'>μέχρι</span> <span class='ocrx_word' id='word_1_350' title='bbox 2829 2418 2937 2471; x_wconf 80' lang='grc' dir='ltr'><strong>τῶν</strong></span> <span class='ocrx_word' id='word_1_351' title='bbox 2967 2417 3071 2470; x_wconf 75' lang='grc' dir='ltr'>ὑπὸ</span> <span class='ocrx_word' id='word_1_352' title='bbox 3129 2417 3374 2487; x_wconf 77' lang='grc' dir='ltr'>γαστέρα</span> <span class='ocrx_word' id='word_1_353' title='bbox 3405 2434 3693 2486; x_wconf 78' lang='grc' dir='ltr'>συμπεφυ-</span> 
     </span>
    </p>
   </div>
   <div class='ocr_carea' id='block_1_53' title="bbox 2104 2507 3695 2581">
    <p class='ocr_par' dir='ltr' id='par_1_53' title="bbox 2104 2507 3695 2581">
     <span class='ocr_line' id='line_1_53' title="bbox 2104 2507 3695 2581; baseline -0.001 -17"><span class='ocrx_word' id='word_1_354' title='bbox 2104 2514 2260 2575; x_wconf 87' lang='grc' dir='ltr'>κότες</span> <span class='ocrx_word' id='word_1_355' title='bbox 2293 2510 2543 2581; x_wconf 84' lang='grc' dir='ltr'>ἀλλήλοις</span> <span class='ocrx_word' id='word_1_356' title='bbox 2568 2511 2833 2581; x_wconf 81' lang='grc' dir='ltr'>ὑπῆρχον,</span> <span class='ocrx_word' id='word_1_357' title='bbox 2865 2510 3298 2577; x_wconf 69' lang='grc' dir='ltr'>ἀντιπρόσωποι.</span> <span class='ocrx_word' id='word_1_358' title='bbox 3333 2508 3396 2561; x_wconf 83' lang='grc' dir='ltr'><strong>Οἳ</strong></span> <span class='ocrx_word' id='word_1_359' title='bbox 3426 2509 3518 2561; x_wconf 73' lang='grc' dir='ltr'><strong>ἐπὶ</strong></span> <span class='ocrx_word' id='word_1_360' title='bbox 3542 2507 3695 2562; x_wconf 86' lang='grc' dir='ltr'>πλεῖ-</span> 
     </span>
    </p>
   </div>
   <div class='ocr_carea' id='block_1_54' title="bbox 2106 2600 3694 2675">
    <p class='ocr_par' dir='ltr' id='par_1_54' title="bbox 2106 2600 3694 2675">
     <span class='ocr_line' id='line_1_54' title="bbox 2106 2600 3694 2675; baseline -0.002 -18"><span class='ocrx_word' id='word_1_361' title='bbox 2106 2622 2229 2657; x_wconf 90' lang='grc' dir='ltr'>στον</span> <span class='ocrx_word' id='word_1_362' title='bbox 2272 2605 2329 2655; x_wconf 89' lang='grc' dir='ltr'><strong>ἐν</strong></span> <span class='ocrx_word' id='word_1_363' title='bbox 2373 2608 2438 2675; x_wconf 84' lang='grc' dir='ltr'>τῇ</span> <span class='ocrx_word' id='word_1_364' title='bbox 2497 2604 2648 2656; x_wconf 89' lang='grc' dir='ltr'>πόλει</span> <span class='ocrx_word' id='word_1_365' title='bbox 2701 2602 3145 2673; x_wconf 73' lang='grc' dir='ltr'>ἐνδιατρίψαντες</span> <span class='ocrx_word' id='word_1_366' title='bbox 3188 2603 3293 2655; x_wconf 71' lang='grc' dir='ltr'>ὑπὸ</span> <span class='ocrx_word' id='word_1_367' title='bbox 3345 2601 3565 2655; x_wconf 82' lang='grc' dir='ltr'>πάντων</span> <span class='ocrx_word' id='word_1_368' title='bbox 3616 2600 3694 2664; x_wconf 85' lang='grc' dir='ltr'>ὡς</span> 
     </span>
    </p>
   </div>
   <div class='ocr_carea' id='block_1_55' title="bbox 2105 2692 3693 2766">
    <p class='ocr_par' dir='ltr' id='par_1_55' title="bbox 2105 2692 3693 2766">
     <span class='ocr_line' id='line_1_55' title="bbox 2105 2692 3693 2766; baseline -0.002 -17"><span class='ocrx_word' id='word_1_369' title='bbox 2105 2696 2343 2760; x_wconf 80' lang='grc' dir='ltr'>ἐξαίσιόν</span> <span class='ocrx_word' id='word_1_370' title='bbox 2374 2714 2424 2749; x_wconf 91' lang='grc' dir='ltr'><strong>τι</strong></span> <span class='ocrx_word' id='word_1_371' title='bbox 2462 2696 2627 2766; x_wconf 82' lang='grc' dir='ltr'>τέρας</span> <span class='ocrx_word' id='word_1_372' title='bbox 2649 2694 3022 2765; x_wconf 80' lang='grc' dir='ltr'>ἐθαυμάζοντο</span> <span class='ocrx_word' id='word_1_373' title='bbox 3047 2711 3061 2726; x_wconf 69' lang='grc' dir='ltr'><strong><em>ν</em></strong></span> <span class='ocrx_word' id='word_1_374' title='bbox 3089 2693 3211 2747; x_wconf 81' lang='grc' dir='ltr'>ὅθεν</span> <span class='ocrx_word' id='word_1_375' title='bbox 3243 2699 3335 2746; x_wconf 81' lang='grc' dir='ltr'><strong>καὶ</strong></span> <span class='ocrx_word' id='word_1_376' title='bbox 3356 2693 3431 2757; x_wconf 83' lang='grc' dir='ltr'>ὡς</span> <span class='ocrx_word' id='word_1_377' title='bbox 3456 2692 3693 2763; x_wconf 83' lang='grc' dir='ltr'>πονηρός</span> 
     </span>
    </p>
   </div>
   <div class='ocr_carea' id='block_1_56' title="bbox 2103 2785 3694 2858">
    <p class='ocr_par' dir='ltr' id='par_1_56' title="bbox 2103 2785 3694 2858">
     <span class='ocr_line' id='line_1_56' title="bbox 2103 2785 3694 2858; baseline -0.003 -17"><span class='ocrx_word' id='word_1_378' title='bbox 2103 2806 2187 2852; x_wconf 89' lang='grc' dir='ltr'><strong>τις</strong></span> <span class='ocrx_word' id='word_1_379' title='bbox 2227 2790 2414 2850; x_wconf 84' lang='grc' dir='ltr'>οἰωνὸς</span> <span class='ocrx_word' id='word_1_380' title='bbox 2466 2790 2566 2857; x_wconf 84' lang='grc' dir='ltr'>τῆς</span> <span class='ocrx_word' id='word_1_381' title='bbox 2594 2787 2803 2849; x_wconf 83' lang='grc' dir='ltr'>πόλεως</span> <span class='ocrx_word' id='word_1_382' title='bbox 2849 2785 3108 2858; x_wconf 82' lang='grc' dir='ltr'>ἐξηλάθη.</span> <span class='ocrx_word' id='word_1_383' title='bbox 3162 2785 3333 2839; x_wconf 79' lang='grc' dir='ltr'>Πάλιν</span> <span class='ocrx_word' id='word_1_384' title='bbox 3366 2785 3422 2837; x_wconf 83' lang='grc' dir='ltr'>δὲ</span> <span class='ocrx_word' id='word_1_385' title='bbox 3452 2785 3543 2838; x_wconf 75' lang='grc' dir='ltr'><strong>ἐπὶ</strong></span> <span class='ocrx_word' id='word_1_386' title='bbox 3593 2785 3694 2854; x_wconf 73' lang='grc' dir='ltr'>τῆς</span> 
     </span>
    </p>
   </div>
   <div class='ocr_carea' id='block_1_57' title="bbox 2109 2876 3695 2950">
    <p class='ocr_par' dir='ltr' id='par_1_57' title="bbox 2109 2876 3695 2950">
     <span class='ocr_line' id='line_1_57' title="bbox 2109 2876 3695 2950; baseline -0.002 -19"><span class='ocrx_word' id='word_1_387' title='bbox 2109 2878 2542 2950; x_wconf 87' lang='grc' dir='ltr'>μονοκρατορίας</span> <span class='ocrx_word' id='word_1_388' title='bbox 2586 2879 2689 2948; x_wconf 85' lang='grc' dir='ltr'><strong>τῆς</strong></span> <span class='ocrx_word' id='word_1_389' title='bbox 2728 2878 3004 2949; x_wconf 84' lang='grc' dir='ltr'>βασιλείας</span> <span class='ocrx_word' id='word_1_390' title='bbox 3036 2878 3078 2909; x_wconf 84' lang='grc'><strong>¹⁸</strong></span> <span class='ocrx_word' id='word_1_391' title='bbox 3132 2876 3547 2930; x_wconf 87' lang='grc' dir='ltr'>Κωνσταντίνου</span> <span class='ocrx_word' id='word_1_392' title='bbox 3578 2878 3695 2929; x_wconf 78' lang='grc' dir='ltr'>εἰσ-</span> 
     </span>
    </p>
   </div>
   <div class='ocr_carea' id='block_1_58' title="bbox 2103 2965 3695 3038">
    <p class='ocr_par' dir='ltr' id='par_1_58' title="bbox 2103 2965 3695 3038">
     <span class='ocr_line' id='line_1_58' title="bbox 2103 2965 3695 3038; baseline 0.001 -20"><span class='ocrx_word' id='word_1_393' title='bbox 2103 2968 2251 3037; x_wconf 76' lang='grc' dir='ltr'>ῆλθε.</span> <span class='ocrx_word' id='word_1_394' title='bbox 2286 2967 2397 3021; x_wconf 71' lang='grc' dir='ltr'>Καὶ</span> <span class='ocrx_word' id='word_1_395' title='bbox 2441 2968 2630 3037; x_wconf 85' lang='grc' dir='ltr'>ἐπειδὴ</span> <span class='ocrx_word' id='word_1_396' title='bbox 2660 2970 2688 3021; x_wconf 88' lang='grc' dir='ltr'>ὁ</span> <span class='ocrx_word' id='word_1_397' title='bbox 2739 2966 2926 3038; x_wconf 73' lang='grc' dir='ltr'>ἕτερος</span> <span class='ocrx_word' id='word_1_398' title='bbox 2961 2966 3142 3020; x_wconf 80' lang='grc' dir='ltr'>αὐτῶν</span> <span class='ocrx_word' id='word_1_399' title='bbox 3182 2966 3488 3035; x_wconf 83' lang='grc' dir='ltr'>ἐτεθνήκει,</span> <span class='ocrx_word' id='word_1_400' title='bbox 3520 2965 3695 3036; x_wconf 87' lang='grc' dir='ltr'>ἰατροί</span> 
     </span>
    </p>
   </div>
   <div class='ocr_carea' id='block_1_59' title="bbox 2104 3058 3695 3130">
    <p class='ocr_par' dir='ltr' id='par_1_59' title="bbox 2104 3058 3695 3130">
     <span class='ocr_line' id='line_1_59' title="bbox 2104 3058 3695 3130; baseline -0.001 -17"><span class='ocrx_word' id='word_1_401' title='bbox 2104 3078 2246 3123; x_wconf 83' lang='grc' dir='ltr'>τινες</span> <span class='ocrx_word' id='word_1_402' title='bbox 2277 3060 2530 3130; x_wconf 81' lang='grc' dir='ltr'>ἔμπειροι</span> <span class='ocrx_word' id='word_1_403' title='bbox 2582 3060 2640 3112; x_wconf 78' lang='grc' dir='ltr'>τὸ</span> <span class='ocrx_word' id='word_1_404' title='bbox 2690 3059 3195 3129; x_wconf 82' lang='grc' dir='ltr'>συγκεκολλημένον</span> <span class='ocrx_word' id='word_1_405' title='bbox 3232 3059 3396 3129; x_wconf 80' lang='grc' dir='ltr'>μέρος</span> <span class='ocrx_word' id='word_1_406' title='bbox 3444 3058 3695 3128; x_wconf 82' lang='grc' dir='ltr'>διέτεμον</span> 
     </span>
    </p>
   </div>
   <div class='ocr_carea' id='block_1_60' title="bbox 418 3149 2001 3239">
    <p class='ocr_par' dir='ltr' id='par_1_60' title="bbox 418 3157 2001 3232">
     <span class='ocr_line' id='line_1_60' title="bbox 418 3157 2001 3232; baseline 0.005 -24"><span class='ocrx_word' id='word_1_407' title='bbox 418 3164 703 3225; x_wconf 87' lang='lat' dir='ltr'><strong>putavere,</strong></span> <span class='ocrx_word' id='word_1_408' title='bbox 731 3171 855 3210; x_wconf 92' lang='lat' dir='ltr'><strong>cum</strong></span> <span class='ocrx_word' id='word_1_409' title='bbox 882 3157 1116 3210; x_wconf 88' lang='lat' dir='ltr'><strong>alterum</strong></span> <span class='ocrx_word' id='word_1_410' title='bbox 1150 3158 1337 3211; x_wconf 82' lang='lat' dir='ltr'><strong>vivum</strong></span> <span class='ocrx_word' id='word_1_411' title='bbox 1369 3168 1754 3215; x_wconf 89' lang='lat' dir='ltr'><strong>conservatum</strong></span> <span class='ocrx_word' id='word_1_412' title='bbox 1781 3161 1847 3215; x_wconf 93' lang='lat' dir='ltr'><strong>iri</strong></span> <span class='ocrx_word' id='word_1_413' title='bbox 1880 3178 2001 3232; x_wconf 90' lang='lat' dir='ltr'><strong>spe-</strong></span> 
     </span>
    </p>
   </div>
   <div class='ocr_carea' id='block_1_61' title="bbox 2106 3149 3695 3239">
    <p class='ocr_par' dir='ltr' id='par_1_61' title="bbox 2109 3149 3695 3222">
     <span class='ocr_line' id='line_1_61' title="bbox 2109 3149 3695 3222; baseline 0.001 -19"><span class='ocrx_word' id='word_1_414' title='bbox 2109 3153 2325 3221; x_wconf 74' lang='grc' dir='ltr'>εύφυῶς</span> <span class='ocrx_word' id='word_1_415' title='bbox 2354 3152 2530 3204; x_wconf 88' lang='grc' dir='ltr'>ἐλπίδι</span> <span class='ocrx_word' id='word_1_416' title='bbox 2585 3149 2680 3205; x_wconf 80' lang='grc' dir='ltr'>τοῦ</span> <span class='ocrx_word' id='word_1_417' title='bbox 2731 3152 2821 3205; x_wconf 79' lang='grc' dir='ltr'><strong>τὸν</strong></span> <span class='ocrx_word' id='word_1_418' title='bbox 2867 3152 3055 3222; x_wconf 76' lang='grc' dir='ltr'>ἕτερον</span> <span class='ocrx_word' id='word_1_419' title='bbox 3089 3152 3369 3221; x_wconf 77' lang='grc' dir='ltr'>ζήσεσθαι.</span> <span class='ocrx_word' id='word_1_420' title='bbox 3411 3149 3575 3203; x_wconf 84' lang='grc' dir='ltr'>Ἀλλά</span> <span class='ocrx_word' id='word_1_421' title='bbox 3601 3150 3695 3204; x_wconf 79' lang='grc' dir='ltr'>καὶ</span> 
     </span>
    </p>
   </div>
   <div class='ocr_carea' id='block_1_62' title="bbox 419 3247 2003 3323">
    <p class='ocr_par' dir='ltr' id='par_1_62' title="bbox 419 3247 2003 3323">
     <span class='ocr_line' id='line_1_62' title="bbox 419 3247 2003 3323; baseline 0.004 -21"><span class='ocrx_word' id='word_1_422' title='bbox 419 3257 627 3303; x_wconf 81' lang='lat' dir='ltr'><strong>rarent.</strong></span> <span class='ocrx_word' id='word_1_423' title='bbox 671 3247 773 3313; x_wconf 87' lang='lat' dir='ltr'><strong>Qui</strong></span> <span class='ocrx_word' id='word_1_424' title='bbox 823 3258 1003 3303; x_wconf 89' lang='lat' dir='ltr'><strong>tamen</strong></span> <span class='ocrx_word' id='word_1_425' title='bbox 1034 3248 1152 3319; x_wconf 87' lang='lat' dir='ltr'><strong>ipse</strong></span> <span class='ocrx_word' id='word_1_426' title='bbox 1193 3265 1319 3303; x_wconf 92' lang='lat' dir='ltr'><strong>cum</strong></span> <span class='ocrx_word' id='word_1_427' title='bbox 1357 3259 1471 3306; x_wconf 89' lang='lat' dir='ltr'><strong>tres</strong></span> <span class='ocrx_word' id='word_1_428' title='bbox 1500 3251 1620 3307; x_wconf 85' lang='lat' dir='ltr'><strong>dies</strong></span> <span class='ocrx_word' id='word_1_429' title='bbox 1670 3256 2003 3323; x_wconf 82' lang='lat' dir='ltr'><strong>supervixis-</strong></span> 
     </span>
    </p>
   </div>
   <div class='ocr_carea' id='block_1_63' title="bbox 416 3340 985 3406">
    <p class='ocr_par' dir='ltr' id='par_1_63' title="bbox 416 3340 985 3406">
     <span class='ocr_line' id='line_1_63' title="bbox 416 3340 985 3406; baseline -0.007 -9"><span class='ocrx_word' id='word_1_430' title='bbox 416 3352 522 3406; x_wconf 80' lang='lat' dir='ltr'><strong>set,</strong></span> <span class='ocrx_word' id='word_1_431' title='bbox 546 3340 852 3395; x_wconf 77' lang='lat' dir='ltr'><strong>exstinctus</strong></span> <span class='ocrx_word' id='word_1_432' title='bbox 881 3350 985 3395; x_wconf 88' lang='lat' dir='ltr'><strong>est.</strong></span> 
     </span>
    </p>
   </div>
   <div class='ocr_carea' id='block_1_64' title="bbox 489 3429 2001 3509">
    <p class='ocr_par' dir='ltr' id='par_1_64' title="bbox 489 3429 2001 3509">
     <span class='ocr_line' id='line_1_64' title="bbox 489 3429 2001 3509; baseline 0.009 -27"><span class='ocrx_word' id='word_1_433' title='bbox 489 3429 764 3501; x_wconf 74' lang='grc'><strong>³15052.</strong></span> <span class='ocrx_word' id='word_1_434' title='bbox 801 3430 1130 3487; x_wconf 88' lang='lat' dir='ltr'><strong>lmmensam</strong></span> <span class='ocrx_word' id='word_1_435' title='bbox 1172 3432 1495 3503; x_wconf 87' lang='lat' dir='ltr'><strong>imperator,</strong></span> <span class='ocrx_word' id='word_1_436' title='bbox 1530 3436 1612 3490; x_wconf 90' lang='lat' dir='ltr'><strong>uti</strong></span> <span class='ocrx_word' id='word_1_437' title='bbox 1643 3453 1673 3491; x_wconf 87' lang='lat' dir='ltr'><strong>a</strong></span> <span class='ocrx_word' id='word_1_438' title='bbox 1713 3453 1800 3493; x_wconf 88' lang='lat' dir='ltr'><strong>me</strong></span> <span class='ocrx_word' id='word_1_439' title='bbox 1833 3454 2001 3509; x_wconf 86' lang='lat' dir='ltr'><strong>supe-</strong></span> 
     </span>
    </p>
   </div>
   <div class='ocr_carea' id='block_1_65' title="bbox 418 3523 2004 3595">
    <p class='ocr_par' dir='ltr' id='par_1_65' title="bbox 418 3523 2004 3595">
     <span class='ocr_line' id='line_1_65' title="bbox 418 3523 2004 3595; baseline 0.006 -18"><span class='ocrx_word' id='word_1_440' title='bbox 418 3523 539 3577; x_wconf 85' lang='lat' dir='ltr'><strong>rius</strong></span> <span class='ocrx_word' id='word_1_441' title='bbox 578 3523 788 3577; x_wconf 88' lang='lat' dir='ltr'><strong>dictum</strong></span> <span class='ocrx_word' id='word_1_442' title='bbox 838 3532 944 3587; x_wconf 87' lang='lat' dir='ltr'><strong>est,</strong></span> <span class='ocrx_word' id='word_1_443' title='bbox 1006 3538 1136 3591; x_wconf 76' lang='lat' dir='ltr'><strong>erga</strong></span> <span class='ocrx_word' id='word_1_444' title='bbox 1187 3541 1381 3581; x_wconf 91' lang='lat' dir='ltr'><strong>omnes</strong></span> <span class='ocrx_word' id='word_1_445' title='bbox 1430 3530 1752 3595; x_wconf 80' lang='lat' dir='ltr'><strong>monachos,</strong></span> <span class='ocrx_word' id='word_1_446' title='bbox 1805 3531 2004 3587; x_wconf 81' lang='lat' dir='ltr'><strong>eximie</strong></span> 
     </span>
    </p>
   </div>
   <div class='ocr_carea' id='block_1_66' title="bbox 420 3614 2006 3684">
    <p class='ocr_par' dir='ltr' id='par_1_66' title="bbox 420 3614 2006 3684">
     <span class='ocr_line' id='line_1_66' title="bbox 420 3614 2006 3684; baseline 0.005 -15"><span class='ocrx_word' id='word_1_447' title='bbox 420 3624 605 3669; x_wconf 87' lang='lat' dir='ltr'><strong>tamen</strong></span> <span class='ocrx_word' id='word_1_448' title='bbox 628 3629 756 3684; x_wconf 84' lang='lat' dir='ltr'><strong>erga</strong></span> <span class='ocrx_word' id='word_1_449' title='bbox 785 3614 1039 3684; x_wconf 82' lang='lat' dir='ltr'><strong>Sergium</strong></span> <span class='ocrx_word' id='word_1_450' title='bbox 1093 3616 1241 3672; x_wconf 88' lang='lat' dir='ltr'><strong>inter</strong></span> <span class='ocrx_word' id='word_1_451' title='bbox 1282 3620 1582 3675; x_wconf 85' lang='lat' dir='ltr'><strong>monachos</strong></span> <span class='ocrx_word' id='word_1_452' title='bbox 1636 3621 1760 3675; x_wconf 65' lang='lat' dir='ltr'><strong>vitae</strong></span> <span class='ocrx_word' id='word_1_453' title='bbox 1803 3624 2006 3678; x_wconf 85' lang='lat' dir='ltr'><strong>sancti-</strong></span> 
     </span>
    </p>
   </div>
   <div class='ocr_carea' id='block_1_67' title="bbox 420 3707 2005 3783">
    <p class='ocr_par' dir='ltr' id='par_1_67' title="bbox 420 3707 2005 3783">
     <span class='ocr_line' id='line_1_67' title="bbox 420 3707 2005 3783; baseline 0.005 -22"><span class='ocrx_word' id='word_1_454' title='bbox 420 3707 607 3761; x_wconf 89' lang='lat' dir='ltr'><strong>monia</strong></span> <span class='ocrx_word' id='word_1_455' title='bbox 636 3707 1001 3776; x_wconf 75' lang='lat' dir='ltr'><strong>przecipuum,</strong></span> <span class='ocrx_word' id='word_1_456' title='bbox 1032 3708 1273 3764; x_wconf 86' lang='lat' dir='ltr'><strong>habebat</strong></span> <span class='ocrx_word' id='word_1_457' title='bbox 1303 3711 1489 3776; x_wconf 84' lang='lat' dir='ltr'><strong>ﬁdem,</strong></span> <span class='ocrx_word' id='word_1_458' title='bbox 1522 3729 1763 3783; x_wconf 86' lang='lat' dir='ltr'><strong>eumque</strong></span> <span class='ocrx_word' id='word_1_459' title='bbox 1791 3714 2005 3769; x_wconf 89' lang='lat' dir='ltr'><strong>colebat</strong></span> 
     </span>
    </p>
   </div>
   <div class='ocr_carea' id='block_1_68' title="bbox 419 3798 2006 3879">
    <p class='ocr_par' dir='ltr' id='par_1_68' title="bbox 419 3798 2006 3879">
     <span class='ocr_line' id='line_1_68' title="bbox 419 3798 2006 3879; baseline 0.006 -25"><span class='ocrx_word' id='word_1_460' title='bbox 419 3813 489 3854; x_wconf 89' lang='lat' dir='ltr'><strong>ac</strong></span> <span class='ocrx_word' id='word_1_461' title='bbox 519 3813 684 3868; x_wconf 84' lang='lat' dir='ltr'><strong>supra</strong></span> <span class='ocrx_word' id='word_1_462' title='bbox 711 3798 936 3853; x_wconf 88' lang='lat' dir='ltr'><strong>modum</strong></span> <span class='ocrx_word' id='word_1_463' title='bbox 968 3801 1359 3858; x_wconf 82' lang='lat' dir='ltr'><strong>venerabatur.</strong></span> <span class='ocrx_word' id='word_1_464' title='bbox 1395 3804 1525 3860; x_wconf 88' lang='lat' dir='ltr'><strong>Erat</strong></span> <span class='ocrx_word' id='word_1_465' title='bbox 1559 3805 1604 3860; x_wconf 91' lang='lat' dir='ltr'><strong>is</strong></span> <span class='ocrx_word' id='word_1_466' title='bbox 1633 3805 1805 3861; x_wconf 81' lang='lat' dir='ltr'><strong>frater</strong></span> <span class='ocrx_word' id='word_1_467' title='bbox 1836 3809 2006 3879; x_wconf 82' lang='lat' dir='ltr'><strong>magi-</strong></span> 
     </span>
    </p>
   </div>
   <div class='ocr_carea' id='block_1_69' title="bbox 420 3889 2004 3969">
    <p class='ocr_par' dir='ltr' id='par_1_69' title="bbox 420 3889 2004 3969">
     <span class='ocr_line' id='line_1_69' title="bbox 420 3889 2004 3969; baseline 0.006 -25"><span class='ocrx_word' id='word_1_468' title='bbox 420 3889 524 3944; x_wconf 89' lang='lat' dir='ltr'><strong>stri</strong></span> <span class='ocrx_word' id='word_1_469' title='bbox 554 3889 802 3954; x_wconf 63' lang='lat' dir='ltr'><strong>Thomas,</strong></span> <span class='ocrx_word' id='word_1_470' title='bbox 839 3889 1022 3945; x_wconf 87' lang='lat' dir='ltr'><strong>Photii</strong></span> <span class='ocrx_word' id='word_1_471' title='bbox 1050 3894 1382 3961; x_wconf 64' lang='lat' dir='ltr'><strong>patriarchae</strong></span> <span class='ocrx_word' id='word_1_472' title='bbox 1410 3912 1605 3967; x_wconf 91' lang='lat' dir='ltr'><strong>nepos,</strong></span> <span class='ocrx_word' id='word_1_473' title='bbox 1640 3914 1803 3969; x_wconf 90' lang='lat' dir='ltr'><strong>quem</strong></span> <span class='ocrx_word' id='word_1_474' title='bbox 1834 3900 2004 3955; x_wconf 89' lang='lat' dir='ltr'><strong>animi</strong></span> 
     </span>
    </p>
   </div>
   <div class='ocr_carea' id='block_1_70' title="bbox 422 3980 2004 4054">
    <p class='ocr_par' dir='ltr' id='par_1_70' title="bbox 422 3980 2004 4054">
     <span class='ocr_line' id='line_1_70' title="bbox 422 3980 2004 4054; baseline 0.008 -19"><span class='ocrx_word' id='word_1_475' title='bbox 422 3980 738 4051; x_wconf 81' lang='lat' dir='ltr'><strong>ingenuitas</strong></span> <span class='ocrx_word' id='word_1_476' title='bbox 787 3996 952 4051; x_wconf 90' lang='lat' dir='ltr'><strong>quam</strong></span> <span class='ocrx_word' id='word_1_477' title='bbox 1015 3986 1268 4054; x_wconf 88' lang='lat' dir='ltr'><strong>corporis</strong></span> <span class='ocrx_word' id='word_1_478' title='bbox 1332 3988 1596 4044; x_wconf 84' lang='lat' dir='ltr'><strong>nobilitas</strong></span> <span class='ocrx_word' id='word_1_479' title='bbox 1649 3991 2004 4048; x_wconf 89' lang='lat' dir='ltr'><strong>illustriorem</strong></span> 
     </span>
    </p>
   </div>
   <div class='ocr_carea' id='block_1_71' title="bbox 422 4073 2002 4155">
    <p class='ocr_par' dir='ltr' id='par_1_71' title="bbox 422 4073 2002 4155">
     <span class='ocr_line' id='line_1_71' title="bbox 422 4073 2002 4155; baseline 0.008 -29"><span class='ocrx_word' id='word_1_480' title='bbox 422 4073 733 4141; x_wconf 86' lang='lat' dir='ltr'><strong>reddebat;</strong></span> <span class='ocrx_word' id='word_1_481' title='bbox 800 4074 1160 4131; x_wconf 89' lang='lat' dir='ltr'><strong>discretionis</strong></span> <span class='ocrx_word' id='word_1_482' title='bbox 1211 4080 1507 4145; x_wconf 87' lang='lat' dir='ltr'><strong>rectitude,</strong></span> <span class='ocrx_word' id='word_1_483' title='bbox 1570 4084 1756 4138; x_wconf 76' lang='lat' dir='ltr'><strong>vultus</strong></span> <span class='ocrx_word' id='word_1_484' title='bbox 1807 4088 2002 4155; x_wconf 81' lang='lat' dir='ltr'><strong>gratia,</strong></span> 
     </span>
    </p>
   </div>
   <div class='ocr_carea' id='block_1_72' title="bbox 423 4163 2005 4240">
    <p class='ocr_par' dir='ltr' id='par_1_72' title="bbox 423 4163 2005 4240">
     <span class='ocr_line' id='line_1_72' title="bbox 423 4163 2005 4240; baseline 0.006 -23"><span class='ocrx_word' id='word_1_485' title='bbox 423 4163 693 4218; x_wconf 86' lang='lat' dir='ltr'><strong>modestia</strong></span> <span class='ocrx_word' id='word_1_486' title='bbox 725 4164 895 4218; x_wconf 89' lang='lat' dir='ltr'><strong>animi</strong></span> <span class='ocrx_word' id='word_1_487' title='bbox 946 4181 1273 4236; x_wconf 89' lang='lat' dir='ltr'><strong>morumque</strong></span> <span class='ocrx_word' id='word_1_488' title='bbox 1302 4172 1634 4240; x_wconf 84' lang='lat' dir='ltr'><strong>compositio</strong></span> <span class='ocrx_word' id='word_1_489' title='bbox 1677 4174 1817 4227; x_wconf 89' lang='lat' dir='ltr'><strong>mire</strong></span> <span class='ocrx_word' id='word_1_490' title='bbox 1851 4191 2005 4229; x_wconf 88' lang='lat' dir='ltr'><strong>com-</strong></span> 
     </span>
    </p>
   </div>
   <div class='ocr_carea' id='block_1_73' title="bbox 421 4255 2005 4333">
    <p class='ocr_par' dir='ltr' id='par_1_73' title="bbox 421 4255 2005 4333">
     <span class='ocr_line' id='line_1_73' title="bbox 421 4255 2005 4333; baseline 0.008 -23"><span class='ocrx_word' id='word_1_491' title='bbox 421 4255 738 4310; x_wconf 82' lang='lat' dir='ltr'><strong>mendabat.</strong></span> <span class='ocrx_word' id='word_1_492' title='bbox 773 4256 969 4313; x_wconf 86' lang='lat' dir='ltr'><strong>Sermo</strong></span> <span class='ocrx_word' id='word_1_493' title='bbox 996 4258 1076 4314; x_wconf 92' lang='lat' dir='ltr'><strong>illi</strong></span> <span class='ocrx_word' id='word_1_494' title='bbox 1103 4261 1266 4315; x_wconf 89' lang='lat' dir='ltr'><strong>melle</strong></span> <span class='ocrx_word' id='word_1_495' title='bbox 1297 4262 1515 4317; x_wconf 89' lang='lat' dir='ltr'><strong>dulcior</strong></span> <span class='ocrx_word' id='word_1_496' title='bbox 1550 4264 1795 4333; x_wconf 83' lang='lat' dir='ltr'><strong>ﬂuebat;</strong></span> <span class='ocrx_word' id='word_1_497' title='bbox 1848 4266 2005 4322; x_wconf 84' lang='lat' dir='ltr'><strong>ﬁrma</strong></span> 
     </span>
    </p>
   </div>
   <div class='ocr_carea' id='block_1_74' title="bbox 423 4348 2001 4426">
    <p class='ocr_par' dir='ltr' id='par_1_74' title="bbox 423 4348 2001 4426">
     <span class='ocr_line' id='line_1_74' title="bbox 423 4348 2001 4426; baseline 0.009 -25"><span class='ocrx_word' id='word_1_498' title='bbox 423 4363 579 4402; x_wconf 87' lang='lat' dir='ltr'><strong>mens</strong></span> <span class='ocrx_word' id='word_1_499' title='bbox 597 4364 663 4403; x_wconf 80' lang='lat' dir='ltr'><strong>ac</strong></span> <span class='ocrx_word' id='word_1_500' title='bbox 687 4348 939 4412; x_wconf 89' lang='lat' dir='ltr'><strong>robusta,</strong></span> <span class='ocrx_word' id='word_1_501' title='bbox 975 4353 1147 4407; x_wconf 89' lang='lat' dir='ltr'><strong>animi</strong></span> <span class='ocrx_word' id='word_1_502' title='bbox 1193 4369 1394 4409; x_wconf 86' lang='lat' dir='ltr'><strong>sensus</strong></span> <span class='ocrx_word' id='word_1_503' title='bbox 1422 4356 1584 4426; x_wconf 81' lang='lat' dir='ltr'><strong>longe</strong></span> <span class='ocrx_word' id='word_1_504' title='bbox 1613 4359 1886 4414; x_wconf 85' lang='lat' dir='ltr'><strong>humanus</strong></span> <span class='ocrx_word' id='word_1_505' title='bbox 1920 4368 2001 4414; x_wconf 76' lang='grc' dir='ltr'>ιιι-</span> 
     </span>
    </p>
   </div>
   <div class='ocr_carea' id='block_1_75' title="bbox 421 4441 2002 4515">
    <p class='ocr_par' dir='ltr' id='par_1_75' title="bbox 421 4441 2002 4515">
     <span class='ocr_line' id='line_1_75' title="bbox 421 4441 2002 4515; baseline 0.009 -25"><span class='ocrx_word' id='word_1_506' title='bbox 421 4455 530 4509; x_wconf 87' lang='lat' dir='ltr'><strong>que</strong></span> <span class='ocrx_word' id='word_1_507' title='bbox 574 4441 879 4495; x_wconf 90' lang='lat' dir='ltr'><strong>modestus.</strong></span> <span class='ocrx_word' id='word_1_508' title='bbox 943 4442 1102 4498; x_wconf 86' lang='lat' dir='ltr'><strong>Hunc</strong></span> <span class='ocrx_word' id='word_1_509' title='bbox 1164 4444 1467 4515; x_wconf 90' lang='lat' dir='ltr'><strong>imperator</strong></span> <span class='ocrx_word' id='word_1_510' title='bbox 1518 4449 1703 4504; x_wconf 82' lang='lat' dir='ltr'><strong>virum</strong></span> <span class='ocrx_word' id='word_1_511' title='bbox 1751 4451 2002 4505; x_wconf 88' lang='lat' dir='ltr'><strong>inclitum</strong></span> 
     </span>
    </p>
   </div>
   <div class='ocr_carea' id='block_1_76' title="bbox 2106 3240 3370 3316">
    <p class='ocr_par' dir='ltr' id='par_1_76' title="bbox 2106 3240 3370 3316">
     <span class='ocr_line' id='line_1_76' title="bbox 2106 3240 3370 3316; baseline 0 -19"><span class='ocrx_word' id='word_1_512' title='bbox 2106 3240 2260 3307; x_wconf 69' lang='grc' dir='ltr'>οὗτος</span> <span class='ocrx_word' id='word_1_513' title='bbox 2295 3246 2442 3315; x_wconf 86' lang='grc' dir='ltr'>τρεῖς</span> <span class='ocrx_word' id='word_1_514' title='bbox 2470 3245 2682 3316; x_wconf 78' lang='grc' dir='ltr'>ἡμέρας</span> <span class='ocrx_word' id='word_1_515' title='bbox 2717 3244 2964 3307; x_wconf 78' lang='grc' dir='ltr'>ἐπιϐιοὺς</span> <span class='ocrx_word' id='word_1_516' title='bbox 2994 3245 3370 3314; x_wconf 76' lang='grc' dir='ltr'>ἐτελεύτησεν.</span> 
     </span>
    </p>
   </div>
   <div class='ocr_carea' id='block_1_77' title="bbox 2116 3418 3698 3495">
    <p class='ocr_par' dir='ltr' id='par_1_77' title="bbox 2116 3418 3698 3495">
     <span class='ocr_line' id='line_1_77' title="bbox 2116 3418 3698 3495; baseline 0.002 -20"><span class='ocrx_word' id='word_1_517' title='bbox 2116 3418 2121 3421; x_wconf 57' lang='grc'><em>’</em></span> <span class='ocrx_word' id='word_1_518' title='bbox 2176 3424 2274 3495; x_wconf 75' lang='grc' dir='ltr'>νβ’.</span> <span class='ocrx_word' id='word_1_519' title='bbox 2325 3426 2569 3478; x_wconf 74' lang='grc' dir='ltr'>Ἐνπᾶσι</span> <span class='ocrx_word' id='word_1_520' title='bbox 2610 3425 2709 3492; x_wconf 80' lang='grc' dir='ltr'><strong>μὲν</strong></span> <span class='ocrx_word' id='word_1_521' title='bbox 2742 3421 2954 3489; x_wconf 77' lang='grc' dir='ltr'>ούν,ὼς</span> <span class='ocrx_word' id='word_1_522' title='bbox 2982 3424 3243 3495; x_wconf 82' lang='grc' dir='ltr'>ἀνωτέρω</span> <span class='ocrx_word' id='word_1_523' title='bbox 3298 3423 3534 3494; x_wconf 81' lang='grc' dir='ltr'>εἴρηται,</span> <span class='ocrx_word' id='word_1_524' title='bbox 3580 3427 3698 3490; x_wconf 82' lang='grc' dir='ltr'>τοῖς</span> 
     </span>
    </p>
   </div>
   <div class='ocr_carea' id='block_1_78' title="bbox 2108 3512 3695 3588">
    <p class='ocr_par' dir='ltr' id='par_1_78' title="bbox 2108 3512 3695 3588">
     <span class='ocr_line' id='line_1_78' title="bbox 2108 3512 3695 3588; baseline -0.001 -18"><span class='ocrx_word' id='word_1_525' title='bbox 2108 3520 2362 3588; x_wconf 78' lang='grc' dir='ltr'>μοναχοῖς</span> <span class='ocrx_word' id='word_1_526' title='bbox 2386 3520 2413 3571; x_wconf 93' lang='lat'><strong>6</strong></span> <span class='ocrx_word' id='word_1_527' title='bbox 2445 3512 2699 3587; x_wconf 74' lang='grc' dir='ltr'>βασιλεὺς</span> <span class='ocrx_word' id='word_1_528' title='bbox 2719 3518 2904 3570; x_wconf 82' lang='grc' dir='ltr'>πίστιν</span> <span class='ocrx_word' id='word_1_529' title='bbox 2929 3518 3194 3585; x_wconf 81' lang='grc' dir='ltr'>ἐκέκτητο</span> <span class='ocrx_word' id='word_1_530' title='bbox 3218 3516 3473 3586; x_wconf 71' lang='grc' dir='ltr'>ἄμετρον,</span> <span class='ocrx_word' id='word_1_531' title='bbox 3504 3517 3695 3583; x_wconf 68' lang='grc' dir='ltr'>διαιρε-</span> 
     </span>
    </p>
   </div>
   <div class='ocr_carea' id='block_1_79' title="bbox 2111 3609 3695 3682">
    <p class='ocr_par' dir='ltr' id='par_1_79' title="bbox 2111 3609 3695 3682">
     <span class='ocr_line' id='line_1_79' title="bbox 2111 3609 3695 3682; baseline -0.002 -18"><span class='ocrx_word' id='word_1_532' title='bbox 2111 3613 2310 3682; x_wconf 79' lang='grc' dir='ltr'>ρόντως</span> <span class='ocrx_word' id='word_1_533' title='bbox 2334 3612 2390 3664; x_wconf 85' lang='grc' dir='ltr'>δὲ</span> <span class='ocrx_word' id='word_1_534' title='bbox 2430 3611 2592 3680; x_wconf 86' lang='grc' dir='ltr'>ἐτίμα</span> <span class='ocrx_word' id='word_1_535' title='bbox 2622 3614 2716 3663; x_wconf 80' lang='grc' dir='ltr'>καὶ</span> <span class='ocrx_word' id='word_1_536' title='bbox 2751 3609 3055 3681; x_wconf 81' lang='grc' dir='ltr'>ὑπερέσεϐε</span> <span class='ocrx_word' id='word_1_537' title='bbox 3107 3610 3331 3680; x_wconf 83' lang='grc' dir='ltr'>Σέργιον</span> <span class='ocrx_word' id='word_1_538' title='bbox 3360 3610 3450 3662; x_wconf 63' lang='grc' dir='ltr'><strong>τὸν</strong></span> <span class='ocrx_word' id='word_1_539' title='bbox 3497 3612 3553 3661; x_wconf 82' lang='grc' dir='ltr'>ὲν</span> <span class='ocrx_word' id='word_1_540' title='bbox 3595 3625 3695 3678; x_wconf 82' lang='grc' dir='ltr'>μο-</span> 
     </span>
    </p>
   </div>
   <div class='ocr_carea' id='block_1_80' title="bbox 2106 3700 3687 3773">
    <p class='ocr_par' dir='ltr' id='par_1_80' title="bbox 2106 3700 3687 3773">
     <span class='ocr_line' id='line_1_80' title="bbox 2106 3700 3687 3773; baseline -0.003 -18"><span class='ocrx_word' id='word_1_541' title='bbox 2106 3708 2288 3773; x_wconf 76' lang='grc' dir='ltr'>ναχοῒς</span> <span class='ocrx_word' id='word_1_542' title='bbox 2338 3703 2733 3773; x_wconf 80' lang='grc' dir='ltr'>διαλάμποντα,</span> <span class='ocrx_word' id='word_1_543' title='bbox 2771 3702 2828 3766; x_wconf 71' lang='grc' dir='ltr'>ὃς</span> <span class='ocrx_word' id='word_1_544' title='bbox 2856 3701 3084 3771; x_wconf 72' lang='grc' dir='ltr'>ἀδελφὸς</span> <span class='ocrx_word' id='word_1_545' title='bbox 3116 3701 3213 3770; x_wconf 80' lang='grc' dir='ltr'>μὲν</span> <span class='ocrx_word' id='word_1_546' title='bbox 3259 3702 3352 3754; x_wconf 81' lang='grc' dir='ltr'>τοῦ</span> <span class='ocrx_word' id='word_1_547' title='bbox 3389 3700 3687 3769; x_wconf 86' lang='grc' dir='ltr'>μαγίστρου</span> 
     </span>
    </p>
   </div>
   <div class='ocr_carea' id='block_1_81' title="bbox 2108 3790 3685 3864">
    <p class='ocr_par' dir='ltr' id='par_1_81' title="bbox 2108 3790 3685 3864">
     <span class='ocr_line' id='line_1_81' title="bbox 2108 3790 3685 3864; baseline -0.002 -18"><span class='ocrx_word' id='word_1_548' title='bbox 2108 3794 2371 3861; x_wconf 65' lang='grc' dir='ltr'>ἐπεφύκει</span> <span class='ocrx_word' id='word_1_549' title='bbox 2404 3794 2598 3864; x_wconf 79' lang='grc' dir='ltr'>Θωμᾶ,</span> <span class='ocrx_word' id='word_1_550' title='bbox 2630 3793 2850 3863; x_wconf 67' lang='grc' dir='ltr'>ἀνεψιὸς</span> <span class='ocrx_word' id='word_1_551' title='bbox 2880 3794 2935 3846; x_wconf 80' lang='grc' dir='ltr'><strong>δὲ</strong></span> <span class='ocrx_word' id='word_1_552' title='bbox 2960 3794 3053 3845; x_wconf 79' lang='grc' dir='ltr'><strong>τού</strong></span> <span class='ocrx_word' id='word_1_553' title='bbox 3089 3793 3427 3864; x_wconf 86' lang='grc' dir='ltr'>πατριάρχου</span> <span class='ocrx_word' id='word_1_554' title='bbox 3459 3790 3685 3843; x_wconf 73' lang='grc' dir='ltr'>Φωτίουθ</span> 
     </span>
    </p>
   </div>
   <div class='ocr_carea' id='block_1_82' title="bbox 2106 3880 3692 3957">
    <p class='ocr_par' dir='ltr' id='par_1_82' title="bbox 2106 3880 3692 3957">
     <span class='ocr_line' id='line_1_82' title="bbox 2106 3880 3692 3957; baseline -0.004 -17"><span class='ocrx_word' id='word_1_555' title='bbox 2106 3888 2164 3940; x_wconf 78' lang='grc' dir='ltr'>ὃν</span> <span class='ocrx_word' id='word_1_556' title='bbox 2222 3885 2381 3939; x_wconf 84' lang='grc' dir='ltr'>πλέον</span> <span class='ocrx_word' id='word_1_557' title='bbox 2418 3885 2519 3957; x_wconf 82' lang='grc' dir='ltr'>τῆς</span> <span class='ocrx_word' id='word_1_558' title='bbox 2576 3886 2846 3957; x_wconf 81' lang='grc' dir='ltr'>σαρκικῆς</span> <span class='ocrx_word' id='word_1_559' title='bbox 2898 3885 3180 3954; x_wconf 83' lang='grc' dir='ltr'>εὐγενείας</span> <span class='ocrx_word' id='word_1_560' title='bbox 3233 3886 3264 3955; x_wconf 83' lang='grc' dir='ltr'>ή</span> <span class='ocrx_word' id='word_1_561' title='bbox 3321 3882 3463 3937; x_wconf 87' lang='grc' dir='ltr'><strong>κατά</strong></span> <span class='ocrx_word' id='word_1_562' title='bbox 3514 3880 3692 3952; x_wconf 76' lang='grc' dir='ltr'>ψυχὴν</span> 
     </span>
    </p>
   </div>
   <div class='ocr_carea' id='block_1_83' title="bbox 2107 3960 3693 4048">
    <p class='ocr_par' dir='ltr' id='par_1_83' title="bbox 2107 3960 3693 4048">
     <span class='ocr_line' id='line_1_83' title="bbox 2107 3960 3693 4048; baseline -0.001 -18"><span class='ocrx_word' id='word_1_563' title='bbox 2107 3980 2271 4047; x_wconf 88' lang='grc' dir='ltr'>ἐτίμα</span> <span class='ocrx_word' id='word_1_564' title='bbox 2296 3960 2559 4046; x_wconf 81' lang='grc' dir='ltr'>εὐγένεια</span> <span class='ocrx_word' id='word_1_565' title='bbox 2579 3980 2639 4031; x_wconf 84' lang='grc' dir='ltr'><strong>τό</strong></span> <span class='ocrx_word' id='word_1_566' title='bbox 2662 3995 2722 4031; x_wconf 79' lang='grc' dir='ltr'><strong>τε</strong></span> <span class='ocrx_word' id='word_1_567' title='bbox 2749 3979 2848 4046; x_wconf 87' lang='grc' dir='ltr'><strong>τῆς</strong></span> <span class='ocrx_word' id='word_1_568' title='bbox 2876 3978 3205 4048; x_wconf 87' lang='grc' dir='ltr'>διακρίσεως</span> <span class='ocrx_word' id='word_1_569' title='bbox 3236 3976 3368 4029; x_wconf 79' lang='grc' dir='ltr'>εὐθὺ</span> <span class='ocrx_word' id='word_1_570' title='bbox 3396 3978 3491 4029; x_wconf 73' lang='grc' dir='ltr'><strong>καὶ</strong></span> <span class='ocrx_word' id='word_1_571' title='bbox 3513 3977 3572 4029; x_wconf 76' lang='grc' dir='ltr'>τὸ</span> <span class='ocrx_word' id='word_1_572' title='bbox 3596 3974 3693 4029; x_wconf 77' lang='grc' dir='ltr'><strong>τοῦ</strong></span> 
     </span>
    </p>
   </div>
   <div class='ocr_carea' id='block_1_84' title="bbox 2108 4068 3696 4142">
    <p class='ocr_par' dir='ltr' id='par_1_84' title="bbox 2108 4068 3696 4142">
     <span class='ocr_line' id='line_1_84' title="bbox 2108 4068 3696 4142; baseline -0.003 -19"><span class='ocrx_word' id='word_1_573' title='bbox 2108 4072 2406 4142; x_wconf 83' lang='grc' dir='ltr'>προσώπου</span> <span class='ocrx_word' id='word_1_574' title='bbox 2437 4072 2631 4142; x_wconf 79' lang='grc' dir='ltr'>χαρίεν</span> <span class='ocrx_word' id='word_1_575' title='bbox 2666 4070 2727 4122; x_wconf 82' lang='grc' dir='ltr'><strong>τὸ</strong></span> <span class='ocrx_word' id='word_1_576' title='bbox 2757 4070 2979 4141; x_wconf 83' lang='grc' dir='ltr'>μέτριόν</span> <span class='ocrx_word' id='word_1_577' title='bbox 3006 4086 3064 4121; x_wconf 84' lang='grc' dir='ltr'><strong>τε</strong></span> <span class='ocrx_word' id='word_1_578' title='bbox 3100 4068 3193 4121; x_wconf 80' lang='grc' dir='ltr'>τοῦ</span> <span class='ocrx_word' id='word_1_579' title='bbox 3225 4068 3573 4139; x_wconf 77' lang='grc' dir='ltr'>φρονήματος</span> <span class='ocrx_word' id='word_1_580' title='bbox 3602 4069 3696 4120; x_wconf 72' lang='grc' dir='ltr'>καὶ</span> 
     </span>
    </p>
   </div>
   <div class='ocr_carea' id='block_1_85' title="bbox 2108 4153 3698 4233">
    <p class='ocr_par' dir='ltr' id='par_1_85' title="bbox 2108 4153 3698 4233">
     <span class='ocr_line' id='line_1_85' title="bbox 2108 4153 3698 4233; baseline -0.005 -18"><span class='ocrx_word' id='word_1_581' title='bbox 2108 4161 2200 4216; x_wconf 82' lang='grc' dir='ltr'>τοῦ</span> <span class='ocrx_word' id='word_1_582' title='bbox 2232 4163 2425 4233; x_wconf 76' lang='grc' dir='ltr'>ἧθους·</span> <span class='ocrx_word' id='word_1_583' title='bbox 2466 4161 2557 4213; x_wconf 72' lang='grc' dir='ltr'>τὸν</span> <span class='ocrx_word' id='word_1_584' title='bbox 2596 4161 2695 4229; x_wconf 81' lang='grc' dir='ltr'><strong>μὲν</strong></span> <span class='ocrx_word' id='word_1_585' title='bbox 2724 4158 2833 4229; x_wconf 85' lang='grc' dir='ltr'>γὰρ</span> <span class='ocrx_word' id='word_1_586' title='bbox 2874 4157 3032 4226; x_wconf 83' lang='grc' dir='ltr'>λόγον</span> <span class='ocrx_word' id='word_1_587' title='bbox 3087 4153 3202 4227; x_wconf 76' lang='grc' dir='ltr'>εἶχε</span> <span class='ocrx_word' id='word_1_588' title='bbox 3229 4156 3559 4225; x_wconf 83' lang='grc' dir='ltr'>γλυκύτερον</span> <span class='ocrx_word' id='word_1_589' title='bbox 3596 4154 3698 4225; x_wconf 85' lang='grc' dir='ltr'>μέ-</span> 
     </span>
    </p>
   </div>
   <div class='ocr_carea' id='block_1_86' title="bbox 2107 4245 3694 4321">
    <p class='ocr_par' dir='ltr' id='par_1_86' title="bbox 2107 4245 3694 4321">
     <span class='ocr_line' id='line_1_86' title="bbox 2107 4245 3694 4321; baseline -0.006 -15"><span class='ocrx_word' id='word_1_590' title='bbox 2107 4255 2252 4316; x_wconf 89' lang='grc' dir='ltr'>λιτος</span> <span class='ocrx_word' id='word_1_591' title='bbox 2301 4250 2698 4315; x_wconf 78' lang='grc' dir='ltr'>ἁποστάζοντα,</span> <span class='ocrx_word' id='word_1_592' title='bbox 2766 4249 2826 4303; x_wconf 79' lang='grc' dir='ltr'><strong>τὸ</strong></span> <span class='ocrx_word' id='word_1_593' title='bbox 2871 4245 3003 4321; x_wconf 82' lang='grc' dir='ltr'>ἦθος</span> <span class='ocrx_word' id='word_1_594' title='bbox 3035 4249 3233 4316; x_wconf 83' lang='grc' dir='ltr'>πάγιον</span> <span class='ocrx_word' id='word_1_595' title='bbox 3273 4248 3366 4302; x_wconf 79' lang='grc' dir='ltr'><strong>καὶ</strong></span> <span class='ocrx_word' id='word_1_596' title='bbox 3398 4246 3694 4316; x_wconf 78' lang='grc' dir='ltr'>σταθηρδν,</span> 
     </span>
    </p>
   </div>
   <div class='ocr_carea' id='block_1_87' title="bbox 2108 4338 3696 4417">
    <p class='ocr_par' dir='ltr' id='par_1_87' title="bbox 2108 4338 3696 4417">
     <span class='ocr_line' id='line_1_87' title="bbox 2108 4338 3696 4417; baseline -0.004 -18"><span class='ocrx_word' id='word_1_597' title='bbox 2108 4345 2167 4399; x_wconf 79' lang='grc' dir='ltr'>τὸ</span> <span class='ocrx_word' id='word_1_598' title='bbox 2200 4347 2256 4400; x_wconf 86' lang='grc' dir='ltr'>δὲ</span> <span class='ocrx_word' id='word_1_599' title='bbox 2303 4347 2559 4417; x_wconf 85' lang='grc' dir='ltr'>φρόνημα</span> <span class='ocrx_word' id='word_1_600' title='bbox 2603 4342 2740 4397; x_wconf 78' lang='grc' dir='ltr'>πολὺ</span> <span class='ocrx_word' id='word_1_601' title='bbox 2783 4343 3013 4412; x_wconf 80' lang='grc' dir='ltr'>φυσικὸν</span> <span class='ocrx_word' id='word_1_602' title='bbox 3057 4342 3153 4395; x_wconf 76' lang='grc' dir='ltr'>καὶ</span> <span class='ocrx_word' id='word_1_603' title='bbox 3182 4343 3459 4395; x_wconf 84' lang='grc' dir='ltr'>ταπεινόν.</span> <span class='ocrx_word' id='word_1_604' title='bbox 3493 4338 3696 4393; x_wconf 76' lang='grc' dir='ltr'>Τοῦτον</span> 
     </span>
    </p>
   </div>
   <div class='ocr_carea' id='block_1_88' title="bbox 2108 4427 3697 4509">
    <p class='ocr_par' dir='ltr' id='par_1_88' title="bbox 2108 4427 3697 4509">
     <span class='ocr_line' id='line_1_88' title="bbox 2108 4427 3697 4509; baseline -0.004 -19"><span class='ocrx_word' id='word_1_605' title='bbox 2108 4437 2173 4509; x_wconf 83' lang='grc' dir='ltr'>δὴ</span> <span class='ocrx_word' id='word_1_606' title='bbox 2216 4435 2308 4488; x_wconf 81' lang='grc' dir='ltr'>τὸν</span> <span class='ocrx_word' id='word_1_607' title='bbox 2337 4434 2583 4504; x_wconf 88' lang='grc' dir='ltr'>ἀοίδιμον</span> <span class='ocrx_word' id='word_1_608' title='bbox 2607 4433 2969 4497; x_wconf 81' lang='grc' dir='ltr'>ἀδιαλείπτως</span> <span class='ocrx_word' id='word_1_609' title='bbox 2996 4432 3115 4504; x_wconf 86' lang='grc' dir='ltr'>μεθ’</span> <span class='ocrx_word' id='word_1_610' title='bbox 3143 4432 3337 4485; x_wconf 75' lang='grc' dir='ltr'>ἑαυτοῦ</span> <span class='ocrx_word' id='word_1_611' title='bbox 3366 4427 3513 4500; x_wconf 77' lang='grc' dir='ltr'>εἶχεν</span> <span class='ocrx_word' id='word_1_612' title='bbox 3543 4434 3569 4484; x_wconf 96' lang='lat'><strong>6</strong></span> <span class='ocrx_word' id='word_1_613' title='bbox 3597 4430 3697 4500; x_wconf 82' lang='grc' dir='ltr'><strong>βα-</strong></span> 
     </span>
    </p>
   </div>
   <div class='ocr_carea' id='block_1_89' title="bbox 425 4518 2001 4610">
    <p class='ocr_par' dir='ltr' id='par_1_89' title="bbox 425 4531 2001 4610">
     <span class='ocr_line' id='line_1_89' title="bbox 425 4531 2001 4610; baseline 0.008 -27"><span class='ocrx_word' id='word_1_614' title='bbox 425 4531 579 4584; x_wconf 81' lang='lat' dir='ltr'><strong>velut</strong></span> <span class='ocrx_word' id='word_1_615' title='bbox 614 4531 858 4600; x_wconf 82' lang='lat' dir='ltr'><strong>regulam</strong></span> <span class='ocrx_word' id='word_1_616' title='bbox 893 4547 957 4586; x_wconf 87' lang='lat' dir='ltr'><strong>ac</strong></span> <span class='ocrx_word' id='word_1_617' title='bbox 1012 4537 1297 4603; x_wconf 84' lang='lat' dir='ltr'><strong>amussim,</strong></span> <span class='ocrx_word' id='word_1_618' title='bbox 1355 4547 1417 4592; x_wconf 92' lang='lat' dir='ltr'><strong>ut</strong></span> <span class='ocrx_word' id='word_1_619' title='bbox 1446 4540 1525 4593; x_wconf 92' lang='lat' dir='ltr'><strong>sic</strong></span> <span class='ocrx_word' id='word_1_620' title='bbox 1555 4539 1768 4610; x_wconf 86' lang='lat' dir='ltr'><strong>loquar.</strong></span> <span class='ocrx_word' id='word_1_621' title='bbox 1826 4542 2001 4596; x_wconf 83' lang='lat' dir='ltr'><strong>omnis</strong></span> 
     </span>
    </p>
   </div>
   <div class='ocr_carea' id='block_1_90' title="bbox 2106 4518 3698 4610">
    <p class='ocr_par' dir='ltr' id='par_1_90' title="bbox 2114 4522 3698 4593">
     <span class='ocr_line' id='line_1_90' title="bbox 2114 4522 3698 4593; baseline -0.006 -9"><span class='ocrx_word' id='word_1_622' title='bbox 2114 4529 2318 4592; x_wconf 84' lang='grc' dir='ltr'>σιλεὺς,</span> <span class='ocrx_word' id='word_1_623' title='bbox 2350 4528 2573 4593; x_wconf 86' lang='grc' dir='ltr'>κανόνα,</span> <span class='ocrx_word' id='word_1_624' title='bbox 2600 4526 2675 4591; x_wconf 86' lang='grc' dir='ltr'>ὼς</span> <span class='ocrx_word' id='word_1_625' title='bbox 2706 4528 2770 4580; x_wconf 80' lang='grc' dir='ltr'>ἄν</span> <span class='ocrx_word' id='word_1_626' title='bbox 2801 4543 2885 4590; x_wconf 90' lang='grc' dir='ltr'><strong>τις</strong></span> <span class='ocrx_word' id='word_1_627' title='bbox 2936 4526 3101 4589; x_wconf 79' lang='grc' dir='ltr'>εἴποι,</span> <span class='ocrx_word' id='word_1_628' title='bbox 3145 4525 3239 4578; x_wconf 80' lang='grc' dir='ltr'><strong>τὸν</strong></span> <span class='ocrx_word' id='word_1_629' title='bbox 3266 4524 3433 4577; x_wconf 80' lang='grc' dir='ltr'>αὐτοῦ</span> <span class='ocrx_word' id='word_1_630' title='bbox 3465 4523 3578 4591; x_wconf 82' lang='grc' dir='ltr'>βίον</span> <span class='ocrx_word' id='word_1_631' title='bbox 3609 4522 3698 4575; x_wconf 78' lang='grc' dir='ltr'><strong>ἀεὶ</strong></span> 
     </span>
    </p>
   </div>
   <div class='ocr_carea' id='block_1_91' title="bbox 424 4623 2007 4702">
    <p class='ocr_par' dir='ltr' id='par_1_91' title="bbox 424 4623 2007 4702">
     <span class='ocr_line' id='line_1_91' title="bbox 424 4623 2007 4702; baseline 0.007 -25"><span class='ocrx_word' id='word_1_632' title='bbox 424 4623 633 4691; x_wconf 87' lang='lat' dir='ltr'><strong>ubique</strong></span> <span class='ocrx_word' id='word_1_633' title='bbox 663 4625 1062 4691; x_wconf 63' lang='lat' dir='ltr'><strong>componenda:</strong></span> <span class='ocrx_word' id='word_1_634' title='bbox 1090 4630 1217 4682; x_wconf 72' lang='lat' dir='ltr'><strong>vitae</strong></span> <span class='ocrx_word' id='word_1_635' title='bbox 1243 4644 1358 4684; x_wconf 74' lang='lat' dir='ltr'><strong>suae</strong></span> <span class='ocrx_word' id='word_1_636' title='bbox 1395 4631 1605 4701; x_wconf 80' lang='lat' dir='ltr'><strong>jugiter</strong></span> <span class='ocrx_word' id='word_1_637' title='bbox 1640 4632 1785 4702; x_wconf 87' lang='lat' dir='ltr'><strong>apud</strong></span> <span class='ocrx_word' id='word_1_638' title='bbox 1818 4649 1877 4688; x_wconf 90' lang='lat' dir='ltr'><strong>se</strong></span> <span class='ocrx_word' id='word_1_639' title='bbox 1908 4635 2007 4688; x_wconf 88' lang='lat' dir='ltr'><strong>ha-</strong></span> 
     </span>
    </p>
   </div>
   <div class='ocr_carea' id='block_1_92' title="bbox 422 4714 2004 4794">
    <p class='ocr_par' dir='ltr' id='par_1_92' title="bbox 422 4714 2004 4794">
     <span class='ocr_line' id='line_1_92' title="bbox 422 4714 2004 4794; baseline 0.007 -26"><span class='ocrx_word' id='word_1_640' title='bbox 422 4715 609 4769; x_wconf 85' lang='lat' dir='ltr'><strong>bebat.</strong></span> <span class='ocrx_word' id='word_1_641' title='bbox 646 4714 809 4784; x_wconf 85' lang='lat' dir='ltr'><strong>Isque</strong></span> <span class='ocrx_word' id='word_1_642' title='bbox 847 4716 987 4771; x_wconf 85' lang='lat' dir='ltr'><strong>adeo</strong></span> <span class='ocrx_word' id='word_1_643' title='bbox 1012 4719 1403 4789; x_wconf 88' lang='lat' dir='ltr'><strong>imperatorem</strong></span> <span class='ocrx_word' id='word_1_644' title='bbox 1437 4724 1605 4778; x_wconf 89' lang='lat' dir='ltr'><strong>etiam</strong></span> <span class='ocrx_word' id='word_1_645' title='bbox 1627 4734 1793 4794; x_wconf 83' lang='lat' dir='ltr'><strong>atque</strong></span> <span class='ocrx_word' id='word_1_646' title='bbox 1837 4726 2004 4779; x_wconf 86' lang='lat' dir='ltr'><strong>etiam</strong></span> 
     </span>
    </p>
   </div>
   <div class='ocr_carea' id='block_1_93' title="bbox 425 4801 2006 4888">
    <p class='ocr_par' dir='ltr' id='par_1_93' title="bbox 425 4801 2006 4888">
     <span class='ocr_line' id='line_1_93' title="bbox 425 4801 2006 4888; baseline 0.008 -27"><span class='ocrx_word' id='word_1_647' title='bbox 425 4807 665 4861; x_wconf 88' lang='lat' dir='ltr'><strong>liliorum</strong></span> <span class='ocrx_word' id='word_1_648' title='bbox 695 4821 883 4862; x_wconf 89' lang='lat' dir='ltr'><strong>curam</strong></span> <span class='ocrx_word' id='word_1_649' title='bbox 914 4824 1101 4880; x_wconf 75' lang='lat' dir='ltr'><strong>agere,</strong></span> <span class='ocrx_word' id='word_1_650' title='bbox 1138 4828 1240 4867; x_wconf 91' lang='lat' dir='ltr'><strong>nec</strong></span> <span class='ocrx_word' id='word_1_651' title='bbox 1268 4801 1713 4885; x_wconf 89' lang='lat' dir='ltr'><strong>indisciplinatos</strong></span> <span class='ocrx_word' id='word_1_652' title='bbox 1746 4818 2006 4888; x_wconf 88' lang='lat' dir='ltr'><strong>nullaque</strong></span> 
     </span>
    </p>
   </div>
   <div class='ocr_carea' id='block_1_94' title="bbox 422 4900 2006 4976">
    <p class='ocr_par' dir='ltr' id='par_1_94' title="bbox 422 4900 2006 4976">
     <span class='ocr_line' id='line_1_94' title="bbox 422 4900 2006 4976; baseline 0.008 -23"><span class='ocrx_word' id='word_1_653' title='bbox 422 4900 779 4970; x_wconf 85' lang='lat' dir='ltr'><strong>castigatione</strong></span> <span class='ocrx_word' id='word_1_654' title='bbox 812 4901 881 4955; x_wconf 88' lang='lat' dir='ltr'><strong>ad</strong></span> <span class='ocrx_word' id='word_1_655' title='bbox 912 4904 1217 4973; x_wconf 88' lang='lat' dir='ltr'><strong>nequitiam</strong></span> <span class='ocrx_word' id='word_1_656' title='bbox 1249 4906 1528 4964; x_wconf 87' lang='lat' dir='ltr'><strong>declinare</strong></span> <span class='ocrx_word' id='word_1_657' title='bbox 1574 4910 1776 4976; x_wconf 90' lang='lat' dir='ltr'><strong>sinere,</strong></span> <span class='ocrx_word' id='word_1_658' title='bbox 1813 4911 2006 4965; x_wconf 88' lang='lat' dir='ltr'><strong>admo-</strong></span> 
     </span>
    </p>
   </div>
   <div class='ocr_carea' id='block_1_95' title="bbox 388 4991 2007 5072">
    <p class='ocr_par' dir='ltr' id='par_1_95' title="bbox 388 4991 2007 5072">
     <span class='ocr_line' id='line_1_95' title="bbox 388 4991 2007 5072; baseline 0.011 -30"><span class='ocrx_word' id='word_1_659' title='bbox 388 5012 391 5019; x_wconf 90' lang='lat'><strong><em>-</em></strong></span> <span class='ocrx_word' id='word_1_660' title='bbox 424 4991 612 5051; x_wconf 86' lang='lat' dir='ltr'><strong>nebat.</strong></span> <span class='ocrx_word' id='word_1_661' title='bbox 660 5007 728 5045; x_wconf 90' lang='lat' dir='ltr'><strong>ne</strong></span> <span class='ocrx_word' id='word_1_662' title='bbox 764 5001 821 5046; x_wconf 87' lang='lat' dir='ltr'><strong>et</strong></span> <span class='ocrx_word' id='word_1_663' title='bbox 865 4993 941 5046; x_wconf 93' lang='lat' dir='ltr'><strong>illi</strong></span> <span class='ocrx_word' id='word_1_664' title='bbox 969 4994 1114 5049; x_wconf 91' lang='lat' dir='ltr'><strong>idem</strong></span> <span class='ocrx_word' id='word_1_665' title='bbox 1144 5006 1309 5067; x_wconf 90' lang='lat' dir='ltr'><strong>atque</strong></span> <span class='ocrx_word' id='word_1_666' title='bbox 1345 4998 1466 5053; x_wconf 85' lang='lat' dir='ltr'><strong>Heli</strong></span> <span class='ocrx_word' id='word_1_667' title='bbox 1500 5002 1909 5072; x_wconf 74' lang='lat' dir='ltr'><strong>contingeret‘,</strong></span> <span class='ocrx_word' id='word_1_668' title='bbox 1945 5020 2007 5059; x_wconf 87' lang='lat' dir='ltr'><strong>ac</strong></span> 
     </span>
    </p>
   </div>
   <div class='ocr_carea' id='block_1_96' title="bbox 423 5083 2005 5165">
    <p class='ocr_par' dir='ltr' id='par_1_96' title="bbox 423 5083 2005 5165">
     <span class='ocr_line' id='line_1_96' title="bbox 423 5083 2005 5165; baseline 0.011 -30"><span class='ocrx_word' id='word_1_669' title='bbox 423 5099 523 5153; x_wconf 88' lang='lat' dir='ltr'><strong>pro</strong></span> <span class='ocrx_word' id='word_1_670' title='bbox 564 5083 803 5138; x_wconf 83' lang='lat' dir='ltr'><strong>ﬁliorum</strong></span> <span class='ocrx_word' id='word_1_671' title='bbox 856 5086 1065 5142; x_wconf 86' lang='lat' dir='ltr'><strong>scelere</strong></span> <span class='ocrx_word' id='word_1_672' title='bbox 1116 5090 1235 5159; x_wconf 92' lang='lat' dir='ltr'><strong>ipse</strong></span> <span class='ocrx_word' id='word_1_673' title='bbox 1293 5107 1516 5163; x_wconf 90' lang='lat' dir='ltr'><strong>quoque</strong></span> <span class='ocrx_word' id='word_1_674' title='bbox 1568 5110 1760 5165; x_wconf 75' lang='lat' dir='ltr'><strong>pmnas</strong></span> <span class='ocrx_word' id='word_1_675' title='bbox 1815 5097 2005 5163; x_wconf 87' lang='lat' dir='ltr'><strong>daret;</strong></span> 
     </span>
    </p>
   </div>
   <div class='ocr_carea' id='block_1_97' title="bbox 423 5178 2005 5255">
    <p class='ocr_par' dir='ltr' id='par_1_97' title="bbox 423 5178 2005 5255">
     <span class='ocr_line' id='line_1_97' title="bbox 423 5178 2005 5255; baseline 0.009 -27"><span class='ocrx_word' id='word_1_676' title='bbox 423 5178 568 5243; x_wconf 74' lang='lat' dir='ltr'><strong>quod</strong></span> <span class='ocrx_word' id='word_1_677' title='bbox 600 5186 655 5231; x_wconf 92' lang='lat' dir='ltr'><strong>et</strong></span> <span class='ocrx_word' id='word_1_678' title='bbox 686 5180 895 5232; x_wconf 87' lang='lat' dir='ltr'><strong>evenit.</strong></span> <span class='ocrx_word' id='word_1_679' title='bbox 933 5182 1075 5237; x_wconf 84' lang='lat' dir='ltr'><strong>Ante</strong></span> <span class='ocrx_word' id='word_1_680' title='bbox 1098 5184 1247 5237; x_wconf 90' lang='lat' dir='ltr'><strong>enim</strong></span> <span class='ocrx_word' id='word_1_681' title='bbox 1282 5201 1490 5255; x_wconf 84' lang='lat' dir='ltr'><strong>paucos</strong></span> <span class='ocrx_word' id='word_1_682' title='bbox 1535 5187 1637 5242; x_wconf 87' lang='lat' dir='ltr'><strong>bos</strong></span> <span class='ocrx_word' id='word_1_683' title='bbox 1681 5190 1819 5250; x_wconf 87' lang='lat' dir='ltr'><strong>dies.</strong></span> <span class='ocrx_word' id='word_1_684' title='bbox 1879 5207 2005 5245; x_wconf 85' lang='lat' dir='ltr'><strong>cum</strong></span> 
     </span>
    </p>
   </div>
   <div class='ocr_carea' id='block_1_98' title="bbox 425 5267 2004 5349">
    <p class='ocr_par' dir='ltr' id='par_1_98' title="bbox 425 5267 2004 5349">
     <span class='ocr_line' id='line_1_98' title="bbox 425 5267 2004 5349; baseline 0.009 -30"><span class='ocrx_word' id='word_1_685' title='bbox 425 5282 618 5321; x_wconf 88' lang='lat' dir='ltr'><strong>omnes</strong></span> <span class='ocrx_word' id='word_1_686' title='bbox 651 5267 1035 5324; x_wconf 74' lang='lat' dir='ltr'><strong>intemeratum</strong></span> <span class='ocrx_word' id='word_1_687' title='bbox 1085 5273 1210 5328; x_wconf 84' lang='lat' dir='ltr'><strong>Filii</strong></span> <span class='ocrx_word' id='word_1_688' title='bbox 1254 5275 1349 5329; x_wconf 91' lang='lat' dir='ltr'><strong>Dei</strong></span> <span class='ocrx_word' id='word_1_689' title='bbox 1392 5276 1447 5331; x_wconf 92' lang='lat' dir='ltr'><strong>in</strong></span> <span class='ocrx_word' id='word_1_690' title='bbox 1472 5278 1645 5334; x_wconf 86' lang='lat' dir='ltr'><strong>linteo</strong></span> <span class='ocrx_word' id='word_1_691' title='bbox 1689 5296 2004 5349; x_wconf 63' lang='lat' dir='ltr'><strong>expressam</strong></span> 
     </span>
    </p>
   </div>
   <div class='ocr_carea' id='block_1_99' title="bbox 422 5350 2009 5441">
    <p class='ocr_par' dir='ltr' id='par_1_99' title="bbox 422 5350 2009 5441">
     <span class='ocr_line' id='line_1_99' title="bbox 422 5350 2009 5441; baseline 0.006 -26"><span class='ocrx_word' id='word_1_692' title='bbox 422 5358 654 5429; x_wconf 79' lang='lat' dir='ltr'><strong>efﬁgiem</strong></span> <span class='ocrx_word' id='word_1_693' title='bbox 682 5359 1002 5430; x_wconf 81' lang='lat' dir='ltr'><strong>lustrarent,</strong></span> <span class='ocrx_word' id='word_1_694' title='bbox 1029 5366 1289 5423; x_wconf 83' lang='lat' dir='ltr'><strong>dixerunt</strong></span> <span class='ocrx_word' id='word_1_695' title='bbox 1321 5369 1553 5426; x_wconf 78' lang='lat' dir='ltr'><strong>Romani</strong></span> <span class='ocrx_word' id='word_1_696' title='bbox 1587 5373 1683 5426; x_wconf 86' lang='lat' dir='ltr'><strong>ﬁlii</strong></span> <span class='ocrx_word' id='word_1_697' title='bbox 1716 5388 1775 5426; x_wconf 89' lang='lat' dir='ltr'><strong>se</strong></span> <span class='ocrx_word' id='word_1_698' title='bbox 1809 5350 2009 5441; x_wconf 72' lang='lat' dir='ltr'><strong>praeter</strong></span> 
     </span>
    </p>
   </div>
   <div class='ocr_carea' id='block_1_100' title="bbox 426 5454 2007 5534">
    <p class='ocr_par' dir='ltr' id='par_1_100' title="bbox 426 5454 2007 5534">
     <span class='ocr_line' id='line_1_100' title="bbox 426 5454 2007 5534; baseline 0.008 -29"><span class='ocrx_word' id='word_1_699' title='bbox 426 5455 639 5508; x_wconf 84' lang='lat' dir='ltr'><strong>vultum</strong></span> <span class='ocrx_word' id='word_1_700' title='bbox 670 5454 806 5509; x_wconf 89' lang='lat' dir='ltr'><strong>nihil</strong></span> <span class='ocrx_word' id='word_1_701' title='bbox 831 5456 1041 5522; x_wconf 90' lang='lat' dir='ltr'><strong>videre,</strong></span> <span class='ocrx_word' id='word_1_702' title='bbox 1076 5458 1198 5529; x_wconf 89' lang='lat' dir='ltr'><strong>ejus</strong></span> <span class='ocrx_word' id='word_1_703' title='bbox 1232 5468 1417 5517; x_wconf 86' lang='lat' dir='ltr'><strong>autem</strong></span> <span class='ocrx_word' id='word_1_704' title='bbox 1467 5480 1639 5534; x_wconf 83' lang='lat' dir='ltr'><strong>gener</strong></span> <span class='ocrx_word' id='word_1_705' title='bbox 1686 5464 2007 5520; x_wconf 85' lang='lat' dir='ltr'><strong>Constanti-</strong></span> 
     </span>
    </p>
   </div>
   <div class='ocr_carea' id='block_1_101' title="bbox 500 5634 972 5707">
    <p class='ocr_par' dir='ltr' id='par_1_101' title="bbox 500 5634 972 5707">
     <span class='ocr_line' id='line_1_101' title="bbox 500 5634 972 5707; baseline 0.004 -20"><span class='ocrx_word' id='word_1_706' title='bbox 500 5647 527 5675; x_wconf 79' lang='grc' dir='ltr'><strong>ιι</strong></span> <span class='ocrx_word' id='word_1_707' title='bbox 556 5634 569 5687; x_wconf 97' lang='grc' dir='ltr'><strong>Ι</strong></span> <span class='ocrx_word' id='word_1_708' title='bbox 599 5635 733 5707; x_wconf 75' lang='lat' dir='ltr'><strong>Reg.</strong></span> <span class='ocrx_word' id='word_1_709' title='bbox 770 5652 854 5702; x_wconf 86' lang='lat' dir='ltr'><strong>tu,</strong></span> <span class='ocrx_word' id='word_1_710' title='bbox 884 5634 972 5689; x_wconf 79' lang='lat' dir='ltr'><strong>l2.</strong></span> 
     </span>
    </p>
   </div>
   <div class='ocr_carea' id='block_1_102' title="bbox 2110 4614 3697 4696">
    <p class='ocr_par' dir='ltr' id='par_1_102' title="bbox 2110 4614 3697 4696">
     <span class='ocr_line' id='line_1_102' title="bbox 2110 4614 3697 4696; baseline -0.006 -21"><span class='ocrx_word' id='word_1_711' title='bbox 2110 4621 2469 4696; x_wconf 78' lang='grc' dir='ltr'>ρυθμίζοντα.</span> <span class='ocrx_word' id='word_1_712' title='bbox 2513 4614 2682 4683; x_wconf 76' lang='grc' dir='ltr'>Οὗτος</span> <span class='ocrx_word' id='word_1_713' title='bbox 2722 4620 2893 4673; x_wconf 86' lang='grc' dir='ltr'>πολλά</span> <span class='ocrx_word' id='word_1_714' title='bbox 2927 4618 3163 4691; x_wconf 82' lang='grc' dir='ltr'>παρῄνει</span> <span class='ocrx_word' id='word_1_715' title='bbox 3220 4617 3299 4688; x_wconf 83' lang='grc' dir='ltr'>τῷ</span> <span class='ocrx_word' id='word_1_716' title='bbox 3344 4614 3554 4686; x_wconf 78' lang='grc' dir='ltr'>βασιλεῖ</span> <span class='ocrx_word' id='word_1_717' title='bbox 3586 4614 3697 4666; x_wconf 83' lang='grc' dir='ltr'>τῶν</span> 
     </span>
    </p>
   </div>
   <div class='ocr_carea' id='block_1_103' title="bbox 2108 4706 3697 4785">
    <p class='ocr_par' dir='ltr' id='par_1_103' title="bbox 2108 4706 3697 4785">
     <span class='ocr_line' id='line_1_103' title="bbox 2108 4706 3697 4785; baseline -0.011 -15"><span class='ocrx_word' id='word_1_718' title='bbox 2108 4716 2317 4770; x_wconf 83' lang='grc' dir='ltr'>παίδων</span> <span class='ocrx_word' id='word_1_719' title='bbox 2346 4714 2727 4785; x_wconf 79' lang='grc' dir='ltr'>ἐπιμελεῖσθαι</span> <span class='ocrx_word' id='word_1_720' title='bbox 2780 4714 2876 4767; x_wconf 69' lang='grc' dir='ltr'><strong>καὶ</strong></span> <span class='ocrx_word' id='word_1_721' title='bbox 2941 4713 3016 4782; x_wconf 83' lang='grc' dir='ltr'>μὴ</span> <span class='ocrx_word' id='word_1_722' title='bbox 3065 4711 3423 4769; x_wconf 76' lang='grc' dir='ltr'>ἀπαιδεύτους</span> <span class='ocrx_word' id='word_1_723' title='bbox 3480 4707 3575 4773; x_wconf 80' lang='grc' dir='ltr'>ἐᾷν</span> <span class='ocrx_word' id='word_1_724' title='bbox 3614 4706 3697 4763; x_wconf 78' lang='grc' dir='ltr'><strong>είς</strong></span> 
     </span>
    </p>
   </div>
   <div class='ocr_carea' id='block_1_104' title="bbox 2109 4792 3694 4878">
    <p class='ocr_par' dir='ltr' id='par_1_104' title="bbox 2109 4792 3694 4878">
     <span class='ocr_line' id='line_1_104' title="bbox 2109 4792 3694 4878; baseline -0.015 -14"><span class='ocrx_word' id='word_1_725' title='bbox 2109 4810 2374 4878; x_wconf 85' lang='grc' dir='ltr'>πονηρίαν</span> <span class='ocrx_word' id='word_1_726' title='bbox 2400 4808 2773 4871; x_wconf 82' lang='grc' dir='ltr'>ὲκκλίνοντας,</span> <span class='ocrx_word' id='word_1_727' title='bbox 2816 4806 2889 4876; x_wconf 84' lang='grc' dir='ltr'>μή</span> <span class='ocrx_word' id='word_1_728' title='bbox 2928 4820 3055 4856; x_wconf 86' lang='grc' dir='ltr'>ποτε</span> <span class='ocrx_word' id='word_1_729' title='bbox 3100 4803 3194 4855; x_wconf 73' lang='grc' dir='ltr'><strong>καὶ</strong></span> <span class='ocrx_word' id='word_1_730' title='bbox 3228 4799 3390 4858; x_wconf 83' lang='grc' dir='ltr'>αὐτὸς</span> <span class='ocrx_word' id='word_1_731' title='bbox 3422 4794 3585 4847; x_wconf 83' lang='grc' dir='ltr'>πάθοι</span> <span class='ocrx_word' id='word_1_732' title='bbox 3632 4792 3694 4842; x_wconf 81' lang='grc' dir='ltr'><strong>τὸ</strong></span> 
     </span>
    </p>
   </div>
   <div class='ocr_carea' id='block_1_105' title="bbox 2106 4884 3694 4972">
    <p class='ocr_par' dir='ltr' id='par_1_105' title="bbox 2106 4884 3694 4972">
     <span class='ocr_line' id='line_1_105' title="bbox 2106 4884 3694 4972; baseline -0.014 -15"><span class='ocrx_word' id='word_1_733' title='bbox 2106 4903 2200 4957; x_wconf 78' lang='grc' dir='ltr'>τοῦ</span> <span class='ocrx_word' id='word_1_734' title='bbox 2232 4903 2383 4966; x_wconf 76' lang='grc' dir='ltr'>Ἠλὶ,</span> <span class='ocrx_word' id='word_1_735' title='bbox 2440 4902 2713 4972; x_wconf 81' lang='grc' dir='ltr'>τιμωρίαν</span> <span class='ocrx_word' id='word_1_736' title='bbox 2768 4898 2990 4957; x_wconf 85' lang='grc' dir='ltr'>ἐκτίσας</span> <span class='ocrx_word' id='word_1_737' title='bbox 3021 4894 3160 4960; x_wconf 78' lang='grc' dir='ltr'>ὑπὲρ</span> <span class='ocrx_word' id='word_1_738' title='bbox 3206 4892 3309 4959; x_wconf 83' lang='grc' dir='ltr'>τῆς</span> <span class='ocrx_word' id='word_1_739' title='bbox 3350 4888 3457 4941; x_wconf 81' lang='grc' dir='ltr'>τῶν</span> <span class='ocrx_word' id='word_1_740' title='bbox 3488 4884 3694 4937; x_wconf 88' lang='grc' dir='ltr'>παίδων</span> 
     </span>
    </p>
   </div>
   <div class='ocr_carea' id='block_1_106' title="bbox 2112 4978 3694 5067">
    <p class='ocr_par' dir='ltr' id='par_1_106' title="bbox 2112 4978 3694 5067">
     <span class='ocr_line' id='line_1_106' title="bbox 2112 4978 3694 5067; baseline -0.015 -15"><span class='ocrx_word' id='word_1_741' title='bbox 2112 4997 2482 5067; x_wconf 78' lang='grc' dir='ltr'>παρανομίας.</span> <span class='ocrx_word' id='word_1_742' title='bbox 2543 4997 2606 5049; x_wconf 89' lang='grc' dir='ltr'><strong>Ὃ</strong></span> <span class='ocrx_word' id='word_1_743' title='bbox 2649 4994 2743 5048; x_wconf 71' lang='grc' dir='ltr'>καὶ</span> <span class='ocrx_word' id='word_1_744' title='bbox 2793 4991 3005 5059; x_wconf 82' lang='grc' dir='ltr'>γέγονε.</span> <span class='ocrx_word' id='word_1_745' title='bbox 3058 4986 3167 5037; x_wconf 74' lang='grc' dir='ltr'>Καὶ</span> <span class='ocrx_word' id='word_1_746' title='bbox 3198 4984 3309 5054; x_wconf 83' lang='grc' dir='ltr'>γὰρ</span> <span class='ocrx_word' id='word_1_747' title='bbox 3357 4981 3463 5053; x_wconf 74' lang='grc' dir='ltr'><strong>πρδ</strong></span> <span class='ocrx_word' id='word_1_748' title='bbox 3497 4978 3694 5048; x_wconf 78' lang='grc' dir='ltr'>ὀλίγων</span> 
     </span>
    </p>
   </div>
   <div class='ocr_carea' id='block_1_107' title="bbox 2112 5070 3695 5161">
    <p class='ocr_par' dir='ltr' id='par_1_107' title="bbox 2112 5070 3695 5161">
     <span class='ocr_line' id='line_1_107' title="bbox 2112 5070 3695 5161; baseline -0.009 -27"><span class='ocrx_word' id='word_1_749' title='bbox 2112 5090 2337 5161; x_wconf 71' lang='grc' dir='ltr'>ἡμερῶν</span> <span class='ocrx_word' id='word_1_750' title='bbox 2369 5086 2591 5149; x_wconf 84' lang='grc' dir='ltr'>τούτων,</span> <span class='ocrx_word' id='word_1_751' title='bbox 2623 5085 2839 5137; x_wconf 88' lang='grc' dir='ltr'>πάντων</span> <span class='ocrx_word' id='word_1_752' title='bbox 2869 5073 3340 5144; x_wconf 87' lang='grc' dir='ltr'>καθιστορούντων</span> <span class='ocrx_word' id='word_1_753' title='bbox 3369 5073 3462 5125; x_wconf 80' lang='grc' dir='ltr'><strong>τὸν</strong></span> <span class='ocrx_word' id='word_1_754' title='bbox 3489 5070 3695 5141; x_wconf 76' lang='grc' dir='ltr'>ἄχραν-</span> 
     </span>
    </p>
   </div>
   <div class='ocr_carea' id='block_1_108' title="bbox 2110 5160 3693 5251">
    <p class='ocr_par' dir='ltr' id='par_1_108' title="bbox 2110 5160 3693 5251">
     <span class='ocr_line' id='line_1_108' title="bbox 2110 5160 3693 5251; baseline -0.015 -15"><span class='ocrx_word' id='word_1_755' title='bbox 2110 5160 2201 5235; x_wconf 83' lang='grc' dir='ltr'><strong>τον</strong></span> <span class='ocrx_word' id='word_1_756' title='bbox 2225 5179 2551 5251; x_wconf 74' lang='grc' dir='ltr'>χαρακτῆρα</span> <span class='ocrx_word' id='word_1_757' title='bbox 2597 5178 2656 5228; x_wconf 83' lang='grc' dir='ltr'><strong>ἐν</strong></span> <span class='ocrx_word' id='word_1_758' title='bbox 2691 5173 2768 5243; x_wconf 82' lang='grc' dir='ltr'>τῷ</span> <span class='ocrx_word' id='word_1_759' title='bbox 2799 5171 2934 5239; x_wconf 85' lang='grc' dir='ltr'>ἁγίῳ</span> <span class='ocrx_word' id='word_1_760' title='bbox 2966 5167 3251 5236; x_wconf 79' lang='grc' dir='ltr'>ἐκμαγείῳ</span> <span class='ocrx_word' id='word_1_761' title='bbox 3308 5164 3403 5219; x_wconf 76' lang='grc' dir='ltr'>τοῦ</span> <span class='ocrx_word' id='word_1_762' title='bbox 3438 5164 3569 5217; x_wconf 80' lang='grc' dir='ltr'>Υἰοῦ</span> <span class='ocrx_word' id='word_1_763' title='bbox 3598 5160 3693 5215; x_wconf 80' lang='grc' dir='ltr'>τοῦ</span> 
     </span>
    </p>
   </div>
   <div class='ocr_carea' id='block_1_109' title="bbox 2111 5255 3695 5343">
    <p class='ocr_par' dir='ltr' id='par_1_109' title="bbox 2111 5255 3695 5343">
     <span class='ocr_line' id='line_1_109' title="bbox 2111 5255 3695 5343; baseline -0.013 -15"><span class='ocrx_word' id='word_1_764' title='bbox 2111 5274 2270 5337; x_wconf 77' lang='grc' dir='ltr'>Θεοῦ,</span> <span class='ocrx_word' id='word_1_765' title='bbox 2308 5273 2492 5340; x_wconf 76' lang='grc' dir='ltr'>ἔλεγον</span> <span class='ocrx_word' id='word_1_766' title='bbox 2546 5270 2594 5321; x_wconf 86' lang='grc' dir='ltr'><strong>οί</strong></span> <span class='ocrx_word' id='word_1_767' title='bbox 2626 5266 2733 5319; x_wconf 71' lang='grc' dir='ltr'>υἱοὶ</span> <span class='ocrx_word' id='word_1_768' title='bbox 2765 5264 2859 5317; x_wconf 76' lang='grc' dir='ltr'>τοῦ</span> <span class='ocrx_word' id='word_1_769' title='bbox 2896 5261 3156 5331; x_wconf 77' lang='grc' dir='ltr'>βασιλέως</span> <span class='ocrx_word' id='word_1_770' title='bbox 3195 5261 3269 5333; x_wconf 82' lang='grc' dir='ltr'><strong>μὴ</strong></span> <span class='ocrx_word' id='word_1_771' title='bbox 3315 5259 3536 5343; x_wconf 81' lang='grc' dir='ltr'>βλέπειν</span> <span class='ocrx_word' id='word_1_772' title='bbox 3565 5275 3617 5309; x_wconf 85' lang='grc' dir='ltr'><strong>τι</strong></span> <span class='ocrx_word' id='word_1_773' title='bbox 3661 5255 3695 5325; x_wconf 80' lang='grc' dir='ltr'>ἢ</span> 
     </span>
    </p>
   </div>
   <div class='ocr_carea' id='block_1_110' title="bbox 2116 5350 3699 5439">
    <p class='ocr_par' dir='ltr' id='par_1_110' title="bbox 2116 5350 3699 5439">
     <span class='ocr_line' id='line_1_110' title="bbox 2116 5350 3699 5439; baseline -0.016 -17"><span class='ocrx_word' id='word_1_774' title='bbox 2116 5369 2408 5439; x_wconf 82' lang='grc' dir='ltr'>πρόσωπον</span> <span class='ocrx_word' id='word_1_775' title='bbox 2442 5362 2623 5432; x_wconf 85' lang='grc' dir='ltr'>μόνον,</span> <span class='ocrx_word' id='word_1_776' title='bbox 2651 5361 2678 5411; x_wconf 96' lang='lat'><strong>6</strong></span> <span class='ocrx_word' id='word_1_777' title='bbox 2705 5358 2762 5411; x_wconf 83' lang='grc' dir='ltr'><strong>δέ</strong></span> <span class='ocrx_word' id='word_1_778' title='bbox 2792 5353 3044 5425; x_wconf 78' lang='grc' dir='ltr'>γαμϐρὸς</span> <span class='ocrx_word' id='word_1_779' title='bbox 3066 5354 3481 5414; x_wconf 82' lang='grc' dir='ltr'>Κωνσταντῖνος</span> <span class='ocrx_word' id='word_1_780' title='bbox 3511 5350 3699 5415; x_wconf 76' lang='grc' dir='ltr'>ἔλεγεν</span> 
     </span>
    </p>
   </div>
   <div class='ocr_carea' id='block_1_111' title="bbox 2119 5438 3700 5530">
    <p class='ocr_par' dir='ltr' id='par_1_111' title="bbox 2119 5438 3700 5530">
     <span class='ocr_line' id='line_1_111' title="bbox 2119 5438 3700 5530; baseline -0.011 -20"><span class='ocrx_word' id='word_1_781' title='bbox 2119 5438 2337 5530; x_wconf 82' lang='grc' dir='ltr'>βλέπειν</span> <span class='ocrx_word' id='word_1_782' title='bbox 2390 5450 2701 5521; x_wconf 72' lang='grc' dir='ltr'>ὀφθαλμούς</span> <span class='ocrx_word' id='word_1_783' title='bbox 2737 5449 2831 5503; x_wconf 75' lang='grc' dir='ltr'><strong>καὶ</strong></span> <span class='ocrx_word' id='word_1_784' title='bbox 2887 5441 3023 5501; x_wconf 80' lang='grc' dir='ltr'>ὦτα.</span> <span class='ocrx_word' id='word_1_785' title='bbox 3067 5444 3210 5514; x_wconf 71' lang='grc' dir='ltr'>Πρὸς</span> <span class='ocrx_word' id='word_1_786' title='bbox 3235 5445 3329 5510; x_wconf 81' lang='grc' dir='ltr'><strong>οὒς</strong></span> <span class='ocrx_word' id='word_1_787' title='bbox 3357 5444 3449 5497; x_wconf 69' lang='grc' dir='ltr'><strong>καὶ</strong></span> <span class='ocrx_word' id='word_1_788' title='bbox 3485 5438 3638 5495; x_wconf 80' lang='grc' dir='ltr'>εἶπεν</span> <span class='ocrx_word' id='word_1_789' title='bbox 3670 5440 3700 5493; x_wconf 89' lang='lat'><strong>6</strong></span> 
     </span>
    </p>
   </div>
   <div class='ocr_carea' id='block_1_112' title="bbox 1710 5725 2401 5785">
    <p class='ocr_par' dir='ltr' id='par_1_112' title="bbox 1710 5725 2401 5785">
     <span class='ocr_line' id='line_1_112' title="bbox 1710 5725 2401 5785; baseline -0.004 -1"><span class='ocrx_word' id='word_1_790' title='bbox 1710 5727 1943 5784; x_wconf 66' lang='grc' dir='ltr'><strong>νΑῐῖῑίΕ</strong></span> <span class='ocrx_word' id='word_1_791' title='bbox 1990 5725 2401 5785; x_wconf 75' lang='lat' dir='ltr'><strong>LECTIONES.</strong></span> 
     </span>
    </p>
   </div>
   <div class='ocr_carea' id='block_1_113' title="bbox 509 5814 1027 5886">
    <p class='ocr_par' dir='ltr' id='par_1_113' title="bbox 509 5814 1027 5886">
     <span class='ocr_line' id='line_1_113' title="bbox 509 5814 1027 5886; baseline 0.014 -21"><span class='ocrx_word' id='word_1_792' title='bbox 509 5814 550 5845; x_wconf 77' lang='lat'>“</span> <span class='ocrx_word' id='word_1_793' title='bbox 580 5816 672 5868; x_wconf 79' lang='grc' dir='ltr'>τοῦ</span> <span class='ocrx_word' id='word_1_794' title='bbox 711 5818 973 5886; x_wconf 82' lang='grc' dir='ltr'>βασιλέως</span> <span class='ocrx_word' id='word_1_795' title='bbox 1003 5820 1027 5872; x_wconf 73' lang='grc' dir='ltr'><strong>ἳ</strong></span> 
     </span>
    </p>
   </div>
  </div>
