4124 6414
409 399 513 462 813

820 396 1186 456 ANNAIES.
1230 418 1300 430 --
1334 390 1748 452 CONS’I‘ANT.
1795 391 2174 452 l‘Olli’HYii.
2210 389 2305 449 ΕΤ
2348 372 2715 448 ROMANUS
2757 384 3217 444 LACAPENUS.

3581 376 3687 443 814

407 512 654 582 ἀοίδιμος
682 509 909 580 Σέργιο;
936 526 950 537 ·
993 508 1211 576 Καλῶς
1243 511 1565 580 ἀμφότεροι
1596 511 1805 565 εἴδετε.
1852 512 1916 563 Ui
1944 512 1999 563 δὲ

2104 525 2209 564 nus
2238 509 2432 564 videre
2458 522 2518 563 se
2545 506 2740 561 oculos
2767 512 2825 559 et
2871 520 3034 560 aures
3065 500 3375 557 allirmavit.
3409 501 3488 555 Ad
3543 516 3691 569 quos

408 604 723 673 ἀντέφησαν
750 619 764 631 ⁸
801 601 911 656 Καὶ
969 603 1027 655 τί
1069 603 1355 670 σημαίνει
1388 602 1654 657 ἑκάστου
1710 603 1928 657 τούτου
1957 604 1996 671 ἡ

405 696 696 764 διαφορά;
734 695 1059 766 Ἀπεκρίθη’
1087 696 1210 748 Οὐκ
1239 695 1376 764 ἐγὼ,
1405 697 1566 749 ἀλλὰ
1593 696 1769 750 Δαόὶδ
1803 700 1834 749 o'
1858 712 2000 763 προ-

405 789 603 857 φήτης
626 785 787 855 λέγει
809 802 822 816 ·
872 807 889 838 ι
935 788 1260 856 Ὀφθαλμοὶ
1316 790 1540 855 Κυρίου
1570 788 1669 841 ἐπὶ
1707 788 1997 853 δικαίους,

406 882 505 936 καὶ
532 878 653 936 ὦτα
678 881 864 936 αὐτοῦ
900 884 990 947 εἰς
1039 881 1258 948 δέησιν
1306 883 1527 947 αὐτῶν,
1566 888 1895 951 πρόσωπον
1931 882 2000 935 δὲ

407 972 629 1039 Ιίινρίου
658 972 759 1024 ἐπὶ
808 972 1131 1039 ποιοῦντας
1160 972 1242 1044 [Ρ.
1294 973 1423 1047 493]
1467 976 1621 1028 κακὰ
1652 975 1757 1027 τοῦ
1795 974 2001 1039 ἐξολο-

408 1067 654 1133 Ορεῦσαι
685 1066 755 1119 ἐκ
806 1066 922 1135 γῆς
972 1066 1040 1119 τὸ
1086 1070 1489 1136 μνημόσυνον
1537 1066 1753 1121 αὐτῶν,
1792 1087 1809 1118 ι
1866 1068 1999 1120 Τότε

407 1160 745 1221 ἀκούσαντες
766 1160 964 1212 ἐκεῖνοι
992 1160 1163 1230 θυμοῦ
1187 1160 1539 1231 ἐπλήσθησαν
1566 1162 1659 1214 καὶ
1684 1162 1805 1213 κατ’
1833 1160 1998 1215 αὐτοῦ

409 1248 782 1302 ἐϐουλεύοντο.
811 1248 975 1303 Ὅθεν
1004 1251 1069 1321 δὴ
1104 1252 1200 1304 καὶ
1250 1250 1345 1304 τοῦ
1382 1251 1649 1304 παλατὶου
1699 1252 1999 1317 κατάγουσι

410 1341 501 1394 τὸν
528 1340 740 1408 πατέρα
767 1342 949 1395 αὐτῶν
974 1344 1068 1396 καὶ
1098 1344 1158 1395 ὲν
1186 1346 1253 1414 τῇ
1282 1345 1433 1413 νήσῳ
1464 1342 2002 1413 ὲξορίζουσιν.Ἀλλὰ

406 1431 471 1503 δὴ
507 1434 598 1486 καὶ
645 1433 809 1486 πάλιν
842 1436 1004 1488 αὐτὸν
1053 1432 1199 1505 εἶχεν
1238 1436 1355 1490 ἐκεῖ
1387 1434 1668 1505 Ῥωμανὸς
1692 1436 1720 1487 6
1748 1434 2001 1505 βασιλεὺς

406 1526 518 1578 τῶν
546 1525 844 1598 συμφορῶν
881 1529 1231 1599 παραμύθιον
1265 1528 1360 1581 καὶ
1383 1527 1493 1581 τῶν
1524 1528 1763 1597 θλίψεων
1786 1528 2001 1580 ἀκεσώο

408 1619 565 1673 δυνον
593 1621 906 1691 φάρμακον.
940 1622 1114 1692 Συνῆν
1149 1621 1324 1692 τούτῳ
1355 1620 1450 1675 καὶ
1473 1620 1813 1683 Πολύευκτος
1850 1620 1880 1672 6
1911 1621 2001 1673 εὑ-

408 1712 742 1776 λαεέστατος
767 1715 1023 1784 μοναχδς,
1056 1715 1123 1767 τὰ
1173 1714 1360 1768 εἰκότα
1389 1712 1913 1786 παραμυθούμενος,
1942 1712 2002 1777 ὃς

407 1803 504 1856 τοῦ
536 1805 876 1877 πατριάρχου
928 1804 1311 1876 Θεοφυλάκτου
1374 1798 1800 1876 τελευτήσαντος
1834 1804 1998 1869 αὐτὸς

2100 602 2186 655 vir
2216 600 2440 655 inclitus
2485 597 2735 669 Sergius,
2762 596 2926 661 Bene,
2963 596 3166 665 inquit,
3203 595 3410 666 utrique
3463 594 3690 649 vidistis.

2101 694 2242 749 Tum
2275 693 2392 748 illi:
2432 691 2701 757 Quidnam
2742 707 2865 745 vero
2885 690 2984 743 sibi
3013 688 3122 743 vult
3169 689 3447 757 utriusque
3498 688 3691 741 discri-

2102 789 2262 843 men?
2320 786 2660 856 respondit:
2712 785 2831 839 Non
2895 801 3010 854 ego,
3075 783 3165 836 sed
3204 782 3373 835 David
3434 782 3695 851 propheta

2103 885 2179 937 ait
2205 884 2232 922 δ
2264 899 2279 935 :
2309 901 2327 934 ‹
2364 881 2516 936 Oculi
2561 880 2776 933 Domini
2799 895 2961 949 super
2990 879 3188 947 justas,
3212 884 3263 929 et
3286 892 3443 928 aures
3477 876 3591 944 ejus
3636 875 3693 926 in

2102 992 2278 1045 preces
2309 991 2530 1039 eorum;
2578 973 2753 1027 vultus
2785 980 2967 1026 autem
3002 967 3216 1023 Domini
3235 985 3397 1038 super
3442 968 3695 1036 facientes

2103 1068 2274 1130 mala,
2300 1077 2355 1120 ut
2383 1068 2571 1139 perdat
2612 1068 2677 1120 de
2729 1075 2873 1119 terra
2903 1065 3214 1118 memoriam
3242 1061 3401 1133 751
3432 1078 3633 1116 eorum.
3671 1082 3691 1110 ι

2102 1162 2222 1228 Quo
2243 1161 2433 1216 audito
2465 1161 2546 1215 ira
2584 1160 2799 1231 impleti
2858 1168 3007 1225 sunt,
3047 1158 3375 1227 inibantque
3426 1156 3697 1210 adversus

2104 1270 2231 1309 eum
2278 1254 2595 1309 consilium.
2648 1252 3023 1319 Quamobrem
3074 1251 3241 1305 etiam
3296 1258 3513 1319 patrem
3569 1247 3696 1303 aula

2108 1349 2429 1419 dejeceruut
2473 1348 2640 1418 inque
2692 1347 2931 1402 insulam
2986 1361 3114 1400 eum
3165 1344 3527 1414 relegarunt;
3582 1356 3695 1413 quo

2105 1440 2224 1509 ipso
2256 1439 2379 1493 loco
2430 1436 2711 1493 Romanus
2743 1437 3045 1507 imperator
3070 1450 3139 1490 eo
3197 1450 3392 1489 rursus
3438 1432 3694 1503 _tristium

2106 1546 2292 1586 rerum
2326 1544 2816 1597 mrumuarumque
2850 1528 3048 1584 solatio
3070 1526 3333 1582 utebatur
3367 1541 3429 1580 ac
3450 1524 3695 1579 leniente

2106 1624 2376 1679 remedio.
2427 1622 2547 1679 Una
2589 1637 2812 1693 quoque
2868 1620 3194 1675 versabatur
3247 1616 3697 1689 religiosissimus

2105 1714 2416 1769 monachus
2477 1715 2833 1786 Polyeuctus,
2898 1715 3017 1784 ipse
3074 1712 3283 1783 pariter
3336 1710 3695 1765 convenieuti

2104 1824 2271 1879 opera
2298 1809 2503 1865 solans.
2554 1809 2654 1864 llic
2688 1809 2977 1873 nimirum,
3010 1805 3425 1877 Theophylaeto
3456 1803 3697 1874 patriar-

409 1897 758 1967 πατριάρχης
788 1898 1413 1962 Κωνσταντινουπόλεως
1441 1899 1546 1953 ὑπὸ
1591 1898 1999 1952 Κωνσταντῐνου

2108 1902 2211 1958 cha
2240 1902 2385 1958 vivis
2425 1912 2703 1973 exempto,
2746 1902 3063 1973 patriarcha
3118 1892 3446 1971 cpolitanus
3481 1913 3511 1952 a
3539 1895 3693 1952 Con-

409 1987 504 2040 τοῦ
567 1986 834 2057 βασιλέως
886 1990 1321 2061 προχειρίζεται.
1372 1990 1741 2056 Εἰσοικίζεται
1791 1991 1849 2044 δὲ
1904 1990 2002 2044 καὶ

406 2075 566 2143 οὗτος
587 2082 736 2149 παρὰ
760 2081 989 2151 Σεργίου
1019 2082 1113 2135 τοῦ
1146 2084 1440 2154 εἰρημένου
1473 2081 1874 2137 εὐλαϐεστὰτου
1901 2100 2002 2154 μο-

408 2172 575 2241 νοιχοῦ
624 2173 892 2245 Ῥωμανῷ
918 2174 995 2245 τῷ
1027 2175 1239 2246 βασιλεῖ
1264 2175 1454 2246 τρόπῳ
1504 2174 1715 2245 τοιῷδε·
1754 2175 1860 2228 Τοῦ
1898 2192 2003 2228 πα-

409 2264 673 2335 τριάρχου
731 2264 1117 2336 Θεοφυλάκτου
1154 2267 1247 2321 τοῦ
1282 2268 1399 2320 υίοῦ
1454 2269 1620 2321 αὐτοῦ
1664 2267 2001 2338 συχνοτέρως

408 2358 714 2422 νοσοῦντος,
738 2359 1040 2428 παρεκάλει
1076 2359 1359 2430 Ῥωμανὸς
1385 2360 1476 2413 τὸν
1500 2360 1724 2431 Σέργιον
1748 2357 2002 2427 γενέσθαι

409 2451 776 2522 πιτριάρχην.
817 2452 876 2505 '0
919 2453 974 2505 δὲ
1016 2452 1126 2506 ἀπὸ
1150 2452 1331 2523 ψυχῆς
1385 2453 1545 2507 τοῦτο
1587 2454 2002 2524 ἀπαρνούμενος

408 2542 505 2592 ἐπὶ
537 2542 737 2604 πολλὰς
795 2542 1010 2614 ἡμέρας
1045 2545 1408 2613 ἠναγκάζετο.
1455 2544 1564 2597 Καί
1612 2546 1743 2597 ποτὲ
1794 2558 2000 2614 φησιν’

414 2636 589 2701 Ἥκω,
638 2634 927 2699 δέσποτα,
989 2639 1041 2689 εὶ
1091 2636 1309 2702 θέλεις,
1367 2636 1761 2706 πατριάρχην,
1813 2636 2003 2704 ἄνδρα

410 2724 641 2794 εὐλαϐῆ
671 2726 769 2778 καὶ
816 2728 1282 2796 γρησιμεύοντα,
1317 2726 1478 2779 ἀλλὰ
1507 2726 1636 2795 μὴν
1665 2727 1763 2780 καὶ
1804 2728 2004 2795 σοφὸν

410 2819 499 2883 είς
551 2818 667 2886 τὴν
725 2820 1009 2888 τοιαύτην
1054 2818 1255 2882 ἀξίαν.
1301 2818 1489 2884 ’0.δὲ,
1520 2821 1612 2884 Ἃς
1643 2817 1748 2871 ἴδω
1792 2818 1999 2873 αὐτόν.

416 2912 679 2981 Ἔρχεται
712 2913 849 2981 μετᾶ
898 2912 991 2965 τοῦ
1046 2911 1274 2984 Σεργίου
1316 2912 1411 2965 καὶ
1436 2915 1464 2965 6
1499 2911 1873 2973 Πολύευκτοςο
1911 2914 2003 2964 καὶ

411 3002 487 3065 ὡς
513 3002 763 3073 εἰσῆλθον
793 3004 1092 3075 ἀμφότεροι
1125 3006 1206 3067 εἰς
1243 3005 1333 3058 τὸν
1370 3004 1613 3075 βασιλέα,
1645 3006 1806 3067 αὐτὸς
1843 3004 1943 3074 μὲν
1975 3007 2003 3058 6

414 3096 669 3164 βασιλεὺς
693 3092 984 3158 καθέζεται
1020 3096 1113 3149 ὲπί
1148 3096 1245 3164 τῆς
1280 3096 1491 3165 κλίνης,
1525 3095 1920 3162 συγκαθέζεται
1946 3097 2002 3150 δὲ

412 3188 562 3259 αὐτῷ
596 3189 689 3242 καὶ
723 3191 750 3241 ὁ
784 3190 1009 3259 Σέργιος
1030 3204 1044 3218 θ
1071 3187 1163 3242 τὸν
1184 3189 1238 3241 δὲ
1270 3188 1612 3241 Πολύευκτον
1652 3190 1733 3251 είς
1759 3189 2000 3258 σκὰμνον

412 3280 693 3338 ἐκάθισαν.
738 3282 950 3354 Ἐρωτᾷ
971 3282 999 3335 6
1029 3280 1284 3351 βασιλεὺς
1334 3283 1605 3355 χρήσιμόν
1634 3301 1686 3337 τι
1718 3284 1997 3354 Γραφικδν

411 3374 493 3445 τῷ
524 3374 866 3445 Πολυεύκτῳ,
924 3376 1143 3429 σκοπῶν
1172 3376 1267 3428 ἐπὶ
1300 3375 1360 3428 τὸ
1401 3376 1633 3429 ἀκοῦσαι
1669 3376 1853 3439 ποτῶς
1898 3377 1997 3444 τὴν

411 3468 608 3522 λαλιὰν
638 3457 828 3533 αὑτοῦ,
863 3469 938 3534 ὡς
964 3469 1085 3534 ἔθος
1116 3473 1229 3534 τοῖς
1255 3469 1587 3542 ἀνθρώποις.
1624 3470 1682 3524 '0
1704 3471 1777 3539 ζδὲ
1806 3470 1996 3537 ὀξύθυ-

418 3579 517 3632 μος
548 3562 625 3615 ὢν
675 3562 970 3634 αὐστηρῶς
1020 3580 1139 3626 πως
1185 3567 1279 3617 καὶ
1307 3565 1693 3634 ἀποφαντικῶς
1722 3564 1996 3634 ἀπεκρίθη

412 3655 642 3726 τραχείᾳ
674 3659 739 3728 τῇ
774 3660 926 3728 φωνῇ
953 3672 967 3687 ο
1032 3660 1085 3710 Ὀ
1116 3654 1507 3724 καθεζόμενος
1554 3657 1705 3725 μετὰ
1744 3654 1855 3721 τῆς
1880 3655 1997 3719 ,βα-

412 3746 647 3813 σιλείας
668 3765 786 3801 σου
808 3750 880 3801 ἐν
906 3746 983 3817 τῇ
1001 3750 1183 3817 κλίνῃ
1211 3766 1328 3802 σου
1347 3748 1775 3818 ἐρμηνευσάτω
1791 3748 1995 3813 αὐτός.

418 3839 523 3892 Καὶ
549 3842 575 3892 6
602 3840 701 3910 μὲν
731 3840 982 3910 βασιλεὺς
1009 3841 1169 3905 εὐθὺς
1203 3842 1293 3893 τὸν
1322 3841 1482 3909 λόγον
1511 3843 1586 3906 ὡς
1617 3843 1813 3911 φθόνου
1845 3842 1998 3911 βέλος

426 3931 555 4005 ὲντῇ
580 3934 779 4006 καρδία
801 3935 1091 4006 δεξάμενος
1112 3952 1125 3965 ·
1156 3936 1185 3989 6
1220 3936 1277 3988 δὲ
1322 3935 1635 4006 μακαρίτης
1660 3937 1885 4007 Σέργιος
1919 3935 1999 4006 τῷ

421 4028 627 4097 quam;
682 4029 989 4098 φρονήματι
1043 4029 1135 4081 τὸν
1189 4029 1346 4096 λόγον
1402 4028 1757 4097 ὑπαμὸλῠναι
1828 4030 1999 4082 θέλων

415 4120 594 4189 ῥίπτει
627 4122 818 4174 ἑαυτὸν
843 4124 918 4183 εἰς
958 4124 1082 4199 τοὺς
1113 4124 1279 4185 πόδας
1315 4121 1676 4187 Πολυεύκτου,
1714 4122 1842 4184 καὶ,
1883 4118 1997 4177 Εὗ-

413 4211 510 4273 ξαι
544 4213 696 4281 ὑπὲρ
752 4215 918 4282 ἐμοῦ.
974 4216 1162 4283 πάτερ
1195 4214 1343 4282 ἅγιε,
1374 4215 1543 4282 λέγει,
1581 4214 1670 4266 ὅτι
1704 4215 2001 4279 τοσαύτας

416 4305 641 4374 ἡμέρας
668 4305 943 4360 ἀτακτῶν
965 4310 1077 4360 οὐκ
1101 4308 1478 4377 ᾐσθανόμην.
1510 4306 1615 4358 Τοῦ
1648 4306 1704 4359 δὲ
1736 4305 2001 4376 βασιλέως

416 4398 749 4468 πυθομένου·
768 4399 871 4453 Διὰ
891 4401 946 4453 τί
970 4401 1159 4465 οὕτως
1176 4401 1471 4469 ἐποίησας
1495 4418 1512 4465 ;
1532 4402 1656 4470 ἔφη,
1679 4400 1796 4454 Ὅτι
1815 4401 2002 4465 οὕτως

416 4491 643 4558 ὀφείλει
662 4492 856 4545 ποιεῖν
896 4496 927 4546 ό
956 4492 1417 4562 προϊστάμενος,
1445 4495 1540 4548 καὶ
1571 4493 1841 4563 μάλιστα
1880 4495 2003 4545 Ἐκ-

2104 1995 2352 2051 stantino
2404 1995 2740 2066 imperatore
2790 1994 3112 2064 praeﬁcitur.
3173 1992 3317 2059 Quin
3349 1990 3440 2045 hic
3472 2002 3696 2061 quoque

2105 2104 2134 2141 a
2162 2089 2378 2159 Sergio,
2409 2103 2575 2158 quem
2619 2088 2895 2151 dicebam,
2944 2085 3361 2157 religiosissimo
3395 2082 3694 2145 monacho,

2102 2196 2203 2249 per
2238 2181 2388 2236 hunc
2414 2180 2639 2236 modum
2670 2180 2921 2235 Romano
2977 2176 3303 2248 imperatori
3356 2174 3697 2229 insinuatur.

2105 2272 2514 2343 Theophylacto
2542 2272 2775 2326 Romani
2802 2271 2914 2325 ﬁlio
2934 2270 3189 2325 crebrius
3205 2267 3492 2322 laborante
3520 2280 3696 2334 σιεινο-

2104 2380 2215 2434 que
2268 2363 2438 2418 nimis
2488 2364 2829 2425 valetudine,
2888 2361 3117 2431 rogabat
3177 2359 3270 2413 ille
3324 2356 3577 2428 Sergium
3636 2368 3699 2413 ut

2106 2457 2437 2528 patriarchas
2469 2472 2672 2510 munus
2694 2456 2882 2510 iniret.
2916 2454 3018 2508 Illo
3045 2462 3233 2509 tamen
3262 2459 3489 2505 strenue
3516 2463 3696 2517 exque

2106 2549 2293 2604 animo
2324 2557 2642 2612 recusante,
2672 2548 2741 2602 ad
2762 2547 2971 2602 multos
3005 2545 3126 2601 dies
3170 2544 3293 2614 ejus
3320 2548 3530 2596 tentata
3564 2554 3705 2603 cou-L

2106 2643 2308 2697 stantia
2356 2650 2460 2697 est.
2497 2642 2697 2711 Aitque
2736 2639 2955 2695 tandem
3005 2656 3021 2693 :
3060 2637 3122 2694 Si
3160 2636 3354 2708 placet,
3380 2635 3695 2703 imperator,

2106 2736 2467 2805 patriarcham
2492 2735 2674 2799 habeo,
2710 2734 2882 2788 virum
2905 2731 3209 2803 religiosum
3236 2728 3692 2798 commodumque,

2104 2827 2196 2881 sed
2245 2835 2293 2880 et
2327 2827 2593 2897 sapientia
2626 2825 2935 2896 pollentem,
2989 2830 3197 2894 quanta
3237 2838 3303 2875 ex
3348 2820 3487 2875 sedis
3535 2819 3694 2884 huius

2108 2920 2402 2973 rationibus
2444 2927 2539 2971 est.
2591 2918 2691 2971 Cui
2724 2918 3010 2973 Romanus
3046 2934 3059 2970 :
3095 2914 3286 2981 Qumo
3317 2921 3388 2973 te.
3428 2910 3696 2966 hominem

2106 3012 2331 3065 videam.
2362 3011 2524 3065 Venit
2570 3012 2756 3080 itaque
2806 3024 2933 3065 cum
2990 3007 3181 3078 Sergio
3228 3013 3286 3061 et
3339 3004 3692 3075 Polyeuctus;

2106 3118 2346 3173 cumque
2397 3103 2562 3158 ambo
2617 3102 2686 3157 ad
2744 3101 3137 3171 imperatorem
3197 3096 3430 3169 ingressi
3480 3102 3692 3156 essent,

2109 3197 2225 3265 ipse
2260 3195 2483 3266 quidem
2508 3195 2816 3266 imperator
2840 3194 2895 3248 in
2923 3191 3130 3249 lectulo
3156 3191 3322 3256 sedit,
3356 3189 3698 3260 Sergiusque

2107 3303 2214 3342 una
2246 3303 2373 3343 cum
2402 3288 2497 3343 illo
2527 3286 2801 3343 consedit.
2835 3285 3171 3357 Polyeuetus
3196 3282 3251 3337 in
3273 3282 3516 3338 scabello
3538 3294 3695 3336 seor-

2100 3392 2223 3431 sum
2255 3378 2451 3433 sedere
2485 3378 2697 3448 jussus.
2726 3375 2867 3431 Tum
2903 3383 3062 3449 rogat
3106 3375 3408 3444 imperator
3440 3386 3696 3427 commo-

2100 3468 2230 3523 dum
2266 3469 2475 3539 aliquid
2505 3484 2572 3523 ex
2609 3468 2915 3538 Scriptura,
2956 3482 3025 3523 eo
3075 3473 3329 3536 spectans
3382 3472 3441 3518 ut
3487 3469 3695 3533 quanta

2099 3563 2221 3633 eius
2284 3561 2507 3617 dicendi
2556 3561 2792 3617 facultas
2847 3564 2935 3616 vel
2957 3575 3152 3631 parum
3184 3558 3376 3615 auditu
3409 3557 3694 3626 experire-

2101 3664 2213 3720 tur,
2250 3655 2331 3711 uti
2362 3654 2480 3710 fere
2513 3654 2800 3710 hominum
2836 3654 3089 3709 moribus
3148 3660 3533 3722 comparatum
3584 3657 3691 3703 est.

2101 3751 2239 3805 Tum
2266 3750 2358 3803 ille
2393 3749 2473 3804 ira
2503 3748 2661 3804 velox
2696 3757 2919 3803 austere
2974 3742 3390 3816 quodammodo
3436 3757 3502 3796 ac
3535 3755 3692 3797 reso-

2102 3846 2215 3899 lute
2250 3858 2386 3898 voce
2414 3857 2608 3912 aspera
2636 3858 2651 3897 :
2686 3841 2786 3905 Qui
2814 3848 2984 3893 tecum
3017 3840 3073 3891 in
3108 3836 3301 3891 lectulo
3330 3836 3496 3902 sedet,
3526 3835 3711 3903 ἔπερσε

2103 3947 2273 4001 rator,
2309 3937 2353 3989 is
2384 3937 2782 4005 interpretetur.
2819 3931 2983 4007 752
3009 3930 3087 3985 Ac
3113 3929 3338 3999 quidem
3391 3927 3696 3997 imperator

2104 4049 2204 4087 ceu
2246 4029 2466 4085 invidiae
2486 4029 2754 4100 iaculum,
2804 4024 2952 4095 quod
2982 4025 3063 4078 sic
3099 4022 3189 4077 ille
3216 4022 3437 4076 locutus
3460 4028 3602 4080 erat,
3636 4017 3695 4072 in

2104 4124 2271 4179 corde
2300 4122 2533 4191 accepit.
2568 4120 2747 4174 Beata:
2771 4132 2904 4173 vero
2946 4114 3225 4169 memoria:
3255 4112 3501 4181 Sergius,
3530 4118 3698 4165 natu-

2106 4218 2203 4271 rali
2235 4216 2463 4273 solertia
2490 4212 2970 4280 humanitatisque
3001 4223 3165 4263 sensu
3192 4206 3408 4262 mollire
3436 4215 3693 4274 satagens

2104 4310 2251 4379 quod
2284 4310 2357 4364 ita
2382 4307 2683 4370 exciderat,
2710 4304 2776 4361 ad
2826 4302 3109 4374 Poiyeucti
3160 4316 3219 4355 se
3263 4296 3432 4371 pedes
3476 4295 3692 4367 abjicit.

2104 4402 2290 4471 aitque
2338 4400 2497 4455 :Ora
2525 4416 2621 4469 pro
2683 4415 2787 4463 ine,
2845 4395 3010 4451 Pater
3060 4402 3261 4457 sancte,
3308 4390 3446 4461 quod
3506 4387 3694 4442 tandiu

2104 4496 2462 4565 incompositis
2492 4494 2724 4547 moribus
2754 4508 2836 4545 me
2860 4491 2968 4561 ipse
2997 4506 3099 4543 non
3128 4486 3365 4556 cognovi.
3392 4484 3693 4539 Perconta-

412 4576 696 4651 πλησίας,
732 4585 828 4637 καὶ
856 4585 941 4653 μὴ
973 4586 1123 4639 κατὰ
1144 4576 1676 4654 ⁸,τιξροοίιικττοληψίαν
1710 4604 1763 4639 τι
1781 4584 1998 4640 ποιεῖν.

2109 4594 2199 4640 tur
2224 4587 2525 4654 imperator
2552 4602 2651 4640 cur
2696 4586 2769 4638 ita
2800 4599 2860 4637 se
2899 4582 3156 4653 gesserit.
3209 4580 3290 4635 Ad
3343 4592 3509 4647 quem
3549 4575 3639 4630 ille
3676 4592 3691 4627 :

419 4676 647 4727 Ἐκτοτε
691 4675 784 4727 οὖν
816 4677 916 4729 οὐκ
954 4676 1181 4745 ἐπείσθη
1236 4678 1294 4729 ὲν
1324 4678 1389 4747 τῇ
1421 4676 1580 4745 κλίνῃ
1607 4674 1700 4727 τοῦ
1732 4674 1996 4745 βασιλέως

411 4768 474 4820 τὸ
508 4768 729 4821 σύνολον
761 4768 1117 4839 καθεσθῆναι.

2109 4677 2263 4743 Quod
2296 4680 2340 4731 is
2367 4679 2456 4748 qui
2505 4687 2716 4747 praest,
2756 4692 2812 4729 se
2845 4679 2921 4729 ita
2959 4692 3140 4746 gerere
3165 4673 3347 4748 debet,
3379 4687 3444 4724 ac
3471 4684 3698 4741 prmer-

2106 4773 2201 4825 tim
2246 4771 2336 4841 qui
2389 4768 2639 4823 Ecclesia:
2686 4769 3000 4837 pratpositus
3054 4778 3169 4833 est;
3222 4746 3347 4820 non,
3391 4762 3694 4833 acceptione

409 4877 762 4929 personarum
787 4861 989 4931 aliquid
1012 4878 1190 4932 agere.
1218 4862 1409 4932 Exque
1449 4876 1516 4915 eo
1549 4868 1799 4932 tempore
1848 4876 2134 4931 nunquam
2165 4857 2391 4933 Sergius
2448 4860 2650 4915 adduci
2717 4859 2900 4930 potuit
2969 4865 3032 4912 ut
3100 4858 3157 4912 in
3210 4855 3560 4927 imperatoris
3610 4853 3695 4907 le-

408 4955 564 5012 ctulo
595 4954 835 5009 sederet.

484 5045 586 5115 νγ’.
619 5047 892 5115 Στέφανος
922 5048 1102 5099 τοίνυν
1127 5048 1155 5099 ὁ
1184 5047 1301 5110 υίὸς
1360 5045 1642 5115 Ῥωμανοῦ
1683 5046 1999 5108 ἐπαναστὰς

409 5137 492 5207 τῷ
526 5139 717 5205 πατρὶ,
742 5136 1068 5205 συμὸούλοις
1098 5153 1157 5189 τε
1189 5136 1537 5207 χρησάμενος
1568 5134 1645 5205 τῷ
1676 5152 1736 5189 τε
1760 5134 1869 5189 ἀπὸ
1904 5152 1999 5206 μοι

410 5232 595 5302 ναχῶν
626 5230 895 5302 Μαριανῷ
930 5230 1024 5284 καὶ
1051 5230 1317 5299 Βασιλείῳ
1336 5229 1419 5302 [Ρ.
1455 5228 1582 5300 494]
1615 5229 1693 5299 τῷ
1720 5227 2000 5297 λεγομένῳ

414 5322 657 5393 Πετεινῷ
683 5323 775 5375 καὶ
797 5321 1056 5391 Μανουὴλ
1074 5320 1152 5389 τῷ
1174 5322 1478 5391 Κουρτίκῃ,
1506 5319 1824 5373 συνειδὸτων
1849 5317 2000 5388 αὐτῷ

412 5414 511 5467 καὶ
559 5415 667 5467 τῶν
717 5413 922 5465 λοιπῶν
970 5402 1254 5481 βασιλέων,
1296 5412 1421 5466 ἐπεὶ
1475 5411 1672 5480 μακρῷ
1718 5412 1863 5482 γήρᾳ
1903 5411 1999 5463 καὶ

411 5505 559 5575 νόσῳ
609 5505 945 5576 τρυχόμενον
998 5501 1161 5564 εἶδεν,
1188 5503 1284 5556 καὶ
1328 5504 1395 5556 τὰ
1420 5504 1521 5572 τῆς
1558 5502 1837 5572 βασιλείας
1860 5502 2001 5555 κατὰ

410 5596 683 5665 διαθήκας
722 5595 1255 5666 ἁπακριὸωσὰμενον
1287 5592 1403 5665 (καὶ
1426 5594 1639 5649 ἄνακτα
1660 5594 1877 5663 πρῶτον
1904 5592 1997 5646 τὸν

415 5686 935 5761 Πορφυρογέννητον
974 5689 1385 5743 Κωνσταντῖνον
1439 5686 1873 5757 προσδιωρίσατο
1901 5688 1995 5741 καὶ

498 5866 530 5909 δ
567 5866 715 5923 Psal.
742 5882 939 5933 xum,
967 5866 1057 5921 16.

2178 5042 2266 5095 55.
2322 5040 2638 5110 Stephanus
2676 5038 2844 5109 igitur
2894 5035 3126 5092 Romani
3182 5035 3327 5089 ﬁlius
3381 5037 3435 5090 in
3478 5042 3692 5105 patrem

2110 5136 2430 5203 insurgens,
2464 5131 2844 5200 adhibitisque
2878 5130 2935 5184 in
2987 5127 3283 5184 consilium
3319 5128 3564 5182 Mariano
3600 5143 3694 5183 ex-

2110 5225 2383 5279 monacho
2413 5233 2469 5280 et
2519 5222 2724 5279 Basilio
2780 5227 3145 5291 cognomento
3198 5218 3412 5284 Petino,
3474 5234 3711 5276 necnon

2109 5316 2360 5371 Manuele
2395 5315 2642 5381 Curtiee,
2667 5312 2908 5369 consciis
2939 5310 3107 5367 etiam
3143 5310 3375 5379 reliquis
3404 5310 3697 5380 Augustis.

2108 5408 2254 5477 quod
2297 5408 2449 5479 gravi
2480 5408 2674 5462 morbo
2706 5421 2771 5460 ac
2799 5405 2955 5461 senio
2992 5403 3255 5459 detritum
3289 5416 3416 5457 eum
3453 5403 3698 5458 videret.

2113 5516 2178 5555 ac
2203 5502 2296 5569 qui
2336 5500 2657 5576 testamenti
2711 5497 2917 5553 tabulis
2950 5511 3038 5551 res
3084 5493 3300 5565 imperii
3355 5493 3695 5556 ordinasset,

2110 5593 2463 5663 primumque
2494 5593 2885 5663 imperatorem
2919 5587 3344 5646 Constantinum
3374 5583 3698 5655 P0rphyro~

2111 5694 2409 5759 gennetum
2443 5687 2751 5752 statuisset,
2781 5695 3008 5756 tumque
3051 5685 3313 5753 deinceps
3366 5679 3509 5735 tilias
3558 5692 3689 5737 suos
