4124 6420
453 388 562 463 815

1684 395 1768 454 SY
1776 395 1827 453 Μ
1839 393 1980 454 EON
1992 394 2060 451 IS
2107 393 2160 451 Μ
2169 394 2260 451 ΑΒ
2273 393 2391 451 [ST
2401 394 2480 450 ιιι

3612 398 3721 462 διο

453 509 702 568 secundo
725 525 788 564 ac
817 510 979 565 tertio
1006 508 1203 562 ordine
1231 507 1591 578 imperatores
1612 508 1728 562 fore
1750 508 2027 562 decrevis-

2144 507 2371 575 καθεξῆς
2420 507 2480 557 ὲν
2517 505 2759 576 δευτέρῳ
2807 506 2898 559 καὶ
2949 506 3118 578 τρίτῳ
3148 525 3270 571 τους
3302 509 3492 561 τούτου
3529 512 3722 572 υἱοὺς).

453 609 560 667 set,
586 600 972 670 expressisque
1009 599 1075 652 ad
1111 615 1208 653 eos
1241 599 1428 653 verbis
1452 598 1725 653 sanxisset
1751 607 1914 667 atque
1947 599 2039 651 tir-

454 700 678 758 masset,
743 693 791 748 si
841 691 974 761 quid
1025 692 1290 746 adversus
1349 691 1590 761 primum
1648 691 2038 761 imperatorem

453 785 786 840 oll'cnderint
815 801 881 839 ac
930 786 1271 855 majestatem
1338 783 1694 844 violaverim,
1744 782 2038 838 confestim

456 877 689 946 imperio
719 876 1060 932 abdicandus
1093 892 1234 939 esse,
1281 877 1420 929 male
1447 876 1571 929 aula
1610 876 1898 930 detrusum
1956 877 2040 930 in-

453 980 561 1032 que
586 965 790 1018 Proteu
817 964 1050 1018 insulam
1089 964 1386 1034 relegatum
1446 964 1702 1019 monachi
1730 965 1840 1018 ritu
1872 980 2040 1020 cassa-

456 1057 536 1111 rie
571 1055 847 1111 multavit.

634 1193 920 1266 Imperium
955 1193 1286 1247 Constantini
1340 1193 1849 1264 Porphyrogcnm'ti.

468 1373 471 1382 '
525 1370 687 1442 753
720 1373 768 1425 t.
795 1370 1280 1440 lmpcratorigitur
1304 1369 1422 1441 ejus
1454 1386 1620 1440 gener
1647 1370 2040 1426 Constantinus

457 1463 680 1518 relictus
706 1471 809 1525 est,
838 1462 1040 1516 mensis
1076 1462 1394 1517 Decembris
1418 1463 1704 1532 vigesimo,
1735 1463 2038 1520 indictione

459 1555 640 1618 tertia,
680 1570 824 1608 anno
855 1554 1014 1609 6454.
1067 1554 1121 1608 ls
1167 1554 1350 1609 statim
1383 1554 1614 1609 Bardam
1647 1555 1885 1610 Phocum
1923 1573 2038 1610 ma-

455 1647 685 1717 gistrum
717 1654 772 1699 et
815 1645 1132 1700 scholarum
1163 1643 1528 1698 domesticum
1564 1655 1736 1708 creat,
1771 1645 2040 1700 Constan-

457 1739 633 1792 tinum
693 1752 825 1790 vero
887 1736 1164 1808 navalium
1207 1737 1489 1806 copiarum
1551 1737 1771 1800 ducem,
1824 1753 2038 1792 necnon

2142 597 2397 670 καὶπρὸς
2423 599 2619 660 αὐτοὺς
2667 598 2846 666 ῥητῶς
2895 600 3423 670 ὲξασφαλισάμενον,
3452 603 3526 665 ὡς
3567 605 3724 674 εἴπερ

2141 690 2218 760 τῷ
2249 690 2451 762 πρώτῳ
2485 691 2699 760 βασιλεῖ
2748 693 2890 746 κατά
2917 711 2966 745 τι
3003 693 3313 759 πταίσειαν,
3346 694 3724 765 καθαιρεῖσθαι

2145 785 2455 852 παραυτίκα
2477 786 2574 852 τῆς
2598 783 2897 850 βασιλείας,
2923 786 3111 838 τοῦτον
3132 784 3227 837 τοῦ
3253 785 3513 838 παλατίου
3541 789 3725 850 κακῶς

2143 874 2458 944 κατήγαγεν
2481 876 2578 927 καὶ
2609 878 2665 926 ἐν
2691 879 2755 944 τῇ
2789 875 2987 949 Πρώτη
3019 879 3166 948 νήσῳ
3216 877 3467 949 ὲξορίσας
3498 879 3726 930 ἀπέκει-

2146 981 2237 1032 ρεν
2271 965 2524 1033 μοναχόν.

2085 1184 2100 1192 κ
2148 1192 2587 1257 Αὐτοκρατοριά
2610 1192 3192 1244 Κώνσταντίνουτοῦ
3225 1190 3725 1258 Πορφυρργει-νή-

2853 1279 2958 1314 του
2969 1302 2980 1314 .

2216 1383 2282 1430 α’.
2332 1375 2662 1446 ’Υπελείφθη
2721 1371 2812 1429 οὖν
2863 1376 3224 1445 αὐτοκράτωρ
3261 1377 3725 1438 Κωνσταντῖηοςὸ

2141 1469 2332 1522 τούτου
2365 1467 2634 1538 γαμϐρὸς,
2664 1468 2794 1537 μηνὶ
2824 1467 3146 1538 Δεκεμϐρίῳ
3193 1474 3260 1532 κ’,
3297 1467 3621 1530 ἰνδικτιῶνος
3651 1465 3717 1534 γ’,

2143 1564 2200 1615 ὲν
2256 1561 2364 1614 ἔτει
2415 1563 2602 1626 ,ςυνδ’.
2641 1564 2735 1625 Ὀς
2772 1563 3088 1632 παραυτίκα
3141 1563 3352 1631 Βάρδαν
3404 1563 3494 1614 τὸν
3529 1563 3721 1614 Φωκᾶν

2145 1655 2446 1724 μάγιστρον
2479 1655 2580 1707 -καὶ
2620 1653 2941 1724 δομέστικον
2976 1654 3083 1706 τῶν
3138 1655 3343 1724 σχολῶν
3385 1653 3727 1724 προχειρίζε-

2141 1767 2252 1811 ται,
2310 1749 2404 1801 καὶ
2465 1749 2876 1800 Κωνσταντῖνον
2941 1750 3248 1816 ναυμαχίας
3304 1749 3569 1816 ἡγήτορα,
3635 1747 3728 1798 καὶ

456 1825 714 1882 tribunos
765 1825 916 1880 viros
967 1825 1235 1895 quosdam
1284 1835 1543 1881 strenuos
1593 1843 1656 1881 ac
1714 1827 2032 1882 industrios.

2146 1842 2509 1912 στρατιάρχας
2536 1841 2688 1903 τινάς
2724 1840 2830 1893 τῶν
2888 1841 3221 1910 εὐχρήστων.
3251 1840 3352 1892 Τὸν
3380 1840 3434 1892 δὲ
3475 1841 3726 1893 Πετεινὶν

455 1917 710 1971 Petinum
742 1917 1034 1986 patricium
1070 1932 1134 1971 ac
1158 1917 1417 1971 comitem
1455 1918 1660 1972 stabuli
1714 1919 1862 1983 fecit,
1895 1917 2036 1973 Cur-

455 2006 618 2061 ticem
654 2006 948 2076 patricium
981 2017 1039 2062 et
1063 2007 1423 2060 excubiarum
1451 2007 1811 2074 drungarium
1841 2026 1855 2074 ;
1899 2024 2038 2077 quos

455 2095 612 2149 brevi
633 2095 819 2150 divina
860 2096 1110 2150 insecuta
1139 2095 1278 2149 ultio
1307 2106 1412 2161 est,
1447 2105 1507 2152 ut
1540 2097 1635 2166 qui
1679 2113 1736 2152 se
1769 2089 1834 2151 in
1887 2099 2037 2152 cbri«

455 2195 601 2242 stum
684 2187 900 2242 Domini
972 2187 1244 2242 scelerate
1319 2187 1644 2258 gessissent.
1740 2187 2040 2258 Majestatis

455 2295 690 2350 namque
723 2281 802 2334 rei
837 2279 1173 2350 deprehensi
1209 2280 1410 2335 misera
1458 2290 1636 2336 morte
1670 2281 1840 2335 vitam
1873 2281 2038 2336 ambo

456 2372 818 2442 abruperunt.

523 2461 575 2514 2.
609 2461 984 2533 Quadraginta
1015 2477 1149 2517 vero
1169 2461 1387 2517 dierum
1419 2473 1614 2518 exacto
1660 2465 1862 2534 spatio,
1894 2464 2038 2520 Con-

449 2555 735 2614 stantinus
762 2555 1330 2626 Porphyrogennetus
1368 2565 1655 2626 suspectos
1678 2557 1887 2612 habens
1917 2557 2040 2613 Ste-

457 2647 703 2717 phanum
729 2647 1229 2703 etConstanttnum
1261 2646 1484 2715 fratres,
1526 2664 1595 2703 ne
1629 2649 1681 2703 in
1711 2665 1770 2704 se
1794 2665 2036 2720 quoque,

457 2738 537 2793 uti
565 2754 664 2808 par
694 2749 800 2804 est,
838 2740 969 2794 talia
1007 2739 1360 2805 molirentur,
1392 2749 1455 2795 ut
1494 2741 1589 2811 qui
1623 2743 1763 2811 patri
1799 2757 1910 2796 non
1940 2757 2040 2812 pe-

456 2831 790 2901 percissent,
828 2847 931 2888 nec
958 2832 1064 2887 sibi
1095 2843 1283 2888 essent
1321 2834 1613 2903 parcituri.
1650 2834 1822 2888 Aiunt
1865 2835 2036 2900 enim,

457 2923 560 2993 (ex
589 2922 951 2992 Menandro),
976 2921 1341 2994 Corrumpunt
1373 2923 1534 2977 bonos
1571 2941 1740 2978 mores
1771 2923 2039 2994 colloquia

456 3025 625 3084 prava
651 3025 698 3069 ο.
725 3013 864 3081 Quid
889 3015 1057 3086 igitur
1075 3015 1354 3085 germanis
1377 3015 1478 3070 ﬁt?
1498 3015 1766 3071 Convivio
1784 3025 2042 3086 acceptos

457 3105 713 3176 lautaque
739 3108 1050 3177 epulantes,
1076 3123 1202 3162 cum
1240 3107 1424 3162 adhuc
1451 3107 1609 3164 cibos
1634 3123 1744 3162 non
1777 3107 2043 3178 deglutis-

456 3207 600 3264 sent,
633 3200 728 3269 qui
775 3201 831 3253 in
859 3199 965 3254 boc
992 3201 1167 3269 parati
1199 3209 1383 3266 erant,
1417 3200 1680 3270 abreptos
1717 3207 1774 3255 et
1795 3200 2040 3255 clericali
2068 3207 2110 3263 ο

453 3295 665 3350 militia:
689 3296 960 3365 ascriptos
985 3293 1040 3348 in
1072 3295 1280 3349 insulas
1304 3294 1454 3348 haud
1494 3295 1656 3365 longe
1690 3294 1899 3364 positas
1935 3294 2034 3349 de-

456 3384 836 3459 portaverunt.
873 3387 1144 3456 Brevlque
1176 3397 1300 3456 post
1321 3396 1534 3456 patrem
1583 3403 1767 3452 suum,
1794 3387 1888 3456 qui
1916 3401 2037 3441 mo-

456 3483 670 3538 nachus
712 3489 882 3545 esset,
933 3480 1114 3535 visere
1147 3480 1454 3550 petierunt,
1502 3480 1831 3536 intolerabili
1884 3481 2037 3535 luctu

456 3589 526 3630 ex
571 3582 795 3643 aspectu
827 3571 1032 3627 allecti.
1067 3571 1336 3626 Similiter
1385 3571 1553 3625 etiam
1614 3581 1770 3642 pater
1824 3573 2039 3643 eiulans

457 3667 527 3725 ad
559 3683 656 3723 eos
679 3669 800 3721 ait:
841 3664 1002 3719 Filios
1067 3665 1226 3734 genui
1268 3671 1318 3716 et
1376 3663 1648 3728 exaltant;
1708 3665 1809 3733 ipsi
1859 3673 2038 3716 autem

457 3767 769 3833 spreverunt
794 3773 875 3812 me
896 3756 944 3810 ἀ.
976 3756 1189 3812 Exinde
1239 3755 1466 3825 relegati
1520 3764 1672 3819 sunt,
1726 3755 2039 3825 Stephanus

457 3851 685 3923 quidem
721 3851 776 3904 in
806 3850 1220 3914 Praeconesum,
1261 3847 1465 3902 deinde
1516 3848 1795 3913 Rhodum,
1845 3860 2035 3919 postea

458 3945 514 3998 in
542 3941 877 4012 Mitylenem-,
904 3937 1300 3995 Constantinus
1322 3935 1486 4012 754¹
1501 3954 1632 3993 vero
1649 3939 1705 3993 in
1730 3939 2036 4006 Tenedum,

457 4036 587 4090 inde
619 4036 676 4089 in
709 4033 1172 4093 Samothraciam,
1211 4033 1302 4087 ubi
1333 4031 1499 4086 etiam
1549 4031 1897 4103 tyrannidem
1925 4049 2039 4087 mo-

458 4127 602 4183 liens
631 4143 663 4180 a
703 4117 1029 4180 custodibus
1079 4134 1331 4179 necatur.
1384 4125 1612 4178 Michael
1653 4125 2040 4195 ChristOphori

458 4217 814 4289 imperatoris
855 4216 1004 4272 ﬁlius
1064 4218 1264 4271 ablatis
1327 4217 1712 4285 imperialibus
1763 4218 1960 4273 calceis
2009 4235 2038 4272 a

457 4312 868 4384 Theophylacto
894 4311 1206 4381 patriarcha
1235 4310 1470 4364 clericus
1495 4309 1748 4364 etlicitur.
1771 4310 2044 4365 Similiter

457 4419 680 4475 quoque
704 4402 1097 4471 TheOpbanem
1144 4400 1438 4470 patricium
1469 4410 1525 4454 et
1559 4401 1932 4456 accubiturem
1984 4402 2038 4454 in

459 4497 715 4552 exsilium
741 4493 912 4556 misit,
953 4493 1252 4562 Georgium
1286 4492 1414 4545 item
1446 4492 1954 4562 protospatharium
1985 4503 2042 4547 et

2143 1933 2432 2004 πατρίκιον
2462 1933 2556 1987 καὶ
2583 1934 2799 2003 κόμη-ια
2827 1932 2920 1986 τοῦ
2960 1932 3191 1985 στάὸλου
3224 1933 3515 2000 πεποίηκε,
3548 1931 3639 1984 τὸν
3669 1930 3725 1984 δὲ

2141 2025 2450 2097 Κουρτίκην
2498 2026 2788 2096 πατρίκιον
2845 2026 2940 2079 καὶ
2970 2027 3332 2097 δρουγγάριον
3380 2027 3476 2094 τῆς
3513 2024 3722 2095 βίγλας.

2139 2115 2391 2179 οὕστινας
2429 2119 2456 2170 ό
2487 2117 2619 2180 Θεὸς
2653 2118 2938 2186 συντόμως
2961 2116 3258 2187 ἐπεξῆλθεν
3287 2116 3362 2180 ὡς
3404 2118 3482 2179 εἰς
3506 2114 3725 2186 χριστὸν

2141 2207 2346 2275 Κυρίου
2377 2210 2811 2278 παροινήσαντας
2831 2224 2847 2239 ’
2879 2209 2972 2260 ἐπὶ
2995 2208 3324 2275 ,καθοσιώσει
3348 2207 3456 2277 γάρ
3487 2205 3726 2277 καταληο

2143 2299 2390 2368 φθέντες,
2457 2300 2531 2362 ὡς
2563 2301 2822 2370 ἑκάτερος
2858 2299 3038 2353 αὐτῶν
3080 2300 3338 2371 οἰκτίστῳ
3373 2299 3588 2370 θανάτῳ
3633 2298 3724 2350 τὸν

2145 2393 2257 2464 βίον
2285 2393 2629 2463 ἀπέρρηξαν.

2215 2483 2278 2554 β’.
2314 2484 2469 2536 Μετὰ
2488 2484 2543 2537 δὲ
2583 2483 2634 2550 μ’
2668 2484 2880 2554 ἡμέρας
2934 2486 3342 2546 Κωνσταντῖνος
3379 2483 3407 2534 ὁ
3439 2486 3722 2554 Πορφυρο-

2142 2577 2399 2646 γέννητος
2453 2575 2802 2638 ὑποπτεύσας
2849 2576 3120 2645 Στέφανον
3167 2573 3262 2627 καὶ
3319 2575 3727 2628 Κωνσταντῖνον

2141 2667 2267 2731 τοὺς
2297 2667 2684 2736 αὑταδέλφους,
2715 2669 2788 2737 μή
2823 2685 2951 2720 ποτε
2988 2668 3082 2720 καὶ
3115 2665 3236 2719 κατ’
3279 2665 3443 2718 αὐτοῦ
3475 2668 3541 2718 τὰ
3563 2666 3724 2736 ὃμοια

2141 2762 2548 2834 διαπράξωνται
2581 2762 2740 2832 (ὅπερ
2771 2756 2836 2831 ἦν
2867 2759 3034 2824 εἰκὸς,
3067 2761 3147 2812 ὅτι
3179 2759 3226 2810 εί
3247 2758 3338 2810 τοῦ
3369 2759 3497 2810 ἰδίου
3520 2757 3728 2827 πατρὶς

2141 2856 2239 2908 οὐκ
2285 2855 2594 2924 ἐφείσαντο,
2653 2855 2770 2916 πῶς
2800 2851 2964 2906 αὐτοῦ
2999 2852 3308 2921 φείσονταις
3347 2852 3578 2918 Λέγεται
3616 2851 3724 2922 γὰρ

2141 2950 2225 3000 ὅτι
2279 2948 2637 3014 Φθείροινσιν
2664 2946 2778 3014 ἧοη
2814 2946 3049 3014 χρηστὰ
3087 2945 3312 3012 ὁμιλίαι
3351 2944 3574 3010 κακαὶ),
3612 2945 3724 2996 τῶν

2141 3042 2459 3112 ὁμαιμόνων
2486 3041 2537 3092 τί
2585 3040 2834 3108 γίνεταις
2883 3039 3171 3100 Ἐστιάσας
3220 3037 3416 3100 αὐτοὺς
3452 3040 3544 3090 καὶ
3573 3037 3725 3106 φιλο-

2143 3136 2441 3206 φρονήσας,
2485 3133 2566 3185 ἔτι
2594 3134 2690 3202 τῆς
2722 3132 2976 3203 βρώσεως
2999 3131 3165 3201 οὔσης
3193 3133 3247 3182 ἐν
3273 3131 3347 3200 τῷ
3378 3130 3602 3200 στόματι
3629 3131 3728 3183 αἰ-

2144 3225 2274 3293 τῶν,
2313 3225 2641 3296 ἀνήρπασαν
2667 3223 2889 3286 τούτους
2915 3223 2966 3276 οἱ
2998 3223 3132 3292 πρὸς
3161 3220 3318 3274 τοῦτο
3360 3222 3725 3292 εὐτρεπισμέ-

2145 3336 2250 3383 νοι,
2295 3319 2390 3372 καὶ
2420 3318 2476 3371 ἐν
2498 3319 2616 3380 ταῖς
2644 3315 3072 3387 πλησιαζούσαις
3127 3314 3310 3384 νήσοις
3339 3313 3533 3375 αὐτοὺς
3567 3331 3726 3382 περ.-

2145 3409 2353 3481 ὡρισαν
2408 3407 2702 3478 κληρικοὺς
2750 3407 3094 3477 ποιήσαντες.
3153 3405 3287 3458 Μετ’
3327 3404 3505 3470 ὀλίγον
3549 3403 3604 3457 δὲ
3634 3402 3725 3456 τὸν

2148 3501 2521 3570 ἴδιοναπατέρα
2560 3500 2738 3554 αὐτῶν
2765 3498 3119 3568 αἰτησάμενοι
3156 3497 3283 3549 ἰδεῖν
3318 3497 3546 3564 μοναχὸν
3574 3495 3721 3558 ὄντα,

2147 3596 2333 3648 πένθει
2365 3595 2626 3664 ἀφορήτῳ
2654 3593 3032 3663 κατεχόμενοι.
3073 3592 3131 3642 '0
3159 3591 3215 3642 δὲ
3247 3589 3445 3659 ὁμοίως
3467 3589 3725 3656 ὀδυρόμεο

2145 3703 2234 3750 νος
2257 3685 2394 3755 πρὸς
2430 3685 2625 3745 αὐτοὺς
2677 3683 3010 3751 ἐφθέγξατο·
3058 3681 3232 3746 Υἱοὺς
3273 3680 3571 3748 ἐγέννησα
3622 3676 3718 3728 καὶ

2146 3777 2388 3845 ὕψωσα,
2431 3774 2600 3828 αὐτοὶ
2635 3773 2702 3827 δέ
2729 3791 2804 3843 με
2844 3774 3170 3839 ἠθέτησαν.
3199 3768 3313 3824 Εἶθ’
3347 3771 3514 3832 οὕτως
3545 3767 3719 3836 ἐξορί-

2147 3869 2353 3933 ζονται,
2384 3870 2411 3921 ὁ
2472 3868 2569 3938 μὲν
2623 3868 2894 3933 Στέφανος
2951 3869 3029 3927 εἰς
3071 3865 3456 3935 Προικόνησον,
3493 3858 3608 3916 εἶτα
3646 3863 3722 3922 εἰς

2162 3964 2359 4025 Ῥόδον,
2387 3959 2470 4033 [Ρ.
2497 3959 2624 4031 495]
2647 3959 2835 4012 ἔπειτα
2862 3963 2940 4022 είς
2958 3959 3288 4028 Μιτυλήνην,
3308 3959 3333 4009 ό
3357 3958 3412 4010 δὲ
3437 3959 3728 4009 Kay/statv-

2146 4060 2288 4118 τίνος
2314 4055 2394 4117 εἰς
2425 4052 2674 4116 Τένεδον,
2699 4050 2909 4104 ἐκεῖθεν
2947 4052 3028 4113 εἰς
3051 4050 3412 4120 Σαμοθρᾴκην
3434 4065 3448 4079 ·
3482 4052 3538 4101 ἐν
3635 4047 3728 4099 καὶ

2147 4144 2445 4212 άνταρσίαν
2500 4143 2804 4214 μελετήσας
2835 4144 2984 4212 παρὰ
3017 4143 3124 4195 τῶν
3159 4140 3540 4210 φυλασσόντων
3568 4139 3728 4191 αὐτὸν

2149 4237 2433 4304 σφάζεται.
2468 4235 2686 4306 Μιχαὴλ
2722 4234 2777 4287 δὲ
2806 4235 2898 4286 τὸν
2923 4235 3014 4286 τοῦ
3045 4233 3308 4304 βασιλέως
3352 4232 3728 4302 Χριστοφόρευ

2149 4328 2284 4390 υἱὸν,
2362 4327 2428 4378 τά
2481 4325 2735 4396 βασιλικά
2810 4325 3000 4380 πέδιλα
3057 4325 3414 4394 ἀφελόμενος,
3467 4323 3729 4391 κληρικδν

2149 4415 2405 4484 ἐποίησεν
2435 4415 2815 4482 Θεοφύλακτος
2867 4417 2894 4467 ό
2929 4417 3297 4487 πατριάρχης.
3351 4414 3584 4482 Ὁμοίως
3635 4412 3728 4465 καὶ

2148 4505 2432 4573 Θεοφάνην
2471 4505 2763 4575 πατρίκιον
2813 4505 2909 4558 καὶ
2944 4504 3446 4576 παρακοιμώμενον
3479 4502 3728 4572 ἐξώρισε,

461 4587 1048 4656 pincernam,necnon
1097 4582 1365 4636 Thomam
1422 4583 1844 4652 primicerium;
1903 4599 2041 4652 quos

2149 4595 2243 4647 ml.
2293 4594 2567 4664 Γεὼργιον
2620 4594 3112 4664 πρωτοσπαθὰριον
3143 4595 3237 4648 καὶ
3287 4593 3587 4660 πιγκὲρναν
3636 4592 3730 4643 καὶ

461 4677 654 4732 ambos
675 4675 1002 4730 verberibus
1021 4674 1282 4728 subactos
1309 4684 1474 4744 atque
1506 4675 1790 4738 detonsus,
1820 4675 2040 4728 infami-

459 4785 570 4841 que
607 4767 891 4838 triumpho
937 4783 1034 4836 per
1083 4767 1320 4820 mediam
1378 4767 1569 4820 urbem
1633 4767 1935 4828 traductos,
1985 4767 2040 4820 in

460 4861 716 4916 exsilium
749 4858 1082 4914 amandavit.
1114 4857 1314 4928 Sicque
1348 4859 1401 4912 in
1437 4874 1533 4913 eos
1570 4851 2040 4921 animadve‘rsum,

460 4953 609 5023 quod
633 4951 962 5022 deprehensi
995 4952 1343 5005 occasionem
1373 4960 1593 5019 captare
1640 4960 1696 5002 ut
1731 4949 2038 5004 Romanum

462 5044 646 5100 denuo
679 5045 734 5098 in
757 5045 938 5097 aulam
971 5043 1321 5098 reducerent.

531 5138 587 5193 5.
638 5136 825 5191 Mense
883 5136 1192 5197 Decembri,
1248 5134 1553 5189 indictione
1597 5143 1767 5194 sexta,
1822 5143 2043 5189 struetre

461 5229 698 5292 insidiae,
726 5239 788 5283 ut
837 5227 1156 5298 Stephanus
1199 5242 1264 5282 ex
1309 5226 1490 5281 insula
1537 5238 1826 5282 revocatus
1857 5227 1910 5281 in
1946 5244 2044 5282 au-

463 5321 567 5376 Iam
593 5321 971 5376 induceretur.
1009 5319 1181 5374 Delati
1232 5329 1489 5373 auctores
1519 5335 1546 5372 a
1590 5318 1854 5373 Michaele
1915 5320 2042 5373 Dia-

463 5414 676 5476 bolino,
720 5415 979 5484 captique
1025 5425 1240 5474 omnes,
1298 5410 1391 5463 alii
1430 5410 1658 5464 naribus
1707 5411 2044 5481 auribusque

461 5507 722 5569 mutilati,
753 5506 846 5561 alii
897 5503 1266 5558 intolerandis
1300 5502 1512 5557 subacti
1555 5503 1899 5566 verberibus,
1935 5505 2049 5558 asi-

461 5596 659 5667 nisquc
687 5595 931 5666 impositi
975 5592 1290 5665 ignominia:
1309 5609 1472 5649 causa
1503 5611 1603 5664 per
1634 5595 1826 5650 urbem
1867 5595 2049 5651 tradu-

462 5686 559 5749 cti,
591 5687 804 5742 exsilio
823 5687 1048 5756 relegati
1077 5694 1229 5739 sunt.

539 5869 561 5898 ε
597 5858 765 5914 lCor.
798 5879 886 5926 xv,
919 5863 1008 5917 53.
1083 5861 1109 5901 ἀ
1133 5861 1235 5916 lsa.
1273 5878 1307 5928 ι,
1341 5862 1394 5917 2.

2151 4685 2352 4754 amita"
2383 4685 2766 4756 πριμικήριον,
2797 4684 2890 4749 οὓς
2933 4685 3118 4753 δείρας
3177 4686 3268 4738 καὶ
3306 4681 3609 4750 κουρεύσας
3637 4681 3729 4732 καὶ

2151 4777 2526 4847 θριαμϐεύσας
2553 4777 2811 4847 ἐξώρισεν
2840 4779 2926 4832 διὰ
2952 4779 3010 4831 τὸ
3041 4778 3358 4846 φωραθῆναι
3382 4773 3574 4831 αὐτοὺς
3599 4789 3726 4821 X1!-

2153 4871 2442 4936 ροσκοπεῖν
2471 4867 2564 4922 τοῦ
2595 4871 2909 4938 εἰσαγαγεῖν
2942 4867 3100 4920 πάλιν
3130 4866 3218 4917 τὸν
3259 4861 3534 4929 Ῥωμανδν
3558 4860 3615 4910 ὲν
3645 4858 3723 4928 τῷ

2151 4961 2417 5032 παλατίῳ.

2221 5135 2288 5205 γ’.
2329 5135 2419 5205 Τῷ
2449 5135 2769 5205 Δεκεμϐρίῳ
2801 5133 2952 5202 μηνὶ,
3002 5130 3100 5198 τῆς
3136 5135 3190 5192 ς’
3221 5128 3572 5191 ἱνδικτιῶνος,
3612 5132 3730 5182 ἑπι-

2151 5229 2348 5299 6οολῆς
2370 5228 2670 5299 γενομένης
2706 5228 2786 5288 εἰς
2812 5225 2874 5277 τὸ
2898 5224 2990 5276 τὸν
3019 5223 3292 5290 Στέφανον
3335 5223 3398 5274 ἐκ
3430 5223 3528 5291 τῆς
3565 5225 3731 5288 νήσου)

2149 5319 2378 5385 ἀγαγεῖν
2410 5320 2469 5370 ἐν
2494 5317 2572 5386 τῷ
2601 5314 2868 5384 παλατίῳ,
2902 5316 3024 5366 ἐπεὶ
3051 5313 3202 5384 παρὰ
3233 5313 3451 5384 Μιχαὴλ
3478 5310 3570 5364 τοῦ
3604 5317 3731 5364 Δια-

2150 5410 2358 5463 ϐολίνου
2388 5408 2657 5479 ἐμηνύθη,
2689 5407 2908 5460 πάντων
2937 5407 3320 5478 κρατηθέντων
3361 5405 3470 5457 τῶν
3504 5407 3602 5474 μὲν
3636 5408 3730 5466 τὰς,

2151 5503 2303 5570 ῥῖνας
2336 5503 2429 5552 καὶ
2460 5499 2527 5552 τὰ
2556 5493 2670 5552 ὦτα
2700 5497 2965 5568 ἀπέτεμε,
2999 5500 3128 5562 τοὺς
3169 5498 3224 5551 δὲ
3247 5495 3440 5568 δαρμῷ
3475 5497 3734 5566 ἀφορὴτῳ

2151 5593 2422 5647 ὑπέϐαλεν
2478 5593 2573 5646 καὶ
2630 5592 2771 5654 ὄνοις
2831 5590 3162 5654 ἐπικαθίσας
3211 5590 3305 5645 καὶ
3354 5589 3730 5660 θριαμῦεύσα,

2152 5685 2432 5757 ἐξώρισεν.
