4124 6500
422 412 536 480 81¹1

1397 413 1771 476 ANNALES.
1804 437 1874 451 --
1911 415 2332 479 CONSTANT.
2370 416 2750 479 PORPHYR.

3590 415 3698 479 818

496 529 559 582 δ’.
594 528 674 599 Τῇ
706 526 763 580 δὲ
796 534 859 580 ιε’
885 527 980 581 τοῦ
1027 525 1247 581 Ἰουλίου
1302 544 1492 597 μηνός,
1528 530 1631 599 τῆς
1652 525 1706 593 ς’
1745 529 2012 583 ἰνδικτιῶο
2041 573 2050 593 ,

2186 533 2240 588 4.
2272 532 2478 600 Quinto
2498 534 2717 590 decimo
2740 533 2871 591 Julii
2900 534 3125 597 mensis,
3173 534 3479 590 indictione
3526 549 3699 600 sexta,

426 637 538 682 νος.
577 619 858 687 Ῥωμανὸς
890 621 918 672 6
964 618 1219 688 βασιλεὺς
1258 623 1317 674 ἐν
1359 623 1423 690 τῇ
1449 621 1599 690 νήσῳ
1637 621 1883 693 τελευτᾷ,
1916 624 2011 676 καὶ

432 711 488 762 t6
522 711 687 780 σῶμα
719 710 883 765 αὑτοῦ
916 714 973 764 ἐν
995 714 1059 783 τῇ
1095 712 1246 765 πόλει
1274 713 1626 782 διακομισθὲν
1661 715 1719 767 ἐν
1748 717 1814 786 τῇ
1843 718 2011 771 αὑτοῦ

426 802 668 873 ἁπετέθη
698 805 856 873 μονῇ.

502 900 563 948 ε’.
597 895 749 947 Μετὰ
788 894 921 963 γοῦν
970 894 1029 947 τὸ
1060 896 1220 965 μόνον
1249 896 1677 967 καταλειφθῆναι
1717 899 1806 952 τὸν
1852 901 2012 954 αὐτο-

428 988 677 1055 κράτορα
714 989 1144 1055 Κωνσταντῖνον,
1179 989 1597 1060 προεχειρίσατο
1624 991 1901 1045 Βασίλειον
1925 993 2015 1047 τὸν

431 1080 932 1152 πρωτοῦεστιάριον
975 1082 1161 1149 αὐτοῦ,
1214 1083 1305 1136 τὸν
1335 1085 1442 1137 ἀπὸ
1473 1085 1758 1156 παλλακῆς
1790 1090 2017 1156 φυσικὸν

431 1173 549 1225 υἱὸν
610 1174 893 1243 Ῥωμανοῦ
923 1175 1018 1229 τοῦ
1049 1176 1155 1244 πρὸ
1201 1177 1366 1231 αὐτοῦ
1402 1178 1689 1246 βασιλέως,
1728 1182 2017 1250 πατρίκιον

432 1264 531 1318 καὶ
592 1268 1093 1337 παρακοιμώμενον
1153 1271 1247 1323 καί¹
1312 1272 1864 1339 παραδυναστεύοντα
1918 1274 2020 1343 τῆς

432 1362 764 1432 συγκλήτου.
803 1358 970 1426 Οὗτος
994 1364 1049 1417 δὲ
1082 1360 1149 1435 ἦν
1180 1366 1433 1436 ἐχέφρων
1468 1367 1563 1420 καὶ
1591 1366 1794 1435 λόγιος,
1825 1367 2020 1440 καὶτῷ

436 1454 649 1523 βασιλεῖ
672 1456 731 1508 ἐν
767 1456 932 1508 πᾶσιν
976 1456 1268 1524 ὑπηρετῶν
1315 1456 1508 1521 αἰσίως
1547 1460 1643 1511 καὶ
1674 1460 2017 1529 πρεπόντως.

434 1545 574 1599 Τότε
604 1546 699 1599 καὶ
750 1546 780 1597 6
812 1547 1163 1618 πατριάρχης
1218 1547 1602 1617 Θεοφὺλακτος
1656 1550 2023 1621 ἀρρωστήσας

435 1639 533 1691 καὶ
566 1640 657 1691 ὑπ’
694 1638 864 1708 αὐτῆς
930 1640 1241 1709 κυριευθεὶς
1305 1641 1680 1712 ἐτελεύτησεν,
1742 1646 2022 1713 κρατήσας

434 1732 537 1799 τῆς
571 1730 900 1803 Ἐκκλησίας
938 1731 1031 1802 ἔτη
1058 1731 1154 1785 κδ’.
1190 1734 1593 1804 Χειροτονεῖται
1621 1736 1677 1789 δέ
1705 1737 1820 1790 ἀντ’
1855 1738 2021 1791 αὑτοῦ

433 1826 463 1876 6
498 1825 757 1895 ἀνωτέρω
803 1828 1091 1895 εἰρημένος
1152 1827 1492 1893 Πολύευκτος
1536 1831 1791 1901 μοναχὸς,
1841 1830 2023 1901 τίμιος

437 1918 581 1987 ἀνὴρ
610 1919 703 1970 καί
729 1918 1054 1984 ἁγιώτατος.

516 2006 595 2070 ς’.
629 2007 764 2061 Τότε
793 2010 887 2061 καὶ
917 2009 1294 2064 ἀποστολικῶν
1361 2011 1609 2083 ἐσθήτων
1667 2014 2025 2085 ἀποκεκρυμ-

445 2102 622 2168 μένων
643 2097 699 2151 ἐν
745 2116 850 2152 τινι
878 2098 1053 2170 γωνίᾳ
1080 2100 1181 2170 τῆς
1212 2101 1421 2165 πόλεως
1451 2103 1797 2173 δηλωθεισῶν
1825 2105 1904 2173 τῷ
1930 2105 2026 2174 βα·

442 2194 606 2254 σιλεί,
641 2192 777 2263 μετὰ
810 2194 990 2261 πάσης
1013 2193 1180 2262 τιμῆς
1204 2194 1301 2248 καὶ
1342 2194 1650 2263 δοεολογίας
1706 2196 2029 2267 ἀνελόμενος

442 2286 637 2349 αὐτὰς,
671 2285 749 2356 τῷ
784 2285 1008 2356 μεγάλῳ
1046 2286 1157 2339 τῶν
1206 2286 1402 2355 Ἀγίων
1455 2288 1796 2342 Ἀποστόλων
1823 2290 2032 2360 ἀπεθη-

449 2377 681 2449 σαύρισε
720 2378 859 2449 ναῷ.
883 2379 990 2432 Καὶ
1039 2378 1108 2433 τὰ
1143 2378 1368 2448 λείψανα
1395 2379 1488 2433 τοῦ
1524 2380 1789 2449 Θεολόγου
1822 2382 2030 2453 Γρηγοο

451 2471 654 2542 ρίου,ἃ
685 2472 780 2526 καὶ
831 2472 1160 2543 μερισθέντα
1201 2473 1271 2526 τὰ
1321 2472 1421 2543 μὲν
1473 2474 1535 2526 ἐν
1586 2472 1664 2543 τῷ
1717 2473 1869 2546 σηκῷ
1923 2475 2033 2528 τῶν

458 2564 665 2633 Ἀγίων
712 2564 1063 2619 Ἀποστόλων-
1087 2565 1373 2634 ἐτέθησαν,
1407 2566 1474 2619 τὰ
1512 2565 1578 2619 δὲ
1605 2568 1662 2619 ἐν
1686 2565 1762 2636 τῷ
1803 2568 1915 2637 ναῷ
1935 2568 2034 2637 τῆς

461 2654 655 2725 Ἀγίας
690 2657 967 2728 μάρτυρος
1014 2659 1395 2720 Ἀντιστασίας.

526 2747 593 2814 ζ’.
640 2748 698 2803 Ὀ
723 2750 902 2803 τοίνυν
925 2750 1175 2819 βασιλεὺς
1204 2749 1296 2804 διὰ
1318 2750 1381 2802 τὸ
1433 2749 1528 2802 τὸν
1588 2748 1890 2820 μάγιστρον
1942 2750 2038 2803 καὶ

455 2840 780 2907 δομέστικον
809 2840 918 2893 τῶν
946 2840 1176 2909 σχολῶν,
1229 2838 1446 2909 Βάρδαν
1474 2839 1565 2892 τὸν
1587 2840 1781 2905 Φωκῶν
1805 2839 2039 2909 λεγόμε-

456 2948 567 2994 νον,
598 2932 677 2995 εἰς
706 2930 884 3000 γῆρας
914 2930 1104 2984 ἐλάσαι
1136 2930 1230 2984 καὶ
1256 2930 1529 2993 ἀδυνάτως
1571 2930 1706 3001 πρὸς
1750 2931 1879 2994 τοὺς
1946 2930 2039 2984 κό-

460 3041 594 3086 πους
619 3022 793 3092 ἔχειν,
822 3021 905 3094 [Ρ.
939 3021 1069 3096 496]
1120 3022 1212 3077 τοῦ
1236 3023 1625 3092 δομεστικάτου
1655 3024 1926 3089 ἀποκινεῖ,
1945 3024 2042 3077 καὶ

461 3118 578 3171 ἀντ’
599 3116 764 3170 αὑτοῦ
796 3115 1164 3187 προϐάλλεται
1215 3116 1535 3187 δομέστικον
1570 3118 1887 3189 Νικηφόρον
1936 3135 2043 3172 πα-

464 3210 675 3280 τρίκιον
700 3211 798 3265 καὶ
838 3211 1145 3282 στρατηγὸν
1199 3213 1309 3264 τῶν
1351 3212 1732 3278 Ἀνατολικῶν,
1793 3214 1884 3267 τὸν
1931 3213 2045 3266 υἱὸν

466 3302 658 3357 αὐτοῦ.
709 3301 989 3363 Ὡσαύτως
1016 3303 1111 3355 καὶ
1159 3302 1452 3371 πατρίκιον
1480 3303 1703 3367 Λέοντα,
1737 3304 1828 3357 τὸν
1856 3303 2045 3357 τούτου

465 3393 825 3461 αὐτάδελφον,
857 3394 1163 3464 στρατηγὸν
1188 3393 1297 3447 τῶν
1344 3394 1589 3449 Δυτικῶν
1618 3393 2046 3465 προχειρίζεται.

470 3487 665 3556 Γέγονε
687 3488 744 3541 δὲ
782 3487 1113 3556 ἐμπρησμὸς
1133 3488 1311 3556 μέγας
1364 3489 1606 3557 πλησίον.
1638 3488 1749 3540 τοῦ.
1784 3487 1914 3540 ναοῦ
1958 3488 2051 3539 τοῦ

484 3582 666 3649 Ἀγίου
690 3581 862 3649 Θωμᾶ
921 3580 996 3643 ὡς
1041 3580 1721 3650 καῆναιτὸνκέμϐολονίτον
1780 3579 1912 3651 πρὸς
1957 3580 2054 3651 τὴν

473 3673 715 3744 Σιδηρᾶν.
738 3672 971 3742 πόρταν.
1226 3666 1233 3671 ’

544 3773 616 3839 η’.
661 3766 858 3820 ’ἰστέον
881 3767 937 3819 δὲ
970 3768 1051 3819 ὅτι
1097 3766 1176 3836 τῷ
1213 3766 1271 3819 ιδ’
1301 3765 1415 3818 ἔτει
1454 3767 1552 3835 τῆς
1586 3767 1860 3835 βασιλείας
1908 3769 2060 3821 Κων-

479 3859 760 3916 σταντίνου
833 3858 927 3911 τοῦ
1002 3858 1522 3928 Πορφυρογεννήτου
1577 3859 1893 3921 (δεκαπέντε
1951 3860 2059 3931 γὰρ

485 3950 803 4022 ἐκράτησεν)
844 3949 1110 4019 ἐγεννήθη
1132 3950 1160 4002 6
1202 3949 1457 4017 βασιλεὺς
1484 3949 1759 4011 Βασίλειος
1787 3952 1815 4003 6
1841 3950 2063 4017 ἔκγονος

488 4048 666 4112 αὐτοῦ,
700 4046 814 4108 υἱὸς
845 4045 901 4097 δὲ
951 4042 1232 4113 Ῥωμανοῦ
1268 4042 1381 4095 τοῦ,
1411 4043 1528 4096 υἱοῦ
1580 4042 1768 4096 αὐτοῦ.
1824 4043 1946 4095 Τῶν
2005 4042 2062 4094 δὲ

488 4139 744 4207 Τούρκων
802 4135 1263 4205 κατώραμόντων
1324 4135 1485 4202 μέχρι
1526 4133 1627 4202 τῆς
1677 4133 1880 4196 πόλεως
1913 4135 1970 4186 ἐν
1996 4136 2064 4205 τῇ

484 4236 645 4306 ἑορτῇ
668 4232 762 4286 τοῦ
797 4230 1017 4300 Πάσχα,
1045 4229 1139 4281 καὶ
1172 4229 1519 4297 ληϊσαμένων
1549 4227 1730 4279 πᾶσαν
1780 4226 1879 4295 τὴν
1922 4225 2068 4295 Θρᾴμ

486 4345 612 4398 κην,
648 4327 737 4380 καὶ
765 4325 999 4393 πραῖδαν
1056 4320 1256 4389 πολλὴν
1305 4320 1580 4394 λαβόντες,
1610 4320 1638 4372 6
1684 4318 1937 4388 βασιλεὺς
1980 4319 2070 4370 εὐ-

486 4423 584 4482 θὺς
602 4420 692 4472 τὸν
723 4415 1012 4487 πατρίκιοι)
1061 4414 1156 4467 καὶ
1201 4412 1522 4483 δομέστικον
1575 4409 1695 4462 τῶν
1736 4407 2070 4474 ἐξκουὸίτων

490 4515 660 4568 Πόθον
689 4513 779 4565 τὸν
815 4509 1077 4580 Ἀργυρὸν
1136 4506 1274 4577 μετὰ
1317 4505 1411 4558 τοῦ
1455 4503 1735 4574 τάγματος
1770 4500 1935 4554 αὐτοῦ
1981 4500 2073 4553 καὶ

2117 627 2400 682 Romanus
2438 629 2742 697 imperator
2773 627 2829 682 in
2859 628 3040 682 insula
3070 630 3350 696 moritur;
3383 632 3505 701 ejus
3539 631 3703 685 vada-

2116 735 2213 773 ver
2242 721 2296 773 in
2327 721 2522 775 urbem
2554 721 2822 783 delatum,
2859 720 2913 774 in
2944 721 3118 790 ipsius
3144 724 3488 776 monasterio
3534 723 3704 793 depo-

2116 813 2283 868 sitmn
2309 823 2411 869 est.

2192 908 2244 961 5.
2284 907 2447 961 Solus
2480 908 2648 977 igitur
2696 909 3000 978 imperator
3050 909 3273 962 relictus
3307 908 3704 964 Constantinus

2118 1000 2379 1055 Basilium
2411 1000 2901 1069 prolovestiarium
2941 1017 3125 1061 suum,
3164 998 3419 1063 Romani,
3458 1002 3548 1070 qui
3580 988 3708 1054 ante

2121 1094 2300 1163 ipsum
2334 1093 2627 1162 imperium
2666 1103 2933 1163 gesserat,
2964 1110 3028 1148 ex
3056 1094 3251 1163 pellice
3303 1095 3609 1147 naturalem
3648 1094 3708 1146 ﬁ-

2121 1186 2279 1250 lium,
2317 1185 2613 1254 patricium
2657 1195 2811 1240 creat
2852 1194 2906 1240 et
2948 1186 3325 1239 accubitorem
3376 1201 3438 1240 ac
3488 1196 3713 1239 senatus

2120 1275 2451 1346 principem.
2482 1276 2616 1329 Erat
2643 1292 2772 1330 vero
2799 1276 2884 1330 vir
2918 1276 3164 1346 prudens
3198 1285 3364 1345 atque
3411 1276 3705 1345 eloquens,

2122 1369 2341 1438 quique
2366 1369 2430 1423 in
2452 1368 2710 1423 omnibus
2745 1367 2906 1439 755
2930 1369 3166 1424 solerter
3206 1384 3269 1423 ac
3297 1368 3497 1423 decore
3535 1369 3712 1437 impe‘

2124 1462 2293 1515 ratori
2317 1460 2741 1530 obsequeretur.
2775 1461 2930 1516 Time
2952 1477 3172 1532 quoque
3205 1461 3517 1533 patriarcha
3542 1461 3716 1515 Theo-

2124 1553 2414 1625 phylactus
2438 1555 2491 1607 in
2525 1554 2779 1607 morbum
2807 1555 2996 1625 lapsus
3016 1569 3193 1625 eoque
3217 1554 3546 1624 praevalente
3572 1568 3718 1607 mor-

2125 1648 2254 1694 tuus
2284 1649 2387 1707 est,
2418 1656 2543 1694 cum
2587 1642 2665 1696 illi
2699 1643 3015 1698 sedi‘annis-
3048 1653 3286 1714 quatuor
3322 1659 3488 1713 supra
3519 1642 3712 1713 viginti

2125 1732 2459 1801 praefuisset.
2509 1733 2642 1805 Ejus
2698 1736 2820 1791 loco
2877 1736 3187 1799 ordinatur,
3237 1738 3394 1808 cujus
3439 1736 3602 1790 nobis
3655 1737 3712 1790 in

2126 1825 2511 1893 superioribus
2558 1826 2701 1883 facta
2746 1829 2953 1883 mentio
3004 1840 3109 1891 est,
3160 1830 3490 1901 Polyeuctus
3520 1844 3714 1883 monac

2056 1904 2098 1959 Β
2127 1917 2285 1980 chus,
2313 1917 2399 1971 vir
2434 1920 2762 1974 venerabilis
2795 1931 2849 1974 et
2881 1922 3283 1977 sanctissimus.

2200 2010 2255 2064 6.
2292 2011 2392 2065 Per
2426 2012 2480 2066 id
2532 2023 2772 2082 tempus,
2812 2030 2933 2083 quae
2967 2014 3023 2068 in
3055 2015 3293 2084 quodam
3330 2013 3483 2069 urbis
3514 2014 3716 2085 angulo

2129 2102 2463 2159 delituerant
2500 2104 2813 2173 apostolicae
2840 2113 3020 2160 vestes
3044 2115 3099 2161 et
3128 2107 3368 2176 palliola,
3400 2106 3717 2177 imperatori

2132 2197 2445 2251 innotuere;
2481 2195 2641 2253 Omni
2682 2198 2867 2268 itaque
2898 2215 3095 2269 pompa
3132 2199 3558 2269 divinorumque
3586 2215 3718 2254 can-

2135 2288 2365 2340 ticorum
2414 2287 2735 2342 celebritate
2783 2290 3004 2343 sublata
3048 2290 3101 2343 in
3150 2305 3349 2360 magno
3390 2289 3719 2345 Sanctorum

2134 2378 2525 2446 Apostolorum
2561 2378 2767 2447 templo
2800 2379 3111 2433 recondidit
3141 2397 3154 2442 ;
3194 2381 3271 2435 uti
3324 2380 3487 2436 etiam
3539 2396 3723 2435 sacras

2134 2469 2361 2523 exuvias
2392 2468 2678 2540 Theologi,
2706 2485 2937 2539 quarum
2971 2487 3099 2540 pars
3134 2471 3188 2525 in
3230 2471 3553 2526 Sanctorum
3579 2472 3726 2541 Apo-

2136 2562 2405 2616 stolorum
2452 2562 2706 2628 delubro,
2745 2578 2874 2634 pars
2910 2563 2964 2618 in
2999 2564 3213 2620 Sanctae
3248 2564 3563 2622 Anastasis!
3586 2581 3728 2621 mar-

2140 2657 2275 2727 tyris
2305 2657 2495 2726 positae
2513 2666 2662 2712 sunt;

2215 2750 2263 2802 7.
2300 2750 2457 2814 Quod
2490 2760 2673 2805 autem
2691 2751 2897 2808 Bardas
2921 2754 3134 2809 Phocas
3164 2753 3495 2825 magisteret
3515 2752 3730 2807 schola-

2143 2854 2264 2899 rum
2298 2840 2637 2897 domesticus
2672 2843 2833 2899 annis
2868 2845 3049 2914 gravis
3087 2855 3226 2908 erat,
3279 2861 3382 2901 nec
3410 2860 3523 2915 prae
3558 2853 3731 2899 aetate

2140 2929 2260 2998 ejus
2286 2930 2533 2985 muneris
2560 2930 2845 2986 laboribus
2866 2933 2999 2988 satis
3022 2950 3120 3003 par
3149 2942 3289 2999 erat,
3322 2935 3620 3004 imperator
3639 2933 3731 2986 illo

2144 3029 2347 3083 amoto,
2381 3021 2557 3091 ipsius
2584 3022 2708 3078 loco
2732 3024 3105 3094 Nicephorum
3136 3026 3423 3095 patricium
3451 3034 3505 3080 et
3529 3025 3732 3080 Orien-

2148 3112 2338 3166 talium
2380 3113 2598 3180 ducem,
2646 3116 2768 3186 ejus
2825 3115 3017 3179 filium,
3062 3117 3428 3172 domesticum
3480 3115 3730 3185 praeficit.

2073 3194 2115 3299 (ί
2150 3205 2419 3261 Similiter
2462 3223 2683 3278 quoque
2712 3208 2952 3264 Leonem
2988 3210 3284 3279 patricium
3322 3209 3469 3264 illius
3504 3209 3733 3264 fratrem

2148 3297 2588 3355 Occidentalium
2633 3301 2826 3356 ducem
2876 3303 3136 3357 instituit.
3183 3304 3381 3375 Ingens
3423 3317 3555 3358 vero
3588 3301 3735 3356 haud

2152 3390 2311 3461 longe
2340 3406 2370 3446 a
2400 3394 2603 3462 templo
2633 3392 2689 3448 S.
2718 3393 2945 3450 Thomze
2976 3396 3204 3463 contigit
3231 3395 3570 3459 incendium,
3601 3394 3740 3453 adeo

2155 3491 2216 3538 ut
2247 3485 2492 3554 porticus
2524 3502 2646 3557 qua:
2692 3486 2759 3541 ad
2789 3497 3001 3558 portam
3038 3487 3294 3543 Ferre-am
3326 3488 3477 3543 ducit
3509 3487 3742 3544 combu-

2157 3588 2394 3634 TCI‘CUII‘.

2232 3759 2283 3813 8.
2312 3758 2728 3817 Observandum
2753 3779 2887 3818 vero
2910 3780 3054 3819 anno
3078 3776 3276 3834 quarm
3296 3764 3510 3819 decimo
3530 3762 3750 3834 imperii

2160 3850 2507 3905 Constantini
2532 3852 3036 3924 Porphyrogenneti
3064 3854 3400 3923 (quindecim
3424 3854 3572 3908 enim
3593 3853 3757 3907 annis

2165 3958 2349 3996 rerum
2368 3944 2576 4012 potitus
2591 3945 2695 4014 est)
2715 3954 2902 3999 natum
2925 3961 3047 4001 esse
3074 3948 3203 4014 ejus‘
3215 3954 3472 4015 nepotem
3488 3945 3751 4000 Basilium

2166 4034 2573 4102 imperatorem,
2614 4036 2844 4089 Romani
2879 4038 2998 4105 ejus
3026 4037 3123 4089 filii
3158 4036 3353 4090 filium.
3381 4036 3577 4090 Turcis
3618 4050 3754 4090 vero

2168 4122 2334 4195 756
2359 4123 2426 4178 ad
2458 4124 2629 4193 ipsam
2663 4139 2836 4194 usque
2882 4127 3075 4179 urbem
3105 4142 3204 4195 per
3228 4126 3451 4180 Pascha;
3484 4126 3754 4181 solemnia

2166 4216 2589 4272 excurrentibus
2629 4217 3029 4287 Thraciamque
3075 4232 3294 4272 omnem
3334 4216 3752 4286 populantibus,

2169 4324 2235 4362 ac
2271 4324 2396 4363 cum
2439 4310 2665 4364 multam
2697 4311 2940 4381 egissent
2972 4309 3233 4379 praedam,
3262 4309 3412 4362 misit
3437 4308 3620 4361 statim
3656 4309 3757 4362 im-

2172 4410 2397 4472 perator
2413 4403 2647 4457 Potitum
2674 4402 2941 4474 Argyrum
2971 4402 3257 4471 patricium
3286 4416 3349 4456 ac
3369 4399 3755 4456 excubitorum

2177 4496 2540 4552 domesticum
2576 4512 2701 4551 cum
2739 4497 2985 4567 subjecta
3034 4495 3112 4549 illi
3155 4495 3390 4565 legione,
3426 4494 3758 4549 hucellario-

487 4609 582 4662 τοῦ
613 4604 924 4678 στρατηγοῦ
945 4604 1050 4655 τῶν
1072 4598 1438 4670 βουκελαρῖων
1465 4599 1561 4652 καὶ
1589 4596 1685 4650 τοῦ
1716 4595 1959 4665 Ὀψικίου
1978 4595 2050 4647 κα

2179 4605 2410 4657 rumque
2432 4599 2487 4643 et
2513 4588 2717 4659 Opsicii
2747 4597 2803 4642 et
2833 4587 3116 4642 ’l'hracesii
3146 4587 3337 4652 duces,
3363 4586 3455 4656 qui
3481 4604 3511 4641 e
3532 4586 3762 4655 vestigio

490 4702 809 4772 Θρᾳκησίου
851 4699 990 4752 κατὰ
1022 4696 1189 4757 πόδας
1219 4693 1401 4747 αὐτῶν
1450 4690 1862 4757 ἐξαπέστειλεν
1905 4689 1953 4741 οἳ
1981 4691 2074 4741 καὶ

491 4797 688 4857 νυκτὸς
717 4792 1070 4853 ἐπιπεσόντες
1086 4786 1431 4857 κατέσφαξαν
1451 4785 1685 4849 αὐτοὺς,
1700 4782 1954 4845 λαϐόντες
1982 4781 2076 4834 καὶ

492 4891 595 4959 τὴν
623 4888 857 4956 πραῖδαν
885 4885 981 4937 καὶ
1011 4883 1109 4952 τὴν
1141 4879 1517 4951 αἰχμαλωσίαν
1538 4878 1740 4930 πᾶσαν.

570 4981 636 5034 θ’.
677 4978 824 5033 duo}
843 4977 898 5029 δὲ
922 4977 1003 5028 ὅτι
1028 4976 1109 5035 εἰς
1139 4973 1239 5042 τὴν
1284 4972 1534 5040 γέννησιν
1574 4967 1668 5020 τοῦ
1697 4967 2079 5036 Πορφυρογεν-

494 5078 664 5147 νήτου
695 5069 948 5141 λαμπρὸς
978 5068 1153 5135 ἀστὴρ
1195 5064 1369 5134 ἐφάνη
1402 5063 1496 5116 ἐπὶ
1524 5061 1740 5132 ἡμέρας
1778 5057 1829 5128 μ’
1854 5058 1948 5112 καὶ
1977 5057 2081 5111 πά-

493 5168 580 5221 λιν
617 5166 710 5218 ἐπὶ
738 5166 804 5234 τῇ
836 5162 1092 5231 κοιμήσει
1123 5157 1217 5212 καὶ
1248 5155 1413 5227 ἐξόδῳ
1450 5152 1615 5208 αὑτοῦ
1654 5151 1860 5221 ἀστέρα
1910 5150 2079 5219 φανῆ-

494 5278 593 5314 νιις
619 5257 872 5329 ἀμαυρὸν
905 5256 1099 5325 ἔχοντα
1123 5250 1259 5321 φῶς.
1287 5250 1528 5319 Τελευτᾷ
1551 5244 1644 5301 οἶν
1695 5248 1949 5317 νοσήσας,
1987 5259 2084 5295 πει

504 5351 751 5423 ποιηκὼς
776 5349 1002 5420 βασιλέα
1019 5347 1109 5400 τὸν
1130 5345 1246 5398 υίὺν
1285 5344 1451 5397 αὐτοῦ
1499 5340 1803 5409 Ῥωμανὸν,
1848 5339 1943 5391 καὶ
1986 5338 2085 5391 65t-

506 5432 781 5496 mstatév
814 5438 893 5509 τῷ
942 5437 1058 5507 ναῷ
1118 5435 1228 5489 τῶν
1291 5435 1486 5501 Ἀγίων
1548 5428 1889 5483 Ἀποσῖόλων
1950 5429 2087 5496 μετὰ

510 5534 739 5594 Λέοντος
774 5530 1041 5600 βασιλέως
1070 5526 1166 5580 τοῦ
1194 5526 1401 5596 πατρὸς
1434 5522 1623 5577 αὐτοῦ.
1648 5516 1755 5573 Ἦν
1798 5519 1853 5571 δὲ
1878 5522 1944 5588 τῇ
1978 5519 2091 5587 ἰδέᾳ

509 5627 760 5695 εὐμήκης
784 5622 884 5692 τὴν
918 5620 1156 5690 ἡλικίαν,
1187 5615 1379 5679 λευκὸς
1420 5615 1520 5684 τὴν
1574 5610 1793 5684 χροιὰν,
1823 5608 2087 5676 εὐόφθαλ-

518 5734 637 5781 μος,
705 5712 978 5786 χαροποὺς
1053 5709 1192 5779 ἔχων
1239 5707 1366 5769 τοὺς
1449 5702 1784 5773 ὀφθαλμοὺς,
1884 5700 2091 5769 γρυπὸς

513 5813 636 5877 ἢτοι
712 5807 916 5876 ἐπίριν,
953 5800 1452 5874 μακροπρόσωπος,
1489 5791 1963 5865 μακροτράχηλος,
2001 5790 2092 5842 εῦ-

522 5904 619 5972 ρῦς
668 5900 793 5962 τοὺς
850 5896 1054 5967 ὅιμους,
1107 5890 1533 5965 φιλογράπεζος,
1623 5884 1889 5954 φίλοινος,
1964 5880 2095 5952 ἡδὺς

2175 4697 2272 4737 eos
2304 4681 2728 4751 insequerentur
2752 4700 2766 4745 ;
2794 4690 3068 4749 noctuque
3099 4680 3374 4734 irruentes
3402 4694 3594 4733 eorum
3623 4687 3763 4733 stra-

2179 4789 2301 4844 gem
2347 4773 2597 4827 fecerunt
2647 4782 2704 4828 et
2751 4771 3230 4835 contrucidarunt,
3279 4771 3653 4842 praedamque,
3699 4786 3763 4824 ac

2182 4875 2452 4936 quotquot
2477 4865 2722 4935 captivos
2758 4864 3056 4928 habebant,
3085 4871 3433 4933 receperunt.

2253 4957 2304 5011 9.
2342 4957 2530 5015 Aiunt.
2568 4974 2677 5026 quo
2706 4967 2951 5025 tempore
2976 4964 3136 5009 natus
3159 4963 3242 5009 est
3273 4953 3766 5024 Porphyrogenneo

2187 5059 2295 5113 tus,
2340 5051 2843 5120 splendidnjubare
2881 5052 3108 5106 stellam.
3142 5058 3486 5117 conspectam
3511 5062 3670 5107 esse;
3704 5059 3768 5102 ac

2187 5156 2380 5195 rursus
2415 5156 2524 5209 quo
2580 5139 2919 5194 obdormivit
2967 5156 3031 5194 ac
3078 5139 3215 5192 vivis
3249 5138 3504 5197 excessit,
3553 5136 3765 5190 stellam

2188 5228 2510 5299 apparuisse
2539 5229 2797 5285 obscuris
2824 5228 2999 5283 radiis
3031 5227 3287 5296 tristique
3321 5225 3545 5280 micatu.
3578 5224 3770 5279 Extre-

2191 5337 2338 5375 mum
2369 5337 2502 5391 ergo
2543 5320 2833 5385 laborans,
2875 5336 2937 5374 ac
2968 5320 3217 5373 Romano
3264 5317 3379 5372 ﬁlio
3437 5316 3770 5386 imperatore

2191 5424 2396 5479 creato,
2432 5416 2633 5470 etilavit
2663 5415 2901 5468 animam
2929 5429 2941 5475 ;
2971 5413 3138 5481 inque
3174 5412 3499 5466 Sanctorum
3540 5408 3770 5477 Aposto-

2192 5510 2370 5563 lorum
2405 5508 2607 5577 templo
2634 5521 2757 5560 cum
2788 5504 2968 5558 Leone
2997 5510 3151 5571 patre
3178 5516 3279 5555 suo
3311 5499 3598 5570 sepelitur.
3645 5498 3773 5552 Erat

2193 5611 2401 5656 statura
2461 5614 2758 5669 procerus,
2807 5595 3049 5650 candore
3097 5593 3314 5656 niveus,
3374 5592 3553 5662 plenis
3600 5591 3776 5644 oculis

2195 5695 2475 5765 gratisque
2512 5690 2840 5747 luminibus,
2882 5703 3014 5741 naso
3053 5686 3320 5756 aquilino,
3354 5685 3593 5753 oblongo
3622 5682 3773 5736 vultu

2197 5804 2260 5843 ac
2293 5786 2457 5843 colle.
2504 5783 2631 5837 latis
2662 5779 2929 5845 humeris,
2967 5792 3283 5833 mensarum
3315 5789 3505 5829 amans
3547 5788 3611 5828 ac
3640 5770 3777 5832 vini,

2199 5878 2419 5948 eloquio
2448 5875 2643 5931 dulcis.
2678 5871 2823 5927 Vixit
2848 5886 3022 5926 annos
3049 5868 3291 5941 quinque
3317 5879 3482 5936 supra
3512 5862 3779 5934 quinqua—
