4124 6422
471 381 578 447 8l9

1721 380 2027 441 SYMEON
2034 381 2109 441 IS
2147 380 2521 443 MAGISTRI

3652 379 3757 443 $23

470 496 642 568 ginta.
668 494 914 550 Mortuus
933 500 1019 547 est
1044 490 1251 546 mensis
1268 490 1595 547 Novembris
1614 491 1805 560 quinta
1827 491 2057 554 decima,

2168 496 2283 557 τοῖς
2308 494 2512 563 λύγοις.
2548 494 2749 563 Ἔζησε
2779 494 2837 549 δὲ
2896 495 3123 565 χρόνους
3160 501 3253 559 νεν,
3297 496 3392 549 καὶ
3439 495 3758 562 ἐτελεύτησε

437 647 449 669 ³
472 586 777 641 indictione
809 594 982 648 sexta,
1015 583 1145 638 anni
1177 582 1341 644 6456,
1370 583 1563 638 relicto
1590 583 1922 653 imperatore
1953 585 2064 639 Ro-

472 696 634 736 mano
665 679 776 734 lilio
806 694 908 734 suo
944 693 1070 733 cum
1098 678 1304 732 Helena
1333 678 1456 748 ejus
1487 685 1682 732 matre.

438 933 838 1023 νΒοηιαιιογιιηι
887 933 1183 1056 imperatlolr}
1219 930 1492 1055 Rznzan‘iits
1531 947 1699 985 annos
1728 929 1835 996 III,
1864 946 2063 983 menses

1191 1044 1205 1056 .
1304 1020 1376 1055 res
1462 1043 1472 1054 .

1191 1044 1205 1068 ,
1267 1020 1376 1055 area
1421 1020 1472 1055 γ.

545 1138 730 1193 Mundi
758 1136 1105 1199 annusGtSG,
1128 1134 1327 1189 divinae
1348 1132 1745 1188 incarnationis
1764 1148 1911 1187 anno
1933 1132 2061 1195 956,
2092 1182 2097 1191 ,

477 1231 850 1285 Romanorum
886 1229 1179 1297 imperator
1195 1226 1476 1279 Romanus
1508 1237 1685 1276 annos
1702 1224 1754 1286 5,
1778 1223 2059 1285 ιιιοιιερεῦ,

475 1322 594 1377 dies
626 1322 676 1376 5.
721 1321 851 1375 Erat
882 1328 1039 1373 aetate
1075 1319 1324 1387 juvenis,
1370 1324 1561 1385 vegeto
1594 1312 1754 1383 757
1806 1326 2059 1382 corpore,

475 1414 677 1469 tritieei
702 1412 927 1475 coloris,
953 1410 1203 1465 venustis
1234 1407 1433 1472 oculis,
1466 1422 1600 1460 naso
1632 1406 1871 1466 adunco,
1904 1412 2061 1474 grato

472 1516 718 1576 aspectu,
749 1504 896 1559 dulci
940 1516 1217 1565 sermone,
1266 1507 1424 1554 recta
1462 1506 1671 1553 statura
1725 1494 1967 1567 cypressi
2006 1494 2059 1546 in

470 1613 706 1659 morem,
729 1596 856 1650 latis
885 1595 1152 1656 humeris,
1196 1592 1417 1662 quietus
1447 1606 1510 1645 ac
1541 1589 1704 1644 lenis.
1753 1588 2002 1643 Relietus
2028 1602 2058 1640 a

470 1696 628 1758 patre
670 1685 1035 1742 Constantino
1068 1683 1597 1754 Porpbyrogenneto
1632 1680 1935 1750 imperator
1958 1694 2059 1731 an-

469 1794 603 1833 num
642 1792 813 1849 agens
842 1776 1171 1853 vigesimum
1204 1776 1441 1846 primum
1471 1815 1486 1838 ,
1529 1788 1652 1829 eum
1715 1772 1918 1827 Basilio
1947 1770 2059 1823 lilio

2170 589 2302 657 μηνὶ
2333 587 2626 659 Νοεμϐρίῳ
2656 595 2737 654 ιε’,
2768 589 3100 651 ίνδικτιῶνος
3142 595 3219 653 ς’.
3251 589 3405 652 ἔτους
3431 590 3632 661 ιςυνςέ,
3660 608 3750 642 xa-

2165 680 2428 750 ταλείψας
2455 682 2842 753 αὐτοκράτορα
2881 682 3165 753 Ῥωμανὸν
3190 683 3281 736 τὸν
3307 681 3423 735 υἱον
3448 683 3615 737 αὑτοῦ
3638 685 3759 753 μεθ’

2177 772 2397 844 Ἑλένης
2423 775 2523 843 τῆς
2560 775 2767 843 μητρὸς
2794 775 2984 829 αὐτοῦ.

2182 930 2482 999 Ῥωμαίων
2543 928 2849 999 ,ϐασιλεὺς
2909 929 3211 999 Ῥωμανύς
3258 931 3361 998 ἐτη
3423 936 3494 999 τ’,
3557 930 3762 999 μῆνας

2730 998 2799 1069 γ’.
2827 998 3052 1071 ἡμέρατ
3097 1008 3166 1055 ε’.

2232 1136 2456 1206 Κόσμου
2490 1136 2608 1199 ἔτος
2640 1144 2843 1202 ,ςυνςή
2880 1136 3030 1199 θείας
3064 1136 3400 1206 σαρκώσεως
3431 1134 3544 1188 ἔτει
3597 1135 3760 1201 ἓνςπ

2176 1228 2466 1296 Ῥωμαίων
2495 1228 2751 1297 βασιλεὺς
2785 1227 3061 1297 Ῥωμανὺς
3094 1226 3186 1297 ἔτη
3212 1234 3282 1294 γ’,
3316 1226 3492 1295 μῆνας
3518 1223 3589 1291 γ’,
3622 1224 3763 1293 ἠμέ-

2165 1336 2267 1389 ρας
2292 1326 2352 1373 ε’.
2382 1315 2493 1373 Ἦν
2525 1319 2582 1371 δὲ
2617 1320 2717 1389 τὴν
2746 1319 2970 1389 ἡλικίαν
3014 1317 3155 1381 νέος,
3215 1317 3467 1385 σφριγῶν
3519 1314 3599 1385 τῷ
3652 1315 3761 1366 σώ-

2167 1429 2320 1482 ματι,
2349 1412 2651 1481 σιτόχροος,
2685 1412 2772 1483 [Ρ.
2807 1412 2935 1483 497]
2998 1409 3363 1479 εὐόφθαλμος,
3418 1409 3624 1479 ὲπίριν,
3662 1425 3760 1477 χα-

2167 1503 2351 1574 ροπὸς,
2379 1503 2586 1570 γλυκὺς
2615 1504 2727 1566 τοῖς
2754 1504 3019 1572 ῥήμασιν,
3047 1501 3230 1572 ὄρθιος
3265 1501 3341 1563 ὡς
3395 1500 3754 1569 κυπάρισσος,

2162 1596 2325 1665 εὐρὺς
2353 1595 2479 1657 τοὺς
2509 1594 2715 1664 ὤμους,
2746 1596 2946 1665 ἥσυχος
2992 1596 3085 1646 καὶ
3132 1595 3431 1663 προσηνής.
3490 1591 3758 1644 Καταλει-

2163 1692 2318 1757 φθεὶς
2344 1688 2402 1741 δὲ
2444 1689 2805 1760 αὐτοκράτωρ
2832 1688 2983 1759 παρὰ
3004 1689 3099 1741 τοῦ
3148 1688 3355 1758 πατρὸς
3388 1686 3552 1740 αὑτοῦ
3600 1689 3756 1739 Κωκ-

2165 1784 2447 1835 σταντίνου
2496 1784 2591 1836 τοῦ
2644 1785 3165 1853 Πορφυρογεννήτου
3213 1780 3452 1834 ἐτῶνῶν
3504 1778 3609 1843 κα⁹,
3659 1781 3755 1832 σὺν

468 1874 699 1942 ejusque
728 1880 903 1924 matre
928 1870 1135 1924 Helena
1156 1876 1214 1923 et
1253 1883 1423 1923 uxore
1456 1865 1890 1935 Theophanone,
1925 1878 2049 1917 mox

2160 1874 2421 1944 Βασιλείῳ
2461 1875 2538 1943 τῷ
2598 1875 2699 1944 υἱῷ
2757 1875 2923 1928 αὑτοῦ
2974 1875 3295 1941 ὲνιαυσιαίῳ
3326 1873 3438 1925 ὄντι
3538 1872 3635 1923 καὶ
3685 1874 3749 1939 τῇ

469 1967 646 2035 patris
670 1967 754 2020 sui
789 1964 1123 2019 domesticos
1167 1971 1333 2033 atque
1357 1961 1585 2026 aulicos,
1622 1959 1921 2030 majoribus
1955 1973 2052 2011 au-

471 2068 589 2113 ctos
626 2057 931 2112 bonOribus
962 2072 1027 2110 ac
1065 2054 1427 2125 dignitatibus
1457 2060 1746 2122 provectos
1778 2050 2051 2118 donisque

469 2150 619 2221 large
663 2148 888 2211 ditatos,
937 2149 1058 2202 aula
1102 2146 1266 2217 ejecit
1302 2164 1315 2211 ;
1349 2145 1624 2216 elegitque
1667 2159 1731 2199 ae
1775 2142 2053 2212 cooptavit

470 2242 920 2297 administranda:
956 2242 1190 2312 publica:
1219 2240 1295 2295 rei
1334 2240 1516 2295 socios
1554 2255 1618 2293 ac
1648 2248 1873 2301 senatus
1904 2236 2055 2305 prin-

470 2334 623 2403 cipes
635 2334 935 2406 Josephum
956 2333 1250 2405 patricium
1270 2347 1326 2388 et
1346 2333 1426 2387 rei
1446 2330 2051 2400 uavalisdrungarium,

398 2448 401 2451 ν
470 2443 635 2497 quem
668 2438 725 2483 et
755 2428 910 2482 brevi
938 2436 1061 2496 post
1090 2427 1466 2482 accubitorem
1497 2424 1626 2479 fecit
1652 2423 1814 2493 (sacri
1844 2421 2056 2476 scilicet

471 2519 715 2575 cubiculi
741 2520 1021 2588 totiusque
1034 2518 1114 2573 rei
1143 2518 1459 2574 domestica:
1489 2514 1861 2585 praefectum);
1888 2513 2024 2567 Joan
2038 2541 2056 2552 -

473 2628 601 2667 nem
634 2611 1166 2681 protospatharium,
1204 2626 1367 2680 quem
1396 2608 1667 2664 Chmnum
1702 2614 2055 2674 voeant,'pa-

473 2705 695 2761 trieium
735 2704 981 2776 praefecit
1014 2719 1079 2760 ac
1116 2718 1376 2774 magnum
1411 2699 1831 2757 beueriarcham
1865 2715 1880 2763 ;
1923 2696 2058 2751 Sisi-

471 2796 624 2851 nium
675 2811 805 2850 vero
860 2794 1369 2865 protospatharium
1424 2789 1846 2847 exsacellarium
1903 2787 2059 2842 urbis

470 2888 793 2959 praefectum
841 2886 1081 2953 ereavit,
1138 2884 1403 2954 brevique
1460 2891 1585 2954 post
1646 2881 1941 2953 patricium
1995 2895 2059 2934 ac
2108 2896 2111 2897 ν

469 2981 778 3054 generalem
805 2981 1163 3051 logothetam.
1191 2978 1442 3044 Sorores,
1485 2976 1655 3041 Zoen,
1687 2974 2056 3037 Theodoram,

470 3080 755 3152 Agatham,
796 3075 1263 3145 Theophanonem
1296 3080 1352 3126 et
1395 3072 1628 3135 Annam,
1656 3069 1777 3125 aula
1808 3068 2060 3123 detrusas

469 3172 537 3228 ad
589 3170 734 3226 aedes
778 3169 977 3239 regias,
1021 3180 1158 3236 quas
1206 3161 1425 3217 canielii
1480 3167 1703 3224 vocant,
1743 3158 1838 3213 ubi
1892 3157 2058 3212 etiam

472 3262 678 3332 Sophia
718 3256 1105 3327 Christophori
1146 3253 1496 3325 imperatoris
1530 3266 1668 3306 uxor
1691 3250 1867 3321 posita
1896 3265 2051 3304 coma

472 3353 726 3421 degebat,
772 3348 1094 3413 transtulit;
1127 3363 1192 3401 ac
1237 3353 1360 3416 post
1390 3345 1509 3399 dies
1556 3344 1768 3413 aliquot
1799 3342 2050 3396 Antiochi

378 3482 381 3489 ι
470 3446 684 3501 :cdibus
707 3459 801 3499 eas
838 3440 1158 3513 assignavit,
1199 3438 1468 3509 Agatham
1497 3436 1566 3491 ad
1596 3436 1994 3493 monasterium
2023 3451 2053 3490 a

473 3542 720 3594 Ilomano
743 3538 917 3608 ipsius
937 3551 1038 3590 avo
1069 3534 1355 3589 conditum
1374 3531 1547 3595 misit,
1580 3546 1645 3585 ac
1664 3545 1801 3601 quos
1826 3530 1881 3584 in
1906 3529 2054 3598 regia

470 3642 725 3703 sumptus
756 3630 1126 3700 accipiebant,
1157 3625 1380 3682 eosdem
1413 3625 1521 3679 illis
1553 3621 1893 3694 praestandos
1924 3636 2055 3675 eon-

470 3726 673 3783 stituit.
714 3724 1040 3780 Scholarum
1078 3718 1447 3776 domesticum
1476 3733 1539 3771 ac
1572 3716 1864 3786 patricium
1897 3714 2058 3768 Nice—

469 3821 706 3892 phorum
744 3817 979 3872 Phoeam
1012 3812 1259 3883 magistri
1289 3812 1502 3865 honore
1542 3808 1696 3864 auxit
1723 3816 1780 3863 et
1806 3808 1859 3861 in
1892 3805 2058 3876 758

470 3914 655 3968 Asiam
689 3911 861 3967 misit.
908 3908 1179 3963 Similiter
1205 3906 1374 3962 etiam
1404 3906 1527 3977 ejus
1557 3904 1783 3959 fratrem
1812 3903 2053 3958 Leonem

471 4007 762 4077 patricium
822 4003 1145 4073 magistrum
1196 4008 1254 4056 et
1314 3998 1631 4055 Occidentis
1687 3997 2054 4052 domesticum

469 4103 619 4157 fecit.
652 4101 774 4169 ipse
803 4097 1190 4153 venationibus
1229 4102 1378 4148 totus
1423 4090 1767 4161 indulgebat,
1803 4089 2053 4145 ciborum

471 4196 658 4252 helluo
688 4210 750 4249 ac
776 4193 888 4246 vini
922 4201 1102 4261 potor.
1136 4188 1317 4242 Alium
1347 4199 1567 4255 quoque
1602 4194 1760 4253 patre
1792 4181 2056 4236 defuncto

469 4288 717 4357 suscepit
752 4287 945 4345 lilium,
989 4296 1152 4351 quem
1187 4289 1242 4335 et
1269 4275 1692 4333 Constantinum
1728 4273 2053 4337 nominavit,

469 4396 533 4436 ac
560 4380 711 4434 brevi
739 4386 863 4447 post
886 4392 984 4446 per
1006 4374 1363 4445 Polyeuctum
1378 4366 1820 4438 patriarchamin
1843 4365 2057 4420 Sanctae

470 4472 691 4542 Sophia
719 4470 954 4525 amboue
985 4464 1269 4537 Augustali
1315 4476 1519 4519 corona
1564 4458 1809 4514 donavit.
1852 4459 2056 4514 llelena

2157 1966 2325 2039 μητρὶ
2354 1966 2520 2021 αὑτοῦ
2588 1967 2774 2037 Ἑλένη
2841 1968 2934 2020 καὶ
2988 1968 3053 2037 τῇ
3104 1965 3345 2033 συνεύνῳ
3397 1961 3562 2017 αὐτοῦ
3619 1962 3748 2014 Θεο-

2154 2059 2329 2127 φανῷ.
2393 2060 2502 2113 Ka‘t
2580 2058 2828 2128 παρευθὺ
2902 2056 3030 2120 τοὺς
3102 2055 3422 2126 ἀνθρώπους
3486 2052 3584 2106 τοῦ
3646 2068 3754 2105 πα-

2154 2151 2281 2220 τρὸς
2312 2150 2477 2203 αὐτοῦ
2526 2150 2583 2203 ἐν
2609 2148 2884 2219 ἀξιώμασι
2950 2149 3228 2217 μεγίστοις
3298 2142 3745 2216 ὑπερανεϐίϐασε

2154 2245 2251 2297 καὶ
2317 2242 2512 2313 δώροις
2582 2242 3021 2303 καταπλουτίσας
3082 2241 3178 2293 τοῦ
3264 2239 3530 2293 παλατίου
3605 2253 3753 2289 κατ-

2155 2338 2391 2408 ήγαγεν,
2467 2336 2751 2402 ἐξελέξατο
2799 2336 2857 2388 δὲ
2910 2336 3005 2388 καὶ
3069 2334 3359 2404 προέκρινε
3434 2334 3749 2401 παραξυναο

2158 2431 2449 2494 στεύοντας
2474 2431 2569 2483 καὶ
2604 2432 2853 2501 πρώτους
2881 2429 2981 2498 τῆς
3018 2426 3324 2498 συγκλήτου
3398 2426 3597 2495 Ἰωσὴφ
3647 2442 3750 2475 za-

2156 2525 2372 2594 τρίκιον
2398 2524 2491 2577 καὶ
2518 2523 2884 2594 δρουγγάριον
2940 2522 3049 2575 τῶν
3082 2522 3370 2590 πλωϊμων,
3426 2520 3608 2572 ὅντινα
3656 2519 3751 2570 καὶ

2162 2617 2301 2687 μετὰ
2329 2616 2504 2686 βραχὺ
2546 2614 3043 2687 παρακοιμώμενον
3065 2614 3323 2684 ἐποίησεν
3388 2610 3482 2665 τὸν
3514 2610 3573 2663 δὲ
3600 2627 3751 2681 πρω-

2158 2709 2527 2778 τοσπαθάριον
2591 2708 2848 2773 Ἰωάννην
2906 2707 2997 2759 τὸν
3048 2705 3241 2759 Χοινὸν
3306 2706 3597 2775 πατρίκιον
3655 2705 3752 2757 καὶ

2164 2802 2338 2873 μέγαν
2390 2800 2781 2873 ἑταιρειάρχην
2832 2799 3188 2870 προεϐάλετο,
3213 2798 3306 2850 τὸν
3335 2796 3392 2849 δὲ
3424 2811 3753 2866 ιτιρωτοστεα-⁵

2162 2896 2351 2967 θάριον
2387 2894 2621 2947 Σισίνιον
2650 2893 2742 2947 τὸν
2791 2892 2898 2945 ἀπὸ
2931 2890 3215 2945 σακελλίου
3254 2891 3493 2960 ἔπαρχον
3541 2889 3749 2948 πόλεως

2160 2988 2573 3060 ἐχειροτόνησεν
2605 2987 2699 3040 καλ⁵
2726 2985 2864 3055 μετὰ
2916 2983 3089 3055 βραχὺ
3130 2983 3418 3054 πατρίκιον
3470 2982 3566 3034 καὶ
3607 2998 3753 3049 γενι-

2162 3083 2256 3136 κὸν
2281 3081 2592 3149 λογοθέτην.
2626 3079 2738 3141 Τὰς
2805 3078 2862 3131 δὲ
2913 3078 3149 3145 ἀδελφὰς
3207 3074 3395 3137 αὐτοῦ,
3456 3074 3611 3142 Ζωὴν
3656 3072 3751 3125 καὶ

2085 3186 2129 3248 ρ
2163 3176 2448 3245 Θεοδώραν
2486 3171 2783 3245 [Ἀγάθην]
2830 3172 2924 3225 καὶ
2949 3169 3209 3238 Θεοφανῶ
3240 3169 3336 3222 καὶ
3386 3169 3606 3230 Ἅνναν,
3642 3164 3749 3217 ἀπὸ

2162 3269 2272 3321 τῶν
2305 3263 2603 3337 βασιλικῶν
2626 3266 2909 3333 κατήγαγε
2937 3263 3138 3331 δόμων,
3171 3263 3264 3315 καὶ
3309 3263 3387 3321 εἰς
3418 3258 3509 3311 τὸν
3546 3257 3750 3327 βασιλι-

2163 3362 2260 3414 κὸν
2281 3357 2432 3416 οἷκον
2454 3359 2547 3412 τὸν
2582 3358 2878 3426 λεγόμενον
2903 3356 3251 3417 Κανικλείου,
3285 3356 3341 3406 ἐν
3371 3345 3415 3419 ᾧ
3458 3351 3551 3405 καὶ
3579 3348 3752 3417 Σοφία

2162 3454 2505 3524 Αὐγοῦσταὴ
2538 3453 2634 3507 τοῦ
2686 3451 3060 3521 Χριστοφόρου
3102 3448 3365 3519 βασιλέως
3421 3443 3631 3515 γαμετὴ
3682 3437 3750 3513 ἦν

2164 3547 2621 3617 ἀποκεκαρμένη,
2653 3546 2955 3612 ἐπήγαγεν,
2981 3542 3075 3595 καὶ
3104 3541 3241 3611 μετὰ
3267 3540 3582 3592 διίππευσιν
3609 3538 3747 3607 ἡμε-

2167 3641 2276 3710 ρῶν
2308 3641 2386 3703 εἱς
2416 3640 2476 3692 τὸ
2516 3640 2791 3708 Ἀντιόχου
2818 3637 3157 3707 ἐκλήρωσεν.
3181 3635 3290 3704 Τὴν
3314 3634 3369 3686 δὲ
3407 3632 3638 3699 Ἀγάθην
3668 3631 3746 3690 εἰς

2163 3732 2490 3803 τὸίδρυνθὲν
2521 3733 2939 3801 φροντιστήριον
2975 3730 3125 3798 παρὰ
3168 3726 3451 3797 Ῥωμανοῦ
3509 3722 3602 3776 τοῦ
3650 3719 3743 3790 βι-

2166 3823 2361 3887 σιλέως
2385 3823 2481 3876 καὶ
2506 3825 2736 3877 πάππου
2751 3821 2917 3874 αὐτοῦ
2956 3821 3298 3883 ἀπέστειλεν,
3328 3820 3421 3871 καὶ
3452 3815 3743 3885 διωρίσατο

2163 3915 2515 3989 χορηγεῖσθαι
2566 3917 2757 3981 αὐτοῖς
2798 3916 2835 3969 ἃ
2868 3915 2960 3968 καὶ
2988 3917 3046 3967 ἐν
3080 3913 3155 3984 τῷ
3204 3912 3449 3981 παλατίῳ
3494 3908 3744 3964 ἐδίδοντο.

2164 4013 2270 4065 Τὸν
2302 4011 2359 4064 δὶ
2387 4010 2711 4080 δομέστικον
2743 4009 2851 4063 τῶν
2878 4009 3084 4079 σχολῶν
3116 4007 3210 4061 καὶ
3245 4006 3535 4077 πατρίκιος)
3569 4004 3747 4071 Νικη-

2166 4107 2332 4176 φόρον
2377 4106 2469 4157 τὸν
2498 4106 2692 4158 Φωκᾶν
2751 4105 3050 4173 μὰγιστρον
3104 4102 3363 4170 ἐτίμησεν
3413 4100 3506 4150 καὶ
3565 4100 3620 4148 ἐν
3681 4098 3747 4165 τῇ

2176 4198 2433 4269 Ἀνατολῇ
2484 4197 2811 4265 ἐξέπεμψεν.
2848 4195 3124 4257 Ὡσαύτως
3152 4194 3243 4247 καὶ
3273 4191 3362 4245 τὸν
3389 4189 3620 4259 ἀδελφὸν
3648 4188 3747 4239 αὐ-

2162 4291 2256 4343 τοῦ
2290 4292 2579 4361 πατρίκιον
2612 4290 2813 4343 Λέοντα
2848 4291 3149 4358 μάγιστρον
3176 4288 3267 4339 καὶ
3306 4285 3623 4354 δομέστικον
3649 4281 3748 4347 τῆς

2165 4386 2381 4449 Δύσεως
2417 4384 2690 4453 ἐποίησεν.
2738 4384 2845 4438 Καὶ
2877 4383 3040 4446 αὐτὸς
3079 4379 3146 4453 ἦν
3203 4380 3628 4451 εὐφραινόμενος
3689 4376 3747 4426 ἐν

2165 4475 2445 4545 κυνηγίοις
2484 4476 2578 4528 καὶ
2607 4474 2803 4545 θήραις
2832 4475 2902 4527 δι’
2931 4475 3053 4527 ὅλου
3068 4474 3407 4544 ἁϐροδίαιτος
3436 4468 3741 4537 τυγχάνων.

470 4569 715 4635 Augusta
771 4564 825 4618 in
875 4564 999 4617 aula
1039 4566 1257 4614 versata
1304 4571 1431 4610 cum
1483 4555 1840 4624 imperatore,
1878 4552 2057 4608 donec

2178 4569 2466 4635 Ἐγέννησε
2491 4569 2584 4620 καὶ
2602 4570 2787 4638 ἕτερον
2819 4567 2934 4620 υἱὸν
2970 4567 3107 4637 μετὰ
3151 4566 3379 4620 θάνατον
3416 4562 3509 4615 τοῦ
3539 4557 3745 4628 πατρὸς

472 4660 665 4713 morbo
703 4667 956 4726 correpta
1005 4652 1213 4707 mensis
1254 4649 1599 4717 Septembris
1639 4646 1855 4707 decima
1906 4662 2051 4703 nona

470 4750 785 4805 diomobiit.
809 4746 1033 4817 Sepulta
1061 4752 1147 4799 est
1174 4744 1228 4797 iu
1258 4741 1431 4810 patris
1450 4742 1534 4803 sui
1558 4742 1786 4795 Romani
1808 4741 2052 4810 impera-

472 4844 608 4897 toris
634 4839 990 4900 mouasterio,
1009 4847 1173 4905 atque
1197 4835 1249 4888 in
1271 4848 1406 4887 urna
1430 4848 1600 4901 prope
1622 4834 1775 4887 illum
1795 4835 2039 4892 condita.

2162 4658 2349 4721 αὐτοῦ,
2392 4662 2483 4710 καὶ
2544 4660 2950 4711 Κωνσταντῖνον
3006 4658 3167 4713 αὐτὸν
3212 4655 3528 4722 ὠνόμασεν·
3560 4650 3618 4711 ὃς
3653 4645 3745 4697 καὶ

2165 4753 2283 4820 μετ’
2319 4751 2376 4803 οὐ
2406 4750 2539 4802 πολὺ
2604 4750 2842 4819 ὲστέφθη
2878 4749 3027 4819 παρὰ
3087 4746 3422 4799 Πολυεύκτου
3468 4738 3741 4804 πατριάρ-

2156 4862 2249 4912 χου
2284 4846 2341 4895 ἐν
2367 4842 2445 4911 τῷ
2485 4842 2701 4911 tithth
2760 4842 2860 4911 τῆς
2891 4841 3079 4907 Ἀγίας
3110 4837 3323 4901 Σοφίας-
3354 4830 3489 4883 Ἡδὲ
3526 4826 3739 4890 Αὐγοῦ’

470 4956 571 4992 στα
620 4935 811 5003 Ἑλένη
846 4934 902 4983 ἐν
962 4929 1041 4999 τῷ
1080 4926 1327 4995 παλατίῳ
1380 4927 1547 4992 συνῆν
1579 4926 1659 4994 τῷ
1703 4926 1934 4996 βασιλεῖ,
1964 4932 2067 4994 ἕως
2122 4936 2525 5007 ἀρρωστήσασα
2563 4935 2704 4986 κατὰ
2734 4934 2829 5003 τὴν
2884 4930 2948 4983 ιθ¹
2987 4929 3081 4981 τοῦ
3140 4923 3517 4993 Σεπτεμϐρίου
3572 4923 3741 4992 μηνὸς

466 5032 761 5099 τέθνηκεν’
790 5027 886 5080 καὶ
915 5023 1178 5093 κατετέθη
1213 5024 1269 5075 ὲν
1301 5025 1365 5093 τῇ
1399 5025 1532 5093 μονῇ
1584 5021 1680 5075 τοῦ
1734 5025 1942 5095 πατρὸς
1984 5028 2175 5100 αὐτῆς,
2246 5029 2531 5099 Ῥωμανοῦ
2576 5029 2669 5083 τοῦ
2706 5026 3010 5098 βασιλέως,
3058 5024 3129 5075 ιὲν
3209 5021 3438 5089 λάρνακι
3512 5018 3776 5088 πλησίον,

464 5123 562 5179 τοῦ
599 5120 805 5189 πατρὸς
835 5119 1029 5186 αὐτῆς.

535 5214 592 5269 2.
638 5212 781 5267 Misit
815 5220 999 5266 autem
1049 5210 1351 5280 imperator
1392 5208 1761 5277 Nicephorum
1811 5212 2048 5267 Phoram

472 5306 791 5375 magistrum
827 5319 892 5358 ac
931 5303 1297 5358 domesticum
1348 5317 1475 5355 eum
1528 5301 1848 5371 ingentibus
1884 5306 2060 5374 copiis

465 5414 532 5453 ac
562 5398 837 5452 navalium
864 5398 1016 5466 gravi
1039 5405 1304 5465 apparatu
1330 5396 1562 5465 igneque
1579 5396 1769 5449 GRECO
1792 5397 2059 5453 adversus

464 5492 708 5547 Cretam.
742 5489 944 5543 Fuerat
970 5488 1131 5543 Creta
1166 5489 1423 5541 Romanae
1455 5486 1704 5549 ditionis,
1736 5489 1913 5544 donec
1950 5490 2055 5543 im-

464 5592 696 5653 perante
729 5582 991 5637 Michaele
1018 5582 1185 5634 Balbo
1208 5581 1499 5649 Theophili
1529 5590 1683 5650 patre
1707 5598 1735 5635 a
1765 5582 2055 5637 Saracenis

466 5675 721 5744 Hispanis
756 5684 916 5743 capta
938 5684 1044 5735 est.
1072 5674 1316 5728 Romana
1352 5675 1572 5729 interim
1595 5677 1766 5730 classe
1788 5686 2052 5746 occupata

467 5778 532 5817 ac
566 5764 744 5832 copiis
782 5764 1195 5834 comprimenda
1224 5766 1378 5819 stulti
1410 5766 1633 5821 Thomre
1662 5770 1951 5839 tyrannide
1988 5783 2051 5824 ac

469 5854 790 5919 rebellione,
834 5856 926 5924 qui
970 5856 1220 5925 ejusdem
1249 5858 1453 5913 sodalis
1480 5876 1541 5915 ac
1572 5863 1874 5918 commilito
1900 5872 2049 5918 {ante

2229 5212 2293 5283 β’.
2327 5213 2504 5267 Τονδὲ
2548 5212 2846 5280 μάγιστρον
2908 5205 3003 5257 καὶ
3044 5203 3364 5273 ὼμέστικον
3416 5202 3736 5272 Νικηφόρον

2153 5310 2245 5361 τὸν
2269 5310 2465 5361 Φωκᾶν
2494 5308 2522 5359 ὁ
2558 5300 2813 5373 βασιλεὺς
2867 5297 3004 5367 μετὰ
3065 5295 3355 5365 στρατείας
3404 5295 3604 5364 πολλῆς
3646 5296 3739 5347 καὶ

2154 5402 2483 5467 ὲξοπλίσεως
2517 5396 2716 5449 πλοίων
2748 5390 3063 5460 πολεμικῶν
3092 5390 3184 5441 καὶ
3236 5388 3407 5460 ὑγροῦ
3436 5389 3607 5459 πυρὸς
3659 5389 3737 5451 εἰς

2150 5495 2250 5565 τὴν
2284 5492 2508 5561 Κρήτην
2530 5486 2872 5549 ἀπέστειλεν,
2909 5487 3030 5556 ἥτις
3076 5484 3181 5536 ὑπὸ
3215 5483 3518 5552 Ῥωμαίους
3552 5483 3649 5551 μὲν
3671 5478 3737 5551 ἦν

2149 5589 2210 5641 τὸ
2238 5586 2524 5656 πρότερον,
2554 5583 2646 5634 ἐπὶ
2681 5581 2737 5634 δὲ
2777 5581 2875 5649 τῆς
2909 5580 3188 5649 βασιλείας
3205 5576 3421 5647 Μιχαὴλ
3437 5576 3530 5629 τοῦ
3559 5576 3736 5644 Τραυ-

2148 5678 2242 5733 λοῦ
2276 5678 2371 5731 τοῦ
2395 5675 2603 5746 πατρὸς
2643 5674 2902 5743 Θεοφίλου
2970 5672 3245 5744 ἐκρατήθη
3298 5670 3404 5722 ὑπὸ
3460 5670 3570 5721 τῶν
3628 5668 3737 5718 ἀπὸ

2166 5770 2441 5833 Ἱσπανίας
2467 5768 2803 5822 ἀνελθόντων
2830 5766 3166 5836 Σαρακηνὼν
3197 5764 3285 5816 διὰ
3325 5763 3385 5814 τὸ
3434 5759 3733 5830 τηνικαῦτα

2149 5864 2492 5935 ἀσχολεῖσθαι
2516 5866 2581 5917 τὰ
2618 5864 2901 5933 Ῥωμσῖκλ
2960 5858 3356 5930 ,στρατεύματα
3416 5858 3493 5917 εἷς
3518 5854 3612 5924 τὴν
3644 5871 3732 5905 τυ·

2491 5969 2558 5995 ο
