4124 6422
439 398 544 464 821

1180 402 1644 462 ANNALES.-
1678 403 2051 464 ROMANUS
2088 401 2504 471 CONSTANT.
2548 410 2925 472 PORPHYR.
2967 413 3033 472 F.

3611 410 3718 472 822

446 512 668 581 ραννίδα
681 513 776 567 καὶ
798 510 1091 566 στάσιντοῦ
1119 513 1388 583 ἀντάρτου
1421 514 1753 584 Μωροθωμᾶ
1767 514 1852 586 [Ρ.
1889 512 2013 585 498]

2146 517 2429 574 εχειίῑειτιι.
2476 519 2779 574 Fluxerant
2824 519 2954 573 anni
3004 536 3068 574 ex
3110 536 3221 590 quo
3254 522 3374 593 ejus
3426 522 3505 576 illi
3554 522 3719 591 potiti

440 604 538 657 τοῦ
576 603 877 673 συντρόφου
919 605 1159 675 Μιχαὴλ,
1211 604 1288 668 ῶς
1344 606 1597 673 γενέσθαι
1661 607 1763 678 τὴν
1825 608 2026 676 ταύτης

2131 618 2317 671 erant,
2347 624 2521 679 usque
2560 611 2690 664 dum
2720 611 2922 665 iterum
2951 626 2982 665 a
3015 610 3327 681 Nicephoro
3365 613 3628 684 magistro
3657 629 3724 666 ac

463 696 628 763 νήσου
659 695 949 764 κράτησιν,
975 695 1080 759 ἕως
1120 696 1448 767 τῆςήμέρας
1470 690 1537 770 ἧς
1568 697 1728 752 πάλιν
1751 697 2023 767 ὲπορθήθη

2146 696 2436 754 lomestico
2454 712 2762 773 expugnata
2779 713 2883 766 est,
2906 709 3127 757 centum
3151 704 3546 776 quinquaginta
3571 713 3718 760 octo.

442 786 598 854 παρὰ
622 787 935 856 Νικηφόρον
988 786 1289 857 μαγίστρου
1329 788 1423 841 καὶ
1450 788 1781 855 ,δομεστίκου
1803 789 1967 842 ama
1985 790 2027 821 ¹⁹

441 877 539 947 ἔτη
597 882 734 947 ρνη¹.
796 878 1073 948 ’Υπῆρχον
1126 878 1181 931 δὲ
1213 879 1464 949 χελάνδια
1530 880 1670 949 μετὰ
1706 880 1801 933 τοῦ
1858 879 2028 951 ὑγροῦ

448 971 625 1040 πυρὸς
688 968 756 1039 ,β,
820 970 1097 1041 δρόμωνες
1148 989 1216 1038 ,α,
1278 971 1522 1044 καράβια
1590 974 1888 1046 καματηρὰ
1946 991 2031 1027 σι-

444 1064 605 1134 τάριν
635 1064 834 1133 ἔχοντα
866 1064 959 1118 καὶ
990 1066 1131 1118 ὅπλα
1155 1065 1426 1136 πολεμικὰ
1486 1064 1583 1130 τε.
1651 1067 1894 1137 Ἀπάρας
1940 1062 2033 1119 οὖν

444 1154 547 1223 τῆς
577 1155 848 1224 βασιλίδος
870 1158 1226 1227 Νικηφόροςό
1253 1158 1591 1227 δομέστικος,
1624 1158 1719 1210 καὶ
1737 1157 1805 1209 τὰ
1820 1156 2033 1225 Φύγελα

447 1248 796 1313 καταλαϐὼν,
832 1235 1146 1319 ἐφρόντιζεν
1194 1251 1338 1314 ὅπως
1366 1253 1395 1305 6
1424 1250 1646 1321 σύμπας
1676 1250 1861 1313 στόλος
1886 1248 2035 1320 αὐτῷ

446 1341 544 1394 ἐπὶ
568 1341 630 1393 τὸ
658 1341 790 1395 αὐτὸ
812 1342 898 1412 εἴη
925 1343 1020 1396 καὶ
1045 1342 1490 1415 προσορμίζοιτο.
1525 1343 1740 1414 Σπουδῇ
1792 1337 1886 1396 οῦν
1935 1342 2035 1412 τὴν

448 1433 616 1502 νῆσον
644 1434 1160 1505 καταλαμϐάνουσιν
1184 1453 1199 1467 ’
1249 1438 1342 1490 καὶ
1393 1436 1713 1490 ἀποϐάντων
1745 1436 1853 1490 τῶν
1895 1435 2033 1488 νεῶν

449 1522 676 1594 χάρακα
710 1524 805 1577 καὶ
839 1525 1048 1596 τάφρον
1076 1525 1299 1596 βαθεῖαν
1348 1527 1782 1581 κατεσκεύασαν.
1820 1525 2036 1578 Τούτων

447 1613 623 1678 οὕτως
654 1616 1189 1688 παρακαθεζομένων
1203 1620 1268 1688 τῇ
1300 1618 1471 1689 νήσῳ,
1504 1618 1597 1672 καὶ
1653 1618 1882 1687 ἀπείρου
1932 1634 2039 1688 χει⁶

456 1706 637 1777 μῶνος
670 1709 761 1761 καὶ
785 1708 944 1761 ὑετοῦ
969 1708 1062 1762 καὶ
1090 1708 1291 1780 κρύους
1325 1710 1644 1779 γενομένου,
1688 1711 1780 1762 καὶ
1815 1708 1923 1761 τῶν
1952 1726 2036 1760 σι-

450 1798 584 1852 τίων
609 1799 1047 1868 δαπανηθέντων,
1082 1802 1600 1873 καταναρκήσαντες
1645 1801 1695 1853 οἱ
1748 1799 1841 1853 τοῦ
1870 1817 2035 1869 στρα-

451 1886 548 1941 τοῦ
579 1888 762 1941 οἴκαδε
790 1888 1175 1960 ἠϐουλήθησαν
1221 1891 1581 1961 ἀναστρέψαι.
1614 1891 1671 1944 Ὀ
1707 1891 1764 1944 δὲ
1808 1888 2038 1943 συνετώ-

2134 790 2305 845 Erant
2335 793 2627 848 chelandia
2652 794 2671 865 (
2696 795 2778 849 sic
2820 794 2966 850 dicta
2999 794 3203 851 Graecis
3236 797 3495 867 navigia)
3530 797 3722 852 Graeco

2135 880 2261 951 igne
2298 882 2573 938 instructa
2602 884 2713 938 duo
2759 884 2952 951 millia,
2997 884 3215 940 celoces
3242 886 3415 950 mille,
3450 886 3722 941 onerariae

2134 988 2409 1028 annonam
2468 975 2845 1031 convehentes
2891 984 2949 1030 et
2998 992 3152 1031 arma
3207 976 3407 1032 bellica
3462 985 3723 1032 trecenta.-

2135 1063 2439 1135 sexaginta.
2466 1064 2698 1120 Solvens
2739 1066 2927 1136 itaque
2966 1066 3227 1137 Byzantio
3256 1067 3601 1137 Nicephorus
3627 1068 3726 1122 do-

2135 1158 2402 1213 mesticus
2442 1167 2497 1213 et
2530 1159 2765 1230 Phygela
2814 1160 3045 1215 veniens
3088 1161 3194 1215 hoc
3232 1162 3469 1216 maxime
3510 1162 3726 1216 studuit

2135 1249 2397 1319 omnique
2428 1266 2563 1306 cura
2588 1252 2785 1305 enixus
2810 1260 2924 1317 est,
2958 1261 3018 1307 ut
3055 1253 3237 1307 omnis
3260 1253 3433 1324 759
3454 1254 3506 1309 ei
3534 1254 3726 1309 classis

2138 1353 2249 1415 uno
2272 1340 2489 1411 agmine
2522 1349 2779 1396 conserta
2810 1351 2958 1397 esset
2996 1358 3060 1398 ac
3087 1345 3411 1413 appelleret.
3444 1344 3726 1401 Festinato

2138 1430 2321 1501 itaque
2350 1433 2559 1503 impetu
2587 1433 2856 1488 invadunt
2883 1434 3139 1501 insulam,
3176 1436 3523 1506 navibusque
3561 1436 3725 1492 eﬂusi

2136 1524 2341 1578 vallum
2395 1534 2649 1582 statuunt
2690 1527 2974 1598 altumque
3016 1544 3294 1600 aggerem.
3343 1528 3595 1600 Cumque
3645 1530 3726 1584 sic

2140 1614 2333 1673 insulae
2376 1618 2713 1685 assiderent,
2771 1620 3150 1691 immensaque
3199 1621 3398 1677 hiemis
3444 1622 3529 1676 vis
3560 1631 3725 1696 atque

2139 1710 2339 1779 pluvia:
2367 1712 2603 1782 geluque
2632 1713 2939 1783 ingrueret,
2962 1728 3027 1768 ac
3064 1714 3172 1768 cibi
3207 1714 3484 1784 absumpti
3516 1724 3725 1779 essent,

2140 1802 2496 1871 obtorpentes
2518 1805 2724 1860 milites
2737 1805 2963 1859 domum
2980 1790 3164 1863 redire
3186 1806 3519 1877 cogitabant.
3534 1806 3727 1861 Enim-

2141 1907 2273 1945 vero
2312 1894 2713 1951 solertissimus
2750 1896 2835 1949 vir
2876 1897 3222 1965 Nicephorus
3264 1907 3429 1967 atque
3458 1896 3573 1951 dux
3601 1914 3727 1952 ver-

451 1997 617 2044 τατος
646 1982 961 2053 Νικηφόρος
1006 1985 1100 2037 καὶ
1143 1984 1268 2049 δοὺξ
1316 1987 1384 2055 τῇ
1432 1985 1540 2039 τῶν
1590 1984 1765 2053 λόγων
1813 1983 2037 2053 ἠδύτητι

2146 1982 2337 2037 borum
2366 1985 2648 2041 lenocinio
2684 1987 2739 2042 in
2772 1987 2973 2042 castris
3002 1988 3263 2042 detinuit.
3290 1988 3463 2042 Porro
3494 1988 3732 2056 impera-

455 2070 683 2134 τούτους
714 2072 998 2143 κατέσχεν.
1014 2073 1221 2128 Μαθὼν
1244 2071 1341 2128 οὖν
1369 2076 1397 2128 6
1424 2074 1676 2145 βασιλεὺς
1696 2074 1795 2143 τὴν
1832 2073 2039 2127 ἔνδειαν

2146 2077 2247 2142 lor,
2279 2078 2495 2148 cognita
2525 2093 2633 2148 qua
2664 2078 2939 2133 laboraret
2964 2079 3242 2134 exercitus
3271 2079 3523 2148 penuria,
3549 2078 3730 2132 omnis

455 2162 553 2216 τοῦ
585 2164 817 2230 στρατοῦ
852 2166 1200 2237 ἐπισιτισμὸν
1257 2168 1526 2222 παντοίων
1589 2167 1809 2238 τροφῶν
1858 2167 2039 2230 αὐτοῖς

2146 2169 2357 2237 generis
2385 2169 2663 2239 cepiosam
2694 2186 2969 2224 annonam
3001 2168 3267 2239 cibosque
3290 2170 3371 2225 eis
3405 2167 3727 2224 destinavit.

455 2252 799 2311 ἀπέστειλεν.
828 2256 983 2310 Κατὰ
1012 2257 1070 2311 δὲ
1126 2257 1219 2311 τὸν
1274 2259 1519 2329 Μάρτιον
1579 2259 1726 2328 μῆνα
1791 2257 2029 2327 πολέμου

457 2344 819 2417 κροτηθέντος
850 2348 1083 2417 σφοδροῦ
1115 2351 1207 2403 καὶ
1263 2350 1538 2422 καρτερᾶς
1596 2350 1781 2422 μάχης
1812 2350 2045 2420 γενομέ-

458 2454 558 2507 νης
598 2437 908 2509 παρέλαϐον
929 2441 981 2494 οἱ
1029 2441 1282 2512 Ῥωμαῖοι
1312 2442 1373 2495 τὸ
1400 2442 1659 2512 κάστρον.

531 2528 602 2596 γ’.
643 2530 733 2584 Ἐν
757 2529 814 2585 δὲ
837 2530 917 2602 τῷ
954 2532 1273 2605 Ὀκτωϐρίῳ
1301 2534 1434 2604 μηνὶ
1485 2534 1583 2587 τοῦ
1738 2532 1894 2597 ἔτους
1946 2534 2044 2603 τῆς

460 2620 741 2691 βασιλείας
785 2623 1071 2694 Ῥωμανοῦ
1099 2625 1319 2693 ἐγένετο
1341 2625 1519 2695 σπάνη
1580 2625 1732 2679 σίτου
1780 2626 1874 2678 καὶ
1922 2642 2046 2695 κρι-

459 2713 562 2782 θῆς
587 2714 645 2767 ὲν
666 2717 734 2783 τῇ
770 2716 960 2769 πόλει·
990 2717 1205 2787 ἐπράθη
1234 2717 1346 2788 γὰρ
1376 2719 1404 2771 6
1433 2719 1575 2779 σῖτος
1635 2716 1723 2786 τῷ
1753 2716 2046 2786 νομίσματι

463 2805 636 2875 μόδιοι
666 2806 729 2873 δ’,
761 2808 795 2879 ἡ
820 2807 877 2861 δὲ
898 2808 1062 2879 κριθὴ
1119 2810 1289 2879 μόδιοι
1311 2807 1386 2873 ς’.
1422 2811 1496 2862 Οὐ
1545 2809 1711 2871 πολὺς
1732 2807 1829 2862 οὖν
1859 2808 2047 2879 χρόνος

463 2898 733 2970 παρῆλθε,
762 2900 856 2955 καὶ
885 2901 1044 2966 εὐθὺς
1072 2902 1304 2971 γέγονεν
1353 2903 1382 2955 6
1433 2904 1580 2965 σῖτος
1631 2901 1804 2971 μόδιοι
1826 2899 1898 2970 η’,
1932 2901 1964 2969 ἢ
1991 2900 2048 2953 δὲ

464 2990 625 3061 κριθὴ
662 2991 835 3061 μόδιοι
867 2992 955 3062 ιβ’.

534 3078 597 3135 δ’.
635 3080 724 3152 Τῷ
754 3083 813 3135 δὲ
862 3082 1098 3154 Μαρτίῳ
1138 3083 1273 3155 μηνὶ
1302 3082 1657 3155 κατηγορήθη
1696 3082 1977 3146 Βασίλειος
2021 3085 2051 3135 6

2141 2259 2326 2315 Mense
2371 2270 2555 2317 autem
2590 2263 2805 2329 Martio,
2838 2262 2951 2317 acri
2995 2271 3246 2317 conserta
3280 2277 3458 2333 pugna
3487 2261 3729 2330 bellique

2145 2351 2429 2419 instantia,
2455 2364 2613 2425 capta
2645 2370 2675 2409 a
2717 2355 2981 2409 Romanis
3010 2355 3245 2409 munitio
3270 2362 3373 2409 est.

2217 2555 2271 2607 5.
2306 2552 2489 2608 Mense
2537 2552 2761 2609 Octobri
2804 2552 3150 2625 insequentis
3187 2552 3316 2608 anni
3352 2550 3581 2608 secundi
3629 2550 3733 2605 im-

2147 2645 2287 2714 perii
2307 2645 2539 2699 Romani
2566 2646 2800 2716 penuria
2824 2646 2995 2702 tritici
3026 2656 3190 2717 atque
3208 2646 3404 2701 hordei
3436 2645 3490 2700 in
3512 2644 3735 2700 civitate

2147 2735 2271 2801 fuit,
2328 2736 2466 2790 adeo
2511 2745 2572 2792 ut
2616 2738 2834 2793 veniret
2880 2738 3127 2792 triticum
3180 2738 3514 2793 numismate
3564 2734 3733 2789 modii

2147 2834 2404 2894 quatuor,
2437 2827 2709 2882 hordeum
2745 2842 2876 2883 vero
2905 2826 3076 2883 modii
3119 2843 3234 2883 sex.
3264 2826 3421 2881 ilaud
3449 2842 3580 2882 vero
3611 2826 3733 2880 lon-

2149 2931 2277 2986 gum
2307 2918 2620 2973 intercessit
2650 2927 2887 2989 tempus,
2926 2933 3053 2973 cum
3086 2919 3271 2973 statim
3305 2918 3517 2973 minuto
3554 2917 3735 2987 pretio

2152 3007 2395 3063 triticum
2420 3009 2589 3063 modii
2622 3018 2770 3075 octo,
2806 3008 3076 3063 hordeum
3109 3008 3402 3064 duodecim
3428 3008 3621 3063 veniit.

2219 3100 2275 3152 4.
2319 3101 2499 3155 Mense
2529 3101 2725 3155 Martio
2757 3101 2973 3156 delatus
3007 3110 3094 3156 est
3132 3101 3369 3156 Basilius
3398 3100 3628 3155 Petinns
3673 3107 3736 3153 ut

466 3176 718 3239 Πετεινδς
777 3177 882 3230 ὑπό
900 3194 1061 3231 τινων
1104 3180 1179 3240 ὡς
1231 3178 1330 3249 τῆς
1383 3177 1661 3248 βασιλείας
1711 3177 2043 3246 ἐφιέμενος·

2148 3190 2242 3259 qui
2271 3191 2568 3260 imperium
2596 3192 2831 3245 ambiret
2868 3209 2891 3257 ;-
2932 3191 3243 3260 missusque
3276 3191 3339 3246 in-
3367 3190 3623 3245 exsilium
3656 3188 3731 3243 ibi

466 3268 617 3332 ὅστις
641 3270 704 3322 ἐν
724 3268 910 3340 ἑξορίᾳ
960 3269 1431 3342 παρεπέμφθη,ὲν
1561 3270 1657 3323 καὶ
1700 3269 1950 3339 τελευτᾷ.
1994 3268 2051 3322 '0

466 3362 523 3415 δὲ
550 3362 806 3431 βασιλεὺς
838 3361 1026 3432 μαθὼν
1046 3362 1146 3432 τὴν
1190 3364 1290 3433 τῆς
1328 3362 1552 3435 Κρήτης
1600 3362 1807 3417 ἅλωσιν
1836 3362 2052 3428 ὲδόξασε

465 3455 558 3508 τὸν
586 3455 742 3510 Θεὸν.
765 3454 899 3510 Μετ’
932 3455 993 3508 ού
1025 3455 1161 3509 πολὺ
1198 3454 1256 3510 δὲ
1283 3456 1378 3509 καὶ
1398 3456 1429 3509 6
1455 3456 1776 3527 δομέστικος
1796 3456 1907 3508 τῶν
1932 3472 2055 3525 σχο-

464 3546 574 3600 λῶν
601 3547 914 3617 Νικηφόρος
931 3546 1179 3601 κελεύσει
1199 3546 1291 3601 τοῦ
1315 3546 1578 3616 βασιλέως
1611 3548 1746 3618 πρὸς
1762 3548 1863 3617 τὴν
1890 3548 2052 3601 πόλιν

467 3638 738 3710 εἰσῆλθεν,
761 3638 858 3692 καὶ
878 3637 1018 3709 μετὰ
1032 3638 1145 3692 τῶν
1172 3638 1430 3709 λαφύρων
1451 3639 1657 3707 καὶτῆς
1676 3638 2053 3709 αἰχμαλωσίας

464 3726 596 3801 ἦλθε
627 3730 770 3802 πεζῇ
794 3730 903 3784 ἀπὸ
949 3730 1048 3784 τοῦ
1108 3731 1262 3787 οἴκου
1306 3732 1473 3785 αὐτοῦ
1516 3734 1596 3796 εἰς
1650 3732 1711 3787 τὸ
1792 3733 2053 3801 ἱπποδρό-

474 3841 617 3893 μιον,
645 3822 763 3892 ἅμα
784 3822 860 3893 τῷ
902 3823 1097 3893 ἀμηρᾷ
1121 3822 1347 3894 Κρήτης
1381 3823 1475 3877 τοῦ
1524 3823 1817 3893 λεγομένου
1865 3841 2054 3893 κουρο-

476 3916 710 3970 παλάτου
737 3915 834 3969 καὶ
884 3914 1104 3968 πάντων
1138 3913 1252 3968 τῶν
1292 3915 1573 3983 συγγενῶν
1626 3914 1813 3978 αὐτοῦ,
1860 3915 2052 3977 στολὰς

475 4007 667 4071 λευκὰς
719 4005 1201 4077 περιϐεϐλημένων
1279 4004 1501 4057 πάντων
1540 4004 1647 4057 τῶν
1698 4003 2049 4073 Σαρακηνῶν.

471 4099 583 4153 Καὶ
610 4101 637 4151 ὁ
684 4097 784 4166 μὲν
826 4096 1127 4167 μάγιστρος
1174 4097 1352 4165 τιμῶν
1398 4095 1492 4147 καὶ
1561 4095 1742 4164 γερῶν
1801 4094 2055 4163 μεγάλων

469 4188 678 4259 ἠξιώθη
705 4188 860 4259 παρὰ
909 4186 1005 4240 τοῦ
1032 4186 1463 4257 αὐτοκράτορος,
1485 4187 1513 4240 6
1541 4186 1763 4256 ἁμηρᾶς
1812 4186 1869 4239 δὲ
1902 4185 1965 4238 π)
1977 4188 2053 4238 εἰ·

472 4297 574 4334 στα
606 4281 755 4350 δῶρα
782 4280 877 4333 καὶ
912 4281 1114 4349 χρυσὸν
1144 4280 1240 4332 καὶ
1270 4280 1510 4349 ἄργυρον
1572 4277 1726 4349 παρὰ
1756 4277 1848 4331 τοῦ
1896 4277 2051 4348 βασι-

470 4370 609 4436 λέως
636 4371 814 4429 λαϐὼν
853 4373 949 4425 σὺν
982 4373 1092 4435 τοῖς
1122 4371 1332 4434 τέκνοις
1359 4370 1525 4424 αὐτοῦ
1560 4372 1639 4434 εἰς
1675 4370 1854 4441 χωρία
1881 4371 2052 4423 οἰκεῖν

2153 3281 2267 3336 fato
2303 3280 2525 3336 functus
2569 3291 2675 3337 est.
2714 3283 3021 3352 imperator
3077 3283 3172 3337 ubi
3203 3292 3418 3351 captam
3449 3297 3570 3338 esse
3602 3280 3735 3337 Cre-

2156 3381 2264 3428 tam
2323 3376 2599 3445 cognovit,
2663 3376 2775 3430 Deo
2834 3375 3027 3432 laudes
3068 3375 3383 3447 gratiasque
3446 3375 3731 3446 persolvit.

2153 3466 2292 3521 Tum
2315 3468 2464 3523 brevi
2487 3468 3012 3538 etiam‘Nicephorus
3034 3470 3349 3524 scholarum
3367 3469 3729 3533 domesticus,

2155 3557 2504 3630 imperatoris
2552 3562 2707 3630 jussu
2753 3560 2949 3615 urbem
3007 3561 3307 3631 ingressus.
3364 3575 3488 3616 cum
3548 3560 3737 3616 multis

2154 3650 2344 3720 spoliis
2369 3660 2533 3721 atque
2554 3652 2787 3722 captivis
2807 3667 2836 3706 a
2861 3652 2976 3707 suis
2996 3652 3208 3707 aedibus
3228 3652 3294 3706 ad
3320 3651 3540 3707 Circum
3569 3652 3738 3722 pedes

2153 3742 2325 3806 venit,
2364 3758 2473 3796 una
2504 3759 2628 3797 cum
2656 3743 2832 3799 Cretae
2860 3746 3060 3799 Amera
3088 3743 3310 3813 Curope
3341 3746 3563 3800 nomine
3585 3745 3735 3816 ejus-

2154 3847 2261 3900 que
2283 3833 2609 3902 propinquis
2629 3834 2908 3898 omnibus,
2928 3850 3052 3888 cum
3071 3835 3234 3905 760
3260 3833 3519 3890 Saraceni
3547 3848 3737 3889 omnes

2153 3920 2294 3974 albis
2330 3920 2579 3975 vestibus
2623 3922 2800 3975 induti
2845 3930 3051 3976 essent.
3088 3921 3167 3977 Ac
3206 3923 3430 3992 quidem
3473 3923 3737 3991 magister

2154 4011 2394 4065 honores
2416 4026 2721 4081 magnaque
2755 4012 2979 4081 praemia
3010 4013 3363 4081 imperatoris
3404 4013 3737 4068 liberalitate

2152 4111 2485 4157 consecutus
2522 4112 2628 4157 est.
2664 4102 2892 4157 Amcras
2916 4118 3049 4158 vero
3084 4103 3246 4159 donis
3289 4104 3545 4174 plurimis
3574 4121 3737 4159 auro-

2152 4210 2261 4263 que
2310 4203 2477 4263 atque
2524 4203 2756 4264 argento
2786 4195 2856 4248 ab
2901 4195 3233 4264 imperatore
3264 4195 3503 4249 donatus
3529 4195 3733 4265 praedia

2154 4287 2268 4341 ruri
2295 4287 2476 4342 colere
2500 4302 2564 4342 ac
2594 4286 2840 4341 habitare
2868 4288 3167 4356 permissus
3194 4295 3279 4342 est
3311 4305 3324 4339 :
3375 4286 3521 4356 quod
3559 4293 3735 4340 tamen

2154 4378 2425 4449 baptismo
2453 4379 2655 4433 initiari
2675 4379 2873 4443 noluit,
2903 4379 2955 4433 in
2980 4387 3229 4433 senatum
3263 4378 3487 4432 minime
3513 4388 3738 4447 coepta—

466 4464 854 4534 συνεχωρήθη.
885 4464 978 4526 Εἰς
1004 4462 1061 4514 δὲ
1091 4462 1190 4533 τὴν
1216 4462 1519 4533 σύγκλητον
1567 4462 1668 4516 οὐκ
1722 4461 2043 4533 ἀνεϐιϐάσθη

2160 4480 2247 4524 tus
2278 4480 2382 4524 est.
2423 4471 2591 4525 Porro
2626 4471 2908 4523 Romanus
2955 4469 3253 4538 imperator
3287 4469 3607 4538 magistrum
3637 4466 3736 4521 Ni-

474 4552 563 4612 διὰ
582 4555 644 4608 τὸ
666 4554 741 4626 μὴ
776 4553 1063 4624 βούλεσθαι
1088 4554 1284 4615 αὐτοὺς
1311 4553 1698 4624 βαπτισθῆναι.
1737 4554 1794 4607 Ὀ
1813 4553 1869 4607 δὲ
1897 4553 2051 4624 βασι-

464 4643 601 4711 λεὺς
636 4647 916 4717 Ῥωμανὸς
942 4642 1255 4716 Νικηφόρον
1278 4645 1368 4697 τὸν
1397 4646 1697 4715 μάγιστρον
1724 4642 1881 4707 αὖθις
1912 4647 2054 4699 κατὰ

469 4740 577 4813 an»;
620 4739 795 4811 Ἐᾠαν
825 4737 1204 4803 ἐξαπέστειλεν
1233 4734 1376 4791 κατὰ
1396 4736 1490 4790 τοῦ
1518 4736 1775 4801 ἀλαζόνος
1799 4739 2053 4807 Χαμϐδᾶ.

559 4830 620 4886 ’0
644 4830 699 4884 δὲ
720 4830 972 4883 ἀπελθὼν
1004 4828 1222 4897 πρῶτον
1276 4828 1374 4897 μὲν
1431 4828 1489 4881 τὸ
1550 4829 1759 4881 Χὲλεπε
1823 4830 2055 4900 κάστρον

475 4923 777 4994 παρέλαϐε,
810 4923 869 4989 ἐξ
897 4913 957 4974 οῦ
992 4921 1085 4974 καὶ
1124 4920 1380 4992 λαφύρων
1432 4921 1599 4991 πολλὴ
1656 4920 1862 4988 γίνεται
1926 4939 2053 4974 συν-

476 5018 694 5085 αγωγή.

2162 4562 2463 4631 cephornm
2495 4562 2693 4616 iterum
2733 4562 2789 4616 in
2817 4561 3100 4616 Orientem
3141 4561 3311 4626 misit,
3354 4569 3412 4613 ut
3442 4558 3736 4614 Chambtlm

2162 4653 2531 4723 arrogantiam
2597 4653 2896 4724 frangeret.
2947 4653 3326 4723 Susceptaque
3384 4651 3736 4721 expeditione

2164 4746 2401 4815 primum
2421 4745 2651 4815 Alepum
2678 4744 2874 4801 urbem
2906 4746 3175 4799 munitam
3201 4746 3366 4816 cepit,
3400 4744 3543 4799 unde
3574 4744 3738 4800 etiam

2162 4838 2465 4908 spoliorum
2496 4838 2607 4893 vim
2639 4853 2894 4909 magnam
2924 4837 3166 4909 collegit.

1791 5124 2021 5180 VARle
2062 5126 2468 5183 LECTIONES.

553 5246 595 5277 "'
615 5245 938 5316 δομεστίκιιυ
965 5243 1058 5299 τοῦ
1098 5247 1259 5301 Φωκᾶ
1285 5245 1309 5296 ?
