4124 6424
392 381 502 448 825

1498 387 1696 447 νΙΤΛε
1738 384 2301 446 RECENTIORUM
2332 387 2542 450 IMPP.

3582 389 3689 455 826

390 497 654 553 δεικνύων
671 498 770 569 τὴν
802 499 927 569 περὶ
949 498 1111 554 αὑτὸν
1139 498 1394 568 δύναμιν.
1437 500 1791 564 Ἐπιτελέσας
1823 501 1920 553 καὶ
1940 501 1971 530 ”

2094 510 2265 569 portae
2307 517 2530 557 amoeno
2571 502 2696 557 loco
2733 512 2791 558 et
2833 502 3041 573 irriguo
3083 505 3318 574 impuris
3372 507 3686 573 sacriﬁciis,

393 590 602 662 μιαρὰς
658 590 853 653 θυσίας
888 594 944 644 ὲν
969 591 1046 660 τῷ
1079 592 1304 663 λιῦαδίῳ
1338 592 1442 661 τῆς
1496 593 1723 663 Χρυσῆς
1781 594 1991 664 τώρτης

386 686 634 756 ᾐτήσατο
667 684 757 737 καὶ
788 684 879 736 τὸν
907 684 1136 753 βασιλέα
1165 685 1388 755 εἰρήνην
1418 686 1662 755 ποιῆσαι,
1701 687 1747 737 εἰ
1780 686 1839 737 τὸ
1862 686 1989 754 δόρυ

386 777 557 832 αὐτοῦ
588 776 751 847 πήξει
774 778 833 830 ὲν
872 780 937 848 τῇ
971 779 1163 849 Χρυσῇ
1224 778 1419 850 πόρτῃ.
1459 778 1500 845 Τ
1504 777 1565 830 οῦ
1611 778 1669 831 δὲ
1725 777 1989 848 βασιλέως

395 870 469 939 μὴ
491 868 938 939 καταδεξαμένου
970 869 1317 940 ὑπέστρεψεν
1353 872 1434 934 εἰς
1465 871 1566 940 τὴν
1588 872 1726 924 ἰδίαν
1755 872 1985 941 σκηνήν,

320 1005 337 1020 .
392 962 831 1032 ὑπερθαυμάσας
857 964 927 1016 τὰ
964 963 1066 1032 τῆς
1098 964 1310 1025 πόλεως
1346 964 1502 1033 τείχη
1538 966 1633 1017 καὶ
1670 963 1769 1036 τὴν
1823 964 1984 1018 εὔτα-

397 1074 528 1111 κτον
575 1056 667 1110 τοῦ
726 1057 992 1127 βασιλέως
1040 1057 1371 1127 παράταξιν.
1412 1059 1536 1110 Ἐπὶ
1589 1058 1863 1128 σύμϐασιν
1891 1054 1984 1111 οὖν

388 1150 621 1219 εἰρήνης
652 1150 940 1220 τρέπεται,
988 1154 1377 1220 πειραστικοὺς
1408 1151 1598 1219 λόγους
1636 1152 1979 1223 ποιούμενος.

465 1239 532 1296 δ’.
571 1241 631 1296 '0
661 1242 717 1295 δέ
769 1259 833 1310 γε
869 1241 1123 1312 βασιλεὺς
1175 1244 1433 1314 ἀφορμῆς
1470 1243 1808 1315 δραξάμενος
1835 1246 1983 1298 ἐπει-

391 1334 534 1404 ράθη
565 1333 758 1387 τοῦτον
815 1334 1085 1405 λογχῆσαι
1121 1336 1165 1368 ¹⁸
1188 1349 1205 1366 ⁸
1253 1335 1372 1388 ἀλλ’
1403 1337 1482 1401 εἰς
1539 1337 1717 1409 πέρας
1750 1340 1982 1407 ἀγαγεῖν

388 1423 551 1477 τοῦτο
576 1423 827 1496 ἐκωλύθη
862 1429 929 1496 τῇ
959 1426 1072 1479 τῶν
1107 1426 1581 1496 ὐπουργησάγτων
1613 1429 1809 1500 ἀφυῖᾳ,
1850 1431 1982 1499 πλη-

387 1516 599 1582 ξάντων
628 1517 729 1587 μὲν
756 1518 967 1583 τοῦτον,
997 1519 1216 1589 καιρίαν
1240 1519 1296 1572 δὲ
1319 1521 1393 1590 μὴ
1422 1508 1813 1590 ἐπαγαγόντων
1843 1523 1983 1593 πλη-

384 1612 508 1679 γήν.
558 1611 679 1662 Ἐπὶ
711 1610 891 1682 τούτῳ
928 1614 1122 1681 μανεὶς
1152 1615 1181 1666 ὁ
1204 1612 1482 1685 ἀλάστωρ,
1535 1616 1861 1680 ἀποστείλας
1887 1618 1980 1670 ἰπ-

385 1702 513 1765 πεῖς
544 1702 602 1753 ὲν
628 1701 707 1772 τῷ
747 1701 914 1771 Ἀγίῳ
944 1702 1227 1773 Μάμαντι,
1287 1706 1467 1759 ἐκεῖσε
1498 1704 1559 1759 ὃν
1590 1708 1854 1762 παλάτιον
1884 1711 1976 1761 ὲν-

383 1792 649 1863 έπρησεν,
684 1793 780 1847 καὶ
817 1794 911 1848 τὸν
942 1794 1180 1864 χαλκοῦν
1214 1796 1404 1852 λέοντα
1453 1798 1547 1851 τοῦ
1596 1798 1825 1853 ἱππικοῦ
1879 1803 1976 1854 σὺν

382 1886 451 1955 τῇ
480 1886 670 1957 ἄρκτῳ
693 1887 789 1940 καὶ
814 1886 893 1956 τῷ
924 1888 1180 1955 δράκοντι
1206 1887 1300 1941 τοῦ
1325 1889 1511 1962 ὖδρίου
1542 1891 1636 1944 καὶ
1667 1893 1975 1963 μαρμάρων

384 1978 692 2032 καλλίστων
720 1980 778 2030 ἐν
810 1978 1053 2048 ἀμάξαις
1083 1979 1371 2051 φορτὼσας
1402 1982 1763 2053 ὑπέστρεψεν,
1793 2002 1974 2055 παρα-

390 2072 623 2136 καθίσας
670 2072 769 2143 τὴν
797 2072 1225 2141 Αδριανούπολιν
1265 2076 1360 2128 καὶ
1416 2075 1621 2146 ταύτην
1676 2078 1846 2131 ἑλών·
1883 2081 1977 2131 καὶ

384 2165 527 2235 μετὰ
551 2165 683 2218 λαοῦ
713 2166 970 2219 πλείστου
997 2168 1338 2237 διαπεράσας
1364 2169 1474 2222 τῶν
1498 2187 1556 2222 τε
1582 2171 1826 2239 εὐγενῶν
1852 2173 1975 2225 Μα-

383 2255 640 2322 κεδόνων,
669 2260 1088 2328 κατεσκήνωσεν
1116 2261 1173 2313 ἐν
1204 2259 1281 2329 τῷ
1317 2260 1595 2330 Λανουϐίῳ
1629 2262 1880 2332 ποταμῷ.
1918 2263 1974 2316 Ὀ

383 2348 445 2401 δὲ
477 2348 631 2401 Λέων
664 2349 731 2401 τά
762 2350 859 2421 τῆς
918 2350 1174 2412 ἀσεϐείας
1208 2351 1346 2421 ἔργα
1398 2352 1754 2422 διεπράττετο
1799 2355 1858 2407 ὲν
1905 2357 1971 2425 τῇ

382 2443 559 2498 πόλει.

450 2534 513 2589 ε’.
564 2531 766 2605 Ἑφόῦ
796 2536 970 2607 ἐφάνη
1027 2539 1210 2609 ἀστὴρ
1258 2541 1511 2609 κομήτης
1550 2543 1592 2573 ¹⁹
1625 2542 1683 2594 ἐν
1733 2545 1971 2613 σχήματι

380 2628 474 2681 δύο
495 2628 767 2698 λαμπρῶν
800 2630 1040 2698 σεληνῶν
1098 2631 1404 2701 ἑνουμένων
1436 2633 1481 2664 ³⁸
1506 2634 1601 2687 καὶ
1628 2637 1791 2688 πάλιν
1825 2637 1969 2688 διαι-

382 2720 664 2790 ρουμένων
696 2721 737 2750 ’⁸
774 2722 853 2783 εἰς
878 2720 1112 2789 διάφορα
1155 2722 1433 2789 σχήματα,
1481 2722 1558 2781 ὡς
1588 2724 1680 2775 καὶ
1708 2726 1789 2787 εἰς
1836 2726 1970 2777 ἀκε-

380 2812 553 2881 φάλου
576 2812 868 2866 διάπλασιν
902 2814 1096 2883 ἀνδρὸς
1125 2815 1477 2884 τυπωθῆναν
1525 2817 1662 2885 ὅπερ
1710 2818 1808 2886 τὴν
1843 2819 1971 2870 ἀκέ-

380 2904 549 2963 φαλον
612 2904 859 2973 κεφαλὴν
904 2907 948 2957 ".
979 2905 1089 2956 τῶν
1146 2905 1286 2974 μετὰ
1341 2904 1515 2958 ταῦτα
1558 2908 1969 2960 στασιασάντων

379 2993 469 3067 [Ρ.
506 2995 633 3068 501]
667 2996 812 3049 κατὰ
868 2996 975 3048 τῶν
1008 2997 1053 3027 ’³
1082 2997 1433 3067 Χριστιανῶν
1465 2998 1561 3051 καὶ
1618 2998 1707 3051 τὸν
1740 2998 1969 3068 μάταιον

375 3089 580 3157 Θωμᾶν
609 3090 853 3159 κεφαλὴν
885 3091 979 3141 καὶ
1009 3090 1252 3159 ἀρχηγὸν
1282 3089 1384 3158 τῆς
1414 3091 1479 3143 ἐκ
1500 3090 1608 3141 τῶν
1634 3090 1811 3144 ἄλλων
1834 3092 1969 3158 Χρι-

2095 593 2261 648 etiam
2316 609 2508 663 pacem
2558 594 2627 648 ab
2680 594 3014 665 imperatore
3040 598 3289 667 expetiit,
3333 598 3497 669 765
3526 600 3690 654 modo

2096 698 2194 752 per
2238 683 2418 752 ipsum
2457 684 2511 739 in
2555 685 2791 740 Auream
2828 695 3042 755 portam
3086 690 3331 758 jaculum
3371 691 3422 745 ei
3457 691 3689 761 inﬁgere

2093 775 2308 830 liceret.
2341 776 2461 841 Quo
2492 777 2772 833 abnuente
2803 779 2857 832 in
2888 780 3190 834 tentorium
3220 797 3382 837 suum
3425 799 3690 839 reversus

2089 877 2195 933 est,
2256 870 2520 939 majorem
2569 871 2624 925 in
2678 870 2903 925 modum
2959 872 3265 927 admiratus
3308 875 3460 929 urbis
3497 891 3686 931 muros

2090 961 2566 1031 compositamque
2612 962 2966 1032 imperatoris
3014 965 3188 1019 aciem
3226 975 3391 1035 atque
3436 968 3681 1023 ordines.

2087 1054 2169 1109 Ad
2202 1055 2353 1124 pacis
2386 1055 2572 1125 itaque
2601 1055 2808 1111 foedera
2843 1058 3095 1121 vertitur,
3126 1058 3403 1114 tentandae
3441 1060 3521 1115 rei
3551 1076 3685 1115 cauo

2087 1164 2145 1203 sa
2179 1164 2466 1204 sermones
2486 1150 2798 1204 conferens.

2156 1240 2211 1296 4.
2245 1242 2416 1297 Porro
2442 1242 2746 1311 imperator
2768 1250 2997 1312 arrepta
3022 1246 3314 1301 occasione
3334 1244 3524 1300 lancea
3550 1260 3681 1301 eum

2086 1334 2406 1403 transﬁgere
2430 1342 2661 1388 conatus
2702 1344 2822 1394 est;
2860 1348 2929 1386 ne
2960 1351 3075 1389 rem
3109 1348 3291 1392 tamen
3328 1354 3501 1407 opere
3529 1353 3685 1392 com-

2084 1424 2280 1493 pleret,
2312 1424 2527 1479 obstitit
2566 1440 2762 1479 eorum
2816 1427 3032 1497 ignavia
3084 1444 3225 1498 quos
3270 1429 3326 1483 in
3366 1430 3541 1498 ipsam
3574 1428 3683 1483 mi-

2082 1518 2290 1572 nistros
2352 1518 2665 1586 delegerat;
2713 1522 2807 1589 qui
2871 1529 3267 1589 percusserunt
3330 1521 3578 1591 quidem,
3623 1527 3683 1575 at

2081 1612 2240 1666 letale
2265 1613 2464 1666 vulnus
2484 1613 2721 1689 piinime
2752 1615 3077 1669 intulerunt.
3110 1614 3227 1680 Qua
3251 1630 3311 1667 re
3346 1614 3400 1668 in
3434 1614 3680 1667 furorem

2080 1712 2237 1757 actus
2291 1704 2781 1773 pestilentissimus
2831 1705 3019 1770 homo,
3072 1707 3255 1761 missis
3296 1706 3580 1775 equitibus
3609 1705 3676 1759 ad

2081 1792 2137 1847 S.
2173 1793 2522 1860 Mamantem,
2553 1795 2703 1864 quod
2750 1796 2863 1851 illic
2909 1797 3175 1865 palatium
3224 1804 3311 1851 est
3347 1796 3675 1862 succendit;

2077 1884 2335 1956 Circique
2398 1903 2615 1941 anteum
2684 1889 2903 1943 leonem
2960 1903 3115 1942 cum.
3154 1904 3281 1942 ursa
3347 1898 3403 1943 et
3464 1887 3681 1957 aqualis

2079 1977 2347 2040 dracone,
2387 1995 2490 2034 nec
2520 1995 2630 2035 non
2658 1981 3031 2050 pulcherrima
3060 1996 3359 2044 marmora,
3388 1980 3441 2034 in
3477 1995 3679 2034 currus

2078 2080 2340 2141 congesta
2413 2069 2752 2142 aspertavit;
2806 2074 3200 2143 obsessamque
3258 2074 3676 2143 Adrianopolim

2074 2172 2131 2218 et
2162 2166 2334 2234 ipsam
2364 2167 2551 2236 cepit;
2592 2168 2826 2237 traiecto
2866 2168 3105 2238 denique
3133 2184 3257 2222 cum
3296 2168 3503 2236 ingenti
3536 2167 3678 2221 ωηι.

2077 2257 2315 2311 titudine
2374 2273 2439 2312 ac
2487 2258 2847 2313 Macedonum
2889 2260 3126 2329 ingenua
3158 2259 3303 2327 pube
3350 2258 3577 2313 ﬂumine
3619 2258 3676 2313 in

2076 2350 2329 2405 Danubio
2367 2352 2641 2417 consedit,
2671 2368 2796 2406 cum
2839 2353 3061 2407 interim
3111 2353 3411 2423 impietatis
3437 2353 3492 2407 in
3540 2352 3676 2409 urbe

2073 2458 2242 2512 opera
2290 2442 2401 2496 Leo
2448 2459 2663 2512 pronus
2706 2454 3127 2514 exsequeretur.

2144 2533 2197 2585 5.
2233 2533 2311 2586 Eo
2367 2541 2615 2602 tempore
2661 2541 2877 2589 cometa
2939 2544 3275 2604 conspectus
3324 2544 3432 2602 est,
3486 2534 3677 2605 splen--

2074 2623 2258 2677 dentis
2313 2624 2460 2678 luna:
2518 2624 2760 2694 duplicis
2811 2628 3004 2697 ﬁgura,
3047 2642 3171 2695 quae
3217 2643 3325 2681 una
3366 2628 3583 2681 coirent
3615 2642 3681 2682 ac

2073 2716 2129 2769 in
2175 2714 2425 2769 diversas
2459 2730 2681 2770 rursum
2714 2716 2919 2787 ﬁguras
2948 2718 3140 2772 divisa:
3168 2718 3408 2783 abirent,
3445 2725 3507 2772 ut
3532 2726 3587 2773 et
3618 2718 3675 2773 in

2072 2806 2177 2862 viri
2231 2808 2475 2875 speciem
2528 2808 2710 2876 capite
2774 2810 2954 2863 nmtili
3011 2809 3477 2875 eﬂ‘ormarcntur;
3524 2811 3674 2881 quod

2072 2899 2262 2969 utique
2297 2899 2506 2955 indicio
2529 2901 2633 2955 fuit
2666 2902 2917 2970 acephali
2951 2916 3146 2955 eorum
3171 2902 3370 2972 capitis
3394 2903 3489 2973 qui
3521 2912 3676 2972 post-

2068 3008 2135 3048 ea
2164 2993 2435 3049 adversus
2478 2992 2825 3049 Christianos
2880 2994 3206 3049 tumultuati
3272 3005 3423 3058 sunt,
3450 3011 3514 3049 ac
3543 2996 3675 3065 qui-

2070 3085 2178 3141 bus
2204 3103 2380 3141 vanus
2422 3087 2587 3141 homo
2614 3101 2678 3140 ac
2713 3086 2953 3141 demens
2997 3087 3241 3143 Thomas
3270 3096 3434 3157 caput
3469 3105 3534 3144 ac
3567 3090 3673 3143 du-

380 3181 618 3234 στιανῶν
642 3183 962 3247 διαιρέσεως
996 3183 1306 3252 ἐσχηκότων
1334 3183 1715 3253 προεμήνυσεν
1752 3184 1821 3238 ’⁵.
1856 3185 1968 3238 Καὶ

2075 3186 2214 3245 ctor,
2264 3187 2392 3233 uta
2450 3179 2685 3248 reliquis
2727 3179 3070 3234 Christianis.
3109 3195 3232 3235 sese
3282 3181 3670 3251 abjungerent,

379 3274 565 3345 μέντοι
590 3276 685 3328 καὶ
710 3276 925 3343 σεισμώ
952 3274 1173 3345 φοὸεροί
1203 3292 1262 3326 τε
1308 3276 1403 3327 καὶ
1438 3273 1733 3343 ἐπάλληλοι
1760 3274 1855 3328 καὶ
1884 3276 1965 3328 λι-

379 3369 472 3438 μοὶ
505 3366 598 3420 καὶ
627 3366 831 3437 αὐχμοὶ
862 3368 954 3419 καὶ
1004 3367 1168 3439 ἀέρος
1220 3367 1525 3437 φλογώσεις
1580 3370 1845 3437 γεγόνασι
1875 3370 1967 3422 καὶ

376 3462 595 3523 στάσεις
629 3460 885 3529 ἐμφύλιοι
905 3462 948 3492 ’⁵
979 3461 1119 3513 κατὰ
1152 3462 1335 3513 πᾶσαν
1370 3462 1525 3515 πόλιν
1554 3464 1645 3515 καὶ
1675 3461 1878 3533 χώραν,
1903 3465 1967 3515 ἐκ

374 3552 484 3605 ¹τῶν
508 3552 734 3622 ἡμερῶν
761 3552 1068 3623 ἀρξάμεναι
1106 3553 1152 3584 ’⁸
1191 3553 1288 3605 τοῦ
1335 3554 1663 3622 θεοστυγοῦς
1699 3556 1795 3608 καὶ
1838 3554 1969 3607 ἀλά-

377 3659 566 3713 στορος
589 3659 604 3674 ·
635 3645 729 3695 καὶ
757 3646 800 3675 ¹⁷
837 3644 1000 3713 μέχρι
1033 3644 1231 3698 πολλοῦ
1272 3644 1334 3697 τὸ
1380 3646 1553 3698 δεινὸν
1587 3646 1632 3677 ’⁸
1662 3645 1762 3716 τῆς
1795 3649 1967 3716 ἐμφυ-

374 3738 492 3801 λίας
519 3738 807 3807 συμφορᾶς
833 3738 1204 3809 ἐπικρατῆσαι
1237 3738 1610 3810 συμϐέϐηκεν.

457 3922 525 3986 ς’.
561 3923 1005 3993 Ἐκμιμούμενος
1038 3923 1221 3976 τοίνυν
1263 3922 1357 3975 τὸν
1391 3922 1491 3992 τῆς
1530 3924 1785 3993 μυσαρᾶς
1829 3923 1961 3976 ταύ-

382 4032 478 4086 της
501 4017 765 4087 αἱρέσεως
796 4017 1042 4086 ἀρχηγὸν
1072 4016 1363 4085 ὁμώνυμον
1410 4017 1573 4068 αὐτοῦ
1605 4017 1698 4069 καὶ
1726 4015 1987 4085 ὁμότροη

378 4125 476 4161 πον
514 4109 718 4179 ἤρξατο
741 4110 837 4177 τῆς
858 4108 1143 4178 αἱρέσεως.
1186 4104 1317 4159 Εἶτα
1350 4107 1675 4177 συμμάχους
1701 4109 1794 4160 καὶ
1827 4126 1963 4176 συμο

376 4202 587 4270 μύστας
624 4200 931 4269 ἐκζητήσας
984 4192 1143 4271 εὗρεν
1211 4200 1467 4269 Ἰωάννην
1522 4200 1615 4251 τὸν
1671 4200 1964 4267 λεγόμενον

372 4294 783 4362 γραμματικὸν,
838 4292 1039 4361 μᾶλλον
1087 4292 1142 4344 δὲ
1212 4292 1420 4361 Ἰαννὴν
1447 4291 1606 4346 ἄλλον
1652 4290 1959 4363 ἢΣίμωνα,

371 4384 463 4436 ἐπί
519 4403 575 4437 τε
628 4384 1110 4455 λεκανομαντείαις
1168 4387 1262 4437 καὶ
1318 4383 1693 4455 φαρμακείαις
1742 4384 1836 4437 καὶ
1875 4386 1962 4436 aio

372 4478 728 4547 σχροοργίαις
756 4478 915 4546 βεϐοη
927 4478 1105 4547 μένον,
1134 4477 1227 4529 καὶ
1257 4477 1476 4547 ἑτέρους
1494 4476 1641 4539 τινὰς
1660 4476 1964 4546 ὁμόφρονας

2074 3271 2307 3327 exstitit.
2362 3270 2504 3337 Quin
2568 3272 2840 3327 tremendi
2887 3288 3110 3342 quoque
3160 3273 3324 3343 766
3376 3273 3672 3343 crebrique

2068 3363 2224 3417 fuere
2273 3373 2434 3419 terra:
2488 3375 2693 3429 motus,
2735 3365 3017 3434 famesque
3067 3375 3123 3419 et
3174 3368 3457 3420 siccitates
3499 3372 3671 3433 atque

2071 3456 2217 3511 aeris
2254 3456 2754 3523 inﬂammationes;
2786 3458 3092 3513 seditiones
3129 3474 3350 3528 quoque
3376 3474 3442 3514 ac
3480 3458 3674 3513 civiles

2071 3548 2348 3603 tumultus
2406 3564 2503 3617 per
2556 3564 2751 3603 omnes
2798 3549 2965 3603 urbes
3014 3557 3180 3618 atque
3208 3549 3429 3618 oppida,
3460 3563 3572 3618 quo
3604 3564 3675 3603 ex

2069 3650 2318 3711 tempore
2348 3641 2433 3694 vir
2461 3642 2573 3697 Deo
2602 3658 2802 3697 exosus
2832 3641 3088 3711 furiaque
3120 3642 3411 3711 imperium
3428 3640 3554 3695 iniit
3576 3657 3589 3704 ;
3609 3655 3675 3695 ac

2072 3734 2165 3789 diu
2193 3735 2543 3805 multumque
2568 3735 2803 3803 publicae
2830 3734 3159 3789 calamitatis
3186 3735 3387 3788 malum
3412 3734 3675 3803 labesque

2069 3825 2329 3882 invaluit.

2141 3916 2197 3971 6.
2230 3917 2465 3986 lmpura:
2499 3916 2686 3985 itaque
2727 3917 2878 3971 illius
2922 3917 3149 3972 haeresis
3178 3927 3461 3972 auctorem
3495 3916 3674 3972 imita-

2069 4018 2177 4073 tus,
2206 4025 2448 4078 quocum
2479 4009 2556 4062 illi
2588 4009 2813 4064 nomine
2844 4018 3011 4078 atque
3036 4010 3288 4063 moribus
3322 4010 3670 4073 conveniret,

2068 4102 2319 4156 haeresim
2372 4103 2705 4171 occeptavit.
2740 4102 2954 4155 Exinde
2998 4101 3184 4168 cperis
3220 4102 3401 4155 socios
3432 4109 3488 4156 et
3517 4101 3674 4169 adju-

2068 4200 2218 4246 tores
2266 4201 2707 4263 symmystasque
2760 4190 3082 4260 quaeritans,
3117 4190 3386 4245 Joannem
3434 4191 3668 4255 invenit,

2070 4300 2234 4353 quem
2288 4284 2715 4354 grammaticum
2765 4292 2985 4348 vocant,
3053 4283 3229 4353 magis
3277 4298 3409 4336 vero
3436 4282 3671 4337 Jannem

2068 4377 2302 4430 alterum
2356 4384 2452 4431 aut
2517 4376 2828 4443 Simonem,
2882 4376 3164 4431 hominem
3230 4374 3672 4430 divinationibns

2067 4486 2134 4524 ex
2196 4470 2339 4538 pelvi
2385 4478 2442 4523 et
2479 4469 2777 4540 praestigiis
2829 4469 3198 4539 turpibusque
3237 4467 3456 4522 actibus
3507 4466 3670 4535 longe

373 4567 540 4622 αὐτοῦ
583 4569 847 4631 Ὶαννίτας
883 4570 979 4621 καὶ
1020 4568 1335 4639 Ἰαμόρίτας
1370 4570 1466 4622 καὶ
1498 4569 1836 4638 Σιμωνίτας·
1868 4568 1961 4631 οὓς

2075 4560 2594 4625 celebratissimum,
2630 4562 2885 4639 aliosque
2914 4563 3214 4617 nonnullos
3247 4560 3442 4616 eodem
3476 4574 3541 4614 ac
3577 4558 3669 4614 ille

368 4661 435 4731 δὴ
470 4660 564 4714 καὶ
598 4660 729 4732 παρ’
783 4662 961 4730 ἑαυτῷ
995 4660 1245 4730 κατέχων
1277 4661 1336 4712 ὲν
1388 4660 1466 4730 τῷ
1508 4660 1759 4731 παλατιῳ
1790 4679 1957 4729 προσο

367 4754 618 4808 καλεῖται
653 4754 971 4823 Νικηφόρον
1002 4753 1093 4805 τὸν
1157 4752 1404 4821 ἀοίδιμον
1455 4753 1810 4823 πατριάρχην
1865 4756 1958 4807 καὶ

368 4847 495 4910 τοὺς
524 4849 621 4901 σὺν
654 4847 804 4918 αὐτῷ
832 4844 1172 4915 προῦχοντας
1201 4844 1537 4908 ἐπισκόπους
1576 4863 1635 4898 τε
1664 4846 1759 4898 καὶ
1790 4848 1957 4917 ἱερεῖς

365 4938 600 4992 ἐνώπιον
631 4940 728 5008 τῆς
765 4938 1096 5008 συγκλήτου,
1127 4937 1221 4991 καί
1274 4953 1472 5009 φησιν’
1542 4938 1695 4991 "late
1747 4938 1958 5007 σαφῶς

363 5034 446 5099 ὠς
473 5030 827 5094 ἀνέστησάν
856 5048 1016 5095 τινες
1044 5030 1326 5098 λέγοντες
1363 5028 1449 5096 μὴ
1506 5027 1637 5081 δεῖν
1690 5042 1957 5096 προσκυ-

362 5128 599 5182 νεῖσθαι
617 5124 724 5192 τὰς
748 5126 1011 5189 εἰκόνας,
1044 5122 1152 5188 οὓς
1176 5123 1543 5186 εἰβούλεσθε
1573 5119 1954 5203 παραστῆναι

364 5221 463 5275 καὶ
492 5218 879 5289 διαλεχθῆναι
935 5216 1071 5285 περὶ
1116 5218 1355 5282 τούτου,
1397 5214 1495 5269 καὶ
1553 5215 1953 5292 ἐκδηλότε-ξοοχ⁴

361 5312 430 5366 τὸ
457 5310 684 5377 ἀληθὲς
719 5309 1073 5380 φανήσεται.

437 5400 504 5466 ζ’.
541 5403 684 5472 Πρὸς
712 5402 771 5455 ὃν
821 5404 848 5455 ὀ
878 5401 1019 5462 θεῖος
1049 5400 1364 5470 Νικηφόρος
1404 5398 1554 5453 οὐδὲν
1588 5396 1942 5468 ἁπεκρίνατο.

2067 4670 2257 4716 sensu,
2287 4653 2535 4709 Jannitas
2564 4664 2622 4707 et
2654 4637 2955 4708 Jambritas
2981 4670 3044 4708 ac
3064 4652 3397 4717 Simonitas;
3428 4667 3665 4723 quorum

2067 4746 2259 4811 utique
2310 4745 2543 4814 stipatus
2591 4754 2833 4808 caterva,
2876 4761 3083 4816 eosque
3125 4746 3179 4799 in
3227 4745 3431 4814 palatio
3478 4758 3666 4798 secum

2065 4838 2341 4903 detinens,
2391 4837 2766 4907 Nicephorum
2802 4838 3053 4892 inclitum
3092 4837 3464 4907 patriarcbam
3505 4835 3669 4889 soda—

2061 4929 2253 4999 lesque
2307 4929 2617 4999 praecipuos
2665 4928 2955 4999 episcopos
3003 4945 3068 4985 ac
3119 4928 3436 4985 sacerdotes
3477 4942 3665 4982 coram

2064 5033 2259 5077 senatu
2301 5033 2480 5087 vocat,
2522 5024 2707 5093 aitque
2734 5042 2746 5077 :
2786 5023 2942 5077 Scitis
2968 5023 3151 5093 palam
3182 5022 3476 5075 surrexisse
3506 5036 3665 5090 quos.-

2063 5114 2210 5179 dam,
2242 5117 2333 5185 qui
2369 5134 2474 5169 non
2517 5117 2827 5172 adorandus
2859 5133 2967 5171 esse
3001 5117 3261 5186 imagines
3286 5115 3503 5179 dicant;
3530 5129 3660 5183 quos

2056 5208 2104 5259 si
2138 5208 2297 5263 vultis
2331 5210 2533 5276 adesse,
2584 5212 2752 5279 deque
2788 5226 2850 5263 ea
2891 5225 2947 5262 re
2981 5208 3278 5278 disputare,
3323 5206 3514 5260 veritas
3546 5203 3661 5259 clo-

2058 5296 2170 5350 rius
2214 5298 2486 5355 elucescet.

2128 5389 2182 5443 7.
2228 5391 2308 5446 Ad
2353 5408 2517 5463 quem
2558 5394 2645 5447 vir
2697 5392 2919 5446 divinus
2967 5390 3313 5459 Nicephorus
3376 5388 3511 5443 nihil
3568 5403 3657 5443 reo
3698 5420 3705 5430 -

1660 5559 1897 5615 VARIIE
1935 5554 2339 5615 LECTIONES.

439 5730 481 5763 "
505 5728 623 5801 καὶ]
648 5730 704 5782 δὲ
731 5730 755 5784 ?
829 5730 871 5761 ⁸⁸
899 5730 1170 5799 λοχῆσαιῖ
1244 5731 1285 5759 ¹⁰
1328 5731 1421 5779 καὶ
1477 5726 1607 5793 γοῦν
1648 5723 1802 5793 ὤφθη
1826 5721 2129 5793 τηνικαῦτα
2152 5719 2407 5801 ’κομήτης
2427 5717 2501 5801 CL
2527 5718 2572 5750 ²⁶
2610 5715 2922 5801 ἑνωθέντων
2949 5713 3031 5801 (3...ι
3089 5707 3546 5801 ¹¹¹οιαιρεθβεςίτμων

362 5804 409 5834 ¹¹
437 5788 669 5868 κεφάλου
699 5801 890 5869 ἀνδρὸς
922 5788 1209 5853 δι’ἀπλασιν
1245 5800 1279 5850 Ι)
1312 5818 1322 5850 :
1360 5788 1504 5850 corr.
1536 5798 1600 5850 (Β.
1678 5788 1721 5826 ’³
1749 5788 1856 5846 τῶν
1883 5788 2007 5872 post
2034 5789 2177 5872 κριτά
2207 5790 2439 5872 atld._(’2.;‘
2461 5788 2513 5872 ’δ’
2541 5791 2851 5872 προεμήνυε
2879 5788 2950 5872 C'.‘
2985 5788 3031 5872 ζ’
3050 5788 3297 5872 Ιστάσις

1792 5866 1833 5895 ’⁸
1861 5852 1917 5916 το
1951 5862 2120 5917 δεινὸν
2148 5893 2201 5901 -ο
2249 5876 2298 5929 p.
2336 5859 2441 5915 768
2467 5852 2752 5920 εὖσεΰεῐας
2776 5872 2887 5911 om.
2911 5855 2951 5909 (Ζ
2990 5854 3120 5909 folio
3151 5852 3423 5907 abscisso.

362 5874 409 5903 "
440 5866 739 5943 ἀρξάμενοι
768 5866 829 5935 C,
859 5870 1166 5941 ἀρξαμένου
1192 5869 1248 5921 Ρ.
1309 5871 1351 5897 ’⁷
1386 5870 1467 5921 καὶ
1507 5884 1613 5920 om.
1649 5866 1708 5919 C.

2760 5802 2851 5839 νυε
2879 5785 2940 5840 C.
2985 5783 3031 5813 "
3065 5782 3252 5841 στάσις
3275 5776 3539 5847 ἐμφύλιος
3574 5777 3641 5831 υ-
