4124 6432
485 387 595 450 827

1763 398 2091 460 GEORGII
2129 396 2482 464 MONACHI

3664 405 3771 471 898

483 505 730 575 spondit.
750 505 990 563 Aitvero
1017 507 1085 562 ad
1112 523 1406 579 procerum
1436 512 1740 568 adstantem
1773 530 2032 570 coronam
2063 533 2075 570 :

2189 516 2286 589 ἔφη
2313 517 2372 574 δὲ
2402 516 2542 590 πρὸς
2571 518 2700 582 τοὺς
2751 519 3190 589 παρισταμένους
3231 519 3590 588 μεγιστάνους
3611 541 3623 552 -
3670 525 3770 576 Εἵ-

485 599 676 663 Dicite,
722 615 921 669 quaeso,
963 601 1104 671 quod
1135 617 1241 655 non
1275 611 1375 667 est,
1411 612 1469 656 ut
1522 605 1676 658 cadat
1715 605 1834 673 ﬁeri
1869 608 2081 676 potest?

482 691 697 756 Quibus
756 691 885 746 ﬁdei
933 693 1236 749 securitate
1291 697 1778 766 respondentibus,
1838 699 2081 768 subjecit

485 797 708 836 rursum
743 783 1056 852 patriarcha
1079 803 1092 838 :
1119 785 1391 857 Numquid
1405 805 1509 842 non
1537 788 1712 843 Leone
1732 798 1781 843 et
1811 790 2079 845 Constan-

463 876 598 928 ‘tino
635 873 847 930 Isauris
881 879 1291 946 imperatoribus
1333 883 1594 951 imagines
1637 885 1913 938 cecidere?
1965 886 2081 942 Illis

485 968 864 1024 annuentibus
897 983 959 1024 ac
988 970 1068 1024 sic
1103 986 1216 1026 rem
1250 987 1370 1027 sese
1397 974 1601 1029 habere
1633 975 2079 1046 adjungentibus,

485 1058 652 1128 Ergo,
689 1061 767 1113 ait
815 1061 977 1132 767
1000 1065 1214 1116 omnino
1239 1065 1476 1130 stabant,
1508 1085 1571 1120 ac
1597 1069 1671 1121 sic
1713 1067 1840 1122 olim
1869 1071 2082 1139 priscis-

486 1166 587 1220 qne
639 1153 960 1223 temporibus
1005 1163 1189 1207 erectte
1244 1165 1418 1210 erant.
1467 1156 1619 1222 Quod
1668 1160 1811 1212 enim
1843 1177 1948 1213 non
1981 1170 2078 1221 est,

483 1257 686 1312 necque
701 1250 994 1314 stat'atque
1025 1247 1287 1311 consistit,
1317 1249 1579 1317 quomodo
1607 1251 1763 1322 dejici
1800 1268 1863 1305 ac
1895 1253 2083 1307 cadere

489 1343 662 1404 potest
683 1337 708 1389 .9

557 1427 609 1480 8.
641 1427 779 1481 Tum
812 1428 1043 1499 reliquis
1079 1429 1358 1503 episcopis
1389 1433 1702 1492 istiusmodi
1753 1438 1820 1492 ad
1857 1440 2085 1496 haeresis

407 1547 420 1563 κ
482 1518 828 1573 eversionem
865 1519 1298 1591 objectantibus,
1336 1526 1747 1582 sacratissimus
1769 1529 1852 1583 vir
1879 1531 2086 1603 Euthy-

484 1608 633 1662 mius
683 1609 940 1665 Sardium
993 1615 1291 1684 episcopus
1345 1617 1519 1672 libera
1565 1634 1700 1686 voce
1753 1634 2084 1692 sumptaque

483 1701 685 1756 ﬁducia
725 1703 842 1758 ait:
869 1703 985 1770 Quo
1015 1721 1079 1760 ea:
1101 1716 1336 1778 tempore
1365 1709 1606 1765 Christus
1629 1713 1684 1766 in
1711 1723 1885 1768 terras
1917 1717 2081 1780 venit,

481 1795 554 1853 ad
590 1795 728 1848 lianc
774 1806 1012 1852 nostram
1037 1807 1270 1864 wtatem,
1296 1819 1416 1855 cum
1451 1805 1881 1874 octingentorum
1913 1825 2084 1862 anno-

481 1899 602 1942 rum
640 1895 880 1956 tempora
939 1889 1294 1956 decurrerint,
1342 1893 1534 1965 ubique
1599 1899 1834 1967 gentium
1891 1898 2086 1955 Christi

481 1987 672 2033 οισι-ταν
713 1981 929 2051 e/ﬁgies,
956 1983 1105 2054 isque
1138 1986 1196 2038 in
1241 1985 1472 2058 imagine
1513 1990 1794 2045 adoratur.
1823 1991 1949 2057 Quis
1978 1995 2084 2047 ita-

478 2087 581 2142 que
607 2074 681 2125 sic
718 2075 1021 2143 prefracta:
1075 2078 1338 2145 audaciae,
1372 2082 1460 2150 qui
1495 2083 1633 2136 tanti
1676 2087 1924 2154 temporis
1957 2103 2087 2156 apo-

477 2165 722 2219 stolieam
757 2167 1085 2240 Patrumque
1114 2173 1458 2226 traditionem
1482 2176 1743 2247 abrogare
1795 2189 2088 2248 prtesumnt

479 2274 546 2311 ac
569 2259 861 2313 convellere
878 2261 904 2313 ?
927 2265 1220 2332 prwsertim
1242 2281 1360 2318 cum
1382 2264 1666 2336 Apostolus
1684 2269 1826 2323 dicat
1844 2271 1900 2324 b:
1931 2290 1946 2320 ι
1974 2271 2085 2324 Ita-

482 2367 604 2421 que,
652 2352 870 2420 fratres,
908 2363 1071 2419 state,
1113 2364 1162 2408 et
1196 2366 1366 2411 tenete
1407 2358 1741 2424 traditiones,
1779 2379 1912 2432 quas
1942 2380 2088 2416 acce-

481 2444 656 2511 pistis,
706 2446 814 2498 sive
869 2462 963 2516 per
1008 2463 1328 2513 sermonem,
1357 2451 1464 2504 sive
1520 2467 1615 2522 per
1653 2454 1950 2524 epistolam.
2000 2456 2088 2510 Vel

481 2536 529 2588 si
565 2537 788 2606 angelus
825 2539 889 2592 de
917 2538 1046 2593 cwlo
1075 2541 1517 2612 euangelizaverit
1543 2544 1685 2598 vobis
1726 2550 1920 2616 prwter
1948 2549 2088 2618 quod

484 2632 782 2701 accepistis,
829 2632 1115 2686 anathema
1162 2633 1250 2687 sit.

554 2811 605 2866 9.
642 2813 773 2868 Post
821 2814 972 2870 hune
1005 2816 1292 2885 respondit
1319 2826 1375 2873 et
1410 2818 1759 2881 Theodorus.
1800 2819 2089 2875 aemulator

484 2907 576 2963 ille
611 2908 950 2980 fervensque
997 2921 1160 2967 rectae
1205 2912 1331 2968 ﬁdei
1362 2913 1639 2978 defensor,
1673 2915 1852 2970 Studii
1896 2917 2087 2986 praefe-

481 3008 624 3064 ctus,
656 3001 730 3056 ita
755 3001 988 3072 loquens
1015 3019 1029 3056 :
1071 3003 1216 3068 Noli,
1249 3005 1565 3076 imperator,
1599 3006 1851 3062 Ecclesia:
1885 3015 2087 3062 statum

483 3107 547 3142 ac
567 3092 1014 3162 tranquillitatem
1033 3097 1344 3152 convellere.
1375 3098 1519 3153 Dixit
1551 3101 1690 3153 enim
1710 3099 1993 3170 Apostolus
2021 3113 2044 3140 ο
2066 3116 2086 3156 :

2185 609 2337 663 πατέ
2360 627 2482 678 μοι,
2542 610 2611 664 τὸ
2638 610 2725 679 μὴ
2754 611 2830 664 ὃν
2860 610 3111 665 δύναται
3143 611 3392 673 πεσεῖν;
3423 610 3546 663 Τῶν
3596 613 3649 664 δὲ
3705 618 3767 680 τῆ

2183 703 2455 774 ἀσφαλείᾳ
2479 707 2580 774 τῆς
2610 705 2847 765 πίστεως
2895 703 3322 775 ἀποκριθέντων,
3359 706 3524 775 ἤρετο
3556 705 3719 760 πάλιν
3743 711 3772 757 ὁ

2184 794 2534 865 πατριάρχης
2557 812 2571 826 ο
2607 798 2871 850 Ἐπεσον
2897 796 2996 850 ἐπὶ
3037 795 3293 862 Λέοντος
3324 797 3421 850 καὶ
3448 802 3770 851 Κωνστιιν-

2184 885 2353 938 τίνου
2391 884 2511 939 τῶν
2555 887 2836 955 Ἰσαύρων
2868 892 2928 943 αἱ
2954 888 3112 958 ἅγιαι
3138 891 3370 954 εἰκόνες
3391 905 3410 953 ;
3437 890 3558 942 Τῶν
3581 890 3639 942 δὲ
3668 907 3774 943 κα-

2182 976 2562 1029 τανευσάντων
2618 980 2713 1032 καὶ
2764 979 2826 1032 τὸ
2889 981 2980 1034 ναὶ
3037 982 3468 1050 προσειπόντων,
3531 981 3774 1036 Οὐκοῦν

2184 1068 2430 1122 ἵσταντο
2458 1068 2697 1137 πάντως
2736 1072 2832 1124 καὶ
2862 1068 3024 1142 ἦσαν
3051 1073 3342 1142 ἀρχαϊκὸν
3363 1073 3563 1129 αὐτῶν
3597 1074 3772 1141 ἔχου-

2184 1173 2286 1210 σαι
2333 1157 2400 1212 τὸ
2444 1159 2782 1229 ἀνάστημα.
2834 1162 2905 1216 Τὸ
2932 1163 3041 1232 γὰρ
3066 1163 3149 1232 μὴ
3176 1163 3248 1216 ὂν
3273 1163 3413 1234 μηδ’
3447 1163 3776 1233 ἱστάμενον

2185 1249 2311 1318 πῶς
2333 1251 2584 1307 δύναται
2613 1255 2828 1309 πεσεῖν
2851 1273 2870 1322 ;

2255 1436 2326 1494 η’.
2359 1424 2490 1482 Εἶτα
2521 1431 2630 1484 τῶν
2663 1430 2838 1486 ἄλλων
2861 1434 3174 1488 ἐπισκόπων
3206 1433 3432 1487 τοιαῦτα
3449 1434 3771 1501 προτεινὰν-

2185 1539 2296 1575 των
2315 1525 2395 1586 εἰς
2435 1526 2750 1594 ἀνατροπὴν
2778 1525 2881 1594 τῆς
2913 1527 3198 1597 αἱρέσεως,
3231 1529 3260 1580 6
3294 1528 3439 1598 ἱερὸς
3476 1527 3774 1592 ἐπίσκοπος

2189 1614 2402 1685 Σάρδης
2427 1615 2698 1686 Εὐθύμιος
2717 1619 3244 1689 παρρησιασάμενος
3265 1619 3446 1686 λέγει·
3480 1622 3773 1687 Πρόσεχε,

2185 1703 2233 1762 ὦ
2255 1709 2542 1777 βασιλεῦ,
2580 1710 2705 1777 τοῖς
2758 1711 2830 1766 ἐν
2877 1711 3129 1780 ἐπιτομῇ
3156 1711 3616 1780 ῥηθησομένοις.
3659 1711 3776 1778 Ἀφ’

2189 1797 2261 1857 οὗ
2299 1798 2446 1871 ἦλθε
2473 1805 2726 1871 Χριστὸς
2756 1805 2854 1858 ἐπὶ
2899 1804 3012 1873 τῆς
3042 1804 3154 1874 γῆς
3172 1804 3346 1874 μέχρι
3372 1803 3489 1857 νῦν
3521 1803 3775 1856 ὀκτακό-

2189 1907 2293 1947 σια
2315 1893 2418 1959 ἐτη
2441 1894 2776 1963 παρῆλθον,
2807 1898 2902 1950 ιτα)
2935 1897 3246 1966 πανταχοῦ
3275 1895 3779 1963 στηλογραφεῖται

2188 1987 2444 2053 Χριστὸς
2483 1988 2578 2040 καί
2617 1989 2684 2040 ἐν
2723 1990 2907 2042 εικόνι
2947 1989 3398 2056 προσκυνεῖται.
3436 1987 3611 2052 Ποῖος
3663 1983 3781 2043 οὗν

2188 2079 2458 2146 αὐθάδης
2490 2078 2852 2149 τολμήσειεν
2878 2080 2996 2150 τὴν
3046 2081 3344 2134 τοσούτου
3377 2079 3604 2147 χρόνου
3629 2079 3781 2132 ἀπο-

2188 2172 2484 2241 στολικήν
2515 2190 2580 2226 τε
2607 2174 2703 2227 καὶ
2731 2172 3032 2242 πατρικὴν
3051 2173 3392 2242 παράδοσιν
3418 2159 3706 2239 ἀόετῆσαι
3744 2172 3777 2239 ἢ

2183 2265 2638 2334 μετασαλεῦσαι
2661 2280 2681 2328 ;
2708 2264 2979 2333 μάλιστα
3017 2264 3124 2318 τοῦ
3172 2264 3535 2319 Ἀποστόλου
3564 2264 3781 2333 ,λέγον-

2189 2372 2314 2419 τος,
2353 2371 2373 2405 ι
2407 2357 2556 2422 ’Ἄρα
2582 2351 2718 2421 οὖν,
2747 2353 3026 2422 ἀδελφοὶ,
3058 2353 3318 2422 στήκετε
3366 2353 3464 2408 καὶ
3513 2353 3782 2422 κρατεῖτε

2189 2444 2292 2511 τὰς
2345 2444 2707 2512 παραδοσεις
2742 2443 2814 2510 ἂς
2862 2445 3225 2513 παρελάϐετε
3273 2444 3395 2498 alte
3444 2443 3541 2496 διὰ
3591 2447 3786 2511 ,λόγον

2193 2540 2277 2611 [Ρ.
2314 2538 2440 2610 502]
2473 2539 2595 2592 εἴτε
2622 2538 2696 2592 δι’
2724 2537 3077 2606 ἐπιστολῆς.
3099 2538 3229 2594 Κᾶν
3279 2537 3538 2606 ἄγγελος
3578 2538 3647 2601 ἐξ
3679 2539 3782 2590 οὑ-

2182 2632 2378 2701 ρανοῦ
2430 2629 2878 2699 ε-ὺιιγγελίᾷρται
2931 2629 3074 2698 ὑμῖν
3124 2629 3262 2697 παρ’
3295 2629 3327 2682 ὃ
3387 2626 3780 2697 παρελάϐετε,

2189 2723 2459 2793 ἀνάθεμα
2482 2725 2658 2777 ἔστω.
2692 2742 2710 2774 ι

2262 2819 2326 2872 θ’.
2359 2818 2495 2870 Μεθ’
2527 2817 2587 2870 ὃν
2619 2815 2890 2885 ἀπεκρίθη
2918 2815 3012 2868 καὶ
3046 2812 3323 2882 Θεόδωρος
3353 2814 3382 2865 6
3417 2811 3664 2883 ζηλωτὴς
3687 2811 3784 2864 καὶ

2191 2912 2391 2983 θερμὸς
2422 2911 2520 2979 τῆς
2569 2908 2876 2979 ὀρθοδοξίας
2933 2909 3241 2978 πρόμαχος,
3293 2907 3323 2958 6
3366 2905 3477 2958 τῶν
3528 2904 3782 2958 Στουδίου

2193 3003 2518 3074 ἡγούμενος.
2550 3002 2722 3070 λέγων
2745 3017 2759 3032 ·
2792 3001 2889 3068 Μὴ
2920 2998 3332 3068 παρασιϋευε,
3353 2997 3642 3062 βασιλεῦ,
3674 3013 3784 3051 κα-

2191 3096 2492 3151 τάστασιν
2520 3092 3056 3162 ὲκκλησιαστικήν.
3098 3092 3356 3160 Εῖρηκεν
3382 3091 3493 3160 γὰρ
3548 3093 3580 3145 ό
3617 3090 3784 3144 Ἀπό-

489 3198 507 3230 ι
552 3180 622 3234 Et
656 3182 790 3237 alios
836 3185 1049 3254 quidem
1087 3190 1259 3256 posuit
1293 3187 1428 3242 Deus
1458 3191 1514 3243 in
1567 3190 1824 3256 Ecclesia,
1853 3193 2085 3262 primum

2189 3192 2411 3254 στολος
2433 3204 2448 3220 ο
2481 3207 2500 3240 ι
2529 3186 2635 3241 Καὶ
2669 3185 2774 3253 οὓς
2797 3185 2913 3254 μὲν
2927 3187 3096 3241 ἔθετο
3112 3188 3145 3239 ό
3171 3184 3315 3249 Θεὸς
3337 3185 3406 3236 ἐν
3430 3183 3783 3250 Ἐκκλησίῃ,

483 3272 772 3339 apostolos,
828 3275 1016 3328 deinde
1068 3280 1372 3347 prophetas,
1429 3282 1583 3333 tertio
1635 3289 1873 3350 pastores
1931 3290 2088 3354 atque

484 3363 740 3418 doctores.
779 3385 795 3416 ι
835 3366 955 3420 Non
1007 3370 1138 3423 dixit
1200 3372 1551 3441 imperatores
1606 3381 1698 3426 aut
1737 3389 1905 3444 reges.
1947 3376 2088 3430 Nam

487 3457 584 3510 tibi
638 3457 850 3526 quidem
908 3459 1076 3514 civilis
1139 3463 1510 3530 tranquillitas
1568 3466 1868 3520 concredita
1903 3476 1979 3521 est
2028 3485 2090 3522 ac

486 3550 769 3603 exercitus.
805 3550 1012 3605 Horum
1070 3569 1254 3608 curam
1299 3556 1461 3621 habe,
1513 3574 1576 3612 ac
1627 3558 1922 3613 Ecclesium
1987 3577 2088 3630 pa-

486 3641 716 3712 storibus
763 3660 827 3697 ae
871 3645 1195 3711 doctoribus,
1238 3657 1298 3700 ut
1360 3647 1535 3704 divino
1578 3652 1845 3706 sancitum
1883 3653 2092 3724 eloquio

488 3742 586 3797 est,
626 3735 786 3791 sine:
847 3739 932 3792 sin
986 3739 1160 3794 minus
1207 3739 1382 3810 placet
1424 3750 1484 3795 ut
1552 3745 1628 3798 his
1694 3746 1934 3799 animum
2001 3764 2092 3800 ac-

489 3829 786 3884 commodes
835 3848 898 3885 ac
932 3839 1172 3886 nostram
1222 3840 1402 3888 teneas
1445 3835 1626 3903 ﬁdem,
1655 3838 1736 3890 vel
1780 3839 1826 3892 si
1873 3839 2091 3910 angelus

490 3921 556 3974 de
583 3921 710 3976 cazlo
740 3921 1055 3979 descendens
1090 3933 1320 3979 evertere
1353 3943 1447 3982 nos
1492 3929 1658 4000 708
1682 3929 1925 3996 voluerit,
1961 3931 2093 3986 nihil

488 4013 537 4068 ei
587 4030 680 4067 nos
706 4013 843 4068 dicto
879 4016 1153 4071 audientes
1188 4018 1350 4084 scias,
1387 4026 1598 4074 tantum
1641 4021 1787 4076 abest
1827 4031 1881 4076 ut
1920 4023 2091 4093 impe-

488 4107 682 4160 ναῖοι-ἱ.

561 4196 650 4253 10.
696 4197 794 4254 llis
847 4199 1030 4270 itaque
1078 4210 1345 4273 tyrannus
1379 4203 1606 4269 auditis,
1668 4204 1864 4275 iraque
1925 4221 2091 4276 supra

488 4290 714 4345 modum
753 4307 1092 4358 exmsttmns,
1153 4295 1447 4366 leonisque
1487 4298 1542 4350 in
1594 4313 1806 4353 morem
1843 4300 2088 4369 rugiens,

485 4384 582 4455 qui
610 4384 769 4439 simia
801 4397 968 4450 esset,
1007 4387 1206 4458 ejectis
1235 4389 1496 4444 omnibus
1527 4391 1855 4459 procacibus
1887 4392 2089 4455 verbis,

489 4491 802 4545 magnoque
860 4476 1176 4546 Nicephoro
1232 4479 1367 4534 urbe
1417 4481 1652 4550 expulso
1705 4497 1770 4536 ac
1835 4481 2090 4537 similiter

489 4565 787 4622 Theodoro
832 4567 1052 4624 Studita
1103 4571 1158 4625 in
1209 4573 1466 4628 exsilium
1515 4575 1693 4644 pulso,
1746 4574 2092 4630 Theodotum

487 4656 821 4712 Cassiteram
875 4662 1316 4729 exspatharium,
1369 4664 1550 4718 virum
1609 4680 1639 4719 a
1683 4665 1925 4736 thymele
1969 4681 2092 4721 sce—

491 4764 674 4817 naque
738 4765 940 4806 nomen
987 4754 1249 4824 adeptum
1277 4797 1291 4820 ,
1329 4757 1589 4815 Ecclesiae
1629 4758 1888 4828 praeﬁcit;
1927 4759 2092 4830 inque

490 4856 619 4895 eum
661 4843 884 4898 modum
941 4848 1369 4904 scelestissimus
1426 4849 1534 4914 ille,
1597 4850 1848 4906 moribus
1905 4853 2093 4923 potius

490 4949 659 5003 quam
705 4937 930 4993 nomine
965 4939 1201 4994 bestiam
1246 4941 1568 5010 praeferens,
1603 4943 1871 4999 adversus
1912 4945 2090 5015 pieta-

492 5037 604 5082 tem
637 5030 818 5085 elatus
850 5031 1152 5086 Ecclesium
1189 5033 1284 5087 Dei
1330 5035 1636 5103 majoribus
1677 5037 1876 5092 animis
1911 5052 2098 5107 perse-

491 5123 791 5190 quebatur,
826 5140 1061 5196 eamque
1108 5127 1494 5181 vehementius
1524 5129 1893 5198 expugnabat,
1920 5128 2100 5184 donec

491 5213 637 5288 taste
690 5228 820 5268 eum
872 5214 1058 5270 divina
1115 5216 1228 5270 ulta
1275 5215 1492 5287 justilia
1542 5227 1649 5273 est.
1705 5215 1877 5289 Cujus
1911 5227 2094 5272 ortum

492 5306 797 5374 pessimum
828 5314 887 5361 et
920 5306 1251 5377 pravitatem
1298 5308 1521 5380 Deoque
1570 5323 1801 5364 exosum
1845 5310 2093 5364 animum

491 5415 556 5453 ac
600 5398 962 5470 impietatem,
992 5400 1089 5456 sed
1123 5410 1179 5456 et
1207 5401 1334 5456 vitae
1357 5403 1595 5458 exsitum
1628 5401 2092 5470 funestissimum,

493 5490 703 5548 diserte
743 5492 968 5549 divinus
1012 5494 1362 5566 Nicephorus
1403 5495 1668 5566 sugillans
1695 5507 1758 5548 ac
1793 5494 2090 5551 traducens

565 5674 596 5718 1³
620 5677 819 5738 Thess.
864 5697 926 5750 Il,
973 5682 1058 5738 Η».
1173 5695 1193 5722 ε
1225 5685 1428 5756 Ephes.
1463 5700 1536 5749 iv,
1572 5684 1624 5736 l.

2192 3277 2430 3348 πρῶτον
2465 3277 2874 3340 ἀποστόλους,
2901 3275 3184 3342 δεύτερον
3220 3273 3551 3342 προφήτας,
3579 3274 3786 3340 τρίτον

2192 3370 2481 3440 ποιμένας
2536 3371 2634 3423 καὶ
2684 3368 3114 3434 διδασκάλους.
3152 3386 3169 3419 ι
3230 3371 3352 3420 οὐκ
3379 3363 3569 3432 εἶπεν,
3597 3367 3782 3430 ,Βασι-

2191 3463 2343 3528 λεῒς.
2388 3462 2492 3516 Σοὶ
2515 3463 2632 3532 μὲν
2661 3461 2770 3532 γὰρ
2813 3462 2852 3530 ἡ
2906 3460 3186 3526 πολιτικὴ
3231 3458 3606 3524 κατάστασις
3650 3459 3783 3512 ἐπι-

2193 3560 2421 3627 στεύθη
2460 3558 2558 3612 καὶ
2589 3557 2658 3611 τὸ
2709 3556 3140 3625 στρατόπεδον.
3201 3557 3434 3610 Τούτων
3487 3553 3777 3624 φρόντιζε,

2193 3649 2291 3704 καὶ
2324 3651 2438 3719 τὴν
2477 3649 2847 3718 Ἐκκλησίαν
2875 3647 3064 3702 ἔασον
3094 3646 3336 3714 ποιμέσι
3367 3647 3461 3698 καὶ
3493 3643 3780 3697 διδασκά-

2192 3745 2326 3809 λοις
2389 3741 2540 3796 κατὰ
2591 3740 2702 3794 τὸν
2757 3740 2919 3794 θεῖον
2977 3738 3186 3806 λόγον.
3244 3739 3310 3790 ιιι
3355 3735 3424 3789 δὲ
3451 3733 3534 3803 μὴ
3559 3726 3775 3796 ,βούλει

2193 3833 2519 3905 προσέχειν
2549 3834 2781 3896 τούτοις
2819 3830 2918 3884 καὶ
2977 3826 3129 3884 εἶναι
3163 3827 3312 3896 μετὰ
3362 3826 3469 3895 τῆς
3518 3825 3778 3889 πίστεως

2195 3926 2382 3998 ἡμῶν,
2400 3925 2516 3982 κᾶν
2537 3925 2793 3995 ἄγγελος
2816 3922 2886 3987 ἐξ
2915 3920 3190 3988 οὐρανῶν
3212 3919 3521 3974 κατελθὼν
3546 3915 3779 3981 ﬂavi-n-

2194 4021 2321 4088 θείη
2350 4018 2725 4088 παρατρέψαι
2751 4013 2932 4085 ἡμᾶς,
2987 4015 3098 4068 οὐκ
3128 4011 3513 4079 ἀκουσόμεθα
3568 4007 3782 4072 αὑτοῦ,

2189 4113 2332 4184 μήτι
2362 4129 2428 4182 γε
2457 4109 2787 4175 βασιλέως.

2269 4211 2319 4257 ι’.
2363 4206 2421 4257 Ὀ
2449 4203 2544 4256 οὖν
2566 4203 2830 4272 τύραννος
2871 4199 3043 4254 ταῦτα
3077 4198 3316 4261 ἀκούσας
3351 4197 3446 4252 καὶ
3473 4197 3782 4270 ὑπερζέσας

2193 4297 2270 4367 τῷ
2302 4295 2479 4366 θυμῷ,
2515 4295 2609 4348 καὶ
2636 4294 2900 4347 λεόντειον
2943 4295 2971 4347 6
3009 4293 3238 4362 πίθηκος
3267 4289 3492 4360 βρύξας,
3524 4293 3619 4344 καὶ
3648 4291 3784 4344 πάν-

2194 4405 2292 4451 τας
2327 4386 2446 4456 μεθ’
2478 4384 2690 4456 ὕϐρεως
2717 4383 3021 4448 ἀπελάσας,
3079 4385 3175 4436 καὶ
3223 4381 3310 4434 τὸν
3338 4381 3655 4452 Νικηφόρον
3691 4381 3784 4434 τὸν

2200 4483 2373 4552 μέγαν
2398 4480 2498 4551 τῆς
2523 4479 2731 4542 πόλεως
2765 4478 3069 4540 ἀπελάσας.
3098 4476 3360 4541 ὡσαύτως
3389 4477 3484 4530 καὶ
3506 4476 3785 4546 Θεόδωρον

2127 4548 2168 4602 D
2338 4571 2383 4603 "
2427 4548 2678 4624 Στουδίου
2741 4569 3016 4642 ἑξορίσας,
3075 4571 3498 4641 ἀντιχειροτονεί
3527 4571 3620 4620 τὸν
3675 4567 3786 4622 ἀπὸ

2202 4663 2522 4735 σπαθαρίων
2541 4663 2800 4716 Θεόδοτον
2829 4661 2921 4715 τὸν
2965 4664 3324 4733 Κασσιτηρᾶν
3353 4661 3450 4712 καὶ
3477 4660 3578 4726 τῆς
3615 4658 3784 4727 Θυμέ-

2197 4756 2296 4825 λης
2318 4752 2417 4826 τὴν
2443 4753 2816 4824 προσηγορίαν
2841 4752 3264 4822 ἐπειλημμένον.
3290 4751 3400 4802 Καὶ
3423 4747 3593 4807 οὕτως
3612 4749 3639 4797 ὁ
3665 4748 3781 4796 ἀλι-

2195 4849 2385 4919 τήριος
2414 4848 2508 4901 καὶ
2532 4847 2894 4920 θηριότροπος
2919 4846 3121 4917 μᾶλλον
3146 4846 3176 4914 ἢ
3213 4839 3574 4913 θηριώνυμος,
3605 4839 3778 4906 ἔποφ’

2198 4941 2312 5006 οεὶς
2335 4940 2477 4995 κατὰ
2504 4942 2606 5010 τῆς
2651 4941 2953 5006 εὐσεϐείας,
2987 4939 3251 5008 μειζόνως
3280 4933 3472 4986 ἐδίωκε
3523 4931 3622 5002 τὴν
3657 4932 3781 4983 Ἐκ-

2199 5034 2429 5105 κλησίαν
2457 5034 2552 5088 τοῦ
2571 5034 2707 5088 Θεοῦ
2736 5033 2830 5086 καὶ
2859 5030 3077 5102 ἐπόρθει
3098 5028 3326 5099 σφόδρα,
3355 5025 3518 5096 μέχρι
3535 5024 3781 5079 τοῦτον³⁰

2197 5128 2420 5190 ἐνδίκως
2453 5129 2488 5198 ή
2510 5127 2629 5198 θείη
2656 5144 2660 5149 '
2693 5126 2816 5194 δίκη
2851 5123 3139 5194 μετῆλθεν.
3165 5114 3242 5176 Οὖ
3267 5120 3368 5190 τὴν
3397 5117 3665 5188 κακίστην
3695 5119 3784 5186 γέ-

2195 5238 2344 5275 νεσιν
2374 5222 2470 5274 καὶ
2521 5218 2823 5291 μοχθηρίαν
2845 5217 2938 5269 καὶ
2988 5213 3257 5282 θεοστυγῆ
3309 5211 3633 5283 προαίρεσιν
3687 5211 3783 5264 καὶ

2195 5313 2540 5376 δυσσέὀειαν,
2595 5311 2689 5364 καὶ
2724 5309 2906 5379 μέντοι
2936 5307 3030 5362 καὶ
3069 5305 3314 5379 χαλεπὴν
3349 5306 3392 5336 ³¹
3423 5303 3515 5358 τοῦ
3549 5304 3664 5374 βίον
3689 5320 3785 5354 κα-

2195 5403 2525 5475 ταστροφὴν,
2558 5402 2587 5454 ὀ
2610 5401 2895 5466 θεσπέσιος
2933 5401 3247 5472 Νικηφόρος
3267 5399 3565 5471 διαρρήδην
3602 5395 3785 5463 στηλι-

2196 5498 2370 5552 τεύων
2402 5499 2630 5566 φάσκει·
2664 5496 2902 5564 Παρορᾷ
2933 5497 3098 5565 Θεὸς,
3123 5496 3220 5551 καὶ
3247 5491 3434 5566 ἦρξεν
3455 5491 3584 5547 καθ’
3616 5485 3785 5558 ἡμῶν

1821 5754 2056 5813 νΛΙῖΙίΕ
2107 5746 2511 5808 ΙΕΟΤΙΟΞΝΕΞ.

571 5867 618 5901 ³⁸
637 5870 746 5925 τῶν
781 5873 840 5930 Ρ.
923 5877 966 5908 ³⁰
1010 5879 1202 5948 μέχρις
1234 5874 1294 5933 οὗ
1319 5881 1506 5934 τοῦτον
1540 5883 1600 5936 C.
1677 5884 1716 5914 "
1752 5885 1849 5952 μέν
1883 5900 1944 5952 γε.
1975 5881 2074 5952 τὴν
2097 5900 2146 5952 χ,
2181 5879 2247 5934 C.
