4124 6424
459 360 569 424 835

463 567 717 620 homines
765 581 829 621 ac
863 564 1064 636 ingrati
1095 563 1291 618 oculos
1324 563 1645 627 obvertent,
1675 562 2058 632 conspicient-

462 675 568 727 qne
600 658 745 728 quod
775 659 829 712 in
855 658 1000 712 hanc
1027 671 1204 726 usque
1231 655 1376 710 diem
1411 655 1465 709 in
1496 654 1701 724 templo
1731 662 1934 707 sancta:
1963 651 2061 706 Dei

462 750 760 805 Genitricis
809 749 1140 804 miraculum
1199 749 1419 802 canitur
1467 754 1631 816 atque
1675 745 1944 811 cernitur,
2003 747 2060 800 in

463 844 600 896 nrbe
653 858 819 912 quam
857 842 1103 914 Lyddam
1141 840 1383 894 vocant?
1411 838 1604 893 ﬁEdcm
1652 837 1795 891 hanc
1840 852 2054 891 sacram

460 937 779 989 excitarunt
835 934 1092 1004 apostoli,
1145 948 1266 987 cum
1326 931 1486 985 beata
1524 929 1693 1000 Virgo
1725 929 1910 983 adhuc
1943 929 2055 982 vita

464 1030 568 1082 hac
619 1039 906 1098 superstes
959 1036 1126 1083 esset.
1170 1026 1322 1080 Multi
1376 1024 1526 1079 enim
1567 1024 1851 1087 viderunt,
1908 1022 2056 1092 quod

463 1122 814 1176 venerationi
852 1120 1089 1174 habetur
1139 1135 1202 1173 ac
1237 1118 1463 1181 colitur,
1495 1133 1608 1171 non
1644 1133 1813 1171 manu
1851 1117 2057 1170 factum

466 1213 601 1268 illud
631 1228 694 1267 ac
723 1211 1039 1267 venerabile
1074 1211 1456 1268 simulacrum,
1509 1209 1821 1278 praenitidis
1858 1208 2058 1262 tabulis

464 1319 528 1358 ac
560 1303 849 1373 pellucidis
877 1317 1220 1372 expressum,
1257 1302 1422 1370 inque
1453 1316 1675 1355 omnem
1706 1299 2057 1354 altitudinem

464 1413 529 1452 ac
563 1396 895 1466 profundum
931 1395 1264 1466 pervadens.
1290 1395 1430 1448 lllud
1454 1393 1718 1446 nimirum
1750 1408 1874 1446 cum
1909 1390 2060 1446 Grac-

463 1507 651 1546 cornm
678 1490 901 1560 quidam
925 1489 1244 1545 Iudaeorum
1269 1489 1430 1560 775
1457 1487 1655 1542 infensi
1680 1486 1904 1542 Christo
1934 1500 2057 1539 era-

461 1585 593 1639 dere
621 1584 804 1638 conati
841 1593 1050 1648 essent,
1079 1582 1347 1638 frustrato
1390 1581 1637 1636 absurdo
1675 1589 1876 1635 conatu
1925 1593 2058 1633 eva-

459 1693 656 1733 nuere.
688 1677 907 1744 Quanto
955 1677 1102 1731 enim
1152 1675 1386 1747 effigiem
1436 1675 1730 1739 radebant,
1764 1681 1920 1727 tanto
1965 1672 2056 1726 illa

459 1768 656 1840 majori
709 1769 834 1824 luce
891 1769 1156 1838 radioque
1213 1767 1438 1822 clariori
1473 1765 1818 1835 Splendebat.
1857 1763 2055 1818 Mansit

458 1863 608 1917 enim
657 1862 1023 1916 nihilominus
1077 1861 1131 1914 in
1165 1860 1359 1916 eadem
1411 1859 1590 1914 forma
1621 1869 1787 1928 atque
1840 1856 2055 1911 habitu.

2165 1853 2398 1907 ἀλειπτα
2449 1855 2547 1906 καὶ
2613 1852 2873 1926 ἀλώδητα
2923 1856 3287 1921 διασῶζουσα.
3357 1857 3675 1929 Ἱστορείται
3715 1860 3758 1890 ¹¹
3844 1872 3859 1884 ‘

457 1954 585 2010 Oris
610 1954 828 2023 species
866 1969 930 2008 ac
956 1953 1211 2016 vestitus,
1242 1953 1476 2022 quaeque
1507 1950 1719 2020 reliqua
1763 1949 1818 2003 in
1863 1947 2055 2002 oculos

461 2045 778 2111 incurrunt,
825 2044 966 2100 nihil
1019 2043 1191 2098 oblita
1253 2042 1517 2110 nullaque
1543 2040 1666 2095 labe
1714 2040 1928 2109 integra
1974 2038 2052 2092 illi

459 2138 852 2193 constiterunt.
881 2137 1121 2191 Narrant
1161 2137 1309 2190 enim
1357 2133 1507 2204 quod
1538 2149 1665 2188 cum
1703 2131 1881 2186 sancti
1921 2146 2055 2201 apo-

456 2231 609 2294 stoli,
646 2229 1007 2284 sanctissime
1029 2228 1124 2283 Dei
1151 2225 1452 2282 Genitricis
1469 2225 1870 2296 pollicitatione
1905 2223 2050 2287 freti,

458 2323 564 2377 sub
592 2321 714 2393 ejus
743 2321 988 2376 nominis
1010 2319 1366 2374 invocatione
1393 2317 1660 2386 templum
1697 2317 2052 2378 excitassent,

459 2414 690 2484 ipsaque
725 2429 918 2469 eorum
979 2421 1175 2483 rogatu
1229 2410 1508 2466 Inst-randi
1567 2424 1734 2485 causa
1787 2409 2053 2477 templum

463 2507 709 2576 ingressa
753 2506 808 2560 in
847 2519 956 2558 una
991 2505 1376 2558 columnarum
1432 2500 1704 2564 stetisset,
1734 2513 2053 2568 expressam

1713 353 2035 415 GEORGII
2079 353 2427 415 MONACHI

536 477 625 531 l9.
669 474 916 540 Quanam
950 471 1122 544 igitur
1154 469 1368 526 ratione
1395 468 1671 526 increduli
1713 469 2063 540 improbique
2095 481 2136 533 Α

3654 345 3764 418 836

2240 471 2326 525 ιϐ’.
2366 471 2490 532 Πῶς
2515 467 2608 524 οὖν
2639 469 3052 541 ἀντιὸλὲψουσιν
3087 471 3135 523 οἱ
3170 469 3420 533 ἀπειθεῖς
3457 471 3551 523 καὶ
3580 470 3763 538 ἀγνώ-

2169 576 2331 634 μονες
2389 563 2526 635 πρὸς
2587 563 2648 617 τὸ
2703 564 2866 635 μέχρι
2919 563 3012 617 τοῦ
3067 563 3332 632 παρόντος
3368 562 3630 634 ᾀδόμενον
3669 565 3766 618 καὶ

2165 655 2448 727 ὁρώμενον
2502 657 2559 708 ἐν
2586 655 2665 726 τῷ
2696 657 2810 726 ναῷ
2840 657 2938 728 τῆς
2966 656 3310 726 Θεομήτορος
3353 655 3559 725 Θαύμα,
3611 655 3671 708 τὸ
3705 657 3764 708 ἐν

2162 753 2228 819 τῇ
2291 748 2443 801 πόλει
2480 748 2524 780 ⁸⁵
2548 751 2612 818 τῇ
2670 749 3008 819 καλουμένῃ.
3041 748 3214 819 Λύδδῃ
3244 764 3258 813 ;
3314 749 3481 818 όνπερ
3521 748 3648 800 ναὸν
3679 748 3762 800 ἐτι

2164 841 2463 909 περιούσης
2489 843 2631 894 κατᾶ
2663 842 2753 893 τὸν
2778 842 2907 911 τῇδε
2937 843 2980 872 ³⁸
3030 840 3144 910 βίον
3181 841 3232 893 οἱ
3258 840 3546 893 ἀπόστολοι
3570 840 3767 910 ἐδομή-

2167 951 2350 986 σαντο.
2381 934 2572 986 Πολλοὶ
2612 933 2697 1006 [Ρ.
2737 934 2864 1006 506]
2891 933 2998 1004 γὰρ
3028 933 3313 988 τεθέανται
3348 934 3764 1005 προσκυνούμε-

2161 1043 2250 1078 νον
2271 1026 2509 1089 εὐλαϐῶς
2543 1028 2582 1057 ιτ
2614 1027 2708 1079 καὶ
2739 1029 3053 1096 τιμώμενον
3079 1027 3138 1079 τὸ
3169 1027 3592 1097 ἀχειρότευκτον
3616 1029 3763 1079 ἐκεῖ·

2161 1135 2220 1170 νο
2249 1118 2341 1171 καὶ
2381 1119 2680 1188 σεϐάσμιον
2721 1119 3114 1188 ἀπεικόνισμα,
3172 1118 3335 1183 πλαέξλ⁸
3381 1121 3765 1188 τετυπωμένον

2161 1209 2442 1278 λαμπραῖς
2473 1209 2567 1262 καὶ
2592 1209 2861 1276 διαυγέσι,
2901 1211 2997 1262 καὶ
3047 1211 3136 1263 διὰ
3180 1209 3381 1280 βάθους
3435 1211 3762 1280 κεχωρηκδς

2163 1300 2286 1353 ὅλου
2315 1301 2390 1332 ¹⁸·
2425 1301 2452 1354 ὃ
2483 1301 2546 1369 δὴ
2593 1301 2687 1354 καί
2740 1302 2782 1333 ³⁸
2827 1318 2974 1364 τινες
3017 1301 3129 1354 τῶν
3157 1301 3442 1370 δυσμενῶν
3494 1302 3766 1371 Ἑλλήνων

2160 1407 2220 1442 τε
2257 1391 2349 1442 καὶ¹
2379 1391 2649 1445 Ἰουδαίων
2676 1391 2938 1455 ἁποξέσαι
2967 1393 3013 1424 ¹⁰
3040 1393 3444 1456 σπουδάσαντες
3479 1395 3762 1462 ἐματαιώ-

2161 1481 2332 1551 θησαν
2380 1483 2745 1554 ἀποτυχόντες
2791 1484 2892 1552 τῆς
2924 1485 3128 1538 ἀτόπου
3158 1486 3340 1540 αὐτῶν
3372 1487 3761 1556 ἐγχειρήσεως.

2167 1576 2319 1647 Ὀσῳ
2359 1575 2466 1648 γὰρ
2497 1577 2652 1630 αὐτοὶ
2674 1576 2734 1630 τὸ
2769 1575 3072 1646 ἐκτύπωμα
3100 1577 3270 1643 ἔξεον,
3297 1578 3627 1649 πλειοτέρως
3675 1578 3765 1644 ἐξα

2161 1670 2429 1738 έλαμπεν.
2469 1670 2637 1724 Οὐδὲν
2668 1671 2778 1742 γὰρ
2807 1665 2974 1742 ἦττον
3007 1671 3099 1724 ἐπὶ
3143 1671 3426 1743 σχήματος
3473 1672 3760 1744 ἓστηκενή

2163 1761 2366 1831 μορφὴ,
2392 1757 2534 1824 εἶδός
2558 1779 2617 1814 τε
2653 1762 2747 1815 καὶ
2776 1763 2970 1834 στολὴν
3002 1765 3096 1817 καὶ
3121 1760 3290 1818 τᾶλλα
3312 1768 3412 1835 τῆς
3439 1765 3567 1829 Οὲας
3599 1766 3760 1831 ἀνεξ-

2163 1943 2272 2014 γὰρ
2301 1945 2383 1997 ὅτι
2413 1944 2461 1996 οἱ
2484 1942 2629 2012 ἆγιοι
2660 1945 2947 1998 ἀπόστολοι
3005 1945 3300 2015 ὑποσχέσει
3345 1946 3444 2016 τῆς
3475 1947 3760 2014 πανάγνου

2161 2035 2427 2089 Θεοτόκου
2482 2035 2610 2089 ναὸν
2664 2036 2751 2088 ἐπ’
2782 2037 3007 2107 ὀνόματι
3041 2037 3213 2108 αὐτῆς
3266 2039 3611 2109 ἀνήγειραν·
3666 2041 3763 2093 καὶ

2161 2127 2333 2197 αὐτῆς
2361 2130 2440 2190 εἰς
2470 2127 2598 2181 θέαν
2621 2127 2713 2181 τοῦ
2749 2129 2878 2182 ναοῦ
2910 2133 2976 2200 τῇ
3029 2130 3245 2200 αἰτήσει
3276 2131 3457 2184 αὐτῶν
3487 2131 3763 2198 εἰσελθούοτ

2163 2239 2262 2291 σης
2292 2221 2386 2274 καὶ
2415 2221 2494 2284 εἰς
2530 2222 2628 2274 ἕνα
2652 2223 2698 2255 ¹²
2733 2222 2843 2276 τῶν
2877 2224 3076 2276 κιόνων
3111 2222 3402 2294 σταθείσης
3461 2224 3760 2295 εὑρεθῆναι

2161 2314 2220 2365 ἐν
2244 2311 2322 2383 τῷ
2367 2313 2507 2365 κίονι
2530 2313 2591 2365 τὸ
2619 2313 2926 2383 ἐκτύπωμα
2952 2313 3127 2384 αὐτῆς
3153 2331 3168 2346 ο
3197 2313 3225 2368 ὃ
3246 2317 3340 2368 καὶ
3370 2315 3540 2370 πολλὰ
3562 2317 3759 2386 βιασάο

2165 2423 2338 2476 μενοι,
2371 2404 2446 2468 ὼς
2476 2405 2715 2478 εἴρηται,
2753 2406 3016 2477 ’Έλληνες
3044 2408 3138 2462 καὶ
3188 2407 3434 2462 Ἰουδαῖοι
3465 2410 3565 2462 οὐκ
3606 2410 3760 2480 [ἐχυ-

2166 2516 2265 2550 σαν
2299 2501 2566 2566 ἀποξέσαι
2600 2501 2668 2554 η.

464 2599 637 2668 ipsius
670 2597 906 2668 effigiem
951 2597 1006 2651 in
1040 2596 1298 2650 columna
1335 2594 1618 2648 inventam
1669 2606 1834 2656 esse;
1888 2607 2052 2660 quam
2095 2589 2268 2647 Graeci
2297 2594 2586 2664 Judaeique
2640 2594 2790 2648 nulla
2842 2594 3158 2664 quantavis,
3228 2595 3304 2648 uti
3358 2594 3565 2652 dictum
3648 2605 3755 2668 est,

464 2695 574 2748 illis
598 2693 844 2747 adhibita
871 2691 923 2745 vi
963 2691 1196 2746 eradere
1223 2696 1482 2759 potuere.

531 2784 621 2839 20.
664 2783 845 2838 Testis
909 2782 1135 2853 quidem
1198 2782 1364 2837 etiam
1431 2789 1634 2851 prmter
1689 2779 1795 2834 alia
1863 2778 2052 2833 divina

460 2885 664 2938 statua,
698 2891 864 2946 quam
895 2873 1096 2930 mulier
1129 2873 1398 2943 sanguine
1432 2873 1627 2937 ﬂuens,
1656 2888 1684 2926 a
1717 2888 1826 2942 quo
1861 2879 2054 2926 curata

459 2969 662 3030 fuerat,
698 2965 924 3021 Christo
953 2966 1110 3036 quta
1134 2961 1283 3018 aedes
1307 2978 1436 3018 suas
1463 2963 1824 3034 gratitudinis
1852 2977 2053 3016 monu-

458 3065 650 3112 mento
676 3055 892 3120 statuit,
922 3053 1336 3151 apertissimum
1366 3069 1498 3108 sane
1538 3053 1759 3108 titulum
1792 3051 2056 3107 sinceris-

458 3150 724 3220 simzeque
749 3148 1010 3204 veritatis
1039 3143 1352 3217 prizeconem
1377 3145 1616 3201 exhibiti
1651 3145 1706 3199 in
1735 3146 1854 3216 ipsa
1891 3143 2058 3197 mira-

2229 2774 2296 2831 κ’.
2328 2775 2450 2828 Ὀτι
2480 2775 2536 2828 δέ
2561 2777 2896 2847 ἀρχαιοτάτη
2919 2775 3126 2828 τούτων
3156 2777 3188 2845 ἡ
3211 2775 3430 2845 ποίησις
3457 2775 3550 2828 καὶ
3576 2776 3759 2846 παρὰ·

2154 2869 2302 2930 δοσις
2351 2867 2418 2930 ³³,
2495 2869 2708 2939 μάρτυς
2743 2869 2840 2938 μέν
2893 2872 2989 2921 καὶ
3017 2868 3154 2938 πρὸς
3196 2869 3316 2930 τοῖς,
3344 2866 3527 2930 ἄλλοις
3556 2870 3584 2920 ό
3614 2867 3757 2930 θεῖος

2155 2960 2380 3031 ἀνδριὰς
2423 2959 2482 3012 ὃν
2512 2959 2742 3031 ἔστησεν
2782 2962 2814 3031 ἡ
2841 2961 3143 3030 αἱμόρρους
3168 2960 3305 3031 γυνὴ
3336 2960 3756 3034 τῲίθεραπευτῇ

2158 3050 2383 3121 Χριστῷ
2437 3053 2590 3122 παρά
2619 3052 2697 3123 τῷ
2742 3053 2942 3123 εαυτῆς
2975 3053 3023 3084 ⁸⁸
3054 3054 3211 3123 οἴκῳ,
3272 3053 3476 3124 στήλην
3529 3055 3758 3124 ἐναργε-

2165 3145 2372 3213 στάτην
2426 3143 2524 3196 καὶ⁵
2578 3145 3018 3216 ἀπαράγραπτον
3082 3146 3300 3216 κήρυκα
3338 3145 3434 3199 τοῦ
3470 3148 3549 3208 εἰς
3585 3146 3757 3216 αὐτὴν

457 3241 593 3307 culi,
628 3239 937 3294 inauditutn
973 3237 1028 3291 in
1064 3238 1181 3307 ipsa
1240 3241 1520 3307 patratum
1552 3236 1799 3290 divinum
1831 3234 2047 3305 signum

2156 3234 2440 3304 γεγονότος
2465 3235 2513 3266 ’³
2538 3235 2838 3306 θαύματος,
2894 3239 3016 3300 ταῖς
3069 3237 3364 3306 μετέπειτα
3418 3240 3638 3306 γενεαῖς
3686 3237 3748 3289 τὸ

459 3349 524 3389 ac
554 3333 867 3404 prodigium
916 3330 973 3384 in
1022 3330 1240 3385 futuras
1272 3331 1431 3400 longe
1479 3328 1868 3400 generationes
1899 3327 2056 3380 evul-

459 3439 636 3494 gans;
675 3423 837 3491 cujus
863 3429 920 3475 et
967 3437 1199 3490 magnus
1240 3420 1384 3490 apud
1425 3419 1726 3490 imaginum
1782 3417 2054 3473 eﬂictores

460 3515 722 3586 magister
741 3513 1034 3576 Eusebius,
1049 3514 1103 3566 in
1129 3511 1500 3566 Ecclesiastica
1522 3511 1751 3566 Historia
1771 3510 2063 3565 mentione-

460 3605 628 3668 l‘acta,
668 3605 1100 3674 memoratisque
1130 3604 1413 3659 miraculis
1436 3620 1561 3674 quze
1602 3605 1670 3658 ad
1713 3619 1924 3658 sacram
1968 3602 2055 3656 di-

460 3699 707 3766 vinoque
739 3699 988 3768 germine
1025 3697 1139 3751 illic
1163 3706 1515 3753 enascentem
1551 3697 1782 3753 herbam
1831 3697 2050 3759 ﬁerent,

462 3806 696 3859 esseque
727 3791 874 3844 illam
902 3791 1122 3846 cunctis
1149 3792 1415 3844 auxilium
1453 3807 1696 3861 praesens
1731 3801 1897 3860 atque
1933 3804 2051 3843 tua--

462 3884 643 3938 lorum
681 3883 1070 3952 depultricem,
1103 3883 1389 3955 subjungit
1423 3885 1616 3940 dicens
1645 3883 1811 3954 776
1835 3891 2050 3953 aposto-

465 3975 637 4030 lorum
661 3974 808 4029 Petri
839 3983 886 4028 et
921 3974 1083 4029 Pauli
1121 3977 1402 4046 imagines,
1433 3987 1592 4046 atque
1624 3977 1790 4044 ipsius
1833 3975 2050 4040 Christi,

460 4065 707 4138 penicillo
747 4083 810 4120 ac
843 4065 1102 4122 coloribus
1133 4069 1328 4137 pictas,
1379 4083 1496 4137 qme
1528 4069 1820 4121 etiamnum
1871 4073 2050 4118 exsta-

460 4169 576 4214 rent
608 4159 816 4214 vidisse.

532 4255 621 4306 21.
655 4253 835 4308 Testis
871 4269 1004 4307 vero
1036 4253 1204 4307 etiam
1239 4252 1411 4316 visus,
1445 4251 1584 4305 fidus
1637 4251 1750 4322 ipse
1790 4251 2049 4322 magister

462 4361 527 4401 ac
560 4363 762 4412 verax;
797 4346 1057 4415 longique
1092 4347 1360 4414 temporis
1387 4346 1535 4399 clare
1570 4345 1777 4399 indicio
1819 4355 1904 4399 est
1934 4345 2048 4414 ipsa

462 4453 685 4509 quoque
727 4438 1133 4493 venerabilium
1173 4453 1457 4492 sacrarum
1492 4437 1692 4492 tedium
1742 4448 2046 4492 structura.-

461 4531 735 4586 Prazterea
759 4545 895 4583 vero
918 4529 1085 4583 etiam
1117 4529 1261 4584 sacri
1295 4529 1588 4584 ministerii
1623 4545 1900 4591 vasorum,
1946 4545 2045 4584 an-

467 4623 635 4693 tiquis
661 4623 1026 4692 temporibus,
1064 4623 1151 4692 pia
1185 4623 1427 4678 fidelium
1481 4622 1775 4678 sedulitate
1828 4622 2048 4677 effectio

464 4732 529 4771 ac
584 4715 965 4781 consecratio;
1016 4731 1252 4785 quorum
1285 4715 1501 4771 inﬁnita
1534 4731 1707 4786 prope
1751 4717 2048 4772 multitudo

460 4824 528 4862 ac
568 4807 748 4883 copia.
785 4807 1080 4862 Sacrorum
1130 4809 1296 4863 etiam
1345 4805 1770 4879 Evangeliorum
1823 4810 2046 4874 tabulae,

462 4913 586 4968 qua:
615 4913 802 4952 sacras
831 4897 1076 4952 exterius
1106 4897 1310 4952 formas
1355 4913 1418 4952 ac
1465 4897 1686 4968 figuras,
1719 4909 2046 4952 cunctorum

464 4989 708 5044 ﬁdelium
735 4988 1078 5044 venerationi
1105 4989 1383 5060 expositas
1409 4988 1588 5058 iisque
1619 4990 1815 5049 cultas,
1846 4989 2048 5044 ferant.

462 5083 673 5140 Divina:
703 5083 834 5139 item
864 5083 1155 5150 columnae,
1190 5093 1247 5138 et
1281 5098 1422 5153 quas
1457 5082 1638 5138 soleas
1667 5091 1888 5147 vocant,
1921 5082 2048 5152 qui-

2159 3327 2281 3381 κατ’
2309 3326 2484 3398 αὐτὴν
2507 3328 3005 3400 Θαυματουργηθὲν
3041 3330 3342 3402 παράδοξον
3395 3329 3456 3400 δη
3467 3329 3754 3398 μοσιεύου·

2157 3437 2225 3472 σα
2249 3437 2263 3451 ο
2298 3421 2428 3490 περὶ
2455 3414 2515 3472 οὗ
2556 3423 2652 3474 καὶ
2681 3423 2710 3473 ὁ
2766 3422 2940 3493 μέγας
2972 3424 3125 3492 παρά
3153 3425 3266 3487 τοῖς
3297 3421 3676 3487 εὶκονοτύποις
3707 3426 3755 3456 ⁸⁸

2154 3513 2470 3576 διδάσκαλος
2495 3514 2762 3578 Εὐσέὸιος
2777 3518 2834 3569 ἐν
2866 3519 2930 3586 τῇ
2948 3517 2989 3547 ’⁷
3011 3514 3525 3583 Ἐκκλησιαστικῇ
3565 3515 3749 3570 Ἱστο-

2145 3603 2252 3671 ρίᾳ
2279 3602 2667 3674 μνημονεύσας
2719 3605 2788 3658 τὰ
2823 3605 3126 3675 τελούμενα
3160 3605 3416 3676 θαύματα
3462 3607 3617 3678 παρὰ
3648 3608 3748 3676 τῆς

2153 3695 2367 3748 ἐκεῖθεν
2385 3696 2663 3767 φυομένης
2695 3698 2848 3768 ἱερᾶς
2880 3699 2974 3752 καὶ
3007 3697 3333 3751 θεοϐλάστου
3359 3699 3517 3762 πόας.
3555 3699 3646 3751 καὶ
3673 3699 3750 3758 ὡς

2152 3780 2221 3856 ἦν
2257 3789 2462 3841 ἆπασιν
2518 3789 2843 3852 ἀλεξὲκακον
2895 3791 3280 3862 ἐπικούρημα,
3339 3793 3534 3860 ἐπάγει
3564 3790 3608 3823 ’⁸
3640 3791 3745 3860 φά-

2156 3895 2324 3944 σκων,
2347 3881 2429 3934 ὅτι
2456 3883 2565 3937 Kal
2587 3883 2706 3937 τῶν
2735 3886 3099 3939 ἀποστόλων
3120 3886 3226 3951 τὰς
3255 3889 3495 3954 εἰκόνας
3529 3887 3749 3955 Πέτρου

2154 3974 2252 4026 καὶ
2282 3975 2529 4030 Παύλου
2549 3977 2645 4029 καὶ
2676 3978 2864 4032 αὐτοῦ
2913 3978 2982 4031 δὲ
3011 3980 3056 4012 ³³
3087 3979 3354 4047 Χριστοῦ
3385 3980 3482 4032 διὰ
3519 3980 3753 4050 χρωμά·

2153 4082 2271 4119 των
2293 4067 2364 4119 ἐν
2398 4068 2651 4138 γεραροῖς
2683 4068 3023 4139 σωζομένας
3058 4074 3491 4142 ἱστορήσαμεν.
3753 4083 3756 4086 ’

2224 4245 2328 4301 καί.
2361 4250 2590 4320 Μάρτυς
2641 4251 2696 4303 δὲ
2731 4252 2824 4305 καὶ
2864 4254 2895 4323 ή
2948 4253 3091 4324 ὄψις,
3121 4255 3444 4321 δ.ὃάσκαλος
3487 4256 3766 4326 ἀψευδής(

2151 4336 2224 4389 Τό
2256 4354 2316 4389 τε
2349 4339 2525 4408 μῆκος
2546 4341 2590 4371 ³⁰
2621 4341 2716 4393 τού
2765 4344 2961 4413 χρόνου
3013 4345 3203 4414 σαφῶς
3229 4346 3474 4400 δείκνυσι
3509 4349 3605 4400 καὶ
3641 4349 3752 4400 τῶν

2153 4432 2368 4486 σεπτῶν
2397 4434 2540 4486 ναῶν
2579 4435 2610 4504 ὴ
2653 4437 2850 4498 κτίσις.
2899 4438 3019 4490 Ἔτι
3054 4437 3110 4490 δὲ
3142 4439 3183 4470 ³¹
3218 4440 3312 4492 καὶ
3341 4439 3451 4493 τῶν
3483 4441 3752 4495 ἀνέκαθεν

2153 4524 2316 4596 ἱερῶν
2368 4526 2578 4579 σκευῶν
2630 4529 2783 4600 παρὰ
2829 4530 2939 4582 τῶν
2985 4531 3420 4602 εύσεὸούντωνή
3457 4534 3501 4565 ³³
3532 4534 3754 4604 ποέησις

2077 4605 2131 4664 Ι)
2159 4619 2254 4670 καὶ
2308 4620 2613 4692 ἀφιέρωσις
2645 4622 2876 4694 ἄπειρος
2928 4625 3006 4696 τῷ
3037 4627 3232 4697 πλήθει
3270 4629 3635 4697 τυγχάνουσα.
3673 4629 3750 4682 0:5

2160 4710 2268 4780 μὴν
2296 4711 2352 4764 δέ
2373 4711 2417 4743 ³³
2441 4712 2576 4766 ἀλλὰ
2607 4715 2702 4768 καὶ
2734 4715 2896 4768 αὐταὶ
2924 4718 2980 4769 αἱ
3005 4717 3208 4786 πτυχαὶ
3242 4718 3350 4769 τῶν
3372 4717 3544 4781 ἁγίων
3577 4717 3750 4780 Εὐαγ-

2155 4805 2350 4872 γελίων
2376 4807 2422 4839 “
2453 4809 2578 4872 τοὺς
2613 4812 2792 4879 ἱεροὺς
2819 4810 3022 4872 τύπους
3044 4809 3244 4875 ἔξωθεν
3280 4810 3543 4876 φέρουσαι
3570 4806 3616 4838 ³³
3641 4806 3760 4857 ὑπὸ·

2157 4899 2374 4953 πάντων
2396 4903 2606 4954 πιστῶν
2640 4903 2854 4965 σεπτῶς
2877 4899 3405 4971 προσκυνουμένους,
3437 4896 3492 4948 οἵ
3517 4914 3577 4948 τε
3612 4897 3747 4951 Οεῖοι

2157 4992 2333 5054 κίονες
2365 4993 2462 5044 καὶ
2490 4995 2548 5046 αἱ
2574 4995 2799 5048 σωλαῖαι
2829 4990 3184 5060 καλούμεναι,
3216 4989 3272 5042 αἶ
3296 4990 3340 5020 ³⁸
3356 4989 3416 5041 τὸ
3448 4988 3748 5058 σεϐάσμιον

2155 5084 2250 5138 τοῦ
2274 5087 2418 5156 ἱεροῦ
2447 5087 2832 5159 διατειχίζουσι
2855 5083 3268 5154 θυσιαστηρίου.
3303 5085 3411 5138 Καὶ
3437 5083 3544 5156 γὰρ
3571 5083 3748 5138 οὐδενὶ

1738 5269 1980 5327 VARIA‘I
2020 5270 2319 5328 LECTION
2327 5275 2431 5331 ES.

538 5410 580 5439 ιδ
609 5413 675 5479 τῇ
716 5411 866 5464 πόλει
924 5409 1052 5468 add.
1220 5411 1264 5443 ¹⁸
1288 5409 1435 5462 τόνδε
1474 5410 1565 5462 τὸν
1601 5407 1664 5465 Ρ.

462 5481 854 5550 πειρασυέντες
909 5479 1158 5544 διέξεσαν
1211 5480 1481 5550 μανικῶς,

465 5529 799 5622 ἕέἐλᾶρἇᾉνζ

463 5626 590 5697 τους
638 5621 975 5697 ἀποστόλους
1026 5623 1347 5697 αὐτόματον
1395 5621 1848 5697 ἀναδωθῆναίῂτὸ
1909 5621 2414 5697 σεϐἀσμιονπουτὶ
2452 5622 2663 5697 χρῆμα
2727 5624 2790 5697 (2..

1457 5696 1503 5724 ’³
1533 5693 1613 5757 εἰς
1642 5691 1813 5761 αὐτὴν
1842 5691 2128 5761 γεγονότος
2161 5708 2271 5748 om.
2304 5694 2366 5748 C.
2445 5696 2474 5726 ¹¹

1457 5764 1515 5818 C.
1599 5763 1647 5796 ³⁸
1673 5762 2005 5818 μίκιστονϐ.
2119 5767 2162 5798 ³⁸
2200 5764 2256 5817 δέ
2288 5780 2400 5818 om.
2433 5763 2474 5818 C

1581 5834 1627 5866 "
1662 5805 1891 5906 ξέρουσι
1931 5837 2082 5908 τεαρά
2148 5840 2484 5908 χριστιανοῖς
2529 5835 2609 5906 τῷ
2659 5805 2968 5908 έὺαγγελίῳ
2995 5805 3275 5908 προσκυντ

507 5692 842 5762 ἅδοσις-αάά.
881 5692 945 5747 C.
1008 5693 1070 5762 7“
1110 5693 1284 5762 αὐτῆς
1315 5691 1377 5746 Ρ.

505 5778 646 5837 γαγε
674 5760 740 5837 (1.
789 5831 800 5837 _
851 5763 896 5794 ¹⁹
931 5761 1028 5837 καὶ
1057 5762 1128 5837 διῖ
1161 5760 1334 5837 αὐτοῦ
1357 5765 1422 5837 δὴ
1453 5764 1515 5819 C.

1599 5763 1647 5796 ³⁸
1673 5762 1923 5834 μίκιστον
1939 5764 2005 5819 C.

475 5833 520 5861 ³⁸
549 5833 662 5886 τῶν
709 5831 881 5900 ἁγίων
910 5833 1248 5903 εὐαγγελίων
1271 5850 1382 5889 om.
1411 5831 1479 5891 Ὀ.

1742 5410 1784 5447 ¹τ
1811 5407 2055 5472 εὐλαϐῶς
2077 5407 2204 5461 add.
2244 5409 2308 5467 C.

1548 5480 1684 5551 ἀλλά
1721 5479 2023 5551 διήμαρτον
2089 5481 2241 5547 μάλα
2303 5483 2404 5551 τῆς
2461 5480 2679 5534 ἀνοσίου
2751 5480 3124 5551 ἐγχειρήσεως
3168 5480 3232 5545 C,
3261 5481 3486 5534 omissis
3544 5483 3748 5551 tam—f-

909 5553 951 5582 ²¹
996 5548 1317 5624 ἱστορεῖται.
1358 5549 1748 5624 έάποξέσαι]
1797 5548 2090 5624 ’ἱστόρηται
2147 5553 2257 5624 γὰρ
2309 5548 2605 5624 ὑποσχέσει
2651 5553 2753 5620 τῆς
2803 5548 3085 5624 emam»
3135 5553 3420 5624 -παρθένου
3475 5555 3567 5622 τῇ
3610 5548 3750 5613 πρός

2381 5412 2424 5444 ¹⁸
2453 5412 2591 5464 ὅλων
2649 5409 2712 5465 C.
2811 5408 2968 5463 ³⁹καὶ
3029 5423 3143 5466 om.
3181 5409 3245 5464 C.
3332 5410 3378 5441 ¹⁰
3411 5407 3749 5478 ἀπαχρειοῦν

2937 5606 2983 5654 ’ί
3036 5621 3094 5674 ἓν
3135 5620 3198 5676 Ρ.
3231 5606 3241 5624 ’
3306 5625 3352 5655 ³³
3382 5606 3604 5674 Ὀτιηη
3630 5606 3736 5672 παέ

3435 5838 3480 5866 ³⁸
3514 5833 3549 5888 ἃ
3573 5833 3633 5888 Ο.

3569 5691 3614 5723 18
3648 5695 3747 5742 ἐπ’

2573 5765 2619 5796 ³⁸
2651 5768 2682 5834 ἡ
2718 5767 2840 5819 add.
2877 5766 2939 5819 (Σ.
