4124 6418
506 329 617 390 8i3

1778 321 2099 381 CEORCH
2149 321 2496 380 NON-Villi

3675 319 3784 383 8M

466 476 469 481 -
513 433 1038 491 comminiscuntur.
1061 430 1215 496 Quod
1240 432 1283 484 si
1307 431 1589 484 Christum
1623 430 1786 498 pictis
1818 430 2099 482 coloribus

2210 431 2268 481 ΕΞ
2296 430 2349 482 δὲ
2382 429 2445 498 δὴ
2487 430 2560 500 μὴ
2589 431 2782 500 χρῆναι
2810 431 2897 483 τὸν
2936 432 3169 501 Χριστὸν
3221 433 3582 496 εἰκονίζεσθαι
3622 436 3788 487 πάλιν

515 534 909 597 repraesentare
940 539 1050 577 non
1099 524 1361 578 convenit
1392 523 1575 576 inania
1600 537 1791 575 rursus
1818 522 2092 589 loquenti-

514 624 657 682 bus,
708 618 969 688 majorem
1023 617 1079 670 in
1146 616 1372 669 modum
1423 616 1810 684 magistrorum
1864 618 2090 669 suerum

512 711 820 781 Charybdis
862 724 926 763 os
969 707 1209 771 diduxit,
1247 707 1495 769 Manetis,
1526 707 1798 761 Valentini
1846 722 1909 760 ac
1950 706 2092 759 Mar-

512 805 709 859 cionis.
741 804 844 870 Qui
871 802 1019 856 enim
1048 801 1195 856 nuda
1221 800 1583 855 atstimatione
1615 809 1942 869 spectroque
1961 798 2095 853 Ver-

514 899 645 952 bum
685 897 934 951 divinum
996 895 1337 949 incarnatum
1405 908 1526 947 esse
1588 894 1861 957 sentiant,
1920 892 2094 962 prima

512 989 878 1044 nihilominus
953 987 1223 1042 mendacii
1273 986 1618 1055 blaSphcmia
1664 985 2092 1056 transﬁgentur,

513 1083 643 1135 dum
671 1082 935 1137 adversus
961 1094 1178 1133 omnem
1205 1076 1697 1147 dispensationem,
1736 1076 2005 1132 instructa
2030 1076 2097 1130 iis

515 1174 655 1238 acie,
698 1174 865 1242 impie
898 1182 1042 1226 stare
1078 1186 1185 1225 non
1218 1178 1498 1224 verentur.
1542 1168 1607 1223 lli
1657 1185 1793 1224 vero
1831 1169 2097 1239 quinam?

513 1266 618 1334 Qui
648 1266 859 1321 scilicet
904 1263 971 1317 iis
1008 1278 1129 1333 qua:
1158 1262 1375 1316 laudem
1408 1261 1615 1315 habent
1654 1261 1987 1316 calumniam
2015 1261 2098 1315 in-

512 1360 717 1420 ferunt,
771 1358 826 1410 in
868 1357 995 1409 luce
1043 1354 1323 1409 tenebrosi
1375 1363 1524 1418 sunt,
1570 1354 1717 1408 circa
1772 1354 2096 1424 sapientiam

514 1451 786 1520 imperiti,
826 1452 1052 1517 ingratae
1092 1458 1380 1512 creatura},
1419 1448 1574 1517 juxta
1619 1447 1768 1516 quod
1814 1462 1910 1501 eos
1942 1447 2096 1501 theo-

510 1545 667 1613 logus
696 1553 875 1597 vocat.

791 1674 1000 1731 MlCllA
1012 1675 1161 1729 ELlS
1212 1674 1407 1729 BALBI
1450 1672 1812 1730 IMPERIUM.

2202 523 2653 593 κενολογήσουσιν
2684 526 2721 590 ‘,
2850 526 2955 578 τῶν
2994 526 3333 580 διδασκάλων
3369 527 3549 580 αὐτῶν
3600 530 3785 599 Χάρυς

2200 614 2313 677 ὕδις
2344 616 2543 679 αὐτοὺς
2592 618 2842 685 μεγάλως
2877 619 2896 647 ²
2930 618 3281 689 περικέχηνε,
3314 620 3614 687 Μάνεντος,
3646 622 3785 673 Οὐα-

2198 707 2437 760 λεντίνου
2461 725 2519 761 τε
2548 710 2641 762 καὶ
2669 710 3015 779 Μαρκίωνος.
3060 713 3287 781 Δοκήσει
3312 713 3421 783 γὰρ
3451 713 3547 766 καὶ
3574 732 3781 782 φαντα-

2201 799 2292 868 ciq.
2314 800 2403 851 τὸν
2433 800 2576 853 θεῖον
2596 801 2769 868 Λόγον
2812 803 3197 872 σεσαρκῶσθαι
3237 804 3257 835 ³
3285 803 3602 869 δοξάζοντες
3630 808 3786 860 οὐδὲν

2197 886 2359 963 ἦττον
2397 894 2464 962 τῇ
2494 893 2735 964 προτέρᾳ
2764 894 2858 946 τοῦ
2904 894 3133 963 ψεύδους
3169 896 3491 968 βλασφημίᾳ
3544 915 3789 967 περιπα-

2204 985 2477 1051 ρήσονται,
2505 984 2559 1037 οἴ
2577 1002 2639 1052 γε
2662 987 2799 1054 πρὸς
2830 989 3015 1039 πᾶσαν
3034 987 3133 1058 τὴν
3153 984 3469 1058 οἰκονομίαν
3498 1006 3785 1058 παρατατ-

2199 1076 2416 1144 τόμενοι
2465 1076 2742 1141 δυσσεϐῶς
2784 1080 2845 1131 οὐ
2891 1080 2911 1109 ⁸
2950 1078 3407 1150 κατερυθριῶσιν,
3451 1081 3562 1133 Καὶ
3607 1080 3789 1134 ταῦτα

2200 1170 2341 1233 τίνες
2367 1187 2381 1234 ;
2410 1172 2473 1224 Οἱ
2508 1173 2806 1243 κατήγοροι
2830 1172 2939 1225 τῶν
2973 1174 3406 1244 ἐπαινουμένων,
3442 1177 3489 1227 οἱ
3517 1174 3786 1227 σκοτεινοὶ

2202 1264 2329 1333 περὶ
2362 1263 2423 1316 τὸ
2470 1264 2607 1331 φῶς,
2656 1266 2865 1336 οἱπερὶ
2925 1266 3024 1336 τὴν
3086 1267 3281 1334 σοφίαν
3332 1266 3674 1329 ἀπαίδευτοι,
3716 1265 3789 1318 τά

2202 1354 2470 1424 ἀχάριστα
2502 1362 2794 1427 κτίσματα,
2821 1358 2962 1410 κατὰ
2991 1358 3087 1426 τὴν
3109 1358 3357 1425 θεολόγον
3382 1361 3403 1392 ³
3429 1360 3614 1429 φωνήν
3631 1360 3674 1412 ⁸.

2402 1666 2717 1721 ΒΑΣΙΛΕΙΑ
2762 1665 3033 1720 ΜΙΧΛΗΛ
3065 1666 3201 1719 ΤΟΥ
3248 1666 3596 1721 ΤΡΛΥΛΟΥ.

587 1793 639 1846 1.
664 1792 823 1845 Anno
864 1789 1054 1844 mundi
1080 1788 1239 1853 6516,
1270 1803 1300 1841 a
1329 1787 1534 1842 Christi
1558 1802 1689 1842 vero
1710 1787 1765 1839 in
1788 1800 1953 1841 carne
1983 1785 2094 1838 dis-

2273 1780 2341 1836 a'.
2359 1782 2450 1853 Τῷ
2474 1789 2644 1854 Ιςίςις⁹
2674 1783 2782 1837 ἀπὸ
2798 1782 2891 1835 τοῦ
2910 1783 3140 1853 κόσμου,
3176 1782 3288 1837 ἀπὸ
3316 1782 3373 1836 δὲ
3394 1783 3491 1852 τῆς
3524 1783 3791 1853 ὲνσάρκου

509 1884 834 1955 pensatione
879 1883 1003 1947 8l6,
1070 1880 1359 1951 imperavit
1386 1880 1619 1935 Michael
1666 1880 1889 1942 Balbus,
1930 1879 2096 1932 Anto-

512 1978 596 2031 ι’ἱο
618 1985 793 2039 οτιιιε,
825 1989 999 2028 annos
1024 1982 1155 2027 06ῑο
1182 1987 1403 2027 menses
1442 1986 1639 2026 novem
1662 1990 1675 2037 ;
1737 1978 2097 2038 mortuusque

512 2067 675 2138 783
691 2075 776 2121 est
794 2066 967 2120 urinae
985 2064 1303 2119 dillieultate
1323 2064 1581 2118 laborans
1605 2077 1912 2131 renumque
1935 2061 2099 2115 vehe-

511 2157 858 2213 mentissimo
891 2156 1083 2210 dolore
1112 2155 1485 2210 excruciatus.
1529 2155 1578 2209 ls
1611 2170 1737 2209 cum
1770 2170 1963 2223 parum
2003 2153 2101 2207 ali—

509 2250 644 2321 quid
678 2249 985 2319 superioris
1025 2246 1584 2315 malitiamtemporis
1626 2246 1917 2309 leniisset,
1972 2246 2101 2299 hac-

512 2358 676 2398 tenus
737 2342 916 2397 solum
976 2350 1035 2395 ut
1072 2340 1167 2410 qui
1217 2353 1441 2394 carcere
1486 2338 1698 2394 detenti
1748 2347 1959 2403 essent,
2005 2338 2099 2407 qui

516 2435 807 2489 laboribus
839 2433 1094 2496 subacti,
1126 2431 1223 2501 qui
1255 2432 1452 2486 exsilio
1496 2430 1745 2500 relegati,
1786 2431 2101 2484 libertatem

513 2527 857 2595 mitiorisque
902 2524 1113 2595 aliquid
1169 2523 1521 2580 tractationis
1558 2523 1712 2578 velut
1769 2522 1825 2576 in
1892 2522 2103 2577 somnis

512 2621 701 2675 animo
732 2619 1074 2689 cogitarent,
1124 2633 1250 2672 cum
1282 2616 1612 2681 decessoris,
1651 2615 1886 2671 ominosi
1920 2615 2102 2670 homi-

512 2711 602 2765 nis
634 2719 800 2778 atque
855 2706 1030 2777 impii,
1070 2720 1292 2761 exosam
1338 2704 1452 2759 Deo
1510 2702 1845 2758 sententiam
1898 2700 2101 2756 suboc-

512 2800 660 2854 culte
705 2797 938 2861 foveret,
989 2796 1220 2866 parique
1261 2810 1325 2849 ac
1375 2794 1468 2848 ille
1506 2793 1721 2848 ratione
1751 2791 1885 2846 dira:
1927 2792 2102 2846 haere-

512 2906 639 2947 seos
666 2904 811 2945 unco
847 2904 912 2944 ex
939 2902 1152 2943 summa
1191 2885 1421 2941 rationis
1442 2884 1694 2940 absentia
1726 2900 1791 2940 ac
1823 2884 2101 2953 imperitia

511 2983 809 3039 transﬁxus
848 2991 1015 3038 esset.
1051 2979 1424 3047 Quamobrem
1451 2976 1642 3031 habito
1672 2985 1949 3032 conventu
1978 2975 2055 3030 ait
2085 2990 2099 3029 :

513 3075 657 3131 Sane
705 3076 744 3130 ii
794 3077 884 3146 qui
917 3092 1011 3129 nos
1032 3087 1371 3145 prwcessere,
1401 3076 1709 3123 accuratam
1752 3068 1976 3121 scrutati
2009 3066 2103 3120 do-

2203 1877 2515 1946 οἱκονομίας
2547 1875 2671 1941 ωις¹
2702 1877 2747 1939 ⁷,
2781 1876 3097 1929 ἐϐασίλευσε
3135 1875 3357 1946 Μιχαὴλ
3380 1876 3408 1928 ὁ
3434 1876 3677 1945 Τραυλδς
3710 1877 3731 1907 ⁵³
3763 1877 3792 1927 ὁ

2217 1968 2527 2038 Ἀμοραῖος,
2562 1967 2659 2037 ἔτη
2688 1974 2737 2037 η’
2778 1966 2956 2037 μῆνας
2987 1968 3053 2030 θ’,
3088 1967 3182 2019 καὶ
3206 1967 3479 2020 ἀπέθανεν
3501 1968 3566 2020 ὲκ
3593 1967 3789 2020 δυσου-

2206 2058 2327 2128 ρίας
2360 2058 2454 2111 καὶ
2499 2057 2598 2127 τῆς
2622 2058 2729 2109 τῶν
2751 2058 2964 2126 νεφρῶν
3016 2058 3384 2127 σφοδροτάτης
3417 2057 3708 2127 ἀλγηδόνος
3739 2061 3783 2090 ν·

2203 2148 2259 2210 ὃς
2287 2149 2482 2218 μικρὸν
2499 2166 2548 2201 τι
2572 2148 2673 2217 τῆς
2691 2148 3185 2219 προκατασχούσης
3210 2150 3253 2180 ¹⁰
3277 2149 3477 2212 κακίας
3501 2149 3788 2212 ὑπενδοὺς,

2204 2240 2327 2293 ὅσον
2356 2238 2482 2301 τοὺς
2511 2241 2567 2291 ὲν
2599 2240 2842 2310 εἱρκταῖς
2876 2240 2970 2293 καὶ
3015 2240 3198 2302 πόνοις
3226 2238 3326 2309 καὶ
3352 2239 3587 2309 ὲξορίαις
3633 2238 3790 2291 ἐλευ-

2206 2333 2390 2404 θερίαν
2424 2351 2482 2387 τε
2513 2333 2609 2386 καὶ
2662 2336 2847 2387 ἄνεσιν
2875 2332 3137 2403 ὀνειρὼδη
3186 2332 3583 2401 φαντάζεσθαι,
3610 2333 3673 2386 τὸ
3694 2334 3792 2387 τοῦ

2206 2442 2498 2496 προηγησα
2505 2425 2668 2496 μένου
2685 2426 2723 2455 ¹¹
2738 2424 3059 2495 δυσωνύμου
3082 2425 3177 2478 καὶ
3193 2424 3491 2488 δυσσεϐοῦς
3508 2423 3792 2478 ὐπέθαλπε

2205 2517 2496 2585 θεοστυγὲς
2526 2519 2804 2589 φρόνημα,
2835 2517 2931 2572 καὶ¹
2955 2518 3161 2588 ὁμοίως
3185 2517 3265 2588 τῷ
3298 2517 3450 2589 αὑτῷ
3474 2518 3792 2588 περιεπάρη

2204 2611 2303 2679 τῆς
2335 2608 2515 2677 δεινῆς
2541 2608 2809 2679 αἱρέσεως
2831 2608 3118 2678 ἀγκίστρῳ
3134 2607 3197 2672 ἐξ
3222 2608 3537 2678 ἀκροτάτης
3561 2606 3793 2675 ἀλογίας

2206 2702 2300 2754 καὶ
2324 2701 2684 2765 ἀπαιδευσίας
2719 2703 2783 2756 ".
2813 2701 2979 2755 Ὅθεν
3009 2702 3103 2755 ἐπὶ
3154 2700 3430 2755 σελεντίου
3463 2700 3567 2771 ἐφη
3597 2700 3643 2731 ¹³
3668 2716 3682 2729 ·
3728 2703 3794 2752 01

2201 2794 2322 2864 μὲν
2369 2794 2483 2863 πρὸ
2524 2793 2694 2864 ἡμῶν
2751 2794 3224 2864 ἐρευνησίψενοι
3255 2792 3377 2847 τῶν
3410 2792 3722 2863 δογμάτων
3752 2793 3795 2825 ’⁸

2207 2886 2323 2954 τὴν
2355 2887 2662 2955 ἀκρίϐειαν
2700 2885 2809 2940 τὸν
2840 2886 2973 2954 περὶ
3015 2885 3215 2939 αὐτῶν
3232 2885 3793 2953 εὶσπραχθήσονται

2207 2980 2415 3048 λόγον,
2445 2981 2497 3033 εί
2529 2977 2732 3045 καλῶς
2757 2978 2796 3046 ἢ
2822 2977 3021 3043 κακῶς
3041 2978 3379 3033 ἐθέσπισαν
3404 2992 3418 3006 ⁶
3444 2978 3617 3048 ἡμεῖς
3636 2976 3706 3031 δὲ
3723 2978 3796 3031 ἐν

2205 3064 2255 3138 ᾧ
2285 3072 2542 3141 εὕρομεν
2599 3071 2716 3139 τὴν
2759 3072 3128 3139 Ἐκκλησίαν
3169 3071 3213 3102 ¹⁵
3258 3071 3657 3136 βαδίζουσαν,
3725 3071 3797 3122 ἐν

511 3178 751 3241 gmatum
774 3168 1113 3232 sententiam,
1139 3166 1202 3218 de
1226 3164 1337 3219 illis
1388 3178 1594 3233 quoque
1629 3163 1893 3215 rationem
1919 3159 2098 3213 reddi-

2206 3162 2396 3227 τούτῳ
2428 3162 2527 3217 καὶ
2553 3162 2859 3231 διαμένειν
2892 3163 2938 3194 ¹⁶
2963 3164 3387 3233 προκρίνομεν.

512 3264 620 3318 turi
648 3269 794 3329 sunt,
830 3276 955 3315 num
984 3259 1109 3312 bene
1140 3274 1211 3311 an
1242 3254 1381 3309 male
1402 3253 1705 3307 statuerint.
1744 3252 1851 3306 Nos
1923 3260 2123 3316 autem,
2168 3254 2225 3307 in
2296 3271 2398 3324 quo
2449 3253 2742 3309 Ecclesium
2790 3254 3118 3308 incedentem
3166 3257 3483 3326 accepimus,
3526 3256 3582 3310 in
3635 3270 3697 3310 eo
3743 3268 3797 3313 et

513 3370 727 3411 manere
756 3354 923 3407 satius
956 3350 1217 3403 ducimus.

582 3446 640 3499 2.
675 3445 806 3500 Erat
848 3442 1018 3496 Balbo
1054 3440 1199 3495 ﬁlius
1227 3436 1566 3507 Theophilus
1592 3436 1848 3501 nomine,
1882 3448 1951 3489 ex
1979 3435 2095 3488 Eu-

515 3538 791 3608 phrosyna
836 3542 1151 3601 susceptus,
1197 3546 1362 3599 quem
1394 3538 1451 3583 et
1490 3528 1764 3599 imperiali
1807 3543 2011 3583 corona
2046 3529 2103 3581 in

516 3628 706 3695 Magna
748 3622 974 3677 donavit
996 3619 1251 3676 ecelesia.
1272 3619 1463 3673 Sanxit
1488 3628 1672 3673 autem
1704 3619 1840 3673 nulli
1867 3619 2102 3673 liberum

516 3736 639 3776 esse
666 3720 734 3774 de
767 3716 1100 3787 imaginibus
1126 3730 1437 3770 sermonem
1466 3714 1821 3779 movere,sed
1851 3723 1910 3768 ut
1931 3714 2105 3769 faces-

516 3821 705 3868 serent
740 3827 803 3865 ac
834 3810 902 3865 de
945 3809 1128 3864 medio
1175 3807 1372 3863 ﬁerent
1405 3815 1518 3861 tum
1548 3807 1897 3863 Constantini
1933 3823 2101 3879 syno«

516 3906 622 3960 dus
654 3914 767 3958 tum
795 3902 1032 3966 Tarasii,
1064 3916 1129 3955 ac
1154 3916 1316 3970 quam
1350 3901 1555 3955 nudius
1583 3900 1783 3955 tertius
1811 3899 1880 3954 de
1912 3900 2103 3954 istius-

516 3996 666 4052 modi
712 3994 1113 4065 quaestionibus
1162 3994 1273 4048 Leo
1308 3993 1627 4058 habuisset;
1668 3991 1890 4062 altoque
1926 3993 2101 4047 silen-

518 4089 595 4143 tio
633 4088 931 4157 imaginum
964 4084 1288 4141 memoriam
1310 4083 1609 4138 damnavit.

588 4178 753 4250 784
807 4180 859 4232 ὅ.
900 4179 978 4230 Eo
1018 4178 1355 4246 imperatore
1382 4175 1623 4230 Thomas
1655 4175 1715 4229 in
1748 4175 2098 4247 tyrannidem

514 4286 731 4334 versus,
775 4270 842 4324 ab
879 4269 1256 4324 Orientalibus
1290 4268 1402 4337 jam
1434 4283 1498 4322 ac
1533 4267 1790 4323 Asiaticis
1818 4267 2102 4336 profectus

516 4361 803 4432 partibus,
857 4360 1424 4429 circumforanemque
1454 4374 1518 4414 ac
1564 4361 1872 4415 commistze
1922 4359 2102 4429 plebis

518 4453 770 4508 confecto
796 4452 1066 4518 exerc'tu,
1107 4451 1434 4520 turbamque
1464 4451 1713 4517 trahens,
1751 4450 1969 4520 imperii
2000 4464 2103 4503 eu-

519 4545 750 4615 piditate
787 4553 964 4610 actus,
997 4544 1063 4599 ad
1088 4544 1236 4613 quod
1266 4544 1415 4598 nulla
1437 4544 1557 4615 ejus
1587 4551 1946 4613 suppeterent
1982 4558 2101 4596 me-

522 4639 649 4704 rita,
680 4638 1002 4709 Byzantium
1034 4639 1191 4708 petit.
1237 4639 1485 4692 Romano
1524 4638 1730 4707 quippe
1766 4644 2110 4707 propagatus

519 4731 830 4801 sanguine,
890 4730 976 4783 vir
1018 4729 1228 4799 alioqui
1277 4730 1519 4801 degener
1554 4744 1618 4783 ac
1669 4728 1977 4793 obscurus,
2035 4728 2104 4781 ad

522 4822 693 4893 Syriae
716 4830 899 4892 partes
919 4820 1134 4887 adiens,
1176 4820 1523 4875 Constantini
1571 4820 1676 4874 sibi
1723 4835 1925 4874 nomen
1961 4819 2102 4872 asci--

2284 3434 2349 3505 β’.
2379 3431 2487 3489 Ἦν
2516 3436 2572 3489 δὲ
2606 3436 2754 3506 αὑτῷ
2786 3438 2916 3500 παῖς
2946 3436 3004 3501 ἐξ
3027 3437 3382 3507 Εὐφροσύνης
3410 3437 3639 3507 ὀνόματι
3668 3440 3799 3495 Θεό-

2212 3528 2387 3596 φιλος,
2430 3527 2488 3579 ὃν
2552 3528 2647 3581 καὶ
2710 3526 2934 3598 ἔστεψεν
3002 3529 3061 3583 ὲν
3106 3531 3173 3598 τῇ
3228 3529 3460 3600 Μεγάλῃ
3504 3530 3791 3601 ἐκκλησία.

2223 3621 2509 3672 Ἐθέσπισε
2543 3619 2599 3672 δὲ
2620 3618 2695 3682 ὡς
2725 3619 2800 3690 μὴ
2832 3619 2976 3689 ἔχειν
3020 3620 3145 3674 τινὰ
3177 3621 3263 3675 ἐπ’
3287 3621 3470 3686 ἀδείας
3509 3624 3678 3676 κινεῖν
3700 3622 3790 3675 λό-

2212 3729 2306 3778 γον
2338 3711 2468 3781 περὶ
2497 3712 2743 3778 είκόνων,
2800 3712 2915 3766 ἀλλ’
2953 3712 3199 3765 ἐκποδὼν
3247 3713 3490 3782 γενέσθω
3520 3717 3610 3768 καὶ
3654 3694 3790 3782 oile-

2213 3803 2325 3855 σθω
2358 3804 2399 3835 ¹⁷
2421 3804 2570 3873 καὶὴ
2598 3805 3013 3859 Κωνσταντίνου
3055 3804 3275 3869 σύνοδος
3328 3807 3424 3859 καὶ
3451 3810 3483 3879 ή
3517 3807 3786 3878 Ταρασίου

2210 3896 2359 3966 καὶὴ
2405 3895 2500 3950 νῦν
2522 3899 2614 3951 ἐπὶ
2656 3898 2888 3961 Λέοντος
2937 3899 3207 3969 γενομένη
3245 3898 3290 3930 ³⁸
3331 3899 3597 3971 περὶτῶν
3620 3900 3792 3953 τοιούο

2209 4006 2319 4043 των
2352 3988 2707 4061 ζητημάτων,
2764 3991 2858 4045 καί⁵
2894 3990 3022 4060 σιγὴ
3080 3991 3273 4060 βαθεῖα
3299 3991 3399 4062 τῆς
3427 3992 3535 4046 τῶν
3570 3992 3794 4047 εἰκόνων

2214 4083 2432 4153 μνήμης
2466 4083 2727 4150 γενέσθω.

2280 4173 2367 4245 [Ρρ
2395 4174 2522 4246 5H]
2553 4172 2620 4242 γ’.
2662 4173 2781 4243 Ἐφ’
2815 4168 2875 4228 οὗ
2902 4173 3103 4245 Θωμᾶς
3136 4176 3164 4227 ὁ
3204 4169 3475 4246 ἀντάρτής
3503 4179 3567 4230 ὲκ
3615 4177 3658 4209 ¹⁹
3685 4177 3796 4231 τῶν

2210 4265 2549 4319 ἀνατολικῶν
2581 4265 2763 4335 μερῶν
2794 4265 3014 4335 ἀπάρας
3056 4267 3179 4336 ήδη,
3221 4268 3315 4319 καὶ
3344 4266 3469 4320 λαὸν
3500 4268 3792 4339 ἀγυρτῶδη

2211 4358 2305 4411 καὶ
2334 4358 2626 4426 ἐπίμικτον
2644 4357 3152 4428 προσυλ).εξάμενος
3173 4359 3217 4390 ²⁰
3245 4359 3341 4413 καὶ
3371 4360 3791 4431 ἐπισυρόμενος,

2210 4452 2303 4504 ἐπὶ
2342 4451 2404 4503 τὸ
2459 4449 2753 4514 Βυζάντιον
2795 4450 3071 4521 ἐκίνησεν,
3119 4453 3218 4521 τῆς
3270 4452 3552 4523 βασιλείας
3586 4453 3719 4523 παρ’
3748 4454 3793 4484 ﬂ

2211 4543 2369 4608 ἀξίαν
2392 4543 2681 4613 ἐφιέμενος
2703 4560 2715 4574 ·
2748 4545 2811 4597 ἐκ
2867 4545 2977 4615 γὰρ
3006 4548 3108 4616 τῆς
3145 4545 3435 4617 Ῥωμαίων
3470 4547 3574 4616 γῆς
3610 4546 3795 4616 ὁρμώ-

2216 4654 2397 4706 μενος,
2433 4637 2698 4707 δυσγενής
2726 4655 2785 4690 τε
2819 4638 2913 4691 καὶ
2949 4638 3162 4709 ἀφανὴς
3191 4637 3267 4692 ὢν
3293 4640 3359 4703 ’³,
3388 4640 3524 4708 πρὸς
3550 4637 3619 4691 τὰ
3649 4638 3791 4706 μέρη

2212 4728 2313 4796 τῆς
2354 4729 2554 4799 Συρίας
2587 4730 2837 4798 ἀφίκετο,
2895 4732 3307 4784 Κωνσταντῖνον
3353 4730 3543 4782 ἑαυτὸν
3571 4744 3793 4797 μετονο-

2215 4820 2389 4888 μάσας
2420 4821 2515 4874 καὶ
2542 4822 2657 4874 υἱὸν
2708 4823 2948 4893 Εἰρήνης
2976 4823 3074 4891 τῆς
3116 4820 3455 4890 βασιλίσσης.
3478 4816 3790 4872 Κάντεῦθέν

1815 4972 2045 5026 VARUE
2091 4972 2492 5029 LECTIONES.

593 5145 610 5175 '
642 5142 1106 5212 καινολογήσωσιν
1137 5141 1224 5212 (Σχ
1277 5142 1297 5172 ’
1328 5141 1509 5202 αὐτοῖς
1531 5138 1749 5212 μεγάλα
1907 5141 1927 5171 ³
1948 5138 2466 5212 σεσωματῶσθαιϐ.
2546 5141 2565 5169 ’⁸
2596 5140 2656 5192 οὐ
2680 5140 2883 5193 add.‘C.
2947 5136 3248 5212 fosoM-{ou
3270 5136 3331 5191 P.
3411 5138 3710 5212 ⁶,γλῶσσαν

520 5215 540 5246 ⁷
570 5212 881 5284 Τῷ-ωις’]
914 5209 1135 5284 μετὰ-δὲ
1154 5211 1446 5284 Λέοντα-(5.
1487 5210 1546 5284 ηδ
1577 5209 1856 5284 ὁῃτραυλὸς
1874 5225 1986 5284 om.
2008 5209 2069 5264 C.

2148 5213 2167 5240 ⁸
2189 5210 2484 5281 ἀλγηδόνος
2508 5226 2564 5262 τε
2584 5212 2690 5281 καὶ
2715 5206 3023 5281 ἀρρωστίας
3040 5207 3115 5281 (3.-
3183 5208 3235 5281 “7
3259 5208 3706 5281 προκατεχούσης
3729 5211 3792 5265 (Σ.

522 5285 565 5318 ¹¹
594 5278 1083 5353 προηγησάμενον]
1116 5280 1307 5353 πρώην
1341 5281 1409 5353 0.
1483 5282 1526 5311 ¹⁸
1561 5278 1711 5353 αὐτῷ
1732 5310 1799 5353 ῖ-
1826 5280 2204 5353 ἀπαιδευσίας]
2236 5278 2802 5353 αὑτῷῼάμφιίὶλήστῴ
2830 5278 3158 5353 περιπαρεὶς
3189 5280 3288 5353 τῆς
3308 5278 3510 5353 δεινῆς
3530 5280 3797 5353 αἱρέσεως

525 5348 707 5423 ἰχθύος
726 5348 908 5423 ’δίκην
942 5348 1083 5415 τοῖς”
1115 5348 1223 5404 τῶν
1244 5348 1530 5423 δογμάτων
1557 5349 1777 5423 σαθροίς
1820 5352 1911 5401 καὶ
1941 5348 2203 5423 ἀσεϐέσιν
2215 5348 2545 5423 ἐναπέθανεν
2571 5349 2627 5412 ἐξ
2654 5350 2960 5423 ἀκροτάτης
2988 5348 3319 5423 ἀϐελτηρίας
3340 5367 3399 5401 τε
3417 5350 3523 5423 καὶ
3546 5348 3793 5423 ἀλογίας.

534 5418 807 5518 ζᾸμύητος
835 5418 1169 5505 γὰρ-σφόδρα
1189 5424 1282 5474 καὶ
1306 5418 1981 5518 ἀπ’λίδεᾶτρςιὲξύγχαῗνεν·
2006 5420 2279 5506 ἀμάνθειαν
2295 5420 2402 5518 γὰρ
2426 5422 2500 5518 ἐξ
2514 5418 2772 5518 πατρῴας
2792 5419 3013 5518 ἀλογίας
3033 5420 3535 5518 καὶάπξιρξκαλὲας
3555 5420 3798 5518 ὡσπερεὶ.

520 5488 661 5563 ἀνὴρ
688 5488 875 5545 οὐσίαν
904 5488 1331 5563 κληρωσάμενος
1357 5492 1418 5545 C.
1447 5561 1467 5563 η
1500 5491 1544 5522 ¹³
1572 5491 1665 5541 ἐπὶ
1687 5490 1817 5563 λαοῦ
1851 5489 2245 5563 δημηγορήσας
2270 5488 2548 5563 φησὶν
2605 5489 2618 5518 ⁸

1822 5562 1867 5589 ¹⁶
1893 5561 2275 5627 διαφυλάττειν
2306 5561 2370 5614 C.

520 5559 735 5617 καῖ-τὸν
755 5564 833 5633 (1ἒ
896 5564 938 5593 ¹⁸
961 5559 1058 5633 τήν
1088 5559 1383 5627 ἐκκλησίαν
1413 5561 1647 5631 εὕρομεν

2668 5489 2778 5541 τῶν
2804 5489 3284 5559 ὲκκλησιαστικῶν
3308 5490 3618 5559 δογμάτων,
3642 5492 3799 5544 αὐτοὶ

2448 5560 2491 5591 ¹τ
2522 5554 2590 5627 ἦν
2620 5558 2675 5610 δὲ
2694 5588 2767 5631 7—-
2794 5554 3063 5631 οῖχεσϐαι]
3094 5560 3253 5613 τοῦτο
3280 5561 3337 5613 δὲ
3368 5554 3801 5631 ἐπακριὸοὖνῗες

519 5628 1046 5703 διαὰὸαιοῦμενᾲὼς
1071 5633 1144 5702 μὴ
1169 5634 1394 5703 θαρρεῖν
1424 5628 1689 5703 unane
1716 5630 1993 5703 εἰκόνωνῆ
2024 5632 2165 5703 υπὲρ
2194 5632 2421 5703 εἰκόνων
2454 5630 2772 5703 παρρησίαν
2795 5632 2965 5703 κινεῖν
2993 5628 3093 5703 τῆν
3118 5631 3389 5699 γλῶτταν,
3417 5628 3798 5703 ἀλλ’ᾼὲκποδῶν

523 5703 663 5773 ἔστω
680 5706 773 5754 καὶ
794 5701 1024 5773 οἰχέσθω
1051 5706 1111 5757 C.
1136 5701 1142 5702 ί
1193 5701 1584 5773 ἐνκροτηθεῖσα
1608 5701 1669 5755 C.

527 5772 570 5802 “
597 5770 671 5823 ὣν
698 5786 809 5825 0m.
840 5771 905 5828 C.

1768 5701 1808 5731 ‘9
1845 5703 1906 5752 ἐκ
1941 5700 2064 5754 add.
2090 5699 2151 5756 CL
2232 5703 2277 5732 ²⁰
2297 5699 2689 5771 συλλεξάμενος
2721 5702 2780 5757 Ρ.
2856 5702 2898 5733 ’⁸
2933 5702 3085 5773 παρ’]
3106 5703 3429 5771 πανούργως
3458 5701 3552 5754 καὶ
3578 5699 3709 5769 παρ’
3732 5699 3795 5755 C.
