4124 6454
369 479 483 544 849

1469 480 1667 541 νΙΤιΕ
1709 478 2261 540 RECENTIORUM
2303 476 2506 539 IMPP.

3517 471 3629 535 850

368 598 427 651 δέ(
462 594 733 661 ἀπογνοὺς
761 592 835 656 ὡς
860 590 953 644 τοῦ
1008 591 1211 644 σκοποῦ
1251 591 1627 660 διαμαρτήσας
1663 592 1725 642 ὲκ
1765 590 1949 658 διαμέ-

2054 586 2383 650 rationibus,
2415 584 2621 640 insulse
2658 598 2908 652 pugnans
2941 582 3200 651 inanique
3251 587 3452 635 conatu
3481 579 3628 635 labo-

367 702 527 757 τρου,
554 686 647 738 καὶ
676 683 785 737 τῶν
808 682 1150 754 πραγμάτων
1171 681 1320 752 αὐτῷ
1345 683 1386 713 ⁸⁵⁷
1413 682 1642 735 κατόπιν
1668 683 1948 753 προδήλως

368 777 693 848 φερομένων
743 775 928 846 ἡμέρᾳ
990 776 1083 829 καί
1139 776 1364 846 ἡμέρᾳ’
1424 776 1519 828 καί
1568 775 1704 844 πρὸς
1739 773 1949 834 τούτοις

369 864 562 934 μαθὼν
583 865 659 927 ὡς
700 866 728 917 ὁ
783 864 1038 933 βασιλεὺς
1072 865 1291 936 Μιχαὴλ
1322 865 1448 926 τοὺς
1492 864 1837 934 Βουλγάρους
1868 866 1949 928 εἰς

344 954 693 1047 ἕσυμμαχίαν
721 957 843 1008 κατ’
876 956 1040 1010 αὐτοῦ
1084 956 1553 1026 προσεκαλέσατο,
1601 959 1948 1028 παραχρῆμα

365 1047 469 1115 τὴν
513 1045 669 1098 πόλιν
721 1045 893 1108 ἐάσας
927 1046 1049 1099 κατ’
1073 1044 1251 1099 αὐτῶν
1287 1045 1479 1099 θᾶττον
1520 1044 1711 1117 ᾤχετο.
1752 1046 1858 1110 Οὓς
1883 1047 1948 1119 δὴ

366 1138 465 1191 καὶ
498 1136 881 1207 μαχεσάμενος
913 1136 1008 1190 καὶ
1041 1138 1269 1199 πολλοὺς
1305 1137 1484 1191 αὐτῶν
1524 1138 1844 1208 διαφθείρας
1868 1139 1948 1202 εἰς

376 1228 828 1298 Ἀρκαδιούπολιν
857 1229 1049 1282 ἑαυτὸν
1073 1228 1428 1295 ἀσφαλίζεται
1470 1228 1655 1299 δῆθεν,
1680 1229 1823 1282 κατὰ
1850 1228 1947 1300 τὴν

371 1322 642 1390 πρόϐασιν
668 1320 834 1375 αὐτοῦ
887 1322 1176 1376 ἀσθένειαν
1211 1322 1256 1353 ⁷⁸
1283 1322 1377 1374 καὶ
1402 1319 1702 1375 ἐλάττωσιν
1733 1321 1948 1393 ὑφορώ-

370 1429 555 1483 μενος.
585 1413 750 1466 Ὅθεν
797 1413 847 1465 οἱ
900 1412 1030 1482 περὶ
1058 1413 1223 1466 αὐτὸν
1258 1413 1574 1481 αἰσθόμενοι
1614 1413 1948 1483 σαφέστερον

366 1499 472 1568 τήν
500 1516 560 1550 τε
588 1498 769 1568 δεινὴν
795 1499 1004 1551 οἰκείαν
1031 1498 1246 1568 ἀπάτην
1282 1498 1376 1550 καί
1408 1497 1508 1566 τῆς
1535 1499 1699 1569 κενῆς
1735 1497 1949 1561 ἐλπίδος

368 1588 671 1657 ἀποτυχίαν
705 1589 803 1642 καὶ
859 1590 959 1658 τὴν
995 1588 1206 1643 ἐκείνου
1257 1586 1667 1658 πλησιάζουσαν
1702 1589 1947 1642 πανωλε-

370 1680 552 1750 θρίαν,
581 1680 816 1750 ἤρξαντο
872 1680 1015 1734 κατὰ.
1072 1680 1269 1750 μικρὸν
1316 1681 1623 1752 ὑποχωρεῖν
1654 1680 1750 1735 καὶ
1780 1682 1950 1751 ὑπορ-

371 1772 519 1841 ρέειν
548 1770 641 1822 καί
662 1770 1096 1840 καταλιμπάνειν
1120 1770 1281 1823 αὑτὸν
1314 1771 1388 1834 ὡς
1420 1773 1648 1842 μάταιον
1682 1772 1775 1824 καὶ
1826 1770 1949 1824 λαο-

369 1859 593 1914 πλάνον.
646 1860 703 1912 Ὀ
747 1859 804 1912 δέ
863 1877 925 1928 γε
972 1861 1187 1931 Μιχαὴλ
1225 1861 1398 1914 ταῦτα
1453 1860 1789 1933 μεμαθηκὼς
1844 1862 1949 1914 ὑπὸ

366 1951 479 2004 τῶν
500 1950 644 2004 ἰδίων
666 1951 835 2019 φίλων
864 1951 956 2004 καὶ
986 1952 1264 2021 συγγενῶν
1288 1953 1618 2024 προδοθέντα
1650 1955 1715 2020 ⁷¹,
1750 1952 1947 2006 αὐτίκα

369 2043 472 2110 τῆς
522 2039 731 2105 πόλεως
782 2039 1091 2106 ὑπεξελθὼν
1161 2043 1300 2111 μετὰ
1346 2042 1604 2114 πλείστης
1668 2043 1948 2114 δυνάμεως

371 2131 510 2201 πρὸς
543 2131 704 2184 αὐτὸν
745 2131 1057 2203 ἐξώρμησε.
1092 2135 1201 2187 Καὶ
1244 2135 1308 2205 δὴ
1342 2135 1704 2206 περικαθίσας
1741 2138 1947 2209 βραχύν

366 2241 491 2276 τινα
540 2224 734 2295 καιρὸν
780 2226 876 2277 καὶ
904 2224 1093 2279 τοῦτον
1121 2227 1363 2297 ἀμογητὶ
1393 2230 1819 2300 χειρωσάμενος,
1852 2232 1951 2286 καὶ

365 2314 461 2368 τὸν
515 2316 782 2385 τράχηλον
838 2315 1003 2371 αὑτοῦ
1060 2318 1203 2371 κατὰ
1252 2318 1351 2390 τὴν
1377 2320 1614 2389 ἀρχαίαν
1662 2323 1948 2394 συνήθειαν

369 2407 728 2476 πεπατηκὼς,
792 2410 888 2463 καὶ
945 2410 1367 2481 ἀκρωτηριάσας
1416 2412 1581 2466 αὐτοῦ
1636 2416 1826 2487 χεῖρας
1855 2416 1951 2470 καί¹

366 2500 557 2563 πᾶδας,
594 2501 685 2552 καὶ
723 2500 895 2562 οὕτως
935 2502 1393 2569 ἀνασκολοπίσας,
1419 2506 1731 2559 κατέπαυσε
1764 2506 1854 2561 τὸν
1892 2509 1950 2561 ὲν

363 2591 547 2655 τρισὶν
577 2589 722 2643 ἔτεσι
753 2591 818 2643 δι’
833 2592 994 2645 αὑτὸν
1021 2593 1067 2623 ⁷³
1092 2592 1439 2663 κατάρξαντα
1468 2598 1561 2648 καὶ
1583 2597 1950 2668 διαρκέσαντα

366 2677 604 2747 χαλεπὸν
631 2681 724 2732 καὶ
751 2681 1011 2753 δύστηνον
1042 2683 1088 2714 ⁷³
1121 2684 1384 2753 ἐμφύλιον
1409 2686 1667 2756 πόλεμον.

440 2847 505 2903 θ’.
548 2852 802 2921 Ἀσχολου
813 2853 974 2923 μένου
997 2855 1043 2887 ⁷⁸
1066 2855 1123 2908 δὲ
1152 2856 1372 2927 Μιχαὴλ
1396 2859 1533 2928 πρὸς
1562 2861 1654 2914 τὸν
1676 2862 1953 2936 άντάρτην

367 2938 591 3009 Θωμᾶν,
629 2942 723 2995 καὶ
768 2945 834 3013 τῇ
896 2944 1030 3014 πρὸς
1058 2945 1248 2999 τοῦτον
1281 2950 1519 3017 φροντίδι
1559 2952 1760 3017 παντὸς
1787 2953 1949 3007 ἄλλου

369 3034 861 3103 καταφρονοῦντος,
895 3037 1089 3109 Κρήτη
1117 3039 1210 3091 καὶ
1228 3040 1448 3093 Σικελία
1473 3043 1565 3094 καὶ
1589 3043 1652 3113 δὴ
1672 3045 1721 3077 ⁷⁸
1749 3045 1948 3098 καλού-

372 3141 530 3192 μεναι
574 3127 858 3191 Κυκλάδες
916 3130 1067 3198 νῆσοι
1126 3131 1225 3200 τῆς
1272 3132 1381 3186 τῶν
1428 3133 1720 3203 Ῥωμαίων
1767 3137 1951 3208 ἀρχῆς

369 3220 782 3288 περιῃρέθησαν
814 3220 870 3286 ἐξ
909 3221 1132 3291 ’Ἄφρων
1154 3239 1212 3275 τε
1241 3224 1334 3276 καὶ
1371 3225 1639 3295 Ἀράϐων,
1673 3226 1947 3282 λαϐόντων

366 3311 542 3381 ἀρχὴν
572 3311 698 3382 ἄρτι
731 3312 946 3382 πρῶτον
999 3290 1087 3366 διὰ
1118 3315 1214 3379 τὰς
1245 3316 1339 3369 τοῦ
1391 3290 1518 3371 λαοῦ
1549 3290 1822 3390 ἁμαρτίας
1856 3322 1948 3375 καὶ
1974 3290 2017 3349 C

366 3401 467 3474 τὴν
519 3404 629 3455 τῶν
701 3404 1053 3474 κρατούντων
1122 3407 1441 3462 δυσσέϐειαν
1500 3411 1595 3463 καὶ
1658 3414 1951 3467 ταπεινοῦν

368 3492 463 3544 καὶ
519 3491 625 3544 ὑπὸ
678 3495 839 3563 χεῖρα
908 3494 1059 3563 σφῶν
1118 3497 1273 3564 ἄγειν
1328 3496 1396 3549 τά
1454 3498 1563 3551 τῶν
1606 3500 1951 3570 Χριστιανῶν

370 3585 699 3654 πράγματα.

440 3676 494 3731 ι’.
540 3678 633 3731 Ἐν
663 3678 876 3741 τούτοις
902 3673 997 3733 οὖν
1042 3679 1210 3735 ὅντων
1250 3683 1344 3736 καὶ
1369 3683 1513 3737 οὕτω
1543 3686 1654 3738 τῶν
1686 3689 1947 3759 πραγμά-

367 3787 476 3821 των
504 3769 873 3841 διακειμένων
889 3771 1117 3843 ’Μιχαὴλ
1160 3773 1257 3843 μὲν
1291 3775 1355 3827 ὲκ
1397 3775 1685 3846 δυσουρίας
1724 3780 1819 3831 καὶ
1850 3780 1953 3849 τῆς

371 3861 476 3913 τῶν
509 3862 728 3931 νεφρῶν
769 3863 1063 3933 ἀλγηδόνος
1120 3865 1307 3930 κακῶς
1360 3867 1653 3938 ἀπηλλάγη
1697 3869 1790 3922 τοῦ
1830 3869 1950 3941 ζῇν,

379 3950 639 4018 διεδέξατο
669 3954 726 4008 δὲ
774 3957 873 4026 τὴν
938 3958 1114 4029 ἀρχὴν
1148 3959 1262 4011 ἀντ’
1301 3959 1465 4012 αὑτοῦ
1499 3960 1757 4028 Θεόφιλος
1781 3964 1809 4015 ὁ
1838 3963 1952 4015 υίὸ·

378 4044 532 4097 αύτοῦ
569 4046 710 4117 μετὰ
748 4050 850 4117 τῆς
884 4049 1089 4121 μητρὸς
1122 4049 1290 4103 αὐτοῦ
1320 4050 1674 4122 Εύφροσύνης
1703 4054 1769 4107 ⁷⁸.

811 4179 1124 4236 ΒΑΣΙΛΕΙΑ
1148 4182 1514 4238 ΘΕΟΦΙΛΟΥ.

442 4290 532 4362 Τῷ
558 4292 790 4364 ἐνιαυτῷ
811 4295 918 4348 ἀπὸ
944 4294 1035 4351 τοῦ
1063 4298 1266 4366 κόσμου
1294 4298 1480 4364 ἑξάκις
1512 4298 1769 4368 χιλιοστῷ
1797 4317 1952 4370 τριαο

371 4383 636 4454 κοσιοστῷ
652 4386 882 4457 εἰκοστῴ
897 4386 1063 4457 ἕκτῳ,
1081 4388 1182 4456 τῆς
1198 4389 1256 4441 δὲ
1275 4388 1423 4453 θείας
1444 4389 1776 4458 σαρκώσεως
1787 4398 1948 4456 ωκς¹,

370 4473 724 4531 ἐϐασίλευσεν
784 4476 867 4549 [Ρ.
915 4478 1041 4550 514]
1091 4478 1349 4548 Θεόφιλος
1398 4480 1492 4552 ἔτη
1539 4482 1627 4552 ιβ’,
1672 4486 1701 4536 ὁ
1744 4483 1864 4548 νέος
1906 4484 1952 4518 ⁷⁸

372 4567 658 4638 Βαλτάσαρ
704 4570 800 4623 καὶ
855 4570 1176 4641 παραϐάτης
1208 4571 1251 4602 ⁷⁷
1283 4574 1375 4626 καί
1412 4572 1671 4645 θεομισὴς
1706 4575 1803 4628 καὶ
1843 4575 1951 4628 τῶν

2053 694 2177 733 rans
2204 694 2265 731 ac
2302 693 2395 746 spe
2414 675 2684 737 defectus,
2713 673 2916 743 quippe
2942 688 3008 729 ex
3039 674 3315 727 diametro
3336 671 3629 726 frustratus

2050 769 2354 839 proposito,
2383 769 2625 838 ipsisque
2657 766 2947 820 manifeste
2970 758 3137 818 rebus
3168 765 3245 818 illi
3272 760 3628 832 retro‘quoti-

2050 859 2139 913 die
2172 857 2663 928 provenientibus;
2695 871 2761 909 ac
2791 863 3057 925 praeterea
3095 855 3189 910 ubi
3216 856 3473 926 cognovit
3524 856 3628 909 Mi-

2049 950 2294 1004 chaelem
2329 950 2718 1021 imperatorem
2765 949 2995 1004 adversa
3026 950 3131 1005 sibi
3160 965 3476 1020 corrogasse
3503 950 3631 1004 Bul-

2048 1057 2305 1112 garorum
2337 1040 2564 1106 auxilia,
2599 1039 2889 1095 confestim
2926 1041 3119 1093 relicta
3150 1039 3289 1093 urbe
3330 1039 3383 1093 in
3410 1054 3505 1093 eos
3530 1039 3631 1092 im-

2048 1139 2237 1201 petum
2291 1131 2476 1196 vertit,
2512 1147 2652 1202 quos
2692 1140 2749 1187 et
2777 1146 2960 1202 pugna
2994 1146 3301 1202 aggressus,
3345 1130 3631 1199 multaque

2047 1237 2240 1276 eorum
2274 1221 2399 1277 data
2454 1232 2655 1293 strage,
2703 1222 3112 1291 Arcadiopolim
3142 1230 3260 1276 tuto
3294 1238 3351 1275 se
3374 1221 3632 1291 praesidio

2050 1313 2261 1382 recipit,
2294 1314 2557 1367 nimirum
2579 1330 2708 1368 suas
2733 1328 2992 1383 processu
3024 1314 3173 1369 vires
3199 1312 3535 1367 diminutum
3563 1312 3629 1366 iri

2050 1403 2550 1473 imbecillioresque
2578 1405 2696 1460 fore
2743 1406 2963 1459 timens.
3000 1404 3181 1471 Quare
3220 1405 3386 1459 etiam
3420 1404 3629 1473 partia-

2050 1497 2121 1551 rii
2153 1497 2356 1553 clarius
2385 1507 2777 1567 cognoscentes
2801 1505 2916 1551 tum
2944 1496 3238 1550 immanem
3281 1511 3435 1551 suam
3473 1510 3631 1551 exse-

2049 1590 2354 1645 crationem
2388 1599 2501 1643 tum
2525 1589 2743 1643 inanem
2770 1587 3084 1642 frustratam
3111 1603 3287 1657 spem,
3309 1602 3413 1642 nec
3436 1587 3630 1657 procul

2049 1696 2170 1735 esse
2203 1696 2523 1750 supremum
2551 1680 2655 1735 viri
2677 1680 2907 1735 exitium
2941 1695 3004 1733 ac.
3033 1679 3489 1750 proﬂigationem,
3522 1693 3631 1733 coe-

2050 1781 2253 1842 perunt
2300 1772 2563 1842 paulatim
2599 1773 2863 1828 recedere
2897 1788 3068 1841 seque
3099 1772 3406 1827 subducere
3436 1787 3498 1826 ac
3530 1770 3630 1825 de-

2051 1861 2247 1926 ﬂuere,
2275 1863 2539 1932 illumque
2573 1873 2631 1918 ut
2660 1863 2940 1917 hominem
2973 1878 3174 1916 vanum
3208 1871 3264 1916 et
3291 1861 3629 1915 blateronem

2050 1955 2240 2024 populi
2278 1955 2626 2010 seductorem
2675 1954 3008 2024 relinquere.
3068 1953 3165 2008 llis
3200 1968 3367 2023 porro
3399 1951 3630 2006 Michael

2050 2047 2309 2116 cognitis,
2359 2063 2556 2117 nempe
2611 2046 2890 2117 proditum
2948 2047 3213 2101 Thomam
3248 2044 3316 2100 ab
3348 2043 3542 2099 amicis
3567 2056 3633 2098 ac

2050 2138 2398 2207 propinquis.
2443 2139 2629 2193 statim
2666 2139 2801 2193 urbe
2829 2152 3084 2206 egressus
3136 2153 3261 2192 cum
3316 2134 3632 2205 ingentibus

2050 2230 2224 2299 copiis
2257 2231 2311 2284 in
2343 2246 2469 2285 enm
2494 2233 2760 2301 impetum
2792 2231 2983 2297 dedit;
3036 2240 3201 2300 atque
3230 2228 3298 2284 ad
3326 2228 3491 2283 breve
3527 2229 3630 2283 ob-

2050 2319 2239 2375 sidens
2267 2335 2500 2391 tempus,
2524 2322 2785 2391 nulloque
2808 2323 2994 2377 labore
3020 2323 3139 2393 ejus
3162 2321 3463 2391 potitus,ac
3486 2321 3632 2376 collo

2050 2412 2279 2483 antiquo
2319 2428 2472 2467 more
2512 2413 2789 2467 dediticiis
2821 2414 3030 2467 calcato
3062 2413 3426 2481 manibusque
3452 2427 3514 2467 ac
3534 2427 3633 2480 pe-

2051 2503 2215 2557 dibus
2249 2503 2537 2569 truncatis,
2586 2504 2753 2571 inque
2796 2519 2921 2557 eum
2971 2503 3195 2556 modum
3228 2504 3351 2572 palo
3386 2502 3630 2573 atiigens,

2054 2594 2219 2647 trium
2254 2609 2524 2647 annorum
2558 2595 2850 2647 molestum
2899 2594 3278 2663 miserumque
3324 2593 3483 2649 civile
3515 2594 3633 2649 bel-

2049 2682 2187 2747 lum,
2221 2683 2425 2752 arrepti
2453 2682 2521 2736 ab
2562 2698 2628 2737 eo
2661 2682 2878 2753 imperii
2908 2698 3073 2738 causa
3104 2683 3400 2738 conﬂatum
3426 2684 3632 2755 produ-

2050 2780 2333 2841 clumque,
2365 2773 2589 2842 sopivit.

2123 2862 2287 2933 789
2328 2862 2381 2918 9.
2421 2864 2647 2919 Interim
2676 2882 2807 2920 vero
2842 2866 2971 2920 dum
2999 2866 3223 2922 Thema:
3275 2878 3504 2938 tyranno
3529 2867 3629 2922 Μί-

2050 2953 2205 3007 chael
2240 2954 2510 3009 incumbit
2539 2956 2700 3026 eique
2730 2974 2918 3012 curam
2949 2960 3173 3029 negotio
3222 2958 3458 3024 addicit,
3506 2959 3631 3015 aliis

2051 3047 2307 3102 omnibus
2342 3048 2396 3101 in
2444 3049 2696 3118 neglecto
2721 3050 2944 3113 habitis,
2994 3050 3156 3106 Creta
3208 3061 3263 3107 et
3317 3051 3523 3115 Sicilia,
3566 3068 3630 3106 ac

2050 3154 2185 3207 quas
2216 3146 2413 3193 vocant
2438 3138 2699 3210 Cyclades
2733 3141 2962 3206 insulas,
3000 3142 3068 3195 ab
3099 3140 3244 3195 Afris
3271 3158 3334 3196 ac
3354 3141 3631 3197 Arabibus

2051 3231 2309 3285 Romaure
2344 3231 2626 3286 subducta:
2660 3243 2789 3287 sunt
2821 3233 3019 3289 ditioni
3046 3278 3059 3299 ,
3092 3251 3217 3289 cum
3247 3236 3360 3305 jam
3385 3236 3627 3305 primum

2053 3322 2123 3375 ob
2146 3332 2367 3391 peccata
2391 3324 2576 3393 populi
2601 3340 2663 3379 ac
2688 3326 3083 3395 imperatorum
3113 3327 3446 3395 impietatem
3468 3325 3631 3380 Chri-

2051 3410 2355 3465 stianorum
2376 3427 2463 3467 res
2484 3412 2793 3483 deprimere
2821 3430 3043 3485 suaeque
3072 3430 3165 3471 cas
3191 3414 3371 3469 facere
3403 3414 3631 3469 ditionis

2051 3502 2414 3571 occepissent.

2125 3673 2213 3728 10.
2262 3673 2356 3729 Sic
2402 3674 2569 3745 igitur
2602 3691 2782 3746 eoque
2822 3685 2966 3732 statu
2994 3692 3051 3732 se
3089 3679 3254 3733 rebus
3276 3677 3627 3741 habentibus,

2052 3764 2282 3818 Michael
2330 3765 2504 3820 urinae
2556 3765 2876 3823 difﬁcultate
2925 3785 3232 3839 renumque
3269 3770 3459 3824 dolore
3490 3770 3645 3824 male

2051 3853 2462 3923 exstinguitur:
2519 3857 2767 3911 succedit
2813 3873 2945 3912 vero
2993 3859 3260 3927 imperio,
3321 3859 3442 3929 ejus
3485 3858 3629 3926 loco,-

2053 3944 2392 4013 Theophilus
2426 3944 2572 4000 filius
2604 3961 2730 3999 cum
2767 3956 2941 4002 matre
2971 3948 3356 4020 Euphrosyna.

2464 4173 2802 4231 IMPERIUM
2846 4173 3238 4231 TUEOPUILI.

2128 4292 2185 4344 1.
2223 4290 2382 4343 Anno
2412 4288 2606 4343 mundi
2643 4288 2802 4354 63%,
2847 4289 3048 4344 divina:
3080 4291 3476 4357 incarnationis
3501 4293 3629 4362 826,

2055 4384 2354 4453 imperator
2383 4383 2724 4452 Tthphilus
2772 4398 2947 4437 annos
2973 4384 3285 4452 duodecim,
3331 4401 3509 4442 novus
3537 4387 3630 4442 ille

2055 4476 2298 4530 Baltasar
2328 4484 2384 4529 et
2408 4475 2799 4543 praevaricator
2823 4490 2887 4528 ac
2904 4475 3014 4529 Deo
3037 4490 3258 4541 exosus,
3293 4486 3631 4541 sanctarum-

2056 4584 2164 4639 que
2198 4567 2497 4637 imaginum
2540 4566 2976 4622 contumeliosus
3005 4567 3320 4623 destructor
3349 4584 3413 4623 ac
3446 4570 3633 4638 proﬂi-

372 4656 545 4722 ἀγίων
573 4659 799 4711 εἰκόνων
828 4658 874 4689 ⁷⁸
909 4638 1171 4731 ὑϐριστης
1221 4662 1313 4715 καὶ
1346 4638 1703 4735 καθαιίρέτης,
1733 4667 1828 4719 καὶ
1859 4668 1947 4737 βέ-

2056 4638 2233 4731 gator,
2280 4660 2446 4713 homo
2484 4659 2765 4727 profanus.
2821 4659 2952 4728 Ejus
2982 4669 3156 4714 mater
3195 4662 3552 4732 Euplirosyna
3578 4663 3633 4719 in

375 4745 537 4815 61;).0;
561 4748 627 4803 ⁷³.
671 4748 737 4803 Ἦ
758 4749 816 4802 δὲ
843 4751 1026 4822 μήτηρ
1043 4749 1207 4805 αὑτοῦ
1224 4753 1556 4824 Εὐφροσύνη
1578 4754 1948 4810 ἁποστείλασα

374 4838 434 4889 ὲν
459 4840 591 4893 πᾶσι
621 4842 732 4904 τοῖς
761 4840 990 4912 θέμασιν
1012 4844 1186 4914 ἤγαγε
1208 4845 1375 4915 κόρας
1392 4845 1786 4915 εὐπροσώπους
1814 4849 1949 4917 πρὸς

373 4930 438 4982 τὸ
470 4934 912 5003 νυμφοστολῆσαι
960 4935 1219 5004 Θεόφιλον
1267 4937 1357 4991 τὸν
1397 4938 1509 4990 υἱὸν
1548 4939 1742 5008 αὐτῆς.
1789 4941 1951 5007 Ἀγα-

372 5024 549 5092 γοῦσα
577 5025 633 5077 δὲ
665 5026 845 5089 πάσας
874 5026 1077 5090 ταύτας
1110 5029 1168 5081 ὲν
1217 5026 1294 5097 τῷ
1323 5027 1571 5097 παλατίῳ
1607 5032 1685 5091 εἰς
1713 5031 1773 5081 τὸ
1796 5030 1949 5096 λεγόο

376 5132 537 5185 μενον
552 5118 904 5187 Μοιργαρίτου
928 5120 1219 5190 τρικλίνων
1234 5120 1431 5174 δέδωκε
1455 5121 1532 5191 τῷ
1553 5122 1795 5191 θεοφίλῳ
1816 5140 1949 5192 χρυο

375 5207 503 5261 σοῦν
533 5209 1109 5278 μῆλον,είποῦσα·Εὶς
1123 5211 1202 5279 ἢν
1226 5211 1513 5281 ἀρεσθῇς,
1544 5213 1747 5280 ἐπίδος
1778 5216 1952 5268 τοῦτο

505 5296 530 5307 ιο

372 5296 551 5367 αὐτῇ.
582 5293 762 5354 Ἶίνδέ
791 5318 874 5364 τις
892 5302 950 5370 ἐξ
974 5303 1212 5372 εὐγενῶν
1240 5306 1298 5358 ὲν
1322 5305 1513 5367 αὑταῖς
1542 5305 1705 5375 κόρη,
1729 5305 1952 5374 ὀνόματι

2053 4754 2299 4822 subjecta
2336 4752 2521 4804 omnia
2568 4752 2796 4806 mittens
2831 4752 3069 4806 themata
3109 4768 3173 4807 ac
3205 4754 3367 4823 790
3408 4754 3637 4812 ditionis

2052 4845 2172 4899 loca
2199 4844 2409 4913 puellas
2438 4842 2550 4897 oris
2577 4842 2775 4897 decore
2801 4843 3067 4899 formosas
3096 4844 3345 4911 adduxit,
3375 4860 3434 4901 ut
3465 4864 3532 4901 ex
3565 4849 3633 4902 iis

2055 4936 2362 5005 Theopltilo
2398 4934 2511 4989 ﬁlio
2542 4936 2860 5004 nuptiarum
2894 4936 3101 4991 fmdere
3132 4954 3335 5007 sponsa
3372 4940 3637 5011 adjunge-

2056 5037 2230 5082 retur.
2276 5027 2635 5097 Congrcgatis
2665 5027 2774 5081 illis
2804 5028 3064 5083 omnibus
3116 5030 3172 5083 in
3225 5032 3446 5098 palatio,
3485 5034 3631 5102 quod

2059 5121 2369 5191 Margaritaa
2402 5120 2704 5173 triclinium
2740 5129 2956 5183 vocant,
2989 5121 3143 5175 dedit
3174 5122 3263 5176 illa
3289 5125 3402 5178 tilio
3428 5127 3632 5181 malum

2060 5228 2312 5277 aureum,
2362 5211 2593 5266 dicens:
2643 5211 2733 5267 Illi
2763 5212 2942 5265 trades
2966 5212 3116 5282 cujus
3152 5213 3326 5280 forma
3352 5215 3633 5281 plaruerit.

2061 5307 2192 5361 Erat
2237 5320 2370 5359 vero
2419 5304 2564 5359 inter
2611 5319 2705 5358 eas
2737 5320 2801 5358 ex
2844 5304 3124 5358 nobilibus
3151 5313 3268 5385 sata
3311 5309 3491 5375 puella
3530 5326 3633 5363 no-

1635 5531 1871 5587 VARIIE
1911 5528 2321 5588 LECTIONES.

476 5690 521 5765 ⁸⁷
552 5692 724 5765 αύτῷ]
752 5693 931 5765 αὐτῶν
969 5691 1118 5761 αὐτῷ

380 5760 429 5792 ⁷⁷
458 5760 621 5813 αὐτοῦ
656 5760 723 5816 (Ξῖ
794 5765 838 5795 ⁷³
862 5760 1137 5817 δύσοιστον
1167 5762 1227 5814 C.

379 5830 437 5902 δὲ
462 5832 678 5902 Μιχαὴλ
702 5832 1022 5886 ἐϐασίλευσε
1047 5831 1299 5898 Θεόφιλος
1334 5832 1445 5887 uio:
1485 5832 1649 5883 αὑτοῦ
1688 5831 1715 5882 ὁ
1743 5831 1865 5902 νέος,
1896 5830 1960 5883 (ἶ.

1325 5692 1369 5722 ⁷ο
1396 5690 1492 5760 τὴν
1545 5689 1686 5745 κατὰ
1722 5689 2025 5760 πρόσὸασιν
2066 5687 2351 5760 ἀσθένειαν
2395 5686 2653 5760 αύτούς.

1303 5763 1347 5791 ⁷⁷
1393 5757 1815 5832 ’Λσχολουμένου
1834 5758 2255 5832 -ῌύφροσύνης
2285 5757 2489 5832 οιιιιῼ.
2566 5759 2611 5789 ⁷⁸
2840 5759 2937 5832 ai?
2973 5830 2980 5832 _
3010 5759 3054 5832 τέ
3087 5759 3459 5832 Τῷ-ὁνὲοῄ

2038 5830 2082 5861 ⁷⁷
2116 5832 2205 5881 καὶ
2238 5826 2560 5896 παραὸάτης
2586 5826 2787 5881 οηιζίὶ.

2756 5690 2795 5719 ⁷⁷
2829 5687 2933 5739 ὑπὸ
2960 5719 3029 5730 ο-
3062 5689 3388 5757 προθοθέντα
3421 5706 3529 5747 om.
3560 5693 3620 5746 (ἶ.

2865 5780 2933 5810 Lt.’
3015 5780 3054 5789 ’ν
3098 5780 3459 5832 trp—evang]
3489 5780 3628 5831 μετα

2865 5830 2909 5902 ⁷⁸
2938 5829 3160 5882 εἰκόνων
3185 5846 3293 5885 om.
3319 5832 3380 5884 C.
3460 5834 3502 5864 79
3536 5834 3628 5902 βές

384 5896 676 5972 εηλοξετῖη
709 5902 794 5972 ιβ’,
829 5906 1004 5975 μῆνας
1029 5909 1096 5971 γ’,
1125 5896 1215 5954 καὶ
1248 5902 1481 5955 ἀπέθανε
1514 5901 1909 5970 δυσεντερικῶς
1932 5901 1995 5966 C,
2021 5898 2244 5955 omissis
2271 5898 2303 5967 ἠ
2327 5896 2509 5966 δὲ-ρ.
2546 5898 2643 5952 791
2700 5898 3064 5967 αἰκιζόμενος.
