4124 6450
461 467 564 535 851

1729 468 2050 532 GEORGII
2090 469 2435 531 MONACHI

3623 452 3734 534 852

461 581 612 636 mine
648 579 850 646 lcasia,
896 580 1061 650 longe
1097 578 1519 635 formosissima.
1574 579 1692 648 Qua
1718 581 1833 636 visa
1865 581 2047 636 Theo-

2160 582 2411 646 Είκασία,
2465 583 2776 654 ὡραιοτάτη
2832 583 2975 637 πάνυ
3011 600 3023 614 ·
3077 583 3144 652 ἦν
3197 582 3320 638 ίδὼν
3366 582 3623 653 Θεόφιλος
3651 584 3745 636 καὶ

462 674 670 745 philus,
708 674 939 743 ejusque
965 673 1200 728 nimium
1243 685 1510 745 quantum
1551 675 1781 746 gratiam
1822 685 2050 747 stupens

462 782 528 821 ac
565 766 836 837 speciem,
887 766 932 821 A
966 765 1209 832 muliere,
1256 767 1458 838 inquit,
1502 777 1826 822 emanarunt
1881 769 2047 826 mala.

463 859 701 929 Reponit
745 858 838 913 illa
869 858 1290 914 subverecunde
1311 867 1362 912 et
1396 874 1523 914 cum
1563 859 1777 930 pudore
1809 878 1821 913 :
1870 859 1975 916 Sed
2003 870 2056 914 et

462 967 545 1006 res
571 951 818 1006 meliores
875 970 908 1006 a
953 953 1176 1007 muliere
1227 953 1539 1007 exuberant.
1582 954 1632 1009 ls
1665 954 1852 1008 animo
1885 954 2054 1009 ollen-

463 1060 560 1100 sus
590 1045 866 1100 sermonis
895 1045 1140 1112 licentia,
1167 1061 1231 1102 ea
1266 1046 1480 1112 relicta,
1513 1046 1718 1100 malum
1747 1045 2058 1101 Theodorze

463 1135 642 1203 dedit,
674 1153 742 1193 ex
775 1137 1184 1207 Paphlagonum
1211 1147 1395 1209 gente.
1439 1137 1682 1194 Coronat
1713 1137 2054 1208 Theophilus

464 1227 814 1285 Theodoram
849 1233 903 1284 in
935 1231 1179 1287 oratorio
1210 1230 1267 1286 S.
1305 1231 1593 1301 Stephani,
1639 1231 1755 1300 ipse
1787 1247 1896 1286 una
1926 1245 2051 1285 cum

464 1319 586 1390 ipsa
627 1321 968 1390 nuptialibus
989 1323 1210 1377 corollis
1247 1322 1486 1378 donatus
1511 1322 1580 1376 ab
1611 1321 1850 1377 Antonio
1885 1323 2056 1391 patri-

463 1411 655 1475 archa,
690 1410 970 1482 donatque
993 1411 1277 1481 Augustali
1306 1426 1512 1466 corona
1553 1412 1608 1466 in
1633 1420 1823 1466 sancta
1850 1411 2050 1467 Pente-

463 1507 636 1553 coste.
693 1498 947 1569 Tumque
972 1499 1030 1553 in
1061 1499 1310 1570 Magnam
1345 1499 1634 1555 ecclesiam
1659 1514 1920 1568 processu
1952 1499 2052 1552 ba-

462 1589 580 1643 bito
611 1589 802 1644 multis
830 1589 1123 1661 magnifice
1151 1590 1527 1660 patriarcbam
1565 1600 1621 1645 et
1653 1591 1864 1645 clerum
1890 1605 2053 1646 sena-

463 1689 694 1751 tumque
739 1681 962 1752 accipit.
998 1681 1172 1736 lcasia
1222 1696 1355 1736 vero
1388 1680 1609 1750 imperii
1649 1696 1744 1750 spe
1791 1681 2053 1735 frustrata

464 1769 866 1828 monasterium
897 1773 1190 1838 exstruxit,
1232 1774 1288 1827 in
1319 1788 1431 1843 quo
1463 1773 1629 1828 etiam
1663 1788 1820 1828 coma
1850 1772 2052 1844 posita,

463 1865 833 1937 religiosaque
868 1865 1119 1936 palaestra
1151 1881 1371 1920 merens
1397 1880 1461 1920 ac
1487 1863 1907 1934 philosopharis,
1943 1863 2053 1917 Deo

465 1960 569 2014 soli
597 1957 791 2014 vivens
829 1958 882 2012 i‘u
905 1959 1070 2012 linem
1105 1973 1282 2028 usque
1307 1957 1433 2012 vita:
1462 1955 1854 2027 perseveravit.
1922 1954 2054 2022 Quae

463 2059 522 2106 et
558 2050 768 2120 ingenii
790 2051 875 2105 sui
903 2051 1135 2119 plurima
1166 2049 1391 2120 reliquit
1422 2056 1798 2113 monumenta,
1839 2048 1896 2102 in
1930 2049 2054 2118 qui-

464 2144 568 2199 bus
595 2145 731 2198 illud
754 2152 859 2210 est,
883 2144 1121 2210 Domine,
1142 2145 1197 2197 in
1222 2143 1401 2198 multis
1419 2145 1680 2214 peccatis;
1708 2142 1891 2212 magni
1921 2141 2059 2195 item

464 2236 690 2294 Sabbati
723 2237 1056 2291 tetraodium
1091 2236 1224 2290 illud
1256 2253 1269 2289 :
1298 2235 1560 2304 [nsipiens
1601 2233 1794 2297 vetule,
1837 2234 2052 2304 aliaque

464 2330 755 2386 nonnulla.
830 2329 1184 2399 imperat-oris
1237 2343 1370 2383 vero
1425 2336 1602 2384 mater
1667 2327 2050 2398 Euphrosyna,

466 2429 665 2492 Sponte
696 2420 888 2476 relicta
921 2421 1066 2485 aula,
1103 2419 1160 2474 in
1192 2435 1294 2475 suo
1315 2419 1676 2483 monasterio,
1705 2419 1794 2473 cui
1827 2418 2055 2473 Gastria:

468 2530 696 2579 nomen,
736 2512 998 2569 sanctiori
1025 2512 1135 2566 ritu
1156 2511 1430 2583 privatam
1455 2511 1625 2566 vitam
1662 2511 1795 2582 egit.

539 2607 700 2678 791
751 2605 807 2662 Ξ.
867 2604 1098 2660 Indictis
1143 2604 1487 2660 circensibus
1517 2593 1868 2673 Theophilus.
1897 2602 2056 2674 jubet

471 2699 644 2754 Leoni
687 2697 1137 2754 Cbammd'raconi
1190 2697 1620 2767 protovestiario
1675 2711 1808 2762 suo,
1865 2695 2056 2749 multi-

471 2791 641 2845 ﬁdum
682 2797 745 2844 ut
784 2788 1183 2845 candelabrum
1264 2787 1492 2854 afferat,
1554 2785 1703 2856 quod
1747 2786 1804 2840 in
1853 2785 2056 2841 Leonis

468 2880 721 2937 Armenii
744 2880 894 2936 caede
929 2879 1112 2934 fuerat
1144 2877 1328 2949 gladio
1355 2878 1720 2934 conscissam.
1749 2878 1910 2947 Actis
1945 2877 2055 2932 cir-

467 2973 732 3029 censibus
772 2981 1027 3028 senatum
1062 2986 1282 3026 omnem
1311 2970 1385 3024 ad
1411 2986 1470 3026 se
1499 2977 1767 3026 convocat
1789 2970 1844 3024 in
1872 2971 2056 3025 locum

468 3081 638 3138 quem
673 3066 898 3122 Sessum
939 3073 1164 3120 vocant.
1209 3064 1599 3134 Productoque
1630 3063 1967 3119 candelabro
1995 3079 2057 3117 ac

469 3159 581 3216 illis
609 3166 853 3226 ostenso,
886 3158 1124 3228 quaerit:
1181 3157 1282 3222 Qui
1329 3159 1381 3211 in
1434 3155 1686 3227 templum
1716 3155 1929 3210 Domini
1975 3157 2057 3210 in-

469 3270 678 3324 gressus
725 3254 983 3306 Christum
1021 3249 1234 3303 Domini
1262 3250 1505 3319 peremit,
1544 3265 1651 3318 qua
1681 3247 1870 3318 dignus
1903 3265 2056 3318 paena

469 3313 592 3398 est?
639 3341 948 3413 Respondit
989 3350 1254 3397 senatus:
1292 3339 1537 3404 Domine,
1586 3355 1706 3393 reus
1746 3340 1929 3393 mortis
1959 3348 2056 3394 est.
2084 3313 2130 3376 Ο

469 3439 705 3506 Moxque
753 3435 1013 3506 prml’ccto
1055 3433 1209 3494 iubet
1245 3440 1306 3487 ut
1347 3448 1464 3494 eos,
1498 3433 1593 3503 qui
1637 3450 1763 3488 cum
1796 3433 2060 3489 Michaele

470 3539 628 3600 patre
655 3544 758 3584 suo
777 3527 1018 3582 Leonem
1047 3526 1408 3591 sustulerant,
1439 3534 1619 3582 tentos
1640 3526 1696 3580 in
1717 3526 1863 3582 Circi
1892 3526 2060 3580 funda

471 3622 655 3692 capite
697 3620 938 3691 plectat,
991 3620 1162 3674 multa
1209 3620 1342 3675 licet
1387 3619 1762 3691 obiectantes,
1809 3619 2060 3674 dicentes

471 3714 734 3784 injustam
762 3728 885 3769 esse
912 3712 1264 3768 sententiam.
1297 3711 1417 3766 Non
1454 3713 1618 3780 enim,
1664 3712 1918 3777 aiebant,
1955 3713 2059 3765 im-

473 3813 709 3875 perator,
742 3805 842 3858 nisi
880 3805 1022 3875 patri
1049 3811 1134 3858 tuo
1159 3820 1387 3858 essemus
1415 3804 1686 3870 auxiliali,
1713 3812 1768 3857 tu
1800 3804 1855 3858 in
1873 3805 2058 3857 throno

471 3897 712 3952 sedisses.
746 3897 918 3968 Inque
945 3911 1073 3952 eum
1095 3897 1323 3952 modum
1350 3897 1453 3952 sub
1483 3897 1735 3951 omnium
1758 3897 1936 3953 oculis
1962 3913 2056 3952 ca-

470 3990 583 4061 pite
613 3990 757 4060 plexi
783 3999 933 4057 sunt,
951 4005 1020 4046 eo
1039 3990 1264 4061 quidem
1290 3999 1560 4060 praetextu
1586 3989 1734 4060 quod
1764 3990 1820 4044 in
1853 3990 2057 4060 templo

469 4082 690 4138 Domini
711 4083 833 4140 ausi
867 4092 1053 4139 essent
1081 4083 1289 4139 caedem
1331 4091 1576 4154 patrare,
1613 4098 1813 4138 revera
1870 4092 2056 4138 autem

471 4174 680 4231 idcirco
726 4174 858 4246 quia
893 4175 1164 4230 haeretica
1199 4163 1476 4244 pravitate
1517 4173 1788 4238 sodalem,
1826 4173 2056 4243 parique

470 4268 542 4325 ad
561 4268 905 4340 impietatem
927 4283 1118 4333 sensu,
1155 4257 1293 4322 nece
1316 4265 1692 4322 sustulissent.
1724 4264 2058 4321 Adlnmrebat

468 4360 621 4416 enim
656 4361 932 4417 scelestus
963 4359 1133 4414 homo
1164 4358 1279 4413 Deo
1313 4357 1638 4413 exsecrabili
1684 4357 1836 4413 illius
1859 4358 2064 4413 haeresi

469 4458 529 4506 et
554 4467 587 4506 a
624 4451 831 4520 pietate
875 4448 1250 4514 abhorrebat;
1307 4447 1402 4519 qui
1443 4447 1710 4503 nimirum
1756 4447 2056 4519 imaginum

471 4542 607 4596 alias
637 4541 932 4604 evelleret,
949 4540 1083 4595 alias
1111 4539 1401 4604 elfoderet,
1417 4539 1831 4608 monachosque
1852 4539 2058 4608 pietate

2155 674 2560 744 ὑπεραγασθεὶς
2618 675 2790 744 αὐτὴν
2849 673 2944 728 τοῦ
2969 674 3199 739 κάλλους
3224 673 3329 745 ἔφη
3357 676 3432 739 ὡς
3462 677 3606 743 Ἆρα
3643 674 3746 728 διὰ

2152 764 2440 834 γυναικὸς
2479 764 2667 832 ἐρρύη
2702 762 2774 816 τὰ
2803 763 3028 833 φαῦλα.
3075 762 3137 816 Ἢ
3169 763 3225 815 δὲ
3259 762 3378 833 μετ’
3407 761 3591 824 αἰδοῦς
3629 778 3748 822 πως

2154 856 2487 926 ἀντέφησενο
2532 855 2716 910 Ἀλλὰ
2763 856 2862 911 καί
2916 855 3015 908 διὰ
3045 853 3335 924 γυναικὸς
3387 851 3632 922 πηγάζει
3677 851 3750 904 τὰ

2155 951 2486 1018 κρείττονα.
2516 949 2576 1002 '0
2603 948 2660 1002 δὲ
2682 948 2760 1020 τῷ
2792 949 2939 1020 λόγῳ
2965 949 3063 1019 τήν
3085 948 3316 1019 καρδίαν
3353 947 3589 1016 πληγεὶς
3616 947 3752 999 ταύ-

2154 1058 2255 1113 την
2296 1041 2396 1111 μὲν
2429 1041 2632 1107 εἴασεν,
2699 1040 2953 1112 Θεοδώρᾳ
3003 1041 3060 1094 δὲ
3109 1039 3172 1092 τὸ
3221 1039 3393 1110 μῆλον
3443 1038 3746 1101 ἐπέδωκεν,

2155 1131 2290 1203 οὔσῃ
2322 1134 2387 1184 ἐκ
2414 1132 2806 1200 Παφλαγόνων.
2827 1132 3023 1201 Στέφει
3043 1130 3328 1202 Θεοδώραν
3354 1133 3413 1184 ὲν
3441 1130 3520 1196 τῷ
3546 1130 3747 1198 εὐκτη-

2157 1226 2259 1294 ρίῳ
2285 1224 2379 1278 τοῦ
2424 1224 2606 1292 Ἀγίου
2648 1224 2946 1294 Στεφάνου,
2985 1224 3238 1293 στεφθεὶς
3272 1224 3367 1278 καὶ
3415 1223 3584 1287 αὐτὸς
3631 1223 3750 1292 ἅμα

2156 1319 2296 1388 αὐτῇ
2331 1317 2436 1371 ὑπὸ
2471 1318 2759 1371 Ἀντωνίου
2814 1317 3160 1388 πατριάρχου
3199 1317 3292 1370 καὶ
3324 1317 3404 1388 τῷ
3433 1316 3528 1370 τοῦ
3563 1316 3750 1385 γάμου

2157 1413 2253 1464 καὶ
2284 1411 2360 1480 τῷ
2384 1413 2485 1482 τῆς
2523 1409 2800 1480 βασιλείας
2842 1410 3050 1480 στέφει,
3091 1414 3158 1482 τῇ
3189 1412 3323 1480 ἁγίᾳ
3372 1410 3745 1479 Πεντηκοστῇ.

2159 1505 2440 1558 Κάκεῖθεν
2513 1503 2784 1576 προῆλθεν
2884 1506 2942 1557 ὲν
3011 1507 3078 1575 τῇ
3140 1503 3372 1575 Μεγάλῃ
3442 1500 3746 1572 ἐκκλησία,

2159 1598 2662 1669 φιλοτιμησάμενος
2725 1597 2940 1662 πολλοῖς
2995 1597 3088 1651 τὸν
3137 1598 3486 1668 πατριάρχην
3529 1596 3644 1664 ἆμα
3672 1593 3749 1662 τῷ

2160 1691 2348 1762 κλήρῳ
2379 1691 2475 1744 κοιλ¹
2531 1691 2630 1761 τῆς
2681 1691 2991 1761 συγκλήτου
3042 1692 3137 1744 '9'.
3180 1688 3243 1743 'H
3271 1691 3327 1744 δὲ
3381 1689 3616 1743 Είκασία
3650 1687 3750 1756 τῆς

2163 1782 2438 1852 βασιλείας
2495 1780 2845 1853 ἀποτυχοῦσα
2895 1781 3529 1854 μονὴν-κατεσκεύασεν,
3567 1781 3647 1844 είς
3682 1780 3751 1850 ἢν

2160 1875 2256 1927 καὶ
2282 1874 2986 1945 ἀποκειραμένη,ἀσκοῦσα
3004 1875 3098 1928 καὶ
3126 1871 3520 1945 φιλοσοφοῦσα,
3544 1869 3752 1942 τῷθεῷ

2161 1965 2309 2035 μόνῳ
2366 1962 2518 2028 ζῶσα
2565 1963 2840 2017 διετέλεσε
2873 1964 3250 2036 μέχριτέλους
3286 1964 3434 2032 ζωῆς
3461 1963 3654 2032 αὐτῆς.
3679 1963 3749 2015 Ἦ

2157 2057 2254 2112 καὶ
2281 2056 2694 2126 συγγράμματα
2728 2054 2898 2124 αὐτῆς
2953 2055 3182 2108 πλεῖστα
3202 2054 3594 2109 καταλέλοιπεν
3617 2094 3631 2119 ,
3668 2051 3751 2117 τὸ,

2157 2149 2355 2217 Κύριε,
2388 2147 2426 2215 ή
2463 2146 2532 2200 ἑν
2567 2145 2830 2212 πολλαῖς
2857 2147 3172 2218 ἁμαρτίαις
3199 2161 3214 2176 ·
3240 2146 3334 2199 καὶ
3379 2144 3474 2197 τοῦ
3511 2142 3751 2213 μεγάλου

2157 2232 2440 2286 Σαὸϐἀτου
2498 2233 2559 2285 τὸ
2620 2232 2977 2302 τετραῴδιον·
3017 2234 3260 2302 Ἀφρων
3308 2232 3590 2305 γηραλέε,
3658 2233 3753 2285 καὶ

2159 2325 2294 2382 ἄλλα
2343 2325 2488 2379 τινά.
2532 2325 2599 2378 Ἠ
2645 2325 2703 2377 δὲ
2758 2324 2854 2377 τοῦ
2889 2324 3151 2394 βασιλέως
3201 2326 3384 2396 μήτηρ
3427 2323 3753 2393 Εὐφροσύνη

2159 2419 2423 2482 ἑκουσίως
2439 2417 2782 2473 κατελθοῦσα
2803 2417 2898 2472 τοῦ
2932 2419 3198 2473 παλατίου
3228 2421 3284 2474 έν
3307 2421 3374 2491 τῇ
3396 2420 3532 2490 μονῇ
3557 2417 3749 2486 αὐτῆς,

2159 2505 2194 2584 ᾖ
2225 2513 2269 2543 ⁸ο
2298 2511 2587 2580 ὲπῶνυμον
2615 2511 2683 2565 τά
2714 2512 2976 2584 Γάστρια,
3001 2512 3297 2583 ἡσύχασεν.

2235 2603 2303 2674 β’.
2341 2603 2602 2675 Ἐποίησε
2622 2604 2680 2658 δὲ
2711 2604 2936 2658 ἱππικὸν
2987 2604 3268 2674 Θεόφιλος,
3310 2605 3404 2658 καὶ
3444 2602 3752 2674 προσέταξε

2162 2697 2239 2768 τῷ
2275 2697 2725 2768 Χαμαιδράκοντι
2755 2698 2945 2751 Λέοντι
2969 2697 3048 2768 τῷ
3066 2697 3552 2769 πρωτοὸεστιαρίῳ
3586 2694 3752 2748 αὐτοῦ

2163 2793 2392 2860 ἀγαγεῖν
2419 2790 2480 2846 τὺ
2509 2791 2922 2861 πολυκάνδηλον-
2947 2792 3008 2844 τὸ
3042 2791 3099 2844 ἐν
3139 2793 3212 2862 τῇ
3249 2792 3435 2860 σφαγῇ
3488 2789 3588 2842 τοῦ
3632 2788 3756 2857 Ἀρ-

2167 2884 2353 2956 μενίου
2415 2883 2645 2948 Λέοντος
2707 2883 2852 2953 ξίφει
2911 2883 3195 2939 διακοπέν.
3270 2883 3378 2936 Τοῦ
3427 2881 3656 2936 ἱππικοῦ
3698 2881 3756 2935 δὲ

2163 2976 2520 3041 τελεσθέντος.
2574 2975 3022 3048 προσεκαλέσατο
3075 2977 3258 3032 πᾶσαν
3305 2977 3405 3047 τὴν
3449 2975 3756 3044 σύγκλητον

2165 3075 2222 3127 ὲν
2262 3070 2340 3140 τῷ
2401 3067 2683 3138 λεγομένῳ
2733 3067 3072 3138 Καθίσματι,
3107 3068 3201 3121 καὶ
3239 3065 3300 3120 τὺ
3351 3064 3755 3134 πολυκάνδηλον

2165 3163 2453 3233 ἐξαγαγὼν
2488 3163 2582 3216 καὶ
2609 3161 2900 3229 ὑποδείξας
2955 3163 3139 3226 αὐτοῖς
3184 3161 3289 3232 ἔφη
3311 3177 3324 3192 ·
3361 3161 3424 3214 '0
3463 3163 3549 3224 είς
3601 3158 3756 3212 ναὸν

2168 3259 2392 3326 Κυρίου
2447 3255 2872 3324 εἰσερχόμενος
2931 3256 3030 3308 καὶ
3084 3254 3343 3324 χριστὸν
3397 3253 3620 3322 Κυρίου
3655 3267 3756 3322 φι-

2164 3351 2362 3406 νεύων
2402 3349 2568 3413 τινος
2609 3346 2783 3400 ἐστίν
2838 3345 3043 3413 ἅξιος;
3083 3347 3146 3400 Ἦ
3197 3347 3252 3400 δὲ
3287 3346 3592 3415 σύγκλητος
3619 3346 3754 3398 ἀπο-

2165 3442 2416 3512 κριθεῖσα
2444 3439 2550 3510 ἔφη
2575 3455 2587 3469 ·
2621 3438 2826 3506 Ἀξιος
2865 3439 3126 3495 θανάτου
3157 3440 3352 3502 ἐστὶν,
3384 3434 3430 3494 ὦ
3460 3439 3753 3492 δέσποτα.

2165 3534 2278 3586 Καὶ
2307 3533 2468 3595 εὐθὺς
2501 3530 2758 3584 ἐκέλευσε
2789 3533 2916 3596 τοὺς
2952 3533 3050 3586 σὺν
3090 3531 3170 3601 τῷ
3223 3534 3394 3604 πατρὶ
3428 3532 3594 3585 αὐτοῦ
3645 3531 3752 3584 Μι-

2165 3622 2307 3695 χαὴλ
2338 3623 2430 3676 τὸν
2463 3623 2668 3676 Λέοντα
2722 3623 3010 3686 ἀνελόντας
3057 3623 3149 3677 τὸν
3183 3622 3430 3696 ὕπαρχον
3457 3625 3753 3692 κατασχεῖν

2165 3717 2260 3769 καὶ
2294 3716 2393 3780 τὰς
2427 3715 2667 3785 κεφαλὰς
2692 3717 2875 3769 αὐτῶν
2927 3718 2986 3770 ἐν
3015 3719 3080 3787 τῇ
3116 3717 3390 3789 Σφενδόνῃ
3434 3717 3746 3785 ἀποτεμεῖν,

2163 3803 2338 3857 πολλά
2397 3804 2877 3875 προϐαλλομένους
2943 3806 3039 3858 καὶ
3085 3803 3345 3877 λέγοντας
3395 3807 3576 3861 ἄδικον
3609 3801 3748 3857 εἶναι

2164 3896 2248 3968 [Ρ.
2286 3894 2415 3967 515]
2443 3896 2543 3968 τὴν
2570 3895 2753 3968 κρίσιν
2778 3895 2909 3949 ’Καὶ
2952 3897 3063 3965 γὰρ
3100 3898 3150 3950 εί
3185 3896 3273 3966 μὴ
3307 3896 3386 3962 τῷ
3428 3896 3606 3965 πατρί
3634 3912 3751 3949 σου

2161 3987 2725 4058 συνηγωνισάμεθα,
2755 3981 2803 4042 ὦ
2824 3987 3112 4053 βασιλεῦ,
3146 3990 3259 4042 οὐκ
3303 3987 3382 4044 ἂν
3427 3989 3611 4054 αὐτὸς
3649 3983 3753 4056 ἥρ-

2164 4083 2296 4148 εας.
2326 4083 2439 4136 Καὶ
2494 4080 2559 4151 δὴ
2609 4080 2782 4145 οὕτως
2808 4080 2897 4134 ἐπ’
2929 4081 3086 4151 ὄψεσι
3118 4083 3336 4136 πάντων
3362 4082 3460 4147 τὰς
3509 4081 3753 4150 κεφαλὰς

2163 4176 2586 4247 ἀπετμήθησαν,
2612 4175 2966 4246 προσχήματι
3007 4176 3106 4246 μὲν
3153 4176 3230 4239 ὡς
3273 4175 3353 4240 εἰς
3385 4176 3512 4229 ναὸν
3547 4175 3752 4245 Κυρίου

2162 4268 2578 4339 τετολμηκότων
2603 4267 2940 4337 ποιήσασθαι
2970 4268 3069 4340 τὴν
3090 4269 3394 4340 ἀναίρεσιν,
3427 4270 3501 4340 τῇ
3523 4267 3754 4339 ἀληθείᾳ

2161 4360 2220 4414 δὲ
2247 4359 2324 4423 ὡς
2362 4361 2458 4413 τὸν
2497 4357 2932 4430 συναιρεσιὼτην
2995 4358 3161 4413 αὐτοῦ
3198 4360 3292 4414 καὶ
3347 4359 3626 4430 ὁμόφρονα
3671 4360 3754 4422 εἰς

2162 4452 2419 4506 ἀσέϐειαν
2450 4451 2902 4515 ἀποκτείναντες.
2932 4449 3124 4522 Εἴχετο
3149 4451 3259 4523 γὰρ
3294 4453 3322 4506 ὁ
3349 4451 3630 4523 ἀλιτήριος
3653 4451 3755 4520 τῆς

2161 4545 2377 4598 ἐκείνου
2436 4543 2767 4611 θεοστυγοῦς
2820 4544 3120 4616 αἱρέσεως,
3175 4547 3271 4600 καὶ
3320 4545 3420 4615 τῆς
3469 4542 3753 4605 εὐσεϐείας

473 4635 653 4689 claros
691 4633 889 4688 exsilio
919 4632 1179 4688 multaret
1217 4647 1281 4688 ac
1309 4632 1638 4689 verberibus
1663 4632 1896 4701 aliisque
1931 4647 2055 4688 eru—

2161 4638 2438 4708 ἀπείχετο,
2482 4635 2593 4690 τῶν
2621 4637 2679 4690 δὲ
2708 4637 2936 4692 εἰκόνων
2969 4639 3010 4671 ⁸¹
3043 4639 3144 4702 τὰς
3166 4639 3266 4710 μὲν
3299 4637 3616 4700 κατασπῶν,
3652 4635 3755 4696 τὰς

471 4726 712 4782 ciatibus
731 4725 1146 4782 dehonestaret.

540 4908 597 4964 '5.
629 4907 730 4964 Illo
769 4907 1124 4979 imperatore,
1158 4909 1214 4965 in
1255 4910 1632 4966 scelestissimi
1654 4910 1780 4980 ejus
1808 4911 2057 4981 tyranni-

472 5017 582 5074 que
607 5002 843 5072 patriam
875 5002 1081 5059 urbem
1108 5002 1421 5072 irruptione
1449 5003 1611 5070 facta,
1637 5004 1899 5059 Saraceni
1931 5019 2057 5059 cum

472 5095 794 5166 ingentibus
817 5094 1012 5165 copiis,
1040 5094 1265 5150 inventa
1299 5095 1391 5149 illa
1413 5095 1628 5150 fortiter
1655 5095 1818 5166 792
1845 5097 2057 5153 munita

471 5202 537 5243 ac
583 5186 743 5240 valde
799 5185 1233 5256 propugnaculis
1278 5192 1432 5250 tuta,
1478 5184 1724 5256 bellique
1758 5187 1966 5243 ducum
1993 5203 2060 5246 ac

471 5281 823 5336 tribunorum
846 5278 1247 5349 quinquaginta
1273 5277 1529 5348 prazsidio
1558 5278 1714 5345 fulta,
1747 5295 1876 5334 eum
1905 5282 2060 5338 lecta:

470 5371 685 5427 militiae
726 5371 864 5428 viris
892 5371 1209 5440 horumque
1240 5371 1560 5438 ordinibus,
1592 5371 1713 5428 dies
1737 5373 2056 5443 quindecim

471 5465 697 5521 obsessa
731 5480 918 5522 mense
941 5466 1190 5535 Augusto
1217 5480 1280 5520 ac
1304 5475 1614 5536 expugnata
1635 5467 1800 5537 vique
1831 5469 2066 5525 subacta.

472 5573 536 5614 ac
574 5557 848 5630 captivata
902 5556 1129 5612 inﬁnitae
1177 5557 1554 5614 multitudinis
1599 5559 1868 5616 militares
1911 5561 2061 5616 viros

2155 4729 2213 4784 δὲ
2267 4729 2597 4800 ἀνορύττων,
2634 4729 2883 4795 καὶτοὺς
2925 4730 3012 4785 ἐπ’
3046 4731 3302 4800 εὐλαϐείᾳ
3340 4729 3608 4800 μοναχοὺς
3662 4726 3753 4790 ἑξ-

2161 4821 2361 4892 ορίζων
2387 4821 2482 4875 καὶ
2516 4821 2885 4893 αἰκιζόμενος.
3653 4865 3658 4870 -

2231 4921 2301 4982 γ’.
2350 4913 2467 4982 Ἐφ’
2501 4906 2564 4967 οῦ
2595 4915 2690 4968 καὶ
2719 4915 2858 4984 πρὸς
2907 4917 3008 4985 τὴν
3066 4912 3302 4983 πατρίδα
3337 4910 3430 4964 καὶ
3462 4905 3617 4962 πόλιν
3646 4907 3746 4960 αύ-

2159 5005 2257 5059 τοῦ
2305 5005 2354 5036 θ’
2403 5004 2499 5058 τοῦ
2551 5004 2834 5077 ἀλιτηρίου
2885 5005 2982 5058 καὶ
3027 5006 3298 5072 τυράννου
3351 4999 3490 5073 μετά
3546 4998 3750 5067 πολλῆς

2161 5096 2445 5166 δυνάμεως
2499 5097 2548 5150 οἱ
2597 5096 2644 5128 ⁸³
2689 5096 2998 5168 Σαρακηνοὶ
3049 5093 3510 5165 παραγενόμενοι,
3553 5108 3749 5162 καρτε-

2169 5190 2276 5262 ρῶς
2311 5189 2358 5222 ⁸³
2377 5189 2752 5261 ὠχυρωμένην
2781 5187 3036 5257 εὑρόντες
3087 5186 3185 5240 καὶ
3226 5184 3752 5255 κατησφαλισμένην

2166 5282 2307 5338 πάνυ
2338 5283 2434 5336 καὶ
2460 5281 2567 5334 ὑπὸ
2622 5279 2950 5355 στρατηγῶν
3000 5281 3346 5351 πεντήκοντα
3387 5281 3432 5312 ⁸⁸
3475 5293 3748 5348 φρουρου-

2167 5378 2338 5448 μένην
2368 5379 2508 5446 μετὰ
2527 5376 2636 5428 τῶν
2662 5345 2904 5442 λὸγάέῴν
2923 5374 3020 5427 καὶ
3046 5345 3173 5427 τῶν-
3192 5345 3636 5444 στρατευμάτωνή
3654 5369 3721 5422 αὑ
3731 5345 3766 5409 -¹

2161 5465 2293 5532 τῶν,
2328 5468 2420 5519 καὶ
2449 5463 2655 5533 ταύτην
2710 5463 2779 5516 δι’
2827 5463 3053 5535 ἡμερῶν
3102 5461 3161 5515 ιε’
3218 5463 3517 5532 Αὐγούστῳ
3541 5462 3587 5493 ⁸⁸⁸
3620 5460 3754 5530 μηνὶ⁵

2165 5559 2615 5630 ἐκπορθήσαντες
2659 5556 2753 5613 καὶ
2786 5556 3126 5629 δορυάλωτον
3178 5558 3460 5627 εἰληφότες
3491 5553 3751 5626 ᾐχμαλώ-

1791 5737 2028 5793 νΑΙίΙΛΕ
2067 5738 2475 5793 LEC'I'IONES.

552 5851 618 5884 "'
641 5856 703 5920 τῇ
731 5853 1047 5925 συγκλήτῳῖ
1076 5858 1268 5918 aurei;
1297 5857 1395 5923 τῆς
1417 5857 1718 5924 συγκλήτου
1744 5858 1766 5909 ?
1840 5857 1885 5887 ⁸ο
1913 5850 2071 5925 ﬁam.
2103 5854 2163 5908 Ρ.

481 5921 527 5954 ⁸⁸
559 5923 902 5992 καρτερικῶς
933 5921 1002 5979 [κ’
1069 5925 1114 5957 ⁸⁵
1144 5921 1502 5997 πεντήκονται
1536 5934 1580 5995 η’
1612 5921 1684 5980 (Σ.

2242 5856 2371 5908 δ”δὲ
2398 5854 2532 5923 siml
2562 5874 2618 5909 τε
2640 5859 2782 5912 εἰκίί
2853 5857 2898 5889 θ’
2928 5857 3090 5911 αὑτοῦ
3114 5872 3223 5912 om.
3248 5856 3308 5910 (1.
3388 5855 3432 5886 ⁸³
3461 5858 3506 5907 οἱ
3540 5853 3662 5909 add.
3687 5855 3750 5909 C.

1768 5928 1812 5958 κδ
1844 5913 1943 5980 τοῦ
1971 5925 2280 5992 Αὐγούστου
2327 5925 2492 5996 μηνὸς
2521 5913 2583 5980 C.
