4124 6462
406 423 514 488 853

1497 437 1693 498 VlT/E
1733 439 2282 498 RECENTIORUM
2325 441 2524 499 lMPP.

3545 445 3605 506 δε
3624 429 3658 504 t'

403 549 603 585 τευσαν
639 532 682 563 ⁸⁷
716 533 806 585 καὶ
857 533 1187 589 ἀπέκτειναν
1222 539 1348 592 λαὸν
1399 539 1646 612 ἄπειρον.
1687 544 1844 596 Ἀλλὰ
1873 546 1976 614 μὴν

2097 545 2410 614 plebemque
2449 546 2726 600 occidere.
2771 547 3012 602 Navibus
3039 547 3242 618 egressi
3277 548 3542 620 Cyclades
3573 551 3656 604 in-

406 624 502 677 καὶ
526 622 703 694 πλήθη
737 624 937 678 πλοίων
971 627 1151 679 αὐτῶν
1179 628 1462 694 ἐξελθόντα
1493 633 1590 697 at;
1623 634 1908 698 Κυκλάδας
1935 637 1978 666 ⁸⁸

405 716 607 784 νήσους
633 715 940 785 ὴρήμωσαν
973 719 1065 770 καὶ
1096 720 1192 789 τὴν
1222 722 1446 793 Κρήτην
1479 725 1573 776 καὶ
1596 724 1694 794 τὴν
1733 726 1981 780 Σικελίαν

405 805 736 875 παρέλαϐον.
800 809 910 860 Καὶ
958 807 1127 879 ψῦχος
1175 811 1309 864 πολὺ
1362 813 1577 880 γέγονε,
1641 815 1734 868 καὶ
1777 817 1982 886 χειμὼν

401 894 747 964 ἀγριώτατος
777 898 873 950 καὶ
918 897 1247 969 δριμύτατος
1296 901 1364 963 ³³,
1417 903 1512 955 καὶ
1547 902 1703 971 λιμὸς
1741 903 1979 974 ἰσχυρὸς,

405 986 506 1039 καὶ
534 987 696 1056 ἀέρος
725 988 929 1057 αὐχμοὶ
979 991 1074 1042 καὶ
1125 990 1453 1060 δυσκρασίαι
1499 995 1593 1047 καὶ
1653 996 1980 1065 ἀνωμαλίαι,

405 1076 504 1128 καὶ
563 1078 782 1146 σεισμοὶ
830 1078 1051 1150 φοϐεροὶ
1104 1082 1198 1134 καὶ
1247 1083 1558 1154 ἐπάλληλοι,
1617 1087 1714 1157 τὴν
1745 1087 1984 1158 ἄμετρον

405 1167 810 1238 ἀπελέγχουσαι
867 1170 961 1223 τοῦ
1019 1173 1350 1242 κρατοῦντος
1407 1177 1708 1247 μοχθηρίαν
1752 1179 1846 1232 καὶ
1896 1196 1986 1232 κα-

409 1259 694 1329 κουργίαν.
719 1262 812 1324 Είς
845 1263 1114 1333 τοσαύτην
1141 1267 1249 1336 γὰρ
1281 1267 1594 1335 ἁφιλοθεῖαν
1613 1272 1704 1324 καὶ
1730 1272 1985 1326 ἀπόνοιαν

407 1349 699 1415 ἐξώκειλεν
745 1354 774 1405 6
823 1352 999 1417 ἄθεος,
1037 1355 1112 1418 ὡς
1151 1359 1196 1389 ⁹⁰
1226 1359 1320 1410 καὶ
1346 1358 1443 1430 τὴν
1466 1360 1560 1413 τοῦ
1605 1360 1984 1431 Κοπρωνύμου

409 1443 506 1496 καὶ
537 1443 647 1495 τῶν
684 1443 1049 1514 θηριωνύμων
1097 1447 1140 1479 ³⁸
1173 1449 1415 1520 χαλεπὴν
1455 1451 1553 1504 καὶ
1585 1453 1988 1522 μυσαρωτάτην

409 1535 622 1604 αἵρεσιν
650 1535 1031 1607 διαδεξάμενος
1065 1539 1109 1570 ⁹²
1144 1541 1239 1592 καὶ
1269 1543 1648 1608 ἀνακαινίσας,
1691 1543 1766 1607 ὡς
1823 1545 1988 1614 μηδὲν

407 1621 574 1697 ἦττον
593 1628 638 1659 ’⁸
660 1627 892 1698 ὀφθῆναι
909 1630 1007 1699 τῆς
1028 1631 1251 1684 ἐκείνων
1268 1633 1313 1663 ’⁵
1337 1632 1655 1698 δυσσεϐείας
1681 1637 1775 1689 καὶ
1791 1653 1988 1706 παροι-

412 1718 532 1780 νίας
558 1719 871 1788 τυραννίδος
915 1738 971 1774 τε
1011 1721 1105 1774 καὶ
1123 1724 1522 1793 ἐμϐροντησίας
1539 1727 1566 1779 6
1585 1729 1989 1794 πεφενακισμέ-

2086 635 2234 690 sulas
2269 635 2644 698 devastavere,
2694 635 3022 704 Cretamque
3057 653 3121 691 ac
3155 637 3395 692 Siciliam
3427 655 3540 694 suae
3565 639 3650 692 di-

2087 725 2250 779 tionis
2292 725 2492 779 lecere.
2541 725 2666 780 Fuit
2705 732 2761 778 et
2796 725 2990 794 ingens
3024 725 3216 796 frigus,
3245 727 3657 795 hiemsque'sae-

2085 816 2308 871 vissima
2365 831 2429 871 ac
2493 817 2830 886 asperrima,
2895 817 3173 886 famesque
3242 819 3456 882 valida;
3511 821 3656 874 aeris

2086 924 2304 977 quoque
2334 908 2590 963 lenitates
2612 915 2669 962 et
2697 917 2864 962 aestus
2883 923 2945 961 ac
2965 908 3318 976 intemperies
3337 917 3392 962 et
3419 910 3658 978 inaequa-

2086 999 2286 1064 litates,
2313 999 2581 1054 tremendi
2605 999 2733 1053 item
2759 1009 2916 1053 terrae
2948 1007 3129 1052 motus
3151 1014 3213 1052 ac
3234 1014 3372 1069 pene
3385 1001 3655 1063 continui;

2087 1109 2208 1162 qute
2239 1093 2421 1146 omnia
2472 1093 2524 1147 in
2575 1093 2904 1146 immensum
2957 1100 3273 1160 provectam
3313 1091 3660 1160 imperatoris

2089 1183 2413 1250 pravitatem
2465 1191 2520 1236 et
2556 1183 2859 1251 nequitiam
2902 1180 3290 1250 redarguendo
3315 1191 3522 1236 essent.
3583 1183 3660 1234 Eo

2087 1273 2234 1327 enim
2279 1273 2364 1325 vir
2409 1273 2608 1340 impius
2653 1271 2953 1341 impietatis
2982 1271 3348 1340 projectatque
3371 1270 3662 1325 dementiae

2089 1364 2347 1432 delapsus
2379 1375 2484 1428 est,
2517 1373 2576 1418 ut
2605 1373 2658 1418 ct
2701 1361 3034 1433 Coprouymi
3056 1371 3112 1416 et
3141 1362 3342 1416 Leonis
3380 1361 3479 1429 (sic
3504 1362 3661 1430 quasi

2089 1472 2151 1510 ex
2189 1456 2365 1510 bestia
2393 1456 2558 1511 ducto
2589 1455 2830 1522 nomine)
2851 1468 3074 1524 gravem
3122 1452 3660 1521 impurissimamque

2090 1548 2370 1617 exceperit
2398 1548 2649 1602 haeresim
2681 1563 2744 1602 ac
2776 1545 3204 1611 instauraverit;
3243 1554 3296 1598 ut
3342 1544 3480 1598 nihil
3515 1544 3664 1598 illius

2093 1640 2358 1709 impietati
2385 1655 2448 1694 ac
2468 1639 2814 1694 bacehationi
2845 1638 3230 1709 tyrannidique
3257 1653 3321 1692 ac
3345 1636 3558 1706 stupori
3580 1651 3667 1692 εον

2091 1729 2293 1783 ductus
2337 1729 2501 1783 homo
2550 1728 2932 1797 dementisque
2961 1727 3132 1781 animi
3162 1727 3360 1782 cedere
3385 1726 3534 1779 visus
3569 1725 3660 1777 sit.

412 1823 506 1870 νος
534 1808 627 1860 καὶ
683 1809 1058 1881 ματαιόφρωνε
1098 1811 1250 1864 Ἐπεὶ
1297 1809 1389 1866 οῦν
1423 1817 1490 1885 τῇ
1540 1816 1676 1887 αὐτῇ
1711 1818 1991 1888 συσχεθεὶς

2097 1821 2552 1890 Quandoquidem
2579 1820 2729 1876 enim
2758 1820 2952 1874 eodem
2977 1818 3095 1888 ipso
3123 1819 3418 1889 impiorum
3444 1817 3663 1871 illorqu

413 1897 525 1950 τῶν
575 1899 790 1952 ἀσεϐῶν
852 1902 1078 1956 ἐκείνων
1128 1904 1222 1957 καὶ
1267 1905 1629 1977 παλαμναίων
1678 1912 1862 1982 ἀπάτῃ
1894 1913 1985 1964 καὶ

2097 1914 2717 1984 scelestissimorumque
2758 1927 2953 1967 errore
2997 1921 3052 1966 ct
3105 1920 3331 1980 stupore
3385 1919 3667 1978 (estroque

415 1990 771 2060 παραπληξία
797 2008 855 2044 τε
886 1994 979 2046 καὶ
1012 1996 1390 2068 οἰστρηλασία,
1417 1999 1528 2052 τῶν
1551 2001 1616 2054 ἐκ
1641 2002 1986 2072 Μανιχαῖκῆς

419 2079 615 2147 μανίας
662 2083 756 2134 καὶ
821 2083 1167 2156 Ἀρειανικῆς
1225 2087 1425 2158 λύσσης
1468 2090 1836 2161 ὡρμημένων,
1887 2095 1990 2146 πά-

413 2169 498 2222 λιν
521 2171 570 2203 ’⁵
592 2171 829 2243 διωγμὸν
861 2176 956 2228 καὶ
981 2177 1142 2242 αὐτὸς
1169 2181 1306 2232 κατὰ
1327 2180 1427 2249 τῆς
1470 2181 1794 2252 Ἐκκλησίας
1810 2184 1987 2238 ὡσαύ-

414 2280 522 2326 τως
542 2267 936 2321 ἐπανετείνετο.

488 2350 548 2410 δ’.
579 2355 764 2427 Τούτῳ
793 2359 838 2389 ’⁸
870 2359 947 2429 τῷ
973 2360 1208 2431 μισοθέῳ
1237 2362 1439 2432 μᾶλλον
1474 2367 1648 2422 εἰπεῖν
1677 2366 1710 2437 ἢ
1746 2367 2000 2439 Θεοφίλῳ.

416 2448 730 2517 προσέφυγε
769 2449 1038 2518 Θεόφοϐος
1074 2453 1102 2504 6
1136 2453 1354 2524 Πέρσης
1389 2455 1505 2525 ἃμα
1543 2456 1622 2526 τῷ
1676 2459 1847 2526 πατρὶ
1890 2460 1991 2512 αὐ-

416 2536 533 2601 τοῦ,
571 2540 711 2606 μετὰ
761 2539 988 2608 Περσῶν
1034 2542 1268 2610 χιλιάδες
1317 2545 1738 2619 δεκατέσσαρες,
1785 2548 1877 2610 οὒς
1910 2552 1990 2604 δι-

417 2632 632 2699 ένειμεν
659 2634 718 2683 ἐν
753 2635 868 2696 τοῖς
900 2633 1098 2702 θέμασι
1135 2637 1567 2708 κατασκηνώσας
1604 2641 1699 2694 καὶ
1733 2642 1811 2704 είς
1837 2643 1993 2714 τούρι

420 2739 528 2789 μας
581 2723 1072 2794 ἀποκαταστήσας,
1121 2727 1176 2779 αἲ
1233 2727 1394 2798 μέχρι
1451 2731 1545 2782 τοῦ
1597 2729 1692 2784 νῦν
1747 2731 1992 2800 λέγονται

417 2811 656 2881 τοῦρμαι
699 2814 959 2885 Περσῶν·
1006 2817 1167 2871 αὑτὸν
1199 2818 1255 2870 δὲ
1314 2819 1404 2872 τὸν
1436 2821 1705 2891 Θεόφοϐον
1735 2822 1820 2894 [Ρ.
1867 2824 1992 2895 516]

419 2902 502 2966 είς
547 2903 780 2976 ἀδελφὴν
830 2906 1110 2979 Θεοδώρας
1149 2910 1468 2982 Αὐγούστης
1507 2913 1757 2983 γαμϐρὸν
1807 2916 1995 2985 ἐποιή-

422 3008 574 3050 cato.

500 3261 563 3317 ε’.
600 3264 933 3336 Φιλὸκοσμος
951 3267 1006 3320 δὲ
1029 3268 1103 3321 ὦν
1120 3271 1147 3322 6
1168 3271 1326 3334 αὐτὸς
1348 3272 1604 3340 Θεόφιλος
1627 3274 1996 3330 κατεσκεύασε

423 3356 513 3409 διὰ
560 3355 654 3409 τοῦ
692 3357 950 3429 ἄρχοντος
988 3361 1082 3414 τοῦ
1158 3365 1452 3434 χρυσοχόου
1497 3366 1828 3434 λογιωτάτου
1856 3369 1996 3423 πάνυ

422 3448 574 3511 ὄντος
612 3450 704 3502 καὶ
762 3452 1054 3519 συγγενοῦς
1105 3455 1390 3508 ’Λντωνίου
1442 3459 1781 3530 πατριάρχου
1832 3461 1894 3513 τό
1940 3479 1997 3514 τε

426 3539 837 3611 Πενταπύργιον
880 3544 974 3597 καὶ
1007 3544 1072 3597 τά
1097 3545 1189 3598 δύο
1221 3548 1452 3615 μέγιστα
1473 3547 1682 3619 ὄργανα
1707 3551 1993 3622 ὁλόχρυσα,

425 3632 703 3701 διαφόροις
749 3633 918 3698 λίθοις
951 3637 1045 3688 καί⁷
1095 3637 1260 3699 ὲλίοις
1292 3637 1558 3703 καλλύνας
1588 3641 1748 3706 αὐτὰ,
1785 3643 1996 3714 δένδρον

423 3724 479 3778 δὲ
507 3725 763 3795 χρυσοῦν,
809 3728 868 3780 ὲν
902 3721 946 3796 ᾧ
992 3730 1243 3800 στρουθοὶ
1276 3731 1593 3802 ἐφεζόμενοι
1633 3733 1720 3786 διὰ
1752 3735 1998 3804 μηχανῆς

425 3833 567 3880 τινος
601 3819 877 3886 μουσικῶς
905 3820 1211 3875 ἐκελάδουν.
1246 3822 1666 3894 Ἑκαινούργησε
1701 3825 1872 3878 δὲκαὶ
1901 3827 1997 3888 τας

433 3908 714 3975 βασιλικάς
755 3911 947 3974 στολὰς
976 3913 1004 3963 6
1051 3911 1331 3980 βασιλεὺς,
1374 3915 1686 3978 ἀνανεώσας
1733 3915 1824 3968 καὶ
1862 3934 1996 3986 χρυ-

438 4001 761 4069 σοῡφάντους
793 4004 1206 4068 κατασκευάσας
1245 4005 1371 4069 τοὺς
1421 4006 1748 4077 λεγομένους
1791 4006 1997 4076 λώρους

433 4094 523 4146 καὶ
548 4095 619 4148 τὰ
651 4095 816 4148 λοιπά
847 4097 1046 4152 πάντα.

501 4269 577 4334 ς’.
628 4271 990 4342 Δικαιοσύνην
1035 4289 1093 4326 τε
1145 4271 1413 4342 κοσμικὴν
1464 4272 1928 4342 προσποιούμενος
1972 4276 1998 4325 6

428 4365 528 4430 τὴν
556 4363 737 4417 πίστιν
765 4365 859 4416 καὶ
879 4363 975 4435 τὴν
1000 4365 1281 4418 εὐσέϐειαν
1307 4365 1469 4418 πλέον
1497 4365 1637 4436 ὑπὲρ
1663 4365 1786 4428 τοὺς
1810 4365 2000 4436 πρώην

2093 2007 2404 2070 tenebatur,
2444 2021 2511 2060 ex
2545 2005 2884 2059 Manichaico
2909 2004 3045 2058 ortis
3073 2002 3264 2058 lurore
3302 2001 3668 2069 Ariauieaque

2093 2098 2264 2164 rabie,
2308 2097 2758 2167 persecutionem
2804 2097 2922 2166 ipse
2948 2107 3168 2165 quoque
3210 2092 3331 2163 pari
3369 2093 3588 2148 ratione
3611 2093 3665 2146 iu

2092 2190 2390 2246 Eeelesiam
2408 2189 2666 2246 intendit.

2167 2367 2335 2438 793.
2368 2369 2418 2422 4'.
2478 2367 2617 2421 Huic
2662 2366 3025 2437 (Misotheutu
3074 2365 3258 2432 potius
3307 2363 3520 2423 dicam,
3571 2361 3677 2415 Dei

2095 2477 2345 2525 osorem,
2389 2476 2553 2529 quam
2597 2460 2744 2528 quod
2779 2460 3118 2514 contrarium
3168 2466 3352 2518 sonat,
3389 2453 3668 2522 Theophi‘

2095 2555 2240 2623 lum)
2272 2551 2649 2621 Thcophobus
2695 2551 2859 2606 Persa
2895 2566 3002 2604 una
3049 2564 3174 2604 eum
3222 2555 3374 2617 patre
3409 2543 3674 2614 profugus

2096 2643 2346 2708 accessit,
2398 2658 2524 2698 cum
2579 2641 2999 2711 quatuordceim
3056 2641 3346 2694 Persarum
3406 2635 3668 2688 millibus.

2098 2735 2393 2803 Susceptos
2451 2733 2542 2787 ille
2581 2732 2902 2796 distribuit,
2951 2732 3218 2800 sedesque
3282 2743 3379 2798 per
3433 2727 3674 2780 themata

2097 2824 2531 2895 provincialibus
2583 2823 2842 2892 adlegcns
2905 2821 3201 2892 assignavit
3254 2836 3317 2873 ae
3383 2817 3681 2872 ordinibus

2099 2915 2436 2980 contribuit;
2489 2915 2866 2983 liactenusquc
2909 2929 3108 2968 nomen
3155 2913 3416 2976 retinent,
3448 2928 3512 2966 ac
3547 2913 3674 2966 Per-

2100 3023 2283 3063 sarum
2322 3016 2515 3060 turma:
2563 3005 2817 3060 audiunt.
2855 3005 3035 3073 Ipsum
3084 3021 3216 3060 vero
3248 3003 3670 3072 Theophobum,

2101 3094 2224 3148 data
2288 3093 2474 3148 uxoris
2530 3109 2719 3148 sorore
2785 3093 2838 3146 in
2900 3094 3220 3164 conjugcm,
3280 3092 3383 3148 sibi
3455 3090 3672 3146 alI‘mem

2103 3187 2251 3242 fecit.

2173 3281 2226 3335 5.
2261 3281 2398 3336 Cum
2428 3287 2654 3335 ornatus
2704 3278 3094 3350 elegantiatque
3120 3293 3308 3332 amans
3343 3286 3490 3332 esset
3530 3277 3685 3331 idem.

2103 3372 2464 3441 Theophilus,
2493 3386 2592 3441 per
2629 3371 2927 3425 aurilicina:
2957 3369 3286 3439 principem,
3312 3370 3494 3424 virum
3527 3381 3677 3422 sum-

2103 3481 2190 3518 me
2218 3463 2500 3518 eruditum
2527 3472 2691 3532 atque
2708 3462 2966 3517 solertem
2994 3461 3326 3530 Antoniique
3349 3460 3676 3530 patriarcha:

2105 3551 2494 3622 pr0pinquum,
2518 3549 2944 3622 Pentapyrgium
2977 3552 3122 3619 quod
3149 3559 3344 3605 vocant
3379 3548 3677 3604 fabricatus

2102 3649 2204 3704 cst,
2237 3638 2456 3709 duoque
2506 3639 2741 3693 maxima
2780 3653 2982 3708 organa
3031 3653 3167 3692 auro
3202 3639 3399 3702 solida,
3442 3637 3678 3692 diversis

2103 3731 2303 3801 lapillis
2347 3731 2618 3801 tortisque
2647 3739 2862 3786 ornata.
2887 3729 3128 3784 Auream
3155 3729 3286 3784 item
3309 3729 3584 3790 arborem,
3621 3728 3676 3781 in

2103 3839 2210 3891 qua
2234 3821 2538 3876 insidentes
2573 3821 2802 3876 avicula:
2823 3837 2890 3875 ex
2911 3821 3146 3890 quadam
3183 3821 3435 3874 machina
3470 3821 3679 3875 musice

2103 3911 2477 3966 cantillabant.
2520 3909 2628 3966 Sed
2678 3919 2735 3964 et
2785 3910 3097 3979 imperiales
3134 3919 3314 3965 vestes
3349 3919 3406 3964 et
3451 3911 3678 3978 paluda-

2104 4011 2287 4056 menta
2346 4001 2677 4055 instauravit
2722 4002 3040 4069 imperator,
3103 4016 3376 4056 reuovaus
3429 4017 3678 4070 auroque

2103 4100 2247 4146 texta
2290 4091 2567 4145 fabricatis
2616 4108 2738 4160 qua:
2781 4100 2976 4145 vocant
3021 4091 3139 4146 lora
3187 4107 3253 4146 ac
3301 4091 3509 4160 reliqua
3553 4107 3674 4145 om-

2103 4183 2217 4238 uia.

2171 4277 2224 4331 6.
2256 4276 2553 4339 Justitiam,
2583 4291 2704 4344 quae
2731 4275 2914 4330 sateuli
2949 4290 3047 4328 usu
3091 4284 3196 4334 est,
3237 4283 3559 4344 praetexens,
3591 4274 3679 4327 vir

2105 4366 2314 4420 scilicet
2335 4366 2429 4435 qui
2455 4364 2616 4420 ﬁdem
2643 4379 2708 4418 ac
2737 4365 2995 4434 pietatem
3022 4379 3189 4434 supra
3215 4379 3312 4420 eos
3339 4365 3432 4433 qui
3465 4365 3676 4434 pridem

430 4441 852 4524 βασιλεύσαντας
900 4457 1182 4526 ἀδικήσας,
1247 4455 1648 4527 προσελθούσης
1693 4455 1842 4527 αὐτῷ
1898 4474 1992 4524 γυο·

2104 4456 2396 4526 imperium
2434 4465 2725 4512 tenuerant
2767 4456 2958 4526 majori
3006 4456 3204 4526 injuria
3249 4456 3467 4522 laeserit,
3520 4472 3679 4511 acce-

429 4549 612 4612 ναικδς
657 4550 834 4620 χήρας
880 4550 939 4601 ἐν
996 4548 1327 4618 Βλαχέρναις
1383 4549 1540 4616 (ἔθος
1569 4549 1678 4619 γὰρ
1723 4543 1792 4618 ἦν
1851 4549 2000 4620 αὐτῷ

430 4645 608 4696 ἐκεῖσε
643 4641 1007 4715 ἀπέρχεσθαι)
1043 4643 1135 4696 καὶ
1177 4643 1450 4712 βοησάσης
1476 4643 1550 4704 ὡς
1575 4641 1812 4695 ἀδικοῖτο
1853 4643 2001 4712 παρὰ

432 4734 526 4787 τοῦ
560 4735 658 4804 τῆς
703 4735 1022 4804 Αὐγούστης
1067 4732 1296 4801 ἀδελφοῦ
1337 4733 1599 4801 Πετρωνᾶ
1638 4734 1999 4804 δρουγγαρίου

431 4825 528 4896 τῆς
564 4825 755 4897 βίγλης
779 4825 931 4889 ὄντος
954 4843 969 4858 ο
1013 4824 1194 4893 ’Υψοῖ
1217 4823 1328 4894 γὰρ
1355 4823 1425 4876 τὰ
1461 4822 1678 4877 ἑαυτοῦ
1713 4824 2002 4892 οίκήματιι

430 4918 555 4983 τοῖς
587 4921 914 4988 κτίσμασιν
942 4912 1030 4985 olm}
1060 4916 1422 4985 καινουργεῆ
1454 4914 1554 4968 καὶ
1598 4915 1671 4968 τὰ
1705 4914 1818 4984 ἐμὰ
1853 4931 2000 4969 σκο-

429 5009 567 5072 τίζει
616 5013 713 5067 καὶ
770 5015 857 5078 εις
907 5011 1212 5078 τὸ.ιιηδὲν
1255 5005 1408 5064 εἶναι
1449 5007 1625 5071 ποιεῖ,
1665 5007 1768 5062 ἅτε
1816 5006 2003 5075 χήρας

429 5108 624 5174 οὔσης
658 5108 1289 5178 καταπεφρονημένης.
1319 5106 1430 5161 Καὶ
1464 5105 1709 5176 παρευθὺ
1744 5105 2002 5160 ἀπέστει-

429 5202 524 5254 λεν
565 5202 864 5255 Εὑστάθιον
903 5202 1201 5271 κυαίστορα
1250 5199 1482 5268 ἐπίκλην
1519 5197 1799 5268 Μοναχὺν,
1848 5198 1907 5249 ἐν
1936 5201 2000 5268 τῇ

446 5292 628 5365 Ὀζείᾳ
658 5291 932 5361 οἰκοῦντα,
981 5294 1078 5347 σὺν
1115 5293 1302 5348 Λέοντι
1334 5291 1412 5345 τῶ
1455 5291 1746 5361 Συμϐατίῳ
1777 5291 1871 5345 καὶ
1901 5293 2004 5360 Δη-

2106 4549 2268 4603 dcntc
2305 4548 2373 4602 ad
2405 4563 2530 4601 eum
2565 4547 2798 4601 muliere
2826 4547 2990 4601 vidua
3028 4547 3082 4600 in
3133 4547 3452 4602 Blacheruis
3486 4546 3681 4617 (moris

2105 4641 2252 4695 enim
2289 4639 2364 4693 illi
2390 4649 2512 4692 erat
2552 4654 2620 4692 eo
2657 4637 2954 4707 proﬁcisci)
2984 4653 3049 4693 ac
3083 4637 3354 4694 clamante
3387 4639 3584 4709 injuria
3621 4655 3682 4695 se

2106 4731 2244 4788 allici
2279 4747 2308 4784 a
2339 4731 2572 4784 Petroua
2612 4729 2868 4798 Augustze
2904 4727 3092 4795 fratre,
3121 4729 3478 4784 excubiarum
3504 4728 3680 4782 drun~

2107 4828 2297 4899 gario:
2342 4824 2566 4878 Exultat
2602 4825 2740 4877 enim
2775 4823 2911 4876 uades
2950 4839 3077 4876 suas
3109 4824 3254 4875 novis
3283 4822 3539 4888 aediﬁciis,
3563 4838 3682 4890 qua:

2107 4917 2350 4981 molitur,
2385 4916 2612 4985 meisque
2651 4913 2892 4966 tenebras
2933 4913 3160 4976 obducit,
3191 4921 3247 4964 ut
3261 4913 3383 4982 jam
3420 4913 3545 4985 mihi
3564 4915 3683 4965 iuu-

2109 5011 2224 5064 tiles
2256 5007 2421 5079 794
2450 5008 2636 5077 faciat,
2668 5005 2859 5076 quippe
2886 5019 3004 5074 qua:
3033 5011 3330 5072 contempta
3372 5003 3529 5058 vidua
3555 5005 3678 5058 sim.

2106 5103 2478 5168 Actutumquc
2536 5097 2886 5153 Eustathium
2931 5102 3258 5165 quazstorem
3317 5105 3682 5163 cognomento

2107 5193 2458 5256 Monachum,
2484 5192 2539 5246 in
2558 5190 2684 5246 Osia
2705 5189 3016 5260 degentem,
3041 5202 3168 5242 cum
3193 5186 3374 5240 Leone
3398 5186 3682 5257 Symbatio

2109 5293 2166 5338 et
2187 5283 2464 5339 Demetrio
2483 5281 2804 5339 Camuliano
2825 5279 2994 5335 mittit
3017 5279 3361 5348 inspecturos
3380 5293 3512 5335 num
3539 5294 3680 5333 nova

1699 5464 1934 5521 VARUE
1970 5462 2380 5520 LECTIONES.

503 5647 548 5680 "’
583 5647 970 5717 ᾐχμαλωτίσθη
1027 5648 1119 5717 καὶ
1165 5644 1778 5717 ἀνῃρέθηΧρισ-ιιανιῖῳ
1828 5642 2048 5717 πλῆθος
2080 5644 2340 5717 ἄπειρον..
2382 5641 2474 5717 καὶ

2524 5641 2555 5722 ᾖ
2594 5638 2746 5700 πόλις
2809 5636 3018 5722 ἐκκαύθη
3057 5638 3150 5691 καὶ
3195 5636 3582 5722 κἀτηρειπιὶδθη
3614 5637 3676 5722 C‘.

432 5719 481 5752 ⁸⁸
515 5704 758 5771 ἁλλῖιῖ-
793 5704 1104 5785 Κυκλάδας]
1141 5704 1348 5768 ἐαυτὶὒν
1377 5704 1685 5785 ἐξελθόντες
1709 5715 1802 5776 τὰς
1841 5704 2136 5785 Κυκλάδων
2160 5704 2247 5785 Ρξ⁸
2297 5713 2354 5785 ⁸⁸-
2375 5704 2713 5785 ἀγριιξὲτατον
2743 5708 2836 5785 καὶ
2857 5704 3278 5785 δρεμύτατον-(Σ.
3315 5704 3541 5760 omissis
3575 5704 3680 5785 νκέὶ

436 5790 665 5891 χειμών.
765 5790 812 5820 νο
833 5789 861 5840 6
881 5787 1037 5850 ἄθεος
1071 5789 1146 5848 ὡς
1177 5801 1286 5840 om.
1307 5785 1369 5839 Ο.

467 5861 485 5890 ι
520 5859 729 5891 ευριπ..
756 5856 795 5891 ι)
894 5859 940 5890 an
975 5856 1310 5891 ;.η..,....δ.,,.μ.
1342 5871 1369 5891 ιιι

467 5853 485 5890 ⁸
519 5853 729 5912 ἐκείνου
756 5856 816 5914 Ρ.
894 5859 940 5890 ³⁵
975 5856 1310 5928 ὁρμωμένων
1342 5853 1506 5908 πάλαι
1535 5854 1594 5909 C.

1468 5785 1511 5816 ⁹¹
1543 5785 1636 5837 καὶ
1659 5783 2006 5853 θηριωνύμου
2038 5784 2099 5837 Ρ.

1702 5848 1746 5885 ⁸³⁷⁸
1778 5848 1961 5924 Τούτῳ
1999 5885 2062 5895 ν-
2086 5853 2455 5921 ἐπιφοιτήσεις
2479 5891 2491 5912 ,
2526 5865 2675 5903 num.
2712 5850 2775 5901 lli
2809 5848 2926 5912 liu.,
2980 5849 3083 5902 col.
3117 5849 3242 5912 860,
3271 5864 3380 5902 oni.
3437 5848 3500 5901 (ὲ.

2205 5782 2250 5812 ⁹²
2274 5782 2368 5860 καὶ
2411 5775 2904 5860 ἀναδεξάμενόςητε
2927 5779 2990 5832 C.
3051 5849 3063 5860 .
3106 5777 3355 5860 ἰξιῇιττων
3403 5791 3592 5860 margo
3621 5775 3701 5838 P._
