4124 6420
483 423 592 486 855

1745 428 2062 489 GEORGII
2105 430 2447 493 MONACHI

3624 437 3735 501 856

481 537 714 594 aedificia
744 537 924 593 vidum
951 537 1164 593 aedibus
1195 542 1394 607 praeter
1420 535 1511 608 jus
1539 534 1726 606 fasque
1755 535 2054 591 ofﬁcerent.

2163 539 2379 611 μητρίῳ
2405 537 2492 610 τῷ
2515 539 2904 613 Καμουλιανῷ,
2935 541 3061 596 ἰδεῖν
3089 542 3136 596 εί
3167 541 3263 614 τὴν
3295 545 3526 612 γυναῖκα
3555 545 3737 601 ἀδικεῖ

484 629 766 687 Abeuntes
799 631 1009 700 itaque,
1041 630 1268 700 visaque
1309 629 1619 684 istiusmodi
1654 627 1872 698 injuria,
1903 643 2055 682 com-

485 733 754 794 pertoque
781 739 915 777 vera
934 738 1058 778 esse
1078 738 1200 792 quae
1223 737 1254 776 a
1283 722 1514 776 muliere
1541 720 1685 774 dicta
1713 727 1870 774 erant
1891 729 2054 788 atque

484 817 724 887 objecta,
756 832 881 871 cum
919 817 1128 871 reversi
1179 824 1385 879 essent,
1416 813 1733 885 imperatori
1767 812 2053 868 renuntia-

483 917 652 974 runt;
685 908 1081 976 convictusque
1127 907 1196 961 ab
1228 907 1309 962 eis
1347 907 1614 961 Petronas
1642 905 1698 958 in
1731 904 1906 959 oculis
1951 903 2053 956 im-

482 1001 777 1069 peratoris,
813 1001 1074 1056 detractis
1101 999 1365 1062 vestibus,
1388 998 1592 1052 acriter
1618 996 1780 1052 dorso
1805 995 2050 1050 caeditur.

485 1092 763 1146 Statutum
790 1107 924 1146 vero
957 1099 1042 1146 est
1097 1100 1157 1145 ut
1195 1099 1436 1160 quaestor
1479 1097 1899 1158 receptoresque
1931 1103 2057 1157 par-

488 1181 747 1235 ticulares
785 1196 880 1236 seu
928 1180 1206 1245 custodes,
1240 1181 1528 1244 abeuntes,
1574 1179 1692 1234 solo
1722 1186 1883 1233 tenus
1909 1177 2056 1248 ejus-

484 1270 698 1325 cemodi
725 1269 870 1324 aedes
891 1278 1152 1325 eruerent
1188 1277 1246 1323 et
1269 1268 1488 1324 mulieri
1517 1268 1813 1323 traderent.

551 1449 603 1502 7.
635 1449 882 1502 Alexium
929 1449 1250 1502 Armenium
1292 1456 1655 1518 cognomento
1697 1446 1922 1509 Musele,
1973 1444 2053 1497 vi-

479 1556 602 1596 rum
627 1540 754 1595 forti
783 1540 982 1595 robore
1012 1555 1075 1594 ac
1100 1548 1410 1604 strenuum,
1437 1540 1613 1593 locata
1644 1537 1696 1592 ei
1725 1537 1893 1591 Maria
1913 1552 2054 1605 pra:-

480 1635 678 1690 dilecta
711 1635 822 1690 tilia
858 1635 912 1690 in
947 1650 1210 1706 generum
1240 1635 1493 1698 ascitum,
1529 1633 1822 1703 patricium
1849 1631 2056 1687 creavit

479 1742 544 1781 ac
565 1726 720 1780 brevi
761 1733 886 1796 post
916 1727 1084 1780 etiam
1127 1727 1470 1796 magistrum.
1518 1724 1872 1780 Postmodum
1899 1738 2051 1788 vero,

479 1821 628 1893 quod
671 1821 724 1875 in
775 1819 1146 1889 ειιερίοῑοηεῐη
1177 1827 1403 1873 venerat
1441 1817 1679 1874 affectati
1724 1816 1965 1889 imperii,
1998 1822 2054 1869 et

483 1911 642 1984 quasi
682 1912 740 1965 in
773 1912 950 1982 ipsum
1006 1909 1215 1978 aliquid
1249 1910 1564 1974 moliretur,
1592 1908 1914 1978 magistrum
1952 1906 2054 1960 mi-
2081 1893 2129 1952 Β

480 2005 613 2060 litim
648 2002 954 2072 ducemque
983 2001 1184 2056 Siciliae
1216 1999 1534 2070 prmfectum
1567 2012 1682 2053 a-se
1721 1997 2053 2052 amandavit.

479 2097 673 2164 Qualia
717 2110 852 2149 vero
894 2093 1039 2164 parit
1088 2092 1326 2147 invidia!
1377 2091 1549 2147 Siculi
1602 2089 1826 2160 quidam
1865 2104 2056 2144 ascen-

480 2189 676 2244 dentes
725 2187 871 2256 apud
931 2187 1324 2256 imperatorem
1371 2184 1704 2238 calumniam
1749 2181 2054 2245 instruunt,

479 2279 633 2349 quasi
655 2293 735 2330 res
753 2276 1182 2330 Christianorum
1209 2271 1489 2328 Saracenis
1520 2273 1710 2344 prodat
1730 2280 1777 2324 et
1807 2271 2055 2324 adversus

477 2369 856 2440 imperatorem
908 2383 990 2420 res
1039 2380 1203 2419 novas
1241 2362 1512 2416 moliatur.
1554 2363 1702 2417 lnter
1750 2361 1868 2415 haec
1916 2359 2058 2414 vivis

479 2470 734 2531 exempta
756 2461 924 2515 Maria
955 2456 1427 2514 desideratissima
1455 2453 1748 2523 TheOpbili
1775 2453 1910 2518 ﬁlia,
1939 2453 2057 2523 ejus

480 2569 678 2610 urnam
705 2560 930 2623 argento
961 2550 1268 2613 exornavit,
1303 2555 1624 2616 tomumque
1645 2543 1919 2599 libertatis
1955 2559 2055 2613 po-

481 2645 592 2702 suit
619 2661 684 2699 ac
738 2642 1124 2707 immunitatis,
1163 2641 1256 2710 qui
1300 2639 1369 2694 ad
1415 2653 1536 2692 eam
1580 2637 1778 2707 quovis
1823 2636 2055 2691 crimine

483 2737 863 2808 confugerent.
893 2736 1192 2806 Argentum
1227 2741 1414 2802 postea
1453 2729 1564 2784 Leo
1594 2730 1891 2798 imperator
1919 2741 1948 2782 e
1972 2741 2056 2781 se-

483 2830 677 2899 pulcro
715 2828 960 2883 abstulit.

553 2922 606 2976 8.
652 2919 822 2974 Porro
869 2917 1210 2988 TheOphilus
1237 2915 1400 2986 795
1438 2912 1788 2968 Theodorum
1842 2911 2058 2979 episco-

479 3028 632 3084 pum,
659 3011 971 3067 Crithinum
1027 3010 1255 3074 dictum,
1307 3017 1420 3062 tum
1473 3006 1528 3058 in
1564 3003 1701 3058 urbe
1742 3009 2054 3056 versantem

480 3120 608 3160 cum
657 3103 881 3159 Alezius
934 3100 1208 3156 calumnia
1261 3097 1538 3167 appetitus
1588 3102 1693 3159 est,
1743 3104 2052 3156 accersens,

480 3197 790 3267 traditaque
843 3209 1006 3250 cruce
1057 3192 1343 3263 pectorali,
1383 3190 1440 3244 in
1472 3188 1714 3244 Siciliam
1746 3185 1916 3250 misit,
1959 3183 2050 3254 qui
2082 3227 2126 3288 c

474 3291 714 3361 juratam
750 3284 1115 3340 immunitatis
1149 3283 1309 3338 ﬁdem
1354 3280 1546 3335 Alexio
1572 3278 1842 3349 praeberet
1885 3285 1943 3330 et
1986 3275 2054 3330 ad

480 3383 870 3452 imperatorem
922 3378 980 3430 in
1007 3376 1203 3430 urbem
1255 3373 1566 3427 reduceret.
1617 3369 1904 3426 Profectus
1939 3368 2054 3430 ille,

479 3488 546 3529 ac
571 3487 680 3542 qua
727 3468 996 3540 praeditus
1039 3474 1159 3521 erat
1204 3464 1499 3534 prudentia
1531 3462 1848 3533 ingeniique
1900 3474 2055 3530 saga-

480 3564 645 3620 citate
670 3574 934 3632 persuaso
959 3558 1170 3622 Alexio,
1196 3555 1455 3625 dictoque
1489 3555 1539 3610 ei
1572 3555 1852 3616 audiente,
1876 3553 2056 3622 ipsum

481 3655 550 3710 ad
576 3653 968 3722 imperatorem
990 3647 1237 3703 adduxit.
1262 3647 1567 3717 Imperator
1593 3661 1720 3699 mox
1749 3657 2055 3703 reversum.

481 3741 641 3812 quasi
668 3740 921 3794 molitum
957 3735 1302 3809 tyrannidem
1333 3751 1396 3791 ac
1417 3735 1699 3800 rebellem,
1732 3731 2061 3788 verberibus

484 3833 744 3888 affectum
800 3830 1199 3898 vinctumque,
1234 3827 1382 3881 omni
1431 3827 1552 3898 ejus
1598 3825 1873 3896 publicata
1923 3822 2057 3878 sub-

483 3924 710 3988 stantia,
765 3923 819 3977 in
877 3936 1154 3978 carcerem
1191 3919 1482 3990 compegit.
1531 3918 1673 3972 Tum
1733 3916 2059 3972 Theodorus

480 4017 674 4074 Alexio
703 4033 716 4069 :
744 4016 807 4070 In
830 4031 989 4069 causa
1014 4030 1133 4068 sum
1157 4012 1297 4083 quod
1324 4012 1443 4065 dira
1471 4013 1578 4065 hwc
1598 4011 1778 4063 omnia
1809 4007 2056 4079 patiaris.

482 4107 848 4176 Profectoque
899 4120 966 4160 ex
1016 4119 1170 4159 more
1211 4104 1278 4158 ad
1328 4103 1658 4157 Blachernas
1705 4100 2056 4170 imperatore,

482 4197 588 4252 iter
608 4196 725 4266 ipse
745 4209 1043 4263 occupans,
1064 4193 1209 4247 intra
1233 4190 1688 4246 sacritribunalis
1710 4189 1892 4242 locum
1921 4187 2059 4243 stola

482 4288 810 4347 sacerdotali
838 4287 1067 4341 indutus
1089 4285 1262 4349 stetit,
1282 4285 1393 4354 jam
1417 4298 1588 4352 prope
1627 4283 1956 4352 imperatore
1991 4280 2059 4334 ad

482 4382 688 4438 soleam
714 4381 951 4450 stipante
974 4385 1166 4433 senatu
1202 4376 1498 4430 accedente
1517 4373 1840 4429 exclamavit
1866 4388 2060 4443 magna

483 4487 620 4527 voce
660 4470 1159 4537 archiepiscopus:
1199 4466 1441 4530 Intende,
1470 4480 1716 4538 prospere
1756 4465 1975 4536 procede
2010 4473 2059 4516 et

2161 632 2224 684 τὸ
2265 633 2658 704 καινουργηθέν
2707 633 2942 704 οἴκημα⁶
2993 633 3042 688 οἳ
3104 635 3198 688 καὶ
3234 636 3582 700 ἀπελθόντες,
3640 639 3734 690 καὶ

2163 722 2492 793 θεασάμενοι
2517 725 2613 794 τὴν
2647 725 2903 795 τοιαύτην
2949 725 3186 791 ἀδικίαν,
3220 728 3314 780 καὶ
3347 727 3738 796 βεϐαιωθέντες

2162 815 2240 879 ὡς
2275 815 2448 886 ἀληθῆ
2475 817 2582 868 είσι
2616 816 2684 869 τὰ
2719 819 2870 888 παρὰ
2907 817 3008 887 τῆς
3035 820 3291 886 γυναικὸς
3322 819 3576 890 ῥηθέντα,
3607 821 3738 874 ὐπο-

2165 907 2498 977 στρέψαντες
2537 910 2871 981 ἁνήγγειλαν
2908 910 2987 983 τῷ
3035 912 3260 982 βασιλεῖ.
3316 912 3425 966 Kal
3455 912 3543 967 ἐπ’
3580 913 3735 983 ὄψεσι

2162 999 2255 1052 τοῦ
2280 1000 2545 1070 βασιλέως
2576 1001 2851 1071 ἐλεγχθεὶς
2889 1003 3020 1073 παρ’
3049 1002 3229 1055 αὐτῶν
3260 1004 3287 1055 6
3320 1003 3480 1066 αὐτὸς
3512 1004 3736 1072 Πετρω·

2162 1092 2279 1156 νᾶς,
2316 1091 2563 1155 ἐκδυθεὶς
2586 1093 2642 1146 ἐν
2671 1093 2749 1164 τῷ
2775 1093 2922 1163 μέσῳ
2951 1094 3051 1164 τῆς
3080 1093 3200 1146 ὀδοῦ
3224 1093 3482 1148 τύπτεται
3505 1096 3572 1149 τὰ
3590 1096 3739 1151 νῶτα

2164 1183 2427 1253 σφοδρῶς.
2464 1183 2687 1254 Ὦρίσθη
2718 1184 2774 1237 δὲ
2810 1185 2836 1238 ὅ
2876 1201 2934 1236 τε
2969 1185 3247 1255 κυαίστωρ
3275 1185 3369 1237 καὶ
3396 1186 3445 1238 oi
3477 1186 3737 1256 ἀντιγρα-

2162 1279 2283 1346 ipsi;
2309 1275 2567 1329 ἀπελθεῖν
2591 1276 2684 1329 καὶ
2714 1278 2777 1329 ἐκ
2805 1275 3068 1346 θεμελίων
3095 1276 3386 1347 ἐκδαφίσαι
3411 1279 3478 1332 τὰ
3511 1279 3736 1333 τοιαῦτα

2163 1368 2574 1437 οἰκοδομήματα
2603 1369 2696 1420 καὶ
2726 1369 2791 1438 τῇ
2815 1367 3039 1434 γυναικὶ
3067 1369 3422 1439 παραδοῦναι.

2233 1463 2296 1526 ζ’.
2329 1455 2498 1521 Οὗτος
2529 1459 2770 1524 Ἀλέξιον
2802 1461 2894 1514 τὸν
2927 1459 3234 1532 Ἀρμένιον,
3269 1453 3313 1529 ᾧ
3345 1461 3578 1533 ἐπίκλην
3609 1464 3743 1516 Μω-

2165 1549 2331 1622 σηλέ,
2378 1550 2625 1620 ἀνδρεῖον
2680 1549 2810 1603 ὄντα
2873 1549 2969 1603 καὶ
3019 1549 3303 1620 ῥωμαλέον
3357 1552 3736 1621 εἰσεποιήσατο

2161 1641 2409 1713 γαμϐρὸν
2439 1643 2519 1704 είς
2568 1642 2785 1712 Μαρίαν
2824 1640 2921 1712 τὴν
2966 1641 3333 1713 ἠγαπημένην
3371 1639 3521 1712 αὑτῷ
3562 1641 3734 1709 θυγα-

2159 1732 2314 1802 τέρα,
2359 1732 2591 1802 ποιήσας
2631 1731 2791 1784 αὑτδν
2821 1730 3133 1802 πατρίκιον,
3165 1733 3280 1802 μετ’
3324 1730 3504 1800 ὀλίγον
3545 1731 3600 1785 δὲ
3639 1731 3735 1785 καὶ

2166 1822 2488 1893 μάγιστρον.
2517 1818 2650 1874 Εἶτα
2689 1820 2989 1892 ὑπολήψεις
3013 1821 3163 1886 τινας
3192 1823 3276 1874 ἐπ’
3307 1821 3452 1892 αὐτῷ
3487 1821 3630 1892 σχὼν
3658 1822 3734 1886 ὡς

2156 1910 2464 1981 ὀρεγομένῳ
2489 1910 2589 1978 τῆς
2635 1909 2932 1980 βασιλείας,
2980 1910 3358 1982 στρατηλάτην
3394 1913 3490 1966 καὶ
3535 1911 3738 1966 δοῦκαν

2156 2005 2254 2074 τῆς
2288 2003 2538 2067 Σικελίας
2586 2004 2916 2075 ἐξέπεμψεν.
2966 1997 3067 2056 Οἷα
3097 2002 3152 2055 δὲ
3198 2003 3392 2072 φθόνου
3427 2003 3730 2067 ὠδίνοντος,

2157 2089 2365 2143 Σικελοί
2417 2107 2562 2155 τινες
2598 2091 2910 2154 ἀνελθόντες
2942 2091 3219 2144 διέϐαλλον
3266 2092 3454 2146 τοῦτον
3499 2093 3729 2163 βασιλεῖ,

2156 2182 2232 2246 ὠς
2261 2183 2338 2236 Τὰ
2381 2182 2500 2251 μὲν
2542 2181 2660 2235 τῶν
2691 2180 3064 2250 Χριστιανῶν
3108 2184 3479 2251 Σαρακηνοῖς
3523 2185 3730 2253 προδί-

2156 2274 2327 2340 δωσι,
2366 2274 2518 2328 κατὰ
2541 2275 2610 2327 δὲ
2646 2275 2757 2344 τῆς
2784 2277 3109 2343 βασιλείας
3136 2292 3254 2330 σου
3281 2276 3520 2346 μελετᾷ.
3565 2278 3650 2331 Ἐν
3673 2278 3730 2330 δὲ

2155 2365 2234 2436 τῷ
2257 2364 2462 2437 μεταξὺ
2501 2365 2827 2436 τεθνηκυίας
2855 2365 3073 2438 Μαρίας
3109 2367 3207 2437 τῆς
3243 2367 3630 2438 πεποθημένης
3654 2367 3739 2440 τῷ

2159 2456 2371 2529 βασιλεῖ
2399 2456 2692 2528 θυγατρὸς,
2721 2457 2820 2527 τὴν
2849 2457 2948 2528 μὲν
2980 2458 3224 2528 λάρνακα
3258 2457 3342 2531 [Ρ.
3367 2459 3494 2532 517]
3527 2461 3731 2533 ταύτης

2156 2551 2216 2617 ἐξ
2258 2550 2503 2623 ἀργύρου
2540 2551 2840 2624 ἐκόσμησε,
2883 2552 2977 2606 καὶ
3032 2554 3198 2624 τόμον
3252 2553 3566 2625 ἐλευθερίας
3617 2556 3732 2618 τοῖς

2157 2644 2594 2715 προσφεύγουσιν
2634 2645 2720 2696 ἐπ’
2754 2645 3060 2716 ἐγκλήματι
3104 2664 3211 2699 τινι
3252 2646 3530 2700 τέθεικενο
3564 2647 3738 2718 ὅνπερ

2155 2736 2397 2807 ἄργυρον
2446 2736 2584 2808 μετὰ
2611 2736 2784 2790 ταῦτα
2833 2737 2986 2791 Λέων
3016 2739 3044 2792 6
3092 2736 3341 2808 βασιλεὺς
3375 2738 3616 2792 ἀνείλετο
3666 2739 3734 2792 ἐκ

2154 2828 2250 2882 τοῦ
2279 2829 2473 2896 τάφου.

2222 2926 2296 2989 η’.
2371 2921 2428 2974 '0
2485 2920 2541 2972 δὲ
2608 2919 2867 2989 Θεόφιλος
2937 2921 3212 2992 Θεόδωρον
3285 2925 3376 2976 τὸν
3439 2923 3734 2976 ἐπίσκοπον

2155 3010 2246 3062 τδν
2291 3009 2582 3079 λεγόμενον
2629 3010 2888 3080 Κρίθινον
2939 3014 2996 3064 ἐν
3027 3013 3104 3083 τῷ
3159 3013 3340 3084 καιρῷ
3388 3015 3487 3085 τῆς
3541 3014 3732 3068 διαϐο-

2155 3100 2254 3172 λῆς
2319 3101 2557 3167 ’Δλεξίου
2621 3103 2680 3155 ἐν
2732 3106 2796 3172 τῇ
2849 3103 3000 3156 πόλει
3059 3105 3292 3175 τυχόντα
3359 3107 3738 3176 προσκαλεσά-

2160 3211 2359 3259 μενος,
2412 3196 2505 3246 καὶ
2545 3194 2670 3257 δοὺς
2706 3196 2765 3247 τὸ
2804 3195 2936 3249 ἴδιον
2991 3197 3282 3266 φυλακτδν,
3313 3199 3632 3253 ἀπέστειλεν
3656 3202 3742 3263 είς

2157 3284 2413 3338 Σικελίαν
2475 3284 2660 3338 δοῦναι
2701 3285 2858 3354 λόγον
2913 3287 3182 3353 ἀπαθείας
3230 3290 3307 3359 τῷ
3370 3290 3593 3362 Ἀλεξίῳ
3641 3291 3744 3345 καὶ

2159 3373 2392 3446 ἀγαγεῖν
2421 3377 2480 3430 ἐν
2507 3380 2571 3450 τῇ
2615 3378 2766 3432 πόλει
2801 3381 2937 3449 πρὸς
2969 3381 3154 3436 αὐτόν.
3195 3383 3254 3436 '0
3287 3382 3344 3437 δέ
3369 3384 3617 3437 ἀπελθὼν
3641 3387 3740 3438 καὶ

2157 3471 2226 3541 τῇ
2263 3470 2544 3544 προσούσῃ
2575 3471 2721 3543 αὑτῷ
2781 3474 2993 3526 συνέσει
3028 3475 3224 3539 πείσας
3277 3475 3516 3543 Ἀλέξιον
3560 3477 3738 3549 ἤγαγε

2159 3561 2297 3633 πρὸς
2319 3563 2412 3616 τὸν
2453 3563 2697 3633 βασιλέα.
2733 3563 2831 3618 ⁸ον
2867 3565 2894 3618 6
2925 3563 3180 3636 βασιλεὺς
3212 3567 3288 3631 ὼς
3328 3569 3602 3638 ἀντάρτην
3643 3569 3735 3623 τύ-

2157 3654 2266 3725 ψας
2292 3655 2445 3709 ἐθετο
2481 3657 2537 3710 ἐν
2567 3655 2643 3728 τῷ
2685 3655 3069 3730 δεσμωτηρίῳ,
3117 3659 3396 3730 δημεύσας
3431 3663 3609 3715 πᾶσαν
3639 3660 3745 3730 τὴν

2162 3747 2502 3818 περιουσίαν.
2527 3787 2543 3803 .
2565 3787 2579 3802 .
2607 3785 2620 3800 .
2644 3789 2657 3805 .
2703 3746 2970 3818 ἀνέθηκεν
3044 3748 3266 3821 ’Δλεξίῳ
3298 3750 3488 3816 είπὼν,
3537 3753 3616 3806 ὅτι
3654 3749 3732 3804 Δι’

2160 3839 2308 3907 ἐμοῦ
2345 3838 2542 3892 πάντα
2561 3839 2868 3905 πέπονθας
2905 3840 2978 3894 τὰ
3004 3839 3191 3895 δεινά.
3228 3843 3338 3896 Καὶ
3357 3843 3448 3896 τοῦ
3476 3843 3734 3914 βασιλέως

2164 3931 2303 3983 κατά
2332 3929 2390 3981 τὸ
2439 3929 2560 3993 ἔθος
2608 3931 2689 3994 είς
2721 3930 3034 4001 Βλαχέρνας
3078 3932 3406 3998 ἀπελθόντος
3451 3935 3740 4006 προλαϐὼν

2163 4023 2292 4093 ἔστη
2325 4021 2538 4076 ἔνδοθεν
2593 4023 2687 4077 τοῦ
2745 4021 3133 4094 θυσιαστηρίου
3189 4026 3218 4080 ὀ
3275 4027 3740 4097 ἀρχιεπίσκοπος,

2165 4113 2446 4184 ἱερατικὴν
2492 4114 2686 4184 στολὴν
2729 4115 3139 4184 ἠμφιεσμένος·
3187 4117 3281 4170 καὶ
3325 4116 3418 4170 τοῦ
3476 4117 3742 4187 βασιλέως

2133 4209 2229 4276 ότῇ
2275 4205 2452 4276 σωλέᾳ
2508 4205 2912 4275 πλησιάσαντος
2960 4207 3076 4276 ἅμα
3131 4210 3196 4278 τῇ
3245 4207 3533 4279 συγκλήτῳ
3589 4213 3738 4279 φωνῇ

2168 4295 2380 4368 μεγάλῃ
2428 4296 2710 4366 ἐφώνησεν
2760 4299 2788 4350 6
2833 4298 3295 4368 ἀρχιεπίσκοπος·
3342 4301 3605 4355 "Errare
3643 4302 3743 4355 καὶ

2165 4387 2495 4443 κατευοδοῦ
2533 4388 2630 4441 καὶ
2667 4389 2969 4453 ,βασίλευε
3005 4390 3214 4445 ἕνεκεν
3261 4394 3447 4460 τινος,
3484 4389 3530 4448 ὧ
3557 4394 3744 4459 ,βασι-

2163 4482 2313 4549 λεῦξ;
2357 4481 2633 4544 Λίδεσθε“ις
2671 4481 2765 4534 οὖν
2795 4484 2823 4534 6
2862 4481 3115 4551 βασιλεὺς
3154 4488 3219 4556 τῇ
3265 4487 3555 4557 συγκλήτῳ
3600 4487 3740 4557 ἔφη.

483 4577 650 4633 regna
674 4571 739 4626 P;
793 4575 1065 4630 quorsum,
1109 4557 1438 4629 imperator?
1473 4556 1567 4611 llle
1607 4564 1860 4611 senatum
1900 4570 2060 4609 reve-

2170 4574 2423 4627 ’Ἕνεκεν
2470 4573 2758 4639 ἀληθείας
2806 4574 2904 4628 καὶ
2967 4577 3304 4644 πραότητος
3362 4556 3470 4632 καί
3520 4556 3741 4632 (Sarano.

485 4653 629 4708 ritus
657 4669 671 4705 :
709 4651 933 4722 Propter
958 4651 1255 4715 ueritatem,
1303 4649 1502 4720 inquit,
1532 4656 1580 4702 et
1609 4647 2067 4702 mansuetudinem

485 4755 538 4801 et
566 4745 856 4816 justitiam.
886 4743 988 4799 Cui
1019 4743 1388 4799 Theodorus:
1428 4743 1752 4814 Eequamam
1799 4756 1920 4796 vero
1973 4750 2065 4794 tua

479 4839 714 4911 justitia,
750 4838 983 4908 quicum
1035 4835 1217 4891 Alexio
1245 4838 1488 4908 juratam
1532 4837 1692 4902 ﬁdem
1728 4850 1822 4906 per
1853 4850 1936 4888 me
1975 4832 2066 4886 de-

485 4929 647 4993 deris,
689 4926 822 4983 nihil
849 4935 1025 4980 tamen
1058 4928 1385 4981 servaveris?
1423 4928 1726 4996 Imperator
1760 4925 2060 4994 reprehen-

486 5023 697 5075 sionem
729 5034 842 5073 non
867 5018 1069 5084 ferens,
1099 5033 1272 5089 eaque
1303 5020 1381 5073 ira
1403 5033 1688 5080 accensus,
1735 5017 1913 5086 ipsum
1941 5016 2062 5069 vio-

485 5111 666 5166 lenter
697 5124 728 5164 e
759 5125 916 5166 sacro
949 5111 1138 5165 altaris
1160 5111 1282 5165 loco
1311 5111 1538 5178 expulit,
1564 5123 1667 5163 uec
1693 5107 2066 5163 mediocribus

485 5202 660 5273 plagis
695 5201 968 5273 impositis
1007 5203 1202 5258 exsilio
1237 5201 1533 5272 relegavit;
1567 5217 1668 5256 nee
1707 5215 1771 5256 ea
1802 5201 2068 5255 duntaxat

488 5295 702 5351 ratione
764 5297 912 5366 quod
947 5297 1015 5350 ab
1057 5309 1124 5350 co
1156 5296 1530 5365 reprehensus
1567 5305 1732 5360 esset,
1789 5294 1882 5349 sed
1919 5294 2064 5364 quod

485 5389 652 5442 etiam
683 5389 868 5445 colere
890 5404 1016 5442 eum
1045 5403 1109 5442 ac
1125 5389 1381 5442 venerari
1412 5403 1597 5442 sacras
1625 5387 1889 5458 imagines
1914 5388 2064 5456 ejus-

485 5494 593 5547 que
620 5479 959 5548 impietatem
995 5480 1284 5535 traducere
1326 5481 1657 5536 inaudierat.
1699 5479 1853 5534 Haud
1891 5481 2065 5534 multo

485 5580 611 5638 post
643 5588 795 5634 vero,
849 5587 976 5626 cum
1030 5573 1331 5642 imperator
1380 5575 1434 5628 in
1464 5575 1711 5645 Magnam
1765 5575 2059 5628 ecclesiam

486 5662 731 5717 venisset
764 5679 828 5718 ac
879 5664 1194 5734 patriarcha
1247 5681 1358 5722 rem
1396 5667 1444 5723 ei
1498 5667 1698 5736 probro
1749 5667 2062 5739 objocissct,

563 5843 586 5878 τ’
616 5834 756 5886 I’sal.
775 5851 916 5899 κων,

2165 4667 2388 4733 σύνης.
2433 4663 2492 4717 Ὀ
2526 4665 2584 4718 δέ
2609 4682 2623 4697 '
2661 4666 2770 4719 Καὶ
2817 4667 2962 4720 ποία
2993 4665 3352 4738 δικαιοσύνη
3375 4670 3446 4723 ἐν
3488 4671 3610 4732 σοὶ,
3652 4670 3743 4723 ὅτι

2163 4756 2310 4823 δοὺς
2370 4756 2724 4824 ὐπόῃοαερον
2765 4758 2954 4827 λόγον
3009 4757 3256 4823 Ἀλεξίῳ
3307 4759 3384 4812 δι’
3418 4756 3566 4825 ἐμοῦ
3629 4759 3742 4809 οὐκ

2162 4844 2476 4914 ἐφύλαξας
2509 4845 2686 4898 τοῦτο
2703 4861 2724 4910 ;
2767 4843 2826 4898 ὐ
2853 4845 2909 4898 δὲ
2939 4845 3198 4915 βασιλεὺς
3225 4845 3299 4907 ὡς
3323 4841 3598 4910 ἐλεγχθεὶς
3626 4840 3742 4893 τοῦ·

2161 4954 2253 4990 τον
2282 4937 2377 4990 τοῦ
2411 4936 2802 5008 θυσιαστηρίου
2835 4936 3024 5006 βιαίως
3067 4936 3357 5005 ἐξήγαγεν,
3393 4933 3490 4986 καὶ
3525 4931 3740 5000 πληγὰς

2167 5028 2317 5099 αὐτῷ
2352 5029 2410 5080 ού
2446 5028 2673 5099 μετρίας
2703 5028 2912 5090 ἐπιθεὶς
2957 5027 3235 5094 ἐξώρισεν,
3265 5025 3324 5076 ού
3367 5025 3453 5078 διὰ
3481 5025 3542 5077 τὸ
3583 5025 3741 5091 ἐλεγ-

2166 5115 2363 5186 χθῆναι
2415 5114 2508 5168 ὑπ’
2568 5116 2733 5168 αὐτοῦ
2784 5115 2966 5186 μόνον,
3002 5114 3136 5166 ἀλλά
3179 5115 3272 5166 καὶ
3309 5114 3398 5167 διὰ
3445 5117 3505 5168 τὸ
3552 5115 3745 5185 μαθεῖν

2166 5207 2326 5260 αὐτὸν
2355 5205 2454 5269 τὰς
2481 5206 2641 5274 ἁγίας
2675 5206 2889 5267 εἰκόνας
2914 5205 3078 5275 τιμᾷν
3111 5205 3202 5257 καὶ
3229 5204 3506 5270 σέϐεσθαι,
3538 5207 3630 5260 καὶ
3646 5207 3744 5278 τὴν

2168 5299 2331 5353 αὑτοῦ
2360 5299 2679 5354 δυσσέϐειαν
2708 5295 3036 5353 διαϐάλλειν.
3069 5297 3205 5350 Μετ’
3236 5297 3296 5349 οὐ
3322 5296 3456 5350 πολὺ
3492 5295 3547 5350 δὲ
3592 5301 3650 5351 ἐν
3678 5301 3745 5368 τῇ

2174 5391 2400 5461 Μεγάλῃ
2456 5389 2726 5459 ἐκκλησίᾳ
2749 5389 3209 5458 παραγινομένου,
3235 5389 3331 5442 καὶ
3361 5389 3455 5442 τοῦ
3478 5390 3752 5462 πατριάρ-

2175 5501 2268 5552 χου
2311 5481 2471 5535 αὑτὸν
2517 5480 2918 5544 ὀνειδίσαντος,
2956 5479 3120 5533 αὐτὸν
3169 5481 3262 5533 τὸν
3318 5481 3750 5551 ἀρχιεπίσκοπον

2174 5577 2351 5645 ἤγαγε
2388 5575 2526 5646 μετὰ
2577 5573 2998 5645 παρακλήσεως.
3030 5573 3136 5626 Τοῦ
3187 5573 3242 5626 δὲ
3293 5574 3509 5640 ἀνάξιον
3559 5573 3750 5626 ἑαυτὸν

2175 5672 2270 5738 τῆς
2310 5667 2609 5740 ἱερωσύνης
2640 5667 2922 5739 κρίναντος
2951 5667 3017 5721 δι’
3045 5667 3080 5722 δι
3119 5667 3406 5733 πέπονθεν,
3431 5670 3457 5721 ὁ
3497 5666 3750 5738 βασιλεὺς
