4124 6422
408 439 509 502 ιτα

1491 436 1688 499 VITZE
1719 433 2271 496 RECENTIORUM
2302 433 2506 494 I-MPP.

3549 423 3657 488 853

406 551 688 621 οἰκονόμον
721 550 816 620 τῆς
847 550 1104 619 Μεγάλης
1139 549 1439 620 ἐκκλησίας
1513 549 1835 621 πεποίηκεν.
1866 549 1977 601 Καὶ

2094 548 2561 617 irchiepiscopum
2589 544 2717 600 l‘aeti
2749 542 2914 615 796
2948 544 3165 598 veniam
3203 550 3397 612 petens
3426 541 3666 596 reduxit.

418 640 655 705 Ἀλέξιον
685 638 777 693 τοῦ
820 639 1200 710 δεσμωτηρίου
1248 640 1525 707 ἐξέϐαλεν,
1560 639 1793 702 ἀποδοὺς
1827 638 1977 708 αὐτῷ

404 733 504 786 καὶ
533 733 716 785 πᾶσαν
760 731 861 803 τὴν
910 731 1230 803 περιουσίαν
1284 731 1473 796 αὐτοῦ,
1521 731 1662 803 ἔχων
1706 730 1870 785 αὐτὸν
1920 733 1981 785 ὲν

403 826 562 895 τιμῇ.

477 1094 542 1146 θ’.
574 1086 685 1143 Ἦν
716 1090 772 1143 δὲ
809 1090 902 1143 καὶ
939 1088 1198 1159 Μανουὴλ
1249 1088 1685 1158 ὀνομαστότατος
1736 1103 1979 1158 στρατη-

404 1185 575 1253 λάτης
606 1185 824 1237 πάντων
847 1183 956 1235 τῶν
988 1184 1044 1235 ὲν
1071 1184 1136 1252 τῇ
1176 1182 1456 1251 Ἀνατολῇ,
1489 1179 1797 1251 τιμώμενος
1831 1180 1981 1248 παρὰ

405 1275 501 1328 τοῦ
528 1274 812 1343 βασιλέως,
833 1266 1000 1335 Οὗτος
1024 1274 1249 1339 Μύρωνι
1273 1269 1564 1340 συμϐαλὼν
1588 1270 1777 1337 λόγους
1804 1269 1977 1332 τινὰς,

407 1365 668 1435 λογοθέτῃ
701 1381 758 1415 τε
791 1364 902 1416 ὄντι
954 1363 1047 1416 τοῦ
1104 1364 1305 1433 δρόμου
1340 1363 1433 1416 καὶ
1465 1362 1716 1433 πενθερῷ
1747 1362 1842 1413 τοῦ
1877 1362 1982 1413 Πε-

408 1453 615 1521 τρωνᾶ,
645 1451 898 1522 διεϐλήθη
930 1451 1007 1521 τῷ
1037 1452 1243 1522 βασιλεῖ
1285 1453 1390 1505 ὑπὸ
1430 1453 1708 1506 Βασιλείου
1742 1452 1981 1522 ὑποϐολῇ

409 1542 678 1611 Μύρωνος
722 1541 808 1614 [Ρ.
849 1542 976 1614 518]
1024 1543 1100 1606 ὡς
1131 1546 1229 1613 τῆς
1283 1543 1558 1613 βασιλείας
1590 1543 1860 1613 ὀρέγεται,
1892 1544 1981 1595 καὶ

411 1633 710 1702 ὲμελετᾶτο
756 1634 905 1689 δεινὰ
941 1636 1061 1687 κατ’
1095 1635 1281 1688 αὐτοῦ.
1339 1637 1488 1688 Λέων
1518 1636 1574 1689 δὲ
1628 1639 1656 1689 ὁ
1706 1635 1983 1705 πρωτοϐε-

413 1727 657 1796 στιὰριος
682 1727 822 1796 ὑπὲρ
852 1726 943 1779 τοῦ
979 1727 1234 1797 Μανουὴλ
1267 1728 1663 1798 προϊστάμενος
1691 1728 1785 1779 καὶ
1820 1744 1987 1795 φρον-

410 1816 574 1881 τίζων
616 1818 990 1872 διεϐεϐαιοῦτο
1035 1819 1114 1890 τῷ
1164 1819 1373 1888 βασιλεῖ
1416 1822 1491 1884 ὡς
1536 1820 1706 1891 ψευδῆ
1760 1823 1868 1873 εἱσι
1916 1819 1985 1873 τὰ

2066 641 2331 708 Cumque
2366 638 2413 692 is
2444 637 2732 707 indignum
2761 652 2819 691 se
2857 634 3170 690 sacerdotio
3196 633 3473 705 judicaret
3502 631 3574 685 ob
3605 647 3671 685 ea

2082 747 2205 803 quae
2240 746 2433 801 passus
2476 738 2614 794 erat,
2658 730 2959 800 imperator
2989 742 3334 784 oeconomum
3392 726 3525 780 fecit
3556 726 3672 778 Ma-

2080 841 2198 895 gna:
2250 822 2518 878 ecclesiae.
2569 821 2822 877 Alexium
2870 834 3091 890 quoque
3137 835 3168 873 c
3207 833 3425 872 carcere
3475 815 3664 885 ejecit.

2082 917 2339 972 restituta
2378 916 2428 971 ei
2456 914 2605 971 omni
2635 914 2815 969 ablata
2847 912 3178 977 substantia,
3206 910 3389 964 virum
3415 908 3470 963 in
3493 906 3699 981 pretio.

2083 1010 2312 1064 habens.

2151 1102 2204 1157 9.
2240 1101 2371 1155 Erat
2396 1114 2526 1155 vero
2552 1100 2717 1153 etiam
2740 1097 2957 1151 Manuel
2983 1097 3125 1151 fama
3155 1090 3495 1147 clarissimus
3526 1090 3672 1144 inter

2082 1209 2275 1250 omnes
2305 1191 2577 1247 Asiaticos
2606 1190 2860 1244 tribunos
2877 1204 2941 1242 ac
2966 1186 3097 1241 belli
3125 1184 3318 1246 duces,
3349 1195 3511 1252 quem
3540 1178 3673 1233 cha-

2084 1302 2207 1342 rum
2239 1286 2540 1355 imperator
2570 1281 2904 1344 haberet.ls,
2945 1277 3221 1335 consertis
3246 1273 3530 1329 nonnullis
3554 1284 3674 1325 ser-

2083 1352 2342 1430 monibus
2383 1389 2507 1428 cum
2543 1372 2763 1443 Myrone
2808 1384 3003 1425 cursus
3059 1365 3271 1437 publici
3305 1364 3584 1434 logotheta
3616 1352 3677 1414 οι

2085 1471 2337 1524 Pctrona:
2372 1482 2588 1530 socero,
2623 1463 2941 1534 imperatori
2970 1478 3001 1515 a
3032 1459 3234 1514 Basilio
3264 1457 3486 1511 delatus
3519 1455 3677 1524 ejus-

2086 1562 2211 1616 dem
2234 1560 2473 1632 Myronis
2503 1557 2877 1629 suggestione,
2905 1555 3059 1608 velut
3089 1553 3183 1622 qui
3214 1549 3506 1620 imperium
3539 1546 3674 1600 ail‘e-

2086 1660 2263 1707 ctaret
2292 1660 2456 1721 atque
2486 1651 2540 1703 in
2562 1664 2689 1703 eum
2725 1647 2865 1701 mala
2897 1644 3206 1699 moliretur.
3236 1642 3349 1695 Leo
3378 1654 3511 1693 vero
3539 1652 3671 1707 pro-

2089 1742 2465 1805 tovestiarius,
2508 1739 2776 1794 Manuelis
2816 1734 3136 1791 defensione
3190 1738 3445 1798 suscepta
3490 1727 3670 1794 deque

2090 1848 2157 1887 eo
2185 1829 2474 1895 sollicitus,
2513 1826 2831 1898 imperatori
2865 1822 3170 1879 aﬂirmabat
3216 1820 3349 1874 falsa
3393 1830 3516 1872 esse
3550 1829 3673 1884 qua:

411 1912 534 1964 κατ’
562 1911 729 1964 αὑτοῦ
760 1913 1046 1982 λεγόμενα.
1093 1914 1159 1965 ’Ἀ
1198 1913 1385 1982 μαθὼν
1431 1914 1711 1982 Μανουὴλ,
1753 1916 1848 1966 καὶ
1886 1914 1987 1983 τὴν

2094 1923 2160 1977 de
2194 1923 2288 1976 illo
2311 1921 2651 1975 dicerentur.
2694 1917 2907 1984 Quibus
2938 1913 3153 1969 Manuel
3195 1910 3449 1981 cognitis,
3504 1908 3676 1961 iram-

410 2004 582 2074 ὀργὴν
619 2004 712 2056 τοῦ
746 2003 1013 2073 βασιλέως
1047 2006 1141 2057 καὶ
1193 2004 1443 2065 διαϐολὰς
1483 2005 1768 2068 ἐκκλίνων,
1814 2004 1989 2074 λάθρα

409 2096 513 2164 τῆς
552 2096 759 2159 πόλεως
803 2095 1036 2159 ἐξελθὼν
1087 2096 1246 2166 μέχρι
1284 2097 1477 2150 Πυλῶν
1523 2097 1619 2149 καὶ
1663 2100 1774 2159 τοῖς
1822 2097 1991 2165 δημο-

413 2189 551 2251 σίοις
593 2188 867 2257 ὀχήμασιν
924 2189 1122 2251 ἐπιϐὰς
1175 2189 1387 2258 ἀπῆλθε
1435 2189 1616 2257 φυγὰς
1671 2188 1829 2259 μέχρι
1879 2189 1989 2241 τῶν

2090 2029 2197 2084 que
2230 2011 2582 2083 imperatoris
2611 2025 2674 2064 ac
2705 2008 3011 2063 calumnias
3035 2004 3339 2066 declinans,
3364 2001 3505 2055 clam
3538 1998 3676 2052 urbe

2090 2121 2345 2177 egressus
2369 2119 2542 2173 usque
2576 2102 2646 2157 ad
2688 2102 2867 2172 Pylas,
2900 2097 3246 2169 publicisque
3290 2091 3551 2148 curribus
3591 2089 3677 2142 in-

2088 2208 2302 2261 vectus,
2337 2197 2405 2251 ad
2446 2196 2616 2266 Syriae
2661 2208 2835 2263 usque
2869 2193 3119 2245 clusuras
3150 2186 3353 2242 excisis
3399 2196 3675 2252 equorum

412 2279 745 2347 κλεισούρων
780 2279 1003 2348 Συρίας,
1054 2281 1154 2341 τὰς
1202 2279 1311 2332 τῶν
1358 2280 1538 2331 ἵππων
1596 2279 1784 2347 ίγνύας
1833 2281 1989 2334 ὲκκόο

2094 2289 2396 2360 poplitibus
2432 2285 2694 2356 profugit.
2730 2281 3179 2353 Signiﬁcavitque
3228 2278 3344 2331 haec
3389 2272 3673 2343 Agarenis,

413 2391 583 2427 πτων.
636 2372 903 2442 Ἐδήλωσε
930 2390 989 2425 τε
1025 2376 1137 2436 τοῖς
1181 2375 1504 2444 Ἀγαρηνοϊς
1532 2374 1727 2439 ταῦτα,
1767 2375 1843 2439 ὡς
1874 2378 1991 2429 Ba-

411 2462 631 2529 σιλέως
652 2464 840 2531 ὀργὴν
858 2464 1148 2534 ἐκφεύγω,
1184 2465 1283 2519 καὶ
1306 2466 1363 2519 εἴ
1396 2484 1461 2536 γε
1494 2466 1581 2536 μὴ
1617 2468 1991 2537 καταναγκάα

411 2555 564 2623 σητέ
586 2573 663 2624 με
689 2555 805 2622 τὴν
835 2557 1098 2624 ἐμαυτοῦ
1134 2558 1344 2614 πίστιν
1391 2558 1764 2621 καταλιπεῖν,
1801 2576 1990 2628 προσ-

410 2646 612 2713 statim)
642 2646 806 2713 ὑμῖν.
832 2649 900 2699 El
933 2647 1086 2699 οὕτω
1110 2647 1207 2699 καὶ
1242 2647 1339 2700 ἐπὶ
1383 2650 1620 2715 τούτοις
1654 2651 1989 2719 προσδέχε-

412 2735 524 2789 σθέ
544 2753 639 2805 με,
674 2738 861 2805 λόγον
909 2738 1203 2805 ἀπαθείας
1240 2757 1343 2808 μοι
1387 2740 1890 2795 ἁποστείλατε.οί
1932 2745 1989 2797 δὲ

409 2828 572 2882 τοῦτο
598 2829 807 2902 μεγάλῃ
844 2831 987 2900 χαρᾷ
1018 2829 1323 2898 δεξάμενοι,
1367 2830 1525 2898 λόγον
1556 2832 1826 2896 ἀπαθείας
1850 2836 1987 2887 ἁποο

417 2918 751 2985 στείλαντες,
783 2921 1177 2990 προσεδέξαντο
1206 2922 1280 2984 ὡς
1318 2922 1542 2992 βασιλέα
1567 2923 1879 2995 Ῥωμαίων.

487 3017 536 3063 ι’.
594 3011 765 3063 Τοῦτο
797 3011 985 3080 μαθὼν
1027 3015 1054 3064 ό
1099 3013 1349 3083 βασιλεὺς
1376 3017 1436 3066 ἐν
1474 3015 1640 3087 πολλῇ
1690 3016 1866 3085 θλίψει
1894 3019 1989 3072 ml.

415 3100 623 3171 ἀθυμίᾳ
656 3102 899 3169 γέγονεν,
931 3104 1023 3153 καὶ
1068 3101 1261 3173 βουλὴν
1292 3105 1528 3158 ἐποιεῖτο
1562 3106 1701 3175 μετὰ
1740 3106 1986 3161 Ἰωάννου

2092 2382 2273 2451 fugere
2313 2395 2366 2432 se
2408 2377 2745 2447 imperatoris
2789 2376 2949 2436 iram,
2985 2388 3046 2424 ac
3093 2372 3137 2423 si
3168 2385 3321 2422 suam
3374 2366 3533 2433 ﬁdem
3571 2379 3677 2416 non

2092 2481 2281 2543 rogarit
2334 2472 2592 2533 deserere,
2627 2467 2695 2521 ad
2738 2467 2877 2536 ipsos
2932 2463 3230 2533 profugere.
3270 2458 3459 2527 Itaque
3504 2456 3549 2508 si
3600 2456 3677 2507 ita

2092 2566 2275 2635 hisque
2302 2579 2383 2617 me
2410 2558 2793 2615 conditionibus
2826 2555 3110 2625 suscipitis,
3135 2552 3293 2621 ﬁdem
3328 2550 3453 2603 mihi
3481 2549 3679 2600 immu-

2093 2658 2277 2711 nitatis
2304 2655 2514 2707 mittite.
2544 2651 2629 2705 Illi
2657 2664 2790 2705 vero
2815 2663 2931 2702 rem
2963 2646 3070 2700 laeti
3101 2642 3487 2712 suscipientes,
3513 2636 3679 2691 missa

2091 2747 2408 2805 securitatis
2445 2745 2574 2808 ﬁde,
2602 2743 2750 2797 haud
2773 2741 2937 2796 aliter
2968 2754 3033 2793 ac
3062 2738 3453 2808 imperatorem
3479 2732 3681 2786 Roma-

2091 2857 2221 2896 num
2265 2841 2444 2910 ipsum
2483 2836 2825 2906 reciperent.

2160 3018 2243 3073 10.
2274 3017 2393 3085 Quo
2415 3014 2638 3085 cognito
2678 3012 2980 3081 imperator
3009 3004 3219 3077 ingenti
3246 3016 3484 3059 nitnrore
3518 3015 3678 3054 men-

2092 3112 2274 3180 tisque
2331 3107 2588 3177 angustia
2641 3102 2907 3165 concidit,
2942 3099 3244 3167 habitoque
3293 3110 3418 3151 cum
3468 3093 3683 3147 Joanne

416 3191 712 3259 συγκέλλου
744 3192 872 3263 περὶ
914 3193 1128 3247 τούτου.
1173 3195 1231 3247 '0
1261 3194 1319 3247 δὲ
1354 3190 1506 3249 εἶπεν
1531 3213 1542 3226 ·
1564 3184 1633 3250 El
1674 3200 1988 3268 προθύμως

2094 3202 2333 3275 syncello
2364 3215 2427 3253 ea
2451 3198 2517 3251 de
2540 3214 2601 3251 re
2624 3194 2877 3257 consilio,
2909 3193 2988 3246 ait
3022 3192 3114 3245 ille
3142 3207 3156 3243 :
3192 3186 3249 3242 Si
3279 3203 3395 3242 vere
3411 3201 3473 3238 ex
3500 3186 3683 3238 animo

406 3284 626 3347 ,ϐούλει
669 3283 774 3336 τὸν
826 3285 1119 3351 Μανουὶτλ
1170 3287 1556 3353 προσελθεῖν,
1609 3286 1656 3343 ὦ
1698 3291 1986 3357 βασιλεῦ,

412 3376 596 3440 αὐτὸς
626 3375 741 3443 ἐγὼ
766 3375 1001 3444 ἕτοιμος
1041 3378 1216 3431 τοῦτο
1262 3379 1532 3448 ποιῆσαι,
1576 3382 1849 3451 χρήματα
1884 3388 1991 3437 λα-

415 3462 533 3516 ϐὼν
557 3465 656 3517 καὶ
681 3464 831 3531 πρὸς
858 3466 966 3519 τὸν
992 3466 1390 3536 Ἄμερουμνῆν
1420 3473 1668 3535 σταλεὶς
1695 3473 1773 3539 ὡς
1808 3472 1994 3541 δῆθεν

414 3556 557 3621 τοὺς
578 3557 647 3609 ἐν
671 3555 873 3625 εἱρκτῇ
905 3559 1000 3611 καὶ
1033 3558 1279 3629 δεσμοῖς
1304 3562 1806 3634 ἐπισκεψόμενος,
1836 3567 1995 3636 ἔχων

416 3648 514 3700 καὶ
537 3649 1163 3720 ἐνυπὼιοαφονλόγον
1190 3653 1349 3722 παρὰ
1365 3655 1474 3723 τῆς
1496 3655 1618 3723 σῆς
1643 3658 1990 3726 βασιλείας,

414 3735 464 3808 ᾦ
495 3742 685 3794 πείσω
720 3743 829 3795 τὸν
855 3742 1146 3811 Μανουὴλ
1178 3747 1264 3810 εὶς
1304 3746 1449 3814 ὄψιν
1481 3747 1700 3804 ἐλθεῖν.
1732 3750 1895 3803 Δοκῶ
1928 3751 1997 3804 δὲ

417 3833 593 3888 τοῦτο
636 3831 858 3901 πρᾶξαι
909 3834 988 3900 τῷ
1032 3836 1431 3907 ἐνυποῃῬάρῳ
1471 3842 1630 3910 λόγῳ
1675 3842 1787 3910 τῆς
1817 3845 1995 3908 ,βασι-

421 3927 585 3992 λείας
612 3942 729 3980 σου
770 3927 870 3981 καί
902 3926 975 3996 τῇ
1001 3927 1114 3996 ἐμῇ
1153 3930 1349 3983 πειθοῖ
1391 3932 1488 3984 καὶ
1523 3932 1597 4001 τῇ
1625 3934 1861 3989 ἐκείνου
1894 3939 1994 3990 εὑ·

420 4023 623 4087 σεϐείᾳ
667 4021 766 4073 καὶ
802 4021 884 4087 τῷ
927 4024 1089 4089 εἰκὸς
1130 4021 1283 4077 εἶναι
1328 4025 1439 4094 τῆς
1493 4030 1781 4097 πατρίδος
1828 4032 1992 4101 ἐρᾶν.

432 4113 489 4167 Ὀ
524 4114 579 4167 δὲ
611 4113 863 4184 βασιλεὺς
911 4116 1205 4180 πάμπολλα
1237 4118 1499 4188 χρήματα
1540 4124 1632 4174 καὶ
1664 4123 1812 4196 δῶρα
1860 4126 1997 4197 πρὸς

418 4204 580 4258 τὸνἈ
592 4207 906 4275 μερουμνῆν
936 4207 1059 4270 δοὺς
1085 4208 1233 4279 αὐτῷ
1262 4208 1604 4266 ἀπέστειλεν.

490 4304 579 4353 ια’.
628 4299 686 4352 Ὀ
723 4298 781 4351 δὲ
819 4299 1078 4353 εἰσελθὼν
1119 4302 1259 4370 μετὰ
1305 4304 1519 4357 πολλῶν
1564 4307 1863 4378 χρημάτων
1904 4313 1998 4363 καὶ

418 4390 626 4459 κόσμου
659 4392 938 4456 παντοίου,
970 4394 1111 4447 ὣστε
1146 4397 1239 4449 καὶ
1270 4397 1397 4461 τοὺς
1430 4399 1767 4470 Ἀγαρηνοὺς
1797 4404 1889 4456 ἐπὶ
1922 4404 1998 4470 τῷ

421 4456 637 4548 πλούτῳ
710 4480 877 4534 αὐτοῦ
919 4482 1292 4553 ἐκπλαγῆναι,
1505 4456 1599 4543 ’τὰ
1629 4456 1999 4563 ’δεσμωτήρια

2094 3292 2256 3364 797
2295 3290 2592 3345 Manttelem
2639 3287 2811 3340 redire
2843 3284 3010 3352 cupis,
3042 3297 3071 3334 ο
3107 3282 3417 3351 imperator,
3454 3276 3581 3329 mihi
3622 3275 3680 3326 in

2095 3392 2285 3459 parato
2319 3391 2395 3436 est
2435 3390 2491 3435 ut
2534 3382 2624 3434 tibi
2650 3380 2703 3433 id
2745 3378 2857 3448 ipse
2899 3384 3163 3447 praestem.
3200 3370 3287 3425 Ita
3343 3368 3594 3421 nimirum
3633 3367 3682 3417 si

2096 3478 2319 3548 acceptis
2355 3475 2585 3545 pecuniis
2628 3488 2659 3525 a
2696 3480 2743 3523 te
2773 3469 2838 3523 ad
2881 3469 3254 3523 Amcrumnem
3286 3462 3489 3523 mittar,
3528 3457 3681 3528 quasi

2094 3572 2358 3624 invisurus
2382 3583 2466 3619 eos
2494 3567 2584 3635 qui
2608 3566 2662 3616 in
2691 3578 2901 3616 carcere
2931 3577 2992 3613 ac
3016 3561 3069 3612 in
3102 3554 3320 3610 vincatis
3353 3561 3537 3622 agunt,
3559 3550 3683 3602 sub-

2094 3663 2352 3732 scriptum
2381 3667 2485 3712 tute
2525 3655 2818 3725 majestatis
2858 3650 3095 3722 diploma
3127 3645 3427 3701 securitatis
3465 3641 3681 3702 habens,

2099 3770 2201 3827 quo
2248 3752 2488 3809 Manueli
2533 3768 2688 3805 suum
2720 3749 2788 3803 ad
2827 3755 2875 3800 te
2925 3756 3191 3800 accessum
3234 3754 3494 3794 suasurus
3543 3752 3681 3789 sum.

2097 3846 2341 3902 Arbitror
2372 3846 2551 3897 autem
2597 3842 2654 3894 id
2693 3856 2775 3894 me
2807 3839 3188 3909 prtestiturum,
3221 3842 3333 3886 tum
3377 3839 3479 3883 tua:
3515 3828 3686 3896 maje—

2096 3946 2247 3996 statis
2296 3938 2592 4007 subscripta
2648 3932 2948 3987 securitatis
2984 3929 3111 3998 ﬁde,
3192 3933 3303 3977 tum
3354 3937 3470 3975 mea
3518 3920 3684 3990 ipsius

2098 4034 2365 4095 suasione,
2393 4032 2613 4101 ipsaque
2638 4025 2780 4080 illius
2805 4024 3021 4095 pietate,
3051 4029 3099 4073 et
3130 4016 3267 4089 quod
3303 4032 3403 4086 par
3431 4014 3497 4067 sit
3530 4012 3684 4065 illum

2102 4127 2335 4199 patriam
2365 4137 2568 4176 amare.
2606 4119 2911 4187 imperator
2953 4115 3134 4181 itaque
3159 4105 3582 4179 quamplurintis
3614 4104 3682 4157 ad

2106 4218 2489 4271 Amerumnem
2528 4210 2669 4265 datis
2701 4205 2948 4277 pecuniis
2978 4219 3039 4257 ac
3076 4198 3400 4255 muneribus
3423 4194 3630 4250 emisit.

2174 4309 2259 4362 il.
2287 4308 2572 4376 ingressus
2606 4302 2697 4355 ille
2729 4314 2853 4354 cum
2881 4296 3069 4350 multis
3099 4291 3367 4365 pecuniis,
3393 4288 3686 4355 omnisque

2103 4400 2323 4470 generis
2355 4404 2547 4451 ornata
2579 4390 2906 4463 supellectili
2959 4402 3022 4442 ac
3054 4387 3229 4455 cultu,
3278 4382 3415 4437 adeo
3452 4389 3512 4433 ut
3542 4379 3691 4448 Aga-

2104 4491 2219 4545 reni
2262 4505 2398 4559 quas
2429 4486 2748 4542 conferebat
2803 4496 2938 4552 opes
2994 4488 3217 4547 stupore
3252 4473 3691 4528 admirarentur.

422 4568 687 4637 ρογεύσας
722 4571 816 4625 καὶ
854 4571 945 4625 τὸν
976 4575 1474 4645 πρωτοσύμϐουλον
1505 4578 1843 4651 θεασάμενος
1872 4584 1990 4653 ἡδυ-

2104 4581 2380 4649 Elargitus
2409 4580 2593 4648 itaque
2641 4578 2694 4630 in
2726 4591 2822 4631 eos
2848 4574 2943 4643 qui
2975 4573 3031 4625 in
3066 4583 3289 4624 carcere
3336 4570 3529 4620 essent
3564 4577 3685 4615 mu-

420 4662 555 4732 νήθη
586 4663 680 4715 καὶ
703 4662 877 4733 λάθρα
909 4666 1273 4735 συνομιλῆσαι
1296 4667 1372 4739 τῷ
1406 4671 1664 4742 Μανουὴλ
1696 4676 1790 4728 καὶ
1816 4674 1997 4731 δοῦναι

420 4755 571 4826 αὐτῷ
608 4756 705 4809 τὸν
748 4758 1128 4828 ὲνυπόγραφον
1169 4760 1331 4829 λόγον
1365 4764 1459 4815 καὶ
1497 4764 1556 4816 τὸ
1605 4766 1876 4833 ιρυλακτὸν
1902 4767 1997 4821 τοῦ

423 4848 709 4917 βασιλέως.
766 4851 875 4903 Καὶ
930 4851 957 4904 ὀ
1014 4852 1113 4921 μὲν
1173 4853 1331 4907 τοῦτο
1371 4855 1581 4926 πράξας
1631 4859 1995 4931 ὑπέστρεψεν,

419 4942 753 5009 ἀναγγείλας
786 4943 865 5014 τῷ
916 4944 1132 5014 βασιλεί
1180 4946 1280 5000 ὅσα
1316 4947 1679 5020 διεπράξατο·
1720 4955 1747 5005 ὀ
1792 4954 1849 5006 δὲ
1885 4956 2001 5007 Μα-

419 5032 583 5103 νουὴλ
617 5033 910 5102 ἐξαιτήσας
933 5037 1023 5088 τὸν
1051 5037 1432 5109 Ἀμερουμνῆν
1462 5042 1555 5094 τοῦ
1593 5044 1827 5110 ἐξελθεῖν
1859 5047 2001 5101 κατά

419 5124 607 5188 ἔθνους
643 5126 789 5190 τινος
840 5127 1102 5198 πολεμίου
1139 5132 1323 5194 αὐτοῖς
1358 5133 1516 5203 ἔτυχε
1566 5137 1665 5206 τῆς
1707 5138 1998 5207 αἰτήσεως,

419 5217 513 5269 καὶ
538 5217 716 5270 λαϐὼν
751 5217 843 5272 τὸν
879 5219 973 5272 τοῦ
1010 5221 1357 5294 Ἀμερουμνῆ
1406 5227 1522 5279 υέὸν
1562 5229 1656 5280 καὶ
1688 5229 1814 5282 λαὸν
1845 5231 2000 5283 πλεῖ-

422 5328 547 5362 στον
591 5311 803 5381 ἀπῆλθε
858 5313 953 5366 καὶ
1001 5312 1158 5383 νίκην
1224 5316 1470 5387 μεγάλην
1518 5321 1833 5390 εἰργάσατο.
1891 5324 2001 5376 Καὶ

419 5403 594 5468 τούτῳ
625 5402 684 5454 ὲν
717 5401 925 5471 μείζονι
965 5406 1099 5475 τιμῇ
1135 5405 1274 5474 ὑπὲρ
1303 5405 1363 5458 τὸ
1403 5407 1619 5476 πρῶτον
1652 5408 1998 5477 καθίσταται,

422 5494 514 5545 καὶ
571 5492 747 5546 πάντα
796 5488 865 5563 ἦν
912 5494 1071 5558 αὐτὸς
1127 5496 1278 5566 παρὰ
1317 5495 1395 5567 τῷ
1438 5497 1780 5570 ’Λμερουμνῇ
1841 5500 1998 5552 δυνά-

424 5603 601 5656 μενος.

495 5852 579 5921 ιβ’.
628 5855 791 5907 Ὅθεν
842 5856 978 5924 ἔχων
1014 5857 1266 5923 φροντίδα
1300 5858 1498 5929 πολλὴν
1547 5862 1635 5913 τοῦ
1679 5861 1910 5924 ἐξελθεῖν
1945 5868 1997 5918 ἐν

2104 4692 2260 4737 nera,
2296 4688 2360 4726 ac
2388 4671 2804 4742 protosymbulo
2834 4682 3018 4722 coram
3055 4664 3314 4724 salutato,
3345 4660 3485 4713 clam
3518 4660 3685 4710 etiam

2105 4781 2230 4819 cum
2255 4762 2505 4815 Manuele
2536 4773 2845 4813 sermonem
2870 4758 3102 4811 miscere
3133 4752 3331 4823 potuit,
3364 4750 3527 4819 eique
3555 4746 3688 4801 sub-

2105 4855 2366 4923 scriptam
2422 4849 2771 4919 imperatoris
2805 4849 3119 4902 securitatis
3148 4846 3312 4899 ﬁdem
3354 4854 3685 4906 crucemquc

2106 4947 2281 5017 ipsius
2311 4942 2649 5014 pectoralem
2684 4938 3035 4992 contradere.
3071 4939 3283 5003 Quibus
3325 4936 3414 4990 ille
3449 4932 3691 5002 peractis

2106 5048 2365 5090 reversus
2403 5039 2509 5096 est,
2542 5029 2805 5083 nuntians
2851 5027 3171 5095 imperatori
3206 5038 3549 5096 quaecunque
3582 5020 3685 5090 ipsi

2105 5136 2255 5200 gesta
2286 5132 2491 5181 essent.
2520 5124 2692 5177 Porro
2723 5120 2937 5175 Manuel
2970 5118 3151 5173 oblata
3177 5119 3525 5173 Amerumnaz
3541 5115 3686 5184 peti-

2108 5223 2278 5285 tione,
2308 5226 2369 5274 ut
2394 5219 2589 5273 liceret
2628 5216 2679 5271 ei
2723 5215 2989 5269 adversus
3032 5222 3249 5281 gentem
3277 5212 3570 5282 quamdam
3614 5210 3684 5263 iis

2107 5314 2371 5369 infensam
2394 5310 2696 5375 exire,voti
2725 5322 2949 5377 compos
2978 5306 3209 5360 ell‘ectus
3230 5314 3334 5361 est.
3364 5307 3689 5372 Assumpto-

2106 5420 2215 5474 Que
2271 5406 2620 5459 Amerumna:
2677 5401 2789 5455 lilio
2832 5402 3100 5469 longeque
3139 5398 3366 5465 cepioso
3411 5398 3689 5459 exercitu,

2104 5493 2405 5561 profectus,
2433 5491 2640 5563 ingenti
2668 5491 2873 5561 potitus
2900 5488 3126 5543 victoria
3158 5496 3276 5551 est;
3300 5502 3410 5555 quo
3440 5487 3691 5541 facinore

2107 5585 2163 5639 in
2192 5586 2387 5656 majori
2423 5602 2586 5655 quam
2639 5584 2797 5654 prius
2843 5584 3077 5637 habetur
3125 5579 3345 5650 pretio;
3374 5595 3477 5633 nec
3520 5580 3685 5647 quiil-

2106 5693 2267 5746 quam
2295 5688 2414 5733 erat
2443 5676 2589 5750 quod
2614 5675 2761 5747 apud
2799 5677 3188 5731 Amerumnem
3224 5675 3345 5743 ejus
3373 5672 3543 5741 gratia
3576 5688 3689 5726 non

2109 5780 2311 5839 posset.

2184 5862 2269 5915 l2.
2304 5862 2437 5918 Cum
2469 5862 2650 5931 itaque
2696 5863 2844 5932 gravi
2878 5878 3006 5919 cura
3054 5869 3330 5917 teneretur
3373 5868 3431 5912 ut
3475 5859 3538 5912 ad
3578 5858 3685 5910 Rev
