4124 6422
451 393 556 458 359

1711 391 2031 451 GEORGII
2071 391 2418 452 MONACHI

3588 400 3696 464 860

451 528 665 566 manam
693 510 958 566 ditionem
979 524 1037 564 se
1066 507 1361 578 reciperet,
1387 516 1510 578 post
1529 508 1774 577 elapsum
1802 505 2020 576 aliquod

2141 481 2444 580 'Pwpaviq:
2472 509 2610 578 μετά
2633 509 2825 580 καιρόν
2839 526 2961 563 τινα
2983 507 3103 562 εἷπε
3128 511 3263 582 πρὸς
3280 511 3403 574 τοὺς
3430 511 3698 580 δυνάστας

449 615 663 674 tempus
690 605 766 658 ait
791 603 856 657 ad
879 605 1230 657 Amerumua‘.
1275 615 1564 670 proceres:
1608 599 1666 653 Si
1699 601 1826 653 mihi
1859 599 2018 654 Ante-

447 711 654 749 rumnat
677 693 853 762 ﬁlium
883 711 944 746 ac
976 693 1154 763 copias
1185 691 1875 762 prwbueritis,expeditione
1902 708 2020 744 sus-

445 791 597 854 cepta
627 782 926 836 Romanam
975 783 1116 834 vobis
1150 780 1431 850 subjiciam
1471 780 1740 833 ditionem.
1781 778 1901 844 Quo
1941 780 2020 833 illi

446 890 573 928 cum
607 872 1124 942 798Amerumne
1153 870 1556 925 communicato
1582 867 1814 924 consilio
1845 868 2021 938 ipsum

445 965 798 1020 dimiserunt.
838 963 1047 1017 Mauuel
1072 977 1203 1017 vero
1232 976 1402 1032 prope
1432 961 1701 1016 accedens
1727 960 1795 1014 ad
1823 961 2027 1015 Anato-

448 1057 613 1111 lieum
637 1057 841 1119 thema,
867 1055 1178 1109 convocatis
1199 1053 1436 1108 subditis
1459 1053 1574 1107 suis
1601 1068 1666 1106 ac
1680 1051 2025 1106 Amerumna:

446 1148 586 1212 ﬁlio,
619 1147 776 1216 quasi
820 1145 1082 1200 nimirum
1134 1153 1313 1199 castra
1344 1153 1595 1198 moturus
1623 1151 2050 1209 etvenaturus,’

445 1255 573 1295 cum
608 1239 677 1294 ab
707 1238 963 1292 hostibus
990 1219 1100 1308 jam
1133 1237 1324 1306 procul
1373 1236 1555 1290 factus
1576 1245 1743 1300 esset,
1783 1237 2023 1291 circum-

447 1330 602 1382 fusus
621 1328 970 1382 Amerumna:
1009 1325 1122 1380 ﬁlio
1142 1341 1206 1379 ac
1226 1340 1352 1380 eum
1383 1327 1734 1380 exosculatus
1760 1324 1837 1378 ait
1866 1343 1878 1378 :
1909 1325 2024 1396 Ego

447 1423 652 1490 quidem
693 1421 763 1474 ad
801 1436 972 1472 meum
1004 1419 1378 1489 imperatorem
1419 1425 1468 1470 ct
1518 1417 1588 1469 ad
1620 1418 1837 1487 propria
1876 1419 2022 1481 abeo,

445 1517 638 1584 quippe
691 1515 776 1567 cui
811 1511 946 1566 nihil
997 1513 1052 1565 in
1102 1511 1209 1564 vita
1247 1511 1422 1563 carius
1471 1511 1539 1563 sit
1585 1510 1760 1579 patria
1795 1523 2027 1578 mewque

445 1608 611 1676 gentis
637 1606 951 1660 hominibus.
1002 1605 1076 1658 Tu
1125 1619 1244 1657 vero
1271 1619 1388 1656 cum
1433 1603 1553 1669 tuis,
1595 1603 1765 1655 omnis
1815 1603 1942 1655 mali
1991 1621 2024 1656 a

447 1700 590 1752 nobis
627 1713 866 1763 securus,
905 1697 974 1752 ad
1009 1705 1126 1750 tuos
1153 1697 1388 1751 abscede.
1413 1695 1489 1750 Ac
1517 1694 1738 1765 quidem
1773 1695 1865 1750 ille
1893 1710 2022 1750 eum

446 1791 499 1845 in
552 1792 774 1845 modum
809 1807 935 1846 cum
978 1790 1235 1861 lacrymis
1269 1805 1332 1843 ac
1363 1788 1572 1858 pudore
1613 1803 1865 1842 reversus
1892 1799 1975 1844 est
2003 1807 2017 1844 :

445 1883 659 1938 Manuel
706 1899 834 1938 vero
869 1883 938 1938 ad
978 1884 1365 1953 imperatorem
1397 1882 1565 1960 venit,
1609 1885 1890 1952 prazmisso
1922 1885 2016 1954 qui

442 1976 563 2046 ejus
601 1976 902 2032 adventum
936 1975 1312 2030 annuntiaret.

515 2157 602 2210 15.
636 2157 940 2226 Imperator
969 2172 1096 2212 eum
1122 2157 1216 2227 qui
1249 2157 1430 2212 fuerat
1465 2156 1794 2222 destinatus,
1833 2167 1893 2212 ut
1925 2159 2020 2228 qui

443 2264 764 2318 magnorum
812 2249 889 2303 illi
931 2250 1202 2304 bonorum
1236 2251 1465 2304 nuntius
1509 2261 1678 2314 esset,
1705 2259 2022 2319 susceptum

443 2340 698 2409 pecuniis
745 2356 812 2395 ac
861 2340 1228 2410 dignitatibus
1289 2340 1594 2395 liberaliter
1631 2341 1864 2410 accepit.
1911 2341 2024 2396 Ma-

448 2433 668 2486 nuelem
721 2432 876 2496 item,
913 2432 995 2486 uti
1039 2431 1263 2502 dignum
1293 2440 1434 2496 erat,
1471 2431 1798 2501 suscipiens,
1857 2433 2026 2503 magi-

449 2531 626 2576 strum
655 2523 842 2577 statim
873 2537 938 2577 ac
985 2522 1298 2578 scholarum
1347 2523 1705 2579 domesticum
1757 2524 2024 2594 praefecit,

446 2620 612 2681 atque
670 2612 792 2683 ejus
840 2611 1046 2668 liberos
1109 2627 1178 2668 ex
1241 2627 1398 2668 sacro
1449 2614 1777 2684 baptismate
1833 2630 2022 2670 susce-

444 2703 546 2774 pit.

519 2797 605 2850 M.
641 2796 721 2850 Eo
747 2809 1004 2852 successu
1029 2797 1208 2853 elatus
1249 2797 1566 2868 imperator,
1611 2814 1734 2853 cum
1776 2799 2022 2855 Manuele

444 2897 500 2943 et
553 2896 746 2943 senatu
793 2889 1058 2958 omnique
1110 2891 1354 2946 exercitu
1415 2895 1679 2946 adversus
1723 2893 2022 2949 Saracenos

445 2977 729 3046 proiectus
757 2986 872 3044 est;
908 2977 1170 3049 facilique
1199 2979 1423 3050 negotio
1475 2981 1650 3049 captis
1697 2982 1932 3051 Zapetro
1967 2991 2023 3037 et

445 3066 751 3132 Samosato,
789 3068 937 3138 quod
969 3070 1234 3139 oppidum
1265 3080 1380 3124 tum
1419 3070 1629 3127 divitiis
1667 3087 1731 3127 ae
1775 3075 2020 3142 potentia

2126 599 2222 652 τοῦ
2253 598 2335 671 [Ρ.
2383 597 2898 671 519]Ἀμερουμνῆ,
2956 601 3040 654 ὄτι
3101 601 3241 654 Ἐάν
3293 620 3396 668 μοι
3431 603 3539 656 τὸν
3563 605 3698 659 υἱὸν

2124 692 2232 744 τοῦ
2247 691 2608 760 Ἆμερουμνῆ
2631 691 2729 748 καί
2750 693 2906 746 λαὸν
2927 691 3236 761 παρέξετε,
3260 695 3523 758 ἐξελθὼν
3546 697 3696 750 ὐπο-

2123 781 2280 845 τὰξω
2305 782 2785 851 τὴνῬωμανιαν.
2812 785 2874 836 υί
2900 784 2956 835 δὲ
2979 783 3056 855 τῷ
3073 785 3420 856 Ἀμερουμνῇ
3450 785 3698 848 εἰπόντες

2125 873 2286 926 αὑτὸν
2305 873 2650 928 ἀπέστειλαν.
2689 874 2750 928 '0
2779 874 2834 927 δὲ
2861 874 3029 928 ἐλθὼν
3077 876 3305 946 πλησίον
3335 877 3429 929 τοῦ
3467 876 3699 948 θέματος

2125 965 2222 1032 τῆς
2267 964 2582 1035 ’Δνατολῆς,
2619 967 3137 1036 προσκαλεσάμενος
3182 969 3308 1032 τοὺς
3351 969 3699 1040 ὑποχειρίους

2126 1054 2291 1107 αὐτοῦ
2321 1054 2529 1109 καὶτὸν
2559 1055 2674 1108 υίδν
2703 1056 2795 1110 τοῦ
2814 1057 3160 1127 Ἀμερουμνῆ
3194 1059 3270 1121 ὡς
3321 1059 3481 1128 δῆθεν
3525 1061 3701 1114 διακι-

2126 1147 2306 1215 νήσων
2333 1147 2429 1199 καὶ
2451 1149 2803 1218 κυνηγήσων,
2846 1150 3132 1220 πόρρωθεν
3163 1151 3274 1204 τῶν
3304 1151 3580 1222 πολεμίων
3608 1168 3701 1221 γε-

2128 1237 2373 1305 νόμενος,
2415 1239 2774 1308 περιπλακεὶς
2830 1239 2908 1310 τῷ
2953 1240 3055 1310 υίῷ
3093 1241 3188 1294 τοῦ
3205 1243 3550 1312 Ἀμερουμνῆ
3604 1241 3699 1297 καὶ

2127 1329 2504 1398 καταφιλήσας
2534 1330 2695 1383 αὐτὸν
2725 1327 2899 1397 εἶπεν,
2939 1332 3022 1385 ὅτι
3084 1332 3225 1402 Ἐγὼ
3284 1333 3405 1401 μὲν
3439 1334 3699 1403 ἀπέρχο-

2121 1434 2225 1486 μαι
2257 1422 2408 1486 πρὸς
2451 1419 2559 1472 τὸν
2590 1421 2857 1484 ,βασιλέα
2898 1440 3018 1491 μου
3074 1424 3171 1476 καί
3209 1424 3280 1477 τὰ
3325 1425 3463 1490 ἴδια,
3505 1426 3700 1494 μηδὲν

2125 1507 2244 1561 τῶν
2266 1510 2338 1562 ἐν
2384 1509 2462 1574 τῷ
2502 1513 2622 1576 ,ϐίῳ
2667 1513 3047 1582 προτιμήσας
3078 1516 3363 1584 πατρίδος
3399 1517 3496 1570 καὶ
3545 1534 3699 1586 συμ-

2124 1602 2404 1669 φυλετῶν
2424 1617 2438 1631 ⁸
2476 1603 2557 1656 σὺ
2585 1604 2654 1656 δὲ
2678 1605 2828 1672 μετὰ
2861 1606 2976 1659 τῶν
2998 1607 3146 1670 σῶν,
3171 1608 3251 1672 ὡς
3275 1608 3470 1677 μηδὲν
3496 1607 3700 1662 δεινὸν

2126 1692 2415 1748 πείσεσθε
2454 1695 2900 1761 ὑποπτεύοντες
2941 1699 3079 1765 παρ’
3118 1697 3306 1766 ἡμῶν,
3341 1699 3506 1753 ἄπιθι
3550 1700 3701 1767 πρὸς

2125 1784 2271 1852 τοὺς
2317 1787 2490 1852 σούς.
2534 1787 2644 1840 Καὶ
2692 1779 2847 1851 οὗτος
2907 1788 3005 1857 μὲν
3059 1788 3202 1841 οὕτω
3253 1790 3389 1858 μετά
3446 1790 3699 1861 δακρύων

2127 1877 2224 1931 καὶ
2275 1876 2538 1947 αἰσχύνης
2592 1877 2935 1950 ὑπέστρεψεν
2971 1895 2986 1908 ο
3034 1881 3062 1932 ὁ
3100 1879 3155 1931 δὲ
3196 1879 3453 1950 Μανουὴλ
3501 1879 3698 1951 ἐχώρει

2122 1969 2260 2040 πρὸς
2295 1969 2666 2040 τὸνβασιλέα,
2715 1970 3152 2041 προαποστείλας
3201 1971 3352 2042 αὐτῷ
3393 1971 3486 2025 τὸν
3529 1973 3699 2042 μηνύ-

2125 2077 2308 2116 σοντα.

2197 2159 2285 2220 ιγ’.
2331 2151 2389 2207 '0
2418 2153 2476 2207 δὲ
2508 2153 2763 2222 βασιλεὺς
2801 2154 2898 2206 καὶ
2935 2154 3028 2208 τὸν
3070 2153 3310 2225 μηνυτὴν
3343 2154 3418 2216 ώς
3451 2152 3700 2224 μεγάλων

2124 2241 2348 2310 ἀγαθῶν
2370 2241 2602 2312 ἄγγελον
2629 2243 3030 2312 ἀποδεξάμενος
3061 2243 3307 2313 χρήμασί
3335 2261 3394 2297 τε
3421 2245 3516 2297 καὶ
3542 2242 3702 2310 ἀξιώ-

2127 2350 2294 2402 μασιν
2341 2334 2787 2404 ἐφιλοτιμήσατο,
2824 2336 2920 2388 καὶ
2964 2335 3057 2388 τὸν
3103 2335 3381 2404 Μανουήλ,
3426 2335 3500 2399 ώς
3553 2336 3701 2402 ἀξιον

2122 2421 2212 2497 ἦν,
2244 2425 2557 2492 ὑπεδέξατο,
2597 2427 2899 2498 μάγιστρον
2925 2428 3087 2490 εὐθὺς
3114 2428 3208 2480 καὶ
3241 2428 3558 2498 δομέστικον
3591 2430 3701 2482 τῶν

2127 2518 2335 2588 σχολῶν
2367 2521 2759 2591 ποιησάμενος,
2794 2520 2889 2574 καὶ
2917 2521 3047 2584 τοὺς
3087 2520 3253 2575 αὑτοῦ
3290 2521 3484 2586 παῖδας
3511 2524 3576 2576 ὲκ
3603 2523 3701 2576 τοῦ

2125 2611 2284 2679 ἁγίου
2321 2609 2698 2681 βαπτίσματος
2732 2611 3152 2680 ἀναδεξάμενος.

2197 2793 2281 2848 ιδ’.
2321 2793 2546 2856 Τούτοις
2575 2793 2838 2864 ἐπαρθεὶς
2863 2795 2892 2847 ό
2916 2793 3170 2864 βασιλεὺς
3203 2792 3391 2863 ἐξῆλθε
3419 2792 3554 2861 μετά
3581 2795 3701 2848 Μα-

2125 2884 2285 2953 νουὴλ
2322 2885 2417 2938 καὶ
2465 2886 2566 2954 τῆς
2619 2886 2926 2956 συγκλήτου
2957 2887 3056 2941 καὶ
3095 2885 3190 2940 τοῦ
3223 2885 3455 2957 στρατοῦ
3499 2869 3698 2948 παντὸς

2123 2977 2265 3030 κατὰ
2287 2978 2397 3030 τῶν
2442 2978 2788 3048 ’Ᾱγαρηνῶν,
2819 2979 2914 3031 καὶ
2934 2978 3179 3042 εὐπετῶς
3208 2979 3306 3048 τήν
3334 2995 3392 3030 τε
3421 2979 3700 3048 Ζάπετρον

2124 3070 2218 3122 καὶ
2244 3069 2306 3122 τὸ
2337 3069 2676 3139 Σαμόσατον,
2721 3068 2940 3140 πλούτῳ
2990 3069 3176 3138 κομῶν
3208 3071 3302 3122 καὶ
3327 3069 3552 3140 δυνάμει
3579 3071 3700 3123 τότε

444 3157 696 3224 ﬂorebat,
727 3161 931 3230 quippe
951 3162 1300 3216 Amerumnat
1331 3163 1526 3231 patria,
1557 3163 1787 3218 victoria
1809 3180 1872 3219 ac
1902 3181 2018 3219 ma-

2123 3161 2210 3214 διά
2252 3160 2312 3213 τὸ
2367 3161 2458 3214 τὸν
2485 3161 2866 3232 Ἀμερουμνῆν
2922 3161 3134 3216 ἐκεῖθεν
3183 3158 3324 3216 εἷναι
3367 3161 3707 3232 παραλαϐὼν

443 3251 630 3305 nubiis
656 3266 715 3306 se
738 3251 1028 3322 magniﬁce
1057 3251 1270 3322 jactans
1291 3267 1355 3307 ac
1387 3253 1732 3321 Superbiens,
1766 3269 2022 3310 reversus

441 3353 545 3398 est.
591 3343 938 3412 Veniensque
991 3343 1284 3414 Bryantem
1316 3359 1512 3412 usque,
1563 3344 1824 3399 mdiﬁcari
1873 3345 2022 3416 pala-

445 3436 604 3500 tium,
637 3435 940 3505 hortosque
966 3436 1222 3505 plantari,
1253 3443 1418 3505 atque
1442 3452 1612 3505 aquas
1633 3437 1852 3503 deduci,
1881 3454 2020 3508 pra:-

443 3527 630 3594 ccpit:
667 3526 813 3595 quod
845 3535 904 3582 et
947 3526 1151 3580 factum
1179 3537 1283 3583 est.
1324 3528 1454 3581 lnde
1483 3528 1674 3583 urbem
1711 3537 1926 3597 petens,
1956 3545 2022 3586 ac

445 3618 619 3686 spolia
659 3618 942 3688 triumpho
974 3618 1289 3682 traducens,
1314 3620 1685 3689 exhibitisquc
1712 3621 1878 3691 799
1914 3622 2022 3677 ciro

439 3709 728 3774 censibus,
761 3726 828 3765 ac
870 3710 987 3780 ipse
1031 3711 1208 3781 primo
1238 3727 1466 3767 munere
1511 3712 1729 3779 ludens,
1759 3714 1899 3768 albis
1932 3715 2020 3769 in-

445 3811 636 3857 vectus
686 3803 864 3872 equis,
896 3812 1062 3873 atque
1111 3813 1310 3860 veneto
1361 3805 1592 3860 indutus
1641 3806 1847 3872 colore,
1893 3823 2018 3864 cum

445 3893 622 3946 victor
655 3894 880 3960 exisset,
908 3905 1208 3952 coronatus
1237 3905 1340 3961 est,
1367 3897 1801 3953 acclamantibus
1827 3897 2020 3954 factio-

443 3983 646 4040 nibus:
699 3985 838 4040 Bene
873 3987 1147 4058 fausteque
1177 3989 1382 4054 venisti,
1423 3990 1568 4042 omni
1605 3991 1780 4060 major
1807 4007 2020 4062 compa-

444 4078 669 4141 ratione,
700 4080 1033 4148 factionarie.

514 4169 602 4224 15.
635 4171 875 4227 Αηιοηίο
904 4184 1087 4229 autem
1113 4173 1424 4242 patriarcha
1447 4172 1587 4229 vivis
1607 4183 1882 4244 exempto,
1899 4175 2020 4245 ejus

439 4260 562 4315 loco
593 4261 882 4317 ordinatur
909 4263 1154 4319 Joannes
1198 4265 1496 4334 syncellus,
1525 4271 1586 4318 ut
1629 4264 1808 4320 dicam
1843 4281 2019 4321 novus

438 4352 645 4408 Janncs
689 4361 746 4408 et
791 4354 1077 4430 Zambres,
1109 4355 1316 4408 celebri
1363 4355 1531 4409 homo
1581 4356 1743 4421 fama,
1794 4356 2020 4427 magicis

440 4445 655 4500 artibus
691 4455 748 4500 et
777 4447 1219 4504 divinationibus
1245 4464 1312 4502 ex
1348 4449 1492 4518 pelvi
1529 4450 1790 4518 omnique
1825 4450 2017 4520 impie-

443 4544 569 4588 tate.
597 4537 647 4590 ls
690 4537 950 4591 nimirum
983 4553 1248 4608 organum
1291 4540 1552 4594 idoneum
1595 4540 1739 4611 ejus,
1773 4557 1884 4610 quo
1912 4542 2005 4596 im-

442 4637 662 4694 perator
690 4628 998 4694 laborabat,
1043 4631 1361 4700 impietatis,
1405 4632 1573 4700 inque
1604 4648 1720 4687 rem
1754 4633 2012 4704 impetus,

440 4718 624 4770 otrmia
654 4717 730 4771 illi
759 4718 830 4773 ad
857 4729 1070 4774 certum
1101 4722 1386 4777 interitum
1419 4722 1709 4779 clliciehat.
1741 4725 1820 4779 Ac
1849 4741 2014 4794 quem

442 4809 784 4876 parturiebat
817 4809 1064 4878 quidem,
1117 4813 1437 4866 continebat
1488 4800 1669 4869 tamen
1716 4814 2017 4884 impietatis

441 4900 713 4969 regulum,
731 4901 1030 4970 imperator
1047 4902 1226 4956 edidit
1252 4904 1594 4974 peperitque,
1613 4904 1816 4976 jubens
1833 4921 2016 4961 sacras

443 4991 712 5062 imagines
746 4994 943 5059 oblini,
973 5009 1068 5048 seu
1101 4995 1332 5050 aboleri.

515 5087 602 5138 l6.
635 5087 735 5142 llic
762 5087 968 5144 Jannes
985 5097 1268 5144 exstructa
1297 5089 1350 5142 in
1383 5089 1534 5145 urbis
1554 5089 1754 5146 vicinia
1783 5107 1849 5145 ex
1878 5107 2014 5161 qua-

441 5178 598 5232 drato
629 5179 809 5249 lapide
859 5181 1090 5235 aedicula
1129 5182 1377 5251 (Trullus
1428 5183 1703 5252 hodieque
1742 5185 2015 5254 vocatur),

441 5271 726 5325 sacriﬁciis
755 5288 880 5328 cum
914 5273 1258 5328 daemonibus
1301 5290 1668 5330 consuescens
1700 5275 2018 5344 imperatori

443 5379 564 5426 ante
617 5363 799 5418 futura
845 5373 1030 5419 essent
1079 5365 1460 5423 denuntiabat.
1514 5366 1832 5421 Manserunt
1873 5365 2019 5421 tedes

442 5455 549 5509 illte
598 5454 890 5524 inhospita:
927 5457 999 5511 ob
1033 5456 1340 5512 daemonum
1367 5474 1463 5527 per
1507 5458 1622 5511 haac
1671 5463 1916 5526 tempora
1963 5458 2016 5510 in

445 5545 559 5600 illis
598 5547 990 5614 frequentiam.

517 5637 603 5690 Π.
645 5637 943 5706 Propterea
975 5639 1284 5708 adjutorem
1316 5640 1466 5692 illiilli
1507 5648 1560 5692 et
1595 5639 1874 5694 conscium
1906 5655 2016 5694 suze

447 5725 720 5781 Inereseos
754 5728 962 5781 habens
992 5729 1352 5797 Theophilus,
1391 5731 1527 5783 alter
1559 5731 1648 5784 illc
1679 5732 2012 5795 Nectancho,

449 5832 575 5870 eum
619 5834 783 5887 quem
828 5819 1078 5874 dicebant
1115 5821 1399 5890 Joannem,
1458 5821 1704 5891 quiuitno
1762 5823 2013 5889 Jannem,

2047 4510 2091 4565 ί)

2122 3253 2370 3306 ἐπάνεισι
2413 3255 2480 3323 τῇ
2527 3253 2653 3325 νίκῃ
2696 3254 2789 3308 καὶ
2841 3256 2954 3318 τοῖς
2993 3252 3256 3325 λαφύροις
3295 3255 3705 3325 γαυρούμενος,

2123 3347 2218 3399 καὶ
2251 3344 2422 3398 ἐλθὼν
2455 3345 2618 3415 μέχρι
2664 3344 2759 3398 τοῦ
2799 3343 3077 3416 Βρύαντος
3115 3344 3453 3414 προσέταξεν
3493 3347 3700 3399 οἰκοδο-

2126 3438 2300 3507 μῆσαι
2331 3435 2592 3489 παλάτιον
2615 3435 2708 3488 καὶ
2737 3435 3103 3506 παραδείσους
3129 3436 3394 3505 φυτεῦσαι
3415 3437 3507 3490 καὶ
3534 3436 3701 3490 ὕδατα

2121 3530 2352 3598 ἀγαγεῖν
2373 3545 2387 3559 ·
2413 3529 2451 3584 ἃ
2492 3530 2588 3582 καὶ
2621 3529 2867 3597 γέγονεν.
2899 3527 3140 3582 Ἐκεῖθεν
3165 3529 3222 3582 δὲ
3251 3530 3582 3599 ἀφικόμενος
3621 3531 3700 3592 είς

2121 3623 2220 3691 τὴν
2250 3621 2409 3674 πόλιν
2430 3621 2497 3675 τὰ
2524 3620 2744 3692 λάφυρα
2771 3621 3191 3692 ἐθριάμϐευσεν,
3219 3622 3442 3676 ἱππικὸν
3469 3623 3699 3692 ποιήσας

2121 3714 2218 3767 καὶ
2245 3713 2309 3766 τὸ
2345 3712 2562 3784 πρῶτον
2594 3713 2747 3784 βαῖον
2775 3711 2997 3777 παίξας,
3017 3711 3231 3790 ἀρματι
3262 3713 3443 3782 λευκῷ
3479 3713 3578 3781 μὲν
3603 3713 3695 3765 ἐπ-

2121 3806 2487 3876 οχησάμενος,
2513 3805 2771 3876 χρώματι
2809 3805 2865 3858 δὲ
2896 3805 2975 3875 τῷ
3013 3804 3214 3875 βενέτῳ
3257 3806 3692 3875 ἀμφιασάμενος,

2122 3899 2217 3950 καὶ
2254 3898 2486 3968 νικήσας
2534 3896 2909 3966 ἐστεφανώθη,
2941 3898 3049 3952 τῶν
3081 3897 3272 3968 δήμων
3314 3897 3661 3954 ἐπιϐοώντων

2120 3985 2337 4054 Καλῶς
2369 3983 2576 4057 ἦλθες,
2607 3988 2934 4056 ἀσύγκριτε
2964 3987 3329 4057 φακτονάρη.

2195 4167 2276 4223 ιε’.
2319 4166 2428 4221 Τοῦ
2471 4167 2531 4221 δὲ
2582 4166 2927 4241 πατριάρχου
2955 4167 3244 4222 Ἀντωνίου
3274 4168 3699 4240 τελευτήσαντος

2120 4261 2236 4314 ἀντ’
2278 4259 2447 4314 αὐτοῦ
2499 4262 2888 4330 χειροτονεῖται
2931 4259 3184 4329 Ἰωάννης
3217 4261 3245 4313 ὁ
3286 4259 3602 4326 σύγκελλος,
3633 4262 3700 4313 ἵν’

2121 4353 2258 4404 εἴπω
2284 4353 2314 4405 ὁ
2353 4350 2472 4414 νέος
2526 4350 2733 4419 Ἰαννὴς
2780 4351 2877 4403 καὶ
2920 4349 3208 4422 Ζαμϐρὴς,
3246 4351 3576 4421 βεϐοημὲνος
3607 4353 3698 4405 ἐπί

2119 4459 2178 4496 τε
2211 4442 2468 4513 μαγείαις
2496 4441 2594 4496 καὶ
2623 4440 3115 4512 λεκανομαντείαις
3142 4445 3238 4497 καὶ
3267 4443 3417 4516 πάσῃ
3438 4442 3693 4515 ἀσεϐείᾳ·

2121 4536 2181 4598 ὃς
2237 4535 2470 4606 ὄργανον
2525 4533 2831 4604 ἐπιτήδειον
2877 4535 3099 4604 εὑρεθὲν
3150 4535 3250 4603 τῆς
3289 4535 3383 4590 τοῦ
3435 4535 3699 4605 βασιλέως

2121 4627 2378 4690 ἀσεϐείας
2418 4644 2479 4680 τε
2513 4627 2608 4680 καὶ
2652 4625 2826 4697 ῥοπῆς
2855 4625 3006 4696 αὐτῷ
3036 4626 3216 4681 πάντα
3254 4629 3388 4695 πρὸς
3421 4627 3698 4682 ἀπώλειαν

2121 4717 2423 4789 είργάζετο.
2459 4719 2568 4771 Καὶ
2594 4717 2655 4772 ὂν
2685 4716 2840 4771 ῶδινε
2881 4717 3004 4787 μὲν,
3037 4719 3254 4787 κατεῖχε
3283 4718 3339 4770 δὲ
3383 4717 3695 4785 βασιλίσκον

2121 4809 2222 4878 τῆς
2251 4809 2525 4875 ἀσεϐείας,
2551 4811 2580 4862 ό
2599 4809 2854 4879 βασιλεὺς
2881 4809 3141 4882 ἐξέρρηξε
3175 4808 3269 4860 καὶ
3307 4807 3565 4870 ἀπέτεκε,
3595 4808 3696 4872 τάς

2125 4901 2287 4968 ἁγίας
2329 4902 2545 4966 εἰκόνας
2590 4901 2947 4974 ἀναχρίεσθαι
2980 4900 3064 4972 [P.
3118 4899 3247 4970 520]
3296 4897 3606 4969 προστάξας
3660 4900 3694 4972 ἢ

2123 4989 2391 5058 ἀπαλείφε
2401 4992 2545 5044 σθαι.

2198 5085 2294 5144 ις’.
2325 5074 2494 5142 Οὗτος
2533 5081 2563 5133 ὁ
2605 5079 2807 5150 Ἰαννὴς
2856 5080 2962 5151 πρὸ
3008 5079 3104 5135 τοῦ
3145 5081 3336 5145 ἄστεος
3380 5082 3588 5151 οἴκημα
3636 5085 3700 5137 ὲκ

2123 5171 2286 5225 λίθων
2309 5170 2582 5236 λαξευτῶν
2613 5174 3054 5240 κατασκευάσας,
3082 5173 3111 5226 ὃ
3144 5174 3382 5245 Τροῠλος
3414 5175 3580 5245 μέχρι
3607 5175 3701 5229 νῦν

2123 5263 2470 5334 ὀνομάζεται,
2513 5263 2600 5317 διά
2634 5282 2795 5318 τινων
2832 5264 3034 5318 θυσιῶν
3077 5265 3276 5332 ώμίλει
3335 5267 3448 5326 τοίς
3480 5266 3701 5336 δαίμοσι

2126 5355 2220 5407 καὶ
2249 5353 2326 5424 τῷ
2355 5354 2566 5423 βασιλΞῖ
2595 5355 2665 5407 τὰ
2695 5354 2955 5424 μέλλοντα
2999 5354 3369 5422 διεσήμαινεν.
3410 5358 3475 5408 ’³0
3511 5357 3575 5426 δὴ
3606 5361 3701 5411 καὶ

2127 5445 2413 5516 ἀνοίκητον
2447 5447 2663 5516 ἔμεινεν
2695 5446 2783 5498 διὰ
2814 5445 2912 5507 τάς
2961 5447 3018 5498 ἐν
3057 5444 3208 5514 αύτῴ
3236 5448 3533 5516 γενομένας
3579 5452 3700 5504 τότε

2125 5535 2233 5591 τῶν
2261 5538 2530 5606 δαιμόνων
2559 5537 2952 5605 ἐπιφοιτήσεις.

2201 5651 2288 5701 ιη.
2347 5633 2446 5684 Διά
2497 5630 2656 5682 τοῦτο
2707 5630 2995 5700 σύμμαχον
3041 5629 3228 5683 τοῦτον
3272 5632 3364 5684 καὶ
3412 5633 3700 5702 συνίστορα

2126 5725 2262 5794 ἔχων
2288 5722 2544 5790 Θεόφιλος
2593 5723 2688 5792 τῆς
2731 5722 2896 5776 αὐτοῦ
2941 5723 3225 5795 αἱρέσεως,
3259 5727 3287 5776 ὁ
3319 5724 3566 5795 δεύτερος
3596 5725 3700 5778 Νε-

2126 5821 2370 5876 κτεναϐῶ
2417 5821 2503 5874 τὸν
2540 5819 2774 5890 ρηθέντα
2818 5818 3100 5889 Ἰωάννην,
3147 5819 3343 5888 μᾶλλον
3376 5819 3430 5873 δὲ
3467 5818 3695 5890 Ἰαννὴν,
