4124 6420
431 469 532 536 861

1537 458 1733 522 νιΤιΕ
1771 455 2326 518 RECEN'I‘IORUM
2361 457 2568 517 IMPP.

3602 459 3710 521 862

417 577 512 631 τὺν
543 572 892 644 πατριάρχην
926 572 959 644 ἢ
1023 570 1398 641 μανδριάρχην
1429 569 1496 634 ⁸⁷,
1541 570 1634 622 τὸν
1673 567 1792 620 νέον
1837 565 2004 626 ὄντως

2121 563 2492 631 patriarcham
2543 563 2699 617 ἰΙΙιιιιι
2728 572 2785 618 et
2835 564 3303 632 mandriarcham,
3331 581 3535 622 novum
3583 580 3714 622 vere

433 665 848 736 Ἀπολλώνιονῆ
886 663 1138 732 Βαλαὰμ,
1177 665 1234 715 ὲν
1279 664 1393 725 τοῖς
1427 659 1551 714 καθ’
1589 660 1742 730 ἡμᾶς
1791 656 2004 728 χρόνοις

417 757 606 820 κακῶς
638 755 982 825 ἀναφανέντα
1009 755 1404 824 λεκανόμαντιν
1441 752 1539 806 καὶ
1574 753 1757 820 πάσης
1785 749 2005 802 θεοστυ-

416 848 550 920 γοῦς
574 847 826 920 πράξεως
852 848 948 902 καὶ
973 847 1259 918 τερατείας
1279 845 1452 898 δεινὸν
1475 843 1761 914 ὑποφήτην
1777 859 1792 875 ο
1824 841 1916 910 ὑφ’
1945 830 2007 892 οὗ

415 942 514 996 καὶ
545 938 616 992 τὰ
643 938 953 1010 γράμματα
982 937 1294 1000 παιδευθεὶς
1322 938 1351 990 ὁ
1374 936 1420 968 ’⁸
1450 935 1774 1006 εὑρίπιστος
1808 932 1905 985 καὶ
1923 931 2009 984 δό-

411 1033 531 1094 λιος
553 1031 600 1062 ”
625 1029 910 1100 ὑπηρέτης
936 1029 1160 1099 δόκιμος
1192 1027 1459 1098 ἐχθίστων
1493 1025 1835 1097 πραγμάτων
1861 1024 1876 1056 ⁸
1913 1019 2009 1074 καὶ

412 1121 512 1177 τοῦ
546 1119 797 1174 διαϐόλου
852 1120 1158 1191 ἐπιτήδειον
1206 1118 1439 1190 ὄργανον
1489 1118 1732 1186 γέγονεν.
1783 1114 1890 1177 Οὓς
1940 1114 2008 1166 ἂν

417 1214 643 1278 ἐνδίκως
674 1214 706 1267 ὁ
753 1213 898 1276 θεῖος
933 1211 1092 1279 λόγος
1131 1209 1508 1281 ὲπαράσσεται
1557 1205 2004 1278 σχετλιαπικῶς,

417 1308 646 1380 φάσκων
666 1327 680 1339 ·
717 1305 866 1362 Οὐαὶ
909 1304 1136 1369 αὐτοῖς,
1173 1303 1263 1358 ὅτι
1293 1302 1370 1372 τῇ
1398 1299 1518 1367 όδῷ
1551 1301 1659 1355 τοῦ
1693 1300 1840 1355 Κάϊν
1867 1300 2009 1351 ἐποο

409 1402 748 1472 ρεύθησαν,
808 1398 908 1452 καὶ
959 1395 1034 1466 τῇ
1078 1396 1287 1464 πλάνῃ
1336 1393 1446 1449 τοῦ
1499 1391 1748 1461 Βαλαὰμ
1785 1389 2008 1460 μισθοῦ

422 1493 604 1564 χάριν
630 1492 652 1522 ⁹
675 1491 1086 1560 ἐξεχύθησαν,
1119 1489 1219 1542 καὶ
1249 1486 1324 1556 τῇ
1359 1486 1673 1554 ἀντιλογίᾳ
1713 1481 1820 1536 τοῦ
1855 1477 2008 1548 Κορὲ

417 1585 760 1642 ἀπώλοντο.
800 1576 984 1638 Οὗτοί
1035 1581 1156 1634 είσι
1210 1576 1538 1648 γογγυσταί
1576 1574 1673 1628 καί
1714 1575 1735 1606 ³
1783 1571 2007 1640 μεμψί-

414 1692 628 1746 μοιροι,
668 1671 824 1727 κατὰ
875 1673 985 1738 τὰς
1017 1670 1338 1739 ἐπιθυμίας
1381 1667 1583 1722 αὐτῶν
1617 1664 2009 1732 πορευόμενοι

418 1767 490 1823 ἐν
515 1767 647 1834 ταῖς
680 1765 940 1833 ἀπάταις
963 1762 1182 1819 αὐτῶν.
1215 1762 1610 1834 Ἐφαρμὸσειεν
1642 1759 1687 1813 δ’
1712 1757 1779 1811 ἂν
1809 1757 1830 1788 ⁸
1861 1755 2009 1825 αὑτῷ

425 1859 572 1930 μάλα
600 1857 828 1920 εἰκότως
852 1857 948 1910 καὶ
978 1854 1047 1909 τὰ
1075 1854 1171 1908 τοῦ
1193 1854 1500 1926 ὁμοτρόπου
1535 1850 1823 1906 Ἰουλιανοῦ
1858 1848 2009 1918 παρὰ

419 1924 488 2022 ’τῇ
542 1949 781 2020 θεολόγῳ
831 1924 1262 2030 στηλιτευόμενα
1325 1924 1582 2018 λί).ὡσσῃ⁶
1639 1942 1846 2014 σφόδρα
1902 1940 2010 2012 γὰρ
2038 1924 2087 1983 Β

420 2039 668 2111 ἐμφερὴς
719 2038 1032 2108 έναπέφηνε
1087 2037 1184 2089 καὶ
1237 2037 1319 2100 εἰς
1372 2036 1540 2107 μηδὲν
1590 2032 1870 2096 ἀπεοικὼς
1913 2034 2015 2102 τῆς

420 2131 635 2185 ἐκείνου
665 2129 1008 2200 κακουργίας
1033 2129 1128 2183 καὶ
1149 2127 1500 2198 δυστροπίας.
1523 2127 1667 2196 Ἔφη
1692 2124 1852 2194 γοῦν·
1881 2121 2016 2190 Πῶς

414 2225 502 2295 μὴ
525 2225 808 2295 δακρύσω
833 2223 941 2278 τὸν
965 2223 1211 2288 ἄθλιον;
1242 2221 1370 2287 πῶς
1392 2221 1479 2292 μὴ
1504 2220 1702 2274 πλέον
1725 2220 1746 2250 ³
1770 2217 1889 2272 τῶν
1918 2217 2013 2271 δε-

419 2317 767 2388 διωγμένων
815 2317 960 2383 τοὺς
995 2313 1514 2385 προσδραμόντας,
1563 2311 1756 2366 πλέον
1788 2310 1856 2363 δὲ
1897 2309 2017 2363 τῶν

419 2407 979 2479 αὐτομολησάντων
1016 2410 1105 2475 είς
1139 2407 1256 2476 τὴν
1311 2407 1532 2460 κακίαν
1570 2405 1852 2474 θρηνήσω
1909 2401 2016 2454 τὸν

419 2501 945 2571 συναρπάσω-τω
965 2499 1209 2570 μᾶλλον
1236 2497 1305 2550 δὲ
1338 2495 1464 2562 τοῖς
1493 2495 1612 2564 μὲν
1641 2492 1824 2548 οὐδὲν
1846 2493 1867 2523 ⁸
1899 2492 2016 2545 δει-

419 2594 537 2649 νὸν
568 2594 636 2647 τὸ
665 2594 819 2662 ὑπὲρ
848 2592 1113 2662 Χριστοῦ
1151 2590 1381 2654 παθεῖν,
1435 2587 1596 2642 ἀλλὰ
1633 2587 1732 2640 καὶ
1772 2584 2017 2639 πάντων

414 2687 956 2758 μακαριστότατον,
1004 2689 1116 2740 οὐκ
1165 2683 1399 2737 ἐκεῖθεν
1447 2681 1666 2750 μόνον,
1697 2677 1860 2734 ἀλλὰ
1913 2677 2012 2731 καὶ

421 2780 521 2834 διὰ
558 2779 678 2848 τὴν
721 2778 1013 2833 ἐντεῦθεν
1053 2775 1340 2840 εὐδοξίαν
1389 2771 1490 2826 καὶ
1536 2771 1904 2840 παρρησίαν,
1935 2768 2016 2837 ἣν

421 2871 522 2927 διὰ
555 2871 674 2927 τῶν
706 2871 1012 2926 κινδύνων
1047 2868 1286 2934 ἑαυτοῖς
1343 2865 1729 2935 ἐχαρίσαντο.
1777 2862 1913 2928 Τοῖς
1948 2862 2016 2915 δὲ

421 2967 737 3036 προοίμιον
766 2964 885 3018 τῶν
931 2961 1396 3031 ἀπειλουμένων
1434 2959 1585 3024 ἅπερ
1624 2956 1742 3025 ἤδη
1785 2957 2015 3010 πεπόν-

422 3061 564 3112 θασι
582 3069 601 3087 ⁸
631 3055 732 3110 καὶ
772 3054 1029 3121 ,ϐέλτιον
1069 3050 1147 3124 ἦν
1170 3051 1397 3118 αὐτοῖς,
1425 3053 1476 3104 εὶ
1507 3048 1766 3102 ἐνταῦθα
1786 3049 2013 3116 μακρό-

422 3169 603 3222 τερον
629 3151 1086 3219 ἐκολάσθησαν,
1116 3148 1154 3218 ἢ
1181 3147 1307 3214 τοῖς
1336 3145 1466 3200 ἐκεῖ
1492 3145 2014 3212 δικαιοκριτηρίοις

422 3245 890 3314 ἐταμιεύθησαν.
930 3243 1038 3297 Καὶ
1087 3241 1199 3310 γὰρ
1226 3239 1430 3308 ὥσπερ
1464 3239 1572 3293 τὸν
1612 3233 2018 3307 χαμαιλέοντα
2042 3271 2087 3333 C

423 3335 606 3403 λόγος
639 3333 929 3388 παντοῖον
965 3334 1238 3404 γίνεσθαι
1265 3331 1490 3400 ῥᾳδίως
1531 3329 1629 3383 καὶ
1677 3327 1883 3394 πάσας
1918 3345 2020 3399 με-

424 3426 752 3480 ταϐάλλειν
802 3423 1012 3492 χροιὰς
1057 3423 1227 3490 πλὴν
1290 3421 1434 3494 μιᾶς
1457 3419 1570 3490 τῆς
1627 3423 2020 3486 λευκότητος,

424 3518 615 3584 οὕτως
637 3518 916 3584 κάκεῖνος
939 3518 1138 3570 πάντα
1155 3511 1237 3586 ἦν
1258 3513 1358 3569 καὶ
1376 3515 1606 3585 ἐγίνετο
1635 3514 1680 3565 Χ
1682 3513 2020 3581 ριστιανοῖς

427 3610 595 3679 πλὴν
615 3609 984 3678 ἡμερότητος
1000 3625 1014 3638 ·
1041 3609 1137 3662 καὶ
1170 3602 1250 3678 ἦν
1266 3608 1411 3662 λίαν
1437 3605 1841 3674 ἀπάνθρωπον
1862 3602 2023 3670 αὐτῷ

428 3701 496 3756 τὸ
545 3702 1008 3771 φιλάνθρωπον,
1063 3701 1160 3754 καὶ
1207 3701 1273 3753 τὸ
1341 3699 1607 3756 πιθανὸν
1643 3698 1874 3764 βίαιον,
1925 3697 2024 3752 καὶ

426 3797 733 3864 ἀπολογία
778 3795 890 3863 τῆς
947 3795 1300 3865 ἀγριότητος
1334 3795 1373 3862 ἡ
1421 3795 1786 3862 χρηστότης.
1845 3793 2026 3847 Ὅθεν

431 3885 684 3940 λεκτέον
726 3885 879 3954 πρὸς
913 3884 1120 3950 αὑτὸν,
1161 3883 1560 3952 Ἐὺηθέστατε
1607 3884 1706 3938 καὶ
1743 3883 2028 3938 ἀπαιδευ-

435 3979 639 4033 τότατε
696 3977 770 4032 τὰ
815 3976 1074 4048 μεγάλα,
1111 3977 1198 4030 σὺ
1249 3976 1402 4031 κατὰ
1444 3977 1742 4031 τοσούτου
1793 3975 2025 4046 κλήρου

431 4069 530 4124 καὶ
559 4068 672 4139 τῆς
713 4070 1070 4139 οἰκουμένης
1099 4067 1364 4136 ἀνέστης
1389 4070 1434 4134 τ,
1476 4068 1560 4122 σὺ
1603 4070 1754 4124 κατὰ
1777 4069 1890 4140 τῆς
1918 4068 2028 4123 τοῦ

431 4162 516 4234 1P.
539 4162 668 4236 52!]
706 4163 969 4232 Χριστοῦ
1011 4162 1384 4230 Ἐκκλησίας
1419 4161 1518 4217 καί
1565 4161 1586 4192 ⁸
1631 4163 1852 4228 θυσίας
1905 4163 2028 4229 τοῖς

431 4257 569 4323 σοῖς
593 4258 616 4290 ⁸
638 4255 943 4324 μιάσμασι
965 4296 981 4322 ,
1015 4255 1099 4309 σὺ
1132 4255 1285 4310 κατὰ
1339 4253 1446 4309 τοῦ
1478 4253 1595 4308 τὸν
1620 4254 1857 4322 κόσμον
1887 4259 2029 4310 καθ-

431 4348 717 4418 αίροντος
742 4351 787 4381 ³⁸
815 4350 1070 4418 αἵματος
1120 4346 1248 4414 τοῖς
1283 4345 1419 4413 σοῖς
1457 4344 1696 4417 μιαροῖς
1733 4345 2029 4414 αῖμασιν;
2067 4408 2072 4412 _

431 4440 517 4496 σὺ
532 4441 684 4511 μετὰ
715 4440 979 4510 Ἡρώδην
1004 4439 1282 4510 διώκτης,
1302 4438 1402 4494 καὶ
1425 4441 1578 4508 μετὰ
1620 4438 1851 4493 Ἰούδαν
1881 4454 2026 4508 προ-

431 4531 634 4602 δότης,
689 4533 860 4601 πλὴν
909 4533 1063 4588 ὅσον
1115 4534 1228 4587 οὐκ
1271 4533 1504 4602 ἀγχόνῃ
1535 4530 1652 4599 τὴν
1701 4530 2030 4600 μετάνοιαν

2113 655 2470 724 Apollonium
2506 656 2622 710 sive
2664 657 2904 722 Balaam,
2940 658 3145 712 nostris
3177 657 3712 728 temporibusjmalo

2115 747 2225 802 lato
2241 755 2447 812 ortum,
2477 764 2544 803 ex
2573 749 2715 819 pclvi
2743 749 3018 815 divinum,
3050 750 3218 820 800
3257 751 3549 820 omnisque
3595 751 3710 804 Deo
3785 741 3796 804 3

2114 854 2294 894 exosae
2341 840 2581 895 actionis
2637 841 3154 911 praestigiarumque
3205 841 3462 896 solertem
3533 842 3710 895 inter—

2116 939 2361 1000 pretem;
2395 947 2426 986 a
2444 947 2554 1001 quo
2580 933 2748 987 etiam
2773 932 2974 987 doctus
2999 933 3218 987 litteras
3249 930 3523 986 instabilis
3545 933 3712 985 homo

2115 1039 2180 1079 ac
2216 1024 2464 1090 dolosus,
2493 1024 2761 1094 probatus
2795 1024 3051 1079 minister
3096 1023 3472 1094 idoneumque
3503 1023 3710 1078 diaboli

2115 1133 2384 1188 organum
2410 1119 2642 1174 exstitit.
2681 1119 2841 1185 Quod
2891 1119 3089 1173 merito
3120 1118 3346 1174 divinus
3387 1133 3574 1174 sermo
3605 1117 3710 1170 ini-

2117 1212 2432 1265 serahiliter
2466 1212 2810 1280 deplorando
2857 1211 3010 1275 fecit,
3050 1211 3283 1266 dicens:
3332 1211 3417 1265 Va:
3461 1211 3556 1274 eis,
3583 1210 3711 1280 quia

2112 1303 2167 1356 in
2195 1303 2278 1356 via
2313 1302 2447 1357 Cain
2488 1304 2710 1374 ingressi
2745 1302 3112 1371 ambularunt,
3155 1313 3203 1356 et
3255 1319 3437 1356 errore
3480 1302 3712 1356 Balaam

2117 1397 2367 1450 mercedis
2392 1415 2557 1451 causa
2589 1399 2736 1468 effusi
2761 1406 2904 1463 sunt,
2933 1406 2981 1450 et
3009 1399 3429 1452 contradictione
3460 1395 3594 1452 Core
3625 1411 3713 1465 pe-

2118 1490 2342 1543 rierunt.
2375 1488 2471 1543 Isti
2503 1499 2626 1544 sunt
2658 1500 3102 1555 murmuratores,
3134 1489 3365 1561 queruli,
3391 1491 3556 1559 juxta
3583 1505 3711 1542 con-

2116 1583 2464 1651 cupiscentias
2487 1599 2612 1636 suas
2645 1581 2980 1637 ambulantes
3011 1583 3065 1636 in
3096 1579 3488 1635 seductionibus
3524 1581 3634 1634 suis
3658 1590 3708 1634 (1.

2115 1671 2436 1743 Congruant
2481 1673 2592 1728 illis
2640 1674 2764 1745 jure
2803 1675 3014 1745 optimo
3059 1683 3115 1729 et
3143 1689 3268 1744 quae
3308 1682 3437 1728 sunt
3481 1672 3709 1735 Juliani,

2118 1764 2315 1819 iisdem
2337 1766 2588 1821 moribus
2613 1766 2744 1834 viri,
2768 1767 2975 1838 quibus
3015 1783 3142 1823 eum
3167 1765 3478 1836 theologica
3518 1763 3706 1836 lingua

2116 1858 2423 1913 liberaliter
2458 1859 2682 1931 sugillat
2735 1875 2801 1915 ac
2825 1860 3026 1930 carpit.
3047 1859 3215 1914 Valde
3249 1859 3398 1913 enim
3429 1859 3481 1912 ei
3516 1856 3712 1912 similis

2115 1949 2313 2015 eluxit,
2343 1965 2446 2005 nec
2471 1950 2776 2022 quidquam
2808 1951 3088 2006 diversum
3113 1961 3277 2021 atque
3307 1951 3617 2006 abhorrens
3642 1949 3711 2004 ab

2115 2041 2238 2112 ejus
2255 2043 2465 2098 malitia
2488 2043 2738 2114 miraque
2757 2043 3028 2114 pravitate
3058 2045 3288 2100 habens.
3315 2043 3408 2098 Ait
3435 2043 3618 2112 itaque
3645 2057 3664 2080 τ
3694 2060 3707 2096 :

2118 2132 2392 2199 Quomodo
2422 2151 2526 2188 non
2563 2135 2829 2206 infelicem
2867 2136 3117 2208 lacrymis
3147 2125 3480 2207 prosequar?
3510 2151 3602 2190 nec
3626 2152 3711 2189 eos

2118 2228 2289 2297 magis
2321 2228 2412 2297 qui
2434 2245 2626 2283 manus
2652 2227 2909 2282 dederunt
2930 2246 3144 2300 seseque
3172 2229 3361 2283 abduci
3398 2229 3541 2299 passi
3565 2236 3710 2288 sunt,

2117 2335 2279 2388 quam
2322 2321 2413 2389 qui
2474 2324 2894 2392 persecutionem
2949 2322 3561 2391 sustinuei'untYmagis
3593 2336 3715 2374 vero

2117 2428 2202 2466 eos
2231 2412 2414 2482 lugebo
2446 2415 2536 2484 qui
2559 2416 2659 2485 ipsi
2681 2423 2869 2486 sponte
2891 2416 2962 2469 ad
2986 2415 3249 2470 malitiam
3291 2413 3714 2483 transfugerunt,

2117 2523 2276 2576 quam
2311 2507 2402 2576 qui
2450 2507 2500 2560 vi
2555 2509 2792 2578 quadam
2875 2508 3080 2578 abrepti
3127 2517 3269 2562 sunt.
3323 2505 3572 2571 Quinimo
3609 2504 3717 2559 uas

2118 2596 2332 2666 quidem
2384 2595 2517 2650 nihil
2559 2613 2723 2667 grave
2765 2614 2828 2651 ac
2877 2598 3075 2661 dirum,
3117 2598 3257 2668 quod
3308 2596 3502 2652 Christi
3553 2613 3718 2650 causa

2118 2688 2263 2756 passi
2289 2696 2433 2749 sunt,
2464 2688 2557 2741 sed
2590 2688 2731 2758 quod
2782 2698 2858 2742 est
2893 2691 3131 2743 omnium
3173 2691 3555 2744 beatissimum.
3599 2689 3717 2744 Non

2118 2795 2180 2833 ea
2211 2778 2382 2832 solum
2425 2779 2652 2845 ratione,
2681 2780 2773 2832 sed
2807 2788 2856 2834 et
2890 2793 3106 2851 propter
3126 2781 3302 2845 illam,
3329 2799 3448 2852 qua:
3474 2783 3594 2836 inde
3618 2791 3714 2844 est,

2118 2870 2419 2924 claritatem
2449 2887 2512 2924 ac
2565 2872 2822 2941 gratiam,
2867 2873 3020 2943 cujus
3065 2891 3159 2944 per
3202 2874 3442 2945 pericula
3489 2875 3588 2929 sibi
3637 2872 3719 2928 illi

2119 2972 2358 3018 auctores
2418 2964 2753 3016 exstiterunt.
2801 2962 3102 3020 Contrariis
3159 2983 3282 3020 vero
3334 2983 3396 3020 ea
3438 2982 3554 3037 qua:
3593 2966 3718 3036 jam

2118 3055 2263 3125 passi
2316 3065 2477 3118 sunt,
2537 3055 2691 3108 initia
2724 3063 2848 3108 sunt
2908 3072 3091 3108 eorum
3143 3071 3262 3126 qua:
3305 3055 3414 3109 illis
3466 3064 3717 3108 eventura

2119 3147 2266 3201 mala
2311 3146 2683 3211 intentantur;
2729 3146 3018 3217 meliusque
3067 3147 3175 3202 illis
3211 3157 3348 3212 erat,
3399 3148 3444 3200 si
3509 3151 3562 3199 in
3619 3149 3724 3200 hac

2119 3241 2226 3293 vita
2277 3239 2474 3292 diutius
2521 3237 2694 3307 puniti
2746 3247 2937 3303 essent,
2991 3255 3154 3309 quam
3214 3238 3352 3308 quod
3411 3238 3579 3308 futuri
3622 3239 3720 3290 arvi

2116 3333 2276 3402 justis
2295 3333 2514 3403 judiciis
2540 3341 2665 3386 sunt
2701 3333 2972 3386 reservati.
3005 3331 3167 3402 801
3206 3329 3420 3385 Etenim
3464 3330 3718 3400 quemad-

2123 3424 2339 3478 modum
2393 3425 2571 3495 {erant
2611 3423 3021 3480 chamwleonem
3061 3424 3264 3492 quidvis
3311 3422 3468 3492 facile
3517 3424 3719 3476 imitari

2125 3515 2402 3586 nullosque
2431 3534 2535 3571 non
2553 3517 2754 3572 colores
2770 3520 3058 3588 suscipere,
3083 3533 3187 3572 uno
3214 3517 3479 3571 duntaxat
3505 3526 3720 3584 excepto

2123 3609 2376 3674 candore,
2427 3611 2502 3663 sic
2539 3619 2589 3664 et
2641 3609 2734 3664 ille
2777 3613 2959 3666 omnia
2999 3619 3115 3665 erat
3173 3619 3333 3681 atque
3363 3609 3522 3678 ﬁebat
3571 3607 3722 3664 Chri-

2123 3701 2338 3769 stianis,
2362 3711 2579 3772 excepta
2603 3702 2870 3757 duntaxat
2901 3703 3306 3756 mansuetudine
3338 3719 3400 3755 ac
3419 3701 3720 3757 clementia.

2131 3793 2278 3849 Unde
2309 3795 2385 3848 his
2413 3795 2578 3848 verbis
2613 3813 2645 3848 a
2669 3796 2815 3849 nobis
2851 3793 3254 3866 compellandus
3287 3803 3404 3848 est:
3429 3793 3721 3848 Ilominum

2123 3886 2435 3940 stultissime
2468 3886 2726 3953 valdeque
2753 3886 3181 3952 inscientissime,
3217 3895 3273 3939 tu
3309 3887 3560 3940 adversus
3600 3895 3722 3941 tan-

2130 3987 2240 4036 tam
2270 3981 2632 4035 hwreditatem
2658 3998 2722 4035 ac
2750 3991 3021 4034 terrarum
3055 3981 3230 4033 orbem
3256 3980 3636 4032 insurrexisti?
3668 3988 3723 4032 tu

2132 4074 2384 4129 adversus
2437 4073 2636 4128 Christi
2679 4071 2974 4126 Ecclesium
3007 4080 3057 4126 et
3093 4071 3319 4125 hostiam
3347 4069 3572 4142 piaculis
3595 4071 3621 4125 ?
3665 4080 3723 4123 tu

2133 4166 2382 4221 adversus
2417 4165 2600 4219 mundi
2641 4163 2975 4236 piacularem
3016 4165 3333 4236 sanguinem
3363 4163 3588 4233 impuris
3621 4165 3724 4216 tuis

2131 4257 2534 4314 cruoribus?tu
2582 4265 2697 4328 post
2749 4256 3012 4310 Herodem
3047 4263 3353 4327 persecutor
3386 4266 3434 4308 et
3473 4262 3587 4324 post
3621 4255 3722 4308 Ju-

2132 4350 2259 4403 dam
2285 4349 2524 4421 proditor
2548 4348 2736 4416 (unum
2765 4347 2908 4402 abest
2945 4347 3085 4418 quod
3112 4364 3216 4401 non
3250 4346 3438 4418 laqueo
3463 4349 3720 4418 paeniten-

2131 4443 2263 4495 tiam
2290 4440 2480 4512 fecisti,
2506 4441 2641 4494 sicut
2670 4448 2718 4494 ct
2757 4439 2870 4507 ille)
2907 4455 2968 4493 ac
2998 4457 3117 4494 cum
3149 4438 3324 4493 Pilato
3363 4439 3556 4494 Christi
3586 4440 3722 4492 occi-

2130 4552 2241 4599 sor,
2298 4551 2521 4606 cumque
2564 4533 2766 4588 Iudaeis
2808 4532 2904 4585 Dei
2951 4549 3093 4596 osor,
3137 4532 3369 4603 injurias
3415 4540 3722 4584 sanctorum

432 4625 674 4694 ἔδειξας
726 4625 932 4695 ὥσπερ
958 4624 1258 4690 κάκεῖνος,
1293 4623 1394 4677 καὶ
1428 4626 1856 4693 χριστοκτόνος
1874 4625 2020 4692 μετὰ

2128 4625 2377 4691 violator,
2413 4625 2766 4681 Jeroboamnc
2811 4625 2983 4678 dicere
3013 4623 3407 4676 conuenientius
3437 4639 3508 4676 an
3545 4622 3722 4676 Achab

433 4717 700 4775 Πιλᾶτον
721 4719 785 4783 ¹¹,
815 4718 916 4772 καὶ
946 4719 1098 4787 μετὰ
1151 4715 1478 4782 Ἰουδαίους
1507 4717 1818 4786 μισόθεος,
1848 4719 1881 4770 ό
1910 4715 2028 4769 τῶν

434 4811 621 4880 ἁγίων
646 4809 954 4879 ὑϐριστής.
993 4808 1297 4878 Ἰεροϐοάμ
1324 4824 1399 4863 σε
1427 4807 1620 4862 είπεῖν
1641 4809 2024 4876 οἰκειότερον,

435 4905 476 4974 ἢ
526 4887 756 4975 Ἀχαὰϐ
792 4903 901 4958 τὸν
951 4903 1360 4972 Ἰσραηλίτην,
1410 4901 1549 4968 τοὺς
1601 4901 2026 4971 παρανομωτά-

433 5015 608 5064 τους,
658 4997 698 5065 ἢ
750 4993 960 5064 Φαραὼ
997 4994 1106 5048 τὸν
1154 4995 1502 5064 Αίγύπτιον,
1551 4994 1589 5060 ἢ
1641 4993 2023 5061 Ναϐουχοδο-

435 5093 625 5160 νόσορ
653 5089 763 5154 τὸν
782 5090 1140 5157 Ἀσσύριονς
1165 5087 1202 5155 ἢ
1227 5087 1426 5141 πάντα
1446 5087 1633 5141 ταῦτα
1656 5087 2024 5152 συνελόντες

434 5188 544 5239 ἕνα
582 5183 682 5238 καὶ
737 5183 843 5237 τὸν
876 5181 1066 5238 αὐτὸν
1111 5180 1528 5250 όνομάσωμεν,
1584 5181 1717 5234 ἐπεὶ
1762 5181 1860 5234 καὶ
1916 5181 2024 5248 τὰς

433 5275 680 5329 πάντων
713 5273 929 5338 κακίας
964 5272 1248 5341 φαίνεσαι
1277 5273 1366 5336 εὶς
1404 5270 1670 5326 σεαυτὸν
1709 5272 1752 5303 ¹²
1796 5274 2024 5327 συλλε-

2130 4717 2464 4785 Israelitem,
2527 4717 2924 4773 scelestissimos
2988 4715 3317 4771 hominum?
3381 4713 3723 4770 Pharaonem

2129 4808 2441 4880 Egyptium
2495 4827 2566 4864 an
2612 4809 3180 4865 Nabuchodonosorem
3250 4807 3575 4878 Assyrium?
3629 4816 3725 4860 aut

2130 4919 2233 4956 uno
2266 4901 2420 4954 verbo
2455 4910 2645 4956 cuncta
2677 4904 2788 4957 hazc
2819 4920 2987 4957 unum
3038 4899 3386 4970 eumdemque
3421 4897 3726 4970 appellave-

2130 4996 2317 5057 rimus,
2344 4993 2558 5062 quando
2578 4994 2743 5048 etiam
2767 4998 3007 5051 omnium
3037 4994 3166 5050 vitia
3197 5009 3262 5046 ac
3299 5007 3466 5045 noxas
3495 4991 3550 5044 in
3587 5001 3721 5044 tem-

2129 5086 2216 5158 plo
2241 5085 2513 5156 collegisse
2541 5086 2757 5148 videris,
2797 5086 3102 5142 Jeroboami
3144 5086 3495 5158 apostasiam,
3526 5083 3722 5138 Achabi

2128 5189 2402 5235 cruentam
2421 5178 2637 5243 aedem,
2672 5177 2974 5232 Pharaonis
2997 5179 3418 5243 obdurationem,
3446 5176 3724 5233 Nabucho—

2127 5273 2400 5327 douosoris
2445 5268 2822 5340 sacrilegium,
2871 5271 3112 5326 omnium
3151 5272 3314 5328 simul
3374 5271 3719 5342 impietatem.

501 5439 532 5481 ς
566 5428 750 5487 ludio.
784 5447 866 5498 XI,
897 5431 981 5487 16.
1066 5442 1084 5469 τ
1119 5430 1272 5486 Orat.
1306 5430 1360 5495 5,
1399 5437 1596 5500 quaest.
1630 5430 1654 5485 l
1699 5429 1756 5486 in
1784 5428 1992 5485 Julian.
2017 5447 2143 5502 pag.
2178 5432 2372 5488 67-74.

1728 5548 1963 5605 VAllUE
2003 5550 2405 5607 LECTIONES.

536 5644 580 5680 ’τ
618 5642 719 5717 illi
739 5670 817 5717 ‘-—
857 5637 1261 5717 μανδριᾴρᾷίηδι]
1291 5643 1748 5717 Συᾼμμύστηνᾼκαὶ
1777 5642 2069 5717 σύμμαχόν
2090 5661 2146 5717 τε
2169 5643 2276 5717 «καὶ
2309 5642 2765 5717 συνίστορα-ἔχων
2794 5643 2893 5717 τῆς
2924 5639 3188 5717 αἱρέσεως
3228 5644 3534 5717 ρδερτερος
3579 5643 3719 5717 ΔΝεέ

439 5712 795 5789 κτεναξὼλτρν
832 5711 1417 5789 πρτρηοέμνταςιαννὴυ
1446 5711 1815 5789 φατριὰρχην,
1843 5714 2046 5782 μᾶλλον
2085 5713 2141 5789 δὲ
2173 5713 2520 5789 perspicit;qu
2549 5715 2637 5789 καὶ
2655 5711 3045 5789 ᾷαιμονᾶρχῃν,
3066 5713 3156 5789 τὸν
3184 5711 3301 5789 ⁸εςέον
3328 5715 3391 5769 C.
3409 5711 3513 5789 _"-'"
3533 5719 3559 5789 ό
3579 5713 3612 5789 1-
3627 5716 3723 5789 καὶ

442 5783 804 5846 ὑπονοθωθεὶς
826 5787 854 5837 ὁ
876 5784 940 5838 C.

443 5854 571 5926 add.
604 5853 668 5908 C.
747 5855 772 5926 ξ
803 5851 1146 5926 μὴηπλῗέον-δ.
1178 5853 1240 5908 C.

445 5925 709 5997 Θήραντος
734 5924 813 5982 ΩΑ
873 5925 916 5957 ¹¹
953 5924 1186 5980 Πιλάτου
1214 5927 1276 5981 ι’.

1043 5784 1092 5815 ⁹⁹
1117 5783 1350 5844 δείλαιος
1379 5785 1440 5838 C.
1525 5786 1538 5814 ¹
1572 5785 1846 5852 ἀχοίστων
1881 5784 2220 5852 πραγμάτων
2253 5785 2376 5837 ειιΙιΙ.
2402 5787 2463 5837 (2.

1345 5855 1364 5882 “
1398 5855 1560 5919 μηδὲν
1583 5853 1639 5906 l’.
1711 5854 1730 5883 ⁷
1753 5855 2016 5924 ἁντέστης
2047 5855 2109 5908 (ἶ.

1355 5925 1396 5957 ¹²
1423 5926 1500 5988 εἰς
1541 5924 1731 5978 ἑαυτδν
1754 5924 2000 5994 φαίνεται
2033 5925 2093 5979 C.

2549 5788 2568 5816 ο
2610 5787 2903 5853 χάρινοιη,
2932 5783 2996 5838 (ἶ,
3072 5783 3093 5814 ³
3131 5785 3222 5836 καὶ
3249 5800 3358 5836 om.
3396 5785 3456 5837 Ο.
3538 5785 3558 5816 ⁸
3589 5784 3618 5836 δ
3647 5783 3721 5836 ἂν

2182 5855 2201 5886 ⁸
2241 5854 2566 5927 Ἐκκλησέας
2610 5858 2702 5910 καὶ
2745 5855 2937 5911 orn-.C.
2999 5859 3018 5890 τ’
3051 5857 3162 5919 σοῖς
3199 5853 3322 5911 add.
3359 5854 3421 5908 G.
3511 5854 3555 5884 ¹⁰
3611 5870 3723 5906 κα-
