4124 6444
419 448 528 510 863

1689 445 2012 506 GEORGII
2068 446 2415 509 MONACHI

3574 454 3678 518 864

425 562 521 617 Ubi
544 567 665 613 sunt
694 557 958 627 sacriﬁcia
999 565 1047 610 et
1077 559 1493 612 consecrationes
1523 565 1572 610 et
1605 559 1893 627 mysteria?
1917 559 2004 613 ubi
2033 613 2034 620 η

2134 548 2386 632 ῖιῇἰτενος,
2425 562 2729 632 Ἰεροὸοὰιι
2757 562 2872 632 τὴν
2895 565 3301 633 ἀποστασίαν,
3334 567 3560 635 Ἀχαὰϐ
3582 568 3700 639 τὴν

420 655 666 717 victimae,
716 662 828 706 tum
870 651 1170 721 manifesta:
1199 659 1312 704 tum
1341 666 1459 720 qua:
1497 651 1553 704 in
1593 651 1816 705 tenebris
1855 660 2012 721 atque

421 745 658 799 obscura:
677 744 703 797 2
730 744 817 798 ubi
835 745 1179 814 prwscientia:
1202 753 1446 814 portenta
1468 752 1515 796 et
1540 744 2013 812 gastrimytliarum

421 835 622 905 signa?
648 835 733 889 ubi
755 836 1008 889 adversus
1047 835 1383 890 Christianos
1415 837 1666 890 vaticinia
1706 845 1756 889 et
1799 839 2016 891 commi-

425 927 712 980 nationes?
747 927 1007 981 Abierant
1047 927 1210 996 802
1261 928 1461 990 omnia,
1509 926 1648 995 falsa
1690 928 2015 997 deprehensa

424 1027 571 1082 sunt,
615 1019 969 1088 deﬂuxerunt.
1025 1018 1356 1072 Insomnium
1392 1019 1514 1072 visre
1558 1026 1682 1071 sunt
1730 1019 2015 1088 impiorum

2113 654 2490 720 μιαιφονίαν,
2532 652 2745 721 Φαραὼ
2790 654 2908 722 τὴν
2943 656 3347 724 σκληρότητα,
3391 660 3699 729 Ναϐουχο-

2119 741 2379 809 δονόσορ
2425 742 2542 808 τὴν
2585 745 2956 811 ἱεροσυλίαν,
3011 746 3253 800 πάντων
3301 748 3450 816 ὁμοῦ
3497 751 3538 782 ⁸³
3586 751 3702 817 τὴν

2119 832 2421 888 ἀσέϐειαν.
2452 835 2576 888 Ποῦ
2605 838 2766 890 εἰσιν
2786 839 2847 889 al
2883 838 3087 891 θυσίαι
3113 839 3211 890 καὶ
3237 840 3470 892 τελεταὶ
3505 843 3601 894 καὶ
3631 843 3704 896 τὰ

2117 925 2460 993 μυστήρια;
2517 925 2636 980 ποῦ
2673 925 2901 995 σφάγια
2947 931 3180 995 φανερὰ
3213 946 3278 981 τε
3323 929 3423 981 καὶ
3454 931 3706 998 eiscum];

2121 1017 2241 1070 ποῦ
2275 1017 2557 1085 τεράστια
2582 1019 2980 1088 προγνώσεως
3012 1020 3108 1073 καὶ
3140 1020 3360 1089 σημεῖα
3391 1023 3705 1090 ἐγγαστρι-

426 1109 776 1179 gloriatione:
813 1117 863 1162 et
905 1110 1206 1180 jactantiw.
1241 1107 1438 1162 Cecidit
1481 1107 1598 1172 Bel,
1635 1111 1893 1162 contritus
1941 1115 2034 1182 est.

2134 1109 2354 1175 "50w,-
2399 1110 2519 1165 ποῦ
2553 1113 2613 1164 at
2659 1111 2812 1165 κατὰ
2871 1111 3250 1179 Χριστιανῶν
3279 1113 3556 1182 μαντεῖαι
3605 1114 3704 1168 καὶ

427 1202 640 1271 Dagon.
673 1201 788 1254 Non
809 1201 930 1269 jam
956 1200 1184 1270 amplius
1206 1199 1367 1254 stulto
1390 1200 1582 1255 dicturi
1613 1210 1734 1254 sunt
1754 1208 1809 1253 ut
1839 1201 2016 1267 praesit

2134 1200 2363 1254 ὶπειλαί
2378 1217 2398 1264 ;
2433 1201 2670 1271 Οἵχεται
2709 1202 2926 1263 πάντα,
2957 1202 3332 1272 διέψευσται,
3371 1203 3611 1275 διερρύη
3640 1207 3704 1255 ν’.

428 1292 669 1360 imperio.
692 1290 760 1350 Et
784 1307 921 1344 nunc
945 1307 1112 1360 parva
1135 1291 1244 1345 Ιιωε
1268 1291 1472 1345 miseris
1499 1289 1634 1360 forte
1659 1305 1676 1342 :
1711 1291 1811 1342 erit
1839 1299 2017 1342 autem

433 1391 656 1452 tempus,
684 1399 800 1435 cum
827 1383 953 1436 mihi
971 1382 1370 1436 contumeliosos
1396 1401 1457 1436 ac
1480 1383 1706 1451 injurias
1728 1384 2019 1451 horumque
2050 1395 2057 1402 ·

437 1490 688 1544 magnum
733 1475 1025 1527 antistitem
1075 1491 1138 1528 ac
1181 1474 1365 1528 ducem
1415 1476 1624 1528 visurus
1676 1491 1798 1528 sum
1839 1472 2019 1544 deplo-

443 1575 650 1619 rantem
677 1581 830 1619 suam
860 1567 1024 1636 ipsius
1053 1567 1372 1638 pravitatem
1405 1576 1453 1621 et
1484 1567 1771 1621 malitiam.

2122 1293 2308 1360 Ὄναρ
2331 1293 2524 1362 ἐφάνη
2547 1293 2668 1348 τῶν
2689 1294 2925 1350 ἀσεϐῶν
2947 1295 3018 1349 τὰ
3039 1297 3456 1365 κομπάσματα.
3481 1297 3706 1353 "Exeat

2121 1386 2332 1452 Βὰλη,
2355 1388 2679 1454 συνετρίϐη
2710 1387 2931 1457 Δαγὼν.
2972 1389 3182 1442 Οὐκέτι
3214 1391 3284 1442 οὐ
3315 1390 3355 1421 ¹⁶
3380 1390 3468 1459 μὴ
3494 1391 3708 1445 εῑπωσι

2124 1475 2204 1540 τῷ
2219 1475 2394 1544 μωρῷ
2415 1475 2638 1545 ἄρχειν.
2669 1478 2774 1531 Καὶ
2797 1478 2914 1531 νῦν
2933 1477 3120 1532 ταῦτα
3133 1479 3314 1546 μικρὰ
3333 1479 3455 1544 τοῖς
3477 1480 3709 1548 ἀθλίοις

2127 1563 2295 1629 ἴσως.
2327 1565 2535 1616 Ἔσται
2562 1565 2630 1617 δὲ
2667 1566 2870 1634 καιρὸς
2897 1566 3080 1633 ἡνίκα
3111 1567 3331 1637 ὄψομαι
3365 1569 3505 1635 τοὺς
3526 1570 3708 1638 ἐμοὺς

432 1657 722 1724 ὑϐριστὰς
747 1659 844 1711 καὶ
889 1659 996 1712 τὸν
1019 1659 1212 1729 μέγαν
1241 1662 1470 1714 τούτων
1500 1659 1851 1730 καθηγητὴν
1871 1657 2390 1726 ἀποκλαιομένους
2420 1657 2534 1726 τὴν
2562 1657 2796 1713 ἑαυτῶν
2829 1661 3047 1712 κακίαν
3084 1661 3150 1724 ³⁷,
3205 1660 3310 1714 ὅτε
3355 1660 3526 1718 πᾶσα
3582 1679 3712 1730 χρ.-

434 1769 597 1809 νεται
625 1755 720 1806 καὶ
752 1754 1144 1818 ,βασανίζεται
1180 1757 1361 1811 κακία
1386 1757 1427 1788 ⁸⁸
1457 1755 1556 1810 καὶ
1593 1757 1874 1825 πονηρία.

507 1842 699 1898 18-19.
733 1843 957 1897 Interim
980 1843 1112 1897 dum
1143 1844 1261 1899 haec
1292 1845 1370 1900 ita
1404 1845 1472 1899 ab
1513 1845 1848 1916 imperatore
1873 1845 2022 1916 ejus-
2047 1844 2096 1903 B

438 1949 547 2004 que
578 1943 874 2006 symmysta
911 1935 1224 2004 patriarcha
1257 1946 1545 2007 geruntur,
1576 1938 1852 1993 Arabibus
1895 1953 2020 1992 cum

439 2025 758 2096 ingentibus
809 2028 984 2098 copiis
1035 2028 1090 2083 in
1138 2031 1440 2084 Romanam
1486 2030 1679 2086 effusis
1727 2030 2020 2096 ditionem,

439 2117 743 2187 imperator
773 2135 882 2174 una
912 2137 1037 2176 cum
1073 2121 1256 2176 Persis
1282 2122 1526 2193 perfugis
1551 2131 1607 2177 et
1639 2122 1932 2178 ordinibus
1959 2139 2023 2179 ac

439 2208 688 2265 Manuele
718 2211 1022 2268 domestico
1043 2213 1306 2268 adversus
1336 2229 1430 2269 eos
1459 2215 1725 2285 procedit.
1755 2215 2024 2271 Conserta

439 2313 620 2367 pugna
686 2300 868 2355 victus
924 2311 1008 2356 est
1051 2301 1390 2370 imperator;
1446 2302 1780 2371 mediosque
1826 2304 2022 2357 Persas

440 2389 610 2451 subit,
647 2407 746 2460 per
766 2408 862 2446 eos
880 2394 1244 2461 praestandam
1266 2393 1370 2448 sibi
1402 2395 1633 2448 salutem
1653 2395 2022 2450 exsistimans.

441 2479 657 2534 Manuel
689 2482 820 2535 dum
862 2483 1294 2554 circumquaque
1324 2485 1563 2540 lustrans
1598 2485 1654 2539 in
1685 2487 1864 2540 medio
1889 2487 2026 2542 Per-

443 2587 630 2624 sarum
659 2573 1047 2642 imperatorem
1085 2577 1446 2631 constitutum
1474 2577 1749 2647 cognovit,
1776 2579 2026 2648 velleque

445 2679 542 2718 eos
567 2665 745 2732 ipsum
769 2665 1042 2720 Arabibus
1073 2666 1328 2736 prodere,
1353 2683 1527 2738 caque
1557 2671 1770 2725 ratione
1802 2687 1898 2725 eos
1919 2671 2027 2726 sibi

443 2757 762 2823 conciliare,
823 2761 1105 2829 perruptis
1155 2760 1222 2816 iis
1279 2762 1516 2826 mediis,
1570 2763 2028 2833 apprehensoque

444 2849 572 2917 equi
616 2851 963 2919 imperatoris
1009 2852 1187 2918 freno,
1237 2868 1304 2906 ex
1353 2869 1545 2908 eorum
1573 2869 1750 2908 cuneo
1792 2854 2027 2909 invitum

445 2939 676 3008 expulit,
729 2956 929 3011 nempe
971 2942 1108 2995 nihil
1151 2943 1438 2997 ferendum
1474 2944 1739 3000 Romanis
1785 2946 2028 3002 dedecus

445 3029 783 3096 existimans,
821 3033 867 3086 si
914 3033 1284 3088 Romanorum
1317 3035 1614 3105 imperator
1648 3037 1718 3090 ab
1756 3037 2030 3095 Arabibus

448 3130 642 3190 captus
676 3123 776 3176 sub
818 3124 950 3194 jugo
978 3125 1315 3180 mitteretur.
1354 3127 1551 3182 Verum
1585 3129 1884 3198 imperator
1918 3147 2029 3200 pm

2197 1835 2389 1908 ιη’-ιθ’.
2414 1835 2631 1890 Τούτων
2664 1839 2705 1870 ¹⁹
2739 1837 2794 1892 δὲ
2819 1837 2992 1902 οὕτως
3035 1841 3427 1910 πραττομένων
3471 1843 3624 1914 παρά
3651 1861 3709 1897 τε

2122 1933 2217 1986 τοῦ
2254 1931 2523 2002 βασιλέως
2563 1931 2660 1986 καὶ
2702 1933 2796 1985 τοῦ
2846 1934 3168 2003 συμμύστου
3203 1936 3370 1989 αὐτοῦ
3426 1937 3707 2009 πατριάρ-

2123 2040 2244 2094 χου,
2286 2020 2524 2088 ’Ἄραϐες
2562 2022 2700 2091 μετὰ
2730 2021 3014 2090 δυνάμεως
3066 2022 3270 2092 πολλῆς
3301 2023 3442 2076 κατὰ
3488 2025 3708 2094 Ῥωμαο

2125 2114 2244 2176 νίας
2276 2113 2536 2184 ἐξῄεσαν,
2571 2115 2598 2165 ὁ
2653 2113 2710 2166 δὲ
2771 2113 3027 2183 βασιλεὺς
3086 2115 3204 2185 ἅμα
3265 2119 3382 2178 τοῖς
3438 2117 3713 2187 πρόσφυξι

2126 2207 2366 2272 Πέρσαις
2404 2207 2503 2258 καὶ
2548 2208 2660 2270 τοῖς
2705 2207 2949 2276 τάγμασι
2991 2210 3084 2260 καὶ
3116 2209 3374 2281 Μανουὴλ
3404 2209 3714 2280 δομεστίκῳ

2127 2301 2250 2352 κατ’
2283 2299 2466 2351 αὐτῶν
2495 2299 2716 2370 ἐχώρει.
2764 2299 2874 2353 ΚαὶΙ
2907 2301 3182 2371 συμϐολῆς
3216 2303 3517 2372 γενομένης
3543 2303 3714 2373 ἡττή-

2129 2392 2194 2462 θη
2215 2392 2242 2444 ὁ
2275 2391 2549 2460 βασιλεὺς,
2586 2391 2682 2444 καὶ
2718 2392 2882 2461 μέσον
2917 2392 3134 2463 εἰσῆλθε
3180 2393 3288 2446 τῶν
3336 2396 3587 2465 Περσῶν,
3621 2394 3718 2448 ὑπ’

2129 2481 2310 2535 αὐτῶν
2345 2482 2721 2550 περισωθῆναι
2746 2482 3055 2540 ὑπολαϐών.
3096 2487 3357 2558 Μανουὴλ
3381 2487 3438 2540 δὲ
3467 2488 3542 2550 ὡς
3572 2488 3716 2555 ἔγνω

2130 2573 2483 2644 περισκοπῶν
2517 2574 2680 2642 μέσον
2731 2574 2838 2626 τῶν
2896 2576 3123 2644 Περσῶν
3178 2579 3270 2630 τὸν
3307 2579 3530 2649 βασιλέα
3560 2580 3715 2644 ὄντα,

2130 2665 2328 2726 αὐτοὺς
2349 2664 2405 2718 δὲ
2434 2664 2788 2736 βουλομένους
2818 2669 2928 2730 τοῖς
2967 2668 3174 2739 ’Ἄραψι
3202 2670 3390 2722 τοῦτον
3422 2670 3718 2741 προδοῦναι

2131 2762 2226 2815 καὶ
2253 2761 2321 2814 δι’
2357 2762 2519 2815 αὑτὸν
2549 2763 2958 2832 καταλλαγῆναι
2987 2764 3172 2824 αὐτοῖς
3190 2803 3205 2827 ,
3236 2763 3523 2832 διασχίσας
3551 2763 3716 2832 μέσον

2131 2855 2314 2909 αὐτῶν
2343 2857 2437 2908 καὶ
2473 2855 2566 2909 τοῦ
2601 2855 2819 2926 χαλινοῦ
2855 2856 2950 2910 τοῦ
2987 2856 3154 2909 ἵππου
3193 2857 3285 2907 τοῦ
3331 2854 3596 2924 βασιλέως
3622 2853 3721 2907 λα-

2134 2943 2360 3014 ϐόμενος
2389 2944 2651 3018 ἐξήλασεν
2703 2946 2906 2999 ἄκοντα
2940 2945 3132 2997 τοῦτον
3175 2943 3408 3010 ἐξάγων,
3454 2941 3719 3013 αἰσχύνην

2133 3035 2438 3107 ἡγούμενος
2489 3037 2552 3090 ού
2611 3038 2884 3105 καθεκτὴν
2929 3035 3242 3106 Ῥωμαίοις,
3279 3037 3328 3089 εἰ
3373 3034 3721 3104 τὸνβασιλέα

2144 3128 2431 3199 Ῥωμαίων
2471 3129 2712 3200 ’Ἄραϐες
2746 3128 3093 3198 αἰχμάλωτον
3137 3127 3395 3182 λάϐωσιν.
3448 3125 3504 3180 ’0
3528 3126 3584 3178 δὲ
3619 3125 3718 3196 βα-

451 3211 648 3267 timore
697 3215 845 3270 sanis
883 3216 1054 3272 animi
1094 3219 1406 3274 rationibus
1449 3219 1698 3290 dejectus
1729 3221 1798 3276 ad
1841 3223 2033 3279 Persas

2139 3222 2323 3288 σιλεὺς
2350 3222 2430 3292 τῷ
2451 3222 2561 3275 δέει
2597 3224 2692 3276 τοῦ
2715 3220 3116 3291 καθεστηκότος
3154 3219 3353 3282 ἐκστὰς
3379 3219 3722 3290 προσρυῆναι

451 3318 645 3360 rursus
677 3307 820 3361 elabi
865 3308 1165 3363 nitebatur.
1221 3311 1282 3364 In
1341 3327 1506 3380 quem
1549 3313 1764 3369 ll-lanuel
1814 3326 2033 3372 arrecto

451 3393 632 3463 glalio
656 3397 810 3465 quasi
837 3413 1206 3466 percussurus
1232 3401 1564 3456 minabatur.
1592 3403 1897 3474 Imperator
1922 3416 2034 3462 ter-

452 3499 577 3540 rore
612 3496 768 3541 actus
817 3488 1131 3558 invitusque
1171 3491 1334 3561 803
1383 3503 1606 3549 secutus
1641 3495 1730 3549 vix
1773 3496 2035 3553 incolumi

454 3575 564 3628 vita
594 3577 791 3630 evasit.
826 3577 958 3631 Inde
994 3580 1198 3648 probro
1246 3582 1568 3653 ingentique
1612 3585 1844 3642 aﬂ‘ectus
1879 3589 2034 3646 clade

456 3665 760 3736 Dor-ylaeum
795 3671 1114 3725 revertitur.
1142 3673 1355 3729 Manuel
1390 3691 1456 3730 ex
1483 3679 1724 3747 acceptis
1758 3679 1812 3736 in
1847 3681 2038 3750 przelio

457 3756 631 3827 plagis
653 3769 926 3828 :egrotans
954 3761 1076 3817 fatis
1097 3763 1319 3821 functus
1340 3777 1446 3828 est,
1475 3784 1598 3822 cum
1627 3771 1846 3841 egregia
1867 3773 2038 3830 multa

457 3848 592 3903 belli
618 3849 861 3906 facinora
899 3852 1164 3911 adversus
1189 3858 1468 3928 Agarenos
1502 3861 1866 3932 designasset.
1912 3863 2040 3934 Ejus

458 3941 689 4002 relatum
747 3959 946 4015 corpus
995 3947 1049 4002 in
1101 3951 1436 4004 monasterio
1485 3950 1556 4006 ab
1612 3952 1732 4022 ipso
1789 3953 2039 4011 Manuele

459 4038 682 4092 condito
711 4039 1024 4109 depositum
1051 4055 1154 4109 est,
1191 4044 1342 4114 iuxta
1375 4047 1673 4103 cisternam
1703 4049 1952 4121 Asparis.

527 4211 614 4266 20.
658 4214 958 4272 Confestim
995 4219 1182 4275 Persis
1225 4221 1439 4294 objecta
1481 4223 1712 4281 crimina
1754 4229 1898 4298 apud
1940 4229 2041 4282 im—

459 4312 802 4371 peratorem,
864 4310 1136 4379 mitumque
1197 4311 1479 4368 intentata
1539 4317 1803 4372 adversus
1857 4319 2041 4374 Theo-

459 4396 705 4464 pbobum
741 4407 998 4469 tanquam
1041 4404 1306 4458 rebellem
1344 4423 1407 4461 ac
1439 4407 1799 4477 perduellem.
1831 4410 2044 4478 Quibus

461 4488 837 4560 Theophobus
877 4494 1139 4564 cognitis,
1179 4501 1477 4571 assumptis
1522 4505 1734 4570 Persis,
1780 4505 2038 4572 SinOpem

464 4595 639 4648 usque
678 4582 985 4652 descendit,
1017 4597 1341 4662 captamque
1370 4567 1592 4666 tyranni
1646 4567 1930 4666 potestate-
1960 4608 2042 4654 te-
2073 4567 2117 4622 Β

461 4672 606 4726 nuit.
640 4672 946 4743 Imperator
992 4681 1083 4736 ubi
1128 4686 1370 4753 rescivit,
1408 4688 1615 4758 ingenti
1657 4691 1785 4746 inde
1814 4691 2045 4748 affectus

465 4777 724 4832 maerore,
762 4769 971 4824 veritus
1000 4774 1212 4831 scilicet
1251 4793 1321 4832 ne
1367 4778 1404 4832 ii
1442 4780 1510 4834 ad
1553 4781 1762 4836 Arabes
1802 4783 2044 4838 conflue-

467 4863 612 4919 rent,
656 4856 710 4910 in
757 4857 1181 4933 Paphlagoniam
1213 4883 1387 4938 usque
1429 4868 1548 4939 ipse
1579 4872 1763 4938 venit;
1806 4872 2044 4943 dataque

463 4947 545 5001 eis
600 4951 914 5007 securitatis
954 4954 1057 5010 fide
1113 4966 1505 5029 assumptoque
1547 4961 1886 5032 Theophobo
1935 4982 2043 5021 una

464 5056 590 5094 cum
641 5043 734 5096 illo
783 5043 835 5099 in
873 5048 1069 5102 urbem
1115 5067 1372 5106 reversus
1418 5063 1532 5118 est,
1587 5054 1770 5111 Persis
1819 5058 2045 5127 reliquis

465 5146 534 5185 eo
567 5132 990 5202 divertentibus,
1024 5140 1117 5194 ubi
1155 5156 1185 5194 a
1229 5142 1502 5212 principio
1547 5145 1706 5201 sedes
1757 5146 1865 5200 illis
1911 5148 2047 5202 assi-

465 5233 643 5292 gnate
693 5239 870 5282 erant.
912 5229 1254 5299 Diligebatur
1297 5243 1480 5289 autem
1521 5236 1892 5308 TheOphobus
1932 5254 2042 5293 non

466 5315 652 5370 minus
687 5332 719 5371 a
751 5319 966 5375 civibus
1000 5337 1164 5390 quam
1201 5339 1232 5378 a
1273 5324 1472 5392 Persis,
1518 5329 1719 5399 quippe
1760 5329 1854 5399 qui
1901 5340 2046 5385 esset

466 5409 829 5467 orthodoxus.

537 5501 628 5555 2|.
674 5505 888 5561 Accidit
935 5523 1034 5577 per
1074 5509 1125 5564 id
1167 5519 1380 5583 tempus
1422 5524 1481 5570 ut
1530 5517 1917 5586 imperatorem
1976 5515 2042 5570 ad

2138 3316 2298 3370 πάλιν
2347 3317 2465 3380 τοῖς
2504 3315 2742 3384 Πέρσαις
2786 3313 3069 3384 ἠϐούλετο.
3127 3313 3184 3365 '0
3256 3312 3312 3366 δὲ
3364 3311 3620 3382 Μανουὴλ
3661 3313 3724 3365 τὸ

2137 3408 2291 3477 ξίφος
2323 3407 2596 3461 ἀνέτεινεν
2631 3404 2707 3467 ὡς
2737 3402 2998 3468 πατάξων
3037 3403 3225 3457 αὐτόν.
3277 3401 3334 3454 Ὀ
3364 3400 3420 3453 δὲ
3461 3400 3722 3470 φοϐηθεὶς

2136 3499 2230 3554 καὶ
2262 3499 2410 3554 ἄκων
2430 3497 2734 3562 συνείπετο,
2773 3495 2922 3566 μόλις
2951 3494 3258 3556 διασωθείς.
3293 3493 3562 3547 Κάκεῖθεν
3591 3492 3724 3545 ὑπο-

2144 3592 2371 3662 στρέφει
2418 3593 2476 3644 ἐν
2507 3588 2587 3659 τῷ
2623 3587 2904 3659 Δορυλαίῳ
2938 3587 3059 3658 μετ’
3105 3586 3366 3656 αἰσχύνης
3409 3585 3504 3639 καὶ
3549 3585 3721 3655 ἥττης

2138 3685 2360 3754 πολλῆς.
2411 3683 2472 3736 '0
2501 3683 2559 3736 δὲ
2588 3681 2850 3750 Μανουὴλ
2894 3682 2953 3732 ἐν
2986 3680 3066 3750 τῷ
3114 3680 3337 3749 πολέμῳ
3360 3677 3591 3750 τρωθεὶς
3623 3677 3716 3730 καὶ

2138 3777 2370 3844 νοσήσας
2401 3773 2740 3843 ἐτελεύτησε,
2774 3771 2860 3844 [Ρ.
2915 3770 3041 3843 5'22]
3088 3769 3291 3833 πολλὰς
3349 3767 3717 3839 ἀνδραγαθίας

2140 3864 2281 3920 κατὰ
2325 3863 2435 3918 τῶν
2489 3863 2806 3935 Ἀγαρηνῶν
2864 3863 3286 3934 ἐνστησάμενος.
3323 3862 3398 3916 Τὸ
3443 3861 3502 3916 δὲ
3560 3859 3720 3929 σῶμα

2139 3955 2304 4010 αὑτοῦ
2341 3953 2712 4025 ά-ποκομισθὲν
2739 3951 2900 4024 ἐτέθη
2927 3955 2985 4004 ὲν
3015 3954 3078 4024 τῇ
3105 3953 3196 4004 ὑπ’
3226 3949 3393 4004 αὑτοῦ
3427 3949 3716 4019 κτισθείσῃ

2145 4050 2280 4120 μονῇ
2312 4046 2408 4102 τοῦ
2429 4046 2709 4118 Μανουὴλ,
2739 4045 3006 4117 σύνεγγυς
3027 4044 3129 4114 τῆς
3155 4043 3478 4115 κινστέρνης
3511 4043 3724 4094 Ἀσπα-

2210 4175 2258 4206 ὀ

2147 4159 2284 4289 90;.
2318 4235 2428 4287 Καὶ
2478 4232 2640 4295 εὐθὺς
2692 4231 2942 4286 διαϐολαὶ
2997 4229 3140 4285 κατὰ
3179 4229 3407 4301 Περσῶν
3459 4228 3599 4300 πρὸς
3628 4229 3723 4282 τὸν

2147 4323 2390 4394 βασιλέα,
2423 4325 2520 4379 καὶ
2572 4322 2796 4378 ἀπειλαὶ
2835 4322 2980 4376 κατὰ
3017 4322 3291 4391 Θεοφὸϐου
3342 4321 3417 4384 ὡς
3455 4321 3722 4392 ἀντάρτου

2145 4417 2241 4470 καὶ
2287 4414 2547 4484 προδότου
2602 4412 2697 4467 καὶ
2751 4411 3075 4482 δυσμενοῦς.
3111 4413 3177 4464 ’Ἀ
3230 4409 3418 4482 μαθὼν
3457 4407 3728 4479 Θεόφοὸος

2145 4509 2270 4569 τοὺς
2307 4509 2520 4577 Πέρσας
2565 4503 2858 4558 ἀναλαϐὼν
2893 4503 3160 4576 κατῆλθεν
3187 4504 3288 4566 ἕως
3326 4501 3598 4572 Σινώπης,
3633 4502 3728 4555 καὶ

2146 4597 2350 4666 ταύτην
2379 4595 2718 4666 παραλαϐὼν
2739 4597 2959 4665 κατεῖχε
2987 4593 3348 4665 τυραννικῶς.
3367 4593 3546 4664 Ὅπερ
3568 4592 3730 4660 γνοὺς

2147 4689 2176 4741 ὁ
2200 4688 2455 4757 βασιλεὺς
2495 4688 2589 4742 καὶ
2622 4689 2680 4740 ὲν
2730 4687 2943 4757 μεγάλῃ
2978 4687 3121 4758 λύπῃ
3170 4685 3460 4755 γενόμενος
3515 4682 3725 4751 (ἐδεδίει

2147 4780 2259 4848 γὰρ
2317 4778 2392 4849 μή
2447 4795 2565 4841 πως
2603 4776 2969 4849 παραρρυῶσι
3007 4778 3118 4838 τοῖς
3155 4772 3382 4845 Ἀραψι)
3432 4770 3528 4823 καὶ
3561 4770 3724 4839 μέχρι

2151 4869 2533 4939 Παφλαγονίας
2564 4869 2726 4932 αὐτὸς
2757 4868 2945 4940 ἀπῄει·
2986 4870 3080 4921 καὶ
3111 4867 3268 4933 λόγον
3302 4863 3486 4923 αὐτοῖς
3519 4860 3594 4923 ὼς
3627 4859 3723 4910 ού-

2145 4962 2233 5015 δὲν
2261 4963 2430 5015 δεινὸν
2459 4961 2734 5014 πείσονται
2763 4958 3033 5021 δεδωκὼς,
3066 4956 3266 5010 καὶτὸν
3295 4951 3564 5020 Θεόφοϐον
3593 4952 3727 5004 ἀνα-

2151 5054 2471 5124 λαϐόμενος,
2499 5051 2806 5124 ὑπέστρεψε
2839 5051 2957 5122 μεθ’
2989 5049 3180 5102 ἑαυτοῦ
3214 5047 3269 5099 ἐν
3310 5047 3376 5116 τῇ
3414 5045 3588 5106 πόλει,
3621 5044 3733 5096 τῶν

2151 5147 2327 5202 ἄλλων
2379 5146 2604 5217 Περσῶν
2640 5142 3104 5216 παραγενομένων
3151 5132 3325 5210 οὗπερ
3371 5138 3732 5207 κατεσκηνώ-

2152 5240 2325 5308 θησαν
2377 5239 2437 5303 ἐξ
2474 5239 2670 5310 ἀρχῆς.
2720 5237 2999 5305 Ἠγαπᾶτο
3046 5233 3102 5286 δὲ
3143 5232 3411 5302 Sedcf/J60;
3443 5230 3597 5301 παρὰ
3621 5231 3731 5283 τῶν

2151 5331 2384 5385 πολιτῶν
2413 5332 2511 5401 οὐχ
2548 5325 2710 5401 ἦττον
2739 5329 2771 5399 ἢ
2814 5329 2924 5382 τῶν
2958 5325 3182 5398 Περσῶν
3217 5326 3291 5388 ὡς
3318 5321 3618 5396 ὀρθόδσξος.

2225 5517 2330 5565 κα’.
2369 5511 2501 5564 Τότε
2549 5510 2615 5581 δὴ
2658 5510 2930 5579 γινομένῳ
2966 5509 3012 5540 ²⁰
3058 5506 3138 5578 τῷ
3187 5506 3397 5577 βασιλεί
3429 5504 3565 5576 πρὸς
3591 5501 3734 5556 Βλα-

1751 5671 1982 5726 VARUS
2028 5665 2431 5726 LECTIOXES.

553 5797 596 5827 ¹³
620 5797 732 5865 ἅμα
753 5799 812 5849 Ρ.

486 5864 600 5930 ρίαν
641 5864 700 5920 1⁷⁸.

893 5801 934 5831 ’³
963 5801 1382 5876 ὁιερῥύηκενᾨ.
1461 5808 1500 5836 ¹⁸
1533 5807 1626 5857 ἐπὶ
1657 5805 1921 5876 Βεσελεὴὶ
1955 5807 2016 5860 (ἶ.

782 5870 821 5897 ³⁸
853 5873 937 5923 ὅτε
973 5897 1038 5910 -
1063 5875 1225 5926 κακία
1255 5875 1374 5928 add.
1405 5877 1464 5930 (1.

2093 5808 2133 5838 "
2161 5809 2219 5858 οὐ
2249 5824 2357 5861 om-
2391 5808 2454 5860 C.

1548 5878 1589 5907 ”
1617 5876 1818 5931 τούτων
1850 5908 1914 5952 -τ-
1943 5893 1993 5946 p.
2031 5877 2134 5931 810
2168 5879 2478 5947 κατέθηκαν
2541 5893 2646 5932 om.
2692 5876 2753 5930 Ο.
2833 5878 2877 5910 ²⁰
2899 5879 3107 5945 γίνεται
3138 5877 3200 5932 Ρ.

2536 5806 2574 5836 ’⁷
2612 5808 2810 5877 κακίαν
2835 5836 2902 5847 -
2929 5804 3191 5877 πονηρίαἶ
3224 5805 3532 5862 κακίανκαὶ
3554 5819 3721 5874 πονη-
