4124 6462
424 325 532 396 865

1521 336 1719 398 ΥΙΤίΕ
1760 332 2312 426 ΠΕΟΕΝΤΙΟΒΗΜ
2357 337 2558 399 IMPP.

3583 344 3696 407 865

424 444 670 514 κέρναις,
701 442 844 496 καθὰ
888 441 1113 505 εἴθιστο.
1151 444 1462 516 ὑπάντησεν
1499 445 1650 516 αὐτῷ
1671 463 1755 509 τις
1787 444 2005 516 προσελε

2121 444 2455 502 Blachernas
2488 463 2806 517 processum
2848 450 3140 506 habentem
3173 452 3445 524 quispiam
3486 454 3704 508 obviam

425 533 532 587 θὼν
564 535 659 586 καὶ
684 534 858 603 λέγων
885 533 1046 588 ὅτιὈ
1075 537 1261 600 ἵππος
1285 529 1333 603 ᾧ
1355 536 1653 605 ἐποχεῖται
1673 535 2008 604 ἠβιισιλεία

421 627 900 694 σουέμόςέστιν.
938 624 1045 680 Τοῦ
1095 627 1153 680 δὲ
1209 630 1376 682 ἵππου
1429 629 1761 701 σκιρτῶντος
1806 629 1895 682 διὰ
1946 630 2008 681 τὸ

421 720 706 787 αἰφνιδίως
735 718 1042 789 προσιέναι,
1077 721 1173 773 καὶ
1201 721 1294 773 τοῦ
1323 721 1587 791 βασιλέως
1615 721 1806 774 τοῦτον
1839 737 2009 775 κατα-

423 810 668 878 σχόντος,
695 809 788 863 τὸν
821 812 1039 880 κόμητα
1066 811 1160 864 τοῦ
1195 812 1428 865 πάὸλου
1460 812 1820 883 ἐπηρώτησεν
1850 815 1876 866 6
1906 813 2011 883 βα-

422 900 628 964 σιλεὺς,
669 901 839 968 Τίνος
878 902 1051 957 ἐστὶν
1083 907 1116 956 ὀ
1146 904 1327 971 ἵππος
1345 920 1365 970 ;
1401 903 1463 960 '0
1491 903 1550 957 δὲ
1577 904 1702 976 ἔφη’
1734 903 1788 956 '0
1817 905 2008 973 κόμης

419 994 529 1048 τοῦ
605 995 849 1063 ὀψικίου
909 998 1270 1052 ἀπέστειλεν
1331 998 1522 1053 αὐτὸν
1593 999 1668 1067 τῇ
1721 998 2009 1075 βασιλεία

421 1103 562 1142 σου.
595 1087 800 1142 Τούτου
828 1089 885 1143 δὲ
910 1091 966 1143 ὲν
993 1093 1059 1162 τῇ
1090 1092 1241 1144 πόλει
1272 1091 1612 1164 εὑρεθέντος,
1644 1094 1710 1162 τῇ
1743 1090 2008 1162 ἐπαύριον

399 1177 645 1247 ἀγαγὼν
679 1181 842 1233 αὐτὸν
869 1183 897 1232 ὁ
938 1181 1192 1252 βασιλεὺς
1221 1185 1315 1237 καὶ
1345 1185 1435 1238 τὸν
1461 1185 1831 1256 προσελθόντα
1858 1185 2008 1256 αύτῷ

421 1271 550 1342 ἔφη·
583 1274 734 1325 Εἰπὲ
762 1276 829 1327 τὸ
857 1274 1102 1343 ἀληθὲς,
1135 1277 1302 1343 τίνος
1327 1277 1500 1332 ἐστὶν
1545 1279 1578 1332 ὀ
1611 1279 1797 1344 ἵππος
1816 1297 1835 1345 ;
1873 1278 1938 1332 ’0
1962 1280 2006 1332 δ’

419 1364 745 1432 ἀποκριθεὶς
772 1361 945 1432 εἶπεν,
978 1366 1061 1420 ὃτι
1107 1367 1274 1436 Ἐμὸς
1309 1365 1406 1439 ἦν,
1438 1368 1537 1423 καὶ
1563 1371 1935 1437 ἀποστείλας
1975 1373 2008 1425 ὁ

421 1456 766 1524 στρατηγὸς
818 1457 1145 1512 ἀνελάϐετο
1213 1461 1405 1514 αὑτὸν
1436 1463 1651 1530 ,ϐιαίως
1707 1464 1808 1517 ἀπ’
1835 1463 2004 1533 ἐμοῦ,

415 1545 570 1615 μήτε
601 1548 824 1618 τίμημά
863 1567 959 1618 μοι
991 1550 1141 1618 δοὺς
1164 1551 1319 1620 μήτε
1344 1553 1592 1623 ἀξίωμα.
1630 1551 1762 1609 Elite
1785 1556 1840 1608 δὲ
1872 1556 2009 1626 πρδς

417 1640 513 1692 τὸν
541 1640 759 1710 κόμη-τα
781 1643 810 1694 6
843 1641 1122 1710 βασιλεὺς,
1151 1644 1299 1698 Εἰπὲ
1321 1647 1373 1698 εὶ
1405 1646 1590 1710 οὕτως
1615 1649 1760 1716 ἔχει,
1789 1648 1886 1702 καὶ
1911 1647 2008 1703 διὰ

405 1730 482 1784 τι
504 1732 584 1802 μὴ
615 1732 934 1800 ἀποκόψας
959 1735 1002 1766 ⁸⁸
1047 1737 1182 1803 περὶ
1239 1735 1350 1790 τοῦ
1401 1738 1592 1793 ἵππου
1639 1739 2006 1808 ἀπέστειλάς

415 1839 521 1892 μοι
572 1825 779 1878 αὐτόν.
825 1823 886 1877 Ὃ
934 1824 991 1878 δὲ
1033 1825 1140 1896 ἔφη
1192 1828 1296 1880 ὅτιο
1362 1828 1659 1896 Ἐπεζήτει
1721 1834 2003 1900 γενέσθαι

418 1916 772 1984 σχολάριος³
811 1917 926 1986 ἐγὼ
966 1916 1035 1970 δὲ
1062 1917 1148 1988 μὴ
1183 1917 1355 1986 εἰδὼς
1384 1919 1474 1974 ὅτι
1504 1921 1778 1991 ἀνδρεῖός
1808 1925 2000 1990 ἐστιν,

417 2009 712 2078 παρεῖχον
737 2010 930 2064 αὑτὸν
957 2014 1298 2082 νομίσματα
1317 2013 1554 2068 ἐκατόνη
1581 2019 1614 2070 ό
1637 2015 1706 2068 δὲ
1731 2018 1842 2071 οὐκ
1864 2017 2004 2071 ἕλα-

419 2102 528 2153 6εν
563 2099 736 2154 αὐτά.
774 2100 832 2154 Ὀ
862 2101 918 2154 δὲ
950 2102 1204 2172 βασιλεὺς
1237 2103 1363 2174 ἔφη’
1399 2105 1510 2158 Καὶ
1534 2105 1633 2160 διὰ
1655 2107 1713 2160 τί
1738 2106 1825 2176 μὴ
1859 2108 2004 2162 ἀπο-

416 2192 620 2259 κοπὴν
664 2193 901 2246 τελείαν
953 2194 1083 2262 μετ’
1134 2195 1322 2248 αὐτοῦ
1381 2197 1796 2267 ποιησάμενος
1884 2201 2002 2255 ἀπ-

418 2283 702 2350 ἐστειλάς
725 2301 824 2353 μοι
851 2285 958 2338 τὸν
985 2285 1173 2340 ἵππον
1184 2303 1203 2352 ;
1237 2286 1753 2361 Καὶὲρευνήσαντος
1779 2290 1875 2344 τοῦ
1909 2292 2004 2363 βα-

419 2374 634 2439 σιλέως,
660 2376 757 2430 καὶ
795 2376 1305 2448 πληροφορηθέντος
1341 2378 1418 2443 ὡς
1448 2379 1637 2450 βιαίως
1665 2381 1826 2435 αὐτὸν
1851 2383 2004 2453 ἀφεί-

417 2466 570 2532 λατο,
615 2467 708 2520 τὸν
762 2467 860 2539 μὲν
911 2470 1292 2541 στρατηλάτην
1324 2473 1437 2534 τοῖς
1488 2473 1825 2544 προσήκουσι
1863 2491 2004 2544 μαγ-

417 2562 668 2629 γλαὸἰοις
701 2563 1056 2632 ἐσωφρόνισε,
1093 2561 1174 2632 τῷ
1215 2562 1273 2616 δὲ
1308 2563 1663 2633 προσελθόντι
1705 2565 1855 2634 αὐτῷ
1897 2568 2005 2620 ἀπ-

418 2651 652 2721 έστρεψε
709 2652 802 2705 τὸν
855 2653 1042 2707 ἵππον.
1078 2652 1146 2706 -Ὀ
1176 2652 1233 2705 δὲ
1254 2651 1441 2706 τοῦτον
1470 2653 1570 2706 οὐκ
1599 2653 1875 2726 ἠϐουλήθη
1909 2655 2003 2708 λαο

419 2743 558 2809 δεῖν,
610 2743 769 2797 ἔλαϐε
820 2744 878 2797 δὲ
920 2745 1059 2816 ὑπὲρ
1104 2743 1271 2798 αὑτοῦ
1315 2743 1509 2814 λίτρας
1542 2744 1656 2810 δύο,
1691 2745 2004 2816 ὁρισθέντος

420 2833 518 2887 καὶ
542 2834 636 2887 τοῦ
674 2835 984 2906 στρατηγοῦ
1009 2833 1305 2905 δοκιμάσαι
1337 2835 1521 2900 αὐτὸν,
1551 2833 1652 2888 καὶ
1680 2839 1728 2888 εξ
1759 2837 2004 2906 ἀνδρεῖός

419 2928 560 2993 ἐστι,
589 2930 817 2998 ποιῆσαι
865 2929 1027 2981 αὐτὸν
1071 2927 1375 3000 σχολάριον.
1405 2927 1511 2980 Τοῦ
1540 2926 1627 2999 [Ρ.
1673 2927 1797 3000 523]
1831 2929 1887 2982 δὲ
1927 2931 2006 2994 εἰς

417 3017 660 3089 πόλεμον
707 3019 1072 3085 ἀπελθόντος,
1127 3022 1187 3074 ὲν
1238 3023 1303 3092 τῇ
1354 3019 1598 3091 συμσολῇ
1628 3020 1705 3084 ὡς
1740 3020 1915 3085 δειλὸς
1949 3023 2005 3075 ὲν

403 3114 531 3176 ’τοῖς
583 3113 876 3183 φεύγουσιν
923 3115 1169 3185 εὑρεθεὶς
1204 3115 1532 3184 κατεσφάγη
1566 3114 1671 3167 ὑπὸ
1698 3113 1807 3168 τῶν
1842 3115 2003 3169 πολε-

403 3205 584 3272 *μὶων.

491 3298 598 3369 κβ’.
645 3298 935 3366 Γεγονὸτος
965 3297 1022 3351 δὲ
1053 3298 1148 3350 τοῦ
1177 3298 1444 3369 βασιλέως
1491 3299 1572 3363 εἰς
1617 3299 1917 3370 πρόκενσον
1943 3301 2001 3351 ἐν

416 3391 498 3463 τῷ
531 3391 788 3462 Βρύαντι,
822 3386 986 3462 ἦλθεν
1037 3390 1188 3460 αὑτῷ
1233 3393 1460 3463 μήνυμα
1490 3392 1642 3463 παρὰ
1692 3393 1785 3445 τοῦ
1833 3409 2001 3464 στρα-

417 3484 589 3554 τηγοῦ
624 3483 735 3536 τῶν
782 3483 1120 3538 ἀνατολικῶν
1168 3485 1243 3546 ὡς
1293 3485 1375 3537 ὅτι
1416 3487 1444 3538 ὁ
1504 3485 2002 3556 πρωτοσύμὸουλος

417 3575 656 3642 ἐξελθὼν
689 3576 834 3645 μετά
891 3575 1125 3648 πλήθους
1181 3577 1540 3650 ἑκπορθήσων
1589 3578 1894 3650 ἀπέρχεται
1943 3580 2002 3632 τὸ

431 3666 707 3736 Ἀμόριον.
767 3666 825 3720 '0
879 3666 937 3720 δὲ
975 3669 1062 3720 ’τά
1120 3669 1487 3740 νενομισμένα
1525 3669 1602 3739 τῷ
1659 3670 1880 3742 στρατῷ
1910 3672 2004 3724 καὶ

416 3760 531 3820 τοῖς
579 3757 806 3828 ἄρχουσι
837 3758 1062 3827 ποιῆσαι
1087 3759 1132 3790 ³³
1158 3759 1440 3830 συντόμως
1491 3761 2000 3830 μέχριΚαππαδο-

418 3850 539 3911 χίας
567 3847 813 3918 ἐξῆλθεν.
847 3847 914 3901 Ὅ
949 3849 1006 3902 δὲ
1055 3849 1446 3920 Ἀμερουμνῆς
1473 3852 1826 3921 ἀποχωρισας
1875 3870 2006 3907 ¹πενι-

424 3941 658 4010 τὴκοντα
709 3939 956 4010 χιλιάδας
994 3939 1148 4006 λαοῦ,
1183 3942 1280 3994 καὶ
1328 3942 1418 3995 τὸν
1451 3943 1679 4014 Σουδαῆ,
1707 3945 2003 4014 ὀνομαστό-

422 4047 579 4086 τατον
631 4035 691 4086 ὲν
736 4034 850 4096 τοῖς
895 4033 1220 4103 Ἀγαρηνοῖς
1266 4033 1398 4087 ὅντα
1439 4033 1531 4086 ὲπί
1567 4050 1628 4086 τε
1671 4035 1862 4108 ἀνδρίᾳ
1907 4038 2003 4090 καὶ

419 4125 706 4194 φρονήσει,
733 4123 858 4186 δοὺς
888 4124 1073 4187 αὐτοῖς
1103 4123 1370 4194 κεφαλὴν,
1399 4125 1689 4180 ἀπέστειλε
1734 4128 1877 4182 κατά
1907 4129 2001 4182 τοῦ

419 4217 704 4288 βασιλέως.
732 4218 1109 4288 Συμϐαλόντες
1136 4217 1192 4271 δὲ
1218 4218 1476 4289 πόλεμον,
1507 4219 1763 4291 ἡττηθεὶς
1791 4222 1818 4274 ὀ
1850 4221 2004 4293 βασιο

418 4309 546 4373 λεὺς
597 4309 797 4378 ἔφυγεν
847 4309 942 4362 καὶ
995 4311 1112 4381 μετ’
1144 4309 1408 4382 αἰσχύνης
1454 4311 1793 4382 ὑπέστρεψεν
1852 4313 2005 4383 μόλις

417 4401 725 4466 διασωθείς.
779 4402 838 4455 '0
892 4402 949 4456 δὲ
1001 4403 1357 4474 ἀμερουμνῆς
1393 4403 1647 4458 ἀπελθὼν
1676 4404 1814 4475 μετά
1842 4406 2004 4460 δυνά-

423 4513 565 4565 μεως
599 4493 802 4565 πολλῆς
834 4496 1287 4566 περιεχαράκωσε
1343 4495 1404 4549 τὺ
1462 4496 1738 4568 Ἀμόριον,
1780 4499 1876 4551 καὶ
1906 4517 2005 4551 πο-

420 4590 620 4661 λέμους
668 4589 898 4653 πολλοὺς
935 4591 1170 4660 ποιήσας
1212 4590 1314 4643 ούκ
1375 4591 1595 4660 ἴσχυσεν
1626 4593 1759 4646 αὐτὸ
1803 4594 2005 4664 ἐκπορ-

422 4679 607 4748 θῆσαι,
641 4679 911 4748 γενναίως
956 4681 1052 4732 καὶ
1099 4679 1386 4750 σταθερῶς
1438 4681 1862 4752 ἀγωνιζομένων
1895 4685 2005 4739 τῶν

420 4771 653 4826 ἔνδοθεν.
703 4770 968 4843 Μαθητὴς
1025 4771 1082 4825 δέ
1111 4789 1196 4837 τις
1229 4773 1462 4838 Λέοντος
1489 4774 1585 4828 τοῦ
1615 4777 1909 4847 φιλοσόφου
1937 4774 2005 4848 ἦν

420 4861 480 4914 ὲν
509 4861 862 4933 τῷκάστρῳ,
891 4862 989 4914 καὶ
1039 4862 1395 4933 βουληθέντος
1423 4858 1484 4918 οὗ
1513 4868 1906 4939 προσχωρῆσαι
1928 4869 2006 4942 τῷ

435 4953 806 5026 Ἀμερουμνῇ,
835 4953 924 5008 διά
961 4972 1106 5019 τινος
1149 4956 1422 5026 ἐμήνυσεν
1440 4958 1590 5030 αὐτῷ
1611 4959 1640 5011 ὁ
1671 4961 2006 5032 ἀστρονόμος

426 5049 512 5101 ὅτι
539 5037 604 5101 Ei
636 5049 1128 5120 προσκαρτερήσῃς
1159 5049 1252 5104 δύο
1279 5051 1493 5122 ἡμέρας
1519 5051 1596 5122 τῷ
1629 5053 1874 5126 κάστρῳ,
1909 5057 2007 5109 ἐνκ-

421 5141 650 5209 πορθεῖς
683 5143 856 5212 ἡμᾶς.
886 5143 952 5194 Ὃ
987 5143 1081 5196 καὶ
1103 5143 1350 5212 γέγονεν’
1383 5145 1651 5216 προεδόθη
1673 5146 1782 5220 γὰρ
1806 5149 1912 5200 ὑπό
1944 5167 2006 5203 τε

419 5233 517 5285 τοῦ
539 5233 834 5303 λεγομένου
878 5232 1126 5306 Βοῖδίτζῃ
1159 5235 1254 5288 καὶ
1283 5235 1377 5288 τοῦ
1407 5237 1823 5308 Μανικοφάγου.
1857 5241 2010 5294 Κατ-ο

423 5322 728 5391 εσχέθησαν
755 5321 864 5374 τῶν
893 5322 1211 5392 ὀνομαστῶν
1231 5324 1437 5396 ἄνδρες
1463 5326 1566 5380 οὐκ
1594 5329 1810 5397 ἀγενεῖς
1841 5331 2008 5384 ἀπελ-

424 5411 610 5476 θόντες
660 5416 718 5467 ὲν
765 5414 938 5486 Συρίᾳ
963 5416 1328 5486 αἰχμάλωτοι,
1363 5418 1622 5488 Θεόφιλος
1654 5422 1682 5474 6
1718 5422 2008 5494 πατρίκιος

422 5506 515 5558 καὶ
571 5507 899 5579 στρατηγὸς,
947 5509 974 5561 ὅ
1027 5526 1089 5562 τε
1125 5511 1486 5579 Μελισσηνδς,
1533 5513 1626 5567 καὶ
1663 5514 1888 5580 Ἂέτιος,
1914 5516 2009 5570 καὶ

421 5596 699 5670 Θεόδωρος
722 5600 1231 5673 πρωτοσπαοάριος,
1251 5595 1512 5674 εὐνοῦχος
1529 5605 1558 5659 6
1583 5605 1888 5677 Κρατερὸς,
1914 5608 2009 5660 καὶ

2114 537 2299 593 factus
2340 540 2660 607 accederet,
2703 549 2868 611 alque
2898 543 3108 599 diceret
3137 563 3150 598 :
3185 545 3368 617 Equus
3400 548 3484 600 cui
3516 547 3704 600 insidet

2111 635 2366 705 majestas
2412 642 2535 699 tua,
2589 653 2735 690 meus
2782 645 2878 691 est.
2934 638 3236 694 Exsiliente
3290 655 3454 710 equo,
3494 641 3573 694 sic
3618 657 3707 693 re-

2110 728 2338 799 pentino
2369 745 2630 794 occursu,
2667 731 2974 801 volensque
3004 731 3301 802 imperator
3343 733 3521 803 ipsum
3567 733 3708 787 dcti-

2111 832 2244 871 nere
2271 857 2285 882 ,
2328 817 2525 887 quierit
2576 835 2643 874 ex
2697 821 2900 875 cernite
2967 822 3169 876 stabuli
3204 824 3490 894 cujusnam
3531 839 3708 892 equus

2111 916 2278 963 esset.
2320 910 2627 980 Respondit
2655 911 2747 967 ille
2780 930 2794 966 :
2833 911 3030 983 Opsicii
3059 929 3228 966 comes
3265 916 3404 967 misit
3435 915 3707 984 majestati

2114 1007 2238 1054 tute.
2283 1001 2450 1074 804
2488 1003 2750 1058 Inventus
2796 1005 2886 1060 ille
2930 1005 2986 1058 in
3022 1005 3158 1060 urbe
3191 1006 3246 1060 in
3290 1007 3592 1060 crastinum
3638 1007 3706 1060 ad

2110 1086 2498 1157 imperatorem
2548 1091 2863 1157 adducitur,
2903 1107 3027 1146 cum
3063 1108 3130 1147 eo
3159 1093 3253 1162 qui
3288 1095 3466 1162 ipsum
3508 1109 3708 1147 conve-

2109 1189 2289 1246 nerat,
2335 1190 2501 1250 atque
2539 1181 2841 1251 imperator
2871 1201 2885 1237 :
2921 1183 3111 1237 Verum
3143 1183 3395 1255 loquere:
3429 1187 3707 1253 cujusnam

2111 1283 2273 1339 equus
2330 1270 2450 1322 est?
2511 1270 2818 1339 Respondit
2860 1271 2991 1326 ille:
3038 1271 3183 1325 Meus
3232 1282 3347 1335 est;
3397 1275 3708 1341 mittcnsque

2102 1369 2307 1428 praeter
2363 1377 2457 1430 per
2511 1362 2612 1414 vim
2673 1379 2705 1414 a
2771 1378 2852 1415 me
2892 1361 3145 1428 abstulit,
3217 1379 3382 1432 neque
3439 1364 3706 1433 persohuo

2111 1453 2279 1522 pretio
2328 1469 2494 1524 neque
2533 1454 2791 1523 dignitate
2829 1471 3097 1509 concessa.
3153 1455 3291 1510 Tum
3326 1455 3393 1509 ad
3445 1457 3705 1510 comitem

2112 1543 2454 1613 imperator:
2503 1544 2692 1609 Dicito,
2726 1562 2854 1599 num
2886 1563 2941 1599 se
2985 1547 3062 1601 ita
3104 1563 3185 1600 res
3232 1547 3443 1611 habeat,
3493 1565 3554 1601 ac
3582 1548 3707 1619 quid

2111 1654 2284 1692 causa:
2321 1641 2388 1692 sit
2426 1656 2520 1692 cur
2571 1655 2676 1692 non
2722 1639 2990 1709 persoluto
3029 1640 3146 1706 equi
3186 1640 3352 1710 pretio
3383 1655 3498 1692 eum
3535 1641 3602 1692 ad
3627 1657 3708 1693 me

2116 1733 2340 1785 miseris.
2383 1733 2687 1802 Respondit
2735 1731 2868 1786 ille:
2912 1731 3190 1797 Quterebat
3237 1741 3291 1785 ut
3328 1732 3584 1787 sc/iolaris
3612 1733 3709 1801 ﬁe-

2033 1814 2081 1874 B
2111 1830 2222 1886 ret;
2269 1839 2360 1892 ego
2395 1838 2536 1887 vero,
2579 1839 2697 1876 cum
2743 1824 2872 1876 mihi
2914 1839 3021 1876 non
3069 1822 3289 1891 liqueret
3330 1840 3400 1875 an
3444 1824 3524 1876 vir
3554 1824 3706 1892 {ortis

2110 1923 2262 1980 esset,
2296 1923 2506 1968 centum
2546 1931 2790 1968 nummos
2841 1915 2888 1967 ei
2918 1915 3215 1976 tradebant,
3263 1915 3534 1984 uetuitque
3565 1917 3676 1968 arci
3695 1945 3706 1955 -

2110 2022 2252 2077 pere.
2302 2006 2393 2060 Ait
2436 2007 2775 2076 imperator:
2813 2004 3010 2070 Quidni
3044 2022 3164 2059 vero
3208 2022 3265 2059 re
3296 2023 3415 2060 cum
3453 2023 3512 2059 eo
3554 2006 3708 2077 plene

2110 2103 2435 2171 composita,
2481 2117 2542 2153 ac
2580 2099 2754 2154 soluto
2787 2101 2927 2170 quod
2971 2109 3284 2154 conventum
3326 2109 3457 2154 esset
3503 2102 3706 2170 pretio,

2109 2209 2299 2263 equum
2349 2194 2418 2246 ad
2459 2210 2541 2246 me
2579 2194 2820 2247 misisti?
2872 2192 3068 2248 Habita
3114 2193 3284 2264 igitur
3323 2193 3704 2269 inquisitione,

2110 2298 2175 2338 ac
2218 2294 2502 2354 comperto
2535 2299 2736 2354 equum
2770 2299 2870 2353 per
2896 2283 3007 2337 vim
3042 2284 3287 2338 ablatum
3324 2299 3466 2348 esse,
3495 2284 3708 2338 militiae

2111 2375 2393 2447 magister,
2444 2375 2647 2444 quibus
2694 2375 2927 2429 decebat
2967 2373 3297 2429 verberibus
3340 2383 3505 2443 atque
3543 2374 3707 2429 fusti-

2111 2467 2216 2522 bus
2255 2467 2556 2536 castigatus
2603 2473 2727 2531 est,
2789 2481 2967 2536 equus
3021 2464 3072 2520 ei
3126 2464 3222 2528 qui
3285 2475 3594 2521 accesserat
3638 2468 3708 2522 ab

2113 2558 2449 2628 imperatore
2500 2556 2772 2612 redditus.
2830 2556 3020 2612 Noluit
3076 2564 3261 2611 tamen
3322 2557 3369 2611 is
3433 2557 3708 2627 accipere,

2112 2651 2208 2706 sed
2246 2653 2367 2722 ejus
2417 2651 2598 2722 pretio
2640 2651 2777 2705 duas
2827 2650 3000 2704 libras
3045 2652 3277 2720 accepit.
3330 2652 3468 2706 Item
3521 2651 3710 2721 jussus

2113 2739 2313 2793 ductor
2360 2739 2638 2793 exercitus
2685 2737 2967 2791 hominem
3012 2737 3275 2806 probare,
3326 2744 3386 2790 ut
3433 2737 3705 2806 siquidem

2102 2828 2198 2882 'vir
2235 2827 2397 2882 fortis
2429 2835 2608 2892 esset,
2666 2842 2792 2881 eum
2845 2825 3155 2880 scholarem
3217 2824 3444 2880 faceret.
3486 2827 3581 2880 Ille
3637 2827 3706 2880 ad

2115 2921 2322 2976 bellum
2361 2920 2674 2992 profectus,
2713 2920 2767 2973 in
2801 2918 2979 2989 praelii
3019 2919 3409 2988 congressione
3444 2926 3707 2988 tanquam

2117 3015 2345 3085 ignavus
2369 3015 2511 3068 inter
2540 3013 2814 3084 fugientes
2845 3019 3117 3082 repertus,
3148 3011 3218 3066 ab
3245 3011 3503 3066 hostibus
3535 3013 3706 3067 inter-

2117 3102 2294 3157 iectus
2321 3111 2424 3158 est.
2465 3139 2470 3150 ι

2176 3307 2269 3362 22.
2311 3306 2648 3375 lmperatore
2694 3309 2878 3356 autem
2924 3300 2991 3354 ad
3035 3299 3335 3371 sBryantem
3380 3315 3704 3370 processum

2107 3403 2348 3458 habente
2395 3400 2546 3454 venit
2586 3397 2816 3452 nuntius
2853 3396 2922 3450 ab
2963 3395 3330 3450 Asiaticorum
3366 3395 3528 3460 duce,
3571 3412 3704 3466 pro~

2109 3493 2484 3567 tosy‘mbulum
2541 3505 2665 3545 cum
2727 3488 2904 3557 copiis
2967 3503 3251 3557 egressum
3325 3496 3382 3541 et
3438 3486 3708 3543 adversus

2107 3587 2398 3642 Amorium
2464 3583 2730 3653 impetum
2793 3579 3056 3649 dirigere.
3119 3578 3423 3648 imperator
3480 3579 3547 3635 ad
3606 3589 3706 3635 sti-

2106 3679 2311 3751 pendia
2345 3678 2647 3732 constituta
2695 3673 2859 3729 militi
2893 3670 3059 3744 805
3116 3679 3282 3740 atque
3330 3672 3568 3725 tribunis
3627 3671 3706 3726 fa-

2107 3771 2306 3827 cienda
2366 3769 2654 3824 confestim
2698 3766 2752 3820 in
2801 3765 3204 3836 Cappadociam
3251 3783 3426 3836 usque
3470 3768 3706 3822 descen-

2108 3863 2211 3918 dit.
2262 3861 2627 3916 Amerumnes
2659 3859 3060 3928 quinquaginta
3111 3873 3337 3912 suorum
3387 3860 3633 3914 millibus
3671 3877 3703 3914 a

2109 3955 2326 4021 reliquo
2371 3950 2622 4005 exercitu
2661 3949 2886 4011 avulsis,
2933 3947 3125 4017 eisque
3173 3948 3229 4002 in
3273 3949 3470 4003 ducem
3513 3966 3576 4003 ac
3617 3966 3707 4004 ca-

2107 4053 2208 4115 put
2251 4042 2556 4098 constituto
2595 4038 2799 4103 Sudaé,
2835 4039 2957 4092 viro
2989 4039 3134 4091 inter
3164 4040 3447 4108 Agarcnos
3474 4039 3702 4094 fortitu-

2107 4133 2256 4190 dinis
2285 4133 2449 4186 laude
2484 4146 2547 4186 ac
2583 4127 2892 4201 prudentia:
2930 4127 3392 4192 nominatissimo,
3435 4117 3707 4186 adversus

2108 4224 2500 4294 imperatorem
2543 4219 2713 4275 misit.
2746 4217 3054 4273 Commisso
3085 4217 3275 4287 prazlio
3309 4218 3490 4273 victus
3525 4219 3701 4290 impe-

2109 4321 2262 4370 rator
2295 4312 2458 4384 fugit,
2493 4319 2658 4381 atque
2691 4308 2898 4380 probro
2933 4323 2997 4362 ac
3030 4307 3303 4362 dedecore
3345 4308 3508 4363 rediit
3548 4310 3697 4364 inco-

2108 4405 2297 4462 lumis.
2335 4404 2619 4461 Profectus
2651 4417 2782 4457 vero
2818 4401 3183 4455 Amerumnes
3217 4415 3342 4454 cum
3384 4397 3704 4472 ingentibus

2110 4502 2287 4572 copiis
2339 4499 2625 4556 Amorium
2673 4497 2816 4552 vallo
2869 4495 3061 4566 cingit.
3114 4495 3228 4550 Nec
3283 4503 3462 4550 tamen
3511 4497 3708 4553 multis

2112 4590 2424 4648 commissis
2467 4587 2675 4660 praeliis
2712 4588 2908 4641 urbem
2949 4600 3265 4656 expugnare
3312 4585 3503 4650 valuit,
3541 4589 3704 4656 oppi-

2113 4681 2276 4736 danis
2327 4694 2391 4734 ac
2440 4675 2801 4748 praesidiariis
2853 4674 2984 4728 forti
3042 4674 3244 4729 robore
3276 4688 3340 4728 ac
3390 4677 3704 4729 constantia

2114 4771 2551 4829 decertantibus.
2619 4769 2748 4822 Erat
2807 4777 2993 4822 autem
3057 4764 3114 4821 in
3179 4766 3437 4837 praesidio
3499 4767 3707 4823 Leonis

2114 4865 2426 4939 phii050phi
2464 4862 2687 4932 quidam
2720 4861 3046 4930 discipulus,
3085 4860 3338 4930 quicum
3376 4859 3442 4914 ad
3471 4860 3707 4913 Ameru-

2116 4974 2300 5014 mnem
2353 4956 2522 5012 vellet
2572 4955 2913 5021 desciscere,
2966 4954 3296 5024 signiﬁcavit
3345 4961 3699 5008 astronomus

2116 5052 2305 5124 oppidi
2359 5057 2670 5120 compotem
2721 5047 2839 5103 fore
2889 5062 2955 5102 ac
3009 5053 3479 5116 expugnaturum,
3535 5045 3699 5099 dum-

2117 5145 2283 5201 modo
2327 5141 2718 5198 in'obsidione
2781 5142 2922 5194 duos
2975 5139 3095 5193 dies
3160 5137 3408 5202 faceret;
3450 5135 3599 5204 quod
3642 5146 3700 5190 et

2118 5238 2324 5293 factum
2367 5244 2474 5290 est.
2535 5231 2822 5290 Proditum
2883 5245 3122 5300 namque
3179 5238 3263 5283 est
3320 5243 3351 5282 a
3415 5227 3700 5291 Boiditze,

2120 5345 2286 5402 quem
2318 5335 2540 5392 vocant,
2584 5335 2641 5381 et
2684 5341 2714 5378 a
2751 5323 3166 5393 ManieOphago.
3198 5321 3356 5376 Tenti
3399 5335 3532 5375 vero
3572 5330 3703 5376 sunt

2117 5439 2182 5478 ac
2215 5423 2362 5492 capti
2404 5421 2508 5475 viri
2541 5417 2808 5474 nominati
2849 5433 2953 5472 nec
2989 5414 3276 5488 ignobiles,
3309 5423 3365 5470 et
3395 5414 3448 5470 in
3488 5415 3700 5487 Syriam

2119 5516 2318 5588 captivi
2382 5514 2614 5584 abiecti,
2669 5509 3008 5582 Theophilus
3063 5508 3366 5579 patricius,
3423 5508 3706 5578 ducesque

2122 5619 2238 5666 tum
2298 5608 2623 5664 Melissenus
2662 5615 2792 5662 tum
2821 5604 3054 5669 Aetius,
3094 5611 3150 5658 et
3191 5601 3517 5658 Theodorus
3569 5616 3701 5670 pro-

1751 5700 1993 5758 VAlll/E
2033 5701 2438 5759 LEC'I‘IONES.

517 5785 561 5816 ²¹
583 5786 872 5858 ἀπέκοψας
903 5788 964 5844 Ρ.
1043 5791 1087 5822 ²¹
1119 5790 1399 5861 mitiga-ag?
