4124 6430
455 307 557 370 967

1719 285 2048 350 GEORGII
2091 283 2441 345 MONACHI

3624 271 3732 338 868

453 413 852 489 tospatharius,
890 412 1151 466 Craterus
1177 408 1492 471 eunuchus,
1539 404 1800 460 Callistus
1835 413 2054 472 quoque

2165 395 2459 458 Κάλλιστος
2490 390 2866 464 τουρμάρχης,
2903 389 2994 446 καὶ
3036 389 3446 452 Κωνσταντίνος
3475 387 3749 459 δρουγγά·

451 508 730 568 tribunus,
780 516 836 558 et
877 499 1274 558 Constantinus
1329 494 1681 565 drungarius,
1742 499 1798 546 et
1855 489 2054 542 Basocs

454 616 686 665 cursor,
741 597 948 666 aliique
991 593 1191 658 multi,
1252 598 1419 660 alque
1472 586 1730 641 ordinum
1788 580 2049 652 praefecti.

458 693 524 746 Ili
561 706 687 746 cum
732 695 1065 759 cogerentur
1095 701 1125 738 a
1158 679 1578 754 protosymbulo
1610 685 1672 731 ut
1712 675 1873 729 fidem
1898 686 2052 726 suam

453 791 741 852 negarent,
773 794 878 833 nec
900 779 956 832 in
977 778 1099 849 ejus
1128 772 1460 830 sententiam
1484 768 1685 824 adduci
1715 765 2050 838 potuissent,

450 875 633 947 gladio
671 881 801 929 sunt
843 869 1241 934 animadversi,
1279 881 1344 922 ac
1381 880 1482 936 pro
1511 863 1676 935 hujus
1718 858 1907 915 seculi
1939 857 2051 911 vita

450 968 636 1038 adepti
663 976 950 1021 mtcrnam.

519 1061 690 1131 806
737 1058 829 1113 25.
860 1055 962 1122 Qui
1003 1065 1184 1110 autem
1217 1050 1366 1121 turpi
1413 1049 1590 1104 salute
1621 1043 2051 1117 pulcherrimam

449 1150 838 1214 commutavit,
889 1146 1092 1202 Leonis
1132 1141 1448 1215 philosophi
1499 1138 1830 1208 discipulus,
1879 1145 1936 1190 et
1981 1131 2050 1187 ad

450 1245 846 1298 Amerumnem
897 1235 1130 1301 defecit,
1180 1234 1554 1301 interrogatus
1600 1229 1671 1282 ab
1719 1243 1786 1283 eo
1839 1225 1906 1281 dc
1953 1239 2050 1279 sua

450 1335 684 1389 scientia
738 1328 1069 1399 discipulum
1153 1341 1211 1380 se
1263 1323 1406 1378 dixit
1461 1321 1663 1376 Leonis
1713 1315 2046 1389 phiIOSOphi.

450 1426 687 1496 Cognito
716 1440 850 1478 vero
884 1421 1012 1491 quis
1054 1427 1109 1473 et
1144 1417 1325 1488 qualis
1354 1424 1502 1470 esset
1533 1414 1666 1476 Leo,
1714 1427 1840 1466 eum
1871 1411 2049 1481 ipsum

450 1518 644 1572 videre
696 1514 948 1584 cupivit;
989 1510 1245 1579 datisque
1293 1506 1514 1561 cuidam
1560 1503 1908 1574 captivorum
1959 1501 2051 1556 lit-

451 1609 585 1663 teris
633 1605 802 1660 Leoni
854 1601 1188 1674 [-‘Ii1030pho
1235 1597 1450 1669 Cpolim
1493 1595 1721 1660 scribit,
1770 1592 2050 1664 pollicitus

451 1701 503 1753 in
557 1699 770 1753 honore
818 1693 964 1764 apud
1011 1707 1070 1747 se
1109 1690 1466 1752 habiturum,
1516 1686 1560 1740 si
1609 1685 1771 1738 modo
1809 1683 1876 1738 ad
1921 1699 2047 1737 eum

2161 501 2296 557 ριος,
2337 487 2433 541 καὶ
2463 485 2724 555 Βασὸηςὸ
2751 483 3008 555 δρομεὺς,
3069 483 3164 536 καλΙ
3221 480 3371 535 ἄλλοι
3418 481 3603 534 πολλοὶ
3655 481 3750 533 καὶ

2158 581 2418 650 ἄρχοντες
2448 577 2559 632 τῶν
2584 577 2903 648 ταγμάτωνο
2931 574 2982 628 οἳ
3011 573 3165 646 παρὰ
3190 573 3286 627 τοῦ
3316 572 3754 644 πρωτοσυμὸούιξ

2158 672 2251 724 λου
2300 670 2739 740 ἀναγκασθέντες
2789 669 3136 740 ἀρνήσασθαι
3178 667 3290 738 τὴν
3310 665 3494 720 αὑτῶν
3541 667 3750 731 πίστιν,

2159 764 2252 816 καὶ
2301 763 2459 816 τοῦτο
2511 761 2588 834 μὴ
2633 761 2972 826 πεισθέντες,
3019 760 3166 829 ξίφει
3200 761 3302 824 τὰς
3336 758 3584 827 κεφαλὰς
3643 759 3754 812 ἀπ-

2167 855 2513 928 ετμήθησαν,
2560 856 2684 910 ἀντὶ
2736 856 2841 926 τῆς
2867 855 3152 926 παρούσης
3201 853 3352 924 ζωῆς
3400 852 3499 924 τὴν
3534 850 3754 905 αἰώνιον

2156 949 2649 1019 ἀνταλλαξάμενοι.

2227 1047 2333 1110 κγ’.
2379 1041 2440 1094 Ὀ
2471 1041 2530 1095 δὲ
2563 1042 2665 1113 τὴν
2717 1040 2953 1112 αἰσχρὰν
2997 1039 3277 1112 σωτηρίαν
3317 1040 3418 1112 τῆς
3454 1038 3754 1110 καλλίστης

2155 1132 2659 1204 ἀνταλλαξάμενος,
2705 1135 2735 1187 ὁ
2767 1133 2862 1186 τοῦ
2907 1133 3202 1203 φιλοσόφου
3232 1132 3468 1196 Λέοντος
3502 1130 3756 1203 μαθητὴς

2155 1225 2456 1297 προσφυεὶς
2483 1225 2562 1296 τῷ
2585 1226 2935 1297 ’Δμερουμνῇ
2966 1226 3225 1297 ἠρωτήθη
3256 1226 3388 1296 παρ’
3418 1223 3590 1278 αὐτοῦ
3621 1221 3756 1295 περὶ

2155 1318 2252 1387 τῆς
2307 1318 2624 1388 ἐπιστήμης
2676 1317 2867 1372 αὑτοῦ.
2927 1317 2987 1371 Ὀ
3029 1317 3086 1371 δὲ
3140 1316 3263 1370 εἷπε
3316 1316 3566 1390 μαθητὴς
3608 1313 3752 1371 εἶναι

2154 1406 2248 1458 τοῦ
2280 1407 2574 1476 φιλοσόφου
2610 1407 2860 1471 Λέοντος.
2891 1400 3062 1470 Οὗτός
3084 1423 3168 1471 τε,
3201 1407 3350 1469 ὅστις
3380 1407 3409 1459 ὁ
3441 1406 3597 1460 Λέων
3631 1406 3752 1459 ἐστὶ

2154 1497 2250 1549 καὶ
2291 1490 2397 1560 οἷος
2431 1495 2641 1566 μαθὼν,
2671 1496 2834 1550 αὐτὸν
2869 1497 3134 1567 ἐπεθύμει
3181 1496 3391 1550 ἐκεῖνον
3438 1496 3589 1551 ἰδεῖν.
3639 1497 3755 1550 Καὶ

2152 1588 2214 1657 δή
2247 1605 2354 1640 τινι
2392 1589 2501 1642 τῶν
2531 1587 2896 1659 αἰχμαλώτων
2918 1589 3043 1652 δοὺς
3067 1589 3376 1660 γράμματα
3406 1589 3545 1660 πρὸς
3578 1590 3747 1642 Λέον-

2153 1699 2220 1734 τα
2240 1679 2331 1733 τὸν
2363 1681 2655 1752 φιλόσοφον
2695 1682 3018 1736 ἀπέστειλεν
3050 1684 3108 1737 ἐν
3138 1683 3749 1748 Κωνσταντινουπόλει,

451 1786 725 1860 proficisci
777 1785 886 1839 Leo
945 1783 1000 1837 in
1049 1781 1298 1836 animum
1349 1778 1651 1833 induxerit.
1683 1776 1796 1830 Leo
1841 1784 2050 1837 autem,

2165 1775 2535 1846 ὑποσχόμενος
2591 1776 2765 1847 αύτῷ,
2816 1778 2866 1830 εί
2914 1775 3112 1850 ἐξέλθῃ
3156 1778 3186 1830 δ
3231 1777 3395 1842 αὐτὸς
3439 1776 3624 1843 Λέων,
3653 1777 3752 1836 ἀπ’

452 1879 699 1949 acceptis
749 1875 982 1941 litteris,
1028 1873 1354 1941 veritusque
1400 1887 1470 1925 ne
1514 1869 1655 1924 forte
1704 1869 1758 1922 in
1811 1867 2048 1937 impera-

456 1974 592 2029 toris
643 1971 899 2026 notitiam
942 1968 1182 2031 veniret,
1232 1965 1300 2018 ad
1345 1965 1734 2034 imperatorem
1777 1959 2055 2030 TheOphi-

455 2068 569 2121 lum
619 2064 827 2120 retulit.
875 2063 948 2128 Is,
989 2063 1109 2132 ejus
1147 2057 1394 2114 scientiae
1443 2054 1761 2126 praestantia
1812 2053 2052 2124 cognita,

459 2168 733 2226 tantmque
783 2154 1070 2224 sapientia:
1124 2151 1308 2204 virum
1362 2164 1420 2204 se
1478 2149 1531 2200 in
1569 2147 1792 2201 civitate
1825 2145 2054 2211 habere,

457 2257 801 2317 assumptum
847 2260 976 2298 eum
1031 2243 1087 2296 in
1149 2240 1460 2310 Magnaura:
1518 2237 1725 2308 palatio
1785 2234 2078 2296 habebat,

459 2338 678 2394 traditis
712 2345 768 2391 et
801 2332 1116 2403 discipulis,
1161 2345 1303 2400 quos
1339 2329 1586 2391 doceret,
1619 2341 1742 2396 quae
1787 2324 1854 2380 ad
1898 2338 2058 2378 usum

457 2439 644 2489 essent
665 2445 728 2484 ac
758 2427 1114 2497 obsequium,
1145 2422 1333 2478 omnia
1367 2421 1641 2475 tribuens.
1672 2418 1771 2473 llic
1797 2426 1852 2472 et
1885 2415 2058 2470 Thcs-

460 2523 716 2580 saloniea:
743 2517 1100 2589 metropolita
1124 2515 1248 2570 fuit.

530 2699 620 2753 24.
642 2697 794 2752 Idem
834 2696 1138 2766 imperator
1180 2693 1562 2748 Triconchum
1592 2690 1830 2747 aedificat
1873 2690 1928 2744 in
1964 2704 2062 2760 pa-

467 2790 621 2853 latio,
658 2796 714 2843 ct
753 2787 901 2858 quod
935 2786 1121 2858 Sigma
1157 2793 1400 2851 vocant;
1448 2783 1655 2854 gradus
1690 2797 1932 2852 quoque,
1968 2782 2062 2836 ubi

463 2883 637 2937 erecti
683 2890 814 2937 sunt
849 2880 945 2950 qui
971 2878 1119 2933 demi
1151 2877 1522 2948 appellantur,
1551 2885 1798 2932 statuens
1827 2883 1883 2930 et
1905 2875 2065 2944 phia-

465 2976 610 3039 lam,
674 2975 730 3029 in
785 2989 894 3044 qua
951 2973 1012 3028 lit
1059 2971 1210 3043 quod
1269 2978 1471 3026 vocant
1535 2969 2062 3033 Saximodeximum,

467 3067 892 3122 transeuntibus
971 3065 1276 3120 factionum
1340 3063 1502 3133 equis
1567 3061 1818 3118 instratis
1879 3060 2066 3116 aureis

467 3159 746 3230 stragulis.
812 3158 927 3214 Sub
979 3156 1292 3212 Triconcho
1353 3171 1486 3210 vero
1549 3154 1741 3208 subter
1809 3153 2066 3208 machina

467 3251 701 3322 gradum
766 3250 902 3305 fecit
976 3248 1346 3320 mysterium,
1435 3247 1494 3301 in
1562 3247 1724 3317 cujus
1800 3259 1912 3299 uno
1972 3259 2072 3298 an-

469 3346 598 3416 gulo
666 3343 941 3415 quidquid
1010 3342 1218 3412 aliquis
1287 3339 1510 3406 dixerit,
1573 3339 1718 3394 clare
1786 3337 1844 3392 in
1901 3336 2074 3392 altero

468 3437 715 3492 audhur.

540 3529 632 3583 25.
707 3527 884 3582 Porro
956 3541 1082 3580 cum
1154 3525 1444 3582 didicisset
1518 3523 1662 3579 idem
1731 3521 2076 3592 Theophilus

470 3619 870 3689 Theophanem
895 3617 1127 3688 ejusque
1151 3631 1476 3687 germanum
1503 3613 1884 3678 Theodorum,
1926 3613 2075 3681 ipsos

473 3727 662 3768 secum
699 3718 951 3780 agentes,
993 3709 1141 3764 illius
1191 3708 1535 3779 impietatem
1583 3706 1874 3761 traducere
1907 3705 2072 3775 807

472 3819 538 3857 ac
595 3817 931 3873 coarguere,
979 3801 1208 3856 mittens
1262 3816 1392 3856 cum
1452 3799 1530 3855 ira
1595 3798 1663 3852 ad
1723 3813 1780 3853 se
1833 3813 1931 3851 eos
1973 3796 2073 3850 ad-

473 3896 662 3963 duxit,
709 3895 943 3951 dicens:
984 3895 1263 3950 Undenam
1311 3894 1474 3948 estis?
1520 3893 1789 3947 Dixerunt
1839 3891 1950 3946 illi:
1991 3889 2076 3943 Ea:

476 3988 788 4044 Palwstina.
841 3986 1056 4053 Quibus
1087 3987 1514 4042 scelestissimus
1563 3986 1656 4041 ille
1695 4002 1709 4038 :
1759 3984 1898 4050 Quid
1954 4001 2075 4038 vero

471 4099 646 4136 causa:
675 4091 750 4136 est
783 4099 878 4135 cur
912 4081 1096 4137 relicta
1127 4083 1328 4152 patria,
1371 4082 1441 4134 ad
1471 4089 1711 4134 nostram
1737 4081 1872 4134 hanc
1911 4078 2076 4131 delati

473 4176 751 4239 ditionem,
791 4191 895 4227 non
938 4190 1138 4226 morem
1167 4173 1348 4244 geritis
1390 4189 1520 4227 mea:
1590 4172 1910 4241 majestati?
1939 4168 2075 4235 Qui-

477 4269 580 4320 bus
647 4265 784 4320 nihil
844 4265 1347 4334 respondentibus,
1401 4264 1570 4335 jussit
1627 4263 1822 4317 durius
1881 4276 2076 4315 eorum

475 4357 647 4411 facies
697 4356 876 4422 caedi;
942 4356 1263 4425 taureisque
1314 4355 1383 4409 ad
1437 4363 1673 4409 mortem
1717 4368 1891 4422 usque
1939 4367 2074 4406 eon-

2155 1867 2368 1921 ὲκείνου
2400 1869 2563 1922 αὑτὸν
2615 1865 2755 1923 εἶναι
2789 1871 2848 1924 ἐν
2886 1872 3045 1940 τιμῇ.
3107 1868 3164 1921 Ὀ
3196 1870 3352 1924 Λέων
3377 1868 3434 1922 δὲ
3474 1869 3543 1923 τὰ
3573 1869 3759 1940 γράμ-

2160 1978 2307 2029 ματα
2353 1962 2666 2027 ἀπολαϐὼν,
2721 1962 2818 2016 καὶ
2884 1962 3147 2032 φοϐηθεὶς
3201 1962 3370 2033 μήπω
3422 1960 3755 2032 διαγνωσθῇ,

2157 2056 2404 2126 ἀνήγαγε
2437 2055 2614 2109 ταῦτα
2644 2056 2893 2126 Θεοφίλῳ
2923 2056 3002 2126 τῷ
3027 2055 3258 2126 βασιλεῖ.
3295 2055 3356 2108 ’0
3401 2054 3458 2107 δὲ
3498 2054 3661 2122 γνοὺς
3687 2054 3755 2106 τὰ

2158 2147 2260 2215 τῆς
2307 2148 2624 2218 ἐπιστήμης
2670 2146 2861 2212 αὑτοῦ,
2895 2146 2986 2218 [Ρ.
3041 2146 3171 2218 524]
3230 2145 3328 2199 καὶ
3379 2145 3463 2199 ὅτι
3517 2145 3759 2198 τοιοῦτον

2164 2237 2325 2307 σοφὸν
2357 2238 2526 2308 ἄνδρα
2565 2241 2624 2292 ἐν
2674 2242 2742 2310 τῇ
2787 2239 3039 2310 πολιτείᾳ
3067 2236 3236 2292 αὑτοῦ
3264 2237 3401 2308 ἔχει,
3451 2236 3759 2308 προσλαϐό-

2166 2348 2327 2400 μενος
2357 2331 2520 2384 αύτὸν
2551 2327 2699 2403 εἶχεν
2750 2334 2808 2387 ἐν
2861 2331 2941 2402 τῷ
2984 2330 3235 2401 παλατίιρ
3269 2329 3348 2401 τῷ
3375 2329 3744 2401 Μαγναύρας,

2165 2422 2441 2492 παραδοὺς
2483 2421 2634 2492 αὐτῷ
2689 2421 2967 2476 διδάσκειν
3033 2421 3128 2475 καὶ
3179 2421 3453 2492 μαθητὰς,
3498 2421 3762 2494 παρέχων

2167 2515 2317 2586 αὐτῷ
2343 2515 2412 2568 τὰ
2457 2516 2594 2585 πρὶς
2625 2517 2935 2587 ὑπηρεσίαν
2967 2516 3206 2570 ἅπαντα·
3248 2514 3310 2579 ὃς
3343 2515 3436 2569 καὶ
3481 2531 3761 2586 μητροπο-

2166 2607 2320 2676 λίτης
2352 2608 2408 2660 ἐν
2439 2607 2814 2682 Θεσσαλονίκῃ
2838 2609 3085 2678 γέγονεν.

2238 2698 2339 2755 κδ’.
2386 2699 2445 2754 '0
2498 2700 2545 2754 δ’
2573 2700 2736 2766 αὐτὸς
2783 2701 2962 2765 κτίζει
3014 2699 3075 2755 τὸ
3107 2700 3414 2773 Τρίκογχον
3445 2699 3508 2753 ἐν
3537 2697 3618 2770 τῷ
3653 2714 3761 2751 πα-

2167 2793 2337 2865 λατίῳ
2366 2794 2461 2846 καὶ
2489 2794 2550 2847 τὸ
2600 2794 2896 2865 λεγόμενον
2929 2793 3133 2864 Σίγμσ,
3173 2793 3270 2848 καὶ
3303 2791 3404 2856 τὰς
3441 2791 3763 2860 ἁναεάθρας

2168 2883 2299 2937 ἔνθα
2331 2883 2381 2935 οί
2421 2882 2585 2953 δῆμοι
2615 2883 2884 2946 ἵστανται,
2926 2883 3135 2954 στήσας
3165 2881 3263 2936 καὶ
3293 2881 3495 2952 φιάλην
3525 2873 3642 2951 ἐνῇ
3671 2877 3764 2947 γι-

2169 2994 2318 3030 νεται
2345 2976 2407 3029 τὸ
2439 2976 2856 3047 σαξιμοδέξιμον
2890 2977 3210 3046 λεγόμενον,
3227 2975 3337 3028 τῶν
3361 2974 3549 3027 ἵππων
3578 2973 3766 3042 ἀμφο-

2091 3107 2135 3167 C
2169 3069 2342 3142 τέρων
2393 3068 2502 3122 τῶν
2557 3069 2743 3140 μερῶν
2775 3069 3143 3139 διερχομένων
3179 3068 3320 3139 μετὰ
3359 3065 3578 3137 χρυσῶν
3609 3079 3768 3132 σαγι-

2179 3164 2422 3234 σμάτων.
2462 3162 2600 3215 ’Υπὺ
2644 3162 2703 3214 δὲ
2746 3161 2809 3215 τὺ
2856 3163 3164 3233 Τρίκογχον
3198 3161 3446 3214 κάτωθεν
3467 3158 3557 3212 διὰ
3583 3175 3769 3228 μηχα-

2176 3255 2272 3324 νῆς
2303 3255 2529 3325 ἐποίησε
2577 3253 2638 3307 τὺ
2672 3254 2993 3325 Μυστήριον
3016 3293 3032 3317 ,
3061 3255 3120 3307 ἐν
3147 3247 3192 3322 ᾧ
3223 3255 3294 3324 τῇ
3329 3253 3428 3322 μιᾷ
3461 3250 3637 3321 γωνίᾳ
3669 3247 3768 3303 ἐὰν

2178 3343 2324 3396 εἴποι
2349 3361 2455 3409 τις,
2485 3341 2809 3408 ἐξακούεται
2845 3344 2904 3396 ἐν
2948 3345 3016 3415 τῇ
3049 3342 3236 3415 ἐτέρᾳ.

2249 3533 2348 3582 κε’.
2383 3525 2594 3580 Μαθὼν
2623 3525 2681 3579 δὲ
2709 3525 2874 3589 αὐτὸς
2907 3526 2936 3578 ὁ
2973 3523 3236 3594 Θεόφιλος
3279 3523 3364 3576 ὅτι
3393 3521 3677 3592 Θεοφάνης
3705 3538 3766 3574 τε

2178 3619 2273 3672 καὶ
2317 3618 2594 3690 Θεόδωρος
2647 3619 2676 3671 ὁ
2731 3617 3069 3686 αὺτάδελφος
3131 3616 3322 3680 αὐτοῦ,
3368 3615 3493 3669 καθ’
3538 3615 3766 3676 ἐαυτοὺς

2178 3710 2400 3777 ζῶντες,
2428 3711 2527 3782 τὴν
2564 3711 2823 3765 ἀσέϐειαν
2855 3711 3021 3766 αὑτοῦ
3053 3709 3382 3782 κωμῳδοῦσι
3433 3711 3528 3763 καὶ
3557 3709 3761 3776 διελέγ-

2177 3822 2387 3876 χουσιν,
2439 3804 2770 3868 ἀποστείλας
2797 3805 2916 3875 μετ’
2959 3805 3128 3876 ὀργῆς
3160 3805 3364 3875 ήγαγεν
3395 3804 3594 3866 αὐτοὺς
3625 3801 3761 3872 πρὸς

2179 3895 2394 3962 ἑαυτὸν,
2424 3896 2595 3950 εἰπὼν
2626 3898 2787 3952 τάδε’
2823 3897 3016 3952 Πόθεν
3059 3897 3244 3963 ἐστέ;
3278 3899 3339 3951 Ol
3360 3897 3419 3951 δέ
3455 3893 3628 3950 εἶπονο
3670 3895 3768 3948 Ἐκ

2179 3991 2618 4058 Παλαιστίνης.
2657 3991 2717 4043 Ὀ
2739 3990 2796 4043 δέ
2820 3991 3123 4062 ἀλιτήριος·
3156 3993 3268 4045 Καὶ
3300 3990 3398 4044 διὰ
3427 3991 3485 4043 τί
3510 3990 3625 4056 τὴν
3651 3985 3772 4058 γῆν

2177 4079 2346 4150 ὑμῶν
2369 4079 2627 4150 ἀφέντες
2661 4081 2760 4135 καὶ
2803 4083 2890 4146 εις
2917 4080 3033 4148 τὴν
3063 4082 3362 4151 ἡμετέραν
3385 4081 3670 4146 ἐλθόντες
3697 4081 3770 4133 οὐ

2179 4173 2551 4243 πειθαρχεῖτε
2599 4173 2674 4242 τῇ
2718 4174 3015 4242 βασιλείᾳ
3066 4173 3274 4243 ἠμῶν;
3323 4173 3447 4226 Τῶν
3488 4173 3547 4226 δὲ
3599 4171 3771 4243 μηδὲν

2179 4266 2643 4337 ἀποκριναμένων
2674 4264 2945 4336 ἐπέτρεψε
2977 4265 3237 4318 παίεσθαι
3268 4265 3366 4328 τὰς
3401 4263 3554 4334 ὄψεις
3589 4261 3772 4316 αὐτῶν

2181 4357 2451 4429 σφοδρῶς.
2482 4351 2617 4410 Εἶτα
2642 4356 2780 4426 μετά
2801 4357 2958 4409 τοῦτο
2980 4357 3355 4429 βουνευρήσας
3381 4357 3583 4421 αὐτοὺς
3608 4355 3774 4428 μέχρι

476 4447 685 4511 scissis,
726 4460 854 4502 cum
902 4446 1092 4500 furore
1127 4461 1433 4516 asperaque
1482 4462 1615 4501 voce
1655 4447 1722 4500 ad
1761 4445 2061 4516 praefectun

2183 4449 2439 4516 θανάτου,
2469 4449 2610 4518 μετὰ
2651 4448 2828 4516 θυμοῦ
2861 4449 2957 4502 καὶ
2988 4450 3252 4520 τραχείας
3293 4449 3482 4519 φωνῆς
3511 4449 3650 4520 πρὸς
3680 4447 3773 4501 τὸν

475 4542 594 4594 ait:
635 4539 775 4594 Tolle
818 4557 904 4592 eos
942 4541 996 4592 in.
1044 4541 1374 4609 prmtorium,
1420 4549 1465 4592 et
1508 4540 1675 4593 scribe
1729 4556 1910 4592 eorum
1952 4537 2070 4592 uul-

479 4643 584 4699 tus,
628 4637 778 4687 hosce
820 4632 926 4687 illis
984 4632 1283 4703 insculpens
1315 4649 1493 4686 versus
1519 4649 1536 4684 :

622 4807 835 4861 Cunctis
863 4822 980 4860 eam
1009 4807 1190 4860 urbem
1218 4809 1381 4862 visere
1405 4807 1772 4877 exbptantibus

623 4964 908 5018 Putissimi
941 4979 1101 5033 quam
1135 4962 1331 5017 Christi
1365 4970 1668 5033 presserunt
1703 4963 1876 5033 pedes,

624 5035 801 5088 Totius
830 5031 968 5088 orbis
1001 5034 1141 5087 unde
1169 5036 1406 5086 manavit
1438 5031 1612 5095 salus,

624 5104 790 5160 Sacro
823 5105 932 5157 loco
957 5105 1044 5156 isti
1075 5121 1202 5157 vasa
1225 5104 1486 5172 conspecti
1518 5103 1781 5172 improba,

627 5175 1026 5246 Superstitionis
1053 5189 1233 5246 errore
1256 5188 1319 5246 ea:
1353 5173 1648 5246 incredula,

626 5244 909 5316 Multisque
939 5245 1093 5316 factis
1117 5244 1385 5316 inquinati
1413 5244 1680 5316 turpibus,

627 5313 898 5388 ᾼροεειιερε
920 5314 1060 5368 velut
1092 5313 1272 5388 relicto
1297 5315 1420 5388 inde
1443 5315 1650 5388 procul,

627 5384 695 5441 δὲ
717 5386 1006 5449 contulere,
1039 5399 1158 5437 mox
1181 5385 1236 5436 in
1264 5384 1447 5454 urbem
1477 5385 1686 5454 fugiunt
1711 5403 1727 5441 :

628 5458 827 5512 Tamen
861 5455 1094 5524 nefanda
1113 5467 1218 5507 non
1245 5453 1430 5508 relicta
1466 5453 1723 5520 amentia,

631 5527 782 5598 Notis
815 5534 1035 5598 perusta
1070 5525 1262 5594 fronte,
1295 5541 1440 5578 more
1463 5527 1720 5598 sontium,

633 5596 1086 5663 Condemnatique
1116 5612 1298 5650 rursus
1327 5606 1534 5650 vertunt
1564 5596 1759 5651 solum.

498 5752 750 5813 Addens:
798 5756 941 5812 Nihil
986 5756 1078 5810 tibi
1121 5771 1261 5810 cura:
1303 5760 1392 5822 sit,
1440 5759 1650 5812 tametsi
1692 5775 1794 5813 non
1831 5758 1935 5812 sint
1971 5757 2078 5811 ele-

2182 4543 2431 4613 ὓπαρχον
2488 4542 2615 4611 ἔφη’
2667 4538 2846 4610 τΑρον
2894 4542 3120 4608 αὐτοὺς
3170 4544 3258 4609 εις
3293 4541 3358 4595 τὸ
3395 4543 3772 4611 πραιτώριον,

2181 4637 2280 4690 καὶ
2311 4633 2546 4704 γράψον
2568 4634 2638 4687 τὰ
2665 4635 2961 4702 πρόσωπα
2985 4635 3206 4704 αὐτῶν,
3227 4635 3580 4705 ἐγκολάψας
3602 4634 3775 4688 τούσ-

2180 4725 2247 4779 δε
2277 4726 2420 4792 τοὺς
2449 4726 2702 4794 στίχους
2723 4739 2741 4757 ⁸

2323 4815 2574 4871 Πάντων
2613 4816 2967 4871 ποθούντων
3003 4815 3400 4886 προστρέχειν
3455 4813 3606 4886 πρὸς
3658 4813 3776 4881 τὴν

3534 4887 3716 4938 πόλιν

3534 4901 3601 4936 πε

2325 4959 2521 5012 ’Ὅπου
2561 4961 2856 5029 πάναγνοι
2877 4959 2984 5014 τοῦ
3017 4959 3165 5011 Θεοῦ
3179 4957 3382 5029 Λόγου
3415 4883 3601 5022 πόδες

2327 5031 2645 5096 Ἔστησαν
2676 5025 2763 5096 εὶς
2795 5033 3104 5084 σύστασιν
3131 5025 3238 5094 τῆς
3281 5025 3664 5096 οἰκουμένης,

2329 5101 2649 5168 Ὠφθησαν
2678 5101 2846 5160 οὗτοι
2875 5100 2955 5165 τῷ
2990 5098 3303 5166 σεϐασμίῳ
3337 5099 3501 5166 τόπῳ

2329 5171 2527 5244 Σκεὺῌη
2575 5177 2809 5244 πονηρὰ
2839 5170 3015 5244 [τῆς]
3037 5169 3486 5244 δειοζιδαίμονος
3516 5172 3779 5236 πλάνης.

2339 5240 2573 5294 Ἐκεῖσε
2600 5240 2806 5299 πολλὰ
2840 5240 3067 5296 ῖλοιπὸν
3097 5240 3166 5304 ἐξ
3202 5241 3460 5306 ἀτοπίας

2328 5310 2922 5382 Πράξαντεςζαὶσχρὰ
2947 5311 3119 5366 δεινὰ
3147 5312 3675 5382 δυσσεϐοεορόνως,

2341 5381 2606 5437 Ἐκεῖθεν
2653 5381 2984 5452 ήλάθὴσαν
3017 5384 3100 5448 ὡς
3135 5381 3496 5437 ἀποστάται.

2329 5452 2487 5520 Πρὸς
2523 5455 2639 5521 τὴν
2668 5457 2850 5510 πόλιν
2875 5453 2943 5507 δὲ
2974 5454 3080 5508 τοῦ
3115 5454 3373 5521 κράτους
3413 5454 3784 5524 πεφευγότες

2333 5525 2455 5576 Οὐκ
2490 5525 2809 5594 ἐξαρῆκαν
2834 5527 2938 5591 τὰς
2971 5525 3292 5594 ἀθεμίτους
3321 5525 3568 5593 μωρίας.

2333 5597 2515 5647 ’Ὀθεν
2546 5596 2874 5665 τραφέντες
2909 5597 2991 5661 ὡς
3039 5596 3360 5664 κακουργοί
3393 5597 3510 5660 τὴν
3535 5596 3679 5650 θέαν

2335 5668 2805 5734 Κατακρίνονται
2847 5669 2945 5720 καὶ
2985 5667 3303 5720 διώκονται
3331 5665 3540 5720 πάλιν.

2192 5757 2456 5830 Προσθεὶς
2501 5759 2580 5811 ὅτι
2619 5758 2744 5815 Κᾶν
2767 5760 2852 5830 μὴ
2895 5755 3007 5816 ὦσι
3048 5760 3245 5825 καλοί,
3273 5758 3358 5830 μή
3400 5775 3497 5813 σοι
3527 5761 3778 5828 μελέτω.
