4124 6424
426 351 447 407 ἓ
462 350 530 415 69

1519 349 1714 410 VszE
1738 338 2302 410 .RECEN'I‘IORUM
2350 349 2550 408 IMPP.

3577 351 3682 414 δ’ἵο

423 467 595 519 Τοῦτο
649 463 704 516 δέ
763 457 916 514 εἶπεν
976 461 1130 524 εἰδὼς
1181 461 1378 526 αὖτοὺς
1415 461 1489 526 ὡς
1523 463 1866 532 σοφωτάτους
1901 463 1982 516 καλ

2097 473 2300 531 ganlcs.
2358 462 2471 517 lloc
2516 475 2648 514 vero
2699 459 2858 520 dixit,
2902 461 3028 530 quia
3074 461 3241 515 sciret
3287 460 3435 517 viros
3466 464 3682 531 sapien-

421 561 621 628 ἄριστα
669 557 1018 628 ἠσκημένους
1064 557 1172 609 τῶν
1213 558 1515 627 ποιητικῶν
1561 561 1854 628 σχημάτων
1897 559 1995 628 τὴν

420 651 730 722 ἀκρίϐειαν,
763 649 1008 712 εἰπόντος
1042 649 1206 711 τινός·
1246 649 1400 704 Οὐδὲ
1431 649 1591 714 ἄξιοί
1618 653 1777 704 εἰσιν
1805 646 1992 713 οὗτοι,

421 742 523 793 ἵνα
561 741 734 793 καλοὶ
781 735 935 793 ὦσιν
985 742 1040 792 οἱ
1077 741 1291 809 ἴαμϐοι.
1344 741 1406 794 Ol
1450 741 1507 792 δὲ
1563 737 1738 793 εἶπον·
1769 740 1991 809 Γράφε,

374 815 381 902 ξ
418 834 627 901 γράφε,
649 832 935 896 βασιλεῦ,
962 832 1028 885 τὸ
1059 831 1282 887 δοκοῦν
1312 849 1431 899 σοι,
1455 833 1537 898 ὡς
1561 833 1796 902 μέλλον
1820 832 1996 887 τοῦτο

417 921 882 990 ἀναγνωσθῆναι
914 920 1173 976 ἐνώπιον
1209 923 1316 976 τοῦ
1346 923 1579 978 δικαίου
1610 925 1707 977 καὶ
1738 923 1994 992 φοϐεροῦ

416 1015 654 1080 Κριτοῦ.
695 1013 754 1067 'O
783 1015 839 1068 δὲ
868 1013 1112 1084 ὕπαρχος
1136 1014 1356 1078 τούτους
1383 1016 1606 1083 ἀγαγὼν
1633 1017 1713 1079 είς
1741 1016 1801 1069 τὸ
1826 1034 1995 1086 πραι-

417 1105 640 1178 τώριον,
669 1107 808 1176 μετά
844 1105 939 1158 δύο
969 1107 1180 1177 ἡμέρας
1220 1107 1480 1170 ἁπλὼσας
1502 1108 1560 1160 ἐν
1600 1107 1862 1178 σκάμνοις
1900 1108 1994 1162 καὶ

413 1196 582 1266 δήσας
613 1195 790 1249 αὐτῶν
817 1198 1006 1266 χεῖρας
1039 1197 1133 1250 καὶ
1163 1196 1352 1260 πόδας,
1377 1198 1790 1266 κατακεντήσας
1822 1215 1880 1250 τε
1903 1199 1994 1252 καὶ

419 1287 730 1358 ἐγκολάψας
780 1286 866 1358 [Ρ.
898 1286 1028 1359 525]
1055 1287 1185 1352 τοὺς
1220 1287 1435 1358 στίχους
1476 1290 1557 1353 είς
1589 1288 1686 1350 τὰς
1713 1289 1866 1359 ὄψεις
1896 1291 1993 1342 αὖ·

411 1377 525 1431 τῶν
556 1376 838 1448 ἐξώρισεν.
890 1378 1001 1431 Καὶ
1049 1379 1107 1432 ὲν
1145 1377 1244 1448 μὲν
1274 1380 1342 1450 τῇ
1376 1378 1564 1450 ἐξορίᾳ.
1591 1379 1819 1450 τελευτᾷ
1864 1381 1893 1433 ὁ
1933 1381 1991 1434 ἐν

413 1469 593 1540 ἁγίοις
623 1469 918 1540 Θεόδωρος,
955 1471 983 1523 ὁ
1015 1470 1073 1524 δὲ
1122 1470 1365 1539 ἀοίδιμος
1390 1470 1672 1542 Θεοφάνης
1701 1474 1730 1525 ὁ
1762 1473 1992 1544 ποιητὴς

410 1565 664 1634 διήρκεσε
690 1563 853 1634 μέχρι
878 1562 1099 1634 Μιχαὴλ
1128 1563 1222 1617 καὶ
1251 1563 1556 1634 Θεοδώρας,
1582 1565 1992 1634 ἀγωνισάμενος

409 1657 640 1710 πλεῖστα
691 1658 751 1710 ἐν
795 1660 860 1728 τῇ
893 1657 1163 1728 γενομένῃ
1197 1657 1498 1730 ὀρθοδοξίᾳο
1553 1659 1612 1722 ὃς
1653 1659 1750 1713 καὶ
1783 1677 1992 1730 μητρο-

411 1750 639 1820 πολίτης
680 1749 760 1812 είς
788 1749 1026 1802 Νίκαιαν
1074 1749 1290 1819 γέγονε,
1338 1752 1445 1804 τῶν
1493 1753 1834 1823 πραγμάτων
1887 1753 1986 1824 ἤδη
2017 1799 2064 1858 Β

411 1841 546 1912 πρὸς
583 1841 644 1894 τὸ
679 1841 1143 1911 εὐσεϐέστερον...

480 2020 590 2089 κς’.
637 2023 759 2075 Ἐπὶ
783 2022 882 2092 τῆς
914 2022 1189 2092 βασιλείας
1219 2023 1477 2092 Θεοφίλου
1503 2019 1570 2096 ἦν
1601 2025 1694 2079 καὶ
1735 2024 1931 2097 Ἰωσὴφ
1961 2025 1988 2078 ὁ

408 2115 776 2184 ὺμνογράφος,
817 2114 876 2178 ὃς
933 2115 1201 2186 ἐξωρίσθη
1244 2115 1350 2168 ὑπὸ
1377 2116 1663 2187 Θεοδώρας
1693 2117 1791 2188 τῆς
1828 2117 1984 2187 βασι-

401 2207 617 2276 λίσσης.
654 2208 950 2276 Παρέτεινε
989 2206 1047 2260 δέ
1077 2209 1110 2276 ἡ
1155 2206 1270 2279 ζωὴ
1320 2207 1488 2262 αὑτοῦ
1537 2209 1644 2272 ἓως
1692 2209 1792 2280 τῆς
1828 2209 1984 2280 βασι-

401 2291 554 2358 λείας
581 2294 808 2358 Λέοντος
838 2294 930 2348 τοῦ
961 2295 1151 2366 σοφοῦ.

475 2476 582 2542 κζ’.
622 2478 740 2532 Ἐπ’
768 2477 937 2533 αὐτοῦ
992 2477 1192 2535 ἔπεσεν
1246 2483 1280 2552 ἡ
1337 2484 1513 2554 χρυσῆ
1538 2484 1714 2554 τοῦφα
1762 2486 1983 2539 Ἰουστι-

400 2569 587 2622 νιανοῦ
620 2567 716 2622 τοῦ
761 2569 1057 2641 λεγομένου
1106 2572 1483 2640 Αὐγουστέως.
1527 2575 1984 2646 Ἀμηχανούντων

399 2662 461 2716 δὲ
483 2662 723 2728 πάντων,
748 2663 844 2716 καὶ
871 2662 991 2726 πῶς
1015 2662 1288 2718 ἀνέλθοιεν
1311 2665 1791 2737 διαλογιζομένων,
1819 2670 1980 2740 εὑρέ-

402 2753 474 2822 θη
508 2771 593 2817 τις
625 2754 911 2826 σκαλωτὴς
938 2755 1209 2825 τεχνίτης,
1241 2756 1335 2808 καὶ
1366 2756 1606 2810 ἀνελθὼν
1636 2760 1694 2812 ἐν
1737 2762 1852 2824 τοῖς
1891 2779 1983 2814 κε-

405 2847 625 2917 ραμίοις
655 2846 755 2917 τῆς
801 2845 1057 2918 Μεγάλης
1094 2847 1391 2918 ἐκκλησίας
1431 2848 1584 2919 βέλος
1615 2850 1793 2920 ἀφῆκε
1842 2853 1982 2922 μετά

403 2937 639 3008 σχοινίου
669 2939 750 3002 εἰς
775 2937 864 2991 τὸν
890 2939 1122 3010 ἱππότην
1156 2940 1535 2994 Ἰουστινιανοῦ
1568 2943 1660 2996 τὸν
1685 2944 1749 2998 ἐκ
1777 2945 1978 3015 χαλκοῦ

403 3030 815 3100 συνιστάμενον,
848 3031 943 3084 καί
967 3031 1060 3085 τοῦ
1093 3031 1280 3102 βέλους
1313 3034 1582 3101 παγέντος
1614 3037 1792 3090 ἐκεῖσε
1816 3038 1980 3103 αὐτὸς

2099 554 2336 608 tissimus
2385 568 2527 617 esse,
2580 560 2636 606 et
2695 552 2788 621 qui
2839 567 3095 607 versuum
3150 563 3316 622 atque
3372 554 3683 609 carminum

2095 645 2264 714 808
2317 642 2723 698 cxactissimam
2785 643 3054 698 rationem
3107 645 3314 713 optime
3373 645 3678 711 callerent;

2096 752 2219 790 cum
2264 735 2487 804 quidam
2539 735 2806 790 dixisset:
2841 735 2920 789 Nc
2961 737 3000 789 ii
3037 736 3246 804 quidem
3290 737 3435 806 digni
3471 746 3596 791 sunt
3623 746 3681 792 ut

2096 825 2259 880 iambi
2281 827 2386 879 sint
2416 825 2700 895 elegantes.
2739 825 2808 879 At
2844 825 2923 878 illi
2953 824 3142 879 dixere
3187 843 3201 879 :
3247 824 3444 891 Scribe,
3491 828 3677 894 scribe,

2095 918 2404 988 imperator,
2451 917 2593 986 quod
2634 919 2802 971 visam
2842 917 3022 986 fuerit,
3050 933 3167 969 cum
3191 917 3298 970 lucc
3335 916 3553 988 legenda
3574 921 3681 972 sint

2095 1008 2148 1062 in
2188 1018 2464 1079 conspectu
2505 1009 2642 1078 justi
2685 1026 2746 1062 ac
2799 1009 3059 1061 tremendi
3109 1007 3332 1061 Iudicis.
3381 1009 3682 1065 Praefectus

2097 1100 2281 1170 itaque
2335 1101 2389 1154 in
2432 1100 2750 1170 praetorium
2811 1099 3082 1154 adductos
3136 1108 3332 1154 exacto
3396 1099 3568 1154 biduo
3621 1101 3679 1155 in

2095 1208 2321 1248 scamno
2352 1192 2676 1257 extendens,
2719 1192 3010 1262 ligatisque
3046 1191 3301 1246 manibus
3329 1207 3394 1246 ac
3421 1191 3677 1260 pedibus,

2093 1289 2400 1336 atramento
2443 1296 2855 1352 compungens,
2904 1279 3149 1350 ipsorum
3197 1280 3442 1334 vultibus
3485 1295 3681 1336 versus

2093 1373 2347 1429 exaravit
2397 1381 2562 1444 atque
2620 1371 2932 1443 insculpsit.
2993 1371 3070 1426 Ac
3122 1371 3346 1440 quidem
3392 1371 3450 1427 S.
3494 1371 3678 1428 Theo-

2094 1466 2264 1522 dorus
2313 1467 2370 1519 in
2407 1466 2603 1521 exsilio
2643 1465 2788 1520 diem
2831 1464 2992 1520 obit:
3043 1464 3279 1534 inclytus
3328 1478 3461 1519 vero
3493 1464 3679 1519 Theo-

2093 1557 2305 1627 phanes
2349 1566 2542 1612 cantor
2590 1557 2658 1612 ad
2721 1556 3041 1612 Michaelem
3099 1571 3274 1626 usque
3319 1564 3377 1611 et
3416 1555 3676 1610 Theodo-

2093 1663 2209 1701 ram
2253 1645 2665 1718 perseveravit,
2723 1647 2960 1718 plurima
2993 1647 3189 1701 collata
3239 1661 3406 1715 opera
3457 1646 3514 1700 in
3551 1662 3675 1701 eam

2095 1755 2218 1811 qua:
2281 1739 2425 1794 facta
2479 1750 2565 1796 est
2617 1741 2915 1812 imaginum
2958 1739 3412 1804 restitutionem;
3481 1739 3684 1793 rebus-

2091 1847 2200 1901 que
2236 1831 2346 1902 jam
2379 1829 2447 1884 ad
2481 1831 2742 1900 pietatem
2778 1829 3050 1885 revocatis
3078 1828 3272 1884 Nicaea:
3327 1828 3675 1897 metropohta

2089 1921 2214 1976 fuit.

2170 2013 2259 2068 26.
2329 2013 2446 2069 Sub
2508 2015 2842 2084 imperatore
2904 2012 3212 2084 Theophilo
3276 2020 3397 2066 erat
3469 2009 3671 2080 Ioseph

2089 2107 2572 2178 hymnographus,
2655 2107 2750 2177 qui
2839 2105 3129 2162 Theodora
3215 2104 3507 2176 imperium
3591 2112 3676 2158 te-

2086 2207 2254 2256 nente
2314 2200 2369 2255 in
2427 2200 2683 2256 exsilium
2739 2200 2944 2255 missus
2996 2209 3082 2255 est
3127 2216 3140 2252 :
3191 2206 3467 2268 protracta
3537 2211 3674 2251 vero

2087 2293 2167 2347 illi
2216 2292 2330 2348 vita
2376 2303 2499 2359 est,
2551 2292 2864 2363 usquedum
2908 2291 3020 2347 Leo
3072 2291 3292 2361 sapiens
3341 2304 3526 2345 rerum
3575 2303 3676 2359 po-

2087 2385 2220 2443 titus
2250 2395 2354 2442 est.

2158 2505 2255 2558 27.
2301 2503 2509 2559 Eodem
2556 2503 2888 2572 imperatore
2926 2498 3129 2556 cecidit
3169 2498 3468 2554 Iustiniani
3503 2496 3674 2567 tupha

2085 2614 2274 2661 aurea,
2309 2598 2430 2668 ejus
2476 2587 2639 2666 quem
2686 2596 3026 2666 Augusteum
3060 2601 3281 2647 vocant.
3332 2591 3504 2646 Porro
3551 2605 3675 2645 om-

2084 2692 2252 2745 nibus
2305 2688 2508 2744 animis
2558 2686 2758 2750 anxiis,
2830 2701 2896 2740 ac
2949 2699 3187 2754 quonam
3246 2682 3412 2738 modo
3470 2681 3672 2736 tentari

2083 2793 2346 2836 ascensus
2396 2785 2586 2846 posset
2632 2776 3028 2846 cogitantibus,
3085 2775 3347 2828 inventus
3394 2783 3481 2828 est
3536 2772 3676 2825 arti-

2083 2873 2172 2929 fex
2243 2853 2497 2943 quidam-
2525 2869 2948 2934 scandularius,
2998 2865 3426 2935 conscensisque
3468 2863 3674 2935 Magna:

2082 2969 2332 3024 ecclesiae
2381 2968 2598 3039 tegulis,
2638 2964 2881 3037 jaculum
2917 2975 3043 3016 cum
3086 2958 3219 3014 fune
3261 2957 3317 3011 in
3355 2966 3669 3026 equestrem

2081 3075 2287 3114 aeneam
2336 3058 2631 3115 Iustiniani
2673 3063 2911 3111 statuam
2960 3051 3135 3114 misit,
3188 3065 3365 3120 eoque
3418 3049 3531 3102 illic
3565 3048 3670 3101 im-

399 3121 488 3172 διά
527 3121 612 3173 τοῦ
649 3119 882 3190 σχοινίου
932 3121 1245 3192 διαδραμὼν
1277 3123 1486 3194 θάμϐος
1520 3126 1617 3194 μὲν
1647 3128 1761 3190 τοῖς
1805 3128 1972 3199 ὁρῶσι

2084 3159 2239 3221 pacto
2293 3151 2411 3221 ipse
2468 3166 2567 3220 per
2609 3148 2797 3202 funem
2843 3159 3182 3208 excurrens,
3236 3142 3457 3212 globum
3517 3148 3671 3208 apta-

401 3213 712 3284 παρέσχετο
744 3213 840 3266 καὶ
870 3213 970 3285 τὴν
1004 3214 1214 3284 τοῦφαν
1244 3217 1599 3287 προσήρμοσε
1635 3218 1726 3272 καὶ
1755 3221 1855 3291 τὴν
1878 3221 1972 3274 τοῦ

402 3305 672 3375 βασιλέως
701 3305 1051 3358 ἐπεσπάσατο
1091 3304 1307 3360 εὔνοιαν
1351 3308 1446 3360 καὶ
1486 3308 1747 3382 τῇτέχνῃ
1797 3312 1891 3364 καὶ
1913 3315 1978 3380 τῇ

401 3397 565 3465 φύσει
615 3397 758 3466 μέγα
808 3397 1148 3466 προσέθηκεν
1197 3396 1386 3464 ὄνομα,
1414 3399 1786 3472 φιλοτιμηθεὶς
1827 3406 1979 3477 παρά

399 3488 498 3542 τοῦ
533 3488 800 3560 βασιλέως
828 3489 1138 3560 νομίσματα
1166 3490 1380 3548 ἑκατόν.

472 3668 580 3741 κη’.
614 3671 806 3738 Στέφει
837 3669 894 3722 δέ
913 3669 1174 3739 Θεόφιλος
1198 3670 1416 3741 Μιχαὴλ
1436 3671 1528 3724 τὸν
1555 3671 1669 3724 υἱὸν
1720 3674 1885 3728 αὐτοῦ
1920 3677 1982 3728 ἐν

396 3768 464 3837 τῇ
513 3764 740 3833 Μεγάλῃ
772 3763 1058 3834 ἐκκλησίᾳ,
1098 3762 1590 3833 φιλοτιμησάμενος
1646 3763 1721 3817 ὢν
1767 3766 1978 3831 πάντας

400 3860 458 3910 ἐν
486 3859 600 3920 τοῖς
629 3854 933 3925 στεψίμοις.
977 3855 1363 3908 Κατεσκεύασε
1399 3855 1455 3909 δὲ
1503 3855 1597 3910 καὶ
1625 3855 1852 3920 ξενῶνα,
1885 3859 1977 3911 τὸν

405 3946 493 4000 νῦν
527 3946 626 4017 μὲν
673 3945 741 3998 τὰ
771 3943 1028 4012 Θεοφίλου
1055 3942 1365 4014 λεγόμενον,
1397 3939 1545 3999 οἷκον
1585 3947 1684 4016 μὲν
1713 3949 1976 4014 γεγονότα

415 4037 683 4109 Ἰσιδώρου
735 4034 1024 4106 πατρικίου
1082 4033 1398 4098 ἀνελθόντος
1430 4036 1540 4089 ἀπὸ
1581 4035 1804 4108 Ῥώμης
1836 4039 1974 4108 μετά

411 4131 698 4202 Ὅλυὸρίου
726 4130 817 4183 ἐπὶ
846 4127 1258 4182 Κωνσταντίνου
1290 4125 1384 4181 τοῦ
1428 4129 1704 4198 Μεγάλου,
1745 4133 1882 4200 μετά
1916 4132 1973 4186 δὲ

397 4225 590 4296 χρόνον
645 4223 957 4285 ἐκδοθέντος
1015 4221 1324 4294 κουράτορα
1371 4222 1454 4288 ’³,
1509 4221 1647 4276 ὥστε
1701 4229 1973 4279 κατοικεῖν

396 4318 577 4370 ἐκεῖσε
599 4317 866 4384 γυναῖκας
901 4313 1008 4366 τῶν
1037 4312 1276 4381 εὐγενῶν
1313 4313 1387 4385 μὴ
1418 4314 1620 4378 εἰδυίας
1651 4320 1969 4387 σωφρονεῖν.

409 4407 536 4459 Ἐπὶ
567 4406 626 4460 δὲ
667 4403 895 4466 Λέοντος
957 4401 1200 4473 Ἰσαύρου
1233 4404 1297 4456 ἐκ
1348 4404 1599 4475 πορνείου
1648 4403 1973 4475 ξενοδοχεῖον

2081 3245 2197 3308 vit;
2247 3257 2418 3312 quare
2463 3240 2715 3294 videntes
2781 3237 2836 3290 in
2887 3243 3171 3303 stuporem
3229 3231 3378 3301 egit,
3433 3244 3498 3283 ac
3561 3228 3664 3282 sibi

2082 3333 2436 3403 imperatoris
2480 3331 2727 3385 animum
2767 3327 3102 3392 conciliavit,
3145 3337 3514 3394 magnumque
3569 3339 3670 3376 no-

2081 3441 2208 3481 men
2253 3433 2336 3480 :et
2403 3422 2540 3478 artis
2617 3420 2840 3492 ingenio
2901 3417 3069 3488 809
3141 3416 3382 3486 adjecit,
3446 3423 3670 3469 centum

2080 3530 2436 3570 nummorum
2492 3511 2755 3569 donativo
2819 3510 2890 3566 ab
2959 3509 3294 3580 imperatore
3363 3507 3672 3562 liberaliter

2081 3616 2462 3752 acggl'ifém
2499 3702 2729 3750 coronat
2762 3691 3106 3762 Theophilus
3139 3688 3458 3745 Michaelem
3497 3687 3669 3741 tilium

2081 3791 2135 3844 in
2205 3788 2394 3858 Magna
2455 3785 2726 3849 ecclesia,
2802 3793 3032 3838 cunctos
3100 3779 3389 3850 magniﬁce
3457 3777 3671 3833 donans

2079 3893 2180 3946 per
2220 3891 2286 3931 ea
2336 3873 2776 3945 inaugurationis
2827 3869 3118 3926 solemnia.
3165 3867 3487 3924 Construxit
3532 3883 3666 3923 vero

2077 3967 2244 4023 etiam
2292 3966 2517 4020 domum
2562 3962 2923 4033 hospitalem,
2971 3973 3137 4028 quam
3187 3972 3336 4012 nunc
3369 3957 3666 4024 Theophili

2077 4061 2294 4115 dicunt.
2350 4059 2428 4113 Ac
2483 4059 2708 4128 quidem
2768 4054 2916 4110 :edes
2970 4053 3125 4106 fuere
3185 4049 3379 4104 lsidori
3447 4049 3666 4118 patricii

2075 4153 2196 4223 ejus
2250 4152 2340 4207 cui
2408 4167 2533 4205 cum
2595 4148 2818 4219 Olybrio
2888 4146 3061 4199 Roma
3130 4141 3344 4212 Cpolim
3418 4141 3666 4195 ascendit

2074 4242 2436 4301 Constantino
2481 4242 2679 4310 Magno
2725 4237 3092 4306 imperatore,
3147 4230 3426 4299 cessitque
3477 4240 3666 4299 postea

2075 4336 2133 4390 in
2189 4333 2522 4390 curatoriam
2591 4327 2977 4400 imperatoris,
3045 4333 3108 4380 ut
3171 4323 3285 4377 illic
3351 4321 3664 4376 habitarent

2075 4427 2292 4483 nobiles
2317 4425 2556 4491 feminae;
2592 4439 2714 4494 quae
2743 4428 2891 4477 caste
2926 4419 3116 4474 vivere
3145 4415 3450 4471 nescirent.
3478 4413 3667 4469 Leone

396 4497 768 4570 ἐχρημάτισεν
811 4496 903 4548 ἐπὶ
957 4495 1145 4548 αὐτοῦ.
1181 4495 1448 4566 ’Ὕστερον
1491 4496 1546 4550 δὲ
1577 4497 1800 4566 γέγονεν
1827 4494 1973 4562 οἶκος

2084 4535 2212 4576 vero
2274 4518 2464 4573 lsauro
2521 4518 2854 4586 imperatore
2927 4527 2996 4567 ex
3062 4508 3315 4581 lupanari
3375 4509 3520 4564 facta
3581 4515 3666 4562 est

396 4589 812 4643 Κωνσταντίνου
865 4589 958 4640 τού
1001 4586 1100 4658 τῆς
1142 4587 1379 4658 Εἰρήνης
1411 4587 1550 4657 μετά
1597 4589 1696 4660 τὴν
1744 4589 1848 4643 ὑπὸ
1877 4591 1977 4660 τῆς

400 4681 606 4752 μητρὸς
637 4682 924 4748 γεγονυῖαν
954 4677 1294 4746 ἐκτύφλωσιν
1347 4678 1428 4739 είς
1475 4675 1655 4732 αὐτόν.
1707 4678 1977 4746 Τελευτή-

396 4790 592 4836 σαντος
636 4772 694 4824 δὲ
732 4771 897 4824 αὑτοῦ
933 4771 967 4841 ἡ
1005 4772 1143 4841 γυνὴ
1173 4768 1338 4822 αὐτοῦ
1380 4769 1439 4822 τὸ
1469 4769 1756 4839 μοναδικὸν
1786 4772 1976 4842 σχῆμα

397 4861 802 4934 περιϐαλομένη
838 4861 1200 4932 μοναστήριον
1227 4860 1596 4914 κατεσκεύασε
1611 4861 1718 4914 ’καὶ
1745 4863 1973 4917 ἐκάλεσε

391 4957 464 5010 τὰ
490 4953 814 5017 Μετανοίας.
853 4952 960 5006 Τοῦ
991 4952 1048 5005 δὲ
1075 4952 1240 5006 αὐτοῦ
1263 4951 1414 5006 οἴκου
1450 4953 1706 5023 μεγίστου
1730 4971 1790 5007 τε
1821 4955 1974 5019 ὄντος

393 5050 490 5104 καὶ
538 5046 872 5117 θαυμαστοῦ,
902 5044 1060 5110 ξύλου
1092 5046 1150 5098 ἐν
1185 5045 1266 5116 τῷ
1300 5045 1562 5117 τρικλίνῳ
1593 5046 1973 5102 ἀποκλασθέν-

390 5158 486 5204 τος
511 5140 726 5208 ἠπείλει
765 5138 995 5192 πτῶσιν.
1043 5138 1109 5190 Αἱ
1140 5137 1197 5190 δὲ
1230 5137 1560 5208 μονάζουσαι
1589 5141 1972 5211 ἀπερχομένου

394 5232 492 5286 τοῦ
530 5231 795 5303 βασιλέως
823 5233 882 5284 ἐν
912 5232 1244 5302 Βλαχέρναις
1273 5230 1572 5303 ἐδεήθησαν
1601 5233 1728 5305 περὶ
1760 5234 1973 5292 τούτου.

399 5325 462 5380 '0
499 5325 556 5378 δὲ
604 5324 864 5387 ἐκνεύσας
895 5326 989 5377 καὶ
1025 5324 1360 5394 θεασάμενος
1385 5325 1476 5380 τὸν
1516 5306 1682 5389 οἷκον,
1715 5328 1968 5397 ἀρεσθεὶς

388 5421 472 5482 είς
500 5418 664 5472 αὐτὸν
695 5417 995 5486 μετοικίζει
1020 5417 1116 5480 τὰς
1141 5419 1308 5482 αὑτὰς
1347 5418 1684 5489 μοναζούσας
1713 5421 1772 5474 ἐν
1803 5421 1966 5492 ἑτέρᾳ

392 5513 553 5582 μονῇ,
582 5511 744 5564 αὐτὸν
791 5511 848 5564 δὲ
896 5510 986 5562 τὸν
1013 5506 1161 5563 οἷκον
1195 5511 1387 5581 κόσμῳ
1416 5513 1656 5582 παντοίῳ
1685 5514 1964 5568 καλλωπί-

388 5619 492 5666 az;
526 5603 731 5668 ξενῶνα
761 5604 1083 5673 πεποίηκεν,
1115 5603 1330 5666 ἐπιδοὺς
1360 5605 1508 5675 αὐτῷ
1533 5607 1794 5676 χρήματα
1815 5609 1966 5678 πάμ-

2078 4612 2366 4682 hospitalis
2409 4611 2627 4666 domus.
2683 4607 2902 4663 Secutis
2942 4602 3286 4674 temporibus
3327 4601 3526 4658 domus
3566 4598 3669 4653 fuit

2076 4705 2422 4762 Constantini
2457 4704 2643 4758 lrenes
2675 4701 2794 4763 lilii,
2828 4716 2953 4755 cum
2982 4714 3111 4753 cum
3149 4705 3325 4752 mater
3361 4694 3668 4750 luminibus

2075 4797 2343 4851 orbasset.
2391 4794 2512 4861 Quo
2552 4793 2843 4856 exstincto,
2879 4791 2997 4861 ejus
3030 4803 3189 4853 uxor,
3233 4785 3538 4842 monastico
3578 4798 3667 4838 as-

2076 4894 2294 4957 sumpto
2325 4886 2541 4949 habitu,
2591 4881 2986 4938 monasterium
3021 4878 3352 4941 construxit,
3392 4892 3457 4931 ac
3485 4875 3668 4929 Paeni-

2081 4959 2524 5034 tentiae'uomen
2586 4974 2806 5029 indidit.
2869 4973 2997 5028 llmc
3060 4985 3226 5040 porro
3278 4968 3478 5022 domus
3537 4980 3663 5018 cum

2080 5067 2316 5120 maxima
2360 5073 2508 5120 esset
2548 5079 2613 5118 ac
2655 5062 2950 5125 mirabilis,
2992 5059 3274 5115 confracta
3326 5056 3381 5111 in
3420 5055 3666 5109 triclinio

2079 5159 2234 5213 trabe
2285 5157 2502 5210 ruinam
2558 5155 2894 5209 minabatur.
2959 5150 3220 5204 Moniales
3277 5149 3664 5218 imperatorem

2078 5249 2145 5303 ad
2197 5249 2529 5302 Blachcrnas
2565 5255 2789 5300 euntem
2831 5245 2950 5314 ejus
3003 5241 3080 5294 rei
3131 5240 3353 5294 nomine
3399 5239 3664 5307 interpel-

2079 5340 2216 5393 lant.
2275 5339 2640 5408 Prospectans
2700 5336 2826 5399 ille,
2877 5337 3170 5400 conspecta
3225 5329 3423 5391 domo,
3487 5343 3664 5396 eaque

2073 5429 2402 5493 delectatus,
2458 5427 2680 5482 easdem
2739 5423 3008 5478 moniales
3065 5419 3130 5473 ad
3195 5417 3344 5473 aliud
3402 5418 3664 5472 transfert

2075 5521 2504 5583 monasterium,
2540 5518 2766 5573 domum
2814 5530 2947 5571 vero
2981 5512 3161 5568 omnis
3202 5509 3420 5581 generis
3462 5518 3660 5563 ornatu

2074 5611 2364 5682 magniﬁce
2433 5611 2706 5667 excultam
2781 5607 3007 5663 domum
3089 5602 3413 5672 hospitalem
3487 5599 3656 5666 iecit,

1664 5699 1898 5758 VARI/l3
1929 5703 2334 5761 LECTIONES.

467 5787 816 5845 ²³ἐκδοθεῗντα
847 5791 1194 5864 κουρατώρια
1225 5807 1277 5864 p.
1315 5792 1438 5846 (355.
