4124 6426
468 293 575 357 871

1732 290 2058 352 GEORGII
2094 291 2441 353 MONACIII

3632 289 3737 352 872

470 406 893 479 quamplurimis
918 404 1135 462 abunde
1169 404 1445 474 pecuniis,
1497 404 1769 460 reditibus
1816 422 1880 459 ac
1926 406 2055 460 sub-

2165 406 2329 461 πολλα
2382 406 2477 458 καὶ
2532 404 2794 475 ἀργύριον
2839 404 2932 456 καὶ
2998 406 3329 472 προάστεια,
3388 403 3740 475 ἐπονομάσας

468 501 696 557 urbanis
741 501 791 553 ei
840 499 1133 569 assignatis
1174 514 1241 552 ex
1300 513 1400 553 suo
1430 499 1654 552 nomine
1687 498 1833 552 aedes
1876 498 2053 553 Theo-

413 614 419 627 ι
468 593 604 663 phili
637 593 874 645 vocavit.

538 684 627 737 29.
680 681 819 735 Ante
856 695 990 734 vero
1041 689 1277 734 mortem
1336 696 1488 733 suam
1539 681 1654 736 Deo
1701 680 2054 737 exsecrabilis

467 776 791 843 imperator,
850 773 1039 827 habito
1086 789 1211 826 cum
1257 773 1422 842 810
1472 774 1586 827 suis
1641 772 1919 843 partiariis
1964 789 2053 828 se-

470 876 624 919 creto
675 865 913 919 consilio
960 864 1028 918 de
1062 858 1409 933 ﬂ‘heophobo
1464 864 1652 930 Persa,
1697 882 1821 919 eum
1878 866 1924 920 is
1971 865 2055 919 ni-

468 958 671 1011 mirum
716 957 1018 1027 plurimum
1069 956 1362 1025 diligatur,
1423 963 1588 1025 atque
1648 956 1705 1009 in
1758 973 1883 1011 eum
1939 966 2055 1011 tum

469 1049 680 1105 subditi
740 1049 920 1102 Persa:
970 1058 1083 1101 tum
1144 1062 1252 1100 non
1321 1047 1479 1116 pauci
1543 1064 1833 1117 procerum
1892 1048 2054 1103 ﬁdem

469 1140 731 1205 habeant,
767 1155 836 1193 ne
872 1154 958 1192 me
986 1146 1207 1191 mortuo
1236 1138 1585 1207 tyrannidem
1624 1140 1920 1194 moliantur
1959 1141 2057 1195 ad-

468 1246 666 1286 versus
731 1230 901 1283 ﬁlium
972 1244 1205 1297 puerum
1272 1238 1327 1282 et
1394 1230 1659 1285 adversus
1725 1234 2053 1302 conjugem,

470 1322 870 1391 Theophohum
954 1322 1009 1375 in
1080 1322 1341 1391 palatium
1421 1323 1645 1389 intulit,
1712 1323 2055 1393 habebatque

470 1426 661 1466 secum
732 1416 1077 1473 morantem,
1144 1409 1339 1463 morbo
1401 1419 1586 1464 autem
1640 1411 2056 1479 ingravescente

469 1501 681 1557 carceri
731 1501 956 1555 inclusit
1007 1501 1064 1555 in
1109 1501 1438 1556 Bucoleonis
1477 1504 1730 1558 cameris.
1767 1504 2056 1574 Persisque

468 1594 623 1648 illum
675 1592 1091 1661 requirentibus
1142 1592 1274 1660 quid
1336 1592 1557 1647 demum
1609 1609 1677 1648 eo
1728 1592 1930 1649 factum
1973 1609 2057 1650 es-

467 1696 585 1751 set,
655 1686 825 1740 misso
891 1696 1060 1739 noctu
1127 1687 1428 1755 imperator
1491 1687 1725 1741 Pctrona
1799 1688 2057 1758 Augusta:

2164 496 2325 549 αὐτὸν
2350 496 2417 548 τὰ
2442 495 2722 564 Θεοφίλου.

2233 671 2314 743 [1).
2336 670 2463 743 526]
2488 671 2591 727 κθ’.
2625 671 2739 742 Πρὸ
2762 672 2818 725 δὲ
2838 672 2934 742 τῆς
2965 671 3127 724 αὑτοῦ
3149 671 3406 742 τελευτῆς
3432 674 3459 725 6
3485 672 3745 742 θεομισὴς

2160 757 2314 825 οὗτος
2329 763 2578 833 βασιλεὺς
2598 762 2791 834 βουλὴν
2813 763 3079 833 μυστικὴν
3096 764 3461 833 ποιησάμενος
3481 766 3615 825 μετά
3634 765 3742 817 τῶν

2161 854 2479 924 ὁμοφρόνων
2510 852 2675 905 αὑτοῦ
2713 853 2842 925 περὶ
2870 854 3140 923 Θεοιρόϐου
3165 853 3258 907 τοῦ
3295 855 3526 923 Πέρσου,
3562 856 3634 917 ὡς
3662 856 3743 908 ἔτι

2163 948 2361 1019 πολλὴν
2413 949 2634 1017 ἀγάπην
2665 947 2761 1001 καὶ
2811 949 2994 1001 πίστιν
3048 948 3263 1017 ἔχουσιν
3295 949 3373 1011 είς
3401 949 3563 1001 αὑτῗν
3596 950 3648 1001 οἵ
3682 966 3741 1001 τε

2164 1040 2255 1093 ὑπ’
2292 1040 2454 1092 αὑτὸν
2494 1040 2700 1111 Πέρσαι
2742 1041 2834 1094 καὶ
2878 1041 2985 1094 τῶν
3016 1042 3072 1092 ἐν
3114 1040 3259 1093 τέλει
3291 1042 3391 1093 οὐκ
3434 1040 3622 1108 ὀλίγοι,
3648 1040 3745 1093 καὶ

2165 1131 2240 1202 μή
2279 1149 2395 1194 πως
2442 1132 2577 1202 ἐμοῦ
2605 1132 3030 1202 τελευτήσαντος
3063 1132 3405 1203 μελετήσωσι
3450 1131 3745 1202 τυραννίδα

2162 1224 2302 1276 κοιτά
2334 1241 2393 1276 τε
2421 1223 2513 1276 τοῦ
2560 1224 2694 1293 ἐμοῦ
2729 1224 2916 1287 παιδὸς
2943 1225 3137 1293 νηπίου
3180 1224 3327 1287 ὄντος
3377 1223 3471 1276 κσι)⁸
3514 1223 3613 1292 τῆς
3642 1238 3746 1291 γυ-

2163 1316 2368 1379 ναικὸς,
2412 1315 2653 1385 ἀνήγαγε
2690 1314 2958 1385 Θεόφοϐον
2991 1317 3072 1379 είς
3116 1315 3174 1368 τὸ
3208 1314 3474 1369 παλάτιον
3505 1317 3596 1367 καὶ
3628 1312 3743 1385 εἶχε

2165 1406 2284 1476 μετ’
2318 1406 2503 1460 αὑτοῦ.
2543 1406 2813 1477 Βαρηθε“ις
2853 1406 2907 1459 δὲ
2939 1408 3003 1459 ἐκ
3031 1408 3127 1477 τῆς
3156 1407 3314 1459 νόσου
3346 1405 3595 1476 καθεῖρξε
3620 1406 3750 1460 Θεό-

2165 1500 2327 1568 φοϐον
2366 1502 2425 1551 ἐν
2454 1502 2573 1563 ταῖς
2614 1499 2893 1569 καμάραις
2945 1499 3037 1551 τοῦ
3085 1499 3494 1561 Βουκολὲοντος.
3527 1499 3646 1551 Τῶν
3687 1498 3748 1553 δὲ

2165 1589 2391 1661 Περσῶν
2422 1590 2821 1660 ἐπιζητούντων
2874 1591 3037 1644 αὑτὸν
3069 1591 3121 1643 τί
3174 1591 3281 1663 ἄρα
3313 1592 3554 1658 γέγονεν,
3610 1592 3746 1644 ἀπο-

2166 1682 2379 1745 στείλας
2408 1684 2465 1735 ἐν
2484 1684 2549 1751 τῇ
2578 1682 2734 1735 νυκτὶ
2753 1684 2779 1735 6
2808 1681 3060 1751 βασιλεὺς
3091 1683 3378 1751 Πετρωνᾶν
3403 1681 3489 1734 τὸν
3510 1685 3609 1751 τῆς
3634 1684 3744 1733 Λύ-

467 1777 637 1831 fratre
682 1793 808 1831 cum
866 1777 1144 1847 logotbeta
1204 1777 1530 1847 Theophobi
1580 1787 1745 1849 caput
1794 1780 2057 1845 abstulit,

2165 1760 2397 1842 γούστης
2426 1773 2651 1841 ἀδελφὸν
2687 1773 2783 1825 σὺν
2824 1773 2901 1843 τῷ
2940 1773 3200 1846 λογοθέτῃ
3237 1774 3477 1841 ἀπέτεμε
3524 1772 3621 1842 τὴν
3652 1789 3746 1823 κε·-

467 1884 661 1937 sparso
704 1883 927 1921 rumore
981 1869 1036 1921 in
1083 1869 1296 1933 Persas,
1357 1870 1535 1939 ipsum
1588 1870 1642 1924 in
1686 1872 1889 1941 palatio
1933 1886 2058 1925 cum

470 1961 804 2027 imperatore
844 1959 1072 2013 versari.
1114 1958 1437 2027 Imperatori
1496 1970 1679 2014 autem
1732 1961 2061 2031 dysenteriae

470 2045 665 2099 morbo
706 2045 848 2099 male
892 2045 1126 2115 abrupta
1174 2047 1382 2112 anima,
1427 2047 1691 2103 miserum
1738 2052 1858 2121 ejus
1895 2050 2062 2107 funus

469 2135 525 2190 in
582 2135 911 2191 Sanctorum
962 2136 1351 2206 Apostolorum
1415 2139 1617 2194 elatum
1676 2147 1782 2196 est.
1849 2141 2062 2211 Corpus

468 2242 603 2282 vero
653 2227 980 2297 Theophobi
1039 2229 1178 2283 clam
1230 2245 1330 2299 per
1377 2229 1747 2287 Bucoleonem
1798 2233 2061 2289 eductum

468 2334 641 2389 prope
681 2319 937 2373 Narsetis
965 2319 1112 2374 aedes
1152 2331 1500 2391 receperunt,
1548 2324 1603 2377 in
1632 2339 1701 2378 eo
1723 2324 1870 2394 quod
1914 2341 2063 2382 nunc

470 2409 797 2481 Theophobi
823 2420 1023 2465 vocant
1043 2451 1057 2476 ,
1094 2411 1281 2481 ibique
1312 2412 1706 2483 deposuerunt.

474 2630 811 2688 IMPERIUM
886 2632 1297 2759 ΜΙΕΙΙΑΕΙὺξΒ
1316 2634 1463 2759 EUM

1526 2638 1767 2694 MATBE
1845 2641 2060 2697 THEO-

545 2836 598 2888 1.
632 2833 791 2889 Anno
810 2835 999 2889 mundi
1033 2836 1190 2902 6559,
1216 2837 1415 2894 divina:
1448 2851 1630 2897 autem
1667 2845 2064 2909 incarnationis

486 2926 621 2990 859,
648 2927 943 2996 imperavit
985 2928 1216 2984 Michael
1240 2930 1533 3001 Theophili
1557 2934 1700 2990 ﬁlius
1723 2952 1849 2992 eum
1881 2942 2065 2997 Theo-

2164 1866 2338 1934 φαλὴν
2365 1864 2459 1919 τοῦ
2492 1866 2780 1933 Θεοφόϐου.
2820 1866 3086 1919 Ἐπεισαν
3122 1866 3178 1917 δὲ
3204 1860 3347 1918 οῦτοι
3376 1864 3501 1927 τοὺς
3533 1866 3746 1934 Πέρσας

2158 1956 2240 2021 ὡς
2282 1957 2422 2026 μετά
2454 1957 2545 2009 τοῦ
2581 1956 2845 2026 βασιλέως
2879 1958 3025 2011 ἐστὶν
3071 1959 3129 2010 ἐν
3151 1958 3227 2027 τῷ
3259 1958 3526 2027 παλατίῳ.
3556 1957 3660 2009 Τοῦ
3690 1954 3748 2007 δέ

2164 2048 2428 2118 βασιλέως
2474 2048 2820 2119 δυσεντερίας
2850 2049 2991 2119 νόσῳ
3024 2049 3120 2119 τὴν
3146 2049 3323 2118 ψυχὴν
3353 2048 3538 2109 κακῶς
3572 2047 3747 2118 ἀπορ-

2164 2140 2429 2211 ρήξαντος
2458 2140 2805 2211 ἀπεκομίσθη
2865 2140 2926 2193 τὸ
2975 2140 3238 2211 δύστηνον
3282 2138 3446 2192 αὑτοῦ
3480 2138 3638 2208 σῶμα
3664 2140 3745 2200 είς

2162 2232 2290 2294 τοὺς
2331 2231 2541 2298 Ἀγίους
2578 2231 2952 2293 Ἀποστόλους.
2990 2232 3063 2284 Τὸ
3092 2232 3148 2285 δὲ
3171 2232 3328 2301 σῶμα
3355 2231 3448 2284 τοῦ
3477 2231 3747 2299 Θεοφόϐου

2159 2322 2252 2377 διὰ
2280 2322 2373 2376 τοῦ
2402 2321 2791 2386 Βουκολέοντος
2841 2323 3201 2392 ἐξαγαγόντες
3257 2323 3531 2395 λαθραίως
3562 2323 3753 2375 διέσω-

2160 2432 2264 2469 σαν
2316 2415 2544 2486 πλησίον
2590 2417 2657 2470 τὰ
2705 2418 2949 2489 Ναρσοῦ,
2993 2418 3052 2471 ἐν
3098 2421 3165 2489 τῇ
3212 2417 3305 2471 νῦν
3351 2418 3618 2488 λεγομένῃ
3652 2417 3751 2485 τῆς

2158 2508 2483 2578 Θεοφοϐίας,
2512 2509 2607 2562 καὶ
2636 2510 2796 2564 τοῦτο
2835 2512 3014 2563 ἐκεῖσε
3051 2510 3387 2579 κατέθηκαν.

2164 2644 2480 2700 ΒΔΣΙΛΕΙΑ
2516 2645 2791 2699 ΜΙΧΑΗΛ
2831 2648 3021 2701 ΜΕΤΑ
3055 2648 3404 2703 ΘΕΟΔΩΡΑΣ
3439 2648 3575 2699 ΤΗΣ
3608 2650 3748 2703 ΜΗ-

2720 2718 2896 2771 ΤΡΟΣ
2925 2719 3181 2773 ΑΥΤΟΥ.

2238 2853 2403 2925 α’.Τῷ
2420 2854 2587 2928 ⁴ςῖτλθ⁹
2610 2852 2719 2906 ἔτει
2748 2850 2842 2904 τοῦ
2867 2850 3097 2923 κόσμου,
3120 2854 3229 2907 ἀπὸ
3256 2853 3311 2907 δὲ
3332 2856 3428 2924 τῆς
3452 2853 3601 2918 θείας
3622 2869 3755 2923 σαρ-

2166 2945 2391 3010 κώσεως
2420 2946 2565 3013 ωλθ¹,
2592 2947 2912 3000 ἐϐασίλευσε
2936 2945 3153 3015 Μιχαὴλ
3184 2948 3212 2999 6
3235 2946 3347 3009 υἱὸς
3372 2947 3632 3015 Θεοφίλου
3654 2946 3753 2999 σὺν

473 3018 609 3071 dora
647 3027 819 3071 matre
846 3035 965 3084 sua,
1010 3036 1185 3074 annos
1216 3023 1719 3095 quindecimgsolus
1739 3046 1871 3086 vero
1898 3034 2059 3103 811

2165 3040 2232 3106 τῇ
2269 3038 2439 3109 μητρὶ
2473 3036 2636 3091 αὑτοῦ
2668 3036 2941 3108 Θεοδώρᾳ,
2974 3037 3069 3106 ἐτη
3107 3037 3429 3102 δεκαπέντε,
3477 3038 3639 3107 μόνος
3684 3037 3745 3089 δὲ

480 3125 658 3163 annos
687 3108 899 3174 decem,
918 3127 1039 3164 cum
1068 3113 1270 3167 Basilio
1287 3130 1490 3169 annum
1521 3121 1798 3185 unum.ls,
1842 3126 2056 3191 paterni

2183 3128 2279 3198 ἔτη
2316 3108 2470 3193 δέκα,
2505 3130 2598 3182 καὶ
2625 3131 2721 3182 σῦν
2743 3128 3010 3199 Βασιλείῳ
3040 3128 3156 3192 ἔτος
3200 3129 3341 3183 2v".
3378 3130 3563 3192 Ὅστις
3580 3130 3626 3163 ⁸⁵
3654 3126 3756 3198 τὴν

475 3199 694 3269 imperii
730 3203 1141 3258 successionem
1168 3204 1402 3273 adeptus
1422 3248 1435 3271 ,
1469 3208 1581 3263 Deo
1610 3226 1771 3267 exosa
1803 3216 2060 3272 Ecclesiae

2170 3219 2434 3290 πατρῴαν
2459 3218 2741 3290 βασιλείαν
2774 3219 3181 3289 διαδεξάμενος,
3208 3219 3306 3289 τὴν
3334 3220 3387 3273 δὲ
3405 3221 3451 3254 ⁸⁸
3481 3219 3748 3291 θεοστυγῆ

474 3290 690 3345 invecta
741 3291 971 3362 direque
1006 3294 1061 3346 in
1095 3310 1214 3348 eam
1248 3295 1585 3354 debacchata
1618 3317 1759 3357 nova
1788 3307 2058 3377 religione

2166 3313 2662 3383 παρεισφρήσασαν
2712 3311 3094 3383 τῇἙκκλησίᾳ
3127 3312 3223 3365 καὶ
3252 3310 3441 3375 δεινῶς
3468 3290 3757 3381 ἐπικωμὰέ

471 3397 539 3436 ac
564 3384 964 3453 superstitione
987 3386 1204 3439 sincere
1245 3388 1542 3444 admodum
1579 3409 1830 3461 excussa,
1849 3413 2062 3454 sacram

473 3474 688 3542 pridem
736 3490 765 3527 a
818 3475 929 3527 Deo
979 3477 1338 3532 constitutam
1390 3483 1864 3555 rectissimamque
1900 3489 2062 3546 ﬁdem

476 3562 819 3629 praedicavit.
866 3565 1158 3619 Theodora
1184 3584 1312 3623 vero
1340 3573 1418 3625 sic
1452 3572 1625 3627 ﬁdelis
1647 3586 1847 3632 eratet
1870 3581 2065 3636 ortho-

477 3653 641 3719 doxa,
671 3663 730 3707 ut
755 3662 811 3707 et.
833 3655 956 3709 viro
984 3671 1085 3711 suo
1116 3657 1299 3713 adhuc
1329 3666 1626 3731 superstite
1678 3682 1862 3722 sacras
1922 3671 2063 3725 ima-

480 3744 639 3812 gines
686 3745 895 3799 coleret
927 3756 983 3801 et
1017 3748 1291 3804 adoraret.
1326 3753 1453 3807 Haec
1481 3763 1593 3809 tum
1630 3772 1727 3812 sua
1791 3760 1910 3829 ipsa
1962 3779 2063 3818 vo-

478 3837 714 3900 luntate,
746 3844 861 3891 tum
894 3838 1198 3896 Theoctisti
1236 3845 1475 3900 caniclio
1509 3849 1753 3917 praefecti
1810 3862 1865 3907 et
1912 3856 2065 3926 logo-

479 3930 646 3983 thetae
712 3933 1064 4001 suggestione
1146 3951 1210 3990 ac
1295 3939 1711 4009 admonitione,

480 4022 857 4089 patriarcham
923 4040 1049 4080 eum
1104 4030 1220 4084 suis
1267 4034 1492 4087 asseclis
1543 4037 1780 4091 ecclesia
1815 4040 2067 4111 urbeque

476 4114 727 4182 expellit,
764 4117 1006 4186 relegato
1042 4119 1161 4188 ipso
1205 4121 1261 4175 in
1316 4122 1546 4178 Stenum
1600 4126 1665 4179 ad
1712 4128 1954 4182 Clidium
1984 4130 2067 4185 sic

481 4218 887 4275 nuncupatum.
923 4210 1131 4266 Ferunt
1159 4223 1344 4268 autem
1370 4216 1490 4284 eius
1510 4227 1849 4287 eompatrem
1871 4220 2066 4286 fuisse,

477 4305 536 4349 et
563 4296 658 4364 qui
683 4311 715 4351 e
742 4313 901 4353 sacro
930 4299 1080 4355 fonte
1108 4302 1282 4371 ipsius
1332 4303 1502 4359 ﬁlium
1537 4308 1793 4363 levasset.
1850 4311 2067 4367 lndueit

477 4401 613 4441 vero
650 4387 707 4441 S.
743 4390 1109 4456 Methodium,
1174 4406 1479 4451 merentem
1529 4402 1882 4466 monachum,
1941 4405 2067 4459 red-

1797 3946 2063 4004 Joannem

2168 3421 2338 3456 σασαν
2368 3403 2493 3456 νέαν
2534 3404 2837 3473 Θρησκείαν
2866 3399 2924 3456 εὖ
2962 3403 3107 3472 μάλα
3140 3403 3383 3474 γνησίως
3437 3403 3739 3456 ἀποσεισά-

2170 3512 2351 3566 μενος,
2381 3496 2480 3565 τὴν
2516 3494 2755 3547 ἔκπαλαι
2811 3495 3036 3565 θεοφιλῆ
3066 3496 3219 3548 κα“ι⁸⁷
3251 3495 3640 3562 θεοϐράϐευτον
3680 3496 3757 3548 ie-

2170 3585 2271 3657 ράν
2299 3602 2359 3638 τε
2399 3586 2494 3638 καὶ
2525 3585 2826 3655 ὀρθοτάτην
2874 3586 3058 3637 πίστιν
3098 3586 3457 3656 ἀνεκήρυξεν.
3514 3587 3578 3637 'll
3624 3586 3679 3638 δὲ
3704 3586 3750 3615 ’⁸

2168 3676 2423 3744 Θεοδώρα
2455 3677 2630 3739 οὕτως
2655 3672 2723 3747 ἦν
2763 3678 2927 3747 πιστὴ
2960 3677 3053 3729 καὶ
3082 3678 3361 3748 όρθόδοξος
3390 3678 3465 3741 ὼς
3510 3679 3605 3731 καὶ
3653 3677 3744 3730 τοῦ

2170 3769 2361 3840 ἀνδρὸς
2394 3770 2564 3839 αὐτῆς
2587 3769 2671 3823 ἔτι
2693 3771 2974 3837 περιόντος
3008 3770 3182 3841 λάθρα
3211 3770 3308 3834 τὰς
3342 3772 3502 3840 ἁγίας
3534 3772 3745 3833 εἰκόνας

2168 3863 2334 3931 τιμᾷν
2397 3862 2492 3914 καὶ
2550 3864 2909 3932 προσκυνεῖν.
2947 3863 3105 3925 ’Ἢτις
3137 3864 3330 3935 γνώμῃ
3377 3865 3472 3935 μὲν
3527 3865 3748 3933 ἑαυτῆς,

2172 3952 2427 4025 ὑποθήκῃ
2480 3953 2537 4006 δέ
2589 3954 2681 4006 καὶ
2726 3954 3048 4023 παραινέσει
3079 3957 3402 4009 Θεοκτίστου
3446 3956 3755 4010 κανικλείου

2172 4045 2268 4096 καὶ
2296 4043 2607 4111 λογοθέτου,
2641 4044 2920 4110 ἐξελαύνει
2968 4063 3027 4098 τε
3070 4047 3169 4116 τῆς
3196 4048 3497 4117 ἐκκλησίας
3523 4052 3618 4101 καὶ
3652 4049 3753 4119 τῆς

2171 4134 2379 4198 πόλεως
2402 4136 2492 4188 τὸν
2543 4139 2895 4207 πατριάρχην
2932 4138 3187 4209 Ἰωάννην
3235 4140 3331 4193 σὺν
3364 4144 3475 4203 τοῖς
3506 4142 3633 4212 περὶ
3659 4141 3752 4195 αὑ-

2170 4226 2262 4278 τὸν
2294 4226 2478 4293 ὄντας,
2511 4229 2875 4300 περιορίσασα
2913 4230 3104 4283 τοῦτον
3152 4233 3209 4284 ἐν
3244 4230 3320 4301 τῷ
3363 4232 3542 4302 Στενῷ
3582 4235 3661 4296 είς
3692 4234 3757 4285 τὸ

2172 4316 2419 4370 Κλειδίον
2466 4318 2638 4381 οὕτως
2692 4319 3049 4388 καλούμενον.
3082 4321 3315 4388 Λέγεται
3370 4322 3431 4374 δὲ
3480 4323 3754 4387 καὶ,σύν-

2171 4426 2360 4462 τεκνον
2407 4411 2579 4481 αὐτῆς
2614 4408 2774 4464 εἶναι.
2815 4414 3039 4480 Είσάγει
3070 4414 3127 4465 δέ
3173 4414 3265 4467 τὸν
3308 4416 3365 4467 ἐν
3397 4415 3571 4483 ἁγίοις
3602 4415 3752 4468 Μεθ-

478 4477 710 4546 ditaque
768 4482 1003 4535 ecclesia
1067 4487 1439 4553 patriarchatn
1487 4492 1817 4560 constituit;
1876 4510 2060 4551 omnes

2174 4498 2315 4550 όδιον
2374 4477 2607 4569 μοναγὸν
2659 4500 2809 4565 ὄντα,
2840 4503 2932 4554 καὶ
2964 4477 3338 4574 ’πατριάρχην
3384 4477 3754 4577 ἀποκαθιστᾷ.

478 4577 777 4635 episcopos
811 4578 978 4639 atque
997 4577 1297 4632 monachos
1326 4595 1357 4632 a
1390 4580 1700 4650 Theophilo
1728 4584 1782 4638 in
1809 4587 2060 4641 exsilium

2179 4587 2289 4640 Καὶ
2323 4588 2534 4651 πάντας
2560 4590 2688 4652 τοὺς
2721 4590 2826 4641 ὑπὸ
2851 4590 3111 4657 Θεοφίλου
3145 4591 3455 4662 ἐξορίστους
3488 4596 3757 4663 μοναχοὺς

486 4658 763 4728 relegatos
787 4661 839 4714 in
868 4678 1038 4717 unum
1060 4680 1285 4735 cogens,
1320 4672 1686 4727 orthodoxam
1721 4676 2060 4732 conﬁrmavit

2178 4678 2271 4730 καὶ
2333 4680 2665 4745 ἐπισκόπους
2721 4681 2806 4753 [Ρ.
2841 4683 2967 4754 52η
3016 4658 3265 4738 ἐνώσασα
3314 4685 3411 4756 τὴν
3472 4658 3752 4756 όρθόδοξον

485 4751 671 4814 ﬁdem,
734 4754 1021 4823 primaque
1081 4757 1417 4827 jejuniorum
1456 4764 1739 4821 Dominica
1766 4768 2060 4825 Ecclesiam

2174 4767 2469 4821 ἐϐεϐαίωσε
2497 4770 2679 4825 πίστιν
2718 4751 2811 4825 καὶ
2840 4772 2939 4843 τὴν
2959 4751 3308 4844 ⁷Ἐκκλησίαν
3339 4751 3654 4843 είρήνευσεν
3685 4776 3749 4843 τῇ

486 4856 617 4909 pace
646 4846 977 4912 composuit.
1013 4848 1334 4919 Quanquam
1358 4855 1504 4908 enim
1550 4856 1856 4926 imperator
1890 4860 2060 4916 infans

2178 4861 2368 4932 πρώτῃ
2403 4865 2664 4934 Κυριακῇ
2704 4865 2812 4918 τῶν
2844 4866 3016 4933 ἁγίων
3041 4870 3301 4937 νηστειῶν
3316 4869 3380 4919 ’⁸.
3422 4866 3483 4918 EE
3518 4865 3625 4935 γὰρ
3656 4866 3750 4916 καὶ

486 4947 554 4985 ac
582 4948 720 5001 puer
754 4945 895 5000 erat,
927 4938 1022 5007 qui
1050 4947 1231 4995 tamen
1253 4960 1315 4996 ex
1348 4961 1437 4998 ore
1462 4947 1753 5016 infantium
1781 4959 1829 5004 et
1869 4951 2060 5007 lacten-

2179 4953 2373 5021 νήπιος
2400 4953 2696 5024 ἐτύγχανεν
2727 4958 2754 5008 6
2807 4956 3081 5025 βασιλεὺς,
3136 4958 3251 5011 ἀλλ’
3286 4961 3318 5012 ό
3342 4959 3409 5011 ἐκ
3451 4960 3750 5025 στόματος

487 5026 623 5122 tium
655 5026 871 5095 perfecit
932 5028 1143 5084 laudem
1174 5042 1195 5069 ³
1221 5075 1236 5099 ,
1275 5035 1423 5091 hunc
1449 5054 1670 5109 quoque
1720 5042 1837 5113 ipse
1891 5044 2060 5099 divini

2175 5047 2410 5113 νηπίων
2439 5048 2537 5101 καὶ
2586 5049 2962 5117 θηλαζόντων
3015 5053 3546 5122 καταρτησάμενος
3566 5052 3611 5082 ⁸⁹
3665 5046 3756 5105 aI-

484 5116 760 5186 dogmatis
797 5122 1087 5179 veritatem
1114 5127 1333 5183 cantico
1388 5131 1669 5189 celebrare
1714 5151 1779 5191 ac
1828 5138 2060 5193 manife-

2171 5155 2303 5205 νον,
2347 5140 2507 5203 αὐτος
2540 5144 2634 5194 καὶ
2665 5142 2855 5196 τοῦτον
2875 5145 2915 5175 ³⁸
2951 5144 3332 5215 παρεσκεύασε
3360 5148 3459 5217 τὴν
3493 5145 3755 5216 ἀλήθειαν

562 5282 584 5309 ⁸
628 5279 772 5334 Psal.
809 5298 928 5346 vni,
962 5284 1016 5337 5.

1812 5381 2046 5438 VARI/Ii
2088 5384 2495 5446 LECTIONES.

554 5489 1466 5589 '11‘?If?.ﬂi'i"i§i§i§‘ﬂ‘3?‘f
1479 5498 2041 5589 35°F,“9§UFFP.'}X“’Q§
2068 5503 2182 5587 Βῖδς
2205 5507 2523 5589 “ima-"2?."
2559 5515 2637 5589 τῇ.
2656 5513 3030 5589 “ﬁrmaritth
3052 5516 3326 5589 ,Θεοδώρᾳ
3350 5516 3639 5589 κατέσχεν.
3662 5516 3757 5589 ἕκτη

489 5560 1429 5655 ξᾷτξοξξιξένφίᾐμὺὶι,ρατξ⁵ξργιςεγ’ξτ,η
1455 5567 1550 5655 ιβ’,
1581 5569 1757 5655 μῇνας
1780 5577 1830 5655 γζ
1852 5560 1935 5651 ρξ’
2064 5574 2121 5636 ὃς
2148 5560 2209 5641 γε
2446 5560 2512 5655 es
2537 5560 3757 5655 “safe?'=Fézg‘zp'aa';;?;5afiz'.'"ii{es}?

485 5629 535 5746 ἓ
568 5629 831 5731 νηιστειῷν
858 5629 1063 5737 oti-13C,
1099 5629 1350 5705 qui-post
1378 5629 1717 5708 ἀνεκήρυξεν
1740 5629 2030 5711 subjungit
2056 5629 2175 5714 qua;
2210 5629 2262 5716 ι).
2293 5629 2409 5702 -814
2882 5629 3387 5722 -ΪιῖέὲιίιὲἱῖῖκέΪἻὸ
3410 5629 3758 5725 καταρτίὲσέξ

537 5736 547 5747 .
692 5719 782 5753 και
814 5719 937 5753 τους
966 5744 975 5752 .

537 5736 547 5747 ι
693 5736 782 5753 ηδ..
823 5736 935 5763 ινα,
966 5744 975 5752 ι
