4128 6438
313 398 429 493 s05
1420 415 1616 479 Vim
1659 408 2219 475 RECENTIORUM
2261 408 2465 468 mer.
3479 397 3592 464 906

390 536 474 592 ιδ’.
523 533 684 588 Ἀκλὰ
704 536 795 589 καὶ
823 534 920 604 τὴν
951 531 1151 603 στήλην
1181 529 1525 599 Σολομῶντος
1555 529 1614 578 ἐν
1643 529 1710 597 τῇ
1745 524 1902 596 βασι-

2081 520 2168 572 Η.
2219 517 2326 572 Sed
2378 527 2435 571 et
2478 512 2790 570 Salomonis
2848 510 2905 565 in
2958 509 3182 567 basilica
3237 511 3595 567 exsistentem

309 631 440 701 λικῇ
498 626 662 680 οὖσαν
718 601 982 696 μεγίστην
1018 601 1285 687 κατεάξας
1324 619 1658 692 προσέταξεν
1693 620 1750 670 ἐν
1784 616 1892 670 ὀνόο

2017 617 2239 664 :tatuam
2271 606 2566 662 maximam
2596 602 2956 674 confringens
2985 617 3084 658 suo
3114 603 3337 658 nomine
3365 601 3595 673 elligiari

243 735 258 744 ‘
315 737 449 792 ματι
503 715 672 772 αὐτοῦ
715 714 1094 784 ἐκτυπωθῆναι
1159 710 1254 778 καὶ
1299 711 1520 781 τεθῆναι
1555 707 1800 764 κάτωθεν
1835 708 1894 759 ἐν

2019 700 2157 756 ussit
2197 714 2262 754 ac
2309 699 2364 753 in
2420 697 2585 753 Novae
2621 695 2869 766 ejusdem
2923 695 3168 751 ecclesiae
3219 694 3596 749 fundamentis

311 785 429 876 ⁴τοῖς
459 812 830 882 θεμελίοιςτῆς
867 808 1037 880 αὐτῆς
1067 807 1212 870 Νέας
1241 805 1561 876 ἐκκλησίας,
1596 804 1673 867 ὠς
1701 801 1895 856 Θυσίαν

2017 791 2150 859 >οιιί,
2184 806 2248 845 ac
2287 791 2332 844 si
2368 785 2680 844 istiusmodi
2716 785 2926 842 fabrica
2976 785 3214 841 hostiam
3261 801 3320 840 se
3363 785 3597 840 offerret

313 903 512 956 ἐαυτὸν
649 901 879 972 τοιούτῳ
908 899 1162 970 κτίσματι
1189 895 1267 966 τῷ
1289 896 1409 966 Θεῷ
1436 895 1753 966 προσάγων.
2003 880 2134 936 Deo.

390 1001 473 1047 ιε’.
513 966 949 1063 Ἐπεστράτευσε
989 966 1047 1043 δέ
1088 988 1250 1041 πάλιν
1280 989 1308 1040 6
1340 985 1594 1056 βασιλεὺς
1621 983 1763 1037 κοιτύ⁴
1783 981 1898 1037 Με-

2073 973 2164 1028 15.
2231 971 2496 1040 Suscepta
2553 985 2686 1026 vero
2736 984 2932 1025 rursus
2979 969 3280 1038 imperator
3329 966 3600 1020 adversus

316 1086 564 1154 λιτηνῆς,
600 1083 695 1137 καὶ
721 1058 1103 1153 αἰχμαλωσίαν
1129 1078 1497 1150 ποιησάμενος
1531 1078 1627 1130 καὶ
1669 1075 1900 1140 πολλοὺς

2017 1065 2309 1121 Helitinem
2367 1064 2741 1135 expeditione,
2791 1063 2981 1117 multis
3027 1061 3130 1116 sub
3163 1062 3354 1132 jugum
3415 1058 3602 1114 missis

319 1178 591 1248 πολέμους
615 1175 970 1246 κατορθώσας
1010 1173 1378 1246 ὑπέστρεψεν.

2017 1159 2304 1228 multisque
2327 1156 2476 1213 felici
2499 1165 2673 1212 marte
2699 1155 2938 1227 peractis
2973 1154 3186 1224 proeliis
3207 1167 3466 1208 reversus
3492 1161 3598 1208 est.

392 1245 492 1334 ιςί.
525 1270 765 1342 Τελευτᾷ
795 1271 852 1324 δὲ
886 1270 1149 1338 Ἰγνάτιος
1178 1271 1206 1322 6
1253 1267 1623 1340 πατριάρχης,
1663 1266 1758 1320 καὶ
1787 1262 1904 1319 ἀντ’

2078 1251 2168 1306 16.
2213 1250 2444 1305 Moritur
2484 1265 2618 1305 vero
2672 1248 2918 1318 lgnatius
2960 1245 3313 1317 patriarcha;
3371 1247 3602 1316 ejusque

321 1363 490 1419 αὐτοῦ
523 1364 685 1416 πάλιν
731 1335 1052 1425 άναϐιὸάζει
1081 1361 1286 1415 Φὼτιον
1318 1335 1668 1431 πατριάἽρ-χην
1693 1355 1906 1412 16-656-

2017 1346 2132 1401 loco
2156 1359 2353 1399 rursus
2382 1341 2639 1398 Photium
2660 1336 3029 1410 patriarcham
3062 1335 3319 1406 provehit
3342 1335 3600 1390 Basilius.

321 1473 482 1528 τερον
533 1453 697 1510 αὐτοῦ
725 1456 753 1507 6
793 1452 1065 1525 βασιλεύς.
1103 1452 1260 1506 Μετὰ
1309 1452 1365 1506 δέ
1422 1425 1598 1505 ταῦτα
1622 1425 1686 1503 ἐν
1719 1448 1908 1520 ἐξορίᾳ

2017 1433 2206 1490 Postea
2238 1441 2423 1488 autem
2462 1441 2683 1486 mortuo
2715 1428 2771 1483 in
2801 1427 2997 1483 exsilio
3040 1425 3356 1497 patriarcha
3378 1425 3599 1488 Photio,

321 1514 748 1617 τελευτήσαντος
773 1514 979 1600 είιωτίου
1012 1514 1354 1617 πατριάρχου
1387 1543 1628 1615 άπετέθη
1659 1542 1719 1596 τὸ
1748 1514 1908 1611 σι’έμα

2017 1525 2134 1596 ejus
2181 1523 2496 1595 depositum
2564 1521 2730 1576 funus
2785 1527 2871 1575 est
2929 1518 2986 1573 in
3053 1517 3394 1572 monasterio
3453 1514 3602 1586 quod

324 1641 494 1696 αὑτοῦ
539 1609 602 1695 ἐν
663 1609 800 1710 μονῇ
857 1642 922 1710 τῇ
982 1609 1388 1710 λεγομένην-τοῦ
1434 1609 1698 1708 Ἰερεμίου
1732 1637 1790 1690 ἐν

2017 1618 2267 1675 Jeremiae
2300 1626 2502 1672 vocant
2528 1616 2583 1670 in
2615 1613 3023 1683 Mardosagari;
3068 1609 3216 1681 quod
3261 1619 3422 1665 antea
3474 1609 3604 1664 uni-

2013 1708 2243 1764 versalis
2274 1707 2513 1762 ecclesia
2554 1713 2677 1759 erat
2718 1719 2782 1758 ac
2812 1702 3049 1773 pardecia
3069 1702 3288 1770 utrique
3319 1697 3475 1753 sexui
3501 1697 3605 1754 de-

2017 1798 2151 1862 dita,
2173 1798 2406 1854 Photius
2427 1812 2562 1851 vero
2584 1795 2914 1851 feminarum
2937 1790 3333 1848 monasterium
3373 1790 3604 1847 fecerat.

1937 1887 1985 1948 B
2089 1892 2176 1944 l7.
2232 1891 2444 1945 Rursus
2472 1904 2605 1944 vero
2650 1903 2776 1942 cum
2815 1886 3063 1941 exercitu
3110 1883 3391 1956 profectus
3431 1882 3607 1953 impe-

323 1733 755 1806 Μαρδοσαγάρῃ.
786 1730 952 1803 οὓσης
982 1731 1246 1802 πρότερον
1267 1729 1559 1801 καθολικῆς
1589 1729 1908 1800 ἐκκλησίας,

325 1827 488 1889 αὐτὸς
510 1826 568 1877 δὲ
593 1823 798 1886 Φὼτιος
826 1823 1083 1893 ἐποίησεν
1114 1823 1282 1894 αὐτὴν
1317 1823 1484 1894 μονὴν
1507 1821 1848 1892 γυναικείαν.

401 1918 486 1983 ιζ’.
512 1917 680 1971 Πάλιν
707 1917 765 1970 δὲ
789 1918 1143 1985 ἐκστρατευει
1167 1917 1196 1968 6
1227 1914 1479 1985 βασιλεὺς
1522 1916 1602 1979 εἰς
1632 1916 1905 1986 Γερμανι-

325 2012 478 2077 κίαν,
501 2012 596 2066 καὶ
622 2012 829 2083 ταύτην
849 2010 1199 2081 ἐκπορθήσας
1238 2011 1333 2063 καὶ
1359 2008 1773 2080 αἰχμαλωτίσας
1801 2008 1906 2062 ὑπ-

327 2103 582 2174 έστρεψε.

400 2202 494 2266 ιη’.
521 2195 765 2267 Τελευτᾷ
795 2195 853 2250 δέ
879 2197 1293 2258 Κωνσταντῐνος
1337 2197 1365 2249 6
1393 2195 1508 2259 υίὸς
1561 2193 1784 2265 Μιχαὴλ
1812 2193 1910 2264 βα-

328 2288 523 2353 σιλέως
556 2287 616 2355 ἐξ
640 2288 922 2354 Εὑδοκίας,
946 2288 1023 2352 ὡς
1051 2288 1108 2342 δὲ
1137 2288 1316 2358 λόγος,
1343 2287 1461 2350 υίὸς
1493 2288 1778 2342 Βασιλείου
1803 2303 1815 2317 ·
1851 2287 1912 2340 ὃν

327 2380 500 2437 πολλὰ
553 2380 824 2454 ἐθρήνησε
859 2381 1161 2448 Βασίλειος,
1214 2379 1388 2433 πολλὰ
1431 2380 1676 2451 στέργων
1723 2379 1908 2434 αὐτόν.

327 2475 441 2529 Καὶ
463 2474 703 2546 ἀπετέθη
731 2473 793 2528 τὸ
819 2473 980 2546 σῶμα
1000 2473 1166 2528 αὑτοῦ
1182 2476 1241 2528 ἐν
1265 2475 1379 2537 τοῖς
1413 2473 1604 2544 τάφοις
1634 2473 1742 2528 τῶν
1766 2472 1914 2543 βασις

325 2569 486 2624 λέων.

398 2659 483 2714 ιθ’.
533 2659 695 2731 Μαΐῳ
725 2657 774 2714 α’
804 2657 1176 2728 ἐγκαινίζεται
1200 2658 1295 2713 καὶ
1325 2657 1697 2730 ἐνθρονῐζεται
1731 2657 1764 2728 ἡ
1795 2656 1913 2712 Νέα

328 2753 617 2824 ἐκκλησία,
670 2754 739 2824 ῆν
783 2751 1000 2805 ἐκτισεν
1039 2753 1068 2806 6
1113 2750 1372 2821 βασιλεὺς
1426 2750 1522 2804 καὶ
1572 2748 1915 2803 ἐκαλλώπισε

327 2847 523 2918 κόσμῳ
552 2845 755 2917 πολλῷ,
809 2846 964 2917 παρὰ
1005 2844 1213 2899 Φωτίου
1267 2844 1654 2920 πατριάρχου,
1690 2843 1788 2897 τοῦ
1819 2843 1916 2915 βα-

330 2938 523 3002 σιλέως
545 2937 723 3010 λῶρον
762 2938 1095 3009 φορέσαντος
1124 2937 1220 2990 καὶ
1245 2937 1510 3009 χρήματα
1543 2935 1716 2991 πολλὰ
1731 2936 1917 3001 δόντος

328 3030 426 3085 καὶ
452 3030 602 3084 Νέαν
632 3030 802 3102 αὖτὴν
832 3031 1295 3102 ἐπονομάσαντος.

400 3119 471 3177 κ’.
511 3121 823 3193 Ἀπεστάλη
849 3121 908 3176 δέ
940 3122 1096 3193 παρὰ
1152 3121 1248 3176 τοῦ
1303 3122 1570 3194 βασιλέως
1611 3124 1917 3196 Προκόπιος

326 3213 828 3286 πρωτοδεστιάριος
852 3215 991 3285 μετὰ
1011 3213 1231 3270 πάντων
1261 3215 1370 3270 τῶν
1394 3215 1626 3271 δυτικῶν
1643 3217 1916 3289 θεμάτων,
1948 3227 1992 3287 c

326 3304 485 3369 ὄντος
547 3305 857 3375 Εὐπραξίου
920 3307 1298 3378 στρατηλάτου
1361 3311 1442 3374 είς
1492 3309 1768 3378 Σικελίαν,
1823 3310 1920 3365 καὶ

329 3401 410 3465 εις
445 3400 795 3471 Κεφαληνίαν
849 3401 944 3456 τοῦ
1005 3402 1381 3474 Μουσουλίκη,
1415 3405 1496 3469 εἰς
1522 3404 1579 3459 δέ
1604 3404 1665 3459 16
1704 3405 1920 3477 Δυρρά-

330 3506 449 3560 χιον
499 3489 593 3542 τοῦ
631 3490 959 3562 Ῥαὸδούχου
1003 3493 1100 3546 καὶ
1152 3494 1211 3547 ἐν
1265 3497 1333 3566 τῇ
1387 3495 1791 3568 Πελοποννήσῳ
1822 3495 1918 3550 τοῦ

345 3583 589 3638 Ὀνιάτου
643 3585 737 3638 καὶ
777 3585 869 3638 τοῦ
904 3585 1293 3640 ’Δποστὺππου
1326 3604 1341 3618 ο
1412 3589 1560 3651 ὅστις
1614 3590 1921 3660 Προκόπιος

332 3676 533 3739 πολλὰς
574 3678 805 3749 πράξεις
828 3680 920 3732 καὶ
951 3681 1324 3750 ἀνδραγαθίας
1349 3682 1730 3754 ἐργασάμενος
1755 3684 1922 3756 ἐσχά-

330 3784 440 3831 τως
480 3770 721 3840 πολὲμου
775 3770 856 3843 [Ρ.
890 3772 1017 3846 547]
1064 3776 1352 3842 γεγονότος
1412 3777 1510 3830 καὶ
1564 3777 1921 3848 προδοθέντος

334 3861 438 3913 ὑπὸ
459 3860 554 3914 τοῦ
596 3863 985 3936 ’Δποστύππης
1001 3867 1046 3898 ⁹⁹
1073 3866 1311 3937 ἐσφάγη.

402 3952 510 4008 κα¹.
546 3956 703 4009 Λέων
755 3957 812 4011 δέ
838 3961 865 4011 6
888 3959 1197 4031 Σαλιὸαρᾶς
1252 3961 1530 4032 συνοψίζει
1585 3963 1776 4034 Φωτίῳ
1814 3979 1920 4016 πα·-

333 4046 569 4117 τριάρχῃ
601 4047 877 4120 Θεόδωρον
941 4051 1197 4123 μοναχὸν,
1249 4054 1689 4125 ἁρχιεπίσκοπον
1723 4056 1920 4126 Εὑχαῖ-

328 4135 462 4200 τῶν,
484 4137 558 4201 ὡς
595 4140 800 4212 εὐλαϐῆ
848 4142 944 4196 καὶ
979 4142 1240 4197 ποιοῦντα
1265 4144 1531 4216 τεράστια
1559 4147 1655 4199 καὶ
1681 4164 1920 4219 προορα-

329 4229 504 4283 τικόν.
568 4230 775 4296 Φώτιος
802 4233 858 4288 δέ
888 4232 1080 4288 τοῦτον
1115 4235 1192 4307 τῷ
1227 4235 1441 4306 βασιλεῖ
1494 4238 1772 4309 μεσιτεύει
1823 4240 1919 4294 καὶ

332 4321 629 4390 συνοψίζει.
681 4325 774 4387 Εἰς
834 4325 894 4381 ὃν
924 4328 951 4380 6
980 4327 1235 4398 βασιλεὺς
1287 4329 1542 4401 ἀρεσθεὶς
1599 4331 1761 4403 (πρὸς
1811 4333 1920 4404 γὰρ

330 4415 430 4476 τὰς
483 4416 783 4487 ἐπιθυμίας
827 4420 993 4475 αὑτοῦ
1037 4421 1294 4495 διέκειτο)
1349 4419 1494 4496 εἶχεν
1547 4424 1642 4481 οὖν
1665 4426 1830 4480 αὐτὸν
1861 4429 1917 4480 ἐν

327 4508 467 4578 τιμῇ
520 4509 708 4581 πολλῇ.
749 4513 848 4576 ’ος
877 4513 1198 4585 ἀθυμοῦντα
1243 4517 1337 4571 τὸν
1387 4519 1618 4589 βασιλέα
1663 4521 1913 4594 περὶτοῦ

328 4598 754 4673 τελευτήσαντος
813 4605 931 4660 υίοῢ
985 4607 1151 4662 αὑτοῦ
1209 4611 1624 4670 Κωνσταντίνου
1650 4655 1666 4681 ,
1729 4616 1817 4672 διὰ
1855 4617 1917 4672 τὺ

333 4692 558 4765 φίλτρον
606 4697 745 4768 ὅπερ
808 4700 887 4762 είς
938 4700 1104 4755 αὐτὸν
1160 4698 1328 4774 εἶχεν,
1363 4706 1595 4773 ἐπλάνα,
1625 4710 1719 4764 καὶ
1741 4711 1906 4782 ἐπηγ-

332 4785 555 4877 γέλλετο
595 4788 764 4854 δεῖξαι
818 4790 1001 4857 ζῶντα
1029 4794 1107 4867 τῷ
1144 4797 1390 4868 βασιλεῖ’
1419 4799 1450 4854 6
1481 4804 1576 4856 καὶ
1612 4804 1874 4877 ἐποίησεν
1902 4822 1916 4837 ·

345 4875 438 4931 Ἐν
465 4878 576 4952 γὰρ
595 4881 772 4955 λόχμῃ
795 4886 906 4940 τινὶ
931 4887 1267 4963 διερχομένῳ
1284 4892 1360 4964 τῷ
1380 4894 1592 4964 βασιλεῖ
1620 4875 1918 4971 φάντασμα

337 4972 671 5063 ρυνηντησεν
723 4976 1001 5047 ἔφιππον,
1061 4985 1474 5055 χρυσοΰφαντον
1534 4990 1913 5063 ἐνδεδυμένον,

330 5058 556 5157 ἐνιετδιι
600 5067 692 5122 τοῦ
744 5073 1183 5132 Κωνσταντίνου.
1220 5081 1286 5133 '0
1317 5084 1412 5136 καὶ
1442 5058 1747 5157 ὀφθαλμοῖς
1775 5058 1917 5144 εἶδεν

333 5150 428 5248 καλ
459 5159 823 5227 περιπλακεὶς
883 5167 1237 5238 κατεφίλησε.
1283 5173 1396 5226 Καὶ
1442 5150 1736 5243 γεγονδτοέ
1769 5179 1916 5247 ἀφα’

333 5254 480 5301 νους.
536 5251 695 5300 Cum:
763 5257 891 5310 ἰδεῖν
941 5260 1311 5332 ὑπελάμόανε,
1369 5267 1466 5320 καὶ
1522 5269 1598 5333 ὡς
1622 5271 1682 5323 οὐ
1710 5272 1920 5327 πεπλά-

333 5346 516 5435 vi)?"
724 5340 819 5435 ξίαὶ
873 5352 1037 5412 θωὴν
1092 5355 1272 5410 ἐκεῖσε
1309 5358 1511 5424 κτίσας
1557 5363 1919 5435 ἐπωνόμασεν

334 5423 508 5495 αὐτὴν
536 5427 629 5480 τοῦ
653 5428 808 5496 ἁγίου
842 5433 1278 5494 Κωνσταντινυυ.

2015 1993 2166 2040 rator
2207 1984 2264 2038 in
2318 1982 2746 2047 Germaniciani,
2810 1981 2904 2036 illa
2953 1985 3112 2050 capta
3160 1989 3219 2035 et
3264 1977 3368 2034 sub
3413 1977 3604 2050 iugum

2013 2075 2181 2131 missa
2211 2090 2470 2131 reversus
2493 2083 2597 2130 est.

2086 2163 2172 2218 l8.
2226 2162 2456 2218 Moritur
2494 2161 2893 2218 Constantinus
2941 2160 3228 2217 Michaelis
3256 2159 3610 2231 imperatoris

2013 2265 2082 2309 ex
2109 2253 2355 2309 Eudocia
2377 2252 2546 2320 filius,
2580 2253 2872 2309 hominum
2909 2263 3094 2308 autem
3116 2269 3182 2310 ac
3209 2253 3359 2325 vulgi
3382 2267 3608 2309 rumore

2015 2345 2162 2401 filius
2195 2343 2401 2400 Basilii.
2457 2345 2618 2400 Hunc
2649 2344 2888 2402 Basilius
2922 2345 3228 2417 plurimum
3273 2345 3438 2410 luxit,
3482 2361 3610 2400 cum

2015 2435 2252 2490 multum
2308 2450 2439 2490 eum
2495 2433 2774 2505 diligeret.
2812 2425 3255 2507 Depositumque
3301 2445 3387 2492 est
3428 2435 3614 2506 ipsius

2017 2527 2184 2585 funus
2227 2529 2285 2583 in
2332 2527 2607 2598 sepulcris
2640 2543 2855 2599 regum.
3483 2545 3487 2554 '

2090 2619 2256 2691 845
2311 2621 2397 2674 19.
2447 2618 2708 2675 Calendis
2761 2619 2887 2674 Maii
2946 2619 3239 2675 dedicatur
3296 2619 3616 2689 divinisque

2017 2713 2240 2784 publice
2269 2710 2950 2783 laudibusifrequentanda
2980 2713 3234 2785 aperitur
3262 2710 3412 2768 Nova
3436 2713 3616 2768 eccle-

2018 2805 2121 2870 sia,
2163 2820 2326 2875 quam
2381 2803 2634 2860 condidit
2681 2804 3017 2874 imperator,
3065 2806 3351 2875 multaque
3391 2804 3612 2876 egregia

2019 2896 2351 2966 supellectili
2395 2895 2633 2959 ornavit,
2683 2911 2717 2951 a
2753 2895 2955 2951 Photio
2989 2896 3327 2966 patriarcha,
3362 2905 3613 2967 gestante

2020 2989 2201 3044 lorum
2237 2988 2574 3060 imperatore
2604 2988 2920 3060 multasque
2968 2989 3275 3060 elargiente
3323 2991 3610 3061 pecunias.

2022 3097 2087 3138 ac
2114 3082 2280 3137 Novae
2303 3083 2530 3136 nomine
2559 3079 2638 3136 illi
2663 3081 2863 3137 indito;

2093 3173 2183 3228 20.
2215 3174 2414 3231 Missus
2444 3183 2630 3230 autem
2673 3183 2759 3230 est
2806 3173 2878 3229 ab
2914 3175 3251 3246 imperatore
3284 3176 3611 3247 Procopius,

2023 3267 2485 3340 protovestiarius
2523 3283 2652 3323 cum
2685 3268 2949 3324 omnibus
2982 3268 3160 3339 copiis
3193 3284 3257 3324 ac
3299 3269 3614 3340 legionibus

2024 3359 2484 3424 occidentalibus,
2518 3359 2782 3430 magistro
2822 3358 3036 3414 militiae
3059 3359 3301 3430 bellique
3338 3361 3479 3415 duce
3505 3359 3614 3414 Eu-

2023 3453 2218 3523 praxio
2249 3451 2306 3506 in
2338 3451 2548 3519 Sicilia,
2574 3460 2630 3507 et
2655 3452 2711 3507 in
2736 3451 3074 3524 Cephalenia
3098 3453 3387 3520 Musulice,
3416 3454 3616 3526 Dyrra-

2025 3545 2135 3600 chii
2163 3560 2296 3600 vero
2319 3545 2687 3610 Rhabducho,
2713 3544 2770 3601 in
2796 3547 3179 3616 Peloponneso
3199 3556 3386 3602 autem
3418 3546 3616 3603 Oniato

2024 3644 2080 3692 et
2104 3636 2420 3709 Apostyppo
2446 3655 2460 3704 ;
2496 3637 2802 3709 multisque
2834 3639 3106 3708 praeclare
3134 3654 3196 3693 ac
3225 3639 3426 3694 bellica
3456 3640 3616 3695 forti-

2023 3728 2216 3784 tudine
2248 3729 2440 3801 gestis,
2474 3745 2641 3802 quem
2671 3730 2946 3795 dicebam,
2981 3731 3304 3802 Procopius,
3341 3730 3420 3787 ad
3437 3743 3618 3788 extre-

2023 3835 2174 3874 mum
2207 3831 2462 3876 conserta
2518 3837 2698 3892 pugna
2732 3822 3050 3893 Apostyppe
3099 3821 3386 3893 proditore
3438 3837 3616 3878 caesus

2022 3919 2127 3967 est.

2089 4001 2180 4056 21.
2213 4001 2386 4056 Porro
2422 4000 2535 4056 Leo
2563 4001 2842 4058 Salibaras
2883 4001 3240 4059 Theodorum
3278 4005 3611 4060 monachum

2021 4091 2416 4148 Euchaitorum
2480 4093 2961 4165 archiepiscopum
3023 4094 3224 4150 Photio
3286 4095 3614 4167 patriarchae

2022 4202 2207 4242 coram
2238 4186 2294 4242 in
2336 4195 2693 4257 conspectum
2737 4186 2987 4254 adducit,
3036 4187 3501 4259 commendatque
3554 4198 3613 4242 ut

2024 4276 2199 4332 virum
2229 4275 2549 4348 religiosum
2579 4284 2635 4331 et
2671 4275 2967 4332 facientem
3000 4276 3249 4350 prodigia
3305 4292 3368 4333 ac
3399 4293 3614 4349 pramo-

2023 4369 2215 4426 scendi
2246 4369 2432 4425 futura
2470 4369 2804 4426 charismate
2854 4371 3167 4440 pmditum.
3205 4371 3438 4428 Photius
3479 4386 3613 4426 vero

2024 4460 2106 4517 illi
2132 4459 2201 4516 ad
2239 4459 2634 4532 imperatorem
2669 4459 2942 4516 admissor
2969 4460 3227 4527 efﬁcitur,
3264 4471 3320 4516 et
3365 4468 3426 4516 ut
3474 4476 3613 4532 prae-

1950 4569 1993 4626 ι)
2023 4553 2202 4610 sentia
2223 4551 2636 4625 fruatur.Cujus
2657 4552 2960 4623 imperator
2981 4562 3268 4609 recreatus
3289 4567 3610 4624 congressu,

2025 4645 2233 4718 quippe
2263 4661 2333 4700 ex
2386 4644 2547 4716 cujus
2579 4643 2946 4715 cupiditatum
2984 4645 3199 4702 ratione
3260 4656 3615 4719 comparatus

2020 4745 2190 4803 esset,
2222 4737 2278 4793 in
2309 4735 2485 4792 multo
2507 4751 2637 4791 eum
2685 4736 2898 4792 honore
2928 4736 3189 4793 habebat.
3222 4739 3418 4796 Moesto
3449 4739 3617 4810 igitur

2025 4830 2212 4886 animo
2255 4845 2382 4886 cum
2417 4837 2567 4886 esset
2599 4828 2906 4902 imperator
2957 4831 3055 4887 filii
3114 4833 3201 4888 sui
3259 4831 3613 4889 Constantini

2025 4936 2250 4988 occasu,
2290 4937 2406 4994 pne
2437 4920 2612 4976 nimia
2642 4920 2736 4977 illa
2769 4922 2977 4978 amoris
3007 4925 3062 4979 vi
3097 4938 3205 4995 qua
3246 4937 3374 4978 eum
3427 4937 3618 4992 prose-

2025 5015 2322 5086 quebatur,
2374 5029 2566 5071 errore
2612 5014 2892 5071 seducens
2923 5015 3111 5073 vivum
3159 5015 3457 5087 pollicetur
3486 5030 3614 5071 eum

2025 5119 2084 5161 se
2115 5104 2194 5159 illi
2221 5114 2609 5171 ostensurum;
2638 5105 2785 5178 quod
2816 5113 2874 5160 et
2904 5104 3053 5161 fecit.
3097 5103 3430 5159 Transeunti
3464 5102 3615 5158 enim

2027 5196 2084 5252 in
2112 5196 2352 5268 quodam
2401 5199 2541 5254 saltu
2593 5198 2916 5269 imperatori
2970 5199 3296 5271 phantasma
3336 5196 3614 5269 quoddam

2028 5301 2094 5342 ac
2136 5297 2441 5357 spcctrum,
2486 5303 2633 5360 equo
2659 5289 2952 5355 insidens,
2999 5299 3253 5345 contexta
3297 5305 3432 5344 auro
3463 5290 3616 5345 chla-

2031 5372 2215 5444 myde,
2249 5374 2305 5428 in
2345 5373 2697 5431 Constantini
2727 5377 2911 5446 specie
2938 5377 3106 5450 846
3137 5379 3430 5449 ipsumque
3469 5379 3617 5435 refe-

2033 5481 2164 5521 rens
2203 5477 2594 5536 przesentatur,
2626 5470 2869 5540 ipsisque
2901 5471 3188 5542 conspexit
3228 5473 3429 5538 oculis,
3464 5487 3527 5526 ac
3566 5477 3621 5536 (ί

334 5515 548 5572 affusus
591 5523 779 5578 oscula
814 5525 1008 5595 dedit;
1039 5532 1188 5599 quod
1239 5532 1334 5587 ubi
1380 5550 1701 5604 evanuerat,
1730 5551 1910 5611 ίρςιιηι

334 5611 422 5634 -.ε-
458 5613 561 5634 Δ.ΙΙ-
608 5632 621 5634 -
668 5627 679 5634 -
790 5619 805 5634 ¹
959 5623 972 5634 ⁸
1126 5625 1157 5634 Α
1334 5629 1348 5634 “

2204 5515 2594 5536 runt—mm,
2626 5515 2869 5540 ..νει-,νυ
2903 5515 3188 5542 “mrum
3230 5515 3429 5538 νυν-ιν,
3464 5515 3527 5526 -ν
3567 5515 3617 5536 ε.

2017 5572 2032 5612 :
2067 5559 2274 5616 vidisse
2299 5561 2699 5618 arbitrabatur.
2734 5579 2836 5618 nec
2869 5563 2977 5620 sibi
3046 5563 3342 5634 quicquam
3408 5567 3617 5619 damn-

334 5613 424 5667 nis
458 5613 568 5670 ullo
602 5627 721 5672 astu
755 5619 1086 5693 Obrepsisse.
1119 5625 1487 5694 Quamobrem
1533 5635 1700 5692 etiam
1746 5654 2067 5702 constructo
2135 5613 2697 5712 ibi—monasterio}.

1613 5819 1844 5875 VARI/ﬁ
1888 5823 2301 5885 LECTIOAES.

408 5894 454 5927 ⁹⁹
500 5897 861 5972 Ἀποστύππη
883 5902 906 5955 ?

579 5994 852 6062 ΡΑΤιιοι..
886 6001 1000 6061 GR.
1034 6002 1162 6064 CIX

3219 6031 3300 6092 29
