4128 6438
390 358 595 431 ,9071

16 6224 593 6438 ...ΔΛ

1743 360 2073 421 GEORGII
2113 358 2463 424 MONACHI

3640 368 3753 435 908

552 473 644 527 22.
672 471 775 526 His
817 469 1050 541 aliisque
1095 470 1354 544 plurimis
1388 486 1457 527 ex
1505 469 1785 541 Apollonii
1814 481 1934 527 arte
1962 486 2060 541 ap-

2240 471 2346 541 κβ’.
2401 472 2627 537 Τούτοις
2680 473 2774 528 καὶ
2824 476 3033 547 ἑτέροις
3095 476 3387 543 πλείστοις,
3423 477 3497 541 ὡς
3538 460 3605 533 δέ
3643 483 3753 535 τῶν

478 567 657 639 prime
698 564 950 619 eruditus
1002 563 1183 620 dictus
1226 562 1636 627 Santabarenus
1683 564 1913 621 multam
1951 563 2064 619 sibi

478 660 625 732 apud
653 660 1044 732 imperatorem
1080 659 1243 715 ﬁdem
1274 659 1613 717 conciliavit.

548 842 641 897 25.
676 839 976 911 ‘Copnlavit
1029 849 1218 896 autem
1277 840 1582 911 imperator
1610 839 1782 896 Leoni
1822 840 2067 911 impera-

478 932 588 991 tori
645 931 957 988 Martinacii
996 930 1203 998 ﬁliam;
1250 930 1341 986 cui
1393 939 1448 987 et
1493 931 1732 991 corollas
1774 930 2059 1002 imposuit,

479 1024 776 1087 celebratis
804 1023 1015 1095 nuptiis
1040 1023 1096 1079 in
1141 1022 1442 1095 Magnaura
1488 1031 1546 1078 et
1589 1023 1644 1078 in
1679 1022 2064 1079 novemdecim

479 1116 773 1173 accubitis.

548 1208 641 1263 24.
682 1207 906 1263 Delatus
960 1220 1089 1262 vero
1146 1205 1380 1261 crimine
1437 1200 1531 1262 est'
1579 1205 1694 1261 Leo
1750 1204 2059 1277 imperator

480 1300 628 1372 apud
675 1309 889 1373 patrem
943 1315 975 1355 a
1027 1298 1446 1364 Santabarenu,
1498 1315 1698 1372 nempe
1758 1299 2061 1371 pugionem

481 1389 718 1456 deferre,
757 1404 867 1461 Quo
902 1390 1223 1461 imperatori
1256 1390 1425 1447 vellet
1447 1406 1639 1446 necem
1666 1389 1894 1445 inferre.
1921 1391 2062 1448 Eum

480 1483 574 1541 ille
597 1481 889 1556 pugionem
909 1482 1102 1538 doloso
1147 1483 1408 1549 consilio,
1452 1491 1515 1537 ut
1544 1482 1651 1537 sibi
1684 1490 1923 1553 pararet,
1960 1497 2063 1537 au-

479 1582 601 1635 ctor
634 1574 809 1631 Leoni
854 1577 1162 1642 exstiterat,
1193 1584 1251 1631 et
1294 1584 1358 1630 ut
1390 1576 1448 1630 in
1482 1575 1654 1646 caliga
1682 1583 1944 1645 gestaret,
1973 1573 2060 1629 dio

478 1666 845 1725 censzPatre
898 1678 988 1722 tuo
1043 1667 1345 1722 necessaria
1401 1666 1589 1739 aliqua
1648 1682 1810 1722 causa
1866 1666 2060 1737 saepius

478 1766 747 1831 guwrente
775 1759 1039 1831 gladium,
1080 1760 1270 1832 quidni
1318 1758 1402 1814 illi
1448 1758 1647 1831 prabes
1675 1758 1700 1811 ?
1727 1758 1907 1828 Atque
1953 1758 2059 1813 hoc

478 1850 748 1907 fabricato
778 1850 890 1906 Leo
914 1852 986 1906 im
998 1860 1240 1921 perator,
1262 1866 1327 1907 ac
1355 1851 1813 1917 calumniose,uti
1842 1851 2054 1906 dictum

476 1950 584 2010 est,
612 1943 849 2008 delatus,
888 1942 1376 2014 deprehensusque
1401 1944 1641 1999 cultrum
1680 1943 1735 1999 in
1763 1943 1938 2014 caliga
1960 1958 2058 2013 ge-

476 2042 644 2100 stare,
668 2031 939 2103 quidquid
969 2031 1191 2087 demum
1223 2030 1615 2087 satisfactionis
1642 2030 1886 2096 afferret,
1915 2030 2057 2086 nihil

476 2122 826 2179 audiebatur.
859 2122 1046 2179 Cwsus
1072 2122 1258 2192 itaque
1287 2122 1616 2178 verberibus
1642 2129 1727 2177 est
1771 2121 1891 2190 ejus
1928 2135 2058 2192 pro-

476 2214 831 2291 tovestiarius
858 2215 1081 2271 Nicetas
1106 2214 1406 2282 Elladicus,
1454 2214 1550 2287 qui
1582 2212 1831 2269 Romano
1883 2212 2057 2283 impe-

476 2316 658 2364 ratore
685 2308 874 2381 papias
893 2305 1030 2375 fuit;
1053 2307 1258 2378 aliique
1291 2306 1502 2379 pariter
1525 2305 1715 2363 multis
1737 2304 1898 2360 malis
1925 2304 2060 2361 sub-

475 2399 610 2475 acti,
643 2401 700 2454 in
731 2399 989 2455 exsilium
1018 2398 1184 2472 ejecti
1241 2405 1394 2467 sunt.
1426 2398 1736 2468 Imperator
1761 2412 1899 2453 vero
1918 2396 2059 2452 Leos

476 2506 606 2547 nem
635 2505 861 2547 carcere
886 2500 1082 2546 tenens
1124 2491 1180 2545 in
1225 2490 1469 2563 triclinio
1510 2490 1602 2544 cui
1631 2489 1936 2560 Margaritae
1959 2505 2060 2544 no—

477 2597 646 2648 men,
707 2597 912 2649 caecare
976 2580 1287 2649 luminibus
1346 2581 1602 2645 volebat,
1662 2580 1769 2635 nisi
1828 2580 2059 2637 Photius

476 2674 794 2745 patriarcha
844 2674 954 2747 diu‘
999 2673 1350 2745 multumque
1400 2687 1600 2744 rogans
1653 2671 2061 2731 intercessisset

477 2784 588 2825 una
611 2783 738 2825 cum
766 2766 968 2825 Zautza
989 2765 1154 2840 847
1182 2764 1449 2838 Styliano,
1477 2764 1713 2821 minoris
1736 2774 1868 2820 tunc
1891 2763 2061 2822 foede-

476 2870 723 2919 ratorum
753 2861 990 2933 legionis
1014 2858 1241 2919 comite.
1265 2858 1465 2927 Mansit
1493 2873 1627 2914 vero
1656 2858 1739 2914 sic
1781 2857 1852 2921 ab
1882 2857 2061 2928 impeq

476 2953 683 3010 ratoris
718 2961 1016 3025 conspectu
1045 2952 1305 3009 exclusus
1338 2967 1562 3009 menses
1596 2958 1730 3019 tres,
1771 2951 1966 3022 lugens
1994 2966 2060 3017 ae

474 3048 729 3119 ejulans;
760 3048 1074 3117 scriptaque
1105 3045 1173 3100 ad
1219 3045 1611 3117 imperatorem
1656 3043 1893 3115 cpistola
1936 3042 2060 3113 ejus

476 3140 760 3197 inﬂectere
793 3134 1040 3209 animum
1067 3153 1134 3197 ac
1164 3138 1344 3205 lenire
1370 3136 1653 3203 studebat.
1676 3135 1927 3207 Cumque
1953 3135 2067 3189 im-.
2086 3169 2131 3233 α

474 3241 702 3306 perator
748 3245 1003 3307 magnam
1055 3228 1222 3289 ﬁdem
1274 3242 1405 3303 erga
1461 3226 1521 3282 S.
1574 3226 1751 3289 Etiam
1803 3226 2057 3303 haberet,

475 3338 636 3385 suum
670 3322 971 3392 imperator
1003 3319 1175 3383 Leoni
1204 3328 1565 3393 conspectum
1608 3318 1665 3373 in
1698 3320 1820 3390 ejus
1841 3334 2056 3375 memoi-

476 3414 559 3471 ria
590 3414 860 3486 indulget.
913 3411 1081 3471 Facto
1114 3419 1301 3473 autem
1336 3424 1625 3483 processu,
1662 3425 1731 3466 eo
1762 3420 2061 3479 conspecto

474 3506 715 3560 clamare
778 3503 965 3575 populi
1020 3517 1085 3558 ac
1136 3500 1447 3563 lecticulae:
1479 3499 1662 3556 Gloria
1713 3500 1827 3565 tibi,
1874 3499 2059 3555 Deus!

472 3594 790 3651 Conversus
843 3576 976 3648 uero
1031 3594 1332 3663 imperator
1382 3591 1672 3662 respondit
1725 3591 1846 3646 eis:
1877 3590 2056 3662 Argu-

476 3690 711 3741 mentum
748 3682 889 3737 vobis
919 3682 1188 3739 assumitis
1213 3680 1401 3737 divina:
1430 3680 1605 3739 laudis
1634 3680 1811 3750 ﬁlium
1840 3697 2014 3736 meum
2032 3681 2059 3735 ?

473 3774 590 3844 ipso
618 3781 832 3828 auctore
878 3771 1075 3828 multas
1104 3772 1304 3835 habetis
1330 3788 1599 3829 (erumnas
1640 3773 1800 3844 ferre,
1843 3774 2058 3844 diesque

475 3867 650 3921 tristes
678 3883 741 3920 ac
772 3864 1115 3936 permolestas
1146 3856 1481 3936 percurrere.

544 3958 636 4014 25.
671 3958 894 4014 Delatus
923 3957 1159 4013 crimine
1183 3956 1437 4019 Andreas
1464 3957 1743 4029 legionum
1792 3956 2057 4033 domesti-

472 4064 571 4106 cus
611 4065 640 4105 a
679 4049 1076 4117 Santahareno,
1108 4049 1267 4127 quasi
1310 4049 1515 4113 Leonis
1563 4050 1739 4107 rebus
1780 4050 2053 4119 studeret,

471 4135 543 4191 ab
568 4136 899 4208 imperatore
928 4138 1104 4211 gradu
1139 4147 1325 4196 motus
1351 4148 1457 4207 est,
1500 4141 1732 4212 ejusque
1777 4140 1899 4196 loco
1932 4140 2057 4213 Sty-

472 4227 653 4301 piotes
678 4228 1015 4286 domesticus
1042 4229 1336 4302 praefectus
1369 4239 1473 4287 est.
1502 4230 1898 4301 Profectusque
1926 4246 2052 4286 cum

471 4320 721 4375 exercitu
753 4319 1006 4397 Tarsum,
1036 4321 1153 4377 suis
1187 4321 1448 4383 omnibus
1493 4321 1841 4389 desideratis,
1872 4323 2054 4385 victus

470 4412 736 4483 fususque
759 4422 879 4479 est;
910 4429 1215 4484 rursusque
1245 4413 1498 4473 Andreas
1524 4415 1862 4479 domesticus
1905 4431 2050 4490 pra:—

468 4501 653 4557 ticitur
686 4502 755 4557 ab
784 4503 1136 4574 imperatore.
1958 4560 1961 4565 .

537 4595 626 4651 26.
661 4595 826 4654 Facta
858 4612 993 4655 vero
1017 4598 1337 4671 coniuratio
1367 4609 1455 4665 est
1489 4598 1758 4669 adversus
1809 4601 2065 4672 imperas,

471 4697 649 4743 torem
708 4704 740 4744 a
794 4688 1005 4747 Joanne
1062 4689 1298 4760 Crocoa,
1357 4694 1452 4771 qui
1507 4693 1850 4759 domesticus

467 4780 704 4849 agminis
736 4779 1104 4877 lcanatorumf
1133 4798 1336 4857 nempe
1390 4785 1588 4845 inclusi
1641 4788 1698 4843 in
1732 4787 2065 4861 Blachel‘ni-S,

468 4874 681 4945 agentis
734 4874 999 4941 vaticinia
1044 4874 1283 4941 cnncito.
1318 4877 1469 4941 Inter
1522 4882 1839 4958 conjuratos
1891 4884 2067 4951 multi.
2107 4902 2110 4906 λ

469 4976 789 5031 senatorum
815 4978 981 5039 atque
1012 4984 1305 5051 procerum
1332 4969 1761 5047 otIicialiumque
1793 4975 1862 5030 ad
1895 4990 2052 5047 sexa-

468 5057 623 5128 ginta
648 5073 741 5114 sex
772 5058 983 5121 inventi
1014 5068 1162 5117 sunt.
1192 5057 1323 5127 Erat
1357 5061 1506 5117 enim
1542 5062 1778 5121 Michael
1810 5066 2052 5133 foedera-

469 5157 651 5204 torum
683 5166 868 5209 comes
905 5151 1231 5220 Catudares,
1269 5163 1327 5213 et
1350 5155 1588 5229 Myxaris
1620 5166 1678 5212 et
1717 5158 2051 5216 Babutzieus

466 5256 531 5295 ac
564 5241 782 5313 reliqui.
814 5242 963 5300 Talis
999 5244 1167 5315 igitur
1193 5246 1595 5317 conjurationis
1626 5249 1825 5311 nuntio
1848 5250 1917 5306 ad
1947 5250 2052 5306 im-

467 5340 778 5402 peratorem
809 5335 1024 5406 perlato
1067 5353 1095 5391 a
1143 5338 1574 5407 protovestiario
1611 5338 1842 5405 Corcoa,
1882 5346 2051 5405 tentis

466 5425 743 5491 omnibus,
768 5442 1025 5496 egressus
1056 5428 1109 5482 in
1144 5428 1366 5491 Circum
1401 5430 1725 5501 imperator,
1749 5435 2048 5507 positoque

2181 560 2539 616 Ἀπολλωνίου
2610 562 2856 633 ἀκριϐῶς
2928 566 3316 636 μεμυημένος,
3363 569 3392 620 6
3458 567 3754 640 λεγόμενος

2166 651 2583 724 Σανταϐαρηνὸς
2632 655 2858 727 εποίησε
2910 656 3003 711 τὸν
3065 657 3291 727 βασιλέα
3333 660 3518 713 πίστιν
3552 662 3755 733 πολλὴν

2165 745 2467 815 κεκτῆσθαι
2498 746 2638 817 πρὸς
2682 748 2868 801 αὐτόν.

2236 831 2341 902 κγ’.
2390 834 2660 904 Ἠγάγετο
2712 836 3104 907 δὲὸβασιλεὺς
3158 839 3351 894 Λέοντι
3409 840 3487 912 τῷ
3541 841 3758 911 βασιλεῖ

2165 925 2443 998 θυγατέρα
2486 928 2904 998 Μαρτινακίου,
2946 931 3017 1001 ἣν
3065 934 3162 986 καὶ
3221 933 3469 1004 ἔστεψεν,
3521 938 3757 1007 ποιήσας

2162 1018 2291 1085 τοὺς
2344 1017 2560 1088 γάμους
2583 1019 2641 1075 ὲν
2671 1021 2738 1092 τῇ
2762 1021 3079 1093 Μαγναύρᾳ
3128 1024 3227 1083 καὶ
3249 1025 3309 1079 ἐν
3338 1027 3453 1089 τοῖς
3484 1024 3548 1080 ιθ¹
3580 1027 3757 1082 ἀκου-

2163 1109 2358 1174 δίτοις.

2233 1202 2337 1258 κδ’.
2400 1204 2818 1277 Ἐκατηγορήθη
2878 1204 2934 1258 δὲ
2992 1204 3150 1259 Λέων
3202 1205 3232 1258 6
3290 1207 3546 1277 βασιλεὺς
3597 1208 3757 1280 παρὰ

2164 1299 2579 1371 Σανταϐαρηνοῦ
2612 1303 2690 1365 εἰς
2739 1300 2831 1355 τὸν
2872 1300 3085 1372 πατέρα
3129 1300 3294 1354 αὐτοῦ
3315 1301 3391 1365 ὡς
3416 1301 3501 1357 ὅτι
3532 1300 3755 1372 Μαχαί-

2164 1408 2281 1461 ριον
2308 1392 2635 1465 ἐπιφέρεται
2674 1392 3002 1464 βουλόμενος
3032 1392 3245 1446 ἀνελεῖν
3281 1409 3341 1446 σε
3369 1394 3488 1463 μετ’
3534 1392 3702 1447 αὐτοῦ
3738 1410 3754 1424 ·

2161 1486 2300 1557 ὅπερ
2322 1485 2487 1549 αὐτὸς
2535 1485 2831 1557 μαχαίριον
2863 1484 2953 1539 διὰ
2983 1483 3165 1551 δολίας
3196 1485 3507 1557 συμϐουλῆς
3532 1486 3757 1557 ἐποίησε

2161 1574 2252 1629 τὸν
2308 1576 2516 1630 Λέοντα
2569 1576 2989 1631 κατασκευάσαι
3034 1576 3131 1630 καλ⁸
3191 1577 3381 1646 φορεῖν
3411 1578 3469 1630 ὲν
3498 1576 3576 1647 τῷ
3619 1592 3755 1629 του-

2162 1666 2285 1738 6ίῳ,
2348 1666 2519 1720 είπὼν
2581 1666 2732 1738 αὐτῷ
2777 1668 2858 1721 ὅτι
2902 1668 3216 1733 Παλλάκις
3239 1666 3349 1722 τοῦ
3371 1670 3599 1735 πατρός
3628 1684 3750 1723 σου

2160 1755 2579 1826 ἐπιζητοῦντος
2602 1763 2927 1828 μαχαίριον
2947 1758 3044 1813 διὰ
3066 1760 3277 1829 χρείαν
3300 1760 3452 1824 τινὰ,
3479 1757 3578 1811 ἵνα
3601 1758 3756 1828 τίμὴ

2161 1848 2336 1917 δίδως
2367 1849 2551 1917 aurci);
2593 1852 2702 1904 Καὶ
2733 1850 2891 1906 τοῦτο
2913 1852 3330 1915 κατασκευάσας
3362 1852 3514 1905 Λέων
3544 1852 3573 1906 6
3603 1851 3759 1921 βασι-

2158 1942 2305 2008 λεὺς,
2356 1943 2825 2016 καὶλδιαϐληθεὶς,
2864 1945 2943 2011 ὡς
2970 1946 3208 2020 εἴρηται,
3263 1946 3357 1999 καὶ
3388 1945 3665 2017 φωραθεὶς
3698 1947 3759 2001 ὲν

2157 2033 2237 2104 τῷ
2294 2035 2495 2107 τουϐίῳ
2544 2036 2706 2090 τοῦτο
2778 2036 3088 2107 βαστάζων,
3143 2038 3319 2093 πολλά
3372 2038 3505 2110 περὶ
3563 2039 3758 2095 τούτου

2158 2126 2597 2199 ἀπολογούμενος
2646 2130 2750 2185 οὐκ
2797 2129 3054 2201 ἠκούετο.
3104 2132 3420 2205 Ἐτυπτήθη
3449 2125 3545 2191 οὖν
3579 2133 3760 2203 Νική-

2158 2236 2257 2283 τας
2277 2221 2305 2274 6
2348 2220 2656 2286 Ἐλλαδικὸς
2680 2224 2708 2276 ὁ
2746 2223 3227 2295 πρωτοϐεστιάρος
3248 2214 3439 2292 αὐτοῦ,
3472 2228 3531 2292 ὃς
3564 2228 3758 2298 γέγονε

2159 2313 2376 2376 παπίας
2433 2314 2529 2367 ἐπὶ
2591 2312 2880 2385 Ῥωμανοῦ
2959 2314 3253 2385 βασιλέως,
3304 2320 3401 2372 καὶ
3442 2319 3595 2375 ἄλλοι
3634 2301 3758 2390 μετ⁹

2160 2403 2327 2459 αὐτοῦ
2375 2404 2550 2459 πολλὰ
2599 2405 2751 2462 δεινὰ
2782 2407 3118 2471 πεπονθότες
3151 2407 3553 2482 ὲξωρίσθησαν.
3610 2412 3668 2465 ὐ
3698 2411 3757 2466 δὲ

2163 2498 2416 2570 βασιλεὺς
2448 2498 2532 2570 [Ρ.
2563 2497 2692 2570 548]
2729 2498 2937 2554 Λέοντα
2984 2499 3278 2571 καθείρξας
3313 2504 3372 2556 ὲν
3393 2502 3471 2573 τῷ
3495 2502 3758 2574 τρικλίνῳ

2159 2588 2239 2661 τῷ
2275 2591 2640 2662 Μαργαρίτου
2693 2591 2951 2645 ἐϐούλετο
3006 2593 3359 2662 ἐκτυφλῶσαι
3382 2595 3567 2662 αὑτὸν,
3602 2594 3654 2649 εί
3675 2595 3755 2665 μὴ

2159 2678 2363 2743 Φὼτιος
2401 2681 2753 2753 πατριάρχης
2779 2680 2868 2734 διὰ
2906 2679 3120 2735 πολλῶν
3150 2683 3556 2755 παρακλήσεων
3595 2682 3759 2737 τοῦτο

2160 2772 2531 2836 διεσκέδασεν,
2564 2772 2681 2845 ἅμα
2703 2771 2954 2847 Ζαούτζᾳ
2975 2773 3256 2845 Στυλιανῷ
3279 2774 3464 2846 μικρῷ
3518 2778 3758 2847 ἐταιριιυ

2162 2865 2308 2938 άρχῃ
2357 2865 2479 2919 τότε
2524 2864 2658 2919 ὄντι.
2730 2865 2986 2938 Ἐποίησε
3024 2866 3082 2920 δὲ
3139 2866 3283 2920 ὑπὸ⁸
3338 2867 3519 2938 ὅψεως
3574 2866 3757 2938 μῆνας

2161 2958 2332 3027 τρεῖς,
2399 2956 2615 3028 θρηνῶν
2664 2959 2761 3011 καὶ
2814 2959 3169 3031 ὀδυρόμενος,
3222 2959 3319 3014 καὶ
3359 2959 3425 3015 δι’
3460 2960 3756 3031 ἐπιστολῆς

2162 3050 2257 3102 πο)
2270 3051 2336 3103 λὰ
2362 3050 2603 3109 δυσώπει
2633 3050 2727 3104 τὸν
2758 3051 3013 3124 βασιλέα.
3064 3052 3329 3124 Μεγάλην
3359 3052 3414 3106 δὲ
3437 3054 3626 3109 πίστιν
3657 3052 3754 3107 τοῦ

2165 3138 2429 3209 βασιλέως
2474 3139 2690 3210 ἔχοντος
2712 3142 2791 3205 είς
2822 3140 2913 3193 τὸν
2939 3142 3096 3211 ἅγιον
3133 3142 3321 3195 Ἠλίαν
3363 3141 3754 3213 ἀποσυνοψίζει

2161 3229 2314 3282 Λέων
2343 3229 2372 3281 6
2406 3228 2661 3299 βασιλεὺς
2705 3231 2787 3293 είς
2821 3229 2912 3283 τὸν
2944 3231 3101 3300 ἅγιον
3162 3223 3347 3285 Ἠλίαν
3374 3233 3431 3285 ὲν
3467 3235 3535 3305 τῇ
3563 3234 3758 3307 μνήμῃ

2161 3318 2350 3374 αὑτοῦ.
2407 3321 2519 3391 Τῆς
2549 3321 2607 3375 δὲ
2659 3320 2927 3385 ἐλεύσεως
2953 3323 2974 3353 ⁸
3003 3326 3310 3394 γενομένης
3351 3324 3555 3389 [δύντες
3588 3324 3755 3378 αὐτὸν

2159 3412 2210 3465 οἱ
2244 3411 2366 3465 λαοὶ
2432 3411 2793 3484 ἐπεφώνησαν
2830 3414 2910 3478 τὸ,
2944 3414 3103 3479 Δόξα
3132 3431 3255 3480 σοι,
3286 3417 3318 3469 δ
3346 3416 3493 3479 Θεός
3532 3414 3554 3468 !
3594 3415 3653 3469 '0
3694 3414 3753 3470 δὲ

2163 3501 2425 3573 βασιλεὺς
2456 3503 2835 3574 ἀναστραφεὶς
2863 3505 3252 3577 ἀπελογήσατο
3316 3507 3522 3570 αὐτοῖς’
3563 3505 3753 3571 Δοξὰ-

2161 3593 2285 3656 ζετε
2334 3595 2470 3665 περὶ
2535 3596 2644 3651 τοῦ
2673 3596 2810 3651 υιοῦ
2846 3614 2967 3667 μου
2992 3597 3101 3653 τὸν
3126 3599 3316 3663 Θεόν;
3348 3597 3586 3665 πολλὰς
3619 3598 3751 3652 θλία

2159 3691 2298 3757 3m,-
2328 3688 2431 3744 ὑπ’
2470 3689 2660 3743 αὑτοῦ
2691 3689 2861 3759 ἔχετε
2912 3690 3235 3760 ὑπομεῖναι
3278 3690 3379 3745 καὶ
3401 3691 3746 3754 ἐπωὸὐνους

2162 3781 2387 3853 ἡμέρας
2406 3782 2691 3837 διελθεῖν.

2230 3962 2329 4018 κε’.
2371 3963 2789 4034 Κατηγορηθεὶς
2840 3964 2899 4018 δὲ
2956 3964 3216 4037 ’Δνδρέας
3263 3967 3587 4037 δομέστικος
3640 3965 3750 4019 τῶν

2160 4054 2367 4123 σχολῶν
2409 4055 2560 4126 παρᾶ
2590 4054 3009 4127 Σανταϐαρηνοῦ
3041 4057 3116 4121 ὡς
3141 4056 3211 4111 τὰ
3235 4056 3465 4122 Λέοντος
3534 4056 3750 4128 φρονῶν

2157 4146 2403 4216 διεδέχθη
2458 4145 2613 4217 παρὰ
2674 4146 2771 4201 τοῦ
2806 4146 3100 4217 βασιλέως.
3154 4148 3483 4202 ’Λντάύτοῦ
3520 4150 3576 4202 δὲ
3609 4164 3749 4220 προ-

2158 4238 2361 4310 εϐλήθη
2410 4240 2733 4311 ὼμέστικος
2759 4241 2786 4293 ὁ
2812 4239 3160 4313 Στυπιὼτηςο
3198 4240 3292 4295 καὶ
3322 4240 3576 4295 ἀπελθὼν
3610 4241 3752 4312 μετὰ

2156 4331 2287 4385 λαοῦ
2328 4335 2386 4387 ὲν
2418 4331 2629 4404 Ταρσῷ
2696 4332 2908 4405 ἡττήθη
2958 4334 3055 4387 καὶ
3087 4334 3297 4398 πάντας
3341 4332 3753 4389 ἀπώλεσε.Κα“ι
3852 4345 3863 4349 ‘

2159 4423 2325 4479 πάλιν
2375 4423 2786 4497 προχειρίξεται
2829 4425 3086 4496 ’Λνδρέας
3129 4424 3283 4500 παρὰ
3330 4425 3426 4481 τοῦ
3483 4425 3752 4498 βασιλέως
3808 4432 3811 4433 ⁷

2084 4500 2137 4569 D.
2159 4517 2503 4587 δομέστικος.

2248 4606 2363 4673 κζ’.
2384 4608 2711 4677 Ἐγένετοδὲ
2743 4610 2984 4682 συσκευὴ
3012 4609 3156 4664 κατὰ
3188 4610 3283 4666 τοῦ
3311 4609 3578 4680 βασιλέως
3603 4590 3752 4680 πειρά

2174 4703 2427 4758 Ἰωάννου
2469 4702 2577 4757 τοῦ
2606 4703 2829 4775 Κροκόα
2885 4704 3214 4777 δομεστίκου
3237 4705 3390 4766 ὄντος
3427 4701 3537 4756 τῶν
3561 4702 3752 4755 ίκανά-

2159 4809 2292 4858 των,
2342 4796 2818 4865 χρηματισθέντος
2848 4798 3000 4867 παρὰ
3022 4794 3117 4849 τοῦ
3149 4795 3304 4857 ὃντος
3333 4794 3393 4846 ὲν
3418 4790 3753 4860 Βλαχέρναις

2165 4885 2507 4954 ὲγκλείστου.
2578 4887 2899 4959 Εὑρέθησαν
2926 4887 2984 4940 δὲ
3014 4886 3203 4939 πολλοὶ
3225 4882 3335 4937 τῶν
3368 4879 3749 4952 συγκλητικῶν

2161 4980 2258 5035 καὶ
2306 4979 2608 5051 ἀρχόντων,
2676 4981 2841 5052 μέχρι
2887 4980 2998 5033 τῶν
3057 4978 3322 5048 ἐξήκοντα
3372 4969 3589 5044 ἒξ.⁷Ἦν
3638 4968 3752 5040 γὰρ

2160 5069 2384 5142 Μιχαὴλ
2423 5072 2452 5124 6
2501 5071 2898 5142 δταιρειάρχης
2931 5071 2959 5122 6
3023 5067 3382 5138 Κατουδάρης
3441 5067 3535 5121 καὶ
3573 5063 3601 5115 6
3632 5058 3753 5116 Μύ-

2159 5162 2320 5234 ξαρις
2371 5160 2916 5227 καὶὸΒασούτζικος
2967 5160 3064 5212 καὶ
3104 5160 3155 5212 οἱ
3184 5158 3385 5214 λοιποί.
3456 5156 3572 5228 Τῆς
3622 5146 3750 5214 τοῧν

2157 5255 2415 5327 τοιαύτης
2482 5255 2781 5325 ἐπιϐουλῆς
2834 5252 3172 5325 μηνυθείσης
3234 5252 3313 5329 τῷ
3340 5243 3551 5311 βασιλεῖ
3598 5240 3751 5310 παρὰ

2160 5349 2666 5421 πρωτοϐεστιαρίου
2713 5347 2810 5401 τοῦ
2849 5332 3503 5421 Κορκόαννιτατηθέντων
3527 5350 3587 5386 τε
3616 5330 3753 5385 πάν·

2155 5459 2287 5501 των,
2349 5428 3061 5521 testocwagamé't»
3258 5426 3610 5500 ἱπποδρομίῳ
3655 5426 3754 5477 καὶ

2430 5542 2463 5553 ,ι

1784 5617 2015 5673 vitam:
2042 5568 2449 5673 platanones.

577 5762 595 5795 ³
629 5766 772 5820 ἀπὸῖ
846 5772 865 5802 ¹
900 5772 1276 5839 προελεύσεως
1308 5776 1320 5825 ζ
