4128 6452
466 291 573 356 919

1757 285 2076 352 GEORGII
2109 288 2452 354 MONACHI

3645 290 3752 354 920

468 407 528 462 lu
574 404 796 477 palatio,
829 403 1056 472 eiusque
1089 415 1189 470 per
1219 399 1586 455 Bucoleonem
1619 397 1880 456 eductum
1907 400 2070 458 funus

2175 404 2304 468 τζας
2337 407 2393 458 ἐν
2427 405 2502 476 τῷ
2536 403 2796 474 παλατίῳ,
2845 405 2938 457 καὶ
2967 405 3152 459 τοῦτον
3186 403 3272 458 διὰ
3301 402 3392 457 τοῦ
3419 399 3749 455 Βουκολέονο

473 498 533 554 in
577 497 793 554 Cauleae
848 492 1185 548 monasterio
1226 491 1612 549 condiderunt.

547 678 638 733 20.
674 677 806 732 Post
837 675 1056 731 Zautzaa
1090 685 1274 730 autem
1317 689 1574 731 occasum
1625 673 1859 732 Basilius
1894 677 2066 748 impe-

473 769 678 825 ratoris
727 784 962 838 operum
1006 766 1176 838 858
1223 768 1553 838 praepositus
1609 783 1674 823 ac
1723 769 2062 838 compulsor,

471 863 682 919 Nicolai
706 861 1106 917 foederatorum
1139 860 1390 915 cohortis
1421 859 1642 915 comitis
1672 861 1840 925 ﬁlius,
1871 860 2064 916 amici-

473 957 550 1010 tia
587 956 819 1026 junctus
873 961 959 1008 est
1008 951 1260 1008 Samonaa
1291 952 1658 1019 cubiculario,
1687 953 2067 1024 Agarenorum

469 1043 644 1114 stirpe
668 1051 810 1110 sato,
838 1043 1053 1114 imperii
1106 1043 1367 1098 culminis
1427 1043 1686 1113 cupidine
1735 1045 2070 1100 actus.Cre-

470 1138 659 1208 ditque
696 1136 946 1193 Samonae
1000 1145 1311 1192 secretum:
1339 1134 1615 1190 Eastincta
1643 1137 1762 1206 jam
1787 1137 1892 1192 Zoe
1929 1140 2066 1192 ami-

470 1242 525 1284 ta
561 1241 763 1294 nostra,
799 1231 1088 1300 imperator
1117 1228 1283 1282 aliam
1313 1230 1595 1300 conjugem
1622 1239 1936 1301 accepturus
1967 1240 2066 1312 est.

471 1337 668 1391 nosque
690 1337 868 1374 omnes
910 1321 1304 1375 eliminaturus.
1341 1320 1534 1374 Verum
1561 1322 1687 1375 mihi
1716 1322 1842 1376 dato
1882 1322 2066 1391 ﬁdem,

470 1427 526 1469 ut
559 1416 653 1470 tibi
685 1432 838 1470 omne
860 1415 1139 1470 consilium
1172 1417 1408 1478 credam,
1433 1426 1484 1470 et
1516 1417 1656 1488 quod
1687 1418 2072 1488 conjurationis

469 1509 690 1563 exsistit.
717 1509 854 1563 Data
880 1524 1013 1564 vero
1040 1509 1243 1564 Basilio
1271 1509 1399 1572 ﬁde,
1429 1509 1727 1565 edisseruit
1758 1511 1838 1565 illi
1862 1510 2068 1571 omnia.

469 1601 739 1656 Samonas
765 1616 900 1656 vero
929 1601 996 1656 ad
1032 1601 1428 1672 imperatorem
1479 1604 1766 1674 ingressus
1809 1604 1919 1659 ait:
1969 1603 2073 1657 Do-

469 1693 611 1746 mine
642 1693 736 1759 mi,
769 1693 887 1748 volo
918 1694 1011 1748 tibi
1047 1693 1252 1764 aliquid
1279 1695 1530 1765 privatim
1563 1696 1756 1761 dicere,
1786 1696 1925 1767 quod
1952 1697 2072 1767 qui-

465 1787 584 1839 dem
628 1786 674 1840 si
704 1786 909 1852 dixero,
943 1805 1084 1842 mors
1112 1789 1239 1842 mihi
1263 1797 1340 1842 est
1365 1806 1383 1843 :
1424 1789 1470 1842 si
1512 1796 1692 1843 autem
1731 1806 1835 1843 non
1863 1790 2065 1864 dixero,

463 1880 578 1949 ipse
626 1886 682 1933 tu
725 1881 988 1934 morieris.
1030 1881 1374 1951 Omnemque
1403 1880 1455 1934 ei
1504 1880 1690 1936 Basilii
1735 1880 2073 1952 coniuratio-

465 1983 595 2024 nem
648 1971 1182 2041 narravit.Cumque
1223 1973 1346 2042 eius
1395 1972 1561 2028 dictis
1603 1972 1767 2028 ﬁdem
1817 1990 1926 2028 non
1973 1974 2070 2029 ha-

466 2061 646 2126 beret,
682 2077 746 2118 ac
793 2062 1036 2118 diceret:
1075 2062 1331 2134 Nunquid
1375 2063 1572 2136 aliquis
1625 2066 1954 2133 subornavit,
2009 2075 2070 2120 ut

466 2155 594 2209 mihi
623 2156 734 2210 hac
763 2154 1076 2226 loquereris,
1111 2156 1380 2228 fecistique
1405 2157 1501 2212 hoc
1529 2166 1587 2212 ut
1635 2160 1870 2213 muneris
1911 2159 2067 2230 quid-

466 2246 614 2316 piam
667 2249 970 2318 emungas?
1007 2249 1084 2303 ait
1119 2249 1244 2303 ille:
1286 2249 1437 2303 Mitte
1486 2266 1616 2320 quos
1651 2249 1896 2314 libuerit,
1932 2251 2069 2304 viros

463 2335 648 2406 ﬁdeles
693 2338 750 2392 in
798 2355 976 2392 meum
1014 2338 1334 2404 cubiculum,
1367 2340 1578 2394 domine
1643 2342 1738 2405 mi,
1773 2348 1824 2393 et
1869 2341 1915 2394 si
1944 2339 2070 2410 quid

464 2443 531 2480 ea:
569 2427 773 2483 Basilio
812 2439 863 2482 et
912 2443 976 2483 ea:
1020 2445 1102 2482 me
1134 2430 1422 2496 audierint,
1468 2430 1820 2484 conscribant.
1871 2428 2072 2485 Confe-

465 2520 597 2575 stim
645 2535 782 2576 vero
818 2521 1126 2591 imperator
1179 2520 1652 2592 Christophorum
1701 2522 2072 2592 protovestia-

467 2613 614 2669 rium
643 2613 818 2669 mittit
845 2629 955 2670 una
1007 2631 1134 2670 cum
1175 2614 1444 2687 Calocer
1469 2616 1844 2682 cubiculario;
1881 2631 2071 2672 ascen-

467 2705 777 2777 dentesque
810 2707 869 2762 in
901 2708 1022 2779 eius
1045 2707 1321 2763 delituere
1353 2708 1630 2763 cubiculo.
1670 2709 1835 2763 Velut
1879 2709 2068 2778 itaque

465 2810 596 2853 esca
625 2805 820 2866 captus
853 2797 1114 2865 Basilius,
1142 2798 1441 2870 iurataque
1495 2799 1605 2855 ﬁde
1650 2815 1679 2854 a
1713 2799 1950 2855 Samona
1975 2814 2069 2855 ac-

466 2889 666 2953 cepta,
709 2882 767 2937 in
821 2883 1128 2941 domestico
1174 2886 1352 2957 ipsius
1399 2888 1648 2943 oratorio
1710 2903 1934 2944 omnem
1989 2889 2072 2946 illi

466 2973 766 3030 edisseruit
795 2978 1256 3049 coniurationem,
1300 2994 1366 3035 ac
1411 2979 1507 3050 qui
1541 2980 1813 3052 coniurati
1860 2988 2067 3036 essent.

2166 515 2258 559 τος
2298 495 2705 566 καταγαγόντες
2734 497 3023 568 ἀπήγαγον
3051 497 3108 549 ὲν
3136 498 3203 568 τῇ
3225 496 3359 566 μονῇ
3379 491 3474 547 τοῦ
3507 490 3750 556 Καυλέα,

2167 593 2346 642 ἐκεῖσε
2378 589 2540 642 αὑτὸν
2579 588 2871 658 θάψαντες.

2242 686 2308 734 κ’.
2332 678 2490 734 Mrta
2516 678 2573 732 δὲ
2611 677 2710 749 τὴν
2744 677 3002 747 τελευτὴν
3033 675 3279 740 Ζαούτζα
3311 673 3589 735 Βασίλειος
3623 671 3752 724 Ἑπ-

2169 772 2378 842 είκτης,
2439 770 2556 834 υίὸς
2613 769 2886 823 Νικολάου
2932 768 3331 840 ἑταιρειάρχου,
3390 762 3752 833 συνεφιλιώθη

2170 863 2405 935 Σαμωνᾷ
2428 862 2863 935 κουὸικουλαρίῳ
2893 859 2972 932 τῷ
3015 859 3074 924 ἐξ
3111 858 3456 929 Ἀγαρηνῶν,
3485 855 3754 928 ὀρεγόμε-

2170 972 2259 1018 νος
2305 954 2402 1008 τοῦ
2433 955 2537 1024 τῆς
2565 955 2842 1025 βασιλείας
2885 951 3217 1020 ἀξιώματος.
3259 948 3561 1020 Ἐθάρῤησε
3594 946 3649 999 δὲ
3674 942 3755 1016 τῷ

2173 1046 2406 1117 Σαμωνᾷ
2423 1089 2438 1112 ,
2467 1046 2548 1100 ὅτι
2584 1045 2698 1115 Τῆς
2721 1046 2887 1110 θείας
2917 1040 3088 1113 ἡμῶν
3107 1040 3276 1110 Ζωῆς
3298 1037 3758 1106 τελευτησάσης

2171 1141 2206 1194 ὁ
2231 1139 2537 1204 ,βασιλεὺς
2566 1137 2651 1210 [Ρ.
2681 1136 2807 1209 555]
2831 1135 3040 1190 λαϐεῖν
3089 1135 3214 1203 ἔχει
3237 1133 3446 1200 ἑτέραν
3478 1130 3756 1201 γυναῖκα,

2172 1232 2270 1287 καὶ
2296 1230 2455 1301 ἡμᾶς
2490 1230 2724 1297 πάντας
2759 1231 2885 1299 ἔχει
2929 1229 3243 1298 ἀφανίσαι.
3285 1225 3475 1280 Ἀλλὰ
3517 1222 3626 1288 δός
3649 1238 3757 1291 μοι

2171 1327 2376 1396 λόγον,
2392 1325 2493 1379 ἵνα
2519 1342 2618 1379 σοι
2657 1323 2936 1393 θαρῤήσω
2967 1322 3163 1377 πάντα
3201 1321 3272 1374 τὰ
3309 1317 3758 1385 βουλευόμενα.

2173 1421 2283 1474 Καὶ
2303 1420 2484 1483 δόντος
2516 1417 2682 1474 αὐτοῦ
2725 1417 2881 1486 λόγον
2906 1416 2982 1485 τῷ
3004 1414 3293 1484 Βασιλείῳ,
3327 1411 3633 1482 ἐθάρρησεν
3655 1407 3756 1460 αὐε-

2173 1512 2252 1583 τῷ
2287 1512 2482 1566 πάντα.
2524 1510 2581 1563 '0
2625 1509 2680 1563 δὲ
2708 1509 2975 1579 Σαμωνᾶς
3004 1504 3262 1560 εἰσελθὼν
3292 1506 3372 1565 εἰς
3412 1502 3501 1555 τὸν
3530 1499 3757 1571 βασιλέα

2175 1601 2328 1658 εἶπεν
2350 1603 2519 1674 αὐτῷ,
2551 1603 2631 1656 ὅτι
2677 1601 2952 1657 Δέσποτά
2971 1617 3110 1670 μου,
3139 1598 3292 1652 θέλω
3313 1611 3413 1649 σοι
3459 1593 3652 1648 εἰπεῖν
3701 1605 3761 1644 τι

2177 1697 2356 1762 ἰδίως,
2395 1697 2541 1765 ὅπερ
2575 1696 2686 1749 ἐὰν
2705 1695 2822 1765 μὲν
2857 1695 3028 1759 εἴπω,
3067 1689 3457 1758 ἀποθνήσκω,
3484 1689 3535 1741 ει
3559 1685 3627 1738 δὲ
3668 1683 3758 1753 μὴ

2173 1790 2342 1854 εἴπω,
2372 1788 2781 1855 ἀποθνήσκεις
2813 1787 2916 1842 σύ.
2959 1787 3069 1839 Kal
3090 1782 3333 1853 διεξῆλθε
3363 1779 3502 1852 πρὸς
3539 1780 3632 1832 τὸν
3664 1778 3760 1846 βα-

2175 1881 2328 1936 σιλέα
2352 1882 2533 1935 πᾶσαν
2556 1879 2655 1950 τὴν
2682 1877 2975 1947 ἐπιϐουλὴν
3014 1876 3109 1930 τοῦ
3142 1873 3452 1929 Βασιλείου.
3492 1869 3759 1938 Ἀπιστήο

2173 1992 2364 2039 σαντος
2391 1973 2450 2028 δὲ
2477 1974 2573 2027 τοῦ
2603 1971 2868 2043 βασιλέως
2897 1972 3010 2034 τοῖς
3055 1967 3342 2039 λαληθεῖσι
3392 1963 3523 2034 παρ’
3565 1961 3758 2027 αὐτοῦ,

2173 2069 2268 2125 καὶ
2303 2068 2588 2141 εἰρηκότος
2609 2085 2622 2098 ·
2660 2067 2757 2136 Μή
2785 2067 2873 2132 τίς
2905 2083 3005 2119 σοι
3038 2064 3302 2120 ὑπέϐαλε
3331 2060 3518 2116 ταῦτά
3537 2077 3639 2129 μοι
3670 2061 3755 2112 εί-

2170 2163 2327 2226 πεῒν,
2361 2161 2458 2216 καὶ
2487 2162 2556 2215 ἐκ
2599 2159 2962 2229 δωροδοκίας
3001 2157 3177 2212 τοῦτο
3215 2155 3547 2220 ἐποίησας;
3587 2151 3646 2206 '0
3697 2150 3757 2204 δὶ

2170 2253 2324 2309 εἶπεν
2347 2271 2362 2285 ο
2419 2253 2814 2308 Ἀπόστειλον
2877 2250 3136 2316 πιστοὺς
3196 2247 3583 2318 ἀνθρώπους,
3649 2242 3760 2308 οὓς

2172 2347 2461 2412 κελεύεις,
2492 2344 2564 2399 ἐν
2598 2343 2679 2409 τῷ
2714 2341 2834 2412 ἐμῷ
2863 2341 3106 2405 κελλίῳ,
3155 2337 3428 2393 δέσποτά
3461 2353 3600 2405 μου,
3655 2333 3758 2387 καὶ

2172 2439 2272 2492 ἵνα
2293 2434 2455 2491 εἰσιν
2481 2435 2526 2466 ¹⁰
2552 2431 3040 2503 ἐγκεκρυμμένοι,
3082 2429 3180 2485 καί
3203 2429 3258 2483 εί
3282 2445 3333 2482 τι
3359 2425 3436 2482 ἂν
3462 2425 3759 2480 ἀκούουσι

2171 2529 2332 2598 παρὰ
2361 2526 2688 2583 Βασιλείου
2721 2525 2820 2580 καὶ
2865 2523 3002 2592 παρ’
3035 2521 3204 2592 ἐμοῦ,
3237 2519 3510 2590 γράφωσι
3547 2516 3756 2571 ταῦτα.

2172 2622 2426 2694 Παρευθὺ
2457 2621 2514 2674 δὲ
2535 2622 2562 2674 ὁ
2588 2617 2839 2689 βασιλεὺς
2861 2615 3180 2671 ἀποστέλλει
3207 2611 3581 2686 Χριστοφόρον
3605 2627 3758 2681 πρω-

2171 2712 2545 2782 τοόεστιάριον
2576 2709 2693 2780 ἅμα
2722 2705 3028 2778 Καλοκύρῳ
3045 2703 3354 2774 κοιτωνίτῃ,
3387 2700 3480 2754 καὶ
3507 2697 3758 2754 ἀνελθόνο

2171 2823 2262 2869 τες
2283 2803 2594 2878 ἐκρύόησαν
2633 2803 2691 2856 ὲν
2719 2799 2800 2870 τῷ
2843 2798 3043 2869 κελλίῳ
3090 2793 3281 2850 αὑτοῦ.
3328 2792 3611 2855 Βασίλειος
3664 2789 3758 2844 οὖν

2169 2896 2478 2959 δελεασθεὶς
2511 2895 2607 2948 καὶ
2653 2892 2838 2946 λαϐὼν
2866 2891 3025 2960 λόγον
3056 2889 3278 2960 ἔνορκον
3313 2886 3464 2958 παρὰ
3521 2885 3761 2955 Σαμωνᾶ

2172 2995 2251 3054 εἱς
2283 2991 2346 3044 τὸ
2399 2987 2794 3060 προσευχάδιον
2827 2984 2993 3040 αὐτοῦ
3037 2983 3252 3050 ἐξεῖπεν
3288 2981 3438 3050 αὐτῷ
3480 2979 3658 3033 πάντα
3691 2977 3761 3030 τά

468 3065 878 3124 Prandentibus
908 3084 1043 3126 vero
1070 3069 1184 3125 illis
1201 3071 1609 3127 descendentes
1633 3072 2070 3142 Christophorus

2175 3083 2273 3154 τῆς
2290 3079 2484 3152 βουλῆς
2511 3080 2606 3132 καὶ
2639 3077 2766 3140 τοὺς
2798 3069 3760 3159 συμϐουλευομένους.Ἀριστὼντων

468 3168 528 3215 et
567 3160 870 3233 Calocyrus
893 3163 1104 3230 omnia,
1133 3164 1208 3219 ita
1262 3172 1326 3220 ut
1351 3165 1539 3220 audita
1580 3165 1940 3235 scripserant,
1968 3165 2073 3220 im-

449 3247 718 3324 peratori
753 3253 1030 3325 legerunt.
1084 3253 1506 3324 Confestimque
1534 3253 1727 3309 adesse
1778 3255 1935 3324 iusso
1975 3254 2074 3308 Ba-

466 3346 596 3406 sitio
631 3348 786 3405 dedit
809 3349 1248 3405 milliarisiorum
1278 3349 1700 3421 quatuordecim
1725 3349 1895 3420 859
1949 3349 2074 3402 mil-

466 3440 562 3505 lia,
597 3456 721 3512 quae
770 3441 1050 3517 inﬁmitm
1078 3457 1192 3497 sua:
1220 3441 1363 3496 Zoes
1407 3442 1715 3497 remedium
1746 3443 1964 3506 animas,
1993 3440 2073 3496 sic

468 3533 539 3588 ab
569 3549 635 3589 ea
670 3533 966 3599 destinata,
1009 3534 1067 3589 in
1105 3534 1480 3590 Macedoniam
1531 3534 1796 3590 deferret.
1835 3533 1912 3589 Ac
1952 3533 2074 3604 qui-

467 3626 597 3681 dem
632 3625 985 3681 Basilium'in
1007 3640 1138 3686 eum
1169 3625 1394 3681 modum
1430 3627 1568 3682 urbe
1598 3626 1780 3698 eiecit.
1810 3626 2074 3696 Reliquos

469 3729 606 3770 vero
643 3716 765 3787 eius
811 3716 1215 3787 coniurationis
1254 3717 1436 3773 socios
1471 3735 1537 3774 ac
1567 3718 1890 3789 participes,
1941 3719 2072 3772 Par-

469 3809 626 3875 dum,
659 3809 1020 3865 cxcubiarum
1072 3809 1459 3881 drungarium,
1495 3812 1562 3866 ad
1602 3811 1907 3883 Stypiotem
1947 3810 2072 3865 mit-

471 3901 563 3966 tit,
610 3901 772 3971 quasi
808 3901 989 3972 ipsum
1031 3901 1377 3958 adducturus
1422 3913 1588 3961 esset.
1632 3919 1759 3957 cum
1804 3903 1920 3973 ipse
1971 3903 2072 3962 im-

351 4053 374 4072 κ
469 3991 744 4061 peratoris
790 3991 981 4046 libello
1015 3993 1378 4062 praemonitus
1413 3993 1467 4047 in
1509 3993 1786 4048 mandatis
1815 3994 2068 4063 accepis-

468 4089 557 4136 set
596 4092 658 4136 ut
697 4081 754 4137 in
781 4081 1002 4138 vincula
1035 4099 1162 4139 eum
1193 4083 1592 4155 compingeret.
1630 4086 1901 4141 Praetextu
1937 4101 2070 4142 vero

471 4172 713 4230 abeundi
749 4190 814 4231 ac
848 4176 1084 4232 cenandi
1136 4177 1203 4231 ad
1247 4176 1304 4233 S.
1350 4177 1644 4243 Lazarum,
1691 4179 1747 4233 in
1798 4179 2071 4234 descensu

471 4265 861 4337 Ipharisterii,
895 4267 1163 4323 Joannem
1189 4267 1449 4323 Garidam
1476 4268 1671 4324 statuit
1695 4285 1822 4324 cum
1844 4270 2074 4340 reliquis

473 4358 726 4416 cohortis
794 4361 1194 4417 fmderatorum
1254 4363 1308 4416 in
1382 4362 1679 4430 cubiculo;
1736 4365 2072 4435 interimque

2174 3176 2231 3230 δὲ
2255 3173 2434 3228 αὐτῶν
2463 3171 2822 3234 κατελθόντες
2879 3168 3252 3240 Χριστοφόρος
3298 3165 3395 3221 καὶ
3443 3158 3762 3232 Καλοκῦρος

2173 3266 2262 3320 διὰ
2293 3265 2512 3337 γραφῆς
2537 3260 2853 3330 ἀνέγνωσαν
2873 3259 3053 3312 πάντα
3092 3258 3168 3328 τῷ
3215 3256 3444 3329 βασιλεῖ.
3483 3253 3598 3308 Kal
3620 3267 3764 3323 παρ-

2175 3358 2305 3413 ευθὺ
2335 3357 2434 3429 μὲν
2465 3354 2749 3411 Βασίλειον
2783 3351 3301 3425 προσκαλεσάμενος
3335 3347 3536 3402 δέδωκε
3579 3344 3765 3416 μιλια-

2177 3452 2341 3522 ρήσια
2368 3448 2615 3518 χιλιάδας
2647 3443 3098 3515 εἰκοσιτέσσαρας
3131 3443 3206 3503 ὡς
3234 3440 3396 3512 δῆθεν
3424 3438 3633 3509 ψυχικά
3661 3439 3763 3508 τῆς

2174 3542 2341 3598 αὐτοῦ
2374 3540 2524 3604 θείας
2552 3540 2727 3609 Ζωῆς,
2784 3539 2858 3602 ὡς
2883 3535 3170 3608 ὁρισθέντα
3195 3532 3325 3604 παρ’
3367 3531 3536 3601 αὐτῆς
3563 3529 3758 3593 οὕτως,

2175 3635 2273 3689 καὶ
2311 3632 2632 3690 ἀπέστειλεν
2662 3632 2722 3685 ὲν
2751 3627 3082 3698 Μακεδονίᾳ.
3103 3627 3214 3681 Καὶ
3248 3625 3339 3680 τὸν
3365 3624 3462 3694 μιν
3481 3622 3762 3678 Βασίλειον

2174 3726 2348 3787 οὕτως
2376 3725 2474 3794 τῆς
2499 3723 2704 3787 πόλεως
2725 3721 2988 3792 ἐξήγαγε,
3021 3721 3148 3782 τοὺς
3175 3719 3232 3774 δὲ
3264 3717 3486 3782 λοιποὺς
3515 3716 3640 3778 τοὺς
3659 3713 3756 3782 τῆς

2173 3818 2348 3887 αὐτῆς
2375 3817 2570 3887 βουλῆς
2591 3815 2998 3886 μετεσχηκότας
3017 3814 3112 3867 καὶ
3131 3812 3591 3882 κοινωνήσαντας,
3619 3807 3758 3874 Πάρ·

2173 3910 2260 3963 δον
2298 3909 2398 3978 μὲν
2422 3906 2779 3978 δρουγγάριον
2806 3905 2906 3975 τῆς
2931 3903 3124 3974 βίγλης
3156 3900 3480 3955 ἀποστέλλει
3514 3899 3648 3969 πρὸς
3670 3896 3761 3949 τὸν

2175 3999 2494 4068 Στυπιώτην
2518 3998 2675 4068 δῆθεν
2701 3999 2928 4066 ἀγαγεῖν
2957 3994 3137 4060 αὐτὸν,
3161 3991 3599 4065 προμηνυθέντος
3613 3987 3759 4041 ὲκεί-

2175 4111 2267 4147 νου
2311 4093 2398 4146 διὰ
2449 4091 2731 4162 βασιλικοῦ
2771 4088 3058 4144 πιττακίου
3094 4087 3281 4142 τοῦτον
3311 4083 3763 4155 δεσμῆσαιλίρο-

2175 4186 2546 4257 φασισάμενος
2575 4186 2633 4239 δὲ
2663 4186 2690 4236 ὁ
2742 4184 2998 4255 βασιλεὺς
3035 4181 3294 4235 ἀπελθεῖν
3343 4181 3437 4234 καὶ
3470 4177 3762 4246 δειπνῆσαι

2173 4282 2254 4344 είς
2283 4281 2374 4335 τὸν
2406 4279 2562 4349 ἆγιον
2585 4277 2855 4349 Λάζαρον,
2881 4277 2961 4340 είς
2992 4275 3052 4328 τὺ
3078 4274 3413 4329 καταδάσιον
3434 4273 3530 4326 τοῦ
3555 4273 3762 4337 τζυκα-

2175 4371 2476 4441 νιστηρίου,
2515 4368 2745 4437 ἔστησεν
2785 4366 3044 4434 Ἰωάννην
3068 4363 3302 4436 Γαριδᾶν
3341 4363 3478 4435 μετὰ
3513 4363 3606 4415 καὶ
3652 4358 3763 4412 τῶν

472 4451 848 4508 descendente
882 4453 1237 4523 imperatore,
1271 4463 1546 4520 tenentes,
1593 4456 1689 4526 qui
1724 4463 1885 4512 erant
1939 4473 2070 4512 eum

2176 4463 2380 4518 λοιπῶν
2406 4463 2508 4532 τῆς
2536 4460 2813 4531 ἑταιρείας
2859 4460 2918 4512 ὲν
2951 4459 3029 4528 τῷ
3065 4458 3435 4527 κουὸουκλίῳ·
3471 4455 3568 4509 καὶ
3603 4455 3660 4507 ὲν
3685 4451 3764 4523 τῷ

471 4541 686 4597 Joanne
725 4542 1010 4597 Nicolaum
1064 4543 1458 4600 foederatorum
1503 4547 1752 4602 cohortis
1807 4549 2069 4604 comitem

475 4631 615 4687 urbe
639 4633 946 4704 eiecerunt.
976 4634 1234 4691 Adducto
1255 4651 1390 4692 vero
1423 4653 1454 4693 e
1479 4637 1803 4696 Macedonia
1834 4641 2067 4706 Basilio,

476 4727 710 4794 eiusque
745 4724 1054 4797 disceptata
1077 4743 1264 4793 causa,
1293 4729 1473 4800 ipsum
1506 4732 1834 4788 verberibus
1863 4733 2070 4798 affecit,

477 4815 718 4886 pilisque
786 4818 907 4888 eius
975 4818 1100 4890 igne
1175 4819 1492 4887 succensis,
1536 4837 1604 4878 ac
1667 4840 1767 4894 per
1833 4825 2072 4880 mediam

478 4923 678 4979 pompa
705 4907 896 4965 infami
933 4912 1230 4968 traducens
1269 4914 1570 4981 civitatem,
1606 4917 1851 4974 Athenas
1876 4919 2072 4975 exsilio

479 4999 786 5072 relegavit;
841 5002 939 5058 ubi
1003 5013 1060 5060 et
1123 5005 1269 5061 male
1315 5005 1486 5062 vitam
1545 5008 1743 5065 ﬁnivit.
1803 5010 2071 5068 Similiter

478 5093 646 5149 etiam
719 5094 1006 5152 Nicolaum
1083 5097 1496 5157 hetaeriarcham
1549 5112 1607 5158 et
1657 5103 1960 5176 Stylianum
2015 5115 2074 5162 et

478 5186 746 5240 Joannem
810 5202 1144 5260 omnemque
1203 5191 1420 5248 Zautzae
1465 5195 1758 5257 familiam,
1793 5198 1931 5252 alios
1976 5197 2072 5253 de-

483 5277 686 5341 tondit,
745 5278 884 5335 alios
925 5281 1123 5337 exsilio
1156 5283 1439 5355 relegavit,
1487 5302 1680 5342 eorum
1741 5290 2070 5344 substantiis

479 5369 739 5425 omnibus
778 5371 1094 5442 publicatis.
1131 5377 1308 5447 Atque
1341 5377 1415 5433 ita
1449 5394 1548 5448 per
1575 5378 1868 5434 Samonam
1907 5380 2068 5436 Zaut-

483 5477 556 5514 me
596 5463 780 5517 omnis
805 5466 1060 5534 cognatio
1094 5465 1274 5523 deleta
1321 5479 1424 5524 est.
1451 5468 1679 5525 Cunctis
1714 5487 1846 5526 vero
1894 5474 2068 5544 magi-

482 5551 608 5607 stris
636 5569 698 5608 ac
747 5555 1096 5612 senatoribus
1123 5559 1422 5629 imperator
1456 5562 1681 5627 vocatis,
1715 5564 1845 5634 legit
1881 5581 2065 5621 coram

2169 4555 2542 4627 κατέρχεσθαι
2563 4554 2656 4607 τὸν
2680 4553 2909 4623 βασιλέα
2940 4553 3320 4622 κρατήσαντες
3343 4551 3394 4603 ot
3424 4548 3561 4618 μετὰ
3582 4546 3764 4599 Ἰωάν-

2169 4669 2259 4706 νου
2311 4649 2576 4704 Νικόλαον
2629 4649 3011 4719 ὲταιρειάρχην
3050 4647 3321 4719 ἐξήγαγον
3381 4646 3483 4715 τῆς
3533 4641 3762 4702 πόλεως.

2182 4741 2432 4811 Ἀγαγὼν
2472 4741 2528 4794 δὲ
2560 4742 2624 4794 ὲκ
2652 4740 2987 4804 Μακεδονίας
3009 4739 3293 4792 Βασίλειον
3341 4733 3437 4787 καὶ
3463 4730 3762 4797 ἀνακρίνας

2171 4835 2267 4889 καὶ
2291 4835 2485 4904 τύψας,
2511 4834 2608 4888 καὶ
2635 4833 2736 4897 τὰς
2766 4832 2961 4905 τρίχας
2994 4831 3164 4886 αὑτοῦ
3193 4820 3558 4894 καταφλέξας,
3579 4821 3674 4872 καὶ
3702 4820 3762 4871 ιν

2176 4930 2246 4999 τῇ
2306 4928 2445 4999 μέσῃ
2501 4924 2896 4996 θριαμϐεύσας,
2934 4923 3194 4994 ἐξώρισεν
3241 4923 3300 4973 ὲν
3356 4915 3638 4986 Ἀθήναις·
3667 4913 3762 4966 καὶ

2179 5017 2367 5080 κακῶς
2401 5017 2518 5070 ἐκεῖ
2543 5015 2790 5087 τελευτᾷ.
2832 5013 3106 5076 Ὡσαύτως
3159 5011 3254 5063 καὶ
3298 5006 3566 5062 Νικόλαον
3614 5005 3757 5058 ttat-

2181 5109 2442 5182 ρειάρχην
2471 5108 2566 5161 καὶ
2588 5105 2879 5160 Στυλιανὸν
2904 5105 2998 5157 καὶ
3034 5101 3286 5172 Ἰωάννην
3315 5100 3408 5153 καὶ
3439 5098 3763 5165 συγγένειαν

2178 5203 2360 5255 πᾶσαν
2385 5198 2632 5262 Ζαούτζα
2648 5197 2775 5260 τοὺς
2803 5195 2902 5265 μὲν
2944 5193 3232 5263 ἀπέκειρε,
3267 5193 3391 5256 τοὺς
3420 5191 3478 5244 δὲ
3508 5188 3758 5259 ἐξώρισε,

2176 5292 2454 5364 δημεύσας
2479 5290 2579 5351 τάς
2605 5288 2796 5352 οὐσίας
2821 5284 3002 5341 αὐτῶν
3035 5285 3235 5345 πάσας.
3277 5286 3385 5339 Kal
3414 5283 3586 5342 οὕτως
3610 5281 3760 5333 πᾶσα

2177 5385 2210 5455 ἡ
2243 5382 2530 5450 συγγένεια
2552 5377 2800 5443 Ζαούτζα
2830 5376 3203 5446 ἰξωλοθρεύθη
3237 5376 3324 5429 διὰ
3341 5372 3591 5442 Σαμωνᾶ.
3615 5371 3760 5424 Πάν-

2177 5492 2275 5539 τας
2309 5474 2368 5528 se
2387 5474 2515 5535 τοὺς
2562 5471 2896 5542 μαγίστρους
2941 5470 3189 5530 καὶτοὺς
3218 5466 3278 5520 ὲν
3322 5467 3469 5519 τέλει
3508 5481 3747 5535 προσκα-

2177 5565 2475 5636 λεσάμενος
2505 5564 2532 5618 ὁ
2563 5563 2648 5634 [Ρ.
2692 5561 2818 5634 556]
2850 5557 3104 5630 βασιλεὺς
3151 5558 3363 5627 ἀνέγνω
3421 5555 3757 5611 κατενώπιον

1779 5655 2011 5712 νληιχ
2063 5657 2466 5714 LEtZTlONES.

592 5736 632 5765 ’⁸
652 5733 823 5790 (Imm?
