4128 6442
305 295 310 299 ’
403 302 504 368 ρει

1501 309 1696 369 VI'LE
1737 307 2293 372 RECENTIORUM
2335 311 2537 372 ιΜΡΡ.

3571 302 3680 372 922

405 413 585 466 αὐτῶν
610 414 680 467 τὰ
714 414 1022 484 μηνυθέντα
1058 415 1206 486 παρᾶ
1251 417 1513 485 Σαμωνά·
1576 417 1671 469 καὶ
1702 417 1989 488 εἰρήκασιν

2104 417 2204 473 illis
2247 433 2370 488 quae
2398 434 2428 472 a
2460 418 2694 473 Samona
2723 417 2940 472 fuerant
2999 417 3274 478 nuntiata.
3313 416 3684 486 dixeruntque

405 502 558 572 άξιον
593 500 732 560 εἷναι
762 507 925 577 τιμῆς
960 506 1227 576 μεγάλης.
1272 507 1328 561 Ὀ
1350 507 1406 560 δὲ
1431 508 1674 578 παρευθὺ
1709 508 1896 562 τοῦτον
1917 510 1984 578 τῇ

2104 509 2312 581 lignum
2343 525 2464 566 esse
2487 509 2581 580 qui
2612 525 2868 579 magnum
2913 509 3179 564 honorem
3221 518 3680 578 consequeretur.

405 598 501 655 τοῦ
558 599 1051 672 πρωτοσπαθαρίου
1105 598 1232 670 άξίᾳ
1258 599 1578 670 τετίμηκεν,
1631 599 1726 653 καὶ
1770 616 1986 671 προσῳο

405 691 674 747 κειώσατο
697 689 916 745 ἑαυτοῦ.

478 784 697 856 scd-x3".
735 785 1085 857 Ἐτελεύτησε
1138 785 1194 838 δὲ
1249 784 1532 850 ’Δντὼνιος
1556 787 1586 839 6
1617 786 1988 858 πατριάρχης,

2086 600 2501 671 Confestimque
2534 615 2661 656 eum
2697 600 3122 671 protospalharii
3156 600 3427 672 dignitate
3460 599 3682 654 ornavit

2089 701 2147 747 et
2179 691 2248 746 ad
2289 708 2445 746 suam
2493 691 2961 747 necessitudinem
3003 693 3222 747 ascivit.

2090 787 2258 857 860
2286 786 2480 841 Ξιοῖἳ.
2517 787 2735 842 Mortuo
2766 801 2900 840 vero
2924 784 3163 839 Antonio
3198 783 3530 854 patriarcha,
3557 781 3680 851 ejus

407 880 502 933 καὶ
533 880 648 933 ἀντ’
678 879 844 933 αὐτοῦ
887 879 1279 948 χειροτονεῖται
1323 879 1588 942 Νικόλαος
1631 879 1890 951 μυστικὸς
1914 876 1990 931 ὣν

2104 885 2216 935 loco
2258 879 2550 934 ordinatur
2589 879 2869 942 Nicolaus,
2898 878 2991 947 qui
3027 877 3376 946 imperatoris
3403 884 3521 930 erat
3560 889 3680 943 my.

405 971 504 1025 τοῦ
548 968 834 1040 βασιλέως.
889 970 1224 1042 Παρελήφθη
1257 971 1313 1024 δὲ
1338 971 1434 1024 καὶ
1465 971 1527 1025 τὸ
1555 973 1790 1042 κάστρον
1818 973 1852 1042 ἡ
1882 973 1992 1042 Δη-

412 1062 650 1138 μητριάς
679 1064 738 1116 ὲν
771 1061 848 1134 τῷ
879 1061 1074 1133 θέματι
1127 1065 1227 1135 τῆς
1277 1062 1529 1127 Ἑλλάδος
1576 1063 1682 1118 ὑπὸ
1712 1062 1992 1136 Δαμιανοῦ

408 1157 506 1210 τοῦ
545 1157 604 1210 Ἀ
614 1155 870 1228 γαρηνοῦ.

485 1256 592 1318 κγ’.
641 1249 794 1303 Λέων
818 1249 876 1304 δὲ
904 1250 933 1303 6
979 1248 1233 1319 βασιλεὺς
1262 1250 1448 1318 στέφει
1482 1249 1684 1304 ’Ἄνναν
1717 1249 1997 1318 θυγατέρα

409 1341 568 1409 Ζωῆς
618 1342 720 1410 τῆς
777 1340 886 1395 ἀπὸ
922 1341 1018 1395 τοῦ
1046 1339 1318 1405 Ζαούτζα,
1357 1340 1448 1394 διὰ
1492 1342 1553 1394 τδ
1598 1341 1674 1413 μὴ
1733 1340 1997 1395 δύνασθαι

408 1429 586 1486 ποιεῖν
613 1431 679 1486 τὰ
710 1433 773 1486 ὲκ
797 1431 970 1486 τύπου
1003 1433 1265 1505 κλητόρια
1307 1434 1382 1503 μὴ
1409 1432 1577 1501 οὔσης
1621 1433 1958 1504 Αὑγούστης.

483 1519 583 1577 κδ’.
626 1523 895 1593 Ἠγάγετο
920 1524 977 1577 δὲ
1005 1527 1033 1578 ό
1057 1524 1314 1596 βασιλεὺς
1342 1524 1514 1596 κόρην
1539 1526 1604 1578 ὲκ
1634 1524 1728 1578 τοῦ
1761 1524 1999 1594 θέματος

421 1613 689 1684 Ὀψικίου,
711 1615 1055 1685 ὡραιοτάτην
1099 1617 1264 1681 πάνυ,
1293 1617 1519 1687 ὀνόματι
1562 1616 1846 1681 Εὐδοκίαν,
1875 1616 1999 1669 στέ-
2040 1658 2042 1660 τ

409 1706 524 1776 ψας
547 1709 640 1762 καὶ
668 1706 1046 1779 ἀναγορεύσας
1076 1709 1170 1762 καὶ
1206 1709 1391 1779 γήμας
1427 1708 1597 1779 αὑτήν
1617 1725 1632 1740 ο
1667 1706 1726 1773 ἐξ
1767 1703 1836 1780 ἦς
1865 1725 1996 1764 παι-

404 1797 519 1850 δίον
548 1798 777 1868 ποιήσας
800 1798 1024 1869 ἄρρενα,
1059 1799 1143 1869 ἐφ’
1163 1791 1207 1867 ᾧ
1232 1798 1586 1869 τετελεύτηκε
1611 1799 1707 1852 καὶ
1740 1801 1878 1872 αύτὴ
1902 1801 1998 1854 καὶ

407 1890 472 1942 τὸ
498 1889 778 1958 γεννηθέν.

481 1989 580 2036 κε’.
625 1983 965 2053 Ἑξωνήσατο
997 1983 1054 2037 δὲ
1111 1984 1392 2056 οἰκήματα
1452 1986 1481 2040 6
1542 1986 1799 2055 βασιλεὺς
1845 1987 1998 2040 Λέων

407 2073 638 2146 πλησίον
663 2075 771 2129 τῶν
805 2073 1005 2144 ’Λγίων
1028 2076 1392 2144 Ἀποστόλων,
1411 2079 1507 2133 καὶ
1529 2080 1744 2136 ἔκτισεν
1771 2082 1887 2134 ἐκεῖ
1902 2082 1964 2134 ὲκ
1981 2109 1995 2120 -

405 2165 640 2235 κλησίαν
674 2168 952 2238 περιφανῆ
983 2170 1071 2223 ἐπ’
1105 2171 1331 2241 ὀνόματι
1388 2173 1488 2244 τῆς
1523 2173 1799 2244 προτέρας
1829 2172 1996 2228 αὑτοῦ

405 2258 670 2326 γυναικὸς
693 2259 792 2330 τῆς
822 2260 985 2328 ἁγίας
1018 2263 1302 2334 Θεοφανῶ.

482 2349 598 2416 κς’.
642 2350 920 2417 Ὡσαύτως
955 2354 1169 2409 ἔκτισεν
1202 2356 1506 2426 ἐκκλησίαν
1539 2361 1619 2424 είς
1663 2361 1794 2424 τοὺς
1843 2360 2000 2429 λεγοο

410 2442 609 2515 μένους
637 2444 872 2509 Τόπους,
923 2446 1019 2500 τὸν
1051 2446 1209 2517 ἇγιον
1253 2448 1530 2519 Λάζαρον,
1581 2454 2001 2517 κατασκευάσας

405 2536 580 2608 αὐτὴν
615 2536 784 2608 μονὴν
819 2538 1075 2610 ἀνδρείαν
1119 2539 1416 2611 εὐνούχων.
1451 2544 1621 2598 Ἔνθα
1653 2546 1749 2599 καλ⁵
1795 2548 1857 2599 τὸ
1902 2545 1997 2600 τοῦ

403 2627 566 2697 ἁγίου
610 2628 867 2702 Λαζάρου
916 2629 1078 2700 σῶμα
1122 2631 1187 2686 ἐκ
1219 2632 1448 2702 Κύπρου
1495 2636 1590 2690 καὶ
1641 2637 1862 2707 Μαρίας
1900 2639 2001 2709 τῆς

405 2719 776 2790 Μαγδαληνῆς
799 2721 1154 2791 άπὸἘφέσου
1189 2724 1534 2795 ἀνακομίσας
1562 2727 1822 2792 ἀπέθετο,
1840 2732 1996 2801 ποιή-

410 2827 512 2874 σας
574 2811 670 2866 καὶ
699 2812 772 2866 τὰ
825 2813 1082 2880 ὲγκαίνια
1116 2815 1216 2886 τῆς
1247 2815 1419 2886 αὐτῆς
1451 2817 1774 2889 ἐκκλησίας.
1815 2821 2002 2892 Ἀσκο-

405 2903 672 2975 λουμένου
702 2905 759 2959 δὲ
788 2904 883 2959 τοῦ
910 2907 1099 2960 στόλου
1131 2909 1212 2971 είς
1249 2909 1319 2962 τὰ
1366 2909 1645 2980 κτίσματα
1680 2912 1791 2965 τῶν
1820 2914 1999 2968 τοιούο

407 3011 519 3048 των
553 2994 862 3066 ἐκκλησιῶν
907 2996 1235 3070 παρελήφθη
1266 2999 1326 3051 ὲν
1355 3000 1578 3072 Σικελίᾳ.
1607 3001 1668 3056 τὸ
1704 3003 2000 3077 Ταυρομέ-

405 3107 524 3188 νιον
671 3090 1113 3188 τῶνἋφρωνςτῇ
1141 3091 1615 3188 άρελείᾳ,μᾶλλον
1637 3097 1694 3150 δὲ
1712 3098 1996 3172 προδοσία,
2027 3131 2069 3188 C

404 3182 709 3237 Εὐσταθίου
745 3182 1108 3254 δρουγγαρίου
1136 3184 1246 3238 τῶν
1277 3187 1560 3258 πλωῖμων,
1602 3189 1696 3242 καὶ
1723 3191 1996 3262 Καραμά-

403 3273 500 3328 λου
524 3275 705 3328 ἐκεῖσε
734 3274 888 3338 ὄντος
918 3275 1012 3328 καὶ
1038 3275 1260 3346 Μιχαὴλ
1294 3275 1386 3331 τοῦ
1417 3279 1732 3349 Χαράκτου,
1766 3284 2000 3354 γενομὲο

404 3382 507 3436 νης
527 3364 732 3435 πολλῆς
766 3364 981 3435 σφαγῆς
1023 3365 1136 3420 τῶν
1170 3367 1484 3438 Ῥωμαίων.
1532 3370 1892 3428 ’Δνελθὸντων
1939 3376 1998 3429 δὲ

406 3458 590 3513 αὐτῶν
633 3459 691 3512 ιν
719 3461 785 3529 τῇ
818 3458 972 3512 πόλει
1009 3460 1162 3531 παρά
1213 3475 1272 3514 τε
1301 3460 1424 3523 ,τοῦ
1458 3461 1726 3531 βασιλέως
1771 3467 1868 3519 καὶ
1901 3468 1997 3522 τοῦ

405 3551 751 3621 πατριάρχου
785 3552 826 3584 ’⁸
851 3550 1225 3622 ἐλεγχθέντων
1263 3554 1416 3625 παρὰ
1438 3555 1660 3627 Μιχαὴλ
1680 3555 1776 3610 τοῦ
1811 3560 2001 3631 Χαρά-

407 3661 538 3699 κτου
569 3643 646 3707 ὡς
683 3642 982 3715 προδοτῶν,
1010 3644 1420 3717 κατεκρίθησαν
1449 3647 1686 3719 θανάτῳ,
1709 3650 2004 3723 Παρακλη-

407 3737 592 3801 θέντος
623 3737 678 3790 δὲ
708 3735 803 3790 τοῦ
833 3736 1103 3808 βασιλέως
1132 3737 1282 3807 παρὰ
1305 3739 1578 3794 Νικολάου
1607 3723 1704 3796 τού
1734 3747 2004 3815 πατριάρ-

405 3849 529 3903 χου.
585 3830 677 3885 τὸν
731 3830 962 3885 θάνατον
1011 3832 1493 3903 συνεχωρήθησαν,
1548 3837 1776 3905 μοναχοὶ
1824 3840 1852 3891 6
1903 3840 2001 3908 μὲν

2094 976 2287 1030 sticus.
2335 973 2508 1044 Capta
2544 987 2708 1042 porro
2748 979 2832 1026 est
2883 971 3078 1026 civitas
3115 970 3325 1024 munita
3368 970 3678 1025 Demetrias

2097 1068 2152 1122 in
2185 1066 2445 1123 Hellados
2480 1066 2724 1121 themate
2760 1081 2790 1120 a
2824 1064 3092 1119 Damiano
3125 1065 3397 1134 Agareno.

2169 1248 2262 1302 23.
2291 1246 2405 1303 Leo
2431 1244 2734 1317 imperator
2754 1244 2967 1300 Annam
3005 1242 3172 1298 tiliam
3190 1258 3344 1297 suam
3361 1258 3428 1296 ex
3447 1241 3555 1296 Zoe.
3573 1241 3685 1296 filia

2098 1342 2316 1396 Zautzae
2329 1347 2580 1404 coronat,
2598 1337 2745 1408 quod
2762 1352 2871 1391 non
2893 1343 3108 1406 poterat
3127 1335 3426 1389 constituta
3445 1349 3510 1388 ex
3532 1348 3684 1389 more

2100 1435 2354 1492 convivia
2384 1432 2606 1503 publica
2630 1430 2917 1495 exhibere,
2945 1429 3091 1499 quod
3116 1444 3224 1484 non
3247 1426 3682 1497 esset‘Augusta.

2170 1528 2264 1582 24.
2305 1525 2472 1581 Duxit
2523 1532 2710 1579 autem
2765 1525 3069 1592 imperator
3102 1535 3330 1575 uxorem
3377 1535 3444 1574 ex
3477 1518 3685 1587 Opsicii

2103 1621 2369 1683 themate,
2399 1617 2854 1673 formosissimam
2883 1614 3066 1678 valde,
3089 1612 3314 1668 nomine
3359 1611 3684 1678 Eudociam,

2105 1728 2381 1768 coronans
2418 1711 2830 1780 Augustamque
2875 1706 3204 1763 renuntians
3235 1721 3301 1760 ac
3343 1705 3449 1760 sibi
3488 1705 3686 1774 conju-

2105 1822 2228 1877 gem
2257 1804 2550 1859 adhibens.
2578 1803 2654 1857 Ex
2689 1817 2752 1856 ea
2779 1808 3036 1869 suscepto
3076 1812 3250 1868 puero
3287 1797 3532 1852 masculo
3569 1805 3686 1851 tum

2107 1901 2224 1971 ipsa
2249 1899 2522 1953 exstincta
2546 1903 2630 1952 est
2662 1903 2780 1949 tum
2809 1903 3066 1962 suscepta
3092 1891 3298 1962 proles.

2174 1992 2265 2046 25.
2303 1989 2588 2059 Coemptis
2628 1987 2737 2042 Leo
2773 1986 3074 2055 imperator
3105 1983 3318 2038 aedibus
3343 1997 3512 2052 prope
3547 1981 3688 2037 San-

2105 2095 2225 2141 ctos
2244 2082 2554 2153 Apostolos,
2575 2079 2649 2136 ibi
2676 2076 3136 2149 praemagniticam
3157 2074 3445 2130 ecclesiam
3469 2081 3690 2128 exstru-

2105 2177 2206 2243 xit,
2241 2175 2479 2231 nominze
2509 2173 2700 2244 prima;
2747 2186 2860 2226 suae
2905 2168 3095 2225 uxoris
3134 2167 3192 2223 S.
3235 2163 3690 2236 TheOphanonll.

2176 2359 2266 2414 26.
2299 2357 2570 2415 Similiter
2597 2355 2763 2412 etiam
2814 2352 3107 2409 ecclesiam
3149 2346 3442 2406 aedificavit
3475 2344 3543 2400 ad
3581 2344 3692 2400 Τοο

2107 2467 2228 2522 pos,
2270 2465 2409 2520 quos
2437 2457 2661 2513 vocant,
2699 2446 2757 2503 S.
2787 2445 3078 2512 Lazarum,
3117 2444 3364 2498 virorum
3401 2439 3694 2496 eunucho-

2111 2555 2231 2594 rum
2255 2539 2658 2594 monasterium
2684 2535 2936 2601 faciens;
2966 2534 3060 2589 ubi
3084 2542 3142 2590 et
3173 2533 3232 2589 S.
3260 2530 3453 2586 Lazari
3488 2541 3695 2598 corpus

2107 2649 2140 2690 e
2167 2631 2348 2704 Cypro
2391 2640 2450 2685 et
2477 2630 2663 2685 Mariae
2693 2627 3028 2699 Magdalenen
3058 2625 3277 2696 Epheso
3309 2624 3546 2680 relatum
3593 2621 3695 2676 de-

2107 2725 2338 2795 posuit:
2375 2721 2655 2778 celebrata
2700 2719 2953 2789 ejusdem
2998 2716 3256 2774 ecclesia:
3299 2714 3380 2769 illi
3424 2711 3693 2769 encaenia.

2106 2814 2404 2884 Occupatis
2432 2819 2619 2866 autem
2669 2810 2973 2865 classiariis
3021 2807 3304 2864 struendis
3355 2801 3693 2878 ejuscemodi

2107 2906 2380 2967 ccclesiis.
2415 2912 2636 2974 captum
2665 2905 2722 2958 in
2756 2902 2947 2957 Sicilia
2999 2908 3084 2955 est
3131 2897 3572 2956 Tauromenium
3622 2895 3694 2951 ab

2109 2998 2279 3061 Afris,
2304 2993 2637 3066 negligentia
2690 3007 2788 3047 seu
2837 2991 3024 3060 potius
3068 2988 3387 3058 proditione
3415 2984 3694 3042 Eustathii

2109 3089 2386 3144 navalium
2419 3083 2708 3154 drungarii
2739 3091 2794 3137 et
2817 3081 3088 3137 Caramali
3121 3079 3198 3134 ibi
3233 3088 3349 3133 tum
3373 3076 3697 3134 exsistentis

2099 3193 2158 3240 et
2183 3179 2464 3236 Michaelis
2485 3175 2764 3243 Characti,
2801 3169 3010 3242 ingenti
3044 3173 3207 3244 861
3244 3171 3371 3227 data
3403 3171 3695 3225 Romano-

2105 3291 2226 3332 rum
2257 3282 2460 3343 strage.
2503 3269 2564 3324 In
2608 3269 2806 3324 urbem
2841 3267 3112 3331 reductis,
3161 3266 3230 3320 ab
3263 3266 3604 3336 imperatore
3637 3269 3698 3319 et

2103 3366 2419 3440 patriarcha
2447 3361 2783 3432 redargutis,
2806 3359 3084 3416 Characto
3118 3356 3501 3421 insimulante,
3533 3353 3699 3409 indi-

2102 3473 2191 3517 cta
2250 3458 2451 3514 mortis
2515 3454 2791 3512 sententia
2845 3460 2951 3507 est.
3002 3450 3331 3519 Quanquam
3379 3455 3608 3503 exorato
3663 3461 3695 3500 a

2103 3555 2329 3611 Nicolao
2376 3549 2693 3623 patriarcha
2741 3548 3083 3617 imperatore
3115 3543 3261 3599 facta
3311 3540 3508 3598 mortis
3532 3539 3697 3595 venia

2103 3657 2207 3704 est.
2238 3647 2568 3704 Monachum
2603 3642 2747 3698 inire
2776 3655 3132 3704 concessum,
3162 3635 3476 3694 Caramalin
3519 3631 3698 3688 Pieri-

2105 3743 2206 3805 dii,
2241 3739 2533 3796 Eustathio
2558 3737 2614 3791 in
2646 3733 2849 3796 Studii.
2873 3732 3046 3803 Capta
3065 3739 3152 3786 est
3176 3738 3233 3785 et
3257 3729 3497 3784 Lemnus
3520 3724 3700 3780 insula

2101 3838 2176 3893 ab
2207 3834 2498 3905 Agarenis,
2540 3829 2734 3884 multis
2776 3827 3088 3882 incolarum
3137 3821 3396 3878 abductis
3443 3817 3697 3887 captivis.

405 3923 746 3995 Καράμαλος
771 3922 852 3986 είς
879 3922 946 3978 τὰ
972 3923 1277 3994 Πικριδίου,
1316 3927 1345 3978 6
1369 3926 1426 3978 δὲ
1451 3925 1750 3990 Εὐστάθιος
1778 3929 1857 3991 είς
1887 3907 1996 3985 τῶν
2045 3930 2322 3986 Στουδίου.
2376 3922 2712 3992 Παρεληφθη
2761 3920 2819 3973 δὲ
2867 3921 2963 3972 καὶ
3027 3917 3252 3988 Λῆμνος
3313 3916 3347 3985 ἡ
3389 3915 3549 3982 νῆσος
3592 3907 3700 3961 ὑπὸ

405 4014 518 4072 τῶν
565 4015 905 4086 ’Δ-ίαρηνῶν,
946 4013 1326 4086 αἰχμαλωσίαν
1357 4016 1556 4088 πολλὴν
1587 4019 1981 4089 πεποιηκότες.

482 4109 583 4177 κζ’.
628 4110 718 4165 Ἐν
743 4113 809 4183 τῇ
851 4110 1171 4183 προελεύσει
1223 4111 1281 4164 δὲ
1322 4113 1421 4182 τῆς
1479 4117 1996 4188 μεσοπεντηκοστῆς

409 4202 507 4257 τοῦ
543 4202 805 4272 βασιλέως
836 4202 1063 4266 Λέοντος
1093 4201 1414 4267 ἀνελθόντος
1447 4205 1530 4266 εἰς
1562 4204 1656 4258 τὸν
1685 4207 1842 4274 ἆγιον
1869 4208 2000 4262 Μώ-

411 4312 530 4349 κιον
556 4295 650 4348 καὶ
707 4293 1094 4360 είσοδεύοντος,
1162 4295 1252 4348 ὅτε
1302 4291 1434 4368 ἦλθε
1495 4295 1724 4369 πλησίον
1770 4302 1998 4366 σωλέας,

409 4387 644 4453 ἐξελθών
677 4403 760 4451 τις
807 4388 871 4440 ὲκ
927 4386 1021 4439 τοῦ
1079 4387 1335 4457 ἄμϐωνος
1391 4388 1625 4442 δέδωκεν
1673 4391 1822 4462 αύτῷ
1863 4394 2002 4462 μετὰ

411 4481 610 4552 ῥάϐδου
643 4480 870 4551 ἰσχυρᾶς
896 4479 990 4535 καὶ
1015 4479 1249 4550 παχείας
1271 4498 1283 4512 ·
1313 4481 1406 4536 καὶ
1432 4482 1480 4534 εί
1513 4481 1640 4553 μὴὴ
1669 4483 1714 4516 ¹¹
1737 4485 1877 4555 φορά
1903 4487 2002 4554 τῆς

411 4573 611 4644 ῥάϐδου
647 4574 726 4637 είς
760 4571 1169 4642 πολυκάνδηλον
1209 4574 1607 4641 ιμποδισθείσα
1639 4575 2002 4649 διεχαυνώθη,

410 4665 658 4739 παρευθὺ
687 4665 757 4720 ἂν
789 4664 977 4720 τοῦτον
1017 4665 1298 4736 ἀπήλλαξε
1331 4667 1426 4720 τοῦ
1461 4667 1583 4738 ζῇν.
1614 4668 1723 4722 Τοῦ
1751 4670 1808 4724 δὲ
1831 4671 2004 4740 αἷμα-

406 4775 503 4822 τος
537 4757 784 4830 σφοδρῶς
813 4756 899 4831 [Ρ.
935 4755 1063 4829 557]
1092 4759 1492 4831 καταρρέοντος
1524 4762 1589 4814 ἐκ
1639 4762 1738 4832 τῆς
1771 4761 1864 4815 τοῦ
1905 4763 2004 4832 βα-

409 4852 608 4916 σιλέως
649 4851 920 4921 κεφαλῆς,
957 4851 1173 4923 ταραχή
1204 4867 1263 4905 τε
1294 4852 1389 4905 καὶ
1420 4853 1568 4924 φυγὴ
1589 4853 1699 4907 τῶν
1725 4855 2006 4926 ἀρχόντων

408 4945 652 5013 γέγονεν,
685 4945 779 4997 καὶ
803 4942 992 4997 πολλοὶ
1022 4944 1081 4996 ἐν
1111 4942 1286 5017 ταύτῃ
1327 4942 1631 5000 ἀπώλοντο.
1675 4947 1736 5000 Ὀ
1764 4946 1822 5000 δὲ
1850 4947 2004 5001 ἁδελ-

408 5039 514 5107 φὸς
532 5035 696 5091 αύτοῦ
729 5035 1083 5108 Ἀλέξανδρος
1103 5036 1513 5107 προεφασίσατο
1547 5037 1898 5110 νοσηλευθεὶς
1913 5040 2010 5094 καὶ

408 5131 472 5185 οὐ
508 5129 783 5201 κατῆλθεν
809 5129 869 5182 ὲν
888 5130 952 5200 τῇ
986 5127 1199 5199 είσόδῳ,
1231 5127 1308 5191 ὡς
1336 5130 1399 5181 ἐκ
1419 5127 1608 5182 τούτου
1642 5127 1883 5185 ὕποπτον
1913 5131 2011 5185 αύ-

411 5224 508 5278 τδν
531 5223 784 5292 γενέσθαι
809 5223 911 5294 τὴν
939 5222 1198 5292 τοιαύτην
1245 5221 1538 5291 ὲπιὸουλὴν
1568 5225 2004 5280 κατασκευάσαι.

412 5312 554 5368 οὔτε
574 5315 603 5367 6
637 5315 902 5385 Σαμωνᾶς
956 5313 1140 5384 παρῆν
1167 5315 1304 5379 ἐκεί,
1338 5312 1455 5366 ἀλλ’
1484 5308 1550 5384 ἦν
1574 5314 1827 5369 ἀπελθὼν
1859 5316 2000 5384 ἁγα-

411 5409 532 5474 γεῒν
551 5405 704 5477 Ζωὴν
738 5406 798 5458 ιν
825 5404 904 5470 τῷ
924 5404 1174 5475 παλατίῳ
1203 5405 1341 5474 πρὸς
1370 5403 1430 5458 τὸ
1461 5409 1697 5461 συνεῖναι
1737 5406 1816 5477 τῷ
1844 5406 2001 5475 βασιο

411 5500 519 5553 λετ.
549 5496 930 5568 Κρατηθέντος
961 5495 1021 5549 δὲ
1045 5495 1140 5550 τοῦ
1173 5497 1354 5558 δόντος
1386 5496 1479 5549 τδν
1521 5496 1745 5566 βασιλέα
1787 5498 1882 5551 καὶ
1908 5498 2000 5562 ἑξ-

415 5592 756 5656 ιτασθέντος,
789 5589 884 5644 καὶ
917 5588 1116 5652 πολλάς
1157 5588 1424 5650 ϐασάνους
1449 5590 1543 5642 καὶ
1577 5590 1848 5660 τιμωρίας
1868 5592 2000 5644 ὑπο·

2174 4118 2267 4172 27.
2307 4115 2362 4169 In
2393 4126 2658 4184 processu
2702 4119 2886 4163 autem
2921 4105 3118 4160 mediae
3159 4104 3535 4163 Pentecostes,
3569 4114 3696 4152 cum

2107 4209 2219 4264 Leo
2255 4208 2558 4277 imperator
2586 4202 2654 4258 ad
2683 4202 2739 4258 S.
2774 4200 2934 4256 Mocii
2967 4196 3307 4253 ascendisset
3333 4210 3398 4248 ac
3431 4191 3696 4261 templum

2109 4304 2368 4366 intraret,
2402 4298 2498 4353 ubi
2533 4298 2645 4369 jam
2677 4309 2848 4366 prope
2882 4292 3090 4346 soleam
3128 4287 3410 4359 attigerat,
3439 4299 3697 4357 egressus

2110 4394 2336 4465 quidam
2365 4406 2434 4446 ex
2467 4388 2706 4442 amboue
2734 4399 2859 4440 cum
2892 4383 3121 4438 robusto
3151 4381 3296 4435 fuste
3327 4393 3390 4433 ac
3413 4391 3600 4432 crasso
3639 4376 3697 4430 in

2107 4493 2275 4557 caput
2304 4482 2550 4554 impegit.
2587 4480 2664 4534 Ac
2693 4478 2800 4533 nisi
2832 4476 2996 4531 fustis
3021 4475 3134 4530 ictu
3165 4472 3462 4543 interiecto
3489 4467 3696 4524 cande-

2108 4579 2255 4634 labri
2287 4576 2555 4631 remissus
2582 4572 2780 4628 fuisset
2821 4585 2886 4623 ac
2935 4567 3273 4631 retardatus,
3303 4563 3597 4620 confestim
3643 4560 3696 4614 ei

2105 4674 2278 4729 vitam
2319 4669 2660 4724 abstulisset.
2703 4663 2916 4719 Cruore
2950 4667 3136 4713 autem
3169 4674 3200 4712 e
3234 4657 3417 4728 capite
3453 4655 3698 4725 impera-

2106 4759 2245 4813 toris
2275 4753 2505 4827 largiter
2543 4752 2832 4808 diﬂluente
2877 4747 3021 4803 facta
3069 4745 3315 4800 turbatio
3346 4753 3433 4800 est
3474 4759 3540 4798 ac
3570 4743 3698 4812 fuga

2104 4865 2420 4922 procerum,
2449 4847 2721 4916 multique
2754 4843 2810 4898 in
2845 4857 2910 4896 ea
2945 4839 3252 4910 perierunt.
3281 4837 3474 4892 Frater
3511 4844 3698 4890 autem

2110 4941 2311 4998 Leonis
2340 4938 2652 4995 Alexander
2682 4934 2938 4991 morbum
2988 4939 3300 5003 praetexens
3347 4928 3700 4984 desideratus

2109 5034 2166 5089 in
2199 5033 2452 5104 ingressu
2482 5039 2587 5095 est,
2621 5037 2683 5084 ut
2717 5027 2846 5083 inde
2898 5024 3141 5096 suspicio
3174 5022 3226 5077 ei
3283 5019 3576 5076 inoleverit
3619 5019 3696 5073 is-

2111 5125 2376 5181 tiusmodi
2410 5122 2716 5180 molitionis
2749 5129 3032 5175 auctorem
3070 5117 3249 5187 ipsum
3280 5114 3471 5169 fuisse.
3501 5112 3696 5166 Samo-

2111 5236 2212 5276 nas
2240 5235 2464 5290 quoque
2496 5234 2608 5274 non
2634 5225 2757 5272 erat
2789 5214 2892 5279 ibi,
2928 5212 3026 5268 sed
3063 5210 3280 5265 abierat
3313 5211 3481 5262 Zoem
3518 5205 3697 5260 addu-

2111 5322 2304 5369 cturus
2332 5314 2388 5368 in
2418 5311 2707 5382 palatium,
2742 5316 2804 5363 ut
2836 5321 2962 5361 cum
2989 5307 3325 5375 imperatore
3342 5301 3700 5370 esset.Capto

2112 5406 2206 5460 illo
2239 5405 2337 5475 qui
2379 5406 2550 5460 ictum
2581 5404 2908 5473 impegerat,
2953 5397 3254 5467 habitaque
3282 5396 3351 5450 de
3385 5395 3483 5449 illo
3544 5408 3697 5462 qua-

2111 5497 2316 5561 stione,
2349 5503 2416 5553 ac
2447 5512 2572 5551 cum
2602 5495 2808 5551 multos
2836 5492 2955 5548 dies
3003 5505 3113 5545 non
3135 5504 3309 5560 pauca
3339 5486 3700 5543 sustinuisset

2099 5591 2380 5661 supplicia
2413 5607 2478 5647 ac
2514 5595 2811 5652 tormenta,
2839 5583 2987 5658 quod
3018 5582 3156 5638 nihil
3201 5580 3596 5641 conﬁtebatur,
3626 5577 3696 5632 ad

1695 5685 1928 5743 VARUE
1973 5683 2383 5742 LECTIONES.

481 5780 520 5811 ¹¹
549 5779 624 5852 τῷ
669 5778 879 5850 βασιλεῖ
908 5779 1003 5833 καὶ
1043 5779 1118 5850 τῷ
1161 5777 1510 5854 πατριάρχῃῗ
1566 5780 1606 5812 η
1639 5781 1669 5853 ἡ
1703 5796 1812 5835 om.
1850 5780 1910 5836 Ρ.
