4128 6462
523 357 634 427 927

1792 352 2115 423 GEORGII
2154 361 2496 425 MONACHI

3691 366 3798 429 928

520 479 887 537 Buc‘oleonem
920 474 976 531 in
1002 489 1232 545 parvum
1272 474 1496 531 lintrem
1535 476 1885 547 imponentes
1924 475 2110 531 Eriam

2229 474 2413 547 Ἠρίᾳ,
2460 476 2556 545 ἀφ’
2620 476 2658 507 "
2700 469 2766 548 ἧς
2830 473 2969 547 πεζῇ
3005 475 3167 547 μέχρι
3227 476 3591 546 Γαλακρηνῶν
3645 476 3800 547 μόλις

521 572 860 642 trajecerunt
890 585 907 635 ;
934 568 1080 624 unde
1101 583 1249 639 agre
1279 566 1449 639 pedes
1477 568 1543 622 ad
1576 568 1906 624 Galacrenas
1938 581 2113 636 usque

520 662 696 717 multa
719 662 848 717 nive
870 660 1091 731 objecta
1114 660 1285 719 humo
1305 660 1501 715 evasit.
1517 659 1818 717 Ordinatur
1845 674 1976 714 vero
1992 660 2115 729 ejus

519 752 646 810 loco
662 753 989 825 Euthymius
1013 752 1292 824 synccilus
1312 751 1646 824 patriarcha,
1673 752 1756 806 vir
1779 750 2115 806 venerabilis

517 853 579 901 et
632 845 930 901 continens
974 859 1039 899 ac
1104 842 1264 899 valde
1319 845 1447 914 pius
1489 843 1657 913 866
1701 851 1756 898 et
1798 841 2112 912 religiosus.

517 939 804 1008 Aiuntque
837 937 1025 993 divina
1055 935 1412 999 revelatione,
1443 934 1592 1005 quod
1622 934 1697 990 ita
1716 942 1940 1006 gestum
1969 944 2110 1002 erat,

520 1010 819 1099 recepisse,
849 1029 1056 1100 quippe
1078 1043 1205 1084 cum
1238 1027 1537 1097 imperator
1563 1027 1729 1081 vellet
1754 1026 2011 1082 haeresim
2047 1041 2114 1083 ac

519 1121 697 1193 legem
724 1123 1075 1192 promulgare
1103 1161 1118 1187 ,
1151 1136 1259 1190 qua
1289 1120 1485 1175 liceret
1512 1119 1633 1174 viro
1675 1129 1788 1175 tres
1820 1126 1916 1174 aut
1943 1119 2111 1174 etiam

520 1223 761 1284 quatuor
794 1230 994 1269 uxores
1022 1214 1264 1280 habere;
1291 1228 1401 1283 qua
1429 1212 1485 1268 in
1522 1227 1581 1268 re
1606 1214 1763 1268 multi
1793 1212 2112 1270 eruditissi-

517 1305 596 1360 mi
622 1305 726 1359 viri
758 1305 811 1360 ei
837 1305 1294 1375 astipularentur.

589 1397 682 1452 56.
718 1395 905 1453 Mense
938 1396 1105 1452 Junio
1148 1397 1414 1454 invitatus
1436 1406 1524 1454 est
1568 1397 1681 1454 Leo
1725 1397 2026 1469 imperator
2078 1411 2111 1451 a

516 1488 880 1546 Constantino
900 1489 1036 1545 Libe
1060 1490 1131 1546 ad
1154 1491 1575 1558 monasterium,
1595 1491 1743 1562 quod
1768 1499 1854 1547 est
1882 1491 1939 1546 in
1973 1490 2114 1546 Mar-

515 1579 793 1651 dosagari,
826 1589 943 1635 tum
988 1580 1059 1637 ad
1091 1583 1212 1653 ejus
1239 1583 1650 1639 dedicationem
1681 1593 1799 1638 tum
1834 1582 1903 1638 ad
1940 1598 2111 1653 pran-

513 1670 693 1727 dium.
740 1673 1055 1745 Factusque
1091 1684 1178 1730 est
1214 1684 1433 1742 ventus,
1468 1677 1559 1732 cui
1606 1675 1739 1746 Lips
1779 1690 2007 1740 nomen,
2052 1673 2107 1728 in

517 1764 738 1819 tertiam
774 1781 953 1835 usque
984 1766 1159 1822 vicem
1192 1768 1372 1824 valide
1401 1769 1640 1839 spirans,
1672 1768 2108 1837 concutiensque

514 1871 584 1912 ac
618 1867 876 1914 evertens
908 1859 1104 1915 domos
1139 1875 1203 1916 ac
1248 1861 1537 1926 ecclesias,
1586 1861 1661 1916 ita
1708 1869 1770 1916 ut
1820 1875 2016 1916 omnes
2047 1859 2105 1915 in

512 1948 826 2005 subdivalia
849 1952 970 2006 loca
994 1950 1248 2021 fugerent
1273 1968 1337 2008 ac
1353 1953 1545 2008 mundi
1572 1951 2106 2009 consummationem

512 2054 639 2096 esse
673 2040 946 2108 dicerent,
983 2044 1091 2099 nisi
1120 2044 1217 2100 Dei
1266 2045 1559 2102 clementia
1588 2045 1801 2102 obortis
1835 2043 2106 2100 imbribus

513 2131 708 2188 sedata
742 2142 890 2190 esset
916 2135 1230 2191 istiusmodi
1256 2137 1586 2194 contractio.

586 2224 677 2279 37.
700 2226 1050 2284 ‘Prafecerat
1084 2227 1383 2299 imperator
1422 2229 1729 2286 Himerium
1764 2244 1961 2285 cursus
2004 2244 2106 2299 pu-

513 2315 647 2373 blici
694 2317 1035 2389 logotbetam
1084 2321 1296 2376 navalis
1328 2322 1515 2377 omnis
1542 2321 1621 2377 rei
1654 2331 1839 2393 caput,
1885 2336 2106 2391 egressa

510 2407 894 2480 Agarenorum
934 2412 1112 2469 classe
1147 2412 1419 2470 adversus
1464 2413 1766 2470 Romanos.
1804 2414 2109 2485 Acceperat

514 2515 651 2557 vero
693 2501 1053 2572 imperatoria
1091 2505 1341 2574 iussione
1382 2504 1731 2562 Andronicus
1788 2506 1907 2561 Dux
1945 2515 2005 2561 ut
2052 2512 2108 2561 et

516 2590 640 2663 ipse
668 2592 919 2650 Himerio
952 2594 1248 2666 logothetaa
1277 2596 1335 2652 in
1359 2596 1598 2651 navibus
1632 2612 1755 2652 sese
1783 2597 2109 2668 adiungeret

514 2690 575 2737 et
600 2680 868 2739 adversus
905 2684 1188 2755 Agarenos
1218 2687 1365 2742 serio
1407 2686 1769 2758 depugnaret.
1810 2688 1984 2743 Porro
2010 2686 2108 2742 Sa-

518 2789 710 2829 monas
732 2775 1210 2833 irreeonciliabilis
1231 2778 1552 2836 Andronico
1588 2781 1760 2836 hostis
1787 2791 1929 2846 erat,
1961 2783 2107 2837 mul-

516 2871 684 2933 taque
706 2864 764 2919 in
782 2881 908 2920 eum
934 2868 1203 2923 continuo
1219 2870 1491 2935 struebat,
1511 2881 1569 2927 et
1589 2873 2009 2929 macbinabatur
2026 2874 2107 2930 illi

514 2970 715 3012 noxam
740 2957 966 3025 inferre,
995 2961 1150 3017 nullo
1179 2978 1291 3017 non
1317 2963 1505 3030 modo,
1540 2965 1690 3021 nulla
1712 2981 1824 3021 non
1846 2982 2017 3037 opera
2044 2982 2109 3022 ac

514 3044 710 3103 fraude
743 3063 946 3106 nocere
974 3051 1227 3117 studens,
1260 3070 1372 3124 quo
1397 3070 1466 3111 ex
1507 3063 1756 3125 tempore
1788 3073 1823 3111 a
1852 3056 1983 3129 fuga
2016 3073 2107 3113 re-

514 3144 724 3243 tractus
747 3140 943 3243 fuerat.
980 3142 1231 3216 Subjecit
1255 3162 1389 3202 vero
1415 3147 1635 3203 cuidam
1660 3156 1722 3203 ut
1749 3151 1970 3206 occulte
1990 3151 2107 3207 An»
2137 3184 2180 3243 α

514 3231 748 3288 dronico
793 3234 1067 3290 scriberet
1104 3254 1118 3291 :
1171 3236 1311 3293 Cave
1364 3241 1439 3295 ris
1493 3256 1652 3295 naves
1696 3241 2018 3312 ingrediaris
2060 3251 2110 3297 et

512 3324 749 3395 capiaris
781 3325 847 3380 ab
894 3326 1131 3383 Himerio
1163 3345 1182 3384 :
1234 3327 1499 3385 Samonas
1532 3348 1762 3403 namque
1798 3341 1985 3387 auctor
2012 3331 2113 3403 fuit

513 3414 827 3487 imperatori
852 3425 910 3472 ut
926 3419 988 3473 ab
1019 3436 1080 3474 eo
1106 3427 1157 3475 te
1180 3422 1348 3477 teneri
1368 3438 1431 3477 ac
1455 3420 1741 3477 luminibus
1766 3423 1947 3478 orbari
1975 3441 2115 3496 prce-

514 3510 729 3579 ciperet.
754 3511 919 3581 867
950 3510 1135 3568 Multis
1166 3512 1353 3585 itaque
1385 3514 1750 3572 hortamentis
1776 3525 1942 3587 atque
1985 3532 2116 3588 pre-

515 3598 677 3655 cibus
704 3609 901 3672 agente
950 3600 1195 3658 Himerio
1223 3613 1286 3660 ut
1314 3604 1585 3663 adversus
1634 3607 1916 3679 Agarenos
1946 3624 2113 3664 navos

517 3686 925 3759 ingrederetur,
959 3691 1181 3749 resiliit.
1196 3694 1461 3767 Agarenis
1476 3712 1610 3751 vero
1637 3696 2110 3766 incumbentibus,

516 3777 804 3838 Himerius
830 3782 982 3840 solus
1009 3784 1064 3841 in
1110 3786 1201 3842 die
1235 3786 1294 3843 S.
1328 3788 1556 3844 Thomas
1587 3800 1843 3847 conserta
1871 3806 1998 3847 cum
2031 3792 2115 3848 eis

516 3887 702 3944 pugna
749 3890 957 3946 magna
997 3877 1207 3948 potitus
1258 3880 1492 3937 victoria
1522 3891 1627 3938 est.
1675 3884 2028 3941 Andronicus
2054 3893 2115 3941 ut

517 3967 801 4047 cognovit,
830 3967 887 4023 in
902 3968 1348 4041 desperationem
1380 3982 1559 4039 actus,
1594 3991 1700 4029 una
1730 3992 1856 4031 cum
1882 3976 2111 4047 pr0pin-

512 4044 646 4125 quis
670 4072 735 4113 ac
763 4057 952 4114 liberis
975 4059 1094 4117 suis
1126 4068 1353 4132 totaque
1378 4062 1589 4121 familia
1618 4044 1914 4122 discedens
1934 4044 2113 4122 Gaba-

515 4145 625 4203 lam
660 4146 855 4204 urbem
888 4151 1162 4208 munitam
1196 4152 1365 4223 cepit,
1388 4153 1453 4213 in
1499 4155 1805 4225 perfectam
1843 4157 2112 4214 defectio-

514 4251 645 4294 nem
684 4255 1075 4313 prorumpens,
1109 4245 1185 4300 ita
1214 4254 1276 4301 ut
1308 4246 1577 4303 Samonas
1617 4247 1935 4321 imperatori
1967 4251 2116 4308 dice—

515 4342 602 4387 ret
624 4348 642 4388 ι
680 4331 867 4389 Nonne
893 4336 1131 4393 dicebam
1163 4337 1275 4402 tibi,
1299 4339 1530 4405 domine,
1555 4339 1754 4397 Ducem
1776 4344 2115 4414 tyrannidem

519 4423 697 4480 moliri
728 4444 794 4481 ac
825 4426 1073 4483 rebellem
1109 4445 1220 4485 esse
1247 4430 1271 4484 ἳ

2213 567 2401 639 ἀπῄει,
2430 569 2606 639 χιόνος
2634 568 2993 638 ἐπικειμένης
3048 567 3264 639 πολλῆς.
3312 568 3802 640 Χειροτονεῐται.δὲ

2214 658 2330 712 ἀντ’
2380 657 2547 713 αὑτοῦ
2606 658 2880 730 Εὐθύμιος
2940 658 3234 727 σύγκελλος
3291 661 3372 724 εις
3425 659 3804 732 πατριάρχην,

2212 751 2350 823 ἀνὴρ
2387 752 2748 824 ἱεροπρεπὴς,
2790 753 3068 824 ἐγκρατής
3096 769 3155 807 τε
3192 751 3288 807 καὶ
3334 750 3571 824 εὐλαϐὴς
3608 754 3752 808 πάνυ
3783 770 3799 784 ·
3864 822 3869 831 η

2211 845 2272 899 ὃν
2306 862 2469 915 φασιν
2496 845 2902 913 καταδέξασθαι
2923 845 3084 900 τοῦτο
3110 845 3171 913 ιε
3196 844 3600 916 ἀποκαλύψεως
3624 845 3803 911 θείας,

2211 936 2288 1001 ὡς
2317 938 2411 993 τοῦ
2478 937 2742 1008 βασιλέως
2791 938 3185 1011 βουλευομένου
3237 938 3453 1009 αἵρεσιν
3509 939 3604 992 καὶ
3633 937 3803 1008 νόμον

2211 1030 2455 1087 ἐκθεῖναι
2479 1031 2575 1085 τοῦ
2605 1030 2753 1102 ἔχειν
2782 1030 2953 1102 ἄνδρα
3002 1032 3272 1116 γυναῖκας
3303 1031 3452 1103 τρεῖς
3480 1030 3514 1100 ἦ
3551 1030 3643 1084 καὶ
3672 1029 3805 1084 τέσ-

2215 1140 2407 1194 σαρας,
2443 1123 2654 1178 πολλῶν
2683 1126 2765 1189 εἰς
2799 1123 2958 1178 τοῦτο
2991 1122 3337 1192 λογιωτάτων
3372 1120 3582 1192 ἀνδρῶν
3608 1138 3804 1192 συνερ-

2212 1216 2456 1286 γούντων
2481 1216 2658 1289 αὐτῷ.

2281 1390 2393 1457 λς’.
2434 1391 2652 1463 Ἰουνίῳ
2671 1391 2728 1445 δὲ
2756 1391 2887 1462 μηνί
2917 1389 3271 1463 προσεκλήθη
3299 1390 3453 1444 Λέων
3494 1391 3522 1445 ό
3546 1389 3801 1461 βασιλεὺς

2214 1482 2366 1554 παρὰ
2397 1482 2816 1537 Κωνσταντίνου
2873 1482 2964 1535 τοῦ
3001 1482 3165 1546 Λιὸὸς
3207 1482 3267 1535 ὲν
3294 1485 3360 1555 τῇ
3389 1486 3525 1555 μονῇ
3561 1485 3629 1554 τῇ
3664 1480 3801 1556 οὔσῃ

2211 1573 2270 1626 ὲν
2303 1570 2380 1643 τῷ
2401 1572 2852 1644 Μαρδοσαγγάρη
2871 1571 2965 1626 τοῦ
2996 1572 3042 1603 ’θ
3072 1574 3298 1643 ποιῆσαι
3324 1571 3393 1625 τὰ
3423 1572 3678 1641 ἑγκαίνια
3699 1575 3800 1626 καὶ

2211 1664 2529 1737 ἀριστῆσαι.
2556 1664 2665 1717 Καὶ
2692 1664 2917 1734 γέγονεν
2944 1663 3147 1735 ἄνεμος
3188 1666 3225 1717 όν
3253 1664 3547 1735 λεγόμενος
3578 1663 3673 1734 ut
3692 1663 3802 1730 ἕως

2210 1756 2394 1828 τρίτου
2420 1754 2666 1826 σφοδρῶς
2705 1755 2990 1827 φυσήσας,
3028 1756 3321 1820 σνσσείσας
3347 1774 3406 1810 τε
3438 1758 3533 1811 καὶ
3566 1756 3801 1827 δονήσας

2212 1850 2491 1920 οἰκήματα
2527 1850 2622 1904 καὶ
2664 1850 2986 1919 ἐκκλησίας,
3028 1848 3172 1904 ὥστε
3212 1848 3420 1913 πάντας
3482 1847 3706 1918 φεύγειν
3741 1851 3801 1905 ιν

2215 1942 2503 2013 ὑπαίθροις
2558 1941 2766 2007 τόποις,
2820 1941 3084 2010 λέγοντας
3162 1941 3473 1996 συντέλειαν
3528 1941 3802 2014 κοσμικὴν

2210 2026 2375 2099 εἶναι,
2407 2032 2456 2085 εἰ
2482 2031 2778 2105 μὴηθεοῦ
2804 2032 3195 2104 φιλανθρωπίαν
3241 2033 3310 2088 δι’
3341 2033 3563 2105 ὄμϐρων
3595 2032 3803 2087 ἔπαυσε

2211 2124 2311 2197 τὴν
2336 2126 2591 2196 τοιαύτην
2618 2122 2869 2196 θραῦσιν.

2286 2217 2370 2292 [Ρ.
2407 2216 2534 2290 560]
2571 2215 2669 2284 λζ’.
2691 2216 3035 2288 Προεϐάλετο
3063 2215 3171 2271 δὲό
3202 2215 3457 2283 βασιλεὺς
3498 2216 3733 2290 ’ῐμέριον
3752 2217 3796 2251 ⁸⁸

2212 2308 2505 2380 λογοθὰην
2537 2307 2630 2363 τοῦ
2673 2308 2879 2381 δρόμου
2910 2307 3155 2379 κεφαλὴν
3214 2307 3435 2362 πάντων
3467 2309 3577 2363 τῶν
3630 2310 3801 2364 πλωΐ-

2216 2420 2357 2473 μων,
2423 2401 2733 2469 ἐξελθόντος
2775 2401 2878 2455 τοῦ
2921 2401 3110 2454 στόλου
3144 2399 3254 2454 τῶν
3302 2399 3628 2472 Ἀγαρηνῶν
3659 2401 3805 2455 κατά

2225 2492 2539 2564 Ῥωμαίων.
2582 2491 2832 2557 Ἐδέξατο
2876 2493 2934 2547 δὲ
2982 2492 3075 2546 καὶ
3121 2492 3463 2564 ’Δνδρόνικος
3490 2494 3517 2546 ό
3548 2493 3685 2561 Δοὺξ
3712 2492 3804 2547 διὰ

2216 2584 2521 2651 κελεύσεως
2539 2586 2814 2641 συνελθεῖν
2852 2585 3073 2657 Ἰμεριῳ
3088 2586 3355 2659 λογοθέτῃ
3371 2586 3427 2639 ὲν
3456 2588 3568 2649 τοῖς
3596 2585 3803 2649 πλοίοις

2215 2679 2311 2731 καὶ
2339 2678 2795 2749 καταπολεμῆσαι
2817 2678 2943 2742 τοὺς
2983 2676 3343 2750 Ἀγαρηνούς.
3373 2677 3431 2731 Ὀ
3458 2677 3514 2731 δὲ
3534 2678 3804 2749 Σαμωνᾶς

2213 2764 2283 2841 ἦν
2314 2769 2669 2834 ἀδιάλλακτος
2705 2770 2899 2841 ἐχθρὸς
2953 2769 3310 2841 Ἀνδρονίκῳ,
3352 2771 3446 2824 καὶ
3477 2769 3649 2823 πολλὰ
3681 2771 3801 2823 κατ’

2216 2862 2383 2916 αὐτοῦ
2413 2862 2680 2935 διηνεκῶς
2714 2861 3084 2917 συνεσκεύασε
3121 2863 3215 2916 καὶ
3242 2864 3578 2934 ἐμηχανᾶτο,
3618 2864 3804 2917 κακῶ-

2218 2971 2307 3007 σαι
2337 2954 2429 3008 τὸν
2471 2954 2810 3023 Ἀνδρόνικον
2867 2953 3035 3009 παντὶ
3069 2954 3257 3024 τρόπῳ
3297 2954 3391 3008 καὶ
3418 2956 3576 3029 πάσῃ,
3596 2954 3800 3025 σπουδῇ

2214 3046 2706 3119 διαμηχανώμενος
2740 3047 2849 3102 ἀπὸ
2874 3051 2972 3121 τῆς
3010 3048 3177 3103 αὐτοῦ
3212 3051 3412 3120 φυγῆς.
3451 3048 3721 3103 Ὑπέῦαλε
3747 3049 3807 3103 δέ

2215 3153 2323 3191 τινι
2349 3138 2561 3210 γράψαι
2582 3138 2662 3209 τῷ
2702 3139 3032 3212 Ἀνδρονίκῳ
3057 3141 3243 3212 κρύφα
3263 3157 3277 3172 ’
3309 3142 3404 3208 Μὴ
3427 3140 3691 3197 είσέλθοι
3715 3144 3806 3209 εἰς

2214 3228 2285 3282 τὰ
2319 3232 2573 3298 καράϐια
2627 3231 2728 3285 καί
2764 3230 3034 3300 κρατηθῇ
3062 3232 3224 3302 παρὰ
3274 3232 3560 3301 ἰμερίου·
3606 3236 3642 3288 d
3690 3232 3805 3303 γὰρ

2214 3320 2503 3392 Σαμωνᾶς
2551 3319 2822 3392 ὑσίέθηκε
2877 3320 2958 3388 τῷ
2991 3324 3248 3388 βασιλεῖ
3286 3323 3392 3378 τοῦ
3436 3322 3807 3394 κρατηθῆναι

2212 3427 2288 3467 σε
2326 3412 2427 3467 καὶ
2452 3413 2838 3485 τυφλωθῆναι
2870 3416 3009 3484 παρέ
3038 3416 3257 3472 αὐτοῦ..
3284 3415 3463 3471 Πολλά
3486 3414 3546 3469 δὲ
3572 3433 3808 3489 προτρε·

2214 3507 2452 3577 πόμενου
2523 3507 2761 3579 Ἱμερίου
2829 3508 3168 3579 Ἀνδρόνικον
3241 3508 3505 3563 εἰσελθεῖν
3552 3509 3613 3562 ιν
3685 3513 3805 3577 τοῖς

2216 3597 2422 3662 πλοίοις
2475 3598 2620 3652 κατὰ
2671 3599 2783 3653 τῶν
2829 3600 3164 3672 ’Δγαρηνῶνθ
3221 3599 3618 3675 ἀπεσκίρτησι.
3681 3600 3805 3656 Τῶν

2227 3688 2548 3758 Ἀγαρηνῶν
2570 3689 2627 3743 δὲ
2651 3690 3021 3759 ἐπικειμένων
3064 3690 3298 3762 Ἱμέριος
3347 3692 3508 3763 μόνος
3535 3693 3592 3746 ὲν
3623 3693 3800 3763 ἡμέρᾳ

2214 3776 2310 3832 τοῦ
2345 3779 2501 3847 ἁγίου
2531 3779 2705 3851 Θωμᾶ
2730 3779 3024 3853 συμσαλὼν
3054 3780 3289 3853 πόλεμον
3311 3782 3451 3853 μετὰ
3483 3782 3593 3837 τῶν
3636 3783 3800 3850 Ἄγα-

2219 3866 2400 3938 ρηνῶν
2434 3869 2679 3941 μεγάλην
2705 3870 2862 3943 νίκην
2889 3872 3203 3944 είργάσατο.
3240 3873 3410 3927 Τοῦτο
3448 3872 3639 3945 μαθὼν
3680 3874 3803 3928 Ἀν-

2215 3960 2480 4032 δρόνικος,
2512 3965 2810 4033 ἀπογνοὺς,
2847 3967 2964 4037 ἃμα
3022 3968 3342 4036 συγγενέσιν
3380 3968 3546 4023 αὐτοῦ
3578 3968 3673 4021 καὶ
3712 3967 3807 4020 τέ-

2216 4072 2366 4119 κνοις
2392 4057 2557 4111 αὐτοῦ
2592 4058 2688 4112 καὶ
2715 4058 3027 4131 ἀνθρώποις
3050 4059 3219 4114 αὑτοῦ
3246 4059 3507 4115 ἀπελθὼν
3528 4061 3804 4131 ἐκράτησε

2218 4147 2457 4221 κάστρον
2480 4148 2579 4219 τὴν
2603 4150 2887 4216 Καδάλαν,
2908 4152 2990 4214 είς
3008 4150 3224 4205 τελείαν
3244 4151 3584 4205 ἀποστασίαν
3606 4150 3803 4216 ἐλθὼν,

2215 4238 2290 4302 ὡς
2326 4241 2502 4293 εἰπεῖν
2531 4242 2627 4294 καὶ.
2651 4241 2922 4312 Σαμωνᾶν
2947 4241 3085 4314 πρὸς
3110 4242 3202 4296 τὸν
3232 4242 3484 4315 βασιλέα*
3525 4244 3647 4297 Οὐκ
3666 4244 3805 4298 ἐλε-

2218 4330 2328 4401 τόν
2365 4345 2490 4397 σοι,
2523 4325 2570 4386 ὦ
2598 4330 2888 4398 δέσποτα,
2912 4332 3219 4404 ἀντάρτην
3252 4337 3407 4392 εἶναι
3436 4336 3543 4391 τὸν
3573 4336 3806 4405 Δοῦκα.;

588 4516 679 4573 38.
709 4516 1014 4575 Confestim
1051 4520 1239 4593 itaque
1277 4524 1447 4581 mittit
1480 4524 1784 4595 imperator
1811 4527 2110 4600 Gregoram

2288 4512 2392 4584 λη’.
2422 4513 2680 4586 Παρευθὺ
2712 4514 2769 4569 δὲ
2797 4515 3119 4571 ἀποστέλλει
3149 4518 3178 4573 ό
3212 4518 3467 4589 βασιλεὺς
3515 4519 3556 4574 Γ
3560 4520 3807 4593 ρηγορᾶν

518 4608 802 4682 legionum
830 4611 1201 4670 domesticum
1234 4615 1541 4681 lbiritzem,
1577 4618 1874 4676 Andronici
1910 4636 2112 4679 conso-

519 4713 734 4768 cerum,
762 4699 832 4755 ad
870 4717 999 4758 eum
1027 4707 1477 4779 expugnandum.
1515 4708 1749 4781 Cognito
1780 4726 1913 4765 vero
1945 4711 2113 4768 Nico-

520 4791 670 4847 laum
750 4794 1121 4864 patriarcbam
1181 4798 1421 4869 eiectum
1482 4815 1606 4857 esse
1631 4841 1647 4868 ,
1708 4801 1776 4857 ad
1835 4801 2117 4873 Agarenos

517 4883 763 4958 profugit
800 4902 929 4942 cum
970 4889 1302 4960 propinquis
1327 4900 1385 4948 et
1412 4893 1609 4950 amicis
1641 4893 1761 4949 suis
1804 4909 1868 4950 ac
1897 4894 2113 4961 liberis,

517 4978 618 5049 qui
646 4978 950 5036 Romanam
979 4989 1112 5037 tunc
1141 4976 1411 5040 ditionem
1440 4984 1819 5051 incursabant,
1856 4986 2111 5057 magniﬁ-

517 5083 695 5142 coque
718 5085 787 5127 ac
811 5070 997 5142 gaudii
1029 5070 1434 5145 signiﬁcatione
1464 5086 1720 5147 receptus
1757 5086 1839 5132 est
1863 5077 1934 5132 ab
1961 5092 2112 5136 ame-

520 5176 739 5222 rumne.

589 5253 683 5310 39.
714 5255 946 5313 Dolebat
984 5256 1287 5328 plurimum
1326 5256 1497 5315 Leoni
1531 5260 1848 5330 imperatori
1881 5272 2109 5332 propter

518 5344 899 5405 Andronicum
943 5365 959 5417 ;
1013 5350 1331 5421 saepiusque
1381 5352 1568 5406 animo
1629 5352 2002 5409 destinaverat
2051 5364 2113 5415 ut

518 5438 890 5511 subscriptam
914 5443 1233 5499 securitatis
1255 5441 1417 5499 ﬁdem
1439 5442 1509 5498 ad
1529 5438 1942 5509 eumimitteret,
1963 5444 2112 5514 quod

519 5541 579 5588 et
592 5531 936 5605 Theophilus
952 5536 1159 5592 fecerat
1176 5545 1402 5608 propter
1421 5537 1745 5593 Manuelem.
1770 5536 2046 5593 Consulue
2055 5552 2113 5593 re

523 5639 655 5680 vero
700 5625 925 5696 quidam
966 5626 1285 5697 imperatori
1334 5635 1394 5682 ut
1444 5626 1739 5697 quemdam
1780 5641 1809 5681 e
1849 5625 2114 5696 praetorio

2213 4602 2535 4673 δομέστικον
2559 4604 2667 4659 τῶν
2701 4606 2914 4678 σχολῶν
2935 4607 3028 4663 τὸν
3061 4608 3392 4682 ’16ηρίτζην,
3424 4611 3806 4683 συμπὲνθεραν

2214 4694 2347 4750 δντα
2378 4695 2472 4749 τοῦ
2505 4696 2872 4771 ’Δνδρονίκου,
2904 4701 3362 4774 καταπολεμῆσαι
3384 4702 3567 4756 αὐτόν.
3600 4702 3805 4755 Μαθὼν

2214 4786 2275 4841 δὶ
2292 4788 2452 4843 τοῦτο
2491 4787 2855 4863 Ἀνδρόνικος,
2887 4795 2984 4847 καὶ
3005 4794 3081 4857 ὡς
3108 4795 3138 4847 ό
3161 4797 3505 4865 πατριάρχης
3534 4792 3582 4843 Ν
3589 4792 3804 4855 ικῦλαθς

2216 4874 2495 4952 ὲξεὼσθηί
2521 4883 2839 4953 προσέφυγε
2872 4886 2987 4948 τοῖς
3024 4886 3347 4955 ’Δγαρηνοίς
3387 4882 3502 4950 ἅμα
3527 4884 3637 4946 τοῖς
3666 4898 3799 4950 aux-

2218 4970 2405 5039 γενισι
2452 4973 2551 5027 καὶ
2586 4975 2764 5044 φίλοις
2818 4974 2989 5030 αὐτοῦ
3026 4975 3123 5028 καὶ
3166 4973 3399 5037 τέκνοις,
3455 4971 3802 5044 ἐξεληλυθόσι

2216 5065 2340 5121 τότε
2378 5068 2521 5123 κατὰ
2563 5069 2876 5142 Ῥωμαίων,
2930 5067 3029 5121 καὶ
3056 5065 3335 5138 ἀπεδέχθη
3374 5065 3526 5140 παρὰ
3557 5064 3639 5137 τῷ
3660 5067 3801 5135 ἀμεμ-

2221 5178 2316 5231 pou
2324 5159 2433 5232 μνῆ
2473 5159 2748 5230 μεγάλως.

2288 5254 2388 5311 λθ’.
2428 5254 2712 5317 Ἐλιδπείτο
2740 5252 2797 5308 δὲ
2816 5251 2971 5307 Λέων
3000 5252 3028 5305 ό
3062 5249 3316 5323 βασιλεὺς
3335 5249 3425 5306 διὰ
3454 5250 3547 5305 τὸν
3586 5248 3804 5320 Ἀνδρό-

2216 5365 2390 5413 νικον,
2424 5349 2518 5402 καὶ
2542 5347 2805 5411 πολλάκις
2833 5344 3086 5401 ἐϐούλετο
3111 5344 3435 5401 ἀποστεῖλαι
3455 5340 3607 5414 αὐτῷ
3645 5341 3805 5410 λόγον

2218 5440 2625 5511 ὲνυπόγραφον,
2678 5437 2709 5493 δ
2770 5438 2869 5493 καὶ
2924 5436 3187 5507 Θεόφιλος
3250 5436 3339 5490 διά
3398 5435 3491 5489 τὸν
3543 5433 3797 5505 Μανονὴ)

2221 5532 2467 5602 ἐποίησε.
2510 5530 3007 5585 Συνιδουλεύσαντο
3034 5532 3093 5587 δέ
3120 5549 3265 5596 τινες
3305 5531 3381 5602 τῷ
3417 5528 3632 5600 βασιλεῖ
3657 5526 3802 5596 φιλο-

2223 5620 2562 5693 φρονηθῆναί
2587 5637 2713 5677 τινα
2735 5622 2843 5678 τῶν
2868 5622 2965 5678 τοῦ
2988 5623 3327 5695 πραιτωρίου
3353 5618 3685 5693 Σαρακηνῷν
3710 5616 3799 5671 καὶ

1818 5716 2058 5773 νΑιιιΑις
2132 5712 2535 5775 LECTIONES.

622 5810 659 5841 ¹·“
684 5813 767 5879 ἐφ’
795 5812 853 5867 Ρ.
935 5813 981 5847 ’⁸
1018 5812 1314 5882 τοῦὶτοῦτο
1344 5812 1404 5869 Ρ.
1494 5816 1533 5846 ’¹
1579 5807 1837 5885 Ἠμέριον
1884 5828 1935 5883 ν.
1966 5810 2093 5867 Ἠθ-
