4128 6462
369 357 476 420 929

1449 353 1645 416 νΙΤΑι
1694 352 2245 416 RECENTIORUM
2292 359 2493 420 IMPP.

3536 367 3644 431 930

367 471 749 542 ἀποσταλῆναι
807 471 865 525 ιν
918 469 1086 544 Συρίᾳ
1146 474 1285 542 μετὰ
1314 471 1472 539 λόγου
1531 473 1941 543 ὲνυπογράφου.

2056 469 2462 528 Saracenorum
2497 475 2783 532 liberalius
2815 484 3103 548 acceptum
3137 478 3461 536 conciliaret
3486 497 3549 538 ac
3583 483 3644 540 in

366 565 540 622 Τοῦτο
576 566 640 637 δὴ
667 566 764 622 καὶ
787 565 1093 636 πεποίηκεν
1116 567 1142 621 ό
1172 565 1447 637 βασιλεὺς,
1475 565 1693 637 γράψας
1721 565 1811 620 διὰ
1841 583 1954 618 κιν-

367 660 652 730 ναϐάρεως
675 657 771 713 καὶ
793 658 1120 722 ἀποστείλας
1145 658 1286 729 μετὰ
1316 657 1715 730 χρυσοσούλλου
1742 657 1954 711 ἔνδοθεν

368 751 593 821 φατλίου
631 751 863 822 βραχέος
888 751 1151 822 τράκτου.
1198 750 1537 818 Ἐξελθόντος
1565 751 1623 804 δὲ
1653 749 1747 804 τοῦ
1789 751 1954 818 Ἀγα-

367 845 536 916 ρηνοῦ
585 845 695 898 ἀπὸ
735 844 830 898 τοῦ
871 843 1162 916 βασιλέως,
1220 844 1739 915 προσκαλεσάμενος
1789 842 1953 897 αὑτὸν

365 936 635 1005 Σαμωνᾶς
664 930 815 988 εἶπεν
839 933 1008 1007 αὐτῷ·
1045 931 1224 1001 Οἶδας
1246 935 1302 988 τί
1324 935 1580 1003 κρατεῖςς
1603 932 1762 988 τοῦτο
1783 931 1953 986 εἰπὼν

363 1028 453 1081 διά
484 1026 574 1080 τὸν
603 1026 798 1096 κηρόν.
838 1026 965 1095 Τὴν
991 1024 1302 1081 ἀπώλειαν
1328 1025 1440 1094 τῆς
1472 1025 1695 1092 Συρίας
1726 1023 1953 1089 βαστάο

365 1118 501 1185 ζεις.
551 1119 664 1172 Καὶ
711 1119 836 1182 δοὺς
869 1117 1016 1188 αὐτῷ
1071 1116 1410 1190 παρήγγειλε
1465 1116 1624 1170 τοῦτο
1657 1116 1838 1188 βαλεζν
1872 1115 1954 1180 είς

361 1213 464 1275 τὰς
485 1215 673 1281 χεῖρας
692 1208 786 1264 τοῦ
821 1209 993 1283 Ἀξήρ
1024 1211 1090 1266 ⁸⁸.
1134 1210 1192 1264 '0
1251 1209 1307 1263 δὲ
1361 1205 1614 1265 ἀπελθὼν
1664 1207 1824 1261 τοῦτο
1850 1225 1950 1262 πε-

364 1304 613 1375 ποίηκεν.
688 1303 1003 1375 Ἐκρατήθη
1065 1301 1150 1375 [Ρ.
1190 1299 1318 1373 561]
1368 1301 1425 1354 δὲ
1496 1299 1832 1372 Ἀνδρόνικος
1860 1300 1953 1354 καὶ

359 1394 639 1466 έδεσμήθη
681 1395 818 1465 μετά
854 1395 1073 1450 πάντων
1124 1393 1234 1447 τῶν
1288 1392 1572 1462 συγγενῶν
1612 1392 1800 1447 αὐτοῦ.
1844 1392 1952 1445 Καὶ

364 1486 554 1558 μαθὼν
583 1488 657 1551 ὼς
693 1486 782 1541 διὰ
809 1487 962 1540 δόλου
994 1487 1088 1540 τοῦ
1121 1487 1363 1557 Σαμωνᾶ
1406 1486 1579 1540 ταῦτα
1610 1485 1759 1558 αύτῷ
1786 1485 1952 1555 γέγο-

360 1595 476 1642 νεν,
539 1576 905 1647 ἀναγκασθεὶς
959 1576 1301 1648 ὲμαγάρισεν
1334 1575 1497 1639 αὐτός
1542 1593 1599 1629 τε
1649 1575 1745 1630 καὶ
1769 1576 1816 1628 οί
1854 1575 1951 1629 σὺν

362 1669 534 1741 αὐτῷ.
570 1669 798 1722 Ἔκτοτε
829 1669 887 1722 δὲ
919 1671 1327 1732 Κωνσταντῖνος
1356 1670 1384 1721 ό
1409 1668 1523 1731 υίὸς
1552 1667 1717 1721 αὑτοῦ
1757 1667 1851 1720 καὶ
1898 1666 1948 1721 οί

360 1760 538 1814 λοιποὶ
572 1761 774 1826 ἰδόντες
818 1761 899 1815 ὅτι
926 1761 1187 1815 ἀδύνατόν
1237 1762 1386 1814 ἐστιν
1429 1759 1768 1830 Ἀνδρόνικον
1798 1761 1948 1825 ἐξελ-

365 1853 500 1916 θεῖν,
537 1853 702 1924 βουλῇ
759 1852 926 1906 αὑτοῦ
983 1855 1103 1924 μετ’
1141 1855 1204 1908 ού
1241 1855 1375 1908 πολὺ
1408 1856 1554 1926 φυγῇ
1611 1849 1946 1924 χρησάμενοι

363 1946 702 2018 (θαυμαστὸν
729 1947 922 2017 ὅντως)
953 1948 1018 1998 ὲκ
1054 1947 1226 2018 μέσης
1250 1947 1452 2019 Συρίας
1470 1946 1607 2018 πρὸς
1642 1943 1948 2016 Ῥωμανίαν

360 2037 587 2110 ιξῆλθον
615 2038 682 2104 ⁸³,
707 2039 801 2093 καὶ
827 2039 1377 2110 καταπολεμούμενοι
1407 2039 1550 2093 κατὰ
1580 2038 1763 2109 χώρας
1795 2038 1949 2108 μόλις

359 2130 531 2200 ὀλίγοι
563 2131 904 2204 διεσώθησαν
931 2131 1070 2202 μετὰ
1100 2130 1518 2186 Κωνσταντίνου
1543 2129 1661 2184 υἱοῦ
1699 2129 1884 2185 αὐτοῦ.

435 2317 515 2380 μ’.
559 2311 651 2364 Ἐκ
671 2310 727 2364 δὲ
757 2310 973 2382 Ταρσοῦ
1001 2311 1252 2383 εἰσῆλθον
1279 2313 1336 2365 ὲν
1367 2313 1433 2382 τῇ
1460 2311 1613 2364 πόλει
1636 2311 1763 2382 περὶ
1784 2311 1948 2365 ἅλλα-

359 2402 483 2471 γίου
514 2404 542 2456 6
587 2421 648 2458 τε
714 2403 1059 2475 ’Λϐαλδάκης
1104 2407 1132 2458 ὁ
1191 2405 1370 2475 γέρων
1403 2406 1497 2460 καὶ
1543 2404 1686 2460 ότοῦ
1710 2407 1949 2476 Σαμωνᾶ

358 2497 580 2566 πατήρ·
641 2497 737 2549 καὶ
796 2496 1022 2561 τούτους
1069 2497 1335 2553 ἐθεάσατο
1382 2499 1429 2530 ’⁵
1459 2501 1487 2552 ὁ
1522 2497 1780 2570 βασιλεὺς
1806 2496 1948 2570 μετὰ

357 2590 686 2661 κοσμήσεως
745 2590 841 2642 καὶ
871 2588 1041 2660 τιμῆς
1097 2591 1192 2645 καὶ
1220 2589 1378 2662 δόξης
1406 2592 1465 2645 ὲν
1514 2594 1580 2662 τῇ
1611 2591 1942 2662 Μαγναύρᾳ.

368 2681 785 2736 Ἐκαλλώπισαν
829 2681 886 2736 δὲ
924 2683 1019 2736 καὶ
1070 2683 1169 2753 τὴν
1225 2683 1488 2753 Μεγάλην
1535 2685 1831 2755 ἐκκλησίαν
1887 2687 1946 2738 ὲν

357 2773 554 2845 κόσμῳ
579 2774 880 2841 πολυτελεῖ,
939 2774 1034 2828 καὶ
1087 2773 1376 2840 ὑπέδειξαν
1427 2776 1643 2829 ἅπαντα
1687 2775 1756 2830 τὰ
1790 2775 1945 2846 τίμια

360 2866 530 2937 σκεύη
559 2869 673 2930 τοῖς
730 2866 1078 2937 Ἀγαρηνοῖς,
1111 2867 1249 2936 ὅπερ
1283 2863 1502 2932 ἀνάξιον
1545 2860 1614 2936 ἦν
1663 2863 1945 2935 βασιλείας

357 2960 454 3014 καἸ
475 2960 868 3031 Χριστιανικῆς
922 2959 1334 3024 καταστάσεως,
1362 2959 1457 3013 τοῦ
1503 2957 1762 3030 θεαθῆναι
1791 2959 1944 3030 παρὰ

355 3053 467 3107 τῶν
499 3053 671 3107 ἐθνῶν
698 3051 767 3106 τὰ
818 3033 942 3124 ἱερά
981 3051 1154 3123 σκεύη
1213 3051 1308 3104 τοῦ
1338 3051 1495 3106 Θεοῦ.
1542 3051 1600 3104 '0
1628 3051 1684 3104 δὲ
1709 3051 1803 3105 τοῦ
1834 3052 1941 3105 Σα-

2059 562 2274 635 Syriam
2305 583 2432 621 cum
2467 567 2779 638 subscripta
2827 569 3189 626 immunitatis
3231 571 3335 626 fide
3375 574 3642 632 mitteret.

2057 655 2213 724 Quod
2245 659 2438 729 utique
2464 657 2615 724 fecit,
2653 661 2904 717 scribens
2928 662 3113 717 rubris
3132 662 3356 729 litteris,
3393 666 3649 721 mittens-

2057 761 2163 816 que
2211 763 2335 802 cum
2384 764 2554 804 aurea
2599 751 2747 805 bulla
2802 751 2942 806 intra
2996 752 3251 806 bacillum
3299 754 3465 809 ducta
3512 772 3645 810 cera

2056 843 2672 914 compactum.Egresso
2696 853 2880 898 autem
2912 847 3163 915 Agareno
3190 845 3259 898 ab
3289 846 3642 916 imperatore,

2055 951 2352 992 accersens
2388 953 2514 991 eum
2561 937 2826 993 Samonas
2864 939 2942 992 ait
2981 939 3090 993 illi:
3128 939 3279 992 Nosti
3311 941 3479 1010 868
3517 940 3645 1011 quid

2057 1037 2236 1084 teneas
2269 1031 2294 1083 1’
2330 1030 2438 1086 hoc
2477 1030 2668 1086 dicens
2696 1033 2845 1087 cerei
2880 1048 3064 1088 causa.
3107 1032 3305 1103 Nempe
3335 1033 3502 1103 Syria:
3529 1036 3635 1088 exi.

2055 1119 2190 1174 tium
2228 1133 2424 1192 gestas.
2466 1120 2584 1188 Quo
2637 1121 2860 1183 tradito,
2910 1123 3200 1178 admonuit
3243 1134 3302 1178 ut
3353 1125 3408 1179 in
3447 1125 3646 1182 Azoris

2056 1228 2251 1267 manus
2299 1211 2480 1267 daret.
2521 1213 2679 1282 Isque
2722 1211 3004 1283 profectus
3033 1214 3085 1268 id
3137 1215 3212 1269 ita
3245 1214 3397 1271 fecit.
3432 1215 3645 1272 Tentus

2055 1302 2240 1374 itaque
2260 1303 2610 1359 Andronicus
2623 1313 2727 1369 est,
2758 1315 2814 1358 et
2840 1305 2897 1359 in
2927 1305 3146 1360 vincula
3168 1321 3292 1360 cum
3313 1306 3644 1377 propinquis

2053 1395 2169 1450 suis
2205 1395 2463 1450 omnibus
2508 1406 2823 1466 compactus
2863 1413 2878 1462 ;
2929 1407 3324 1468 compertoque
3370 1398 3487 1454 haec
3533 1399 3642 1454 sibi

2055 1487 2308 1545 Samonas
2344 1489 2473 1544 dolo
2513 1489 2828 1561 contigisse,
2872 1491 3202 1545 necessitate
3249 1490 3478 1546 adactus
3522 1491 3641 1561 ipse

2052 1593 2134 1644 se,
2163 1589 2220 1636 et
2249 1581 2345 1652 qui
2371 1582 2526 1638 ibant
2555 1599 2680 1638 cum
2715 1583 2854 1653 ipso,
2886 1582 3118 1652 impuris
3138 1582 3434 1638 Mahumeti
3465 1585 3642 1638 sacris

2053 1673 2323 1743 polluere.
2369 1673 2930 1731 Constantinus-vero
2975 1674 3096 1744 ejus
3135 1673 3279 1728 ﬁlius
3307 1689 3372 1728 ac
3411 1674 3637 1744 reliqui,

2053 1765 2305 1822 videntes
2342 1767 2681 1838 impossibile
2732 1766 2879 1822 factu
2927 1774 2988 1820 ut
3033 1765 3386 1821 Andronicus
3434 1766 3636 1832 exiret,

2051 1859 2172 1930 ejus
2209 1860 2466 1923 consilio,
2509 1876 2621 1916 non
2663 1861 2837 1916 multo
2875 1868 3021 1930 post,
3067 1867 3286 1929 arrepta
3326 1858 3454 1929 fuga
3495 1859 3634 1928 (rem

2051 1969 2182 2008 vere
2231 1955 2558 2024 stupendam
2594 1954 2634 2023 ι)
2663 1970 2732 2009 ex
2773 1953 2952 2008 media
3004 1951 3163 2022 Syria
3205 1951 3260 2005 in
3310 1950 3636 2005 Romaniam

2049 2060 2308 2112 evasere;
2341 2046 2599 2118 belloque
2631 2046 2860 2116 appetiti
2887 2061 2986 2116 per
3009 2043 3264 2114 regiones
3288 2042 3550 2112 vicosque
3580 2051 3638 2096 et

2049 2138 2271 2208 oppida,
2301 2139 2388 2194 vix
2413 2139 2572 2210 pauci
2605 2139 2910 2194 incolumes
2953 2152 3080 2192 cum
3116 2134 3480 2192 Constantino
3513 2134 3635 2205 ejus

2049 2227 2164 2282 lilio
2195 2243 2315 2285 sese
2349 2244 2630 2300 recepere.

2120 2320 2211 2374 49.
2243 2321 2284 2374 Ε
2323 2319 2496 2375 Tarso
2523 2319 2578 2375 in
2620 2319 2812 2375 urbem
2841 2317 3075 2389 profecti
3121 2325 3251 2372 sunt
3280 2315 3349 2370 ad
3383 2329 3636 2370 commu-

2053 2411 2246 2467 tandos
2282 2412 2529 2482 captivos
2564 2422 2679 2466 tum
2709 2411 3014 2467 Abalbaces
3043 2426 3210 2466 senex
3240 2418 3356 2463 tum
3386 2407 3638 2464 Samonas

2048 2513 2225 2574 pater.
2252 2504 2508 2575 Suscepit
2525 2520 2620 2559 eos
2643 2503 2845 2559 decore
2862 2504 3182 2574 imperator,
3200 2517 3264 2557 ac
3277 2517 3401 2558 cum
3425 2501 3638 2555 honore

2047 2605 2105 2652 et
2146 2598 2320 2668 gloria
2373 2596 2567 2653 festive
2614 2596 2670 2651 in
2721 2595 3039 2667 Magnaura.
3093 2594 3297 2650 Ornata
3347 2591 3639 2662 magnifice

2046 2693 2290 2761 pretiosa
2322 2691 2472 2745 omni
2503 2689 2835 2759 supellectili
2876 2689 3068 2759 Magna
3099 2686 3355 2748 ecclesia.
3390 2685 3638 2739 exhibita

2046 2782 2310 2852 Agarenis
2333 2782 2645 2836 veneranda
2663 2796 2789 2835 vasa
2810 2781 2996 2836 omnia
3019 2799 3032 2834 :
3059 2795 3174 2833 rem
3199 2793 3330 2832 sane
3356 2775 3636 2848 indignam

2047 2872 2280 2944 imperio
2307 2883 2362 2928 et
2384 2872 2702 2929 Christiano
2732 2881 2878 2928 statu
2915 2887 2979 2927 ac
3009 2871 3322 2940 disciplina,
3350 2883 3634 2924 sacrorum

2045 2965 2141 3020 Dei
2183 2983 2437 3020 vasorum
2477 2966 2792 3036 spectaculo
2822 2966 3068 3036 gentium
3108 2963 3256 3034 pasci
3289 2964 3497 3017 oculos.
3539 2961 3637 3016 Sa-

2047 3073 2222 3111 mona:
2254 3056 2393 3126 patri
2433 3058 2485 3111 in
2517 3057 2762 3111 animum
2791 3065 3020 3111 venerat
3048 3063 3109 3107 ut
3142 3070 3267 3108 cum
3303 3053 3415 3107 filio
3447 3066 3636 3106 versa-

357 3146 518 3215 μωνᾶ
545 3145 732 3216 πατὴρ
765 3143 917 3198 ἔθελε
947 3145 1183 3197 συνεῖναι
1211 3142 1290 3214 τῷ
1315 3143 1416 3214 υίῷ
1445 3142 1610 3198 αὐτοῦ
1635 3143 1731 3198 καὶ
1759 3146 1940 3214 μεῖναι

2045 3158 2198 3203 retur
2226 3157 2281 3204 et
2306 3148 2359 3203 in
2389 3149 2654 3203 Romania
2687 3147 2848 3203 sedes
2878 3154 3165 3201 statueret.
3202 3144 3408 3200 Renuit
3437 3143 3632 3198 Samo-

354 3237 438 3301 είς
480 3236 814 3307 Ῥωμανίαν.
886 3234 946 3289 '0
995 3233 1052 3288 δὲ
1110 3234 1380 3304 Σαμωνᾶς
1441 3234 1750 3306 παρῄνεσεν
1794 3234 1941 3305 αὖτῷ

2044 3255 2163 3304 nas,
2204 3239 2433 3294 dicens:
2468 3239 2602 3294 Tene
2627 3255 2786 3309 quam
2813 3237 2970 3292 habes
2998 3236 3198 3305 ﬁdem;
3228 3252 3320 3306 ego
3350 3235 3524 3305 potius
3561 3233 3634 3288 ad

352 3328 532 3397 λέγων
555 3345 569 3358 °
609 3327 825 3397 Κράτει
867 3326 984 3397 τὴν
1034 3326 1246 3381 πίστιν
1277 3324 1359 3394 ἢν
1416 3325 1612 3394 ἔχεις·
1668 3325 1852 3396 κάγὼ,
1891 3330 1942 3383 εί

352 3419 614 3485 bur-aM),
647 3420 978 3490 ἐλεύσομαι
1015 3418 1167 3488 πρὸς
1193 3417 1272 3472 σὲ
1301 3418 1568 3490 μᾶλλον.

432 3509 546 3582 μα’.
574 3512 653 3583 Τῇ
680 3510 738 3565 δὲ
774 3513 959 3584 ἡμέρᾳ
983 3509 1084 3581 τῆς
1107 3511 1495 3582 Πεντηκοστῆς
1521 3510 1707 3583 στέφει
1735 3513 1888 3568 Λέων
1914 3514 1943 3567 ό

354 3601 611 3676 βασιλεὺς
642 3603 734 3657 τὸν
756 3602 870 3656 υἱὸν
895 3601 1062 3657 αὑτοῦ
1110 3603 1523 3657 Κωνσταντῖνον
1570 3603 1640 3657 δι’
1665 3603 1940 3672 Εὐθυμίου

348 3694 717 3768 πατριάρχου.
750 3694 965 3748 Δέδωκε
1015 3694 1074 3749 δὲ
1104 3695 1376 3766 Σαμωνᾶς
1407 3695 1821 3750 Κωνσταντίνον
1848 3695 1941 3750 άν-

349 3787 572 3858 θρωπον
596 3786 783 3852 αὐτοῦ,
819 3786 913 3840 τὸν
959 3786 1324 3841 δουλεύσαντα
1376 3789 1647 3860 πρότερον
1674 3787 1942 3859 Βασιλείῳ

356 3878 646 3950 μαγίστρῳ
675 3877 772 3933 καὶ
816 3877 912 3931 ἐπὶ
957 3877 1053 3931 τοῦ
1113 3875 1450 3941 κανικλείου,
1507 3877 1786 3930 δουλεύειν
1813 3878 1936 3948 Ζωῇ

349 3969 638 4043 Αὐγούστῃ
657 3985 682 4005 ι
702 3969 761 4033 ὃς
779 3969 1044 4041 ἠγαπήθη
1075 3968 1228 4038 παρὰ
1261 3967 1357 4020 τοῦ
1412 3967 1676 4037 βασιλέως
1710 3968 1936 4030 Λέοντος

347 4063 568 4134 καὶτῆς
594 4061 934 4134 Αύγούστης.
971 4063 1071 4115 Διὰ
1119 4059 1280 4115 τοῦτο
1331 4059 1506 4112 πολλὰ
1533 4059 1801 4129 ἐφθόνησε
1830 4059 1926 4111 Σαο

350 4154 540 4225 μωνᾶς
563 4153 735 4226 αὐτῷ,
771 4155 866 4209 καὶ
891 4153 1152 4225 ἐλοιδόρει
1176 4152 1252 4217 ὡς
1283 4150 1497 4207 συνόντι
1526 4153 1594 4223 τῇ
1624 4151 1934 4224 Αὐγούστῃ·

346 4245 494 4317 ἅπερ
525 4247 555 4299 ὁ
583 4245 836 4317 βασιλεὺς
865 4248 1067 4318 νοήσας
1107 4246 1281 4318 ἀληθῆ
1325 4240 1487 4308 εἶναι.
1517 4244 1809 4299 ἀπέστειλε
1845 4243 1938 4299 καὶ

346 4337 644 4410 ἀπέκειρεν
674 4340 839 4394 αὐτὸν
861 4340 1095 4411 μοναχὸν
1119 4339 1178 4394 ἐν
1194 4342 1261 4409 τῇ
1283 4341 1420 4411 μονῇ
1446 4337 1541 4393 τοῦ
1569 4337 1725 4409 ἁγίου
1749 4337 1936 4408 Ταρα-

2046 3341 2113 3400 te,
2142 3336 2188 3386 si
2223 3333 2453 3403 facultas
2488 3333 2670 3405 fuerit,
2700 3330 3028 3402 proﬁciscar.

2113 3515 2202 3572 41.
2263 3515 2361 3570 Dte
2417 3530 2574 3569 sacro
2635 3515 2992 3570 Pentecostes
3042 3519 3270 3567 coronat
3307 3508 3418 3564 Leo
3455 3507 3628 3562 lilium

2040 3605 2464 3663 Constantinum
2497 3621 2597 3676 per
2631 3605 2799 3677 869
2829 3604 3184 3676 Euthymium
3235 3600 3628 3671 patriarcbam.

2041 3698 2206 3755 Dedit
2226 3706 2412 3754 autem
2437 3697 2704 3754 Samonas
2724 3696 3087 3752 domesticum
3110 3711 3293 3760 suum,
3315 3693 3408 3763 qui
3430 3693 3632 3746 Basilio

2042 3788 2305 3859 magistro
2356 3797 2413 3842 et
2449 3787 2667 3844 caniclii
2710 3787 2970 3857 praefecto
3016 3795 3176 3841 antea
3222 3786 3276 3840 in
3321 3784 3630 3838 ministerio

2041 3879 2241 3945 fuerat,
2278 3889 2339 3935 ut
2369 3880 2493 3934 Ζοιιι
2524 3881 2785 3950 Augustae
2821 3879 2878 3933 in
2902 3877 3169 3946 obsequio
3207 3884 3356 3930 esset
3387 3891 3401 3939 ;
3441 3874 3630 3928 deme-

2041 3974 2262 4044 ruitque
2312 3972 2513 4027 Leonis
2554 3971 2903 4041 imperatoris
2958 3977 3015 4024 et
3060 3969 3321 4038 Augustae
3370 3967 3622 4036 gratiam.

2039 4067 2171 4134 Quae
2213 4081 2302 4121 res
2331 4065 2582 4121 Samona:
2615 4065 2669 4117 in
2713 4064 2892 4133 ipsum
2925 4060 3073 4116 haud
3119 4060 3296 4115 levem
3329 4057 3626 4112 concitavit

2040 4157 2357 4223 invidiam;
2411 4155 2822 4224 detrahensque
2875 4151 3033 4206 malae
3074 4163 3199 4204 cum
3250 4147 3494 4218 Augusta
3545 4146 3623 4200 rei

2039 4250 2250 4307 crimen
2296 4248 2590 4305 inferebat.
2622 4246 2749 4301 Haec
2784 4260 2928 4300 verae
2969 4239 3178 4312 aliquid
3208 4239 3383 4310 culpa:
3416 4237 3623 4291 habere

2040 4344 2340 4414 imperator
2378 4339 2646 4412 cogitans,
2674 4337 2899 4393 mittens
2921 4333 3175 4391 detondit
3203 4329 3539 4385 monachum
3563 4327 3622 4383 in

349 4428 470 4484 σίου
499 4430 588 4486 διὰ
613 4430 709 4485 τοῦ
735 4433 990 4503 Σαμωνᾶ.
1016 4433 1152 4487 Μετ’
1179 4434 1364 4504 ὀλίγον
1388 4433 1446 4488 δὲ
1473 4434 1641 4507 ὥρισε
1667 4433 1936 4505 Σαμωνᾶν

2044 4435 2098 4491 S.
2137 4433 2348 4490 Tarasii
2396 4450 2496 4505 per
2537 4431 2850 4487 Samonam.
2887 4427 3004 4482 Nec
3043 4423 3219 4480 multo
3262 4430 3387 4493 post
3428 4418 3624 4474 statuit

346 4525 720 4579 ἀναλαϐέσθαι
744 4526 905 4580 αὐτὸν
925 4528 983 4580 ὲν
1017 4529 1084 4599 τῇ
1111 4529 1276 4584 αὐτοῦ
1308 4533 1445 4602 μονῇ
1469 4531 1698 4602 Σπεϊρα,
1740 4528 1925 4600 βουλό.

2044 4535 2339 4605 imperator
2381 4542 2440 4587 ut
2470 4531 2737 4586 Samonas
2766 4527 2821 4582 in
2848 4540 3010 4580 suum
3039 4538 3166 4578 eum
3199 4516 3620 4582 monasterium,

349 4635 511 4689 μενος
565 4619 735 4675 πάλιν
787 4621 1158 4676 ἀναλαϐέσθαι
1184 4621 1370 4677 αὐτόν.
1429 4623 1709 4677 Ἀπελθὼν
1734 4619 1829 4678 οὖν
1853 4624 1932 4686 είς

345 4710 650 4782 πρόκενσον
686 4712 745 4766 ἐν
768 4710 845 4780 τῷ
875 4711 1162 4783 Δαματρῦ,
1189 4712 1288 4767 καὶ
1333 4713 1392 4766 ὲν
1428 4716 1494 4785 τῇ
1529 4716 1666 4786 μονῇ
1702 4714 1796 4767 τοῦ
1826 4716 1932 4768 Σα-

348 4804 507 4872 μωνᾶ
543 4804 867 4875 ἀριστήσας,
924 4802 1032 4859 εῐδε
1059 4808 1491 4870 Κωνσταντῖνον,
1546 4809 1641 4862 καὶ
1680 4807 1929 4880 παρευθὺ

341 4891 512 4961 ὥρισε
561 4893 852 4963 Σαμωνᾶν,
917 4895 1010 4948 καὶ
1043 4895 1258 4949 ἕνδυσεν
1316 4897 1481 4951 αὑτὸν
1539 4899 1805 4966 κοσμικὰ,
1835 4897 1930 4953 καὶ

343 4983 508 5053 ὲκέρα
519 5001 577 5037 σε
595 4984 688 5040 τὸν
715 4984 941 5055 βασιλέα
971 4988 1049 5052 είς
1076 4987 1136 5041 τὸ
1162 4988 1472 5059 κλητόρων,
1497 4988 1593 5043 καὶ
1618 4988 1928 5061 ὑπέστρεψε

342 5079 464 5148 μετ’
486 5079 652 5133 αὐτοῦ
683 5082 740 5133 ἐν
769 5079 849 5152 τῷ
878 5081 1148 5153 παλατίῳ.

416 5261 522 5334 μβ’.
575 5263 749 5335 Ὀρῶν
775 5265 830 5318 δὲ
857 5266 1123 5335 Σαμωνᾶς
1153 5263 1532 5337 αὐξανομένην
1561 5265 1660 5336 τὴν
1699 5265 1924 5336 ἀγάπην

337 5354 434 5408 τοῦ
464 5355 729 5426 βασιλέως
780 5359 866 5412 ἐπ’
918 5359 1080 5412 αὑτὸν
1137 5358 1454 5428 βουλεύεται
1498 5359 1636 5430 μετὰ
1664 5360 1923 5430 μεγίστου

339 5449 655 5502 κοιτωνίτου
713 5450 810 5503 καὶ
865 5449 1087 5521 Μιχαὴλ
1143 5450 1513 5522 Τζηρίθωνος,
1551 5452 1646 5506 καὶ
1704 5451 1922 5506 ποιοῦσι

339 5541 560 5611 χαρτίον
593 5540 970 5610 πολυλοίδορον
1001 5541 1144 5595 κατὰ
1164 5543 1261 5595 τοῦ
1296 5543 1584 5612 βασιλέως,
1610 5543 1922 5614 γράψαντος

338 5635 432 5687 καὶ
460 5633 818 5700 συντάξαντος
849 5632 933 5705 [Ρ.
964 5632 1089 5704 562]
1119 5633 1283 5687 αὑτὸν
1305 5634 1400 5687 τοῦ
1428 5633 1631 5687 Ῥοδίου
1665 5635 1917 5704 νοταρίου

2035 4626 2185 4697 quod
2215 4625 2374 4695 Spira
2403 4624 2617 4686 dicunt,
2643 4627 2968 4681 assumeret,
3005 4615 3202 4682 volens
3229 4625 3425 4668 rursus
3459 4609 3515 4663 in
3541 4606 3625 4661 fa-

2035 4719 2240 4773 miliam
2301 4724 2581 4786 cooptare.
2625 4713 2834 4767 Abiens
2884 4710 3070 4778 itaque
3111 4705 3178 4761 ad
3204 4717 3526 4776 processum
3562 4699 3623 4755 in

2033 4808 2367 4872 Damastrin,
2417 4806 2802 4878 prandensque
2836 4803 2892 4857 in
2943 4800 3195 4856 Samonas
3240 4794 3575 4852 monasterio
3602 4833 3620 4860 ,

2031 4901 2454 4958 Constantinum
2481 4899 2621 4953 vidit
2645 4937 2660 4962 ,
2701 4909 2936 4965 moxque
2964 4893 3233 4956 Samonaa,
3267 4905 3390 4960 qua:
3415 4904 3483 4942 ex
3519 4901 3622 4941 sae-

2036 4997 2147 5052 culi
2178 5011 2280 5050 usu
2331 5000 2561 5053 essent,
2593 4989 2844 5045 vestibus
2885 4985 3116 5040 induere
3165 4981 3471 5053 pracepit;
3517 4978 3622 5032 mi-

2034 5088 2290 5158 scuitque
2317 5084 2374 5139 in
2396 5082 2649 5139 convivio
2683 5077 3025 5151 imperatori,
3047 5091 3112 5133 ac
3139 5091 3263 5130 cum
3291 5090 3358 5128 eo
3387 5073 3443 5127 in
3470 5071 3621 5142 pala-

2035 5182 2171 5236 tium
2205 5179 2393 5234 rediit.

2103 5273 2194 5326 42.
2228 5270 2436 5326 Videns
2466 5278 2648 5322 autem
2688 5264 2955 5320 Samonas
2994 5257 3346 5330 imperatoris
3384 5256 3439 5310 in
3485 5268 3616 5308 eum

2028 5361 2225 5435 majori
2255 5367 2541 5416 cremento
2572 5373 2816 5414 amorem
2862 5368 3182 5423 augescere,
3227 5350 3457 5406 consilio
3490 5361 3616 5402 cum

2026 5456 2262 5511 Maximo
2283 5452 2628 5509 cubiculario
2647 5461 2702 5507 ct
2735 5448 3000 5505 Michaele
3035 5444 3370 5500 Tzerithono
3403 5440 3613 5502 babito,

2025 5545 2274 5601 libellum
2297 5545 2565 5600 adversus
2599 5541 2988 5612 imperatorem
3016 5536 3180 5593 foedis
3213 5530 3616 5592 criminationi-

2025 5639 2129 5693 bus
2152 5653 2216 5694 ac
2241 5637 2453 5693 cavillis
2481 5635 2792 5692 confertum
2832 5632 3154 5698 conficiunt,
3184 5630 3308 5701 ejus
3344 5627 3612 5697 scriptore

1619 5728 1849 5784 VARI/['2
1889 5730 2301 5790 LECTIONES.

405 5821 450 5852 ¹¹
486 5821 736 5892 υἰιῖζήρῖ
820 5823 863 5853 ’³
888 5820 1071 5892 ἐξῆλθε
1113 5821 1174 5875 Ρ.
1272 5820 1312 5852 ⁸³
1353 5819 1572 5885 ἐδέξατο
1597 5837 1784 5893 margo
1821 5822 1877 5882 Ρ.
