4128 6508
464 418 575 487 931

1736 406 2060 474 GEORGII
2090 408 2447 501 moment

3628 372 3742 464 93-2

458 536 525 590 ac
561 530 765 588 librum
797 537 1161 599 componente
1202 525 1443 593 Rhodio,
1482 526 1576 597 qui
1607 527 1858 582 Samonae
1891 534 2051 580 nota-

2178 523 2311 585 ἐντος
2338 521 2431 575 τοῦ
2457 518 2713 589 Σαμωνᾶ.
2756 515 2958 571 Ἐλθὼν
2987 516 3043 570 δὲ
3088 518 3117 570 ό
3154 512 3410 587 βασιλεὺς
3441 515 3499 568 ἐν
3540 517 3604 587 τῇ
3630 515 3747 570 Με-

458 629 576 681 rius
628 634 766 679 erat.
828 621 1068 678 Veniens
1116 630 1301 675 autem
1340 621 1642 691 imperator
1692 619 1747 673 in
1799 616 2049 689 Magnam

470 715 760 772 ecclesiam
780 713 1029 768 libellum
1055 711 1285 766 offendit
1306 727 1415 781 quo
1434 708 1556 765 loco
1580 710 1647 763 ad
1667 710 1837 763 Deum
1858 723 2051 779 preces

458 804 752 868 fundebat,
786 803 843 857 in
872 802 1186 867 metatorio,
1212 815 1448 870 eumque
1484 798 1607 853 tulit
1640 817 1653 851 :
1685 814 1794 867 quo
1816 797 1960 852 lecto
1994 797 2050 851 in

460 913 656 968 magna
683 895 852 950 animi
887 895 1159 949 anxietate
1197 902 1363 962 atque
1403 892 1593 946 dolore
1626 900 1766 955 erat,
1797 900 2051 958 quaerens

458 991 585 1061 quis
611 999 804 1044 auctor
822 988 993 1043 libelli
1012 985 1449 1042 esset.Fuit‘vero
1472 994 1527 1039 et
1554 986 1698 1038 lunae
1725 982 2050 1052 deliquium.

460 1081 840 1152 Praecepitque
881 1070 1180 1149 imperator
1213 1087 1273 1132 ut
1319 1078 1411 1148 qui
1450 1086 1582 1131 tunc
1625 1074 1930 1129 astronomi
1960 1090 2053 1129 es-

462 1184 608 1243 sent,
650 1176 793 1246 signi
846 1172 1010 1246 hujus
1044 1174 1301 1229 effectum
1336 1172 1641 1227 edicerent.
1666 1172 1918 1241 ingresso
1948 1170 2053 1224 ita-

466 1280 575 1335 que
614 1265 681 1318 ad
729 1263 1114 1331 imperatorem
1167 1262 1501 1316 Pantaleone
1533 1260 1905 1330 metropolita,
1959 1258 2053 1329 qui

466 1356 718 1411 Samonae
742 1353 907 1423 87o
936 1353 1147 1407 amicus
1172 1361 1313 1418 erat,
1351 1355 1562 1423 rogavit
1593 1368 1721 1408 eum
1764 1352 2051 1419 Samonas,

464 1446 557 1503 cui
584 1443 729 1500 istud
756 1446 958 1497 malum
982 1444 1339 1512 portenderet
1359 1445 1382 1497 ?
1400 1443 1708 1514 Respondit
1736 1442 2057 1512 metropoli-

464 1538 519 1592 ta
547 1551 562 1589 :
600 1534 714 1589 Tibi
746 1550 762 1598 ;
818 1550 880 1587 ac
910 1534 955 1587 si
981 1532 1132 1586 Junii
1168 1539 1358 1588 mensis
1400 1536 1615 1588 tertium
1643 1535 1898 1587 decimum
1918 1534 2057 1586 diem

464 1624 765 1687 transieris,
792 1622 857 1675 ab
890 1624 1032 1675 omni
1058 1623 1299 1694 deinceps
1336 1638 1475 1678 noxa
1512 1625 1764 1678 immunis
1802 1627 1925 1677 eris.
1952 1624 2058 1678 lm-

465 1716 706 1787 peratori
752 1725 936 1768 autem
973 1714 1113 1768 dixit
1144 1713 1213 1768 ad
1254 1728 1381 1770 eum
1410 1723 1660 1785 spectare
1705 1716 1850 1770 luna:
1879 1715 2054 1770 male-

471 1810 680 1873 ficium,
706 1808 863 1878 cujus
892 1808 962 1861 “in
992 1823 1051 1861 re
1082 1807 1302 1876 publica
1336 1816 1523 1863 essent
1557 1817 1743 1879 partes
1778 1807 2052 1864 secundae.

2156 612 2299 683 γάλη
2360 610 2628 681 ἐκκλησίᾳ
2702 601 2860 680 εὗρεν
2913 608 3072 662 αὐτὸν
3127 609 3183 661 ἐν
3226 598 3270 676 ᾧ
3328 602 3526 678 ηὗχετο
3594 607 3747 678 τόπῳ

2155 706 2236 767 είς
2267 702 2328 756 τὸ
2361 702 2711 773 μιτατὼριον,
2751 701 2846 755 καὶ
2875 696 3008 771 ἦρεν
3044 700 3230 764 αὑτὸν,
3266 699 3360 753 καὶ
3394 697 3660 768 ἀναγνοὺς
3687 700 3748 751 ἐν

2156 798 2369 868 μεγάλῃ
2404 795 2579 866 θλίψει
2610 790 2698 866 ἦν,
2737 792 2918 865 ζητῶν
2962 793 3053 847 τὸν
3080 780 3259 848 ’τοῦτο
3290 793 3617 863 ποιήσαντα.
3644 790 3750 844 Γέ-

2152 906 2278 958 γονε
2302 888 2358 942 δέ
2380 888 2476 943 καὶ
2510 887 2755 957 ἔκλειψις
2785 885 3036 957 σελήνης,
3071 887 3167 938 καὶ
3213 884 3505 955 διωρίσατο
3537 887 3564 937 ὁ
3594 883 3753 955 βασι-

2154 979 2282 1042 λεὺς
2304 978 2416 1040 τοῖς
2468 976 2588 1030 οὖσι
2631 976 2753 1029 τότε
2782 975 3145 1046 ἁστρονόμοις
3179 975 3357 1029 εἰπεῖν
3395 974 3454 1027 τὸ
3484 970 3755 1029 ἀποτέλε-

2159 1089 2294 1141 σμα.
2328 1071 2454 1126 Εἰσε
2465 1068 2730 1140 ρχομένου
2756 1068 2813 1121 δὲ
2835 1068 2973 1138 πρὸς
2993 1067 3083 1120 τὸν
3107 1067 3332 1134 βασιλέα
3350 1063 3754 1129 Παντολέοντος

2159 1161 2585 1235 μητροπολίτου,
2648 1160 2803 1229 φίλου
2860 1159 3014 1221 ὄντος
3047 1157 3126 1229 τῷ
3176 1158 3755 1229 Σαμωνᾷ,ὴρώτησεν

2153 1258 2315 1312 αὑτὸν
2344 1258 2373 1311 ό
2396 1256 2664 1325 Σαμωνᾶς
2684 1255 2817 1320 Ἐἰς
2853 1254 2986 1307 τίνα
3004 1251 3178 1307 ἐστὶν
3202 1250 3240 1321 ἠ
3268 1251 3571 1317 κάκωσις;
3602 1251 3753 1321 Ἔφη

2154 1348 2303 1419 αὑτῷ
2321 1350 2349 1402 ὁ
2369 1348 2794 1420 μητροπολίτης·
2818 1348 2922 1412 Εἰς
2951 1345 3026 1400 σέ
3050 1346 3178 1401 ’καὶ
3200 1345 3311 1398 ἐὰν
3333 1344 3578 1414 διέλθῃς
3598 1344 3753 1399 Ἰου-

2154 1442 2291 1497 νίου
2321 1443 2429 1507 τὰς
2479 1436 2571 1510 ιγ’,
2618 1440 2828 1495 ἔκτοτε
2885 1438 3069 1493 οὐδὲν
3098 1437 3286 1507 πείσῃ
3312 1438 3523 1492 κακόν.
3572 1436 3674 1489 Τὸν
3696 1436 3756 1489 δέ

2160 1534 2391 1607 βασιλέα
2418 1530 2572 1587 εἶπεν
2609 1534 2692 1599 είς
2728 1533 2821 1588 τὸν
2883 1532 3138 1604 δεύτερον
3168 1530 3333 1603 ἔχειν,
3361 1531 3609 1585 κάκωσιν
3653 1529 3756 1601 τὴν

2160 1628 2395 1699 σελήνην
2415 1642 2432 1659 ο
2466 1629 2494 1681 ό
2517 1627 2571 1679 δέ
2594 1626 2849 1697 βασιλεὺς
2898 1622 3142 1680 ὑπέλαϐε
3173 1623 3332 1677 τοῦτο
3362 1624 3439 1687 εἰς
3489 1620 3757 1686 Ἀλέξαν-

2180 1719 2305 1790 δρον
2338 1719 2428 1772 τὸν
2451 1716 2679 1788 ἀδελφὸν
2709 1716 2898 1772 αὐτοῦ.
2924 1718 3081 1772 Μετὰ
3109 1714 3268 1771 τοῦτο
3291 1710 3435 1778 ἰδίως
3469 1712 3760 1785 Τζηρίθων

2158 1810 2235 1883 τῷ
2263 1810 2475 1884 βασιλεῖ
2502 1810 2741 1878 ἐξεῖπεν,
2765 1831 2785 1865 ι
2812 1810 2870 1864 '0
2897 1811 3163 1881 Σαμωνᾶς
3189 1808 3249 1863 τὸ
3272 1808 3553 1862 πιττάκιον
3570 1806 3761 1876 ἐποίη-

466 1901 928 1970 Existimavitque
955 1901 1257 1970 imperator
1280 1898 1653 1954 Alexandrum
1684 1900 1908 1955 fratrem
1930 1900 2056 1968 huc,

2178 1924 2285 1960 τε.»
2344 1904 2458 1959 Καὶ
2509 1904 2756 1977 παρευθὺ
2813 1902 3179 1969 καταϐιϐάζει
3221 1902 3492 1972 Σαμωνᾶν
3537 1900 3619 1964 είς
3664 1900 3760 1952 τὸν

469 1978 617 2061 quod
684 1992 759 2047 ita
814 1994 1023 2048 dictum
1082 2001 1252 2059 esset,
1308 1993 1598 2064 attingere.
1660 1993 1803 2049 Tum
1859 1992 2064 2050 deinde

2178 1993 2313 2051 >ἷκον
2347 1995 2521 2051 αὐτοῦ
2563 1998 2658 2051 καὶ
2708 1993 2995 2065 ἀποκείρει
3040 1992 3274 2065 μοναχὸν
3305 1993 3400 2046 καὶ
3444 1990 3650 2060 ἀπάγει
3679 1989 3762 2054 είς

472 2084 769 2140 Tzeritbon
817 2086 1075 2156 privatim
1128 2086 1451 2158 imperatori
1528 2088 1720 2142 retulit
1767 2087 2064 2143 Samonam

2178 2089 2264 2157 τὴν
2297 2089 2468 2160 μονὴν
2497 2087 2776 2159 Εὐθυμίου
2840 2086 3209 2158 πατριάρχου.
3248 2083 3360 2138 Καὶ
3415 2082 3556 2154 μετὰ
3585 2080 3763 2134 ταῦτα

469 2188 593 2232 esse
628 2178 724 2247 qui
758 2178 1008 2233 libellum
1040 2177 1284 2234 fecisset.
1319 2177 1623 2234 Confestim
1655 2179 1842 2249 itaque
1870 2177 2064 2234 Samo-

2178 2180 2335 2234 πάλιν
2354 2178 2785 2253 λοιδορηθέντος,
2814 2177 3106 2249 ἀπήγαγεν
3152 2178 3232 2239 είς
3266 2176 3366 2247 τὴν
3415 2173 3511 2228 τοῦ
3545 2173 3762 2244 Μαρτι-

471 2284 598 2324 nam
617 2270 809 2340 dejicit
826 2269 882 2323 in
904 2271 1025 2341 ejus
1045 2270 1292 2337 domum,
1319 2268 1693 2340 detondetque
1714 2271 2069 2337 monachum,

2178 2276 2316 2347 νάκη
2347 2274 2542 2346 μονήν.
2581 2273 2841 2344 Ἐποίησε
2871 2274 2928 2327 δὲ
2951 2274 3367 2328 Κωνσταντῖνον
3400 2265 3765 2340 παρακοιμώ-

471 2374 637 2435 atque
697 2365 763 2420 ad
799 2365 1084 2437 Euthymii
1118 2366 1333 2437 ablegat
1362 2366 1777 2422 monasterium.
1812 2365 2064 2436 Cumque

2178 2383 2356 2438 μενον,
2406 2366 2500 2419 καὶ
2564 2364 2782 2418 ἔκτισεν
2828 2363 2976 2435 αὑτῷ
3045 2364 3214 2434 μονὴν
3269 2362 3327 2415 ἐν
3371 2362 3637 2424 Νωσιαῖς,
3668 2357 3765 2410 καὶ

477 2468 670 2529 postea
702 2474 897 2515 rursus
923 2459 1177 2515 criminis
1212 2460 1427 2515 delatus
1454 2468 1622 2526 esset,
1659 2460 1726 2514 ad
1761 2458 2066 2514 Martinacii

2178 2459 2420 2530 ἀπῆλθεν
2453 2458 2571 2532 ἃμα
2618 2456 2908 2533 Εὑθυμίῳ.
2935 2456 3253 2527 πατριάρχης]
3300 2472 3399 2508 και
3445 2450 3765 2521 ἐγκαινίασι

474 2551 872 2607 monasterium
936 2551 1185 2607 abduxit.
1237 2552 1392 2607 Fecit
1451 2566 1584 2607 vero
1644 2550 2069 2607 Constantinum
2178 2551 2406 2623 ταύτην.

475 2643 620 2698 sacri
677 2642 918 2697 cubiculi
962 2640 1282 2711 praefectum
1345 2642 1603 2697 intimum
1695 2642 2104 2713 (accubitorem
2140 2644 2405 2715 vocant),
2475 2644 2638 2715 eique
2694 2643 2751 2700 in
2788 2641 2972 2699 Nosiis
3020 2640 3420 2697 monasterium
3461 2629 3763 2696 condidit;

478 2734 869 2805 profectusque
902 2748 1008 2787 una
1053 2747 1177 2788 cum
1213 2732 1509 2806 Euthymio
1555 2735 1871 2806 patriarcha
1911 2736 2065 2793 illius
2100 2739 2344 2795 encaenia
2372 2739 2693 2795 celebravit.

551 2826 641 2881 4⁵5.
692 2825 875 2880 Mense
920 2825 1145 2880 Octobri
1179 2828 1532 2882 commissum
1583 2828 1779 2884 navale
1816 2830 2067 2899 praelium

478 2926 566 2972 est
593 2917 822 2972 Himerii
849 2917 1145 2989 logothetae
1174 2933 1299 2974 cum
1330 2914 1594 2975 Damiano
1615 2928 1671 2975 et
1701 2920 1885 2975 Leone
1922 2922 2066 2992 Aga-

480 3009 654 3074 renis,
687 3008 935 3063 Romano
969 3018 1102 3064 tunc
1131 3017 1363 3080 praetore
1398 3011 1454 3066 in
1491 3010 1655 3067 Samo
1692 3021 1908 3082 agente,
1944 3015 2065 3083 ipso

479 3098 575 3170 qui
608 3107 795 3169 postea
822 3115 1008 3155 rerum
1042 3114 1313 3155 summam
1338 3097 1601 3157 obtinuit.
1637 3102 1935 3174 Victusque
1967 3102 2066 3157 Hi-

482 3189 692 3243 merius
740 3198 843 3254 est,
882 3204 957 3245 ac
987 3190 1082 3244 vix
1119 3190 1236 3261 ipse
1275 3192 1453 3247 evasit
1498 3192 1816 3259 incolumis,
1857 3195 2073 3252 cunctis

486 3280 603 3336 fere
630 3282 743 3337 illic
778 3282 834 3336 in
862 3282 1172 3353 periculum
1204 3282 1480 3340 adductis.

552 3375 644 3430 44.
676 3374 858 3445 Οωρίι
883 3384 1069 3430 autem
1098 3376 1208 3431 Leo
1233 3377 1463 3432 coeliaco
1486 3378 1681 3433 morbo
1709 3388 1995 3450 aegrotare,
2016 3386 2079 3437 ut

485 3482 589 3522 nec
637 3467 695 3521 in
733 3468 1087 3538 Magnauram
1135 3470 1288 3523 exire
1320 3470 1372 3525 ei
1419 3470 1670 3537 licuerit,
1712 3486 1823 3541 quo
1867 3472 1990 3528 loco
2019 3473 2078 3529 in

484 3559 825 3631 jejuniorum
870 3560 1102 3615 exordio
1132 3561 1441 3617 orationem
1483 3574 1604 3618 erat
1632 3563 1945 3619 habiturus.
1974 3564 2078 3621 Fa-

486 3659 750 3718 ctumque
778 3649 1098 3704 incendium
1138 3660 1226 3707 est
1255 3652 1311 3705 in
1342 3652 1615 3707 cerularia
1650 3652 1853 3725 Magnae
1896 3655 2077 3710 eccle-

434 3766 435 3769 η
489 3739 609 3804 size,
650 3741 955 3797 combustis
985 3742 1303 3797 chartarum
1331 3745 1707 3800 monumentis
1736 3746 1995 3801 omnibus
2024 3756 2082 3802 et

491 3833 696 3888 sacello
744 3833 1034 3904 (ecclesia:
1089 3835 1303 3893 scilicet
1350 3838 1551 3892 aerario
1598 3839 2079 3912 871'publico).

491 3924 678 3980 Mense
731 3941 863 3981 vero
907 3927 1048 3984 Maio
1106 3930 1342 3985 moritur
1383 3930 1516 3997 Leo,
1565 3932 1661 3986 ubi
1708 3932 2081 3989 Alexandrum

490 4020 719 4088 fratrem
752 4028 919 4075 suum‘
944 4020 1164 4093 imperii
1192 4023 1348 4078 clavo
1384 4023 1722 4093 praefecisset
1753 4040 1768 4091 ;
1801 4038 1987 4095 quem,
2020 4031 2084 4079 ut

493 4109 670 4176 aiunt,
700 4110 769 4165 ad
802 4126 861 4166 se
894 4114 1209 4170 venientem
1249 4115 1443 4171 videns
1476 4132 1490 4170 :
1528 4114 1633 4182 En,
1662 4115 1863 4186 inquit,
1890 4124 1939 4169 et
1964 4134 2083 4170 ma-

494 4212 607 4257 lum
631 4212 835 4275 tempus
852 4213 971 4276 post
996 4208 1243 4262 tredecim
1268 4224 1468 4262 menses
1490 4224 1508 4274 ;
1532 4208 1767 4263 multum
1786 4209 2085 4264 obsecrans

496 4312 560 4353 ac
589 4312 788 4368 rogans
816 4307 877 4353 ut
926 4298 1352 4355 Constantinum
1382 4302 1557 4357 ﬁlium
1602 4317 1763 4358 suum
1815 4315 2081 4360 servaret.

499 4389 808 4460 Evenitque
838 4391 987 4462 quod
1036 4392 1111 4448 ita
1149 4394 1449 4465 imperator
1482 4396 1703 4452 locutus
1743 4408 1907 4459 erat;
1952 4413 2085 4455 vere

493 4481 646 4535 enim
674 4482 766 4537 ille
792 4492 915 4553 post
943 4484 1207 4540 tredecim
1233 4502 1451 4543 menses
1476 4486 1602 4543 fatis
1629 4489 1854 4545 functus
1876 4499 1979 4545 est.

641 4639 985 4697 IMPEKIUM
1024 4643 1429 4702 ALEXAND!“
1468 4648 1626 4704 FILII
1669 4648 1942 4705 BASiLll.

573 4754 624 4808 f.
665 4753 826 4809 Anno
862 4757 1055 4811 mundi
1088 4756 1263 4826 6H2,
1297 4760 1497 4817 divinae
1536 4764 1933 4819 incarnationis
1962 4764 2086 4832 912,

503 4846 803 4916 imperavit
827 4846 1136 4905 Aiexander
1162 4852 1347 4908 Basilii
1373 4854 1517 4911 ﬁlius
1542 4870 1746 4911 annum
1772 4872 1941 4911 unum
1973 4857 2092 4914 dies

501 4938 574 4995 29
599 4954 724 4994 cum
762 4938 1126 4998 Constantino
1160 4945 1362 5025 Leonis
1400 4948 1531 5004 filio.
1572 4950 1793 5007 Mittens
1834 4967 1965 5007 vero
1997 4950 2093 5006 ad-

505 5033 665 5089 duxit
708 5034 992 5090 Nicolaum
1045 5053 1113 5092 ex
1159 5037 1498 5109 Galacrenis,
1544 5043 1759 5115 dejecto
1798 5028 2103 5117 Euthymio

503 5128 853 5196 patriarcha;
888 5129 1257 5201 eamdemque
1280 5133 1562 5188 Nicolaum
1589 5136 1643 5190 in
1670 5137 2094 5205 patriarchalem

506 5218 695 5272 sedem
721 5218 905 5274 denuo
932 5223 1191 5298 restituit.
1220 5224 1531 5296 Habitoque
1560 5228 1612 5280 in
1645 5227 1936 5298 Magnaura
1962 5245 2096 5284 con-

506 5307 659 5375 cilio,
708 5309 1058 5382 adductoque
1090 5295 1412 5386 ‘Euthymio
1459 5332 1524 5371 ex
1572 5295 1754 5372 Steno'
1787 5318 2097 5391 Agatliique

510 5400 869 5466 monasterio,
920 5403 1120 5459 sedens
1168 5404 1283 5476 ipse
1336 5407 1647 5462 Alexander
1692 5424 1816 5463 cum
1871 5409 2096 5466 Nicolao

508 5490 820 5559 patriarcha
870 5492 1270 5564 depositionem
1317 5496 1493 5567 ipsius
1529 5511 1813 5569 peregere,
1852 5499 2093 5571 indignis

510 5584 689 5639 modis
713 5585 979 5641 vellentes
1002 5588 1141 5641 sacri
1172 5588 1276 5641 viri
1305 5605 1367 5643 ac
1399 5587 1884 5664 deco'ri'digneque
1917 5593 2097 5661 suspi-

509 5671 692 5729 εἰρηόί
722 5676 1097 5732 venerabilem
1130 5678 1379 5747 barbam,
1411 5680 1657 5754 aliasque
1701 5682 1967 5754 quasdam
2013 5684 2098 5737 iu-

592 5880 639 5909 "
674 5881 805 5951 τὼν]
836 5882 933 5935 τοῦ
966 5882 1026 5937 Ρ.

2249 2840 2362 2905 μγ’.
2411 2832 2728 2905 Ὀκτωόρίῳ
2758 2832 2818 2885 δὲ
2844 2832 2976 2903 μηνὶ
3004 2831 3197 2899 γέγονε
3238 2828 3474 2892 πόλεμος
3498 2843 3763 2897 ναυμαχι-

2176 2927 2270 2990 κὸς
2310 2925 2549 2998 Ἱμερίου
2579 2924 2866 2993 λογοθὲτου
2901 2921 3044 2993 μετὰ
3087 2918 3363 2992 Δαμιανοῦ
3410 2918 3507 2971 καὶ
3538 2917 3765 2980 Λέοντος

2172 3020 2269 3074 τοῦ
2312 3019 2638 3091 Ἀγαρηνοῦ,
2670 3014 2975 3089 στρατηγοῦ
3005 3015 3157 3077 ὄντος
3183 3014 3241 3065 ἐν
3264 3012 3433 3082 Σάμῳ
3479 3007 3765 3079 Ῥωμανοῦ

2173 3112 2268 3165 τοῦ
2304 3111 2442 3185 μετὰ
2463 3092 2635 3165 ταῦτα
2657 3108 3105 3181 βασιλεύσαντος.
3148 3103 3390 3175 Ἠττήθη
3413 3103 3469 3155 δὲ
3504 3102 3764 3174 Ἱμέριος,

2177 3205 2272 3260 καὶ
2306 3205 2466 3278 μόλις
2492 3202 2752 3274 διεσώθη,
2778 3201 2964 3273 σχεδὸν
2989 3199 3213 3254 πάντων
3237 3197 3355 3250 ἐκεῖ
3385 3195 3765 3250 κινδυνευσάν-

2176 3313 2307 3351 των.
2392 3338 2395 3339 ν

2255 3387 2360 3458 μδ’.
2397 3386 2641 3458 Ἤρξατο
2671 3387 2728 3439 δὲ
2793 3384 3185 3456 νοσηλεὺεσθαι
3237 3382 3392 3438 Λέων
3435 3380 3466 3435 ὁ
3514 3380 3772 3450 βασιλεὺς

2179 3478 2443 3551 κοιλιακῷ
2470 3480 2765 3550 νοσήματι,
2810 3475 2949 3530 ὥστε
2984 3477 3061 3548 μὴ
3107 3475 3411 3545 δυνηθῆναι
3451 3471 3687 3540 ἐξελθεῖν
3710 3472 3771 3524 ἐν

2179 3575 2246 3645 τῇ
2302 3573 2612 3644 Μαγναύρα
2641 3571 2739 3643 τὴν
2770 3569 3117 3642 δημηγορίαν
3151 3568 3384 3638 λαλῆσαι
3412 3569 3470 3620 ἐν
3525 3568 3597 3637 τῇ
3626 3567 3771 3637 ἀρχῇ

2179 3666 2291 3720 τῶν
2324 3666 2610 3737 νηστειῶν.
2648 3666 2847 3733 Γέγονε
2874 3664 2931 3719 δὲ
2960 3664 3057 3720 καὶ
3084 3662 3419 3735 ἐμπρησμὸς
3448 3663 3531 3726 εἰς
3571 3661 3641 3715 τὰ
3671 3676 3771 3729 κητ

2183 3757 2452 3832 ρουλάρια
2502 3761 2600 3828 τῆς
2672 3758 2935 3828 Μεγάλης
2981 3756 3311 3827 ἐκκλησίας,
3369 3754 3611 3809 καέντων
3652 3752 3768 3805 τῶν

2181 3852 2496 3925 χαρτησίων
2525 3852 2743 3906 πάντων
2772 3851 2867 3905 καὶ
2892 3852 2991 3920 τῆς
3022 3847 3314 3920 σακέλλης.
3343 3847 3508 3918 Μαΐῳ
3546 3846 3605 3899 δέ
3639 3845 3772 3916 μηνὶ⁵

2182 3945 2411 4017 τελευτᾷ
2460 3944 2614 3999 Λέων
2641 3982 2658 4008 ,
2713 3941 3211 4013 προχειρισάμενος
3269 3936 3623 4010 Ἀλέξανδρον
3676 3936 3774 3993 τὸν

2185 4037 2413 4107 ἀδελφὸν
2445 4037 2610 4092 αὐτοῦ
2654 4036 2879 4107 βασιλέα
2898 4052 2911 4066 ·
2944 4034 3006 4089 ὃν
3033 4032 3182 4101 ἰδὼν,
3211 4032 3291 4099 ὣς
3321 4050 3507 4104 φασιν,
3540 4022 3781 4105 ἐρχόμες

2185 4148 2277 4185 νον
2290 4112 2438 4201 ’πρὸς
2460 4128 2621 4182 αὑτὸν
2651 4128 2758 4199 ἔφη
2781 4144 2795 4159 ο
2830 4125 2955 4180 Ἴδε
2986 4127 3018 4180 d
3038 4123 3227 4190 κακὸς
3256 4124 3361 4178 καὶ.
3389 4124 3609 4193 χρόνος
3628 4122 3781 4195 μετὰ

2184 4206 2345 4290 τοὺςν
2375 4219 2683 4290 δεκατρεῖς
2727 4218 2957 4291 μῆνας,
3024 4218 3198 4272 πολλὰ
3251 4216 3631 4289 ἐκλιπαρησας
3658 4214 3783 4269 ,καὶ

2185 4315 2401 4388 δεηθεὶς
2431 4312 2593 4368 αὐτοῦ
2616 4313 2909 4383 φυλάττειν
2939 4310 3031 4364 τὸν
3064 4310 3179 4363 υἱὸν
3209 4308 3377 4363 αὐτοῦ
3427 4307 3780 4362 Κωνσταντίο

2188 4426 2298 4464 νον.
2324 4408 2443 4463 Καὶ
2464 4407 2492 4460 ὁ
2538 4406 2696 4475 λόγος
2726 4403 2821 4458 τοῦ
2852 4401 3119 4474 βασιλέως
3147 4402 3399 4470 ὲ-γὲνετοο
3428 4399 3644 4473 ἀληθῶς
3672 4398 3784 4470 γὰρ

2120 4508 2169 4563 ι)
2193 4502 2331 4574 μετὰ
2360 4499 2644 4572 δεκατρεῖς
2682 4498 2861 4568 μῆνας
2896 4495 3243 4566 ἐτελεύτησε.

2266 4631 2589 4689 ΒΑΣΙΛΕῙΛ
2626 4627 3093 4688 ΑΛΕΞΑΝΔΡῸΥ
3125 4631 3294 4688 ΥῘυΥ
3324 4630 3711 4686 ΒΑΣΙΛΕῙΟΥ.

2266 4750 2352 4824 [Ρ.
2378 4748 2507 4823 565]
2525 4750 2596 4806 α’.
2615 4748 2707 4820 Τῷ
2732 4746 2893 4819 ,φιβ’
2920 4748 3031 4802 ἔτει
3056 4749 3149 4802 τοῦ
3179 4746 3408 4815 κόσμου,
3429 4746 3526 4813 τῆς
3550 4741 3605 4793 δέ
3633 4722 3794 4805 θείας.

2201 4845 2537 4916 σαρκώσεως
2586 4840 2722 4916 ιιιβ’,
2783 4842 3136 4897 ἐϐασίλευσεν
3179 4838 3526 4905 Ἀλέξανδρος
3581 4832 3610 4885 ό
3667 4830 3785 4896 υίὸς

2200 4937 2508 5002 Βασιλείου,
2541 4935 2659 5001 ἔτος
2689 4936 2747 4989 ἐν
2774 4935 2987 5008 ἡμέρας
3011 4933 3114 5000 κθ’,
3144 4931 3240 4984 σὺν
3262 4924 3654 4995 Κωνσταντίνῳ
3683 4921 3785 4995 υἱῷ

2199 5033 2450 5098 Λέοντος.
2495 5030 2852 5093 Ἀποστείλας
2889 5029 2946 5081 δέ
2976 5028 3187 5097 ἤγαγεν
3226 5021 3495 5076 Νικόλαον
3518 5020 3582 5073 ἐκ
3606 5016 3791 5073 Γαλαὲ

2200 5124 2441 5196 κρηνῶν,
2474 5121 2807 5191 καταγαγὼν
2838 5118 3112 5189 Εὑθύμιον
3136 5114 3506 5184 πατριάρχην,
3544 5113 3641 5165 καὶ
3699 5110 3788 5163 ἐν·

2202 5218 2445 5289 εθρόνισε
2461 5216 2522 5269 τὸ
2542 5215 2799 5285 δεύτερον
2819 5212 2910 5265 τὸν
2937 5209 3100 5263 αὐτὸν
3126 5208 3397 5263 Νικόλαον
3414 5206 3785 5279 πατριάρχην.

2201 5310 2459 5377 Ἐποίησε
2491 5306 2547 5361 δὲ
2583 5306 2857 5359 σελέντιον
2886 5303 2981 5355 καὶ
3011 5300 3230 5354 σύνοδον
3266 5298 3615 5369 Ἀλέξανδρος
3641 5300 3699 5350 ἐν
3719 5300 3787 5369 τῇ

2204 5401 2529 5470 Μαγναύρᾳ,
2590 5394 2814 5465 ἀγαγὼν
2855 5394 3132 5464 Εὑθὺμιον
3184 5394 3247 5447 ἐκ
3301 5393 3395 5446 τοῦ
3452 5390 3649 5446 Στενοῦ
3682 5389 3790 5444 ἀπὸ

2206 5493 2316 5545 τῶν
2345 5494 2393 5525 ’⁸
2432 5488 2665 5560 Ἀγαθοῦ
2688 5505 2701 5519 ο
2732 5487 2825 5541 καὶ
2863 5486 3200 5557 συγκαθίσας
3241 5486 3357 5557 ἅμα
3405 5484 3660 5555 Νικολάῳ
3686 5502 3789 5536 πα-

2210 5585 2446 5657 τριάρχῃ
2504 5581 2833 5653 ἐποιήσαντο
2889 5579 2989 5648 τὴν
3029 5579 3150 5633 κατ’
3208 5577 3373 5633 αὑτοῦ
3444 5575 3787 5647 καθαίρεσιν,

2205 5679 2418 5749 ἀτίμως
2451 5675 2833 5741 ἅποτίλλοντες
2886 5674 2983 5730 τοῦ
3042 5671 3407 5747 ίεροπρεποῦς
3440 5673 3538 5727 καὶ
3566 5671 3791 5740 ἀξιαγά·

1832 5795 2067 5852 VARIIE
2109 5792 2513 5850 LECTIUNES.
