4128 6472
424 357 537 423 935

1697 347 2018 411 GEORGII
2061 345 2405 410 MONACHI

3596 347 3702 413 936

420 487 549 528 nem
573 468 850 524 territans.
887 465 1009 532 Quo
1050 480 1118 520 ex
1153 474 1400 534 tempore
1429 465 1664 535 Symeon
1707 463 1776 518 ad
1812 462 2015 517 bellum

2125 461 2498 531 καταπλήξας.
2556 459 2826 530 Δυθείσης
2876 455 2969 513 οὗν
2998 459 3182 514 ἔκτοτε
3213 462 3311 530 τῆς
3345 449 3567 531 εἱρήνης
3597 462 3702 514 Συ-

419 564 688 620 adversus
714 560 1059 616 Christianos
1086 573 1208 613 sese
1231 557 1494 613 accinxit.

489 765 544 820 7.
576 764 746 817 Porro
774 760 1085 814 Alexander
1114 774 1368 828 pransus,
1392 757 1488 810 Dei
1516 756 1591 810 ira
1619 752 1867 808 immisso
1890 752 2006 824 gla-

419 855 514 913 dio
547 854 893 916 vulneratus,
926 853 1099 905 multa
1132 851 1182 905 ei
1229 849 1513 919 sanguinis
1539 847 1590 901 vi
1631 863 1660 900 e
1689 847 1918 900 naribus
1943 859 2008 899 ac

421 943 695 1016 pudendis
735 952 1081 1012 erumpente,
1112 948 1238 1011 post
1270 940 1497 994 biduum
1537 939 1760 1002 occidit,
1798 939 2008 994 relictis

423 1035 705 1088 tutoribus
731 1033 955 1088 Nicolao
979 1033 1308 1102 patriarcha,
1340 1032 1623 1101 Stephano
1659 1032 1922 1102 magistro
1953 1043 2008 1087 et

420 1127 633 1183 Joanne
661 1125 829 1197 874
851 1126 1042 1189 Elada,
1071 1141 1288 1181 necnon
1313 1125 1525 1181 Joanne
1569 1133 1786 1180 rectore
1813 1135 1869 1181 et
1895 1126 2008 1180 Eu-

423 1219 635 1291 thymio
654 1227 711 1273 et
733 1217 987 1272 Basilitze
1003 1225 1059 1271 et
1077 1217 1487 1286 Gabrielopulo,
1517 1216 1746 1272 dimisso
1775 1215 2008 1286 imperio

424 1311 785 1372 Constantino
814 1311 1021 1380 nepoti,
1048 1309 1250 1363 Leonis
1274 1309 1626 1379 imperatoris
1651 1310 1786 1364 filio.
1813 1309 2008 1380 Sepul-

427 1413 519 1459 tus
542 1413 627 1460 est
654 1403 963 1458 Alexander
989 1402 1043 1456 in
1068 1402 1338 1472 sepulcris
1367 1418 1490 1457 cum
1523 1413 1824 1473 patresuo.

532 1739 868 1797 ιΜΡΕῐιιυιι
919 1737 1380 1796 CONSTANTINI
1432 1735 1680 1792 LEONIS
1717 1734 1898 1790 FlLll.

2120 555 2269 622 μεὼν
2319 552 2772 626 παρεσκευάζετο
2801 554 3023 638 κινῆσαι
3061 555 3204 608 κατὰ
3225 553 3333 606 τῶν
3358 553 3703 623 Χριστιανῶν

2116 646 2279 698 ὅπλα.

2186 758 2253 823 ζ’.
2292 758 2642 831 Ἀλέξανδρος
2665 757 2721 810 δὲ
2741 761 3046 829 ἀριστήσας
3066 759 3160 811 καὶ
3187 759 3430 830 ῥομφαίᾳ
3454 758 3703 829 θεηλὰτῳ

2114 852 2346 921 πληγεὶς
2370 851 2634 916 ἀνελθὼν,
2664 851 2897 919 αἵματος
2927 848 3126 902 πολλοῦ
3161 850 3226 903 ἐκ
3257 849 3366 902 τῶν
3394 849 3559 922 ῥινῶν
3604 849 3700 902 καὶ

2113 943 2221 994 τῶν
2247 941 2462 995 αῑδοίων
2488 941 2866 1012 ἐκφερομένου
2901 940 3041 1010 μετά
3095 939 3188 993 δύο
3231 941 3450 1020 ῄμέρας
3480 939 3698 992 ἐτελεύ-

2113 1051 2268 1103 τησε,
2296 1033 2614 1087 καταλιπὼν
2643 1031 2976 1103 ἐπιτρόπους
3021 1031 3292 1085 Νικόλαον
3328 1030 3701 1103 πατριάρχην,

2115 1126 2387 1194 Στέφανον
2413 1125 2720 1196 μάγιστρον
2745 1125 2840 1179 καὶ
2878 1124 3134 1197 Ἰωάννην
3175 1123 3374 1178 Ἐλαδᾶ
3395 1125 3489 1178 καὶ
3517 1123 3705 1178 Ἰωάνα

2114 1234 2213 1286 νην
2255 1217 2520 1289 ραίκτορα
2563 1219 2660 1270 καὶ
2689 1218 2964 1288 Εὐθύμιον
2991 1215 3087 1271 καὶ
3123 1217 3216 1269 τὸν
3251 1214 3573 1285 Βασιλίτζην
3605 1213 3703 1268 καὶ

2113 1307 2204 1362 τὸν
2226 1308 2723 1380 Γαϐριηλόπουλον,
2759 1309 2931 1372 ἐάσας
2957 1309 3056 1380 τὴν
3081 1307 3362 1379 βασιλείαν
3404 1307 3700 1361 Κωνστανο

2112 1401 2245 1472 τίνῳ
2272 1400 2478 1471 ἀνεψιῷ
2501 1388 2688 1466 αύτοῦ,
2723 1401 2824 1472 υἱῷ
2850 1403 3081 1465 Λέοντος
3109 1401 3203 1454 τοῦ
3239 1401 3523 1473 βασιλέως.
3568 1401 3701 1453 Ἀπ-

2115 1491 2300 1544 ἐθεντο
2327 1492 2382 1546 δέ
2422 1491 2771 1564 Ἀλέξανδρον
2803 1495 2860 1546 ἐν
2893 1495 3006 1558 τοὶς
3037 1496 3228 1563 τάεροις
3281 1494 3422 1564 μετὰ
3466 1491 3560 1546 τοῦ
3595 1509 3700 1546 πα·-

2114 1583 2242 1653 τρδς
2276 1583 2471 1638 αὐτοῦ.

2151 1737 2469 1792 ΒΑΣΙΛΕΙΑ
2517 1737 3066 1794 ΚΩΝΣΤΛΝΤΙΝΟΥ
3116 1740 3284 1793 ΥΙΟΥ
3328 1739 3666 1794 ΔΕΟΝΤΟΣ.

496 1878 549 1931 l.
583 1875 756 1930 Porro
772 1872 1188 1936 Constantinus,
1209 1869 1391 1924 Leone
1409 1877 1565 1938 patre
1583 1866 1855 1922 exstincto
1882 1878 2008 1919 cum

2186 1872 2268 1945 [P.
2304 1874 2429 1948 565]
2465 1873 2535 1931 α’.
2563 1877 2972 1942 Κωνσταντῖνος
3027 1878 3085 1932 δὲ
3134 1877 3232 1932 τοῦ
3291 1878 3497 1948 πατρὸς
3530 1876 3699 1933 αὑτοῦ

423 1984 566 2040 puer
594 1967 775 2022 adhuc
805 1975 952 2020 esset
992 1963 1218 2033 (quippe
1248 1963 1342 2032 qui
1385 1960 1681 2030 septimum
1711 1958 1888 2013 aetatis
1917 1972 2013 2010 an-

424 2077 559 2118 num
589 2061 820 2132 ageret),
852 2060 922 2114 ab
948 2057 1261 2113 Alexandro
1300 2065 1497 2127 patruo
1537 2054 1591 2108 in
1624 2051 1859 2122 imperio
1889 2049 2016 2104 reli-

423 2161 551 2207 ctus
575 2151 679 2206 sub
721 2150 998 2204 tutoribus
1027 2155 1169 2202 erat.
1204 2145 1497 2215 Imperavit
1527 2144 1712 2213 itaque
1741 2141 1842 2197 sub
1870 2148 2017 2224 tuto-

424 2245 584 2301 ribus
605 2259 730 2299 cum
767 2251 939 2297 matre
976 2249 1187 2310 septem
1222 2238 1361 2293 alios
1383 2251 1577 2300 annos,
1607 2250 1734 2290 cum
1767 2235 2016 2289 Romano

427 2352 563 2393 vero
618 2337 740 2408 ejus
790 2350 1006 2398 socero,
1059 2333 1136 2388 illi
1157 2331 1491 2408 ‘subjectus,
1527 2329 1665 2383 alios
1701 2325 1895 2398 viginti
1925 2339 2014 2379 sex

416 2444 602 2485 annos
629 2404 664 2495 ς’
702 2429 852 2483 solus
883 2424 1124 2494 denique
1154 2404 1454 2494 imperium
1491 2422 1636 2476 rexit
1661 2433 1838 2474 annos
1859 2417 2020 2489 quin-

427 2520 631 2577 decim.
662 2520 841 2590 Atque
873 2518 1012 2573 adeo
1040 2515 1258 2586 imperii
1283 2515 1403 2585 ejus
1425 2528 1585 2568 omne
1603 2521 1822 2580 tempus
1846 2523 2021 2563 anno-

427 2629 554 2673 rum
576 2614 820 2684 quinque
843 2627 1008 2681 supra
1025 2609 1425 2680 quinquaginta
1448 2607 1626 2678 spatio
1644 2605 2017 2661 concluditur.

428 2706 664 2775 Arrepta
695 2707 880 2775 itaque
920 2703 1179 2758 Nicolaus
1203 2699 1518 2772 patriarcha
1556 2697 1693 2753 aulae
1725 2703 2017 2768 potestate,

429 2807 496 2854 ut
517 2799 611 2867 qui
647 2797 763 2867 ipse
788 2804 938 2850 tutor
967 2810 1092 2849 cum
1123 2793 1388 2864 magistro
1413 2790 1696 2861 Stephano
1729 2798 1786 2844 et
1810 2789 2021 2845 Joanne

430 2889 623 2953 Elada,
677 2889 799 2958 ipso
858 2887 1066 2957 pariter
1122 2885 1408 2957 magistro,
1466 2893 1606 2948 erat,
1657 2882 1897 2954 publicae
1940 2882 2020 2936 rei

429 2999 620 3040 curam
655 2980 914 3047 habebat,
955 2980 1236 3050 rebusque
1269 2977 1338 3034 ad
1386 2977 1681 3048 imperium
1722 2973 2022 3046 spectanti-

429 3075 538 3132 bus
564 3075 760 3130 sedulo
792 3072 1044 3145 quotidie
1079 3087 1305 3144 operam
1336 3070 1597 3126 navabat.

2115 1964 2541 2036 τελευτήσαντος
2568 1969 2696 2032 παῖς
2731 1967 2812 2020 ἔτι
2841 1967 3125 2038 τυγχάνων
3151 1968 3400 2038 (ἕϐδομον
3450 1967 3559 2037 γάρ
3585 1962 3724 2038 εἷχε,

2117 2057 2216 2126 τῆς
2244 2057 2463 2128 ἡλικίας
2497 2059 2638 2130 ἔτος)
2675 2059 2766 2112 ὑπ’
2809 2058 3161 2129 Ἀλεξάνδρου
3202 2058 3296 2112 τοῦ
3345 2058 3488 2111 θείου
3537 2058 3700 2111 αὑτοῦ

2120 2149 2178 2201 ἐν
2204 2151 2270 2220 τῇ
2298 2150 2548 2223 βασιλείᾳ
2575 2151 2993 2216 καταλέλειπτο,
3030 2151 3136 2205 ὑπὸ
3163 2151 3478 2222 ἐπιτρόπων
3505 2150 3699 2204 τελῶν.

2134 2239 2515 2296 Ἐϐασίλευσεν
2575 2241 2668 2295 οὖν
2693 2243 2785 2296 ἐπὶ
2814 2241 2923 2296 τῶν
2952 2240 3120 2295 αὑτοῦ
3155 2241 3474 2312 ἐπιτρόπων
3504 2244 3600 2296 σὺν
3633 2243 3703 2311 τῇ

2124 2330 2296 2404 μητρὶ
2325 2331 2490 2401 ἕτερα
2538 2331 2631 2403 ἔτη
2663 2333 2822 2399 ἑπτὰ,
2855 2333 2975 2404 ἄμα
3022 2333 3080 2387 δέ
3127 2332 3397 2404 Ῥωμανῷ
3457 2332 3706 2403 πενθερῷ

2122 2423 2288 2478 αὑτοῦ
2314 2427 2373 2477 ἐν
2403 2425 2650 2496 ὑποταγῇ
2682 2424 2757 2478 ὣν
2775 2425 2940 2498 ἕτερα
2966 2426 3060 2495 ἔτη
3110 2425 3286 2479 εἴκοσι
3315 2425 3396 2489 ἐξ,
3434 2427 3705 2496 μονοκρά-

2121 2535 2234 2588 τωρ
2264 2516 2321 2569 δέ
2359 2515 2452 2588 ἐτη
2477 2517 2799 2583 δεκαπέντε,
2831 2519 2908 2581 ὡς
2968 2513 3106 2571 εἷναι
3159 2517 3252 2572 τὸν
3284 2518 3462 2572 πάντα
3513 2516 3705 2587 χρόνον

2122 2608 2219 2677 τῆς
2247 2606 2525 2677 βασιλείας
2561 2609 2726 2664 αὐτοῦ
2759 2609 2855 2682 ἐτη
2881 2617 2976 2664 γε’.
3018 2610 3331 2679 Δαϐόμενος
3360 2604 3454 2664 οὖν
3481 2609 3578 2678 τῆς
3608 2609 3704 2662 τοῦ

2123 2701 2391 2755 παλατίου
2422 2702 2669 2767 ἐξουσίας
2693 2703 2721 2755 ό
2748 2705 3102 2775 πατριάρχης
3132 2703 3424 2766 Νικόλαος,
3457 2702 3552 2756 ἅτε
3582 2703 3675 2755 ἐπί

2123 2812 2323 2865 τροπος
2357 2796 2451 2849 καὶ
2479 2795 2641 2860 αὐτὸς
2671 2794 2747 2849 ὣν
2773 2795 2870 2849 σὺν
2895 2794 2973 2866 τῷ
3005 2796 3295 2867 μαγίστρῳ
3325 2795 3582 2866 Στεφάνῳ
3609 2792 3705 2849 καὶ

2123 2885 2202 2957 τῷ
2244 2886 2434 2959 Ἐλαδᾷ
2481 2887 2726 2962 Ἰωάννῃ,
2791 2888 2887 2941 καὶ
2917 2887 3069 2959 αύτῷ
3119 2888 3426 2960 μαγίστρῳ,
3475 2889 3573 2954 τὴν
3605 2886 3703 2941 τοῦ

2125 2978 2306 3034 κοινοῦ
2337 2980 2596 3051 πρόνοιαν
2618 2980 2856 3035 ἐποιεῖτο
2889 2980 2985 3034 καὶ
3009 2980 3110 3050 τὴν
3143 2980 3405 3051 φροντίδα
3426 2971 3571 3051 εἶχεν
3593 2979 3704 3034 τῶν

2125 3072 2191 3141 τῇ
2233 3069 2482 3144 βασιλείᾳ
2507 3072 2819 3143 ἀνηκόντων
2847 3071 3193 3144 πραγμάτων
3219 3071 3514 3143 ὁσημέραι.

500 3189 558 3244 2.
586 3189 677 3245 Sic
710 3187 879 3259 igitur
910 3185 1128 3257 imperii
1159 3185 1326 3240 rebus
1355 3183 1694 3248 constitutis,
1726 3197 2020 3254 procerum

2196 3183 2263 3255 β’.
2312 3185 2401 3238 Ἐν
2429 3185 2643 3250 τούτοις
2675 3180 2769 3240 οὖν
2797 3187 2897 3258 τῆς
2921 3185 3200 3255 βασιλείας
3229 3185 3397 3255 οὔσης
3446 3185 3705 3256 δηλοῦται

431 3279 756 3352 quidam'ab
799 3278 937 3333 urbe
976 3276 1125 3348 regia
1161 3275 1524 3332 Constantino
1563 3275 1699 3331 Duci
1739 3275 2018 3346 legionum

432 3372 758 3439 domestico,
785 3381 844 3426 ut
880 3369 975 3442 qui
1002 3385 1128 3426 eum
1168 3385 1268 3424 ceu
1305 3368 1488 3423 virum
1519 3367 1713 3423 fortem
1742 3377 1798 3423 et
1835 3375 2018 3424 catum

431 3466 717 3538 probeque
761 3463 1004 3535 gerendo
1037 3461 1272 3532 imperio
1299 3477 1488 3532 parem
1515 3477 1860 3532 gnavumque
1889 3460 2019 3516 dili-

434 3566 648 3631 gerent,
667 3558 831 3629 875
853 3567 912 3612 ut
933 3556 1275 3626 ingrediatur
1293 3555 1644 3621 denuntiant,
1663 3556 1816 3612 nullo
1831 3555 2021 3612 labore

433 3650 594 3706 urbis
622 3665 848 3720 compos
894 3648 1112 3702 futurus
1141 3657 1196 3702 et
1231 3648 1284 3702 in
1327 3664 1385 3702 se
1425 3664 1607 3702 rerum
1652 3648 2022 3703 translaturus

434 3757 729 3799 summam.
773 3742 824 3796 ls
885 3749 1090 3803 autem,
1147 3748 1208 3793 ut
1259 3740 1351 3810 qui
1395 3742 1507 3811 jam
1553 3751 1680 3795 ante
1731 3741 2020 3810 imperium

436 3833 738 3889 somniaret
783 3833 1028 3901 serlique
1067 3829 1347 3886 desiderio
1398 3847 1462 3885 ac
1511 3830 1838 3885 diadematis
1879 3847 2024 3884 nun-

437 3939 601 3997 quam
646 3939 755 3978 non
803 3931 1084 3987 aestuaret,
1136 3932 1341 3991 quanta
1391 3922 1548 3978 licuit
1607 3924 1915 3988 celeritate,
1965 3923 2024 3978 in

437 4016 630 4071 urbem
671 4015 878 4069 involat
923 4031 1048 4067 eum
1079 4014 1218 4068 lecta
1263 4031 1486 4069 suorum
1528 4031 1717 4077 manu,
1759 4030 1862 4070 nec
1906 4015 2025 4084 ipsa

438 4107 747 4178 spernenda
767 4106 1144 4172 multitudine,
1173 4116 1450 4177 noctuque
1475 4121 1574 4177 per
1595 4106 1875 4162 Michaelis
1893 4120 2025 4177 pro-

439 4198 742 4254 tovestiarii
771 4198 916 4252 haud
956 4199 1145 4268 procul
1181 4199 1249 4252 ab
1275 4213 1401 4252 arce
1451 4198 1649 4252 minori
1677 4198 2026 4270 obscuraque

439 4293 582 4348 ostio
617 4291 916 4362 ingressus,
959 4289 1014 4344 in
1049 4289 1227 4344 soceri
1261 4290 1347 4344 sui
1388 4289 1642 4360 Gregorze
1689 4290 1899 4345 aedibus
1945 4291 2029 4346 in-

440 4385 649 4441 somnis
677 4400 802 4439 cum
829 4382 996 4438 sociis
1024 4383 1345 4452 permansit.
1376 4381 1596 4437 Nicetas
1623 4397 1754 4437 vero
1779 4398 1811 4438 a
1842 4397 2027 4438 secre-

2122 3279 2520 3347 Κωνσταντίνῳ
2548 3277 2629 3350 τῷ
2665 3278 2853 3343 Δουκὶ,
2901 3277 3210 3349 δομεστίκῳ
3266 3278 3566 3349 ὑπάρχοντι
3595 3277 3708 3331 τῶν

2123 3371 2354 3443 σχολῶν,
2381 3371 2534 3442 παρά
2579 3387 2743 3425 τινων
2796 3371 2906 3425 τῶν
2936 3370 2996 3424 ἐν
3028 3373 3095 3441 τῇ
3131 3369 3286 3424 πόλει
3339 3369 3703 3441 μεγιστάνων,

2123 3464 2422 3533 φιλούντων
2451 3464 2620 3518 αὑτὸν
2649 3463 2726 3528 ὡς
2749 3463 2998 3534 ἀνδρεῖον
3026 3464 3122 3517 καὶ
3145 3464 3370 3533 νουνεχῆ
3401 3463 3495 3516 καὶ
3522 3461 3705 3526 καλῶς

2122 3554 2418 3626 δυνάμενον
2448 3555 2547 3626 τὴν
2579 3553 2859 3624 βασιλείαν
2893 3553 3280 3625 διακυϐερνᾷν,
3310 3553 3571 3607 εἱσεὲιθεῖν
3610 3555 3706 3606 καὶ

2123 3646 2329 3716 ταύτης
2387 3647 2637 3717 ἐγκρατῆ
2696 3647 2950 3715 γενέσθαι
2999 3646 3253 3715 ἀπονητί.
3300 3644 3359 3699 Ὀ
3405 3647 3459 3698 δὲ
3487 3645 3581 3698 ἆτε
3613 3647 3704 3697 καὶ

2126 3740 2393 3810 πρότερον
2440 3737 2608 3810 αὐτὴν
2659 3739 3020 3810 ὀνειροπολῶν
3074 3739 3171 3791 καὶ
3215 3737 3309 3791 τοῦ
3343 3738 3574 3806 στέφους
3618 3739 3703 3791 ἀεὶ

2126 3831 2437 3901 ἐφιέμενος,
2465 3831 2540 3894 ὼς
2571 3826 2686 3900 εἶχε
2715 3830 2935 3901 τάχους,
2983 3830 3082 3901 τὴν
3134 3830 3529 3901 βασιλεύουσαν
3571 3847 3705 3884 κατ-

2129 3923 2322 3978 έλαϐεν
2353 3923 2470 3993 ἅμα
2497 3925 2609 3986 τοῖς
2663 3923 2763 3976 σὺν
2797 3921 2949 3992 αὑτῷ
2992 3922 3269 3992 ἐγκρίτοις
3327 3922 3531 3984 ἱκανοῖς
3563 3920 3704 3974 οὖσι.

2127 4018 2239 4070 Καὶ
2259 4016 2453 4078 νυκτὸς
2478 4015 2567 4070 διὰ
2594 4015 2969 4086 παραπυλίδος
2993 4012 3256 4069 εἰσελθὼν
3295 4014 3390 4067 τοῦ
3426 4013 3708 4085 πρωτοῦε·

2130 4108 2376 4180 στιαρίου
2403 4108 2648 4179 Μιχαὴλ,
2675 4106 2842 4176 οὔσης
2871 4107 3099 4178 πλησίον
3139 4107 3509 4177 ἀκροπόλεως,
3548 4110 3605 4160 ὲν
3629 4106 3708 4174 τῷ

2128 4201 2263 4270 οἴκῳ
2287 4198 2382 4252 τοῦ
2408 4197 2674 4269 πενθεροῦ
2701 4196 2866 4250 αὐτοῦ
2895 4197 3155 4268 Γρηγορᾶ
3197 4199 3402 4261 ἄϋπνος
3430 4197 3571 4268 μετά
3600 4197 3710 4251 τῶν

2132 4292 2400 4346 συνόντων
2431 4289 2581 4360 αὐτῷ
2631 4289 2956 4344 διετέλεσεν.
2997 4289 3245 4359 Νικήτας
3283 4291 3340 4343 δέ
3382 4291 3707 4360 άσηκρῆτις,

2129 4386 2160 4439 ὁ
2195 4383 2334 4454 μετά
2384 4384 2558 4436 ταῦτα
2599 4381 3037 4452 πρωτονοτάριος
3092 4381 3359 4451 γεγονὼς,
3397 4382 3500 4453 τὴν
3550 4385 3707 4440 Κωνο

439 4476 548 4544 tis,
601 4477 696 4546 qui
757 4487 945 4546 postea
1002 4476 1420 4544 protonotarius
1477 4474 1582 4530 fuit
1615 4516 1628 4542 ,
1682 4473 2021 4531 Constantini

2135 4475 2414 4531 σταντίνου
2463 4473 2650 4543 ἄφιξιν
2702 4473 2780 4543 τῷ
2827 4473 3105 4544 πατρικίῳ
3164 4474 3563 4546 Κωνσταντίνῳ
3615 4473 3714 4528 καὶ

441 4565 738 4623 adventum
768 4563 1132 4619 Constantino
1159 4563 1392 4634 patricio
1420 4573 1477 4619 et
1504 4565 1776 4619 monacho
1803 4565 2021 4622 Eladico

2134 4567 2354 4638 μοναχῷ
2391 4565 2469 4637 τῷ
2531 4563 2797 4636 Ἐλαδικῷ
2847 4565 3228 4636 κατεμήνυσεν
3249 4581 3266 4596 ⁸
3293 4567 3388 4621 καὶ
3431 4565 3600 4636 ἄμφω
3641 4567 3711 4636 τῇ

442 4657 723 4712 nuntiavit
747 4672 761 4718 ;
791 4656 1065 4725 amboque
1093 4656 1286 4711 eadem
1313 4667 1476 4712 nocte
1508 4657 1574 4712 ad
1603 4656 2027 4714 Constantinum

443 4745 648 4802 Ducem
698 4760 900 4798 venere
938 4761 954 4811 ;
1007 4745 1252 4815 initoqne
1295 4746 1526 4802 consilio
1555 4786 1569 4810 .
1613 4762 1737 4802 cum
1793 4748 2028 4804 necdum

444 4835 754 4902 diluxisset,
782 4835 875 4889 sed
912 4835 1091 4890 adhuc
1128 4836 1372 4891 tenebra:
1405 4827 1609 4903 essent,
1651 4854 1775 4892 cum
1818 4837 2033 4896 facibus

446 4925 795 4996 militumque
847 4943 958 4981 non
1003 4927 1107 4982 levi
1160 4937 1370 4982 armata
1419 4943 1583 4982 manu
1622 4927 1766 4985 Circi
1812 4938 2029 5000 portam

447 5017 735 5083 invadunt,
759 5019 1062 5090 faustisque
1097 5017 1587 5074 acclamationibus
1607 5019 2028 5075 Constantinum

450 5120 510 5167 ut
539 5111 926 5182 imperatorem
966 5113 1228 5166 salutant.
1270 5110 1350 5165 ibi
1386 5112 1503 5182 ejus
1541 5112 1734 5182 equiso
1775 5129 1805 5167 a
1839 5114 2030 5183 praesi-

448 5203 661 5267 diariis,
700 5204 876 5274 iisque
905 5203 1003 5274 qui
1028 5206 1173 5258 intra
1215 5211 1399 5274 portas
1423 5211 1599 5270 erant,
1628 5206 1814 5260 lancea
1855 5214 2030 5260 trans-

449 5295 590 5350 ﬁxus
615 5295 896 5352 occubuit.

519 5409 572 5462 ὅ.
624 5409 742 5464 Non
795 5409 1072 5464 admissus
1124 5409 1310 5477 itaque
1340 5407 1735 5464 Constantinus
1767 5409 1863 5464 sed
1894 5411 2027 5464 sub-

450 5506 653 5560 motus,
682 5497 833 5552 velut
858 5499 1121 5552 diemonis
1145 5497 1427 5568 cujusdam
1457 5498 1636 5552 alllatu
1661 5499 1821 5553 furiis
1853 5509 2027 5564 actus,

451 5603 571 5648 nec.
609 5604 720 5658 quo
758 5588 976 5658 imperii
1001 5603 1188 5644 amore
1213 5588 1497 5658 agebatur,
1547 5587 1694 5643 sanis
1725 5588 1860 5642 satis
1882 5605 2031 5643 men-

450 5684 520 5738 tis
573 5682 881 5738 rationibus
935 5683 991 5738 in
1020 5683 1241 5738 Circum
1302 5698 1360 5738 se
1404 5682 1582 5736 tristis
1631 5682 1896 5752 vultuque
1939 5682 2037 5736 dc-

454 5773 620 5827 misso
651 5774 947 5838 subducit,
1003 5775 1206 5828 malum
1258 5790 1418 5832 omen
1455 5782 1718 5841 reputans
1753 5773 2034 5829 sublatum

2131 4659 2267 4730 αὐτῇ
2296 4657 2456 4711 νυκτὶ
2485 4657 2625 4727 προς
2673 4655 2764 4709 τὸν
2799 4657 2981 4712 Δοῦκα
3028 4658 3442 4712 Κωνσταντίνον
3477 4657 3711 4728 παρεγέ-

2130 4767 2319 4805 νοντο*
2350 4749 2445 4804 καὶ
2474 4747 2672 4819 βουλὴν
2721 4749 3105 4820 ποιησάμενοι,
3149 4749 3301 4804 οὔπω
3349 4751 3448 4819 τῆς
3497 4748 3711 4817 ἡμέρας

2131 4841 2569 4912 καταλαϐούσης,
2591 4841 2704 4895 ἀλλ’
2741 4840 2823 4895 ἔτι
2864 4842 3086 4904 σκοτίας
3114 4838 3466 4907 οὔσης.ξμετά
3492 4829 3708 4907 λαμπά-

2133 4932 2237 4985 δων
2267 4936 2360 4985 καὶ
2385 4931 2479 4985 τοῦ
2502 4931 2635 4986 λαοῦ
2655 4931 2852 4987 πολλοῦ
2878 4933 2972 4986 καὶ
2995 4932 3175 4986 ὅπλων
3205 4931 3304 4998 τὴν
3324 4927 3418 4980 τοῦ
3448 4927 3709 4996 ἱπποδρό⁴

2142 5043 2244 5096 μου
2289 5024 2467 5095 πύλην
2520 5026 3028 5096 καταλαμϐάνουσι,
3081 5024 3494 5077 Κωνσταντίνον
3543 5021 3712 5091 εὐφη-

2141 5114 2370 5185 μοῦντες
2400 5115 2477 5180 ὡς
2523 5116 2768 5188 βασιλέα.
2827 5116 2997 5170 Ἔνθα
3034 5114 3099 5183 δὴ
3132 5117 3160 5167 ό
3185 5114 3375 5166 τούτου
3407 5113 3712 5181 ἱπποκόμος

2136 5208 2455 5279 λογχευθεὶς
2496 5210 2647 5279 παρὰ
2667 5209 2773 5262 τῶν
2805 5207 2956 5269 ἐντὸς
2985 5205 3094 5260 τῶν
3126 5206 3220 5261 τοῦ
3249 5205 3585 5275 ἱπποδρόμου
3614 5220 3715 5259 πυ-

2137 5299 2245 5354 λῶν
2271 5299 2534 5372 ἀνῃρέθη.

2208 5412 2276 5482 γ’.
2298 5415 2389 5482 Μὴ
2403 5412 2610 5481 δεχθεὶς
2630 5407 2722 5465 οὖν
2740 5412 3166 5475 Κωνσταντῖνος,
3186 5411 3300 5464 ἀλλ’
3328 5410 3710 5483 ἀποσοϐηθεὶς,

2138 5503 2327 5575 ὥσπερ
2357 5493 2488 5555 ὑπόό
2513 5518 2659 5564 τινος
2708 5499 3178 5570 ἐκϐακχευόμενος
3207 5501 3458 5570 δαίμονος
3507 5503 3599 5554 καὶ
3637 5501 3711 5570 μὴ

2139 5592 2483 5662 ἐφεστηκότα
2518 5589 2656 5658 ἔχων
2714 5589 2804 5643 τὸν
2853 5589 3116 5660 λογισμὸν
3166 5589 3243 5660 τῷ
3291 5593 3388 5659 τῆς
3437 5591 3714 5661 βασιλείας

2141 5685 2322 5756 ἔρωτι,
2360 5687 2416 5736 ἐν
2445 5684 2521 5754 τῷ
2555 5684 2878 5754 ἱπποδρόμῳ
2901 5683 3256 5753 ὑπεχώρησεν
3289 5686 3515 5753 στυγνπ
3544 5702 3600 5737 τε
3624 5687 3714 5738 καὶ

2144 5775 2416 5847 κατηφὴς,
2473 5777 2641 5831 κακὸν
2675 5776 2864 5832 οἱωνδν
2909 5775 3006 5846 τὴν
3037 5776 3130 5830 τοῦ
3167 5777 3472 5845 ἱπποκόμου
3525 5777 3715 5840 κρίνας
