4128 6420
342 358 445 422 937

1443 356 1641 419 VlT/E
1671 349 2231 417 RECENTIORUM
2263 357 2472 421 IMPP.

3505 361 3612 422 933

345 469 588 540 σφαγήν.
637 469 880 524 Ἐκεῖθεν
943 468 1036 524 οὖν
1101 466 1522 539 εὐφημούμενος
1577 463 1712 539 ἦλθε
1770 464 1933 536 μέχρι

2039 481 2173 523 nece
2203 470 2548 541 equisonem.
2575 469 2731 528 Illinc
2766 472 2953 543 itaque
2984 473 3179 528 faustis
3209 471 3626 529 acclamationi-

338 563 439 632 τῆς
460 561 764 630 λεγομένης
782 560 1023 630 Χαλκῆς,
1041 559 1136 613 καὶ
1159 558 1204 590 ⁸⁸
1223 559 1312 612 διὰ
1337 559 1435 628 τῆς
1463 559 1698 629 Σιδηρᾶς
1720 559 1931 628 πόρτης

338 653 440 722 τῆς
457 654 627 718 αὐτῆς
653 653 872 722 Χαλκῆς
893 650 1257 722 εἰσεληλυθὼς
1281 651 1444 722 μέχρι
1469 651 1580 704 τῶν
1600 651 1930 716 ὲξκουϐίτων

338 744 694 813 παρεγένετο.
741 743 798 795 '0
832 741 926 796 οὖν
962 745 1268 814 μάγιστρος
1321 744 1579 813 Ἰωάννης
1608 745 1637 796 ὁ
1700 743 1930 808 Ἐλαδᾶς

338 839 574 908 ἐκλογὴν
607 836 695 909 [Ρ.
721 835 851 908 566]
886 837 996 888 τῶν
1024 854 1083 888 τε
1106 837 1204 907 τῆς
1233 837 1510 906 ἑταιρείας
1542 838 1636 890 καὶ
1663 835 1772 889 τῶν
1805 836 1932 889 έλα-

335 930 450 982 τῶν
477 930 848 999 ποιησάμενος
871 929 990 999 μεθ’
1015 930 1198 982 ὃπλων
1221 928 1314 981 τού
1325 946 1448 992 τους
1478 928 1766 982 ἀπέστειλε
1789 927 1934 982 κατά

337 1020 433 1074 τοῦ
481 1020 705 1082 Δουκός.
761 1019 1061 1072 Ἐλθόντων
1115 1016 1207 1073 οὖν
1261 1021 1422 1090 μέχρι
1452 1021 1552 1090 τῆς
1582 1021 1801 1089 Χαλκῆς
1837 1020 1932 1072 καὶ

341 1114 584 1184 πολέμου
605 1113 900 1176 συστάντος
930 1111 1118 1190 πολλοὶ
1144 1111 1438 1182 ὲξνὰμφοτέ
1448 1129 1557 1181 ρων
1596 1112 1791 1165 ἔπεσον
1821 1109 1931 1164 τῶν

343 1206 553 1280 μερῶν,
590 1207 684 1259 καὶ
711 1205 966 1260 τοσοῦτον
997 1204 1141 1260 ὥστε
1175 1205 1266 1258 τὸν
1297 1205 1462 1258 τόπον
1492 1202 1932 1274 έκλιμνασθῆναι

336 1297 420 1367 τῷ
449 1299 645 1367 αἵματι
678 1298 993 1367 ποταμηδὸν
1029 1297 1413 1369 καταρῤέοντι.
1455 1295 1721 1368 Ἀνῃρέθη
1747 1294 1806 1348 δὲ
1835 1294 1934 1348 καὶ

335 1391 627 1462 Γρηγορᾶς
661 1393 687 1442 ό
723 1390 837 1453 υίὸς
869 1386 985 1442 τοῦ
1016 1389 1216 1452 Δουκὸς
1241 1390 1338 1442 καὶ
1369 1388 1593 1458 Μιχαὴλ
1641 1386 1932 1456 ἐξάδελφος

339 1483 507 1538 αὐτοῦ
539 1484 632 1536 καὶ
660 1481 971 1555 Κουρτίκης
1000 1485 1207 1546 ἐκεῖνος
1237 1485 1265 1536 ό
1287 1484 1344 1549 ἐξ
1379 1482 1701 1552 Ἀρμενίων.

416 1579 478 1631 δ’.
507 1576 692 1630 Ταῦτα
714 1578 742 1629 ὁ
766 1576 903 1641 Δοὺξ
923 1578 1331 1639 Κωνσταντῖνος
1360 1575 1568 1644 μαθὼν,
1591 1575 1834 1646 ταραχῆς
1854 1575 1935 1628 ὅτι

340 1669 605 1739 πλείστης
625 1669 946 1740 γενομένης,
967 1672 1059 1722 τὸν
1089 1669 1257 1722 ἵππον
1287 1668 1602 1739 ἐξήλαυνεν.
1645 1667 1704 1722 '0
1721 1667 1778 1721 δὲ
1810 1663 1936 1732 ταῖς

338 1764 522 1818 ἐκεῖσε
547 1761 998 1832 ύπεστρωμέναις
1018 1762 1372 1840 ένολισοήσας
1405 1762 1602 1826 πλαξὶν
1619 1760 1829 1832 εἰς’γῆν
1844 1761 1936 1814 τὸν

340 1858 612 1928 ἐπιϐάτην
639 1855 960 1910 κατέϐαλεν.
997 1856 1151 1910 Ἐπεὶ
1167 1857 1224 1910 δέ
1261 1873 1346 1920 τις
1362 1855 1524 1911 αὐτὸν
1544 1857 1685 1910 κατά
1710 1857 1815 1926 γῆς
1843 1856 1936 1927 έρ-

2034 560 2140 618 bus
2165 565 2653 636 prosequentibus,
2685 567 2754 623 ad
2777 567 3034 624 Chalcem
3061 586 3237 640 usque
3269 571 3372 640 (sic
3398 568 3626 632 dictam)

2033 655 2207 721 venit,
2249 672 2314 712 ac
2343 673 2443 728 per
2470 659 2702 716 Chalces
2733 662 2986 734 ejusdem
3029 663 3266 718 ferream
3295 674 3508 734 portam
3541 663 3622 716 in-

2033 764 2258 818 gressus
2281 750 2349 805 ad
2377 752 2764 808 excubitorum
2817 769 2994 825 usque
3039 755 3331 810 stationem
3360 755 3624 824 pervasit.

2033 841 2296 912 Magister
2325 843 2510 914 itaque
2530 845 2772 899 Joannes
2795 845 3016 911 Eladas,
3060 860 3126 900 ex
3153 845 3436 901 foederatis
3460 845 3624 916 876

2036 933 2452 1005 classiariisque
2499 936 2720 992 delectu
2760 938 2972 1004 habito,
3003 941 3172 992 armis
3203 938 3505 992 instructos
3526 938 3627 992 ad-

2035 1042 2231 1082 versus
2267 1027 2463 1082 ducem
2506 1029 2710 1085 emisit.
2759 1030 3010 1097 Cumque
3047 1029 3116 1084 ad
3151 1027 3409 1084 Cbalcem
3454 1045 3596 1098 usqu

2035 1117 2342 1183 venissent,
2373 1128 2742 1190 consertoque
2773 1121 2988 1190 praalio,
3035 1121 3195 1175 multi
3246 1121 3508 1189 utrinque
3536 1135 3598 1174 ce

2037 1210 2256 1271 cidere;
2297 1220 2559 1282 tantaque
2587 1213 2714 1268 data
2749 1222 3090 1283 acceptaque
3111 1220 3327 1281 strages
3355 1221 3460 1274 est,
3496 1220 3555 1266 ut
3575 1222 3632 1266 et

2037 1305 2321 1376 sanguinis
2361 1307 2466 1361 rivi
2513 1307 2758 1370 ﬂuminis
2784 1309 3184 1379 instagnarent.
3232 1307 3464 1361 Occisus
3501 1321 3632 1360 vero

2036 1407 2122 1452 est
2163 1399 2436 1470 Gregoras
2468 1401 2638 1456 Ducis
2670 1400 2816 1456 illius
2841 1411 2897 1456 et
2926 1400 3157 1456 Michael
3187 1401 3309 1472 ejus
3337 1399 3632 1455 consobri-

2037 1506 2162 1556 nus,
2203 1507 2307 1546 ncc
2340 1509 2452 1547 non
2488 1493 2743 1548 Curtices
2771 1494 3092 1548 Armenius.

2107 1583 2161 1635 4.
2193 1582 2313 1649 Quo
2333 1585 2555 1655 cognito
2573 1584 2974 1639 Constantinus
3004 1585 3142 1647 Dux,
3161 1598 3226 1636 ac
3242 1597 3368 1638 cum
3390 1579 3630 1636 maxime
3719 1575 3724 1584 ’

2039 1680 2157 1726 orta
2201 1682 2352 1728 esset
2398 1675 2662 1739 turbatio,
2720 1689 2925 1744 equum
2961 1673 3204 1744 impulit.
3246 1673 3418 1728 Porro
3452 1687 3631 1742 equus

2040 1763 2429 1827 imasseribus,
2490 1765 2696 1835 quibus
2744 1766 2902 1820 locus
2931 1773 3247 1820 constratus
3287 1773 3428 1830 erat,
3464 1763 3632 1818 colla-

2038 1875 2171 1930 psus
2204 1852 2476 1915 sessorem
2507 1860 2771 1916 excussit.
2803 1860 2978 1927 Quem
3012 1860 3130 1915 solo
3167 1860 3386 1914 allisum
3417 1868 3473 1914 et
3502 1873 3631 1928 pro-

3647 1019 3656 1050 ί

343 1929 614 2021 ῥιμμένον
647 1948 952 2001 κατέλαϐεν
1020 1949 1089 2017 (οἱ
1124 1947 1234 2018 γὰρ
1266 1947 1414 2004 ἄλλοι
1468 1949 1934 2020 διεσκεδάσθησαν

2039 1953 2237 2023 iectum
2274 1954 2549 2023 quispiam
2600 1953 2891 2008 offendens
2949 1953 3065 2024 (alii
3111 1951 3258 2007 enim
3307 1951 3630 2006 omnes-di-

338 2041 625 2115 ἅπαντες),
655 2041 802 2112 ξίφει
831 2042 930 2113 τὴν
960 2041 1152 2096 τούτου
1177 2041 1426 2114 ἀπέτεμε
1448 2043 1715 2114 κεφαλήν.

414 2233 476 2282 ε’.
525 2227 742 2280 Τούτων
806 2226 978 2292 οὕτως
1029 2225 1392 2281 τελεσθέντων
1437 2226 1723 2297 Γρηγορᾶς
1765 2225 1931 2294 μάγι-

343 2336 506 2390 στρος
542 2323 570 2372 ὁ
600 2320 792 2373 τούτου
843 2319 1103 2390 πενθερὸς
1127 2361 1140 2384 ,
1203 2320 1342 2390 μετὰ
1379 2318 1608 2382 Λέοντος
1635 2318 1694 2371 ὃν
1734 2319 1932 2388 Χοιρο-

348 2411 604 2480 σφάκτην
629 2411 914 2482 ὠνόμαζον
935 2413 1000 2476 ⁸¹,
1041 2413 1266 2483 τῇοὰγίᾳ
1297 2410 1390 2465 τοῦ
1421 2410 1558 2464 Θεοῦ
1585 2409 1816 2479 Μεγάλῃ
1845 2411 1934 2462 ἐκο

355 2504 554 2573 κλησίᾳ
591 2504 961 2573 προσέφυγον,
997 2503 1092 2566 οὒς
1127 2504 1223 2557 καὶ
1276 2503 1366 2574 βίᾳ
1412 2501 1624 2556 ἐκεῖθεν
1680 2501 1934 2555 ἀποσπά-

345 2609 540 2654 σαντες
567 2593 871 2661 ἀπέκειραν
902 2593 1168 2662 μοναχοὺς
1195 2593 1255 2644 ἐν
1269 2595 1335 2663 τῇ
1359 2591 1470 2645 τῶν
1496 2591 1746 2645 Στουδίου
1773 2593 1932 2662 μονῇ.

345 2687 762 2739 Κωνσταντῖνον
791 2685 845 2738 δὲ
865 2685 955 2739 τὸν
995 2685 1272 2738 Ἐλαδικὸν
1299 2685 1614 2756 βουνεύροις
1635 2682 1928 2752 τύψαντες,

345 2778 488 2848 ῥάκη
545 2795 602 2830 τε
640 2777 1029 2849 περιϐαλόντες
1061 2779 1155 2830 καὶ
1210 2778 1318 2848 ὄνῳ
1351 2776 1801 2839 ὲπικαθίσαντες,
1843 2775 1933 2828 διὰ

346 2871 519 2943 μέσης
568 2873 667 2941 τῆς
719 2872 930 2934 πόλεως
986 2870 1416 2942 ἐθριάμϐευσαν,
1464 2870 1560 2923 καὶ
1617 2870 1675 2922 ὲν
1716 2871 1784 2940 τῇ
1836 2869 1931 2923 τοῦ

342 2964 632 3034 Δαλμάτου
685 2964 1064 3032 ἀπαγαγόντες
1100 2965 1233 3033 μονῇ
1266 2961 1727 3029 ὲγκατάκλειστον
1751 2963 1818 3033 τῇ
1849 2961 1934 3014 λε-

341 3054 555 3125 γομένῃ
588 3053 868 3124 Καταδίκῃ
899 3054 1260 3124 πεποιήκασι.
1309 3053 1516 3105 Λέοντα
1537 3052 1593 3104 δὲ
1618 3053 1709 3106 τὸν
1745 3054 1934 3106 Κατα-

342 3145 611 3214 καλίτζην
642 3144 736 3197 καὶ
769 3144 1080 3197 Ἀόεσαλὼν
1111 3144 1202 3197 τὸν
1231 3143 1325 3196 τοῦ
1366 3145 1622 3216 Ἀρωτρᾶ
1655 3145 1934 3214 ἐκτυφλώ-

344 3255 540 3302 σαντες
569 3237 757 3310 έξορίᾳ
790 3238 1186 3310 παρέπεμψαν.
1221 3239 1638 3294 Κωνσταντῑνον
1669 3239 1726 3292 δὲ
1759 3239 1854 3292 τοῦ
1889 3222 1935 3270 ³έ

345 3332 675 3402 Εύλαμπὶου
728 3332 846 3384 υἱὸν
894 3332 992 3384 καὶ
1025 3331 1247 3402 ἐτέρους
1278 3331 1376 3385 σὺν
1427 3330 1578 3400 αύτῷ
1619 3330 1876 3400 Θεόφιλος
1907 3333 1936 3386 ὁ

346 3425 599 3497 ὕπαρχος
647 3427 674 3477 ό
713 3423 809 3477 τοῦ
838 3424 1137 3495 Λαμπύδου
1173 3426 1232 3478 ὲν
1285 3427 1352 3494 τῇ
1378 3424 1470 3477 τοῦ
1508 3423 1736 3478 ἱππικοῦ
1772 3441 1935 3492 σφεν-

343 3519 474 3592 δόνῃ
506 3520 646 3589 ξίφει
687 3521 985 3590 ἀπέτεμεν.
1022 3521 1097 3573 Ού
1134 3519 1346 3590 μικρῶς
1369 3518 1424 3572 δὲ
1445 3516 1932 3590 διερευνησάμενοι

345 3615 476 3683 περὶ
498 3613 543 3664 Ν
552 3613 713 3682 ικήτα
742 3613 1060 3683 ἀσηκρήτου
1091 3613 1186 3666 καὶ
1213 3611 1628 3666 Κωνσταντίνου
1657 3609 1935 3680 τοῦιΛιϐὸς

343 3707 443 3774 οὐχ
502 3699 660 3774 εὗρον
710 3707 908 3767 αὐτοὺς
964 3703 1042 3768 ὡς
1101 3703 1491 3776 χρησαμένους
1526 3705 1696 3775 φυγῇ.
1743 3702 1849 3757 Τὸν
1879 3702 1934 3755 δὲ

344 3796 573 3866 Δίγίδην
601 3797 810 3849 ἐκεῖνον
832 3797 1074 3860 καὶτοὺς
1099 3797 1198 3849 σὺν
1229 3795 1401 3864 αύτῷ.
1437 3796 1718 3866 ἀνδρείους
1775 3795 1937 3858 ὄντας

347 3891 442 3943 καὶ
478 3888 730 3952 πολλοὺς,
766 3889 874 3942 ἀπό
921 3905 980 3940 τε
1033 3890 1133 3957 τῆς
1167 3889 1225 3940 ὲν
1263 3887 1607 3958 Χρυσοπόλει
1650 3887 1936 3956 δαμάλεως

344 3983 442 4036 καὶ
505 3982 667 4052 μέχρι
704 3982 800 4036 τοῦ
855 3982 1140 4036 Λευκάτου
1194 3980 1442 4051 διδύμοις
1505 3981 1684 4046 ξύλοις
1726 3979 1935 4039 πάντας

344 4074 790 4129 ἑνεσκολόπισαν.
831 4075 938 4128 Καὶ
994 4073 1224 4136 πολλοὺς
1280 4073 1346 4126 ἂν
1395 4073 1504 4125 τῶν
1532 4073 1589 4125 ὲν
1637 4071 1779 4123 τέλει
1812 4070 1934 4122 τότε

344 4168 590 4236 ἀνηλεῶς
623 4168 717 4222 καὶ
746 4167 1006 4230 ἀναιτίως
1037 4168 1086 4219 οί
1118 4167 1403 4236 λεγόμενοι
1465 4156 1611 4216 οὗτοι
1645 4163 1933 4233 ἐπίτροποι

347 4261 703 4328 ἀπέκτειναν,
744 4263 792 4314 εἰ
843 4261 917 4331 μή
967 4276 1112 4322 τινες
1153 4259 1264 4312 τῶν
1284 4257 1555 4311 δικαστῶν
1584 4256 1811 4318 τούτους
1833 4256 1933 4323 τῆς

347 4355 538 4407 ἀδίκου
561 4355 741 4425 όρμῆς
770 4355 1144 4424 ἀνεχαίτισαν,
1173 4353 1419 4414 εἰπόντες
1448 4351 1654 4414 αὐτοῖς,
1692 4349 1767 4411 ὡς
1797 4351 1935 4401 Παι-

347 4447 455 4513 δὸς
489 4448 665 4514 ὄντος
703 4446 813 4501 τοῦ
849 4446 1184 4513 βασιλέως,
1217 4445 1344 4512 πῶς
1371 4445 1520 4500 ἄνευ
1576 4441 1686 4511 τῆς
1723 4441 1934 4495 κελεύ-

2035 2043 2211 2114 spersi
2261 2059 2326 2098 ac
2367 2044 2622 2114 palantes
2655 2041 2854 2114 erant)
2901 2044 3025 2114 ejus
3081 2050 3251 2113 caput
3293 2041 3477 2114 gladio
3531 2041 3629 2096 ab-

2036 2138 2222 2193 scidit.
3340 2119 3345 2123 “

2107 2229 2161 2285 5.
2187 2228 2284 2285 His
2313 2230 2388 2284 ita
2421 2229 2663 2300 peractis
2685 2230 2959 2300 Gregoras
2981 2225 3418 2298 magisterDucis
3445 2239 3627 2290 socer,

2035 2336 2162 2376 cum
2191 2321 2378 2375 Leone
2410 2321 2501 2375 cui
2538 2320 3002 2391 Chmrosphactes
3029 2333 3253 2382 nomen,
3291 2317 3346 2370 in
3379 2323 3630 2370 sanctam

2036 2411 2134 2466 Dei
2173 2411 2421 2482 Magnam
2455 2411 2748 2466 ecclesiam
2787 2409 3130 2479 confugere;
3164 2423 3306 2478 quos
3337 2414 3396 2462 et
3417 2405 3469 2460 vi
3501 2405 3632 2460 abs-

2037 2511 2243 2560 tractos
2289 2504 2552 2559 monachi
2591 2505 2706 2558 ritu
2732 2503 2790 2557 in
2819 2501 3002 2557 Studii
3057 2499 3398 2555 monasterio
3431 2497 3632 2552 deton-

2035 2598 2275 2654 derunt:
2311 2599 2741 2654 Constantinum
2774 2613 2908 2654 vero
2937 2596 3226 2652 Eladicum
3247 2592 3436 2649 nervis
3451 2591 3638 2646 bubo-

2034 2690 2105 2746 lis
2133 2705 2360 2754 caesum,
2400 2690 2716 2760 vilibusque
2752 2705 2817 2744 ac
2855 2688 3056 2743 laceris
3093 2687 3344 2741 vestibus
3375 2683 3633 2737 indutum

2036 2783 2303 2851 asinoque
2338 2782 2661 2852 impositum
2691 2797 2792 2850 per
2832 2779 3074 2834 mediam
3103 2777 3301 2833 urbem
3329 2775 3632 2830 traduceu-
3702 2767 3710 2776 ’

2037 2883 2141 2942 tes,
2175 2878 2231 2930 in
2273 2876 2535 2929 Dalmata:
2580 2873 2942 2936 monasterio,
2991 2870 3192 2926 inclusi
3228 2870 3366 2934 ritu,
3412 2863 3633 2922 carceri

2038 2983 2195 3024 reum
2219 2967 2570 3021 addix‘erunt.
2607 2966 2849 3020 Leonem
2871 2979 3005 3018 vero
3020 2961 3412 3018 Catacalitzem
3432 2967 3490 3015 et
3518 2958 3634 3014 Ab—

2038 3063 2284 3116 salonem
2320 3063 2532 3114 Arotrre
2567 3058 2742 3113 filium
2763 3040 3076 3112 luminibus
3098 3055 3348 3125 privatos
3390 3053 3450 3107 in
3485 3051 3636 3109 exsi-

1968 3181 2010 3239 C
2042 3155 2178 3209 lium
2205 3153 2501 3208 miserunt.
2527 3150 2952 3207 Constantinum
2971 3147 3248 3219 Eulampii
3270 3145 3445 3202 ﬁlium
3470 3144 3636 3202 alior

2045 3261 2152 3318 que
2183 3261 2306 3302 cum
2346 3247 2441 3301 illo
2469 3244 2812 3314 Theophilus
2838 3241 3130 3313 praefectus
3158 3241 3226 3296 ad
3255 3238 3402 3297 Circi
3425 3245 3636 3294 metam

2043 3338 2226 3410 gladio
2255 3336 2554 3394 truncavit.
2611 3334 2772 3390 Haud
2803 3335 3003 3405 exigua
3032 3332 3200 3405 877
3228 3330 3636 3402 perquisitione

2043 3435 2185 3488 facta
2210 3433 2279 3487 de
2317 3433 2509 3488 Niceta
2535 3446 2565 3484 a
2593 3429 2824 3486 secretis
2866 3437 2923 3484 et
2953 3427 3022 3484 de
3062 3425 3428 3482 Constantino
3472 3423 3634 3491 Libe,

2043 3527 2192 3582 haud
2221 3526 2430 3582 inventi
2463 3532 2614 3589 sunt,
2641 3531 2702 3578 ut
2727 3523 2821 3594 qui
2849 3521 2975 3592 fuga
3002 3521 3169 3576 saluti
3193 3519 3636 3574 consuluissent;

2043 3619 2292 3690 lEgidam
2341 3631 2475 3672 vero
2511 3615 2694 3669 virum
2745 3612 3111 3683 spectabilem
3164 3611 3481 3680 sociosque,
3538 3604 3640 3677 qui

2045 3713 2235 3782 plures
2275 3725 2338 3764 ac
2391 3707 2496 3762 viri
2543 3706 2716 3760 fortes
2755 3711 2987 3768 essent,
3037 3716 3068 3756 a
3103 3699 3352 3761 Damali,
3402 3711 3524 3767 quae
3551 3700 3640 3750 est

2010 3822 2014 3826 ·
2041 3799 2392 3872 Chrysopoli,
2427 3797 2495 3852 ad
2534 3797 2839 3851 Leucatum
2875 3807 3053 3863 usque
3085 3791 3260 3846 furcis
3280 3803 3476 3844 omnes
3508 3800 3638 3841 sus-

2043 3894 2375 3964 penderunt.
2414 3892 2828 3957 Procerumque
2868 3887 3058 3957 plures
3095 3899 3160 3939 ac
3187 3880 3454 3938 senatorii
3479 3878 3636 3942 ordie

2042 3987 2131 4041 nis
2162 3985 2312 4038 viros
2349 3991 2480 4037 tunc
2534 3979 2802 4050 temporis
2846 3987 3062 4033 tutores
3101 3976 3192 4031 isti
3231 3973 3533 4029 crudeliter
3570 3985 3638 4026 ac

2044 4077 2264 4132 innoxie
2298 4075 2639 4146 perempturi
2665 4081 2846 4136 erant,
2896 4072 3003 4127 nisi
3026 4070 3276 4142 judicum
3307 4066 3532 4136 quidam
3563 4063 3636 4119 ab

2044 4169 2244 4241 injusta
2277 4182 2375 4222 eos
2405 4165 2745 4236 grassatione
2774 4178 2838 4216 ac
2867 4162 3076 4232 impetu
3106 4158 3466 4215 retraxissent
3491 4197 3505 4222 ,
3537 4154 3638 4227 qui

2043 4261 2334 4316 dicerent:
2388 4256 2528 4322 Quid
2569 4272 2692 4311 vero
2744 4271 2855 4322 vos,
2894 4255 3217 4325 imperatore
3246 4250 3419 4306 adhuc
3443 4264 3632 4320 puero,

2043 4356 2261 4426 ejusque
2291 4351 2518 4424 injussu,
2553 4347 2871 4421 ejuscemodi
2903 4356 3122 4418 patrare
3144 4345 3349 4399 audetis
3378 4343 3402 4396 ?
3445 4342 3637 4410 Itaque

2046 4448 2212 4503 Ducis
2266 4460 2490 4500 uxorem
2556 4441 2924 4496 detondentes
2974 4439 3042 4494 ad
3095 4453 3227 4494 suas
3257 4437 3403 4492 mdes
3441 4434 3495 4488 in
3533 4434 3640 4490 Pa-

346 4555 504 4606 σεως
527 4541 715 4594 αὑτοῦ
739 4537 996 4607 τολμᾶτε
1017 4539 1262 4593 τοιαῦτα
1292 4537 1762 4606 διαπράττεσθαι
1786 4551 1803 4598 ;
1825 4534 1934 4604 Τὴν

2043 4537 2334 4609 phlagonia
2363 4535 2708 4604 ablegarunt,
2734 4531 2893 4602 cujus
2914 4537 2971 4586 et
2993 4530 3110 4585 tilio
3139 4528 3422 4600 Stephano
3448 4523 3636 4581 virilia

345 4630 440 4683 τοῦ
473 4633 675 4694 Δουκὸς
702 4627 795 4684 οἷν
820 4634 1054 4700 γυναῖκα
1086 4631 1476 4698 ἀποκείροντες
1511 4631 1588 4690 εἰς
1611 4631 1700 4679 τὸν
1737 4629 1793 4678 ἐν
1829 4627 1935 4678 [ια-

349 4725 617 4797 φλαγονίᾳ
654 4721 800 4778 οἷκον
835 4724 1035 4794 ἑαυτῆς
1070 4721 1484 4789 ἐξαπέστειλαν,
1524 4717 1934 4786 εὐνουχίσαντες

348 4819 444 4872 καὶ
466 4820 556 4871 τὸν
586 4819 698 4872 υίδν
731 4821 902 4888 αὐτῆς
931 4817 1227 4886 Στέφανον.

434 4927 472 4972 ς
509 4907 575 4973 ζ’.
636 4909 933 4979 Αὐγούστῳ
970 4909 1024 4960 δὲ
1065 4907 1195 4978 μηνὶ
1226 4902 1452 4974 Συμεὼν
1493 4904 1522 4956 ό
1552 4901 1862 4972 Βούλγαρος
1891 4901 1938 4932 ³³

346 5001 556 5071 ἄρχων,
602 5000 1014 5074 ἐκστρατεύσας
1089 4999 1228 5052 κατὰ
1289 4995 1583 5067 Ῥωμαίων
1640 4995 1737 5047 σὺν
1797 4994 1938 5063 ὄχλῳ

348 5093 531 5163 πολλῷ
561 5094 655 5147 καὶ
689 5093 864 5164 βαρεῖ,
898 5092 1203 5146 κατέλαϐεν
1263 5089 1366 5159 τὴν
1414 5087 1939 5142 Κωνσταντινούπο-

345 5191 454 5254 λιν,
485 5191 577 5244 καὶ
609 5189 672 5261 δὴ
715 5189 1078 5259 περικαθίσας
1111 5187 1280 5256 αὐτὴν
1334 5185 1553 5255 χάρακα
1614 5181 1938 5253 περιέϐαλεν

347 5285 457 5338 ἀπὸ
509 5283 831 5353 Βλαχερνῶν
862 5283 956 5335 καὶ
994 5279 1154 5352 μέχρι
1204 5280 1302 5346 τῆς
1358 5275 1661 5345 λεγομένης
1711 5275 1936 5345 Χρυσῆς

349 5376 582 5445 πόρτης,
614 5376 792 5429 ἐλπίσι
823 5374 1100 5445 μετέωρος
1129 5371 1206 5424 ὢν
1227 5371 1462 5440 ἀπονητὶ
1487 5368 1694 5439 ταύτην
1719 5368 1938 5431 πάντως

349 5461 514 5520 ἑλεῖν.
559 5467 713 5520 Ἐπεὶ
745 5467 800 5520 δὲ
825 5467 924 5535 τήν
959 5482 1016 5516 τε
1048 5463 1155 5516 τῶν
1193 5464 1389 5532 τοίχων
1421 5461 1506 5534 [Ρ.
1543 5461 1667 5530 567]
1697 5460 1939 5529 κατέμα-

349 5559 444 5612 θεν
474 5557 777 5628 ὀχυρότητα
805 5559 902 5626 τήν
959 5573 1018 5607 τε
1064 5557 1128 5607 ἐκ
1159 5554 1252 5606 τοῦ
1284 5553 1526 5621 πλήθους
1553 5552 1647 5605 καὶ
1690 5551 1800 5603 τῶν
1835 5567 1936 5603 πε-

349 5651 629 5720 τροϐόλων
681 5650 1008 5720 ἀσφάλειαν,
1046 5647 1155 5700 τῶν
1213 5645 1446 5699 ἐλπίδων
1496 5642 1724 5714 σφαλεὶς
1773 5644 1832 5696 ἐν
1861 5641 1939 5712 τῷ

2043 4632 2385 4686 ademerunt.

2119 4898 2238 4951 6-7.
2279 4896 2463 4950 Mense
2488 4895 2737 4964 Augusto
2777 4891 3015 4962 Symeon
3047 4889 3316 4960 Bulgaria:
3351 4887 3633 4957 princeps,

2049 4989 2407 5062 expeditione
2430 4987 2701 5042 adversus
2735 4987 3016 5040 Romanos
3046 4997 3172 5038 cum
3197 4993 3496 5036 numeroso
3527 4977 3639 5032 for-

2049 5087 2202 5156 tique
2236 5083 2485 5138 exercitu
2521 5089 2775 5150 suscepta
2804 5121 2816 5144 ,
2867 5078 3188 5149 Byzantium
3219 5075 3398 5144 petit;
3439 5070 3637 5125 obses-

2049 5194 2218 5247 saque
2255 5177 2414 5240 urbe,
2453 5175 2729 5242 ductoque
2761 5188 2790 5226 a
2819 5169 3138 5225 Blachvrnis
3171 5168 3238 5221 ad
3291 5174 3503 5235 portam
3545 5159 3635 5216 us-

2046 5286 2176 5340 quo,
2221 5270 2311 5322 cui
2353 5269 2550 5323 Aureae
2596 5281 2823 5329 nomen,
2862 5263 3026 5326 vallo,
3073 5263 3195 5332 ejus
3232 5258 3459 5313 omnino
3487 5254 3633 5310 facili

2047 5363 2270 5426 negotio
2309 5361 2560 5432 potiundi
2597 5376 2692 5430 spe
2739 5361 2915 5416 ciatus
2962 5365 3100 5412 erat.
3168 5354 3464 5409 Enimvero
3504 5364 3636 5419 per-

2049 5465 2232 5524 specta
2263 5470 2547 5508 murorum
2583 5453 2840 5508 firmimte
2874 5450 3172 5522 populique
3207 5464 3269 5502 ac
3297 5454 3634 5500 armatorum

2049 5545 2425 5609 multitudine,
2460 5559 2562 5598 nec
2583 5559 2692 5598 non
2717 5543 3043 5598 balistarnm
3071 5540 3250 5610 copia,
3275 5551 3370 5607 spe
3402 5533 3635 5588 frustra-

2051 5648 2176 5701 tus,
2219 5637 2288 5691 atl
2344 5636 2692 5691 Hebdomtnn
2745 5637 2891 5706 quod
2941 5643 3138 5688 vocant
3182 5642 3437 5685 reversus
3482 5624 3633 5695 pacis

1647 5734 1878 5790 VARMZ
1919 5731 2326 5789 LECTIUNFZS.

1641 5830 1672 5856 ⁸³
1710 5829 1832 5879 τδλνῗ
1921 5829 1962 5855 ³³
1998 5821 2378 5891 Βαλλγαρίκςῖ

420 5839 460 5865 ⁵⁰
491 5833 606 5907 κα’.]
640 5831 800 5906 ἦλθεν
831 5837 922 5885 7.1".
953 5833 1008 5887 P.
1076 5832 1113 5862 ³¹
1158 5829 1437 5896 ὠνόμαζεν
1477 5831 1532 5881 i‘.
1634 5830 1672 5856 ”
1710 5829 1794 5878 τὶν

681 5931 954 5990 Ριτιιοι.
992 5929 1109 5988 Gn.
1146 5925 1300 5987 CIX.

3109 5914 3182 5976 30
