4128 6434
504 354 610 415 989

1769 346 2093 407 GEORGII
2147 346 2492 409 MONA‘CHI

3665 343 3770 407 940

497 472 709 525 [mttere
763 466 1048 535 expetivit.
1094 456 1228 520 Fuit
1279 479 1369 519 res
1410 464 1691 519 tutoribus
1737 463 2082 533 gratissima:

2194 463 2476 535 λεγομένῳ
2518 460 2761 530 Ἑϐδόμῳ
2806 457 3166 530 ὑπέστρεψεν,
3222 454 3505 527 εἰρηνικὰς
3539 456 3771 519 σπονδὰς

502 561 706 616 missus
745 573 775 611 a
822 556 1133 628 Symeone,
1193 557 1287 625 qui
1340 555 1410 610 de
1460 570 1595 625 pace
1651 555 2087 625 colloqueretur,

502 650 826 705 Theodorus
873 647 1156 717 magister.
1228 648 1528 715 Assumpto
1579 654 1769 700 autem
1827 645 2090 700 Nicolaus

501 740 817 811 patriarcha
847 746 904 794 et
942 739 1258 809 Stephanus
1283 753 1348 792 ae
1368 738 1607 792 Joannes
1631 738 1879 808 magistri
1917 737 2092 808 impe-

500 842 708 897 ratore,
746 831 812 885 ad
838 831 1008 900 878
1031 830 1363 886 Blachemas
1395 844 1570 897 usque
1603 830 1859 899 profecti,
1895 830 2088 884 ambos

498 926 793 999 Symeonis
820 925 963 979 ﬁlios
1003 923 1360 981 introduxere
1395 937 1459 976 ac
1488 938 1613 975 cum
1658 921 1991 991 imperatore
2029 920 2085 974 in

500 1017 704 1088 palatio
752 1016 933 1086 epulis
975 1030 1261 1083 excepere.
1313 1013 1537 1067 Nicolao
1590 1027 1722 1066 vero
1772 1011 2087 1082 patriarcha

499 1110 568 1164 ad
597 1108 926 1180 Symeonem
968 1120 1208 1177 egresso,
1244 1105 1337 1159 ille
1376 1103 1428 1159 ei
1460 1104 1894 1174 caputmodeste
1919 1104 2081 1159 incli-

500 1202 655 1257 navit
681 1219 694 1266 ;
723 1200 951 1269 fusaque
985 1214 1152 1269 super
1183 1212 1309 1252 eum
1345 1212 1530 1267 prece,
1560 1197 1874 1267 patriarcha
1918 1205 2084 1252 stem-

500 1296 665 1349 matis
710 1294 831 1347 loco
874 1291 958 1347 sui
991 1289 1189 1361 capitis
1209 1288 1613 1358 operimentum
1651 1290 1772 1360 ejus
1799 1288 1987 1358 capiti,
2025 1296 2085 1343 ut

500 1390 675 1451 aiunt,
705 1386 913 1457 injecit.
954 1375 1321 1453 Amplissimis
1358 1382 1543 1452 itaque
1567 1382 1961 1453 immensisque
1989 1397 2082 1437 ac-

497 1480 640 1550 cepti
670 1478 998 1533 muneribus
1014 1478 1259 1549 Symeon
1296 1492 1361 1532 ac
1389 1476 1575 1540 liberi,
1616 1492 1740 1531 cum
1783 1476 1850 1532 de
1883 1476 2083 1547 praadi-

495 1586 580 1627 cta
610 1587 741 1643 pace
775 1572 920 1626 inter
963 1587 1059 1627 eos
1085 1586 1192 1625 non
1219 1571 1352 1626 satis
1400 1571 1767 1635 convenisset,
1812 1571 1865 1624 in
1902 1569 2081 1641 regio-

495 1682 619 1721 nem
654 1680 809 1721 suam
839 1664 1077 1719 rediere.

563 1845 617 1897 8.
652 1842 1228 1913 ‘Constantino-igitur
1258 1842 1612 1913 imperatore,
1642 1841 1793 1896 velut
1826 1840 1917 1909 qui
1947 1853 2083 1909 puer

499 1945 680 2000 esset,
738 1943 968 1988 matrem
1028 1950 1182 1989 suam
1237 1934 1539 1990 identidem
1587 1935 1908 2004 requirente
1953 1935 2083 2005 (jam

493 2027 644 2081 enim
696 2024 1007 2081 Alexander
1046 2026 1373 2095 imperator,
1418 2024 1498 2079 uti
1539 2024 1751 2079 dictum
1798 2034 1904 2088 est,
1956 2024 2081 2078 aula

495 2113 755 2186 eiecerat)
794 2129 915 2169 eam
956 2130 1151 2169 rursus
1188 2114 1241 2167 in
1269 2114 1531 2184 palatium
1557 2123 1839 2169 revocant.
1876 2115 2082 2169 Rerum

496 2209 683 2278 itaque
735 2207 907 2277 potita
938 2221 1003 2260 ac
1039 2206 1286 2261 civilium
1322 2206 1859 2262 administrationem
1902 2214 2080 2270 nacta,

491 2298 917 2355 Constantinum
963 2298 1337 2353 accubitorem
1373 2308 1430 2352 et
1476 2298 1898 2353 Constantinum
1944 2297 2085 2352 Ana-

495 2394 835 2463 stasiumque
863 2390 1187 2464 Gongulios,
1225 2393 1305 2448 sic
1330 2402 1703 2462 nuncupatos,
1733 2391 1787 2445 in
1821 2391 2081 2461 palatium

496 2487 763 2552 assumit;
786 2486 1123 2557 Joannisque
1138 2486 1321 2540 Eladm
1341 2486 1575 2540 consilio
1592 2483 1885 2541 Alexandri
1906 2484 2083 2553 impc-

500 2580 697 2635 ratoris
736 2581 996 2642 asseclas,
1043 2580 1308 2634 Joannem
1346 2587 1643 2644 rectorem,
1683 2587 1739 2633 et
1770 2592 1935 2647 quem
1980 2576 2083 2632 Ga-

499 2672 868 2743 brielopulum
903 2680 1124 2733 vocant,
1159 2679 1216 2723 et
1241 2670 1551 2725 Basilitzem
1586 2686 1652 2725 ac
1676 2669 1941 2739 reliquos,
1990 2669 2084 2723 illo

496 2763 705 2833 dejicit.
764 2762 999 2819 Praelicit
1039 2778 1172 2816 vero
1201 2762 1309 2817 Zoe
1334 2760 2081 2833 Augusta-Theophylactum

495 2856 854 2911 Domenicum
884 2855 1280 2911 fmderatorum
1318 2857 1601 2911 comitem.
1643 2856 1885 2911 Joannes
1917 2870 2083 2924 porro

500 2950 761 3018 magister
795 2948 994 3003 Eladas
1020 2949 1212 3003 morbo
1242 2959 1555 3018 correptus,
1584 2964 1613 3003 a
1652 2946 1883 3003 medicis
1905 2947 2082 3002 salute

488 3040 809 3108 desperata,
864 3055 895 3094 e
924 3039 1127 3108 palatio
1163 3039 1458 3107 excedens,
1494 3055 1623 3095 cum
1653 3040 1718 3093 ad
1748 3040 2085 3094 Blacbernas

2192 555 2579 626 αἰτησάμενος.
2614 551 2737 604 Τῶν
2765 550 2822 604 δὲ
2845 551 3158 620 ἐπιτρόπων
3185 548 3284 619 τὴν
3320 547 3546 619 εἰρήνην
3593 546 3774 616 ἀσμε-

2193 646 2426 701 νέστατα
2455 642 2896 713 ἀποδεξαμένων,
2939 639 3260 695 ἀποστέλλει
3296 637 3525 708 Συμεὼν
3557 636 3773 692 Θεόδω-

2194 753 2285 807 ρον
2310 736 2613 806 μάγιστρον
2641 731 2735 788 τοῦ
2760 731 3093 801 συλλαλῆσαι
3123 729 3192 783 τά
3207 728 3305 798 τῆς
3328 728 3575 799 εἰρήνης.
3615 727 3777 781 Ἀνα-

2190 827 2480 897 λαϐόμενοι
2500 827 2558 880 δὲ
2585 827 2612 879 ὅ
2636 842 2695 878 τε
2717 824 3063 894 πατριάρχης
3087 819 3358 882 Νικόλαος
3377 818 3474 874 καὶ
3498 817 3775 888 Στέφανος

2192 922 2286 974 καὶ
2331 921 2585 989 Ἰωάννης
2621 921 2669 971 οἰ
2701 918 2995 990 μάγιστροι
3031 913 3124 968 τὸν
3160 912 3388 984 βασιλέα
3418 906 3582 982 ἦλθον
3610 910 3778 980 μέχρι

2189 1012 2300 1065 τῶν
2359 1011 2705 1083 Βλαχερνῶν,
2738 1011 2832 1064 καὶ
2873 1009 3169 1079 εἰσήγαγον
3208 1004 3336 1068 τοὺς
3361 1002 3455 1056 δύο
3485 1003 3638 1064 υἰοὺς
3668 1002 3777 1053 Συ-

2192 1102 2361 1172 μεὼν,
2391 1104 2488 1158 καὶ
2515 1102 2949 1173 συνεστιάθησαν
2982 1098 3063 1169 τῷ
3098 1096 3311 1169 βασιλεῖ
3341 1097 3401 1151 ὲν
3450 1096 3564 1159 τοῖς
3593 1093 3780 1146 παλα-

2187 1197 2343 1261 τίοις.
2364 1196 2635 1259 Νικόλαος
2648 1195 2707 1248 δὲ
2722 1195 2752 1247 ό
2776 1191 3123 1262 πατριάρχης
3148 1187 3340 1257 ἐξῆλθε
3370 1185 3508 1257 πρὸς
3525 1179 3774 1253 Συμεῶν’

2186 1280 2341 1357 ᾧτινι
2394 1287 2491 1358 τὴν
2527 1284 2766 1357 κεφαλὴν
2811 1282 3067 1337 ὑπέκλινε
3122 1277 3369 1349 Συμεών.
3410 1275 3589 1346 Εὺχὴν
3629 1272 3724 1326 οὖν
3750 1273 3780 1326 ό

2190 1379 2538 1452 πατριάρχης
2555 1378 2788 1449 ποιήσας
2805 1376 2926 1431 άντί
2939 1372 3032 1427 στέ
3042 1388 3274 1444 μματος,
3293 1368 3368 1430 ὥς
3391 1383 3548 1437 φασι,
3566 1365 3627 1418 τὸ
3646 1364 3781 1418 ἴδιον

2189 1474 2612 1547 ὲπιρῤιπτάριον
2634 1474 2702 1544 τῇ
2727 1469 2891 1525 αὑτοῦ
2932 1466 3170 1538 ἐπέθηκε
3189 1464 3426 1533 κεφαλῇ.
3451 1460 3657 1530 Δώροις
3681 1456 3777 1512 οὖν

2186 1570 2447 1640 ἀμέτροις
2467 1584 2529 1622 τε
2564 1567 2658 1620 καί
2686 1565 2981 1635 ,μεγίστοις
3011 1557 3499 1633 φιλοφρονηθέντες
3532 1556 3560 1608 ὃ
3585 1571 3644 1607 τε
3675 1553 3780 1605 Συ-

2189 1660 2336 1729 μεὼν
2357 1658 2451 1712 καὶ
2476 1660 2525 1711 οἰ
2556 1655 2745 1710 τούτου
2772 1654 2877 1709 υἰοὶ
2896 1654 2976 1716 εἰς
3004 1654 3105 1722 τήν
3134 1651 3271 1704 ἰδίαν
3292 1648 3476 1719 χώραν
3507 1644 3781 1714 ὑπέστρε-

2189 1753 2319 1822 ψαν,
2350 1750 2669 1820 ἀσύμφωνοι
2696 1746 2789 1801 ἐπὶ
2814 1749 2879 1817 τῇ
2910 1744 3177 1816 εἰρημένῃ
3203 1743 3394 1812 εἰρήνη
3410 1736 3775 1797 διαλυθέντες.

2262 1852 2333 1917 η’.
2366 1842 2478 1897 Τοῦ
2516 1841 2779 1913 βασιλέως
2819 1834 2915 1892 οὖν
2946 1833 3385 1897 Κωνσταντίνου,
3443 1831 3539 1884 ἆτε
3586 1826 3778 1890 παιδὸς

2185 1942 2340 2004 ϐντος
2372 1939 2462 1993 καὶ
2492 1938 2592 2009 τὴν
2624 1935 2761 1990 ἰδίαν
2794 1932 3008 2004 μητέρα
3061 1925 3477 2000 ὲπιζητοῦντος”
3528 1921 3628 1995 ήδη
3664 1921 3779 1992 γάρ

2184 2030 2354 2101 αὐτὴν
2379 2028 2662 2097 κατήγαγε
2684 2023 2781 2078 τοῦ
2818 2022 3109 2085 παλατίου,
3145 2018 3222 2081 ὼς
3246 2017 3484 2089 εἴρηται,
3521 2010 3779 2075 Ἀλέξαν-

2183 2125 2305 2197 δρος
2338 2126 2365 2177 ὁ
2386 2121 2637 2193 βασιλεύς
2658 2136 2672 2151 ·
2700 2118 2770 2188 ἢν
2807 2118 2902 2171 καὶ
2940 2112 3366 2177 ἀναϐιϐάζουσιν
3395 2107 3583 2197 πάλιν.
3624 2103 3777 2197 ᾼϐτη

2183 2194 2277 2269 οὖν
2298 2210 2635 2284 περικρατὴς
2651 2209 2697 2240 ³⁸
2717 2205 2988 2277 γενομένη
3018 2205 3117 2273 τῆς
3154 2200 3433 2273 βασιλείας
3453 2194 3778 2261 ἀναϐιϐάζει

2186 2303 2264 2366 εἰς
2292 2301 2353 2354 τὸ
2385 2299 2645 2354 παλάτιον
2684 2296 3104 2350 Κωνσταντῖνον
3137 2292 3229 2345 τὸν
3274 2286 3780 2362 παρακοιμώμενον

2185 2395 2280 2447 καὶ
2314 2394 2721 2447 Κωνσταντίνον
2758 2388 2852 2441 καὶ
2890 2385 3253 2439 Ἀναστὰσιον
3278 2384 3405 2445 τοὺς
3442 2378 3777 2449 Γογγυλίους

2183 2486 2530 2556 λεγομένους,
2561 2486 2654 2537 καί
2689 2484 2753 2553 τῇ
2793 2480 2961 2551 βουλῇ
3003 2478 3256 2533 Ἰωάννου
3293 2474 3491 2529 Ἐλαδᾶ
3544 2469 3779 2527 καταϐι-

2187 2579 2483 2643 ϐάζειτοὺς
2510 2576 2743 2639 οἰκείους
2780 2571 3136 2642 Ἀλεξάνδρου
3163 2569 3255 2623 τοῦ
3285 2566 3572 2639 βασιλέως,
3587 2563 3777 2617 Ἰωάν-

2185 2691 2281 2745 νην
2316 2673 2404 2726 τὸν
2448 2671 2730 2742 ραίκτωρα
2766 2667 2863 2721 καὶ
2914 2666 3007 2720 τὸν
3039 2663 3332 2733 λεγόμενον
3363 2657 3778 2729 Γαϐριηλόπου-

2184 2767 2274 2819 λον
2315 2765 2410 2820 καὶ
2437 2762 2764 2831 Βασιλίτζην
2796 2758 3039 2821 καὶτοὺς
3078 2755 3321 2819 λοιπούς.
3354 2749 3779 2824 Προχειρίζεται

2185 2858 2239 2911 δὲ
2261 2855 2384 2926 Ζωὴ
2412 2854 2702 2923 Αὑγούστα
2728 2851 3112 2922 Θεοφύλακτον
3136 2846 3439 2917 Δομήνικον
3468 2840 3782 2912 ὲταιρειάρ-

2186 2966 2309 3021 χην.
2346 2948 2605 3016 Ἰωάννης
2626 2945 2682 2999 δὲ
2715 2945 3021 3015 μάγιστρος
3045 2942 3073 2993 ὁ
3111 2939 3335 3002 Ἐλαδᾶς
3372 2937 3514 3007 νόσῳ
3545 2949 3779 3004 περιπε-

2188 3040 2297 3094 σὼν
2326 3040 2419 3096 καὶ
2455 3035 2859 3107 άπαγορευθεὶς
2900 3033 3055 3104 παρὰ
3082 3031 3193 3085 τῶν
3236 3028 3461 3101 ἰατρῶν,
3497 3023 3779 3080 κατελθὼν

496 3131 761 3194 venisset,
799 3131 1217 3199 ingravescente
1247 3132 1441 3186 morbo
1474 3131 1600 3186 fatis
1626 3131 1925 3187 concessit.
1974 3132 2081 3186 Do-

2187 3133 2252 3186 ἑκ
2284 3130 2377 3187 τοῦ
2405 3131 2672 3185 παλατίου
2704 3129 2798 3183 καὶ
2830 3128 2888 3180 ὲν
2929 3129 3048 3189 ταῖς
3080 3124 3413 3194 Βλαχέρναις
3462 3116 3778 3216 παραγενόῖ

478 3222 1107 3279 αηθηίοἰίιειαιτίθιοοίιῑε
1155 3223 1327 3293 879
1360 3223 1595 3278 consilio
1640 3223 1750 3278 Zoe
1795 3223 2082 3279 Nicolaum

2189 3244 2352 3297 μενος
2375 3224 2468 3279 καὶ
2493 3223 2599 3278 ὑπὸ
2624 3222 2725 3293 τῆς
2748 3221 2907 3275 νόσου
2932 3217 3193 3290 βαρηθεὶς
3211 3213 3464 3284 τελευτᾷ.
3487 3212 3557 3264 Συ
3568 3208 3779 3279 μϐουλῇ

494 3315 867 3384 patriarcham
917 3331 1042 3370 cum
1100 3316 1345 3381 asseclis,
1408 3332 1532 3371 cum
1581 3316 1685 3381 ira,
1735 3318 1859 3372 aula
1909 3317 2081 3387 ejicit.

494 3422 651 3461 suam
690 3408 864 3477 ipsius
884 3408 1085 3476 iubens
1109 3422 1307 3462 curare
1337 3408 1655 3463 ecclesiam.

570 3668 622 3721 9.
652 3667 766 3722 Nec
796 3668 973 3723 multo
1001 3678 1125 3741 post
1151 3670 1548 3729 Constantinus
1577 3675 1864 3731 accubitor
1887 3677 2084 3733 Dome-

496 3760 683 3814 nieum
739 3759 1162 3816 betaeriarcham
1214 3764 1361 3833 apud
1420 3763 1721 3837 Augustam
1775 3768 2080 3836 insimulat,

485 3852 651 3929 quasi
698 3853 792 3922 qui
839 3868 1021 3908 rerum
1074 3869 1345 3911 summam
1394 3857 1451 3913 in
1499 3858 1726 3915 fratrem
1782 3861 2084 3918 transferre

497 3942 783 4013 cogitaret.
818 3944 1087 4001 Simulate
1117 3946 1302 4019 itaque
1329 3950 1546 4019 patricii
1582 3951 1850 4024 dignitate
1878 3971 2082 4011 oman—

493 4044 599 4100 tes,
646 4050 772 4091 cum
805 4036 858 4090 in
906 4037 1197 4093 ecclesiam
1239 4042 1457 4097 solenni
1492 4044 1603 4098 ritu
1642 4046 1901 4115 precibus
1935 4063 2081 4103 com-

496 4129 831 4186 muniendus
860 4130 1260 4199 descendisset,
1300 4134 1481 4205 ipsum
1528 4136 1678 4192 domi
1711 4154 1937 4194 manere
1961 4140 2083 4211 jus-

495 4229 707 4274 serunt.
750 4221 879 4291 Ejus
899 4222 1020 4277 loco
1045 4223 1422 4292 praefecit’Zoe
1451 4224 1852 4284 foederatorum
1889 4232 2085 4286 turmis

492 4310 760 4365 Joannem
780 4312 1058 4380 Garidam,
1084 4314 1411 4371 Damianum
1428 4334 1561 4373 vero
1580 4321 1899 4376 eunuchum
1931 4337 2085 4379 crea-

495 4406 573 4457 vit
622 4405 1005 4461 excubitorum
1049 4408 1429 4481 drungarium.
1487 4413 1822 4471 Domenicus
1878 4416 2081 4472 frustra

495 4498 688 4566 lugens
717 4513 782 4552 ac
808 4499 1081 4567 quiritans
1110 4518 1170 4557 se
1200 4503 1425 4560 domum
1452 4507 1681 4576 recepit.

566 4589 653 4642 lO.
685 4588 955 4644 Caeterum
985 4592 1254 4665 Symeone
1286 4596 1525 4667 Bulgaro
1548 4599 1750 4653 iterum
1786 4599 2078 4658 Thraciam

495 4682 824 4749 infestante,
875 4685 1119 4756 Augusta
1158 4691 1602 4761 proceribusque
1649 4692 1820 4748 animi
1875 4696 2078 4759 anxiis,

493 4788 604 4842 quo
632 4774 851 4829 tandem
874 4778 1038 4833 modo
1053 4779 1293 4836 hominis
1326 4783 1699 4854 arrogantiam
1727 4801 2080 4857 compescere

494 4866 707 4930 liceret,
756 4870 967 4939 rogavit
1007 4870 1247 4927 Joannes
1288 4874 1491 4945 Bosgas
1526 4877 1870 4946 utpatricius
1899 4878 2078 4946 ﬁeret,

493 4958 811 5015 Patzinacas
850 4961 1118 5019 adversus
1153 4980 1281 5020 eum
1334 4983 1394 5022 se
1430 4969 1831 5025 conducturum
1865 4974 2081 5042 pollici-

493 5057 601 5104 tus.
652 5050 774 5106 Voti
806 5054 993 5123 itaque
1024 5070 1250 5126 compos
1278 5056 1533 5124 effectus,
1567 5062 1919 5132 acceptisque
1959 5081 2080 5121 mu-

492 5143 740 5209 neribus,
764 5145 835 5200 ad
870 5161 966 5201 eos
989 5147 1096 5202 iter
1119 5151 1428 5205 contendit.
1469 5151 1547 5206 Ac
1580 5168 1711 5208 vero
1741 5154 1851 5209 icto
1870 5155 2079 5212 foedere

492 5232 733 5303 indeque
780 5237 1023 5307 acceptis
1062 5238 1353 5295 obsidibus
1384 5257 1481 5297 eos
1508 5242 1562 5297 in
1604 5243 1795 5299 urbem
1826 5247 2077 5314 adduxit,

491 5338 615 5377 cum
638 5327 868 5395 polliciti
894 5339 1081 5385 essent
1106 5329 1428 5388 Patzinaces
1454 5338 1779 5394 transmisso
1800 5340 1950 5396 .lstro
1981 5341 2080 5413 Sy-

491 5429 743 5471 meonem
772 5434 830 5473 se
864 5420 1240 5478 debellaturos
1272 5440 1414 5481 esse.

565 5507 650 5561 ll.
700 5509 862 5564 Venit
900 5529 1031 5567 vero
1059 5514 1226 5569 etiam
1258 5516 1311 5570 in
1364 5518 1557 5574 urbem
1588 5520 1835 5587 Asotius,
1864 5523 1949 5576 vir
1986 5540 2076 5579 ro-

490 5594 643 5652 Loris
684 5600 829 5655 fama
876 5604 1387 5677 nominatissimus,
1446 5611 1715 5683 principis
1761 5613 2073 5685 principum

2185 3319 2493 3390 Δομηνίκου
2521 3315 2905 3388 ἑταιρειάρχου
2932 3308 3303 3372 καταϐιϐάζει
3332 3304 3457 3376 Ζωὴ
3502 3301 3779 3356 Νικόλαον

2190 3413 2538 3484 πατριάρχην
2569 3409 2691 3480 ἅμα
2751 3412 2865 3470 τοῖς
2925 3404 3023 3459 σὺν
3091 3401 3242 3473 αὐτῷ
3305 3398 3425 3471 μετ’
3464 3395 3659 3467 ὀργῆς,
3706 3392 3778 3445 τά

2184 3509 2287 3578 τῆς
2313 3506 2446 3569 ἰδίας
2468 3502 2770 3574 ἐκκλησίας
2795 3496 3084 3573 περιποιού
3094 3512 3254 3569 μενον
3276 3494 3323 3526 ⁸⁸
3343 3492 3439 3548 καὶ
3466 3486 3780 3563 φροντίζειν

2187 3600 2440 3654 εἰποῦσα.

2260 3692 2328 3749 θ’.
2362 3691 2485 3765 [05]
2526 3689 2645 3761 μετ’
2670 3690 2733 3743 οὐ
2766 3688 2903 3741 πολὺ
2934 3685 2992 3739 δὲ
3026 3682 3438 3743 Κωνσταντῖνος
3497 3692 3767 3748 παρακοι-

2192 3784 2443 3857 μὼμενος
2465 3779 2742 3835 διαϐάλλει
2758 3782 2823 3851 τῇ
2841 3774 3129 3848 Αὐγούστῃ
3152 3773 3451 3845 Δομήνικον
3464 3769 3769 3841 ἐταιρειάρ-

2188 3893 2290 3949 χην
2319 3874 2394 3937 ὠς
2430 3875 2529 3943 τὴν
2569 3870 2848 3942 βασιλείαν
2881 3867 3342 3938 σφετεριζόμενον
3373 3862 3451 3927 εἰς
3479 3861 3573 3915 τὸν
3602 3857 3771 3913 αὐτοῦ

2188 3968 2436 4036 ἀδελφόν.
2495 3963 2697 4018 Τοῦτον
2747 3962 3021 4035 προφάσει
3076 3959 3367 4030 πατρίκιον
3422 3954 3774 4025 ποιήσαντες,
3850 3994 3851 3999 η

2188 4056 2543 4118 κατελθόντος
2573 4056 2631 4107 ἐν
2661 4055 2728 4124 τῇ
2762 4048 3033 4123 ἐκκλησίᾳ
3064 4049 3148 4112 -ὡς
3186 4047 3311 4110 ἔθος
3358 4043 3527 4116 εὐχὴν
3562 4041 3774 4106 λαϐεῖν,

2187 4153 2326 4204 οἶκοι
2379 4148 2562 4220 μένειν
2612 4143 3108 4217 παρεκελεύσαντο.
3142 4139 3489 4213 Προεϐάλετο
3542 4136 3599 4191 δὲ
3650 4135 3774 4207 Ζωὴ

2202 4243 2451 4311 Ἰωάννην
2474 4238 2715 4309 Γαριδᾶν
2740 4235 3131 4308 ἑταιρειάρχην
3156 4233 3252 4287 καὶ
3289 4229 3563 4302 Δάμιανὸν
3584 4228 3773 4282 εὐνοῦ-

2190 4353 2282 4405 χον
2312 4335 2411 4401 τῆς
2439 4329 2628 4401 βίγλης
2663 4328 3050 4401 δρουγγάριον.
3079 4326 3381 4396 Δομήνικος
3417 4311 3474 4376 δὲ
3528 4320 3774 4391 ἀπῆλθεν

2190 4429 2248 4480 ὲν
2266 4428 2343 4498 τῷ
2362 4427 2499 4496 οἴκῳ
2535 4422 2701 4479 αὑτοῦ
2733 4423 2967 4491 ἀνόνητα
2999 4421 3129 4491 όλοφ
3142 4421 3429 4490 υρόμενος.

2264 4608 2353 4678 [Ρ.
2384 4605 2513 4679 568]
2548 4614 2599 4661 ι’.
2624 4606 2731 4661 Τοῦ
2754 4605 2811 4660 δὲ
2839 4603 3151 4674 Βουλγάρου
3172 4601 3402 4674 Συμεὼν
3424 4602 3519 4672 τὴν
3551 4599 3775 4671 Θρᾴκην

2191 4698 2356 4753 πάλιν
2388 4698 2731 4767 ληϊζομένου,
2763 4698 2818 4749 ὲν
2853 4695 3096 4767 φροντίδι
3131 4692 3297 4763 οβσης
3325 4691 3426 4760 τῆς
3456 4687 3776 4757 Αὑγούστης

2191 4792 2285 4845 καί
2312 4791 2418 4843 τῶν
2448 4793 2507 4844 ὲν
2526 4790 2672 4842 τέλει
2698 4791 2844 4852 ὅπως
2874 4788 3039 4841 αὑτὸν
3070 4786 3168 4856 τῆς
3198 4780 3518 4845 ἀλαζονείας
3550 4776 3773 4829 παύσω-

2188 4898 2295 4949 σιν,
2322 4884 2565 4955 ᾐτήσατο
2600 4882 2857 4951 Ἰωάννης
2891 4883 2918 4933 ό
2950 4880 3130 4947 Βογᾶς
3165 4872 3419 4945 γενέσθαι
3457 4868 3769 4939 πατρίκιος,

2189 4976 2561 5046 ὑποσχόμενος
2604 4975 2834 5043 ἀγαγεῖν
2867 4970 2988 5026 κατ’
3020 4967 3187 5023 αὑτοῦ
3238 4962 3609 5028 ΙΙατζίνακας.
3655 4958 3771 5030 Τῆς

2185 5068 2455 5137 αἰτήσεως
2489 5066 2546 5120 δὲ
2575 5064 2757 5135 τυχὼν
2808 5062 2959 5133 δῶρά
2992 5078 3049 5114 τε
3076 5057 3258 5112 λαϐὼν
3288 5056 3367 5118 είς
3389 5053 3489 5126 τὴν
3512 5052 3621 5106 τῶν
3656 5053 3769 5105 Πα-

2184 5159 2455 5225 τζινάκων
2475 5158 2659 5230 χώραν
2693 5156 2883 5227 ἀπῄει,
2917 5155 3011 5207 καὶ
3037 5152 3103 5226 δὴ
3132 5148 3502 5220 σπεισάμενος
3528 5146 3773 5218 ὁμήρους

2186 5250 2398 5304 ἐκεῖθεν
2455 5248 2637 5303 λαϐὼν
2692 5250 2903 5320 ἢγαγεν
2940 5247 2999 5301 ἐν
3055 5248 3127 5319 τῇ
3187 5243 3368 5309 πόλει,
3424 5239 3773 5311 συνθεμένων

2183 5345 2295 5398 τῶν
2322 5342 2684 5409 Πατςινάκων
2718 5342 3052 5412 διαπερᾶσαι
3090 5338 3189 5393 καὶ
3215 5339 3307 5393 τὸν
3345 5335 3574 5408 Συμεὼν
3597 5350 3771 5389 κατα-

2182 5438 2513 5510 πολεμῆσαι.

2256 5529 2343 5584 ια’.
2369 5529 2711 5600 Παρεγένετο
2740 5528 2797 5584 δὲ
2823 5530 2883 5583 ὲν
2908 5532 2970 5601 τῇ
3006 5528 3158 5583 πόλει
3181 5526 3277 5583 καί
3316 5524 3597 5590 ’Δσώτιοω
3629 5516 3773 5589 ἀνὴρ

2180 5623 2274 5676 ἐπὶ
2306 5622 2498 5693 ῥώμης
2531 5622 2985 5693 ὀνομαστότατος,
3015 5622 3129 5681 υἱὸς
3152 5620 3227 5676 ὢν
3249 5619 3342 5675 τοῦ
3368 5620 3629 5691 ἄρχοντος
3656 5611 3765 5671 τῶν

1766 5703 2005 5762 νΑιιιλΕ
2058 5712 2469 5769 LEGTiONES.

579 5784 621 5815 ει

650 5792 1003 5858 περικραθε“ις
1049 5794 1103 5847 Ρ.
1190 5798 1232 5828 ⁸⁸
1268 5799 1672 5867 περιποιεῖσθαι
1708 5814 1897 5870 margo
1922 5800 1985 5855 Ρ.
