4128 6454
359 379 458 443 941
734 402 739 411 ·
1466 384 1667 445 νΙΤᾸΞ
1702 384 1930 445 RECEP

2040 386 2261 447 ORUM
2305 389 2511 452 lMPP.
3546 399 3653 463 942

356 498 638 570 ἀρχόντων
661 515 674 529 ⁸
712 500 769 552 ὃν
807 517 939 568 φασι
974 501 1197 571 σιδηρᾶν
1230 499 1430 571 ῥάϐδον
1492 504 1557 555 ὲκ
1593 503 1703 556 τῶν
1761 502 1930 574 ἀκρωπ

2054 503 2219 560 ﬁlius.
2282 505 2558 561 Fercbant
2610 506 2817 578 virgam
2862 506 3097 563 ferream
3126 550 3140 574 ,
3190 511 3351 582 cujus
3403 522 3648 569 extrema

360 593 656 661 ἑκατέραις
691 592 847 662 χερσὶ
904 593 1222 663 κρατοῦντα
1252 595 1316 665 τῇ
1352 593 1770 667 ὑπερϐαλλούσῃ
1813 596 1930 665 ἁλκῖ

2059 598 2316 652 manibus
2354 606 2592 665 teneret,
2623 615 2731 669 qua
2759 600 3002 669 pollebat
3023 602 3225 658 eximia
3254 604 3330 670 vi,
3363 604 3649 662 inﬂectere

358 687 729 755 διακὰμπτειν
768 687 863 740 καὶ
892 688 1029 758 πρὸς
1062 686 1122 740 τὸ
1154 687 1414 741 κυκλικὸν
1440 690 1633 760 σχῆμα
1669 690 1949 760 μετάγειν,

356 782 457 847 τῆς
482 778 776 832 ἀντιτύπου
805 778 900 832 τοῦ
922 779 1142 850 σιδήρου
1168 779 1385 848 φύσεως
1405 783 1471 852 τῇ
1508 780 1601 854 βίᾳ
1622 781 1731 835 τῶν
1752 782 1952 853 χειρῶν

356 871 720 942 ὑπεικούσης.
807 874 907 925 Ὃν
968 872 1418 944 παραγενόμενον
1511 874 1652 945 μετὰ
1748 874 1953 944 πολλῆς

352 966 523 1034 τιμῆς
548 965 875 1032 ὑπεδέξαντο
900 966 995 1019 καὶ
1028 965 1191 1020 πάλιν
1215 967 1294 1030 είς
1325 967 1427 1038 τὴν
1475 968 1613 1022 ἰδίαν
1640 967 1827 1040 χώραν
1860 965 1949 1033 ἐξ·

356 1058 384 1112 ἐ
397 1059 640 1129 πεμψαν.

431 1151 519 1221 ιβ’.
582 1151 948 1223 Σεπτεμϐρίῳ
988 1150 1142 1222 μηνὶ,
1190 1151 1524 1214 ίνδικτιῶνος
1577 1151 1650 1221 γ’,
1688 1154 1952 1222 Παγκρα-

352 1244 558 1306 τούκας
583 1245 612 1295 6
662 1244 950 1313 Ἀρμένιος
979 1243 1080 1315 τὴν
1131 1242 1578 1313 Ἀδριανούπολιν
1610 1242 1689 1313 τῷ
1720 1242 1950 1311 Συμεὼν

355 1335 675 1406 παρέδωκεν
711 1336 777 1389 ³⁸.
819 1334 951 1389 Μετ’
999 1336 1060 1388 οὐ
1098 1335 1234 1389 πολὺ
1269 1336 1326 1389 δὲ
1360 1336 1641 1406 ἀπεστάλη
1669 1334 1950 1398 Βασίλειος

351 1430 645 1501 πατρίκιος
673 1428 767 1480 καὶ
794 1426 1106 1490 κανίκλειος
1140 1428 1237 1479 καὶ
1267 1427 1517 1498 Νικήτας
1544 1425 1948 1497 πρωτοσπαθά-

352 1535 472 1589 ριος
515 1519 794 1579 Ἐλαδικὸς
824 1519 978 1591 παρὰ
1010 1518 1165 1590 Ζωῆς
1200 1519 1340 1590 μετά
1369 1519 1558 1591 δώρων
1583 1517 1817 1583 πολλῶν,
1845 1517 1943 1571 καὶ

348 1597 791 1682 ἀντιπαρέλαϐεν
825 1610 994 1681 αὐτὴν
1019 1610 1202 1665 πάλιν.

425 1710 514 1772 ιγ’.
532 1699 705 1757 Ἦλθε
736 1704 791 1758 δὲ
815 1706 910 1757 καὶ
935 1706 1149 1775 ἀμερᾶς
1177 1706 1205 1758 ὀ
1240 1705 1519 1776 Δαμιανδς
1542 1704 1623 1769 είς
1653 1704 1943 1776 Στρόϐιλον

2056 687 2228 758 inque
2256 689 2450 744 circuli
2481 690 2650 760 880
2678 689 2908 745 formam
2936 692 3276 763 intorquere,
3314 694 3446 750 ferri
3480 696 3650 751 nimi-

2056 795 2179 833 rum
2212 779 2416 835 duritie
2463 780 2613 835 illius
2660 797 2926 836 manuum
2968 782 3158 838 robori
3197 786 3453 843 cedente.
3487 787 3648 843 Hunc

2054 872 2371 925 venientem
2416 873 2592 927 multo
2624 873 2838 928 honore
2877 888 3173 944 suscepere
3220 891 3288 932 ac
3324 893 3548 933 rursum
3591 879 3645 933 iu

2055 962 2290 1033 patriam
2321 963 2611 1017 remisere.

2124 1146 2213 1199 12.
2268 1145 2453 1202 Mense
2489 1147 2822 1219 Septembri,
2860 1149 3168 1206 indictione
3203 1150 3367 1206 tertia
3398 1149 3639 1205 Pancra-

2052 1245 2208 1293 tucas
2248 1238 2545 1295 Armenius
2594 1240 3008 1311 Adrianopolim
3062 1241 3323 1314 Symeoni
3361 1242 3639 1313 prodidit;

2048 1346 2151 1387 nec
2184 1332 2361 1387 multo
2394 1341 2520 1402 post
2568 1334 2773 1389 missus
2817 1334 3054 1391 Basilius
3080 1336 3347 1405 patricius
3378 1351 3450 1392 ac
3481 1336 3639 1392 cani-

2050 1425 2157 1479 clio
2185 1426 2475 1495 praefectus
2502 1427 2835 1498 Nicetasque
2864 1428 3349 1499 protospatharius
3380 1429 3641 1486 Eladicus

2048 1532 2077 1571 a
2095 1516 2205 1572 Zoe
2233 1518 2474 1589 Augusta
2498 1534 2624 1573 cum
2652 1520 2840 1576 multis
2866 1521 3194 1577 muneribus
3218 1521 3415 1577 urbem
3437 1537 3639 1578 rursus

2048 1610 2287 1680 recepit.

2118 1703 2207 1757 l3.
2262 1704 2429 1760 Venit
2456 1718 2591 1760 vero
2638 1704 2937 1760 Damianus
2986 1719 3202 1761 ameras
3234 1707 3292 1761 in
3329 1705 3636 1762 Strobilum

353 1797 493 1868 μετὰ
524 1797 724 1852 πλοίων
757 1797 848 1851 τοῦ
886 1798 1195 1869 πολεμῆσαι
1219 1798 1392 1870 αὐτὴν
1428 1796 1571 1868 μετὰ
1604 1797 1807 1868 πολλῆς
1841 1799 1930 1868 τῆς

2045 1809 2171 1850 cum
2228 1796 2405 1851 classe
2457 1797 2743 1867 multaque
2802 1804 3013 1852 armata
3060 1813 3228 1855 manu
3275 1815 3340 1855 ac
3365 1799 3542 1870 copiis
3564 1800 3634 1854 ad

348 1888 653 1959 δυνάμεως,
700 1890 794 1941 καὶ
839 1887 1047 1959 ταύτην
1102 1890 1411 1961 παρέλαϐεν
1457 1890 1544 1955 ἂν,
1581 1892 1629 1942 εἰ
1683 1890 1756 1958 μὴ
1787 1890 1940 1960 νοσή-

348 1997 450 2043 σας
468 1979 840 2051 ἐτελεύτησεν,
872 1981 1337 2052 ὑποστρεψάντων
1358 1981 1616 2052 διακενῆς
1645 1980 1755 2033 τῶν
1773 1981 1937 2049 Ἀγα-

348 2090 551 2143 ρηνων.

420 2251 501 2310 ιδ’.
526 2255 587 2308 Ol
618 2254 675 2309 δὲ
697 2256 794 2325 τῆς
829 2256 1080 2321 Ἑλλάδος
1105 2258 1201 2311 καὶ
1231 2257 1342 2311 τῶν
1377 2258 1622 2329 Ἀθηνῶν
1651 2261 1935 2330 οἰκήτορες

345 2346 589 2415 συνεχῶς
618 2346 1056 2420 ἐπηρεαζόμενοι
1088 2349 1241 2421 παρὰ
1271 2350 1423 2403 Χασὲ
1449 2350 1569 2404 υίοῦ
1598 2351 1694 2404 τοῦ
1732 2351 1933 2423 ἰούϐη,

340 2438 442 2511 τὴν
472 2440 640 2493 αὐτοῦ
698 2442 967 2496 ἀσωτείαν
1035 2444 1109 2515 μὴ
1173 2444 1515 2512 ἐνεγκόντες,
1543 2444 1713 2509 λίθοις
1745 2445 1936 2500 τοῦτον

340 2532 556 2585 ἀνεῖλον
624 2535 815 2598 κακῶς
855 2534 1069 2588 ἔνδοθεν
1120 2536 1214 2588 τοῦ
1273 2535 1672 2608 θυσιαστηρίου
1728 2536 1827 2591 τοῦ
1875 2539 1935 2591 ἐν

352 2624 612 2696 Ἀθήναις
646 2627 799 2680 ναοῦ.

415 2736 498 2772 ιε.
546 2719 828 2773 Βλέπουσα
860 2721 919 2773 δὲ
978 2723 1011 2793 ἡ
1047 2722 1341 2791 Λύγούστα
1386 2722 1509 2793 Ζωὴ
1539 2723 1640 2793 τὴν
1700 2722 1934 2793 ἔπαρσιν

339 2810 568 2883 Συμεὼν
601 2815 695 2866 καὶ
737 2814 837 2884 τὴν
868 2813 1010 2867 κατὰ
1064 2815 1175 2868 τῶν
1215 2814 1563 2886 Χριστιανῶν
1608 2814 1776 2869 αὐτοῦ
1806 2817 1928 2869 ὲπί-

338 2904 511 2970 θεσιν,
544 2905 736 2978 βουλὴν
762 2907 903 2976 μετά
929 2908 1039 2961 τῶν
1070 2900 1128 2961 ἐν
1157 2909 1303 2961 τέλει
1330 2907 1647 2979 βουλεύεται
1673 2909 1931 2978 ἀλλάγιον

336 2998 433 3049 καὶ
465 2999 690 3069 εἰρήνην
747 3000 887 3071 μετά
944 2999 1055 3054 τῶν
1117 3002 1443 3073 Ἀγαρηνῶν
1496 3001 1926 3072 διαπράξασθαι,

336 3088 671 3162 διαπερᾶσαι
695 3092 752 3145 δὲ
777 3093 955 3146 πάντα
978 3093 1071 3148 τὸν
1101 3094 1199 3166 τῆς
1233 3095 1504 3164 ἀνατολῆς
1528 3094 1764 3165 στρατὸν
1790 3093 1927 3163 πρὸς

2042 1902 2163 1942 eam
2193 1890 2615 1960 expugnandam
2643 1890 2933 1946 instructis
2950 1933 2966 1957 ,
2992 1898 3196 1946 etvero
3225 1906 3346 1947 eam
3368 1901 3634 1962 capturus

2040 1989 2161 2034 erat
2189 2021 2202 2045 ,
2258 1980 2365 2035 nisi
2423 1983 2617 2038 morbo
2687 1993 2981 2053 correptus
3033 1982 3162 2039 fatis
3229 1985 3631 2053 concessisset;

2040 2073 2198 2141 cujus
2240 2074 2466 2130 interitu
2524 2074 2730 2130 factum
2789 2083 2851 2129 ut
2907 2074 3173 2131 Saraceni
3219 2075 3383 2132 irrito
3428 2085 3633 2134 conatu

2042 2164 2307 2220 redirent.

2114 2258 2200 2313 14.
2232 2257 2456 2315 Gracia;
2489 2270 2672 2315 autem
2701 2268 2758 2316 et
2785 2260 3125 2317 Athenarum
3151 2261 3345 2332 populi
3371 2260 3631 2330 civesque

2039 2355 2320 2410 continuis
2342 2353 2509 2410 Chasi
2540 2356 2638 2411 ﬁlii
2660 2356 2817 2412 Juba:
2844 2355 3067 2427 injuriis
3090 2355 3295 2422 vexati,
3325 2355 3447 2426 ejus
3466 2354 3631 2410 luxu-

2038 2446 2175 2499 riam
2204 2445 2710 2518 incxplehilemque
2740 2448 3103 2519 cupiditatem
3130 2448 3276 2503 ferre
3298 2463 3412 2502 non
3442 2448 3633 2503 valen-

2039 2544 2137 2598 tes,
2192 2538 2471 2608 lapidibus
2535 2540 2800 2594 obrutum
2846 2540 2991 2594 intra
3044 2540 3226 2610 ipsum
3290 2538 3630 2595 Athenarum

2039 2630 2226 2699 templi
2257 2632 2541 2700 penetrale
2576 2632 2717 2687 male
2754 2634 3174 2688 interemerunt.

2110 2724 2196 2777 15.
2252 2723 2459 2780 Videns
2500 2740 2670 2796 porro
2710 2724 2821 2780 Zoe
2863 2727 3111 2797 Augusta
3137 2724 3428 2798 Symeonis
3451 2725 3630 2781 elatos

2034 2816 2245 2871 animos
2267 2832 2331 2871 ac
2356 2818 2691 2887 superbiam,
2722 2818 2954 2888 ejusque
2994 2817 3261 2873 adversus
3282 2818 3630 2874 Christianos

2033 2907 2432 2976 grassationem
2465 2925 2577 2963 non
2611 2909 2819 2971 ferens,
2864 2924 2922 2965 re
2946 2926 3070 2965 cum
3094 2910 3453 2980 Optimatibus
3484 2910 3627 2966 deli-

2034 2999 2222 3054 berata
2256 3000 2437 3056 fcedus
2461 3001 2605 3057 icere
2630 3016 2936 3072 pacemque
2963 3016 3300 3072 componere
3330 3017 3456 3057 cum
3484 3002 3628 3073 Aga-

2034 3090 2183 3146 renis
2226 3092 2440 3157 statuit,
2486 3106 2793 3163 omnesque
2833 3092 2973 3147 Asia:
3006 3091 3197 3161 copias
3232 3091 3301 3146 ad
3335 3091 3625 3147 debellan-

331 3182 397 3234 τὸ
426 3183 735 3253 πολεμῆσαι
767 3185 861 3238 καὶ
883 3185 1146 3256 ἀφανίσαι
1192 3186 1287 3249 τὸν
1324 3186 1575 3257 Συμεών.
1616 3186 1926 3255 ’Λπεστὰλη

2038 3180 2166 3236 dum
2211 3184 2728 3254 proﬂigandumque
2782 3182 3110 3255 Symeonem
3162 3182 3440 3254 trajicere.
3473 3181 3625 3237 Missi

334 3270 431 3327 οὖν
470 3278 527 3328 ὲν
559 3277 728 3347 Συρίᾳ
784 3276 920 3348 πρὸς
977 3277 1038 3331 τὸ
1098 3279 1324 3349 ποιῆσαι
1376 3278 1630 3345 ἀλλάγιον
1667 3279 1927 3348 Ἰωάννης

337 3368 636 3437 πατρίκιος
663 3373 690 3423 6
734 3371 973 3436 Ῥαδινὸς
1006 3372 1103 3426 κοιλ⁸
1135 3371 1350 3442 Μιχαὴλ
1370 3374 1397 3425 6
1432 3372 1702 3444 Τόξαρᾶς.
1728 3365 1804 3426 υἷι
1833 3389 1914 3440 γεο

335 3458 558 3526 γονότος
584 3461 683 3531 τὴν
716 3463 923 3534 συνήθη
948 3463 1049 3533 τῆς
1079 3465 1247 3536 ρόγας
1268 3465 1535 3536 διανομὴν
1561 3466 1926 3536 ποιησάμενοι

335 3556 395 3607 ἰν
418 3557 529 3619 τοῖς
553 3556 821 3626 τάγμασι,
843 3558 1016 3611 ταῦτα
1041 3558 1441 3631 ἀναλαϐόμενοι
1467 3564 1563 3613 σὺν
1585 3562 1699 3623 τοῖς
1726 3559 1927 3629 θέμασι

335 3646 476 3717 πρὸς
514 3647 580 3700 τὰ
614 3647 855 3718 Θρᾳκῷα
895 3650 1039 3721 μέρη
1084 3651 1441 3723 διεπέρασαν,
1476 3652 1706 3715 Λέοντος
1761 3651 1927 3720 μαγί-

334 3755 501 3810 στρου
530 3737 621 3792 τοῦ
645 3741 809 3794 Φωκᾶ
829 3742 1155 3811 δομεστίκου
1174 3743 1283 3798 τῶν
1307 3743 1515 3815 σχολῶν
1534 3744 1923 3814 τυγχάνοντος,

332 3821 378 3894 ᾧ
413 3828 608 3898 ἀνδρία
656 3829 926 3902 μᾶλλονῆ
980 3834 1307 3905 ὲπιστατικὴ
1373 3835 1634 3905 φρόνησις
1688 3853 1927 3905 προσαν-

336 3917 536 3972 έκειτο.
583 3920 999 3990 Ἐξαγαγόντων
1033 3920 1126 3977 οὖν
1156 3926 1225 3977 τὰ
1258 3926 1529 3996 σεϐάσμια
1557 3926 1654 3978 καὶ
1682 3925 1925 3990 ζωοποιά

336 4011 471 4076 ξύλα
498 4014 912 4070 Κωνσταντίνου
946 4017 1031 4089 [Ρ.
1074 4015 1201 4090 569]
1252 4019 1601 4087 πρωτοπαπᾶ
1621 4017 1717 4072 τοῦ
1748 4019 1924 4071 παλα-

334 4108 474 4171 tios,
508 4109 601 4162 τοῦ
632 4111 864 4180 Κεφαλᾶ
892 4112 1215 4183 λεγομένου,
1256 4112 1353 4165 καὶ
1378 4112 1797 4166 Κωνσταντίνου
1824 4112 1921 4166 τοῦ

334 4200 579 4255 Μαλελία
616 4204 673 4255 ἐν
696 4207 763 4277 τῇ
800 4205 1012 4277 Θρᾴκῃ,
1043 4206 1285 4269 ἅπαντες
1312 4205 1795 4276 προσκυνήσαντες
1828 4206 1922 4258 καὶ

332 4295 744 4365 ὲπομοσάμενοι
797 4299 1266 4371 συναποθνήσκειν
1309 4299 1562 4369 ἀλλήλοις
1612 4298 1921 4369 πανστρατὶ

332 4389 474 4440 κατὰ
513 4389 837 4460 Βουλγάρων
900 4390 1255 4464 ἐξώρμησαν.
1291 4387 1508 4464 Ἦρχον
1565 4391 1623 4445 δὲ
1677 4391 1768 4446 τοῦ
1820 4391 1920 4460 μὲν

332 4477 612 4548 τάγματος
650 4481 759 4535 τῶν
808 4482 1139 4547 ὲξκουϐίτων
1182 4484 1437 4555 Ἰωάννης
1465 4484 1493 4534 6
1522 4484 1774 4555 Γράψων,
1825 4484 1920 4537 τοῦ

2037 3274 2269 3344 proinde
2345 3275 2401 3331 in
2463 3276 2678 3348 Syriam
2725 3278 2821 3347 qui
2871 3277 3308 3347 paciscerentur.
3382 3275 3659 3332 Joannes.

2036 3363 2326 3420 Rhadinus
2349 3366 2512 3436 881
2548 3365 2815 3435 patricius
2845 3374 2899 3420 et
2925 3366 3159 3421 Michael
3190 3366 3453 3420 Toxaras.
3503 3366 3623 3431 Quo

2036 3465 2283 3525 peracto,
2312 3468 2577 3511 consueta
2621 3456 2942 3529 erogatione
2976 3457 3182 3512 donato
3228 3457 3499 3522 exercitu,
3538 3473 3624 3511 as-

2035 3549 2274 3619 sumptis
2289 3549 2615 3605 cohortibus
2632 3565 2695 3603 ac
2712 3550 3027 3621 legionibus
3056 3550 3114 3604 in
3127 3549 3418 3605 Thraciam
3439 3560 3557 3604 tran
3568 3570 3622 3603 s-

2034 3642 2260 3707 misere,
2302 3643 2569 3714 magistro
2614 3643 2799 3699 Leone
2845 3644 3028 3699 Phoca
3067 3643 3385 3699 scholarum
3428 3642 3623 3698 dome-

2034 3733 2195 3798 Stico,
2215 3735 2337 3788 viro
2364 3735 2577 3790 scilicet
2593 3736 2895 3807 majoribus
2916 3734 3116 3792 animis
3136 3752 3299 3807 quam
3324 3736 3623 3807 imperato-

2035 3826 2116 3881 ria
2139 3827 2363 3882 solertia
2391 3828 2644 3897 prmdito.
2671 3828 2963 3885 Productis
2992 3828 3162 3899 igitur
3203 3827 3625 3884 venerabilibus

2031 3929 2096 3968 ac
2133 3915 2367 3970 viviﬁcis
2397 3916 2558 3986 lignis
2593 3914 2943 3970 Constantini
2980 3916 3209 3985 palatini
3251 3916 3387 3970 cieri
3434 3931 3623 3971 sacer-

2030 4005 2221 4060 dotum
2245 4007 2431 4076 primi,
2462 4017 2829 4077 cognomento
2858 4007 3135 4078 Cephalaz,
3160 4006 3622 4078 Constantinique

2029 4098 2258 4153 Malelite
2309 4114 2506 4168 opera,
2543 4100 2597 4153 in
2645 4100 2919 4164 Thracia,
2972 4115 3100 4156 cum
3146 4114 3341 4153 omnes
3365 4100 3619 4153 venerati

2028 4202 2214 4248 essent
2240 4210 2303 4249 ac
2325 4209 2384 4249 se
2412 4210 2517 4248 una
2542 4194 2972 4249 commorituros
3005 4191 3372 4264 jurejurando
3399 4193 3619 4246 ﬁrmas-

2030 4294 2171 4352 sent,
2216 4287 2272 4341 in
2310 4286 2618 4357 Bulgariam
2655 4286 2830 4356 copiis
2868 4286 3131 4341 omnibus
3164 4283 3417 4340 conferto
3451 4298 3616 4338 exer-

2029 4380 2140 4434 citu
2176 4380 2406 4449 profecti
2438 4389 2587 4435 sunt.
2634 4380 2916 4435 Praecrant
2946 4378 3191 4434 cxcubiti
3220 4386 3415 4433 turma
3446 4377 3584 4433 Joan
3615 4408 3619 4413 ι

2028 4487 2126 4526 nes
2156 4470 2388 4541 Grapso,
2415 4469 2666 4525 Hicanati
2697 4486 2830 4526 vero
2858 4469 3084 4525 Marulis
3112 4470 3277 4524 ﬁlius.
3336 4469 3617 4524 Romanus

332 4573 390 4626 δὲ
424 4573 682 4627 ίκανάτου
743 4577 771 4628 6
802 4575 895 4628 τοῦ
946 4576 1215 4647 Μαρούλη
1269 4577 1407 4641 υἱός.
1453 4576 1738 4646 Ῥωμανὸς
1790 4576 1848 4629 δὲ
1899 4578 1927 4629 6

2038 4562 2277 4634 Argyrus
2295 4563 2455 4618 ducis
2501 4570 2774 4631 potestate
2801 4571 3054 4631 praeerat,
3090 4564 3319 4633 ejusque
3353 4561 3465 4617 Leo
3502 4560 3621 4617 fra-

345 4666 609 4737 ’Λργυρδς
642 4668 972 4736 ἐστρατήγει
1001 4668 1099 4721 καὶ
1128 4669 1285 4722 Λέων
1306 4670 1334 4721 6
1358 4668 1587 4735 ἁδελφὸς
1615 4667 1782 4722 αὐτοῦ
1831 4671 1927 4724 καὶ

334 4754 547 4824 Βάρδας
571 4757 600 4808 6
626 4757 853 4821 Φωκᾶς·
889 4752 973 4822 οἷς
1012 4759 1181 4827 συνῆν
1205 4758 1301 4811 καὶ
1329 4760 1356 4811 6
1388 4757 1599 4821 Μελίας
1646 4758 1787 4828 μετὰ
1819 4760 1928 4812 τῶν

347 4850 651 4920 ’Λρμενίων
676 4854 768 4906 καὶ
800 4856 849 4907 οἱ
874 4854 1026 4908 ἄλλοι
1059 4855 1262 4917 πάντες
1291 4856 1594 4924 στρατηγοὶ
1622 4854 1733 4907 τῶν
1756 4854 1927 4924 θεμάο

333 4961 466 4996 των.
510 4946 681 5018 Συνῆν
715 4948 770 5001 δὲ
814 4948 952 5021 πρὸς
1003 4951 1115 5013 τοῖς
1144 4949 1325 5012 ἄλλοις
1380 4949 1476 5001 καὶ
1512 4950 1927 5013 Κωνσταντῖνος

336 5033 628 5102 πατρίκιος
657 5038 685 5089 6
730 5038 863 5108 Λὶψ,
919 5039 1110 5093 Λέοντι
1141 5040 1451 5111 δομεστίκῳ
1501 5040 1807 5109 σύμϐουλος
1853 5041 1928 5094 ῶν

335 5124 487 5194 αὖτῷ
518 5127 579 5179 ἐν
606 5128 741 5181 πᾶσι
772 5132 886 5192 τοῖς
914 5131 1200 5201 ἀνήκουσι.

412 5214 498 5279 ιζ’.
534 5218 682 5286 Μηνὶ
708 5218 764 5271 δὲ
794 5220 1090 5291 Αὐγούστῳ
1124 5227 1193 5285 κ’,
1230 5221 1565 5284 Ξνδικτιῶνος
1598 5220 1660 5286 ε’,
1692 5223 1720 5275 6
1768 5223 1925 5277 πόλεο

338 5321 439 5371 μος
484 5306 687 5373 μεταξὺ
718 5309 1045 5378 Βουλγάρων
1087 5328 1149 5365 τε
1194 5314 1286 5365 καὶ
1329 5314 1621 5383 Ῥωμαίων
1661 5316 1797 5386 πρὸς
1846 5315 1923 5386 τῷ

349 5392 602 5465 Ἀχελῴῳ
648 5400 1060 5470 συγκεκρότητο
1106 5402 1371 5474 ποταμῷ·
1433 5403 1529 5458 καὶ
1565 5400 1679 5473 (οἶα
1724 5403 1795 5457 τὰ
1830 5405 1922 5458 τοῦ

335 5488 475 5542 Θεοῦ
528 5492 806 5562 κρίματαῑ
858 5494 934 5557 ὡς
966 5495 1306 5567 ἀνερεύνητα
1345 5497 1441 5551 καὶ
1470 5496 1922 5567 ἀνεξιχειίασταῖ)

336 5581 628 5648 τρέπονται
664 5586 715 5639 οἱ
763 5586 1028 5657 Ῥωμαῖοι
1060 5589 1392 5659 πανστρατὶ,
1428 5591 1523 5645 καὶ
1558 5590 1749 5661 γέγονε
1774 5591 1919 5663 φυγὴ

337 5673 611 5744 παντελὴς
646 5678 740 5730 καὶ
765 5680 1049 5750 φρικώδης
1073 5680 1327 5754 ὀλολυγὴ,
1366 5681 1474 5736 τῶν
1504 5684 1603 5752 μὲν
1628 5682 1722 5737 ὑπ’
1754 5682 1920 5754 ἀλλή-

2032 4665 2117 4711 ter
2170 4666 2228 4711 et
2268 4656 2475 4712 Bardas
2517 4656 2766 4719 Phocas;
2805 4654 3141 4724 quibuscum
3177 4662 3298 4708 erat
3342 4663 3400 4708 et
3430 4652 3620 4708 Melias

2031 4764 2155 4803 cum
2183 4749 2479 4813 Armeniis,
2505 4748 2711 4817 aliique
2741 4761 2933 4801 omnes
2954 4746 3231 4816 legionum
3254 4745 3443 4801 duces.
3470 4745 3618 4800 Pras-

2034 4852 2118 4899 ter
2151 4843 2292 4898 alios
2324 4858 2459 4898 vero
2495 4842 2692 4898 aderat
2731 4842 2899 4897 etiam
2925 4841 3325 4897 Constantinus
3351 4839 3619 4910 patricius

2031 4938 2181 5003 Afer,
2241 4937 2336 5006 qui
2377 4936 2549 4991 Leoni
2594 4936 2902 4990 domestico
2957 4935 3013 4989 in
3061 4933 3324 4988 omnibus
3370 4932 3436 4987 ad
3486 4946 3617 4987 eum

2031 5030 2399 5086 attinentibus
2422 5028 2655 5085 consilio
2690 5027 2966 5083 affuturus
2998 5040 3337 5097 cperamque
3387 5032 3619 5077 navatu-

2032 5141 2128 5179 I'US
2161 5131 2329 5179 CSSBI.

2108 5217 2193 5273 l6.
2229 5218 2438 5273 Mensis
2464 5232 2596 5272 vero
2619 5215 2849 5287 Augusti
2881 5216 2971 5270 die
2992 5214 3278 5285 vigesima,
3315 5210 3616 5267 indictione
3686 5266 3689 5269 λ

2032 5312 2245 5382 quinta,
2282 5311 2548 5383 Bulgaros
2566 5309 2712 5365 inter
2741 5310 3130 5378 Romanosque
3153 5314 3408 5362 conserta
3436 5320 3615 5377 pugna

2032 5405 2101 5460 ad
2157 5404 2466 5460 Acheloum
2517 5401 2721 5458 ﬂumen
2786 5410 2910 5467 est;
2966 5415 3032 5456 ac
3059 5400 3203 5470 (quae
3247 5399 3343 5454 Dei
3385 5396 3615 5467 judicia.

2031 5513 2196 5570 quam
2225 5495 2605 5553 inscrutabilia
2642 5510 2709 5551 ac
2749 5491 3333 5566 impervestigabilial)
3380 5490 3615 5546 Romani

2030 5603 2224 5644 omnes
2268 5587 2527 5643 omnibus
2589 5585 2765 5656 copiis
2830 5584 2937 5640 fusi
2991 5592 3122 5640 sunt
3163 5597 3228 5639 ac
3269 5579 3618 5653 fugati,hor-

2028 5681 2204 5737 rendo
2236 5696 2337 5751 per
2377 5694 2596 5736 omnem
2623 5677 2928 5734 exercitum
2971 5677 3217 5742 ululatu,
3254 5690 3376 5731 cum
3420 5689 3476 5730 se
3523 5672 3615 5728 alii

1638 5773 1876 5828 νΑηιιιΕ
1921 5771 2325 5829 LECTIONES.

412 5860 455 5890 ³⁸
489 5860 765 5927 προέδωκε
798 5876 984 5934 margo
1009 5862 1069 5918 Ρ.
