  <div class='ocr_page' id='page_1' title='image "/cluster/home/n/w/nwhite01/storage/ocr_20150623/109/coo.31924054870138/479.png"; bbox 0 0 4128 6434; ppageno 0'>
   <div class='ocr_carea' id='block_1_1' title="bbox 528 341 635 404">
    <p class='ocr_par' dir='ltr' id='par_1_1' title="bbox 528 341 635 404">
     <span class='ocr_line' id='line_1_1' title="bbox 528 341 635 404; baseline -0.019 0"><span class='ocrx_word' id='word_1_1' title='bbox 528 341 635 404; x_wconf 69' lang='lat'><strong>95.3</strong></span> 
     </span>
    </p>
   </div>
   <div class='ocr_carea' id='block_1_2' title="bbox 1781 329 2512 393">
    <p class='ocr_par' dir='ltr' id='par_1_2' title="bbox 1781 329 2512 393">
     <span class='ocr_line' id='line_1_2' title="bbox 1781 329 2512 393; baseline -0.007 1"><span class='ocrx_word' id='word_1_2' title='bbox 1781 331 2121 393; x_wconf 62' lang='lat' dir='ltr'><strong>‘GEORGII</strong></span> <span class='ocrx_word' id='word_1_3' title='bbox 2163 329 2512 391; x_wconf 83' lang='lat' dir='ltr'><strong>MONACHI</strong></span> 
     </span>
    </p>
   </div>
   <div class='ocr_carea' id='block_1_3' title="bbox 3703 323 3809 390">
    <p class='ocr_par' dir='ltr' id='par_1_3' title="bbox 3703 323 3809 390">
     <span class='ocr_line' id='line_1_3' title="bbox 3703 323 3809 390; baseline -0.038 0"><span class='ocrx_word' id='word_1_4' title='bbox 3703 323 3809 390; x_wconf 72' lang='lat' dir='ltr'><strong>9M</strong></span> 
     </span>
    </p>
   </div>
   <div class='ocr_carea' id='block_1_4' title="bbox 525 438 2117 520">
    <p class='ocr_par' dir='ltr' id='par_1_4' title="bbox 525 448 2111 520">
     <span class='ocr_line' id='line_1_4' title="bbox 525 448 2111 520; baseline -0.005 -12"><span class='ocrx_word' id='word_1_5' title='bbox 525 455 664 509; x_wconf 82' lang='lat' dir='ltr'><strong>atios</strong></span> <span class='ocrx_word' id='word_1_6' title='bbox 695 452 1106 518; x_wconf 88' lang='lat' dir='ltr'><strong>conculcarent,</strong></span> <span class='ocrx_word' id='word_1_7' title='bbox 1149 450 1287 506; x_wconf 87' lang='lat' dir='ltr'><strong>alios</strong></span> <span class='ocrx_word' id='word_1_8' title='bbox 1331 450 1519 506; x_wconf 85' lang='lat' dir='ltr'><strong>hostes</strong></span> <span class='ocrx_word' id='word_1_9' title='bbox 1555 448 1914 520; x_wconf 85' lang='lat' dir='ltr'><strong>perimerent.</strong></span> <span class='ocrx_word' id='word_1_10' title='bbox 1961 457 2111 502; x_wconf 88' lang='lat' dir='ltr'><strong>tanta</strong></span> 
     </span>
    </p>
   </div>
   <div class='ocr_carea' id='block_1_5' title="bbox 2225 438 3810 520">
    <p class='ocr_par' dir='ltr' id='par_1_5' title="bbox 2225 438 3810 511">
     <span class='ocr_line' id='line_1_5' title="bbox 2225 438 3810 511; baseline -0.001 -18"><span class='ocrx_word' id='word_1_11' title='bbox 2225 441 2322 494; x_wconf 72' lang='grc' dir='ltr'><strong>λων</strong></span> <span class='ocrx_word' id='word_1_12' title='bbox 2351 438 2847 511; x_wconf 81' lang='grc' dir='ltr'><strong>συμπατουμένων,</strong></span> <span class='ocrx_word' id='word_1_13' title='bbox 2875 439 2980 494; x_wconf 88' lang='grc' dir='ltr'><strong>τῶν</strong></span> <span class='ocrx_word' id='word_1_14' title='bbox 3009 439 3065 492; x_wconf 78' lang='grc' dir='ltr'>δὲ</span> <span class='ocrx_word' id='word_1_15' title='bbox 3087 438 3194 492; x_wconf 79' lang='grc' dir='ltr'>ὑπὸ</span> <span class='ocrx_word' id='word_1_16' title='bbox 3221 438 3329 491; x_wconf 86' lang='grc' dir='ltr'><strong>τῶν</strong></span> <span class='ocrx_word' id='word_1_17' title='bbox 3355 438 3630 509; x_wconf 76' lang='grc' dir='ltr'>πολεμίων</span> <span class='ocrx_word' id='word_1_18' title='bbox 3655 439 3810 494; x_wconf 77' lang='grc' dir='ltr'>ἀναι-</span> 
     </span>
    </p>
   </div>
   <div class='ocr_carea' id='block_1_6' title="bbox 527 542 2108 618">
    <p class='ocr_par' dir='ltr' id='par_1_6' title="bbox 527 542 2108 618">
     <span class='ocr_line' id='line_1_6' title="bbox 527 542 2108 618; baseline -0.003 -18"><span class='ocrx_word' id='word_1_19' title='bbox 527 547 813 601; x_wconf 83' lang='lat' dir='ltr'><strong>hmninum</strong></span> <span class='ocrx_word' id='word_1_20' title='bbox 854 557 1034 618; x_wconf 89' lang='lat' dir='ltr'><strong>strage</strong></span> <span class='ocrx_word' id='word_1_21' title='bbox 1073 556 1278 616; x_wconf 85' lang='lat' dir='ltr'><strong>quanta</strong></span> <span class='ocrx_word' id='word_1_22' title='bbox 1331 561 1430 600; x_wconf 93' lang='lat' dir='ltr'><strong>nec</strong></span> <span class='ocrx_word' id='word_1_23' title='bbox 1473 561 1503 599; x_wconf 89' lang='lat' dir='ltr'><strong>a</strong></span> <span class='ocrx_word' id='word_1_24' title='bbox 1553 543 1752 598; x_wconf 79' lang='lat' dir='ltr'><strong>saeculo</strong></span> <span class='ocrx_word' id='word_1_25' title='bbox 1787 542 1977 596; x_wconf 87' lang='lat' dir='ltr'><strong>audita</strong></span> <span class='ocrx_word' id='word_1_26' title='bbox 2003 551 2108 596; x_wconf 91' lang='lat' dir='ltr'><strong>est.</strong></span> 
     </span>
    </p>
   </div>
   <div class='ocr_carea' id='block_1_7' title="bbox 529 637 2114 705">
    <p class='ocr_par' dir='ltr' id='par_1_7' title="bbox 529 637 2114 705">
     <span class='ocr_line' id='line_1_7' title="bbox 529 637 2114 705; baseline -0.003 -13"><span class='ocrx_word' id='word_1_27' title='bbox 529 641 638 693; x_wconf 81' lang='lat' dir='ltr'><strong>Leo</strong></span> <span class='ocrx_word' id='word_1_28' title='bbox 687 639 1024 694; x_wconf 83' lang='lat' dir='ltr'><strong>domesticus</strong></span> <span class='ocrx_word' id='word_1_29' title='bbox 1076 639 1130 693; x_wconf 91' lang='lat' dir='ltr'><strong>in</strong></span> <span class='ocrx_word' id='word_1_30' title='bbox 1187 637 1568 692; x_wconf 86' lang='lat' dir='ltr'><strong>Mesembriam</strong></span> <span class='ocrx_word' id='word_1_31' title='bbox 1625 649 1816 705; x_wconf 87' lang='lat' dir='ltr'><strong>sospes</strong></span> <span class='ocrx_word' id='word_1_32' title='bbox 1856 644 2114 704; x_wconf 89' lang='lat' dir='ltr'><strong>receptus</strong></span> 
     </span>
    </p>
   </div>
   <div class='ocr_carea' id='block_1_8' title="bbox 527 726 2112 802">
    <p class='ocr_par' dir='ltr' id='par_1_8' title="bbox 527 726 2112 802">
     <span class='ocr_line' id='line_1_8' title="bbox 527 726 2112 802; baseline -0.001 -18"><span class='ocrx_word' id='word_1_33' title='bbox 527 740 633 785; x_wconf 77' lang='lat' dir='ltr'><strong>est.</strong></span> <span class='ocrx_word' id='word_1_34' title='bbox 667 731 1060 802; x_wconf 51' lang='grc' dir='ltr'>ἤπιοι-882</span> <span class='ocrx_word' id='word_1_35' title='bbox 1075 731 1214 785; x_wconf 88' lang='lat' dir='ltr'><strong>alios</strong></span> <span class='ocrx_word' id='word_1_36' title='bbox 1241 745 1374 784; x_wconf 86' lang='lat' dir='ltr'><strong>vero</strong></span> <span class='ocrx_word' id='word_1_37' title='bbox 1406 729 1461 783; x_wconf 92' lang='lat' dir='ltr'><strong>in</strong></span> <span class='ocrx_word' id='word_1_38' title='bbox 1495 744 1690 798; x_wconf 75' lang='lat' dir='ltr'><strong>pugnae</strong></span> <span class='ocrx_word' id='word_1_39' title='bbox 1722 726 2112 797; x_wconf 80' lang='lat' dir='ltr'><strong>congressione</strong></span> 
     </span>
    </p>
   </div>
   <div class='ocr_carea' id='block_1_9' title="bbox 529 818 2107 888">
    <p class='ocr_par' dir='ltr' id='par_1_9' title="bbox 529 818 2107 888">
     <span class='ocr_line' id='line_1_9' title="bbox 529 818 2107 888; baseline -0.003 -12"><span class='ocrx_word' id='word_1_40' title='bbox 529 833 760 879; x_wconf 87' lang='lat' dir='ltr'><strong>necatus</strong></span> <span class='ocrx_word' id='word_1_41' title='bbox 794 832 879 877; x_wconf 90' lang='lat' dir='ltr'><strong>est</strong></span> <span class='ocrx_word' id='word_1_42' title='bbox 907 823 1303 879; x_wconf 75' lang='lat' dir='ltr'><strong>Constantinus</strong></span> <span class='ocrx_word' id='word_1_43' title='bbox 1339 821 1470 876; x_wconf 83' lang='lat' dir='ltr'><strong>Afer</strong></span> <span class='ocrx_word' id='word_1_44' title='bbox 1500 830 1556 876; x_wconf 87' lang='lat' dir='ltr'><strong>et</strong></span> <span class='ocrx_word' id='word_1_45' title='bbox 1593 821 1836 875; x_wconf 83' lang='lat' dir='ltr'><strong>Joannes</strong></span> <span class='ocrx_word' id='word_1_46' title='bbox 1878 818 2107 888; x_wconf 88' lang='lat' dir='ltr'><strong>Grapso,</strong></span> 
     </span>
    </p>
   </div>
   <div class='ocr_carea' id='block_1_10' title="bbox 531 914 1852 986">
    <p class='ocr_par' dir='ltr' id='par_1_10' title="bbox 531 914 1852 986">
     <span class='ocr_line' id='line_1_10' title="bbox 531 914 1852 986; baseline -0.002 -18"><span class='ocrx_word' id='word_1_47' title='bbox 531 915 734 986; x_wconf 86' lang='lat' dir='ltr'><strong>aliique</strong></span> <span class='ocrx_word' id='word_1_48' title='bbox 770 916 1084 971; x_wconf 76' lang='lat' dir='ltr'><strong>ofﬁcialium</strong></span> <span class='ocrx_word' id='word_1_49' title='bbox 1117 930 1520 985; x_wconf 85' lang='lat' dir='ltr'><strong>procerumque</strong></span> <span class='ocrx_word' id='word_1_50' title='bbox 1545 914 1852 984; x_wconf 84' lang='lat' dir='ltr'><strong>perplures.</strong></span> 
     </span>
    </p>
   </div>
   <div class='ocr_carea' id='block_1_11' title="bbox 605 1006 2111 1076">
    <p class='ocr_par' dir='ltr' id='par_1_11' title="bbox 605 1006 2111 1076">
     <span class='ocr_line' id='line_1_11' title="bbox 605 1006 2111 1076; baseline -0.001 -16"><span class='ocrx_word' id='word_1_51' title='bbox 605 1009 691 1062; x_wconf 75' lang='grc' dir='ltr'><strong>ι’·ῑ.</strong></span> <span class='ocrx_word' id='word_1_52' title='bbox 743 1009 939 1064; x_wconf 82' lang='lat' dir='ltr'><strong>Missus</strong></span> <span class='ocrx_word' id='word_1_53' title='bbox 985 1008 1164 1063; x_wconf 79' lang='lat' dir='ltr'><strong>fuerat</strong></span> <span class='ocrx_word' id='word_1_54' title='bbox 1213 1019 1266 1063; x_wconf 92' lang='lat' dir='ltr'><strong>et</strong></span> <span class='ocrx_word' id='word_1_55' title='bbox 1316 1008 1594 1061; x_wconf 80' lang='lat' dir='ltr'><strong>Romanus</strong></span> <span class='ocrx_word' id='word_1_56' title='bbox 1623 1006 1889 1076; x_wconf 87' lang='lat' dir='ltr'><strong>patricius</strong></span> <span class='ocrx_word' id='word_1_57' title='bbox 1920 1006 2111 1075; x_wconf 88' lang='lat' dir='ltr'><strong>reique</strong></span> 
     </span>
    </p>
   </div>
   <div class='ocr_carea' id='block_1_12' title="bbox 535 1095 2110 1170">
    <p class='ocr_par' dir='ltr' id='par_1_12' title="bbox 535 1095 2110 1170">
     <span class='ocr_line' id='line_1_12' title="bbox 535 1095 2110 1170; baseline -0.002 -18"><span class='ocrx_word' id='word_1_58' title='bbox 535 1100 742 1153; x_wconf 77' lang='lat' dir='ltr'><strong>navalis</strong></span> <span class='ocrx_word' id='word_1_59' title='bbox 799 1099 1131 1170; x_wconf 79' lang='lat' dir='ltr'><strong>drungarius</strong></span> <span class='ocrx_word' id='word_1_60' title='bbox 1172 1113 1297 1153; x_wconf 92' lang='lat' dir='ltr'><strong>cum</strong></span> <span class='ocrx_word' id='word_1_61' title='bbox 1349 1097 1498 1151; x_wconf 89' lang='lat' dir='ltr'><strong>omni</strong></span> <span class='ocrx_word' id='word_1_62' title='bbox 1542 1097 1738 1161; x_wconf 84' lang='lat' dir='ltr'><strong>classe,</strong></span> <span class='ocrx_word' id='word_1_63' title='bbox 1785 1104 1845 1150; x_wconf 92' lang='lat' dir='ltr'><strong>ut</strong></span> <span class='ocrx_word' id='word_1_64' title='bbox 1873 1095 2110 1151; x_wconf 80' lang='lat' dir='ltr'><strong>Danubii</strong></span> 
     </span>
    </p>
   </div>
   <div class='ocr_carea' id='block_1_13' title="bbox 535 1188 2114 1261">
    <p class='ocr_par' dir='ltr' id='par_1_13' title="bbox 535 1188 2114 1261">
     <span class='ocr_line' id='line_1_13' title="bbox 535 1188 2114 1261; baseline -0.002 -17"><span class='ocrx_word' id='word_1_65' title='bbox 535 1193 952 1261; x_wconf 79' lang='lat' dir='ltr'><strong>littora--..legeret</strong></span> <span class='ocrx_word' id='word_1_66' title='bbox 976 1189 1218 1245; x_wconf 90' lang='lat' dir='ltr'><strong>acLeoni</strong></span> <span class='ocrx_word' id='word_1_67' title='bbox 1239 1190 1434 1244; x_wconf 70' lang='lat' dir='ltr'><strong>Phoca:</strong></span> <span class='ocrx_word' id='word_1_68' title='bbox 1461 1188 1742 1259; x_wconf 85' lang='lat' dir='ltr'><strong>suppetias</strong></span> <span class='ocrx_word' id='word_1_69' title='bbox 1777 1189 1915 1243; x_wconf 90' lang='lat' dir='ltr'><strong>iret:</strong></span> <span class='ocrx_word' id='word_1_70' title='bbox 1952 1188 2114 1243; x_wconf 88' lang='lat' dir='ltr'><strong>Joan-</strong></span> 
     </span>
    </p>
   </div>
   <div class='ocr_carea' id='block_1_14' title="bbox 517 1278 2114 1351">
    <p class='ocr_par' dir='ltr' id='par_1_14' title="bbox 517 1278 2114 1351">
     <span class='ocr_line' id='line_1_14' title="bbox 517 1278 2114 1351; baseline 0 -18"><span class='ocrx_word' id='word_1_71' title='bbox 517 1278 635 1336; x_wconf 69' lang='lat' dir='ltr'><strong>nes</strong></span> <span class='ocrx_word' id='word_1_72' title='bbox 672 1283 799 1336; x_wconf 89' lang='lat' dir='ltr'><strong>item</strong></span> <span class='ocrx_word' id='word_1_73' title='bbox 815 1282 1022 1351; x_wconf 66' lang='lat' dir='ltr'><strong>~Bogas,</strong></span> <span class='ocrx_word' id='word_1_74' title='bbox 1064 1282 1145 1334; x_wconf 86' lang='lat' dir='ltr'><strong>uti</strong></span> <span class='ocrx_word' id='word_1_75' title='bbox 1176 1279 1385 1335; x_wconf 89' lang='lat' dir='ltr'><strong>dictum</strong></span> <span class='ocrx_word' id='word_1_76' title='bbox 1415 1290 1521 1344; x_wconf 88' lang='lat' dir='ltr'><strong>est,</strong></span> <span class='ocrx_word' id='word_1_77' title='bbox 1547 1281 1642 1349; x_wconf 86' lang='lat' dir='ltr'><strong>qui</strong></span> <span class='ocrx_word' id='word_1_78' title='bbox 1667 1281 1987 1335; x_wconf 82' lang='lat' dir='ltr'><strong>Patzinacas</strong></span> <span class='ocrx_word' id='word_1_79' title='bbox 2015 1279 2114 1333; x_wconf 91' lang='lat' dir='ltr'><strong>ad-</strong></span> 
     </span>
    </p>
   </div>
   <div class='ocr_carea' id='block_1_15' title="bbox 493 1372 2116 1443">
    <p class='ocr_par' dir='ltr' id='par_1_15' title="bbox 493 1372 2116 1443">
     <span class='ocr_line' id='line_1_15' title="bbox 493 1372 2116 1443; baseline 0 -17"><span class='ocrx_word' id='word_1_80' title='bbox 493 1424 495 1426; x_wconf 80' lang='lat'><strong>.</strong></span> <span class='ocrx_word' id='word_1_81' title='bbox 535 1375 779 1429; x_wconf 88' lang='lat' dir='ltr'><strong>duceret.</strong></span> <span class='ocrx_word' id='word_1_82' title='bbox 838 1373 1117 1428; x_wconf 83' lang='lat' dir='ltr'><strong>Romanus</strong></span> <span class='ocrx_word' id='word_1_83' title='bbox 1151 1372 1488 1443; x_wconf 81' lang='lat' dir='ltr'><strong>drungarius</strong></span> <span class='ocrx_word' id='word_1_84' title='bbox 1515 1373 1566 1426; x_wconf 86' lang='lat' dir='ltr'><strong>in</strong></span> <span class='ocrx_word' id='word_1_85' title='bbox 1589 1372 1862 1427; x_wconf 81' lang='lat' dir='ltr'><strong>mandatis</strong></span> <span class='ocrx_word' id='word_1_86' title='bbox 1889 1386 2116 1441; x_wconf 88' lang='lat' dir='ltr'><strong>accepe-</strong></span> 
     </span>
    </p>
   </div>
   <div class='ocr_carea' id='block_1_16' title="bbox 535 1455 2113 1536">
    <p class='ocr_par' dir='ltr' id='par_1_16' title="bbox 535 1455 2113 1536">
     <span class='ocr_line' id='line_1_16' title="bbox 535 1455 2113 1536; baseline -0.003 -15"><span class='ocrx_word' id='word_1_87' title='bbox 535 1475 618 1521; x_wconf 89' lang='lat' dir='ltr'><strong>rat</strong></span> <span class='ocrx_word' id='word_1_88' title='bbox 647 1455 703 1521; x_wconf 87' lang='lat' dir='ltr'><strong>ut</strong></span> <span class='ocrx_word' id='word_1_89' title='bbox 733 1480 830 1521; x_wconf 89' lang='lat' dir='ltr'><strong>eos</strong></span> <span class='ocrx_word' id='word_1_90' title='bbox 849 1465 1144 1521; x_wconf 87' lang='lat' dir='ltr'><strong>adversum</strong></span> <span class='ocrx_word' id='word_1_91' title='bbox 1179 1465 1446 1536; x_wconf 87' lang='lat' dir='ltr'><strong>Bulgaros</strong></span> <span class='ocrx_word' id='word_1_92' title='bbox 1469 1463 1676 1520; x_wconf 84' lang='lat' dir='ltr'><strong>auxilio</strong></span> <span class='ocrx_word' id='word_1_93' title='bbox 1699 1463 1916 1518; x_wconf 90' lang='lat' dir='ltr'><strong>futurus</strong></span> <span class='ocrx_word' id='word_1_94' title='bbox 1945 1462 2113 1517; x_wconf 88' lang='lat' dir='ltr'><strong>Leoni</strong></span> 
     </span>
    </p>
   </div>
   <div class='ocr_carea' id='block_1_17' title="bbox 536 1555 2116 1629">
    <p class='ocr_par' dir='ltr' id='par_1_17' title="bbox 536 1555 2116 1629">
     <span class='ocr_line' id='line_1_17' title="bbox 536 1555 2116 1629; baseline -0.003 -15"><span class='ocrx_word' id='word_1_95' title='bbox 536 1559 731 1614; x_wconf 69' lang='lat' dir='ltr'><strong>Phocee</strong></span> <span class='ocrx_word' id='word_1_96' title='bbox 772 1559 1067 1629; x_wconf 87' lang='lat' dir='ltr'><strong>trajiceret.</strong></span> <span class='ocrx_word' id='word_1_97' title='bbox 1108 1558 1404 1627; x_wconf 75' lang='lat' dir='ltr'><strong>Versisque</strong></span> <span class='ocrx_word' id='word_1_98' title='bbox 1455 1557 1534 1611; x_wconf 89' lang='lat' dir='ltr'><strong>eis</strong></span> <span class='ocrx_word' id='word_1_99' title='bbox 1577 1558 1630 1611; x_wconf 92' lang='lat' dir='ltr'><strong>in</strong></span> <span class='ocrx_word' id='word_1_100' title='bbox 1663 1557 1888 1610; x_wconf 88' lang='lat' dir='ltr'><strong>dissidia</strong></span> <span class='ocrx_word' id='word_1_101' title='bbox 1919 1555 2116 1610; x_wconf 85' lang='lat' dir='ltr'><strong>verbo-</strong></span> 
     </span>
    </p>
   </div>
   <div class='ocr_carea' id='block_1_18' title="bbox 535 1649 2116 1722">
    <p class='ocr_par' dir='ltr' id='par_1_18' title="bbox 535 1649 2116 1722">
     <span class='ocr_line' id='line_1_18' title="bbox 535 1649 2116 1722; baseline -0.003 -18"><span class='ocrx_word' id='word_1_102' title='bbox 535 1667 767 1722; x_wconf 86' lang='lat' dir='ltr'><strong>rumque</strong></span> <span class='ocrx_word' id='word_1_103' title='bbox 789 1651 1174 1707; x_wconf 87' lang='lat' dir='ltr'><strong>contentiones</strong></span> <span class='ocrx_word' id='word_1_104' title='bbox 1194 1690 1208 1716; x_wconf 91' lang='lat'><strong>,</strong></span> <span class='ocrx_word' id='word_1_105' title='bbox 1243 1649 1495 1704; x_wconf 85' lang='lat' dir='ltr'><strong>videntes</strong></span> <span class='ocrx_word' id='word_1_106' title='bbox 1525 1650 1846 1705; x_wconf 82' lang='lat' dir='ltr'><strong>Patzinaces</strong></span> <span class='ocrx_word' id='word_1_107' title='bbox 1865 1649 1944 1704; x_wconf 89' lang='lat' dir='ltr'><strong>sic</strong></span> <span class='ocrx_word' id='word_1_108' title='bbox 1972 1649 2116 1702; x_wconf 85' lang='lat' dir='ltr'><strong>inter</strong></span> 
     </span>
    </p>
   </div>
   <div class='ocr_carea' id='block_1_19' title="bbox 535 1741 1938 1813">
    <p class='ocr_par' dir='ltr' id='par_1_19' title="bbox 535 1741 1938 1813">
     <span class='ocr_line' id='line_1_19' title="bbox 535 1741 1938 1813; baseline -0.003 -15"><span class='ocrx_word' id='word_1_109' title='bbox 535 1759 593 1798; x_wconf 83' lang='lat' dir='ltr'><strong>se</strong></span> <span class='ocrx_word' id='word_1_110' title='bbox 627 1744 910 1801; x_wconf 88' lang='lat' dir='ltr'><strong>discordes</strong></span> <span class='ocrx_word' id='word_1_111' title='bbox 943 1752 1107 1813; x_wconf 89' lang='lat' dir='ltr'><strong>atque</strong></span> <span class='ocrx_word' id='word_1_112' title='bbox 1143 1742 1406 1806; x_wconf 78' lang='lat' dir='ltr'><strong>rixantes,</strong></span> <span class='ocrx_word' id='word_1_113' title='bbox 1442 1741 1664 1796; x_wconf 92' lang='lat' dir='ltr'><strong>domum</strong></span> <span class='ocrx_word' id='word_1_114' title='bbox 1705 1741 1938 1796; x_wconf 77' lang='lat' dir='ltr'><strong>rediere.</strong></span> 
     </span>
    </p>
   </div>
   <div class='ocr_carea' id='block_1_20' title="bbox 610 2010 2115 2073">
    <p class='ocr_par' dir='ltr' id='par_1_20' title="bbox 610 2010 2115 2073">
     <span class='ocr_line' id='line_1_20' title="bbox 610 2010 2115 2073; baseline -0.005 -8"><span class='ocrx_word' id='word_1_115' title='bbox 610 2013 694 2065; x_wconf 78' lang='grc'><strong>18.</strong></span> <span class='ocrx_word' id='word_1_116' title='bbox 741 2013 858 2066; x_wconf 84' lang='lat' dir='ltr'><strong>.lam</strong></span> <span class='ocrx_word' id='word_1_117' title='bbox 888 2026 1018 2067; x_wconf 87' lang='lat' dir='ltr'><strong>vero</strong></span> <span class='ocrx_word' id='word_1_118' title='bbox 1052 2011 1207 2066; x_wconf 84' lang='lat' dir='ltr'><strong>finito</strong></span> <span class='ocrx_word' id='word_1_119' title='bbox 1242 2011 1409 2073; x_wconf 88' lang='lat' dir='ltr'><strong>bello,</strong></span> <span class='ocrx_word' id='word_1_120' title='bbox 1449 2025 1525 2064; x_wconf 81' lang='lat' dir='ltr'><strong>.ac</strong></span> <span class='ocrx_word' id='word_1_121' title='bbox 1563 2019 1676 2062; x_wconf 84' lang='lat' dir='ltr'><strong>tum</strong></span> <span class='ocrx_word' id='word_1_122' title='bbox 1709 2010 1956 2064; x_wconf 79' lang='lat' dir='ltr'><strong>Romano</strong></span> <span class='ocrx_word' id='word_1_123' title='bbox 2001 2017 2115 2060; x_wconf 88' lang='lat' dir='ltr'><strong>tum</strong></span> 
     </span>
    </p>
   </div>
   <div class='ocr_carea' id='block_1_21' title="bbox 535 2103 2114 2174">
    <p class='ocr_par' dir='ltr' id='par_1_21' title="bbox 535 2103 2114 2174">
     <span class='ocr_line' id='line_1_21' title="bbox 535 2103 2114 2174; baseline -0.004 -16"><span class='ocrx_word' id='word_1_124' title='bbox 535 2103 680 2174; x_wconf 76' lang='lat' dir='ltr'><strong>Boga</strong></span> <span class='ocrx_word' id='word_1_125' title='bbox 735 2104 790 2158; x_wconf 88' lang='lat' dir='ltr'><strong>in</strong></span> <span class='ocrx_word' id='word_1_126' title='bbox 848 2103 1041 2158; x_wconf 89' lang='lat' dir='ltr'><strong>urbem</strong></span> <span class='ocrx_word' id='word_1_127' title='bbox 1099 2104 1360 2168; x_wconf 82' lang='lat' dir='ltr'><strong>reversis,</strong></span> <span class='ocrx_word' id='word_1_128' title='bbox 1401 2117 1592 2156; x_wconf 90' lang='lat' dir='ltr'><strong>eorum</strong></span> <span class='ocrx_word' id='word_1_129' title='bbox 1634 2110 1782 2155; x_wconf 89' lang='lat' dir='ltr'><strong>mota</strong></span> <span class='ocrx_word' id='word_1_130' title='bbox 1816 2115 1980 2156; x_wconf 88' lang='lat' dir='ltr'><strong>causa</strong></span> <span class='ocrx_word' id='word_1_131' title='bbox 2009 2107 2114 2154; x_wconf 89' lang='lat' dir='ltr'><strong>est.</strong></span> 
     </span>
    </p>
   </div>
   <div class='ocr_carea' id='block_1_22' title="bbox 535 2194 2117 2268">
    <p class='ocr_par' dir='ltr' id='par_1_22' title="bbox 535 2194 2117 2268">
     <span class='ocr_line' id='line_1_22' title="bbox 535 2194 2117 2268; baseline -0.003 -18"><span class='ocrx_word' id='word_1_132' title='bbox 535 2197 799 2268; x_wconf 77' lang='lat' dir='ltr'><strong>Adeoque</strong></span> <span class='ocrx_word' id='word_1_133' title='bbox 851 2195 908 2251; x_wconf 88' lang='lat' dir='ltr'><strong>in</strong></span> <span class='ocrx_word' id='word_1_134' title='bbox 962 2204 1174 2252; x_wconf 88' lang='lat' dir='ltr'><strong>tantum</strong></span> <span class='ocrx_word' id='word_1_135' title='bbox 1218 2197 1449 2252; x_wconf 80' lang='lat' dir='ltr'><strong>Romani</strong></span> <span class='ocrx_word' id='word_1_136' title='bbox 1483 2194 1772 2265; x_wconf 85' lang='lat' dir='ltr'><strong>drungarii</strong></span> <span class='ocrx_word' id='word_1_137' title='bbox 1808 2194 2117 2264; x_wconf 87' lang='lat' dir='ltr'><strong>perieulum</strong></span> 
     </span>
    </p>
   </div>
   <div class='ocr_carea' id='block_1_23' title="bbox 535 2287 2118 2358">
    <p class='ocr_par' dir='ltr' id='par_1_23' title="bbox 535 2287 2118 2358">
     <span class='ocr_line' id='line_1_23' title="bbox 535 2287 2118 2358; baseline -0.002 -15"><span class='ocrx_word' id='word_1_138' title='bbox 535 2289 788 2345; x_wconf 68' lang='lat' dir='ltr'><strong>adductae</strong></span> <span class='ocrx_word' id='word_1_139' title='bbox 821 2304 930 2356; x_wconf 90' lang='lat' dir='ltr'><strong>res,</strong></span> <span class='ocrx_word' id='word_1_140' title='bbox 967 2296 1028 2344; x_wconf 93' lang='lat' dir='ltr'><strong>ut</strong></span> <span class='ocrx_word' id='word_1_141' title='bbox 1051 2288 1654 2344; x_wconf 84' lang='lat' dir='ltr'><strong>amissionisluminum</strong></span> <span class='ocrx_word' id='word_1_142' title='bbox 1691 2302 1851 2358; x_wconf 87' lang='lat' dir='ltr'><strong>poena</strong></span> <span class='ocrx_word' id='word_1_143' title='bbox 1880 2287 1957 2341; x_wconf 88' lang='lat' dir='ltr'><strong>illi</strong></span> <span class='ocrx_word' id='word_1_144' title='bbox 2003 2295 2118 2341; x_wconf 85' lang='lat' dir='ltr'><strong>sta-</strong></span> 
     </span>
    </p>
   </div>
   <div class='ocr_carea' id='block_1_24' title="bbox 539 2381 2120 2454">
    <p class='ocr_par' dir='ltr' id='par_1_24' title="bbox 539 2381 2120 2454">
     <span class='ocr_line' id='line_1_24' title="bbox 539 2381 2120 2454; baseline -0.002 -15"><span class='ocrx_word' id='word_1_145' title='bbox 539 2394 654 2440; x_wconf 85' lang='lat' dir='ltr'><strong>tuta</strong></span> <span class='ocrx_word' id='word_1_146' title='bbox 677 2385 770 2450; x_wconf 89' lang='lat' dir='ltr'><strong>sit,</strong></span> <span class='ocrx_word' id='word_1_147' title='bbox 791 2384 944 2439; x_wconf 90' lang='lat' dir='ltr'><strong>velut</strong></span> <span class='ocrx_word' id='word_1_148' title='bbox 971 2385 1064 2453; x_wconf 83' lang='lat' dir='ltr'><strong>qui</strong></span> <span class='ocrx_word' id='word_1_149' title='bbox 1088 2383 1420 2454; x_wconf 82' lang='lat' dir='ltr'><strong>negligentia</strong></span> <span class='ocrx_word' id='word_1_150' title='bbox 1449 2398 1546 2438; x_wconf 88' lang='lat' dir='ltr'><strong>seu</strong></span> <span class='ocrx_word' id='word_1_151' title='bbox 1571 2383 1757 2454; x_wconf 90' lang='lat' dir='ltr'><strong>potius</strong></span> <span class='ocrx_word' id='word_1_152' title='bbox 1787 2381 1956 2437; x_wconf 89' lang='lat' dir='ltr'><strong>animi</strong></span> <span class='ocrx_word' id='word_1_153' title='bbox 1989 2397 2120 2451; x_wconf 90' lang='lat' dir='ltr'><strong>pra-</strong></span> 
     </span>
    </p>
   </div>
   <div class='ocr_carea' id='block_1_25' title="bbox 539 2472 2117 2544">
    <p class='ocr_par' dir='ltr' id='par_1_25' title="bbox 539 2472 2117 2544">
     <span class='ocr_line' id='line_1_25' title="bbox 539 2472 2117 2544; baseline -0.003 -14"><span class='ocrx_word' id='word_1_154' title='bbox 539 2477 708 2531; x_wconf 82' lang='lat' dir='ltr'><strong>vitate</strong></span> <span class='ocrx_word' id='word_1_155' title='bbox 749 2490 812 2531; x_wconf 86' lang='lat' dir='ltr'><strong>ac</strong></span> <span class='ocrx_word' id='word_1_156' title='bbox 852 2475 1100 2544; x_wconf 89' lang='lat' dir='ltr'><strong>nequitia</strong></span> <span class='ocrx_word' id='word_1_157' title='bbox 1143 2476 1466 2530; x_wconf 83' lang='lat' dir='ltr'><strong>Patzinacas</strong></span> <span class='ocrx_word' id='word_1_158' title='bbox 1502 2489 1614 2528; x_wconf 91' lang='lat' dir='ltr'><strong>non</strong></span> <span class='ocrx_word' id='word_1_159' title='bbox 1664 2473 1991 2544; x_wconf 68' lang='lat' dir='ltr'><strong>traiecisset,</strong></span> <span class='ocrx_word' id='word_1_160' title='bbox 2024 2472 2117 2526; x_wconf 92' lang='lat' dir='ltr'><strong>sed</strong></span> 
     </span>
    </p>
   </div>
   <div class='ocr_carea' id='block_1_26' title="bbox 539 2565 2117 2637">
    <p class='ocr_par' dir='ltr' id='par_1_26' title="bbox 539 2565 2117 2637">
     <span class='ocr_line' id='line_1_26' title="bbox 539 2565 2117 2637; baseline -0.001 -17"><span class='ocrx_word' id='word_1_161' title='bbox 539 2583 598 2623; x_wconf 88' lang='lat' dir='ltr'><strong>se</strong></span> <span class='ocrx_word' id='word_1_162' title='bbox 633 2567 798 2622; x_wconf 89' lang='lat' dir='ltr'><strong>citius</strong></span> <span class='ocrx_word' id='word_1_163' title='bbox 831 2567 1223 2629; x_wconf 81' lang='lat' dir='ltr'><strong>subduxisset,</strong></span> <span class='ocrx_word' id='word_1_164' title='bbox 1257 2583 1319 2621; x_wconf 89' lang='lat' dir='ltr'><strong>ac</strong></span> <span class='ocrx_word' id='word_1_165' title='bbox 1347 2582 1415 2620; x_wconf 91' lang='lat' dir='ltr'><strong>ne</strong></span> <span class='ocrx_word' id='word_1_166' title='bbox 1449 2565 1722 2637; x_wconf 79' lang='lat' dir='ltr'><strong>fugientes</strong></span> <span class='ocrx_word' id='word_1_167' title='bbox 1748 2565 1971 2635; x_wconf 88' lang='lat' dir='ltr'><strong>quidem</strong></span> <span class='ocrx_word' id='word_1_168' title='bbox 2008 2565 2117 2619; x_wconf 80' lang='lat' dir='ltr'><strong>Ro-</strong></span> 
     </span>
    </p>
   </div>
   <div class='ocr_carea' id='block_1_27' title="bbox 542 2658 2124 2727">
    <p class='ocr_par' dir='ltr' id='par_1_27' title="bbox 542 2658 2124 2727">
     <span class='ocr_line' id='line_1_27' title="bbox 542 2658 2124 2727; baseline 0 -13"><span class='ocrx_word' id='word_1_169' title='bbox 542 2675 736 2716; x_wconf 89' lang='lat' dir='ltr'><strong>manos</strong></span> <span class='ocrx_word' id='word_1_170' title='bbox 787 2659 842 2714; x_wconf 90' lang='lat' dir='ltr'><strong>in</strong></span> <span class='ocrx_word' id='word_1_171' title='bbox 887 2659 1124 2714; x_wconf 82' lang='lat' dir='ltr'><strong>navibus</strong></span> <span class='ocrx_word' id='word_1_172' title='bbox 1176 2660 1497 2727; x_wconf 86' lang='lat' dir='ltr'><strong>recepisset.</strong></span> <span class='ocrx_word' id='word_1_173' title='bbox 1550 2660 1627 2712; x_wconf 86' lang='lat' dir='ltr'><strong>Ac</strong></span> <span class='ocrx_word' id='word_1_174' title='bbox 1675 2659 1748 2712; x_wconf 87' lang='lat' dir='ltr'><strong>ita</strong></span> <span class='ocrx_word' id='word_1_175' title='bbox 1788 2665 1938 2713; x_wconf 88' lang='lat' dir='ltr'><strong>certe</strong></span> <span class='ocrx_word' id='word_1_176' title='bbox 1985 2658 2124 2714; x_wconf 88' lang='lat' dir='ltr'><strong>luis-</strong></span> 
     </span>
    </p>
   </div>
   <div class='ocr_carea' id='block_1_28' title="bbox 540 2750 2125 2823">
    <p class='ocr_par' dir='ltr' id='par_1_28' title="bbox 540 2750 2125 2823">
     <span class='ocr_line' id='line_1_28' title="bbox 540 2750 2125 2823; baseline -0.001 -15"><span class='ocrx_word' id='word_1_177' title='bbox 540 2762 644 2817; x_wconf 87' lang='lat' dir='ltr'><strong>set,</strong></span> <span class='ocrx_word' id='word_1_178' title='bbox 689 2752 798 2807; x_wconf 87' lang='lat' dir='ltr'><strong>nisi</strong></span> <span class='ocrx_word' id='word_1_179' title='bbox 855 2750 1217 2807; x_wconf 80' lang='lat' dir='ltr'><strong>ConStantino</strong></span> <span class='ocrx_word' id='word_1_180' title='bbox 1268 2751 1518 2823; x_wconf 78' lang='lat' dir='ltr'><strong>Gongulo</strong></span> <span class='ocrx_word' id='word_1_181' title='bbox 1569 2760 1626 2806; x_wconf 90' lang='lat' dir='ltr'><strong>et</strong></span> <span class='ocrx_word' id='word_1_182' title='bbox 1674 2750 1955 2821; x_wconf 86' lang='lat' dir='ltr'><strong>Stephano</strong></span> <span class='ocrx_word' id='word_1_183' title='bbox 2009 2767 2125 2806; x_wconf 85' lang='lat' dir='ltr'><strong>ma-</strong></span> 
     </span>
    </p>
   </div>
   <div class='ocr_carea' id='block_1_29' title="bbox 539 2844 2124 2916">
    <p class='ocr_par' dir='ltr' id='par_1_29' title="bbox 539 2844 2124 2916">
     <span class='ocr_line' id='line_1_29' title="bbox 539 2844 2124 2916; baseline 0.001 -18"><span class='ocrx_word' id='word_1_184' title='bbox 539 2847 715 2916; x_wconf 79' lang='lat' dir='ltr'><strong>gistro</strong></span> <span class='ocrx_word' id='word_1_185' title='bbox 745 2885 760 2909; x_wconf 97' lang='lat'><strong>,</strong></span> <span class='ocrx_word' id='word_1_186' title='bbox 811 2860 918 2915; x_wconf 88' lang='lat' dir='ltr'><strong>qua</strong></span> <span class='ocrx_word' id='word_1_187' title='bbox 965 2844 1110 2915; x_wconf 89' lang='lat' dir='ltr'><strong>apud</strong></span> <span class='ocrx_word' id='word_1_188' title='bbox 1175 2845 1477 2915; x_wconf 80' lang='lat' dir='ltr'><strong>Augustam</strong></span> <span class='ocrx_word' id='word_1_189' title='bbox 1532 2860 1746 2900; x_wconf 90' lang='lat' dir='ltr'><strong>summa</strong></span> <span class='ocrx_word' id='word_1_190' title='bbox 1795 2844 2124 2900; x_wconf 86' lang='lat' dir='ltr'><strong>auctoritate</strong></span> 
     </span>
    </p>
   </div>
   <div class='ocr_carea' id='block_1_30' title="bbox 521 2937 2124 3007">
    <p class='ocr_par' dir='ltr' id='par_1_30' title="bbox 521 2937 2124 3007">
     <span class='ocr_line' id='line_1_30' title="bbox 521 2937 2124 3007; baseline 0.004 -19"><span class='ocrx_word' id='word_1_191' title='bbox 521 2938 839 3007; x_wconf 75' lang='lat' dir='ltr'><strong>pollebant,</strong></span> <span class='ocrx_word' id='word_1_192' title='bbox 876 2937 1291 2992; x_wconf 87' lang='lat' dir='ltr'><strong>connitentibus</strong></span> <span class='ocrx_word' id='word_1_193' title='bbox 1314 2937 1368 2992; x_wconf 91' lang='lat' dir='ltr'><strong>in</strong></span> <span class='ocrx_word' id='word_1_194' title='bbox 1393 2937 1734 2993; x_wconf 89' lang='lat' dir='ltr'><strong>contrarium</strong></span> <span class='ocrx_word' id='word_1_195' title='bbox 1758 2937 1864 2993; x_wconf 90' lang='lat' dir='ltr'><strong>lata</strong></span> <span class='ocrx_word' id='word_1_196' title='bbox 1898 2945 2124 2995; x_wconf 89' lang='lat' dir='ltr'><strong>senten-</strong></span> 
     </span>
    </p>
   </div>
   <div class='ocr_carea' id='block_1_31' title="bbox 542 3031 1087 3085">
    <p class='ocr_par' dir='ltr' id='par_1_31' title="bbox 542 3031 1087 3085">
     <span class='ocr_line' id='line_1_31' title="bbox 542 3031 1087 3085; baseline 0 -1"><span class='ocrx_word' id='word_1_197' title='bbox 542 3031 614 3085; x_wconf 85' lang='lat' dir='ltr'><strong>tia</strong></span> <span class='ocrx_word' id='word_1_198' title='bbox 640 3031 715 3085; x_wconf 91' lang='lat' dir='ltr'><strong>illi</strong></span> <span class='ocrx_word' id='word_1_199' title='bbox 742 3046 894 3085; x_wconf 81' lang='lat' dir='ltr'><strong>versa</strong></span> <span class='ocrx_word' id='word_1_200' title='bbox 922 3039 1087 3085; x_wconf 88' lang='lat' dir='ltr'><strong>esset.</strong></span> 
     </span>
    </p>
   </div>
   <div class='ocr_carea' id='block_1_32' title="bbox 612 3122 2127 3193">
    <p class='ocr_par' dir='ltr' id='par_1_32' title="bbox 612 3122 2127 3193">
     <span class='ocr_line' id='line_1_32' title="bbox 612 3122 2127 3193; baseline 0.001 -17"><span class='ocrx_word' id='word_1_201' title='bbox 612 3123 697 3178; x_wconf 82' lang='lat' dir='ltr'><strong>l9.</strong></span> <span class='ocrx_word' id='word_1_202' title='bbox 752 3123 997 3193; x_wconf 79' lang='lat' dir='ltr'><strong>Bulgaris</strong></span> <span class='ocrx_word' id='word_1_203' title='bbox 1023 3130 1340 3193; x_wconf 86' lang='lat' dir='ltr'><strong>autemper</strong></span> <span class='ocrx_word' id='word_1_204' title='bbox 1369 3122 1422 3177; x_wconf 88' lang='lat' dir='ltr'><strong>id</strong></span> <span class='ocrx_word' id='word_1_205' title='bbox 1456 3134 1672 3192; x_wconf 92' lang='lat' dir='ltr'><strong>tempus</strong></span> <span class='ocrx_word' id='word_1_206' title='bbox 1704 3123 1934 3178; x_wconf 74' lang='lat' dir='ltr'><strong>victoria</strong></span> <span class='ocrx_word' id='word_1_207' title='bbox 1966 3123 2127 3178; x_wconf 79' lang='lat' dir='ltr'><strong>elatis</strong></span> 
     </span>
    </p>
   </div>
   <div class='ocr_carea' id='block_1_33' title="bbox 2226 532 3813 604">
    <p class='ocr_par' dir='ltr' id='par_1_33' title="bbox 2226 532 3813 604">
     <span class='ocr_line' id='line_1_33' title="bbox 2226 532 3813 604; baseline -0.001 -17"><span class='ocrx_word' id='word_1_208' title='bbox 2226 535 2524 604; x_wconf 85' lang='grc' dir='ltr'>ρουμένων,</span> <span class='ocrx_word' id='word_1_209' title='bbox 2553 534 2786 604; x_wconf 79' lang='grc' dir='ltr'>αἵματός</span> <span class='ocrx_word' id='word_1_210' title='bbox 2821 552 2880 587; x_wconf 88' lang='grc' dir='ltr'><strong>τε</strong></span> <span class='ocrx_word' id='word_1_211' title='bbox 2917 533 3072 604; x_wconf 79' lang='grc' dir='ltr'>χύσις</span> <span class='ocrx_word' id='word_1_212' title='bbox 3110 534 3197 586; x_wconf 83' lang='grc' dir='ltr'><strong>οἵα</strong></span> <span class='ocrx_word' id='word_1_213' title='bbox 3219 532 3279 597; x_wconf 79' lang='grc' dir='ltr'><strong>ἐξ</strong></span> <span class='ocrx_word' id='word_1_214' title='bbox 3314 533 3510 596; x_wconf 70' lang='grc' dir='ltr'>αἰῶνος</span> <span class='ocrx_word' id='word_1_215' title='bbox 3537 532 3639 587; x_wconf 88' lang='grc' dir='ltr'><strong>οὐκ</strong></span> <span class='ocrx_word' id='word_1_216' title='bbox 3685 533 3813 601; x_wconf 79' lang='grc' dir='ltr'>ἐγέ-</span> 
     </span>
    </p>
   </div>
   <div class='ocr_carea' id='block_1_34' title="bbox 2222 624 3812 698">
    <p class='ocr_par' dir='ltr' id='par_1_34' title="bbox 2222 624 3812 698">
     <span class='ocr_line' id='line_1_34' title="bbox 2222 624 3812 698; baseline 0 -20"><span class='ocrx_word' id='word_1_217' title='bbox 2222 643 2362 681; x_wconf 86' lang='grc' dir='ltr'>νετο.</span> <span class='ocrx_word' id='word_1_218' title='bbox 2413 627 2566 680; x_wconf 83' lang='grc' dir='ltr'><strong>Λέων</strong></span> <span class='ocrx_word' id='word_1_219' title='bbox 2611 629 2638 680; x_wconf 97' lang='lat'><strong>6</strong></span> <span class='ocrx_word' id='word_1_220' title='bbox 2691 626 3013 698; x_wconf 82' lang='grc' dir='ltr'>δομέστικος</span> <span class='ocrx_word' id='word_1_221' title='bbox 3077 627 3136 680; x_wconf 87' lang='grc' dir='ltr'><strong>ἐν</strong></span> <span class='ocrx_word' id='word_1_222' title='bbox 3185 624 3525 698; x_wconf 80' lang='grc' dir='ltr'>Μεσημϐρίᾳ</span> <span class='ocrx_word' id='word_1_223' title='bbox 3574 624 3812 694; x_wconf 81' lang='grc' dir='ltr'><strong>διεσώθη</strong></span> 
     </span>
    </p>
   </div>
   <div class='ocr_carea' id='block_1_35' title="bbox 2223 715 3815 790">
    <p class='ocr_par' dir='ltr' id='par_1_35' title="bbox 2223 715 3815 790">
     <span class='ocr_line' id='line_1_35' title="bbox 2223 715 3815 790; baseline -0.002 -19"><span class='ocrx_word' id='word_1_224' title='bbox 2223 718 2428 787; x_wconf 81' lang='grc' dir='ltr'>φυγών.</span> <span class='ocrx_word' id='word_1_225' title='bbox 2479 718 2726 788; x_wconf 79' lang='grc' dir='ltr'>Ἐσφάγη</span> <span class='ocrx_word' id='word_1_226' title='bbox 2759 719 2818 771; x_wconf 87' lang='grc' dir='ltr'><strong>δέ</strong></span> <span class='ocrx_word' id='word_1_227' title='bbox 2864 718 3002 790; x_wconf 80' lang='grc' dir='ltr'>πρὸς</span> <span class='ocrx_word' id='word_1_228' title='bbox 3042 720 3154 782; x_wconf 86' lang='grc' dir='ltr'>τοῖς</span> <span class='ocrx_word' id='word_1_229' title='bbox 3188 717 3372 780; x_wconf 77' lang='grc' dir='ltr'>ἄλλοις</span> <span class='ocrx_word' id='word_1_230' title='bbox 3400 717 3459 771; x_wconf 81' lang='grc' dir='ltr'><strong>ἐν</strong></span> <span class='ocrx_word' id='word_1_231' title='bbox 3485 719 3552 788; x_wconf 86' lang='grc' dir='ltr'>τῇ</span> <span class='ocrx_word' id='word_1_232' title='bbox 3585 715 3681 769; x_wconf 81' lang='grc' dir='ltr'>τοῦ</span> <span class='ocrx_word' id='word_1_233' title='bbox 3711 733 3815 768; x_wconf 89' lang='grc' dir='ltr'>πο-</span> 
     </span>
    </p>
   </div>
   <div class='ocr_carea' id='block_1_36' title="bbox 2221 808 3816 884">
    <p class='ocr_par' dir='ltr' id='par_1_36' title="bbox 2221 808 3816 884">
     <span class='ocr_line' id='line_1_36' title="bbox 2221 808 3816 884; baseline -0.002 -21"><span class='ocrx_word' id='word_1_234' title='bbox 2221 810 2390 882; x_wconf 88' lang='grc' dir='ltr'>λέμου</span> <span class='ocrx_word' id='word_1_235' title='bbox 2432 811 2677 884; x_wconf 85' lang='grc' dir='ltr'>συμϐολῇ</span> <span class='ocrx_word' id='word_1_236' title='bbox 2709 812 2804 865; x_wconf 71' lang='grc' dir='ltr'><strong>καὶ</strong></span> <span class='ocrx_word' id='word_1_237' title='bbox 2839 813 3252 874; x_wconf 81' lang='grc' dir='ltr'>Κωνσταντῖνος</span> <span class='ocrx_word' id='word_1_238' title='bbox 3285 812 3314 862; x_wconf 91' lang='lat'><strong>6</strong></span> <span class='ocrx_word' id='word_1_239' title='bbox 3352 808 3462 878; x_wconf 71' lang='grc' dir='ltr'><strong>Λὶψ</strong></span> <span class='ocrx_word' id='word_1_240' title='bbox 3496 808 3590 862; x_wconf 71' lang='grc' dir='ltr'><strong>καὶ</strong></span> <span class='ocrx_word' id='word_1_241' title='bbox 3632 809 3816 860; x_wconf 76' lang='grc' dir='ltr'>Ἰωάν-</span> 
     </span>
    </p>
   </div>
   <div class='ocr_carea' id='block_1_37' title="bbox 2222 901 3597 976">
    <p class='ocr_par' dir='ltr' id='par_1_37' title="bbox 2222 901 3597 976">
     <span class='ocr_line' id='line_1_37' title="bbox 2222 901 3597 976; baseline -0.001 -20"><span class='ocrx_word' id='word_1_242' title='bbox 2222 921 2321 974; x_wconf 90' lang='grc' dir='ltr'><strong>νης</strong></span> <span class='ocrx_word' id='word_1_243' title='bbox 2350 905 2377 956; x_wconf 98' lang='lat'><strong>6</strong></span> <span class='ocrx_word' id='word_1_244' title='bbox 2410 905 2640 976; x_wconf 71' lang='grc' dir='ltr'>Γράψων</span> <span class='ocrx_word' id='word_1_245' title='bbox 2665 905 2757 958; x_wconf 71' lang='grc' dir='ltr'><strong>καὶ</strong></span> <span class='ocrx_word' id='word_1_246' title='bbox 2780 904 2930 958; x_wconf 82' lang='grc' dir='ltr'>ἄλλοι</span> <span class='ocrx_word' id='word_1_247' title='bbox 2954 903 3060 958; x_wconf 90' lang='grc' dir='ltr'><strong>τῶν</strong></span> <span class='ocrx_word' id='word_1_248' title='bbox 3089 903 3368 973; x_wconf 85' lang='grc' dir='ltr'><strong>ἀρχόντων</strong></span> <span class='ocrx_word' id='word_1_249' title='bbox 3399 901 3597 956; x_wconf 83' lang='grc' dir='ltr'>ἱκανοί.</span> 
     </span>
    </p>
   </div>
   <div class='ocr_carea' id='block_1_38' title="bbox 2297 991 3819 1067">
    <p class='ocr_par' dir='ltr' id='par_1_38' title="bbox 2297 991 3819 1067">
     <span class='ocr_line' id='line_1_38' title="bbox 2297 991 3819 1067; baseline -0.003 -18"><span class='ocrx_word' id='word_1_250' title='bbox 2297 996 2386 1062; x_wconf 77' lang='grc' dir='ltr'><strong>ιζ’.</strong></span> <span class='ocrx_word' id='word_1_251' title='bbox 2425 998 2731 1067; x_wconf 84' lang='grc' dir='ltr'>Ἀπεστάλη</span> <span class='ocrx_word' id='word_1_252' title='bbox 2760 997 2816 1050; x_wconf 84' lang='grc' dir='ltr'><strong>δὲ</strong></span> <span class='ocrx_word' id='word_1_253' title='bbox 2870 996 2994 1050; x_wconf 88' lang='grc' dir='ltr'>τότε</span> <span class='ocrx_word' id='word_1_254' title='bbox 3043 995 3140 1049; x_wconf 74' lang='grc' dir='ltr'>καὶ</span> <span class='ocrx_word' id='word_1_255' title='bbox 3183 994 3467 1065; x_wconf 84' lang='grc' dir='ltr'>Ῥωμανὸς</span> <span class='ocrx_word' id='word_1_256' title='bbox 3521 991 3819 1062; x_wconf 70' lang='grc' dir='ltr'><strong>πατρίκιος</strong></span> 
     </span>
    </p>
   </div>
   <div class='ocr_carea' id='block_1_39' title="bbox 2224 1080 3814 1158">
    <p class='ocr_par' dir='ltr' id='par_1_39' title="bbox 2224 1080 3814 1158">
     <span class='ocr_line' id='line_1_39' title="bbox 2224 1080 3814 1158; baseline -0.005 -17"><span class='ocrx_word' id='word_1_257' title='bbox 2224 1089 2319 1141; x_wconf 69' lang='grc' dir='ltr'><strong>καὶ</strong></span> <span class='ocrx_word' id='word_1_258' title='bbox 2355 1088 2720 1158; x_wconf 75' lang='grc' dir='ltr'>δρουγγὰριος</span> <span class='ocrx_word' id='word_1_259' title='bbox 2759 1087 2836 1142; x_wconf 84' lang='grc' dir='ltr'><strong>ὢν</strong></span> <span class='ocrx_word' id='word_1_260' title='bbox 2861 1088 2973 1141; x_wconf 87' lang='grc' dir='ltr'><strong>τῶν</strong></span> <span class='ocrx_word' id='word_1_261' title='bbox 2999 1087 3266 1157; x_wconf 82' lang='grc' dir='ltr'>πλωτμων</span> <span class='ocrx_word' id='word_1_262' title='bbox 3312 1086 3450 1157; x_wconf 86' lang='grc' dir='ltr'>μετὰ</span> <span class='ocrx_word' id='word_1_263' title='bbox 3478 1084 3680 1148; x_wconf 76' lang='grc' dir='ltr'>παντὸς</span> <span class='ocrx_word' id='word_1_264' title='bbox 3717 1080 3814 1135; x_wconf 79' lang='grc' dir='ltr'>τοῦ</span> 
     </span>
    </p>
   </div>
   <div class='ocr_carea' id='block_1_40' title="bbox 2225 1171 3814 1248">
    <p class='ocr_par' dir='ltr' id='par_1_40' title="bbox 2225 1171 3814 1248">
     <span class='ocr_line' id='line_1_40' title="bbox 2225 1171 3814 1248; baseline -0.004 -18"><span class='ocrx_word' id='word_1_265' title='bbox 2225 1177 2412 1230; x_wconf 77' lang='grc' dir='ltr'>στόλου</span> <span class='ocrx_word' id='word_1_266' title='bbox 2439 1179 2496 1231; x_wconf 83' lang='grc' dir='ltr'><strong>ἐν</strong></span> <span class='ocrx_word' id='word_1_267' title='bbox 2517 1178 2594 1248; x_wconf 83' lang='grc' dir='ltr'><strong>τῷ</strong></span> <span class='ocrx_word' id='word_1_268' title='bbox 2622 1178 2902 1248; x_wconf 83' lang='grc' dir='ltr'>Δανουϐἱῳ</span> <span class='ocrx_word' id='word_1_269' title='bbox 2935 1177 3166 1248; x_wconf 82' lang='grc' dir='ltr'><strong>ποταμῷ</strong></span> <span class='ocrx_word' id='word_1_270' title='bbox 3200 1175 3488 1247; x_wconf 84' lang='grc' dir='ltr'><strong>βοηθήσων</strong></span> <span class='ocrx_word' id='word_1_271' title='bbox 3519 1171 3814 1241; x_wconf 85' lang='grc' dir='ltr'>Λέοντι.τῷ</span> 
     </span>
    </p>
   </div>
   <div class='ocr_carea' id='block_1_41' title="bbox 2222 1265 3812 1340">
    <p class='ocr_par' dir='ltr' id='par_1_41' title="bbox 2222 1265 3812 1340">
     <span class='ocr_line' id='line_1_41' title="bbox 2222 1265 3812 1340; baseline -0.001 -21"><span class='ocrx_word' id='word_1_272' title='bbox 2222 1270 2385 1340; x_wconf 79' lang='grc' dir='ltr'>Φωκᾷ</span> <span class='ocrx_word' id='word_1_273' title='bbox 2413 1285 2425 1299; x_wconf 87' lang='grc'><strong>·</strong></span> <span class='ocrx_word' id='word_1_274' title='bbox 2468 1269 2605 1324; x_wconf 80' lang='grc' dir='ltr'>ἀλλὰ</span> <span class='ocrx_word' id='word_1_275' title='bbox 2631 1271 2725 1323; x_wconf 74' lang='grc' dir='ltr'>καὶ</span> <span class='ocrx_word' id='word_1_276' title='bbox 2768 1271 3024 1340; x_wconf 80' lang='grc' dir='ltr'>Ἰωάννης</span> <span class='ocrx_word' id='word_1_277' title='bbox 3054 1269 3083 1321; x_wconf 90' lang='lat'><strong>6</strong></span> <span class='ocrx_word' id='word_1_278' title='bbox 3118 1270 3296 1338; x_wconf 82' lang='grc' dir='ltr'>Βογᾶς</span> <span class='ocrx_word' id='word_1_279' title='bbox 3329 1269 3663 1336; x_wconf 77' lang='grc' dir='ltr'>καταγαγεῖν</span> <span class='ocrx_word' id='word_1_280' title='bbox 3694 1265 3812 1318; x_wconf 79' lang='grc' dir='ltr'><strong>Παι-</strong></span> 
     </span>
    </p>
   </div>
   <div class='ocr_carea' id='block_1_42' title="bbox 2223 1357 3816 1434">
    <p class='ocr_par' dir='ltr' id='par_1_42' title="bbox 2223 1357 3816 1434">
     <span class='ocr_line' id='line_1_42' title="bbox 2223 1357 3816 1434; baseline -0.004 -20"><span class='ocrx_word' id='word_1_281' title='bbox 2223 1361 2506 1428; x_wconf 78' lang='grc' dir='ltr'>τζίνακας,</span> <span class='ocrx_word' id='word_1_282' title='bbox 2559 1362 2633 1426; x_wconf 85' lang='grc' dir='ltr'>ὠς</span> <span class='ocrx_word' id='word_1_283' title='bbox 2679 1362 3029 1434; x_wconf 80' lang='grc' dir='ltr'>προείρηται,</span> <span class='ocrx_word' id='word_1_284' title='bbox 3062 1361 3451 1422; x_wconf 77' lang='grc' dir='ltr'>κελευσθέντος</span> <span class='ocrx_word' id='word_1_285' title='bbox 3491 1359 3584 1414; x_wconf 76' lang='grc' dir='ltr'>τοῦ</span> <span class='ocrx_word' id='word_1_286' title='bbox 3621 1357 3816 1428; x_wconf 85' lang='grc' dir='ltr'>δρουγ-</span> 
     </span>
    </p>
   </div>
   <div class='ocr_carea' id='block_1_43' title="bbox 2224 1448 3817 1526">
    <p class='ocr_par' dir='ltr' id='par_1_43' title="bbox 2224 1448 3817 1526">
     <span class='ocr_line' id='line_1_43' title="bbox 2224 1448 3817 1526; baseline -0.004 -19"><span class='ocrx_word' id='word_1_287' title='bbox 2224 1455 2418 1525; x_wconf 88' lang='grc' dir='ltr'>γαρίου</span> <span class='ocrx_word' id='word_1_288' title='bbox 2461 1453 2744 1523; x_wconf 81' lang='grc' dir='ltr'>Ῥωμανοῦ</span> <span class='ocrx_word' id='word_1_289' title='bbox 2779 1454 3112 1526; x_wconf 78' lang='grc' dir='ltr'>διαπερᾶσαι</span> <span class='ocrx_word' id='word_1_290' title='bbox 3139 1453 3362 1516; x_wconf 82' lang='grc' dir='ltr'>τούτους</span> <span class='ocrx_word' id='word_1_291' title='bbox 3407 1449 3552 1505; x_wconf 76' lang='grc' dir='ltr'>κατὰ</span> <span class='ocrx_word' id='word_1_292' title='bbox 3583 1448 3817 1516; x_wconf 79' lang='grc' dir='ltr'>Βουλγά-</span> 
     </span>
    </p>
   </div>
   <div class='ocr_carea' id='block_1_44' title="bbox 2227 1540 3817 1618">
    <p class='ocr_par' dir='ltr' id='par_1_44' title="bbox 2227 1540 3817 1618">
     <span class='ocr_line' id='line_1_44' title="bbox 2227 1540 3817 1618; baseline -0.006 -19"><span class='ocrx_word' id='word_1_293' title='bbox 2227 1564 2356 1616; x_wconf 90' lang='grc' dir='ltr'>ρων,</span> <span class='ocrx_word' id='word_1_294' title='bbox 2395 1545 2538 1599; x_wconf 84' lang='grc' dir='ltr'>ὥστε</span> <span class='ocrx_word' id='word_1_295' title='bbox 2579 1547 2944 1618; x_wconf 79' lang='grc' dir='ltr'>συμμαχῆσαι</span> <span class='ocrx_word' id='word_1_296' title='bbox 2974 1548 3163 1601; x_wconf 82' lang='grc' dir='ltr'>Λέοντι</span> <span class='ocrx_word' id='word_1_297' title='bbox 3185 1547 3371 1616; x_wconf 80' lang='grc' dir='ltr'>Φωκᾷ.</span> <span class='ocrx_word' id='word_1_298' title='bbox 3419 1541 3703 1614; x_wconf 87' lang='grc' dir='ltr'>Ῥωμανοῦ</span> <span class='ocrx_word' id='word_1_299' title='bbox 3757 1540 3817 1590; x_wconf 82' lang='grc' dir='ltr'><strong>δέ</strong></span> 
     </span>
    </p>
   </div>
   <div class='ocr_carea' id='block_1_45' title="bbox 2225 1633 3816 1712">
    <p class='ocr_par' dir='ltr' id='par_1_45' title="bbox 2225 1633 3816 1712">
     <span class='ocr_line' id='line_1_45' title="bbox 2225 1633 3816 1712; baseline 0.002 -22"><span class='ocrx_word' id='word_1_300' title='bbox 2225 1638 2320 1690; x_wconf 80' lang='grc' dir='ltr'><strong>καὶ</strong></span> <span class='ocrx_word' id='word_1_301' title='bbox 2365 1638 2614 1690; x_wconf 86' lang='grc' dir='ltr'>Ἰωάννου</span> <span class='ocrx_word' id='word_1_302' title='bbox 2653 1638 2746 1692; x_wconf 79' lang='grc' dir='ltr'>τοῦ</span> <span class='ocrx_word' id='word_1_303' title='bbox 2777 1639 2924 1707; x_wconf 84' lang='grc' dir='ltr'><strong>Βογᾶ</strong></span> <span class='ocrx_word' id='word_1_304' title='bbox 2965 1643 3044 1700; x_wconf 84' lang='grc' dir='ltr'>εἰς</span> <span class='ocrx_word' id='word_1_305' title='bbox 3100 1639 3284 1712; x_wconf 79' lang='grc' dir='ltr'>ἔριδας</span> <span class='ocrx_word' id='word_1_306' title='bbox 3335 1638 3429 1690; x_wconf 70' lang='grc' dir='ltr'><strong>καὶ</strong></span> <span class='ocrx_word' id='word_1_307' title='bbox 3477 1633 3816 1704; x_wconf 76' lang='grc' dir='ltr'>λογομαχίας</span> 
     </span>
    </p>
   </div>
   <div class='ocr_carea' id='block_1_46' title="bbox 2228 1724 3818 1800">
    <p class='ocr_par' dir='ltr' id='par_1_46' title="bbox 2228 1724 3818 1800">
     <span class='ocr_line' id='line_1_46' title="bbox 2228 1724 3818 1800; baseline -0.001 -18"><span class='ocrx_word' id='word_1_308' title='bbox 2228 1729 2497 1796; x_wconf 81' lang='grc' dir='ltr'>ἐλθόντες,</span> <span class='ocrx_word' id='word_1_309' title='bbox 2527 1730 2764 1800; x_wconf 80' lang='grc' dir='ltr'>ὁρῶντες</span> <span class='ocrx_word' id='word_1_310' title='bbox 2794 1732 2993 1795; x_wconf 78' lang='grc' dir='ltr'>αὐτοὺς</span> <span class='ocrx_word' id='word_1_311' title='bbox 3015 1733 3066 1785; x_wconf 83' lang='grc' dir='ltr'>οἱ</span> <span class='ocrx_word' id='word_1_312' title='bbox 3109 1730 3447 1794; x_wconf 74' lang='grc' dir='ltr'>Πατζίνακοι</span> <span class='ocrx_word' id='word_1_313' title='bbox 3482 1727 3620 1799; x_wconf 85' lang='grc' dir='ltr'>πρὸς</span> <span class='ocrx_word' id='word_1_314' title='bbox 3652 1724 3818 1792; x_wconf 79' lang='grc' dir='ltr'>ἀλλή-</span> 
     </span>
    </p>
   </div>
   <div class='ocr_carea' id='block_1_47' title="bbox 2153 1820 3817 1921">
    <p class='ocr_par' dir='ltr' id='par_1_47' title="bbox 2153 1820 3817 1921">
     <span class='ocr_line' id='line_1_47' title="bbox 2153 1820 3817 1921; baseline 0.002 -45"><span class='ocrx_word' id='word_1_315' title='bbox 2153 1863 2192 1921; x_wconf 75' lang='lat' dir='ltr'><strong>B</strong></span> <span class='ocrx_word' id='word_1_316' title='bbox 2226 1823 2349 1887; x_wconf 82' lang='grc' dir='ltr'>λους</span> <span class='ocrx_word' id='word_1_317' title='bbox 2381 1824 2818 1898; x_wconf 76' lang='grc' dir='ltr'>διαμαχομένους</span> <span class='ocrx_word' id='word_1_318' title='bbox 2861 1826 2956 1880; x_wconf 75' lang='grc' dir='ltr'><strong>καὶ</strong></span> <span class='ocrx_word' id='word_1_319' title='bbox 2993 1825 3388 1891; x_wconf 74' lang='grc' dir='ltr'>στασιάζοντας</span> <span class='ocrx_word' id='word_1_320' title='bbox 3443 1820 3817 1892; x_wconf 72' lang='grc' dir='ltr'>ὑπεχώρησαν</span> 
     </span>
    </p>
   </div>
   <div class='ocr_carea' id='block_1_48' title="bbox 2222 1916 2556 1979">
    <p class='ocr_par' dir='ltr' id='par_1_48' title="bbox 2222 1916 2556 1979">
     <span class='ocr_line' id='line_1_48' title="bbox 2222 1916 2556 1979; baseline 0.012 -13"><span class='ocrx_word' id='word_1_321' title='bbox 2222 1917 2300 1979; x_wconf 90' lang='grc' dir='ltr'>εἰς</span> <span class='ocrx_word' id='word_1_322' title='bbox 2326 1917 2392 1970; x_wconf 81' lang='grc' dir='ltr'>τὰ</span> <span class='ocrx_word' id='word_1_323' title='bbox 2428 1916 2556 1970; x_wconf 75' lang='grc' dir='ltr'>ἴδια.</span> 
     </span>
    </p>
   </div>
   <div class='ocr_carea' id='block_1_49' title="bbox 2296 2004 3817 2081">
    <p class='ocr_par' dir='ltr' id='par_1_49' title="bbox 2296 2004 3817 2081">
     <span class='ocr_line' id='line_1_49' title="bbox 2296 2004 3817 2081; baseline -0.005 -20"><span class='ocrx_word' id='word_1_324' title='bbox 2296 2007 2386 2075; x_wconf 72' lang='grc' dir='ltr'>ιη’.</span> <span class='ocrx_word' id='word_1_325' title='bbox 2435 2010 2542 2062; x_wconf 80' lang='grc' dir='ltr'><strong>Τοῦ</strong></span> <span class='ocrx_word' id='word_1_326' title='bbox 2573 2010 2815 2081; x_wconf 82' lang='grc' dir='ltr'>πολέμου</span> <span class='ocrx_word' id='word_1_327' title='bbox 2843 2009 2902 2063; x_wconf 79' lang='grc' dir='ltr'>δὲ</span> <span class='ocrx_word' id='word_1_328' title='bbox 2951 2009 3238 2081; x_wconf 79' lang='grc' dir='ltr'>ήδητέλος</span> <span class='ocrx_word' id='word_1_329' title='bbox 3267 2007 3531 2070; x_wconf 90' lang='grc' dir='ltr'>λαϐόντος</span> <span class='ocrx_word' id='word_1_330' title='bbox 3551 2005 3646 2058; x_wconf 82' lang='grc' dir='ltr'><strong>καὶ</strong></span> <span class='ocrx_word' id='word_1_331' title='bbox 3680 2004 3817 2056; x_wconf 82' lang='grc' dir='ltr'>ὑπο-</span> 
     </span>
    </p>
   </div>
   <div class='ocr_carea' id='block_1_50' title="bbox 2222 2093 3815 2172">
    <p class='ocr_par' dir='ltr' id='par_1_50' title="bbox 2222 2093 3815 2172">
     <span class='ocr_line' id='line_1_50' title="bbox 2222 2093 3815 2172; baseline -0.008 -15"><span class='ocrx_word' id='word_1_332' title='bbox 2222 2101 2572 2172; x_wconf 72' lang='grc' dir='ltr'>στρεψάντων</span> <span class='ocrx_word' id='word_1_333' title='bbox 2604 2104 2660 2154; x_wconf 83' lang='grc' dir='ltr'><strong>ἐν</strong></span> <span class='ocrx_word' id='word_1_334' title='bbox 2712 2106 2778 2171; x_wconf 86' lang='grc' dir='ltr'>τῇ</span> <span class='ocrx_word' id='word_1_335' title='bbox 2821 2102 2973 2156; x_wconf 86' lang='grc' dir='ltr'>πόλει</span> <span class='ocrx_word' id='word_1_336' title='bbox 3013 2102 3106 2156; x_wconf 80' lang='grc' dir='ltr'><strong>τοῦ</strong></span> <span class='ocrx_word' id='word_1_337' title='bbox 3159 2119 3218 2154; x_wconf 88' lang='grc' dir='ltr'><strong>τε</strong></span> <span class='ocrx_word' id='word_1_338' title='bbox 3263 2098 3545 2171; x_wconf 86' lang='grc' dir='ltr'>Ῥωμανοῦ</span> <span class='ocrx_word' id='word_1_339' title='bbox 3593 2095 3691 2150; x_wconf 73' lang='grc' dir='ltr'><strong>καὶ</strong></span> <span class='ocrx_word' id='word_1_340' title='bbox 3717 2093 3815 2147; x_wconf 82' lang='grc' dir='ltr'>τοῦ</span> 
     </span>
    </p>
   </div>
   <div class='ocr_carea' id='block_1_51' title="bbox 2224 2190 3818 2266">
    <p class='ocr_par' dir='ltr' id='par_1_51' title="bbox 2224 2190 3818 2266">
     <span class='ocr_line' id='line_1_51' title="bbox 2224 2190 3818 2266; baseline -0.004 -19"><span class='ocrx_word' id='word_1_341' title='bbox 2224 2193 2388 2262; x_wconf 75' lang='grc' dir='ltr'><strong>Βογᾶ,</strong></span> <span class='ocrx_word' id='word_1_342' title='bbox 2421 2196 2489 2247; x_wconf 69' lang='grc' dir='ltr'><strong>τὰ</strong></span> <span class='ocrx_word' id='word_1_343' title='bbox 2533 2194 2651 2247; x_wconf 80' lang='grc' dir='ltr'>κατ’</span> <span class='ocrx_word' id='word_1_344' title='bbox 2699 2195 2880 2249; x_wconf 80' lang='grc' dir='ltr'>αὐτῶν</span> <span class='ocrx_word' id='word_1_345' title='bbox 2911 2194 3272 2266; x_wconf 72' lang='grc' dir='ltr'>ἐκινήθησαν,</span> <span class='ocrx_word' id='word_1_346' title='bbox 3308 2195 3403 2248; x_wconf 76' lang='grc' dir='ltr'>καὶ</span> <span class='ocrx_word' id='word_1_347' title='bbox 3450 2194 3527 2254; x_wconf 73' lang='grc' dir='ltr'><strong>εἰς</strong></span> <span class='ocrx_word' id='word_1_348' title='bbox 3560 2190 3818 2245; x_wconf 72' lang='grc' dir='ltr'>τοσοῦτον</span> 
     </span>
    </p>
   </div>
   <div class='ocr_carea' id='block_1_52' title="bbox 2223 2285 3819 2361">
    <p class='ocr_par' dir='ltr' id='par_1_52' title="bbox 2223 2285 3819 2361">
     <span class='ocr_line' id='line_1_52' title="bbox 2223 2285 3819 2361; baseline -0.003 -22"><span class='ocrx_word' id='word_1_349' title='bbox 2223 2287 2467 2340; x_wconf 80' lang='grc' dir='ltr'>κίνδυνον</span> <span class='ocrx_word' id='word_1_350' title='bbox 2517 2287 2609 2342; x_wconf 74' lang='grc' dir='ltr'>τὸν</span> <span class='ocrx_word' id='word_1_351' title='bbox 2679 2289 3047 2361; x_wconf 82' lang='grc' dir='ltr'>δρουγγάριον</span> <span class='ocrx_word' id='word_1_352' title='bbox 3091 2289 3380 2361; x_wconf 66' lang='grc' dir='ltr'>Ἱδωμανὸν</span> <span class='ocrx_word' id='word_1_353' title='bbox 3444 2285 3819 2356; x_wconf 84' lang='grc' dir='ltr'>περιέστησαν</span> 
     </span>
    </p>
   </div>
   <div class='ocr_carea' id='block_1_53' title="bbox 2219 2376 3820 2454">
    <p class='ocr_par' dir='ltr' id='par_1_53' title="bbox 2219 2376 3820 2454">
     <span class='ocr_line' id='line_1_53' title="bbox 2219 2376 3820 2454; baseline -0.005 -19"><span class='ocrx_word' id='word_1_354' title='bbox 2219 2381 2364 2436; x_wconf 75' lang='grc' dir='ltr'>ὥστε</span> <span class='ocrx_word' id='word_1_355' title='bbox 2397 2381 2875 2447; x_wconf 75' lang='grc' dir='ltr'>καταδικάζουσαν</span> <span class='ocrx_word' id='word_1_356' title='bbox 2905 2381 3090 2454; x_wconf 75' lang='grc' dir='ltr'>ψῆφον</span> <span class='ocrx_word' id='word_1_357' title='bbox 3124 2384 3456 2454; x_wconf 77' lang='grc' dir='ltr'>ἀνήνεγκαν,</span> <span class='ocrx_word' id='word_1_358' title='bbox 3485 2380 3594 2433; x_wconf 89' lang='grc' dir='ltr'><strong>τῶν</strong></span> <span class='ocrx_word' id='word_1_359' title='bbox 3614 2376 3820 2447; x_wconf 79' lang='grc' dir='ltr'>ὀφθαλ-</span> 
     </span>
    </p>
   </div>
   <div class='ocr_carea' id='block_1_54' title="bbox 2227 2470 3820 2548">
    <p class='ocr_par' dir='ltr' id='par_1_54' title="bbox 2227 2470 3820 2548">
     <span class='ocr_line' id='line_1_54' title="bbox 2227 2470 3820 2548; baseline -0.003 -21"><span class='ocrx_word' id='word_1_360' title='bbox 2227 2475 2343 2546; x_wconf 83' lang='grc' dir='ltr'><strong>μῶν</strong></span> <span class='ocrx_word' id='word_1_361' title='bbox 2375 2475 2710 2546; x_wconf 78' lang='grc' dir='ltr'>στερηθῆναι</span> <span class='ocrx_word' id='word_1_362' title='bbox 2759 2476 2835 2540; x_wconf 85' lang='grc' dir='ltr'>ὡς</span> <span class='ocrx_word' id='word_1_363' title='bbox 2869 2477 3123 2548; x_wconf 70' lang='grc' dir='ltr'>ἀμελείᾳ,</span> <span class='ocrx_word' id='word_1_364' title='bbox 3165 2477 3366 2548; x_wconf 75' lang='grc' dir='ltr'>μᾶλλον</span> <span class='ocrx_word' id='word_1_365' title='bbox 3414 2476 3470 2528; x_wconf 84' lang='grc' dir='ltr'><strong>δέ</strong></span> <span class='ocrx_word' id='word_1_366' title='bbox 3506 2470 3820 2542; x_wconf 77' lang='grc' dir='ltr'>κακουργίᾳ</span> 
     </span>
    </p>
   </div>
   <div class='ocr_carea' id='block_1_55' title="bbox 2228 2564 3821 2636">
    <p class='ocr_par' dir='ltr' id='par_1_55' title="bbox 2228 2564 3821 2636">
     <span class='ocr_line' id='line_1_55' title="bbox 2228 2564 3821 2636; baseline 0.001 -20"><span class='ocrx_word' id='word_1_367' title='bbox 2228 2564 2302 2635; x_wconf 85' lang='grc' dir='ltr'>μὴ</span> <span class='ocrx_word' id='word_1_368' title='bbox 2332 2565 2740 2636; x_wconf 82' lang='grc' dir='ltr'>διαπεράσαντα</span> <span class='ocrx_word' id='word_1_369' title='bbox 2780 2568 2906 2630; x_wconf 83' lang='grc' dir='ltr'>τοὺς</span> <span class='ocrx_word' id='word_1_370' title='bbox 2940 2567 3313 2633; x_wconf 73' lang='grc' dir='ltr'>Πατςίνακας,</span> <span class='ocrx_word' id='word_1_371' title='bbox 3349 2565 3466 2620; x_wconf 87' lang='grc' dir='ltr'>ἀλλ’</span> <span class='ocrx_word' id='word_1_372' title='bbox 3525 2564 3821 2634; x_wconf 82' lang='grc' dir='ltr'>ὑποχωρή-</span> 
     </span>
    </p>
   </div>
   <div class='ocr_carea' id='block_1_56' title="bbox 2227 2656 3818 2730">
    <p class='ocr_par' dir='ltr' id='par_1_56' title="bbox 2227 2656 3818 2730">
     <span class='ocr_line' id='line_1_56' title="bbox 2227 2656 3818 2730; baseline -0.002 -20"><span class='ocrx_word' id='word_1_373' title='bbox 2227 2675 2397 2712; x_wconf 83' lang='grc' dir='ltr'>σαντα</span> <span class='ocrx_word' id='word_1_374' title='bbox 2431 2658 2619 2728; x_wconf 87' lang='grc' dir='ltr'>τάχιον</span> <span class='ocrx_word' id='word_1_375' title='bbox 2640 2664 2735 2712; x_wconf 78' lang='grc' dir='ltr'><strong>καὶ</strong></span> <span class='ocrx_word' id='word_1_376' title='bbox 2770 2659 2910 2730; x_wconf 87' lang='grc' dir='ltr'><strong>μηδέ</strong></span> <span class='ocrx_word' id='word_1_377' title='bbox 2935 2659 3063 2723; x_wconf 73' lang='grc' dir='ltr'>τοὺς</span> <span class='ocrx_word' id='word_1_378' title='bbox 3094 2661 3397 2729; x_wconf 81' lang='grc' dir='ltr'>φεύγοντας</span> <span class='ocrx_word' id='word_1_379' title='bbox 3441 2658 3729 2728; x_wconf 80' lang='grc' dir='ltr'>Ῥωμαίων</span> <span class='ocrx_word' id='word_1_380' title='bbox 3756 2656 3818 2708; x_wconf 83' lang='grc' dir='ltr'><strong>ἐν</strong></span> 
     </span>
    </p>
   </div>
   <div class='ocr_carea' id='block_1_57' title="bbox 2225 2749 3823 2822">
    <p class='ocr_par' dir='ltr' id='par_1_57' title="bbox 2225 2749 3823 2822">
     <span class='ocr_line' id='line_1_57' title="bbox 2225 2749 3823 2822; baseline -0.002 -18"><span class='ocrx_word' id='word_1_381' title='bbox 2225 2754 2339 2814; x_wconf 82' lang='grc' dir='ltr'>τοῖς</span> <span class='ocrx_word' id='word_1_382' title='bbox 2374 2750 2579 2813; x_wconf 76' lang='grc' dir='ltr'>πλοίοις</span> <span class='ocrx_word' id='word_1_383' title='bbox 2608 2751 3028 2822; x_wconf 80' lang='grc' dir='ltr'>ὑποδεξάμενον.</span> <span class='ocrx_word' id='word_1_384' title='bbox 3069 2752 3177 2805; x_wconf 76' lang='grc' dir='ltr'><strong>Καὶ</strong></span> <span class='ocrx_word' id='word_1_385' title='bbox 3214 2751 3372 2804; x_wconf 78' lang='grc' dir='ltr'>τοῦτο</span> <span class='ocrx_word' id='word_1_386' title='bbox 3406 2752 3472 2804; x_wconf 85' lang='grc' dir='ltr'><strong>ἂν</strong></span> <span class='ocrx_word' id='word_1_387' title='bbox 3506 2750 3548 2781; x_wconf 72' lang='grc'><strong>³⁷</strong></span> <span class='ocrx_word' id='word_1_388' title='bbox 3582 2749 3823 2803; x_wconf 84' lang='grc' dir='ltr'>ἐπεπόν-</span> 
     </span>
    </p>
   </div>
   <div class='ocr_carea' id='block_1_58' title="bbox 2227 2841 3819 2918">
    <p class='ocr_par' dir='ltr' id='par_1_58' title="bbox 2227 2841 3819 2918">
     <span class='ocr_line' id='line_1_58' title="bbox 2227 2841 3819 2918; baseline -0.002 -20"><span class='ocrx_word' id='word_1_389' title='bbox 2227 2843 2330 2912; x_wconf 84' lang='grc' dir='ltr'>θει,</span> <span class='ocrx_word' id='word_1_390' title='bbox 2362 2847 2410 2898; x_wconf 83' lang='grc' dir='ltr'>εἰ</span> <span class='ocrx_word' id='word_1_391' title='bbox 2438 2845 2515 2918; x_wconf 86' lang='grc' dir='ltr'><strong>μὴ</strong></span> <span class='ocrx_word' id='word_1_392' title='bbox 2553 2845 2702 2916; x_wconf 75' lang='grc' dir='ltr'>παρὰ</span> <span class='ocrx_word' id='word_1_393' title='bbox 2734 2846 3150 2901; x_wconf 71' lang='grc' dir='ltr'>Κωνσταντίνου</span> <span class='ocrx_word' id='word_1_394' title='bbox 3183 2845 3457 2915; x_wconf 85' lang='grc' dir='ltr'>Γογγύλου</span> <span class='ocrx_word' id='word_1_395' title='bbox 3485 2844 3582 2898; x_wconf 72' lang='grc' dir='ltr'><strong>καὶ</strong></span> <span class='ocrx_word' id='word_1_396' title='bbox 3605 2841 3819 2912; x_wconf 82' lang='grc' dir='ltr'>Στεφά-</span> 
     </span>
    </p>
   </div>
   <div class='ocr_carea' id='block_1_59' title="bbox 2227 2935 3821 3009">
    <p class='ocr_par' dir='ltr' id='par_1_59' title="bbox 2227 2935 3821 3009">
     <span class='ocr_line' id='line_1_59' title="bbox 2227 2935 3821 3009; baseline -0.002 -17"><span class='ocrx_word' id='word_1_397' title='bbox 2227 2954 2318 2993; x_wconf 86' lang='grc' dir='ltr'><strong>νου</strong></span> <span class='ocrx_word' id='word_1_398' title='bbox 2353 2936 2447 2990; x_wconf 83' lang='grc' dir='ltr'>τοῦ</span> <span class='ocrx_word' id='word_1_399' title='bbox 2483 2938 2812 3008; x_wconf 86' lang='grc' dir='ltr'>μαγίστρου,</span> <span class='ocrx_word' id='word_1_400' title='bbox 2853 2939 2929 3002; x_wconf 83' lang='grc' dir='ltr'>ὡς</span> <span class='ocrx_word' id='word_1_401' title='bbox 2963 2939 3283 3009; x_wconf 85' lang='grc' dir='ltr'>δυναμένων</span> <span class='ocrx_word' id='word_1_402' title='bbox 3311 2938 3462 3009; x_wconf 75' lang='grc' dir='ltr'>παρα</span> <span class='ocrx_word' id='word_1_403' title='bbox 3495 2940 3564 3009; x_wconf 77' lang='grc' dir='ltr'>τῇ</span> <span class='ocrx_word' id='word_1_404' title='bbox 3601 2935 3821 3006; x_wconf 77' lang='grc' dir='ltr'>Αὐγού-</span> 
     </span>
    </p>
   </div>
   <div class='ocr_carea' id='block_1_60' title="bbox 2230 3029 3445 3103">
    <p class='ocr_par' dir='ltr' id='par_1_60' title="bbox 2230 3029 3445 3103">
     <span class='ocr_line' id='line_1_60' title="bbox 2230 3029 3445 3103; baseline 0.001 -20"><span class='ocrx_word' id='word_1_405' title='bbox 2230 3046 2328 3101; x_wconf 84' lang='grc' dir='ltr'><strong>στῃ</strong></span> <span class='ocrx_word' id='word_1_406' title='bbox 2361 3029 2552 3096; x_wconf 82' lang='grc' dir='ltr'>πολλὰ,</span> <span class='ocrx_word' id='word_1_407' title='bbox 2585 3033 2652 3084; x_wconf 85' lang='grc' dir='ltr'>τὰ</span> <span class='ocrx_word' id='word_1_408' title='bbox 2683 3033 2786 3100; x_wconf 82' lang='grc' dir='ltr'><strong>τῆς</strong></span> <span class='ocrx_word' id='word_1_409' title='bbox 2812 3031 3113 3103; x_wconf 77' lang='grc' dir='ltr'>καταδίκης</span> <span class='ocrx_word' id='word_1_410' title='bbox 3139 3031 3445 3103; x_wconf 83' lang='grc' dir='ltr'>ἀνετράπη.</span> 
     </span>
    </p>
   </div>
   <div class='ocr_carea' id='block_1_61' title="bbox 2304 3121 3825 3194">
    <p class='ocr_par' dir='ltr' id='par_1_61' title="bbox 2304 3121 3825 3194">
     <span class='ocr_line' id='line_1_61' title="bbox 2304 3121 3825 3194; baseline -0.001 -19"><span class='ocrx_word' id='word_1_411' title='bbox 2304 3121 2392 3194; x_wconf 82' lang='grc' dir='ltr'><strong>[Ρ.</strong></span> <span class='ocrx_word' id='word_1_412' title='bbox 2421 3121 2549 3194; x_wconf 81' lang='grc'><strong>570]</strong></span> <span class='ocrx_word' id='word_1_413' title='bbox 2579 3122 2662 3176; x_wconf 83' lang='grc' dir='ltr'>ιθ’.</span> <span class='ocrx_word' id='word_1_414' title='bbox 2704 3124 2826 3178; x_wconf 86' lang='grc' dir='ltr'><strong>Τῶν</strong></span> <span class='ocrx_word' id='word_1_415' title='bbox 2855 3124 2912 3177; x_wconf 89' lang='grc' dir='ltr'><strong>δέ</strong></span> <span class='ocrx_word' id='word_1_416' title='bbox 2947 3123 3276 3194; x_wconf 82' lang='grc' dir='ltr'>Βουλγάρων</span> <span class='ocrx_word' id='word_1_417' title='bbox 3304 3121 3562 3194; x_wconf 86' lang='grc' dir='ltr'>τηνικάδε</span> <span class='ocrx_word' id='word_1_418' title='bbox 3595 3123 3663 3194; x_wconf 79' lang='grc' dir='ltr'>τῇ</span> <span class='ocrx_word' id='word_1_419' title='bbox 3691 3121 3825 3194; x_wconf 74' lang='grc' dir='ltr'>νίκῃ</span> 
     </span>
    </p>
   </div>
   <div class='ocr_carea' id='block_1_62' title="bbox 538 3214 2117 3290">
    <p class='ocr_par' dir='ltr' id='par_1_62' title="bbox 538 3214 2117 3286">
     <span class='ocr_line' id='line_1_62' title="bbox 538 3214 2117 3286; baseline 0 -16"><span class='ocrx_word' id='word_1_420' title='bbox 538 3215 605 3270; x_wconf 89' lang='lat' dir='ltr'><strong>ad</strong></span> <span class='ocrx_word' id='word_1_421' title='bbox 637 3215 919 3284; x_wconf 84' lang='lat' dir='ltr'><strong>ipsamque</strong></span> <span class='ocrx_word' id='word_1_422' title='bbox 948 3215 1139 3270; x_wconf 84' lang='lat' dir='ltr'><strong>urbem</strong></span> <span class='ocrx_word' id='word_1_423' title='bbox 1177 3214 1626 3279; x_wconf 78' lang='lat' dir='ltr'><strong>excurrentibus,</strong></span> <span class='ocrx_word' id='word_1_424' title='bbox 1663 3231 1920 3286; x_wconf 83' lang='lat' dir='ltr'><strong>egressus</strong></span> <span class='ocrx_word' id='word_1_425' title='bbox 1946 3215 2000 3269; x_wconf 90' lang='lat' dir='ltr'><strong>in</strong></span> <span class='ocrx_word' id='word_1_426' title='bbox 2029 3230 2117 3270; x_wconf 80' lang='lat' dir='ltr'><strong>eos</strong></span> 
     </span>
    </p>
   </div>
   <div class='ocr_carea' id='block_1_63' title="bbox 2225 3214 3827 3290">
    <p class='ocr_par' dir='ltr' id='par_1_63' title="bbox 2229 3215 3827 3290">
     <span class='ocr_line' id='line_1_63' title="bbox 2229 3215 3827 3290; baseline -0.002 -20"><span class='ocrx_word' id='word_1_427' title='bbox 2229 3217 2687 3288; x_wconf 86' lang='grc' dir='ltr'>κατεπαρθὲντων</span> <span class='ocrx_word' id='word_1_428' title='bbox 2723 3219 2816 3272; x_wconf 72' lang='grc' dir='ltr'><strong>καὶ</strong></span> <span class='ocrx_word' id='word_1_429' title='bbox 2847 3217 3369 3290; x_wconf 72' lang='grc' dir='ltr'>ἐκστρατευσάντων</span> <span class='ocrx_word' id='word_1_430' title='bbox 3397 3216 3562 3288; x_wconf 82' lang='grc' dir='ltr'>μέχρι</span> <span class='ocrx_word' id='word_1_431' title='bbox 3594 3216 3694 3284; x_wconf 83' lang='grc' dir='ltr'>τῆς</span> <span class='ocrx_word' id='word_1_432' title='bbox 3724 3215 3827 3268; x_wconf 83' lang='grc' dir='ltr'>πό-</span> 
     </span>
    </p>
   </div>
   <div class='ocr_carea' id='block_1_64' title="bbox 538 3306 2123 3380">
    <p class='ocr_par' dir='ltr' id='par_1_64' title="bbox 538 3306 2123 3380">
     <span class='ocr_line' id='line_1_64' title="bbox 538 3306 2123 3380; baseline 0.001 -19"><span class='ocrx_word' id='word_1_433' title='bbox 538 3317 622 3362; x_wconf 81' lang='lat' dir='ltr'><strong>est</strong></span> <span class='ocrx_word' id='word_1_434' title='bbox 638 3308 748 3362; x_wconf 87' lang='lat' dir='ltr'><strong>Leo</strong></span> <span class='ocrx_word' id='word_1_435' title='bbox 778 3308 1054 3378; x_wconf 88' lang='lat' dir='ltr'><strong>legionum</strong></span> <span class='ocrx_word' id='word_1_436' title='bbox 1074 3307 1412 3363; x_wconf 88' lang='lat' dir='ltr'><strong>domesticus</strong></span> <span class='ocrx_word' id='word_1_437' title='bbox 1431 3316 1485 3362; x_wconf 92' lang='lat' dir='ltr'><strong>et</strong></span> <span class='ocrx_word' id='word_1_438' title='bbox 1504 3306 1746 3363; x_wconf 88' lang='lat' dir='ltr'><strong>Joannes</strong></span> <span class='ocrx_word' id='word_1_439' title='bbox 1767 3307 1933 3380; x_wconf 76' lang='lat'><strong>883</strong></span> <span class='ocrx_word' id='word_1_440' title='bbox 1954 3309 2123 3364; x_wconf 80' lang='lat' dir='ltr'><strong>hetae-</strong></span> 
     </span>
    </p>
   </div>
   <div class='ocr_carea' id='block_1_65' title="bbox 541 3399 2121 3471">
    <p class='ocr_par' dir='ltr' id='par_1_65' title="bbox 541 3399 2121 3471">
     <span class='ocr_line' id='line_1_65' title="bbox 541 3399 2121 3471; baseline 0.001 -17"><span class='ocrx_word' id='word_1_441' title='bbox 541 3401 779 3463; x_wconf 88' lang='lat' dir='ltr'><strong>riareha,</strong></span> <span class='ocrx_word' id='word_1_442' title='bbox 810 3401 1086 3470; x_wconf 84' lang='lat' dir='ltr'><strong>Ducisque</strong></span> <span class='ocrx_word' id='word_1_443' title='bbox 1121 3400 1268 3455; x_wconf 83' lang='lat' dir='ltr'><strong>filius</strong></span> <span class='ocrx_word' id='word_1_444' title='bbox 1300 3399 1577 3464; x_wconf 86' lang='lat' dir='ltr'><strong>Nicolaus,</strong></span> <span class='ocrx_word' id='word_1_445' title='bbox 1621 3401 1676 3454; x_wconf 90' lang='lat' dir='ltr'><strong>in</strong></span> <span class='ocrx_word' id='word_1_446' title='bbox 1729 3401 1911 3455; x_wconf 89' lang='lat' dir='ltr'><strong>locum</strong></span> <span class='ocrx_word' id='word_1_447' title='bbox 1957 3417 2121 3471; x_wconf 89' lang='lat' dir='ltr'><strong>quem</strong></span> 
     </span>
    </p>
   </div>
   <div class='ocr_carea' id='block_1_66' title="bbox 538 3491 2123 3561">
    <p class='ocr_par' dir='ltr' id='par_1_66' title="bbox 538 3491 2123 3561">
     <span class='ocr_line' id='line_1_66' title="bbox 538 3491 2123 3561; baseline -0.001 -12"><span class='ocrx_word' id='word_1_448' title='bbox 538 3492 852 3560; x_wconf 69' lang='lat' dir='ltr'><strong>Catasyrtas</strong></span> <span class='ocrx_word' id='word_1_449' title='bbox 893 3500 1114 3556; x_wconf 88' lang='lat' dir='ltr'><strong>vocant,</strong></span> <span class='ocrx_word' id='word_1_450' title='bbox 1163 3506 1290 3546; x_wconf 86' lang='lat' dir='ltr'><strong>cum</strong></span> <span class='ocrx_word' id='word_1_451' title='bbox 1340 3491 1657 3561; x_wconf 84' lang='lat' dir='ltr'><strong>ingentibus</strong></span> <span class='ocrx_word' id='word_1_452' title='bbox 1688 3491 1896 3561; x_wconf 81' lang='lat' dir='ltr'><strong>copiis;</strong></span> <span class='ocrx_word' id='word_1_453' title='bbox 1928 3501 2123 3547; x_wconf 86' lang='lat' dir='ltr'><strong>noctu—</strong></span> 
     </span>
    </p>
   </div>
   <div class='ocr_carea' id='block_1_67' title="bbox 539 3582 2123 3654">
    <p class='ocr_par' dir='ltr' id='par_1_67' title="bbox 539 3582 2123 3654">
     <span class='ocr_line' id='line_1_67' title="bbox 539 3582 2123 3654; baseline 0.001 -17"><span class='ocrx_word' id='word_1_454' title='bbox 539 3599 649 3652; x_wconf 85' lang='lat' dir='ltr'><strong>que</strong></span> <span class='ocrx_word' id='word_1_455' title='bbox 693 3599 761 3637; x_wconf 77' lang='lat' dir='ltr'><strong>ex</strong></span> <span class='ocrx_word' id='word_1_456' title='bbox 806 3582 1105 3652; x_wconf 80' lang='lat' dir='ltr'><strong>improviso</strong></span> <span class='ocrx_word' id='word_1_457' title='bbox 1161 3583 1506 3637; x_wconf 85' lang='lat' dir='ltr'><strong>irruentibus</strong></span> <span class='ocrx_word' id='word_1_458' title='bbox 1556 3583 1614 3636; x_wconf 90' lang='lat' dir='ltr'><strong>in</strong></span> <span class='ocrx_word' id='word_1_459' title='bbox 1652 3599 1750 3638; x_wconf 92' lang='lat' dir='ltr'><strong>eos</strong></span> <span class='ocrx_word' id='word_1_460' title='bbox 1783 3584 2033 3654; x_wconf 83' lang='lat' dir='ltr'><strong>Bulgaris</strong></span> <span class='ocrx_word' id='word_1_461' title='bbox 2059 3600 2123 3640; x_wconf 90' lang='lat' dir='ltr'><strong>ac</strong></span> 
     </span>
    </p>
   </div>
   <div class='ocr_carea' id='block_1_68' title="bbox 542 3673 2118 3743">
    <p class='ocr_par' dir='ltr' id='par_1_68' title="bbox 542 3673 2118 3743">
     <span class='ocr_line' id='line_1_68' title="bbox 542 3673 2118 3743; baseline 0.001 -16"><span class='ocrx_word' id='word_1_462' title='bbox 542 3674 846 3730; x_wconf 87' lang='lat' dir='ltr'><strong>domestico</strong></span> <span class='ocrx_word' id='word_1_463' title='bbox 865 3673 917 3727; x_wconf 90' lang='lat' dir='ltr'><strong>in</strong></span> <span class='ocrx_word' id='word_1_464' title='bbox 947 3673 1125 3743; x_wconf 81' lang='lat' dir='ltr'><strong>fugam</strong></span> <span class='ocrx_word' id='word_1_465' title='bbox 1151 3688 1332 3737; x_wconf 90' lang='lat' dir='ltr'><strong>verso,</strong></span> <span class='ocrx_word' id='word_1_466' title='bbox 1360 3673 1800 3728; x_wconf 73' lang='lat' dir='ltr'><strong>Nicotausnueis</strong></span> <span class='ocrx_word' id='word_1_467' title='bbox 1827 3677 1970 3730; x_wconf 84' lang='lat' dir='ltr'><strong>filius</strong></span> <span class='ocrx_word' id='word_1_468' title='bbox 1994 3692 2118 3730; x_wconf 87' lang='lat' dir='ltr'><strong>cum</strong></span> 
     </span>
    </p>
   </div>
   <div class='ocr_carea' id='block_1_69' title="bbox 529 3766 1260 3822">
    <p class='ocr_par' dir='ltr' id='par_1_69' title="bbox 529 3766 1260 3822">
     <span class='ocr_line' id='line_1_69' title="bbox 529 3766 1260 3822; baseline 0.007 -7"><span class='ocrx_word' id='word_1_469' title='bbox 529 3766 666 3822; x_wconf 76' lang='lat' dir='ltr'><strong>aliis</strong></span> <span class='ocrx_word' id='word_1_470' title='bbox 696 3767 884 3822; x_wconf 87' lang='lat' dir='ltr'><strong>multis</strong></span> <span class='ocrx_word' id='word_1_471' title='bbox 910 3768 1127 3822; x_wconf 89' lang='lat' dir='ltr'><strong>occisus</strong></span> <span class='ocrx_word' id='word_1_472' title='bbox 1157 3776 1260 3822; x_wconf 81' lang='lat' dir='ltr'><strong>est.</strong></span> 
     </span>
    </p>
   </div>
   <div class='ocr_carea' id='block_1_70' title="bbox 609 3950 2122 4030">
    <p class='ocr_par' dir='ltr' id='par_1_70' title="bbox 609 3950 2122 4030">
     <span class='ocr_line' id='line_1_70' title="bbox 609 3950 2122 4030; baseline 0.008 -28"><span class='ocrx_word' id='word_1_473' title='bbox 609 3950 698 4004; x_wconf 72' lang='lat'><strong>20.</strong></span> <span class='ocrx_word' id='word_1_474' title='bbox 755 3950 1080 4006; x_wconf 88' lang='lat' dir='ltr'><strong>Theodorus</strong></span> <span class='ocrx_word' id='word_1_475' title='bbox 1120 3953 1305 4023; x_wconf 78' lang='lat' dir='ltr'><strong>itaque</strong></span> <span class='ocrx_word' id='word_1_476' title='bbox 1366 3954 1717 4015; x_wconf 87' lang='lat' dir='ltr'><strong>Constantini</strong></span> <span class='ocrx_word' id='word_1_477' title='bbox 1748 3958 2122 4030; x_wconf 74' lang='lat' dir='ltr'><strong>imperatoris</strong></span> 
     </span>
    </p>
   </div>
   <div class='ocr_carea' id='block_1_71' title="bbox 541 4041 2122 4113">
    <p class='ocr_par' dir='ltr' id='par_1_71' title="bbox 541 4041 2122 4113">
     <span class='ocr_line' id='line_1_71' title="bbox 541 4041 2122 4113; baseline 0.01 -18"><span class='ocrx_word' id='word_1_478' title='bbox 541 4041 886 4113; x_wconf 71' lang='lat' dir='ltr'><strong>paedagogus,</strong></span> <span class='ocrx_word' id='word_1_479' title='bbox 913 4043 1332 4102; x_wconf 90' lang='lat' dir='ltr'><strong>Constantinum</strong></span> <span class='ocrx_word' id='word_1_480' title='bbox 1361 4049 1738 4106; x_wconf 88' lang='lat' dir='ltr'><strong>accubitorem</strong></span> <span class='ocrx_word' id='word_1_481' title='bbox 1761 4052 1868 4108; x_wconf 92' lang='lat' dir='ltr'><strong>hoc</strong></span> <span class='ocrx_word' id='word_1_482' title='bbox 1885 4053 2122 4110; x_wconf 83' lang='lat' dir='ltr'><strong>molien-</strong></span> 
     </span>
    </p>
   </div>
   <div class='ocr_carea' id='block_1_72' title="bbox 541 4135 2121 4211">
    <p class='ocr_par' dir='ltr' id='par_1_72' title="bbox 541 4135 2121 4211">
     <span class='ocr_line' id='line_1_72' title="bbox 541 4135 2121 4211; baseline 0.011 -25"><span class='ocrx_word' id='word_1_483' title='bbox 541 4141 651 4188; x_wconf 85' lang='lat' dir='ltr'><strong>tem</strong></span> <span class='ocrx_word' id='word_1_484' title='bbox 685 4135 1129 4193; x_wconf 88' lang='lat' dir='ltr'><strong>animadvertens</strong></span> <span class='ocrx_word' id='word_1_485' title='bbox 1172 4148 1232 4193; x_wconf 90' lang='lat' dir='ltr'><strong>ut</strong></span> <span class='ocrx_word' id='word_1_486' title='bbox 1264 4141 1558 4211; x_wconf 88' lang='lat' dir='ltr'><strong>imperium</strong></span> <span class='ocrx_word' id='word_1_487' title='bbox 1592 4143 1646 4197; x_wconf 91' lang='lat' dir='ltr'><strong>in</strong></span> <span class='ocrx_word' id='word_1_488' title='bbox 1688 4144 1930 4201; x_wconf 89' lang='lat' dir='ltr'><strong>Leonem</strong></span> <span class='ocrx_word' id='word_1_489' title='bbox 1959 4163 2121 4203; x_wconf 89' lang='lat' dir='ltr'><strong>suum</strong></span> 
     </span>
    </p>
   </div>
   <div class='ocr_carea' id='block_1_73' title="bbox 538 4227 2123 4310">
    <p class='ocr_par' dir='ltr' id='par_1_73' title="bbox 538 4227 2123 4310">
     <span class='ocr_line' id='line_1_73' title="bbox 538 4227 2123 4310; baseline 0.013 -35"><span class='ocrx_word' id='word_1_490' title='bbox 538 4240 604 4278; x_wconf 74' lang='lat' dir='ltr'><strong>ex</strong></span> <span class='ocrx_word' id='word_1_491' title='bbox 634 4241 820 4282; x_wconf 89' lang='lat' dir='ltr'><strong>sorore</strong></span> <span class='ocrx_word' id='word_1_492' title='bbox 870 4227 1084 4287; x_wconf 77' lang='lat' dir='ltr'><strong>amnem</strong></span> <span class='ocrx_word' id='word_1_493' title='bbox 1117 4233 1460 4300; x_wconf 86' lang='lat' dir='ltr'><strong>transferret,</strong></span> <span class='ocrx_word' id='word_1_494' title='bbox 1487 4235 1848 4294; x_wconf 90' lang='lat' dir='ltr'><strong>Constantino</strong></span> <span class='ocrx_word' id='word_1_495' title='bbox 1884 4239 2123 4310; x_wconf 84' lang='lat' dir='ltr'><strong>impera-</strong></span> 
     </span>
    </p>
   </div>
   <div class='ocr_carea' id='block_1_74' title="bbox 544 4317 2122 4401">
    <p class='ocr_par' dir='ltr' id='par_1_74' title="bbox 544 4317 2122 4401">
     <span class='ocr_line' id='line_1_74' title="bbox 544 4317 2122 4401; baseline 0.011 -32"><span class='ocrx_word' id='word_1_496' title='bbox 544 4317 646 4371; x_wconf 89' lang='lat' dir='ltr'><strong>tori</strong></span> <span class='ocrx_word' id='word_1_497' title='bbox 679 4327 873 4374; x_wconf 86' lang='lat' dir='ltr'><strong>auctor</strong></span> <span class='ocrx_word' id='word_1_498' title='bbox 914 4329 999 4376; x_wconf 89' lang='lat' dir='ltr'><strong>est</strong></span> <span class='ocrx_word' id='word_1_499' title='bbox 1041 4333 1102 4378; x_wconf 91' lang='lat' dir='ltr'><strong>ut</strong></span> <span class='ocrx_word' id='word_1_500' title='bbox 1138 4324 1445 4380; x_wconf 80' lang='lat' dir='ltr'><strong>Romanum</strong></span> <span class='ocrx_word' id='word_1_501' title='bbox 1484 4327 1844 4401; x_wconf 80' lang='lat' dir='ltr'><strong>drungarium</strong></span> <span class='ocrx_word' id='word_1_502' title='bbox 1876 4345 2122 4387; x_wconf 87' lang='lat' dir='ltr'><strong>assumat</strong></span> 
     </span>
    </p>
   </div>
   <div class='ocr_carea' id='block_1_75' title="bbox 538 4408 2122 4493">
    <p class='ocr_par' dir='ltr' id='par_1_75' title="bbox 538 4408 2122 4493">
     <span class='ocr_line' id='line_1_75' title="bbox 538 4408 2122 4493; baseline 0.011 -32"><span class='ocrx_word' id='word_1_503' title='bbox 538 4409 693 4464; x_wconf 79' lang='lat' dir='ltr'><strong>velut</strong></span> <span class='ocrx_word' id='word_1_504' title='bbox 719 4408 1060 4480; x_wconf 85' lang='lat' dir='ltr'><strong>elimpatris</strong></span> <span class='ocrx_word' id='word_1_505' title='bbox 1096 4428 1317 4470; x_wconf 87' lang='lat' dir='ltr'><strong>servum</strong></span> <span class='ocrx_word' id='word_1_506' title='bbox 1350 4416 1648 4487; x_wconf 81' lang='lat' dir='ltr'><strong>ingenuum</strong></span> <span class='ocrx_word' id='word_1_507' title='bbox 1707 4420 1966 4491; x_wconf 88' lang='lat' dir='ltr'><strong>illiusque</strong></span> <span class='ocrx_word' id='word_1_508' title='bbox 1995 4439 2122 4493; x_wconf 88' lang='lat' dir='ltr'><strong>pro-</strong></span> 
     </span>
    </p>
   </div>
   <div class='ocr_carea' id='block_1_76' title="bbox 533 4503 2122 4586">
    <p class='ocr_par' dir='ltr' id='par_1_76' title="bbox 533 4503 2122 4586">
     <span class='ocr_line' id='line_1_76' title="bbox 533 4503 2122 4586; baseline 0.011 -33"><span class='ocrx_word' id='word_1_509' title='bbox 533 4515 703 4570; x_wconf 82' lang='lat' dir='ltr'><strong>pensa</strong></span> <span class='ocrx_word' id='word_1_510' title='bbox 735 4503 1018 4558; x_wconf 75' lang='lat' dir='ltr'><strong>voluntate</strong></span> <span class='ocrx_word' id='word_1_511' title='bbox 1040 4507 1278 4563; x_wconf 84' lang='lat' dir='ltr'><strong>amicum</strong></span> <span class='ocrx_word' id='word_1_512' title='bbox 1307 4524 1371 4563; x_wconf 92' lang='lat' dir='ltr'><strong>ac</strong></span> <span class='ocrx_word' id='word_1_513' title='bbox 1398 4511 1729 4576; x_wconf 83' lang='lat' dir='ltr'><strong>studiosum,</strong></span> <span class='ocrx_word' id='word_1_514' title='bbox 1759 4523 1819 4568; x_wconf 91' lang='lat' dir='ltr'><strong>ut</strong></span> <span class='ocrx_word' id='word_1_515' title='bbox 1848 4530 1971 4570; x_wconf 90' lang='lat' dir='ltr'><strong>cum</strong></span> <span class='ocrx_word' id='word_1_516' title='bbox 2003 4517 2122 4586; x_wconf 86' lang='lat' dir='ltr'><strong>ipso</strong></span> 
     </span>
    </p>
   </div>
   <div class='ocr_carea' id='block_1_77' title="bbox 2231 3307 3826 3382">
    <p class='ocr_par' dir='ltr' id='par_1_77' title="bbox 2231 3307 3826 3382">
     <span class='ocr_line' id='line_1_77' title="bbox 2231 3307 3826 3382; baseline -0.001 -21"><span class='ocrx_word' id='word_1_517' title='bbox 2231 3310 2389 3374; x_wconf 85' lang='grc' dir='ltr'>λεως,</span> <span class='ocrx_word' id='word_1_518' title='bbox 2424 3309 2649 3376; x_wconf 75' lang='grc' dir='ltr'>ἐξῆλθεν</span> <span class='ocrx_word' id='word_1_519' title='bbox 2678 3311 2832 3364; x_wconf 78' lang='grc' dir='ltr'>Λέων</span> <span class='ocrx_word' id='word_1_520' title='bbox 2867 3311 2897 3364; x_wconf 92' lang='lat'><strong>6</strong></span> <span class='ocrx_word' id='word_1_521' title='bbox 2947 3310 3271 3382; x_wconf 80' lang='grc' dir='ltr'>δομὲστικος</span> <span class='ocrx_word' id='word_1_522' title='bbox 3319 3309 3429 3363; x_wconf 86' lang='grc' dir='ltr'><strong>τῶν</strong></span> <span class='ocrx_word' id='word_1_523' title='bbox 3455 3308 3670 3380; x_wconf 83' lang='grc' dir='ltr'>,σχολῶν</span> <span class='ocrx_word' id='word_1_524' title='bbox 3724 3307 3826 3361; x_wconf 77' lang='grc' dir='ltr'>καὶ</span> 
     </span>
    </p>
   </div>
   <div class='ocr_carea' id='block_1_78' title="bbox 2243 3401 3823 3475">
    <p class='ocr_par' dir='ltr' id='par_1_78' title="bbox 2243 3401 3823 3475">
     <span class='ocr_line' id='line_1_78' title="bbox 2243 3401 3823 3475; baseline -0.002 -19"><span class='ocrx_word' id='word_1_525' title='bbox 2243 3402 2497 3474; x_wconf 84' lang='grc' dir='ltr'>Ἰωάννης</span> <span class='ocrx_word' id='word_1_526' title='bbox 2524 3405 2910 3475; x_wconf 83' lang='grc' dir='ltr'>ἐταιρειάρχης</span> <span class='ocrx_word' id='word_1_527' title='bbox 2941 3403 3035 3457; x_wconf 80' lang='grc' dir='ltr'><strong>καὶ</strong></span> <span class='ocrx_word' id='word_1_528' title='bbox 3056 3403 3328 3466; x_wconf 85' lang='grc' dir='ltr'>Νικόλαος</span> <span class='ocrx_word' id='word_1_529' title='bbox 3359 3405 3387 3457; x_wconf 92' lang='lat'><strong>6</strong></span> <span class='ocrx_word' id='word_1_530' title='bbox 3414 3403 3529 3466; x_wconf 81' lang='grc' dir='ltr'>υἱὸς</span> <span class='ocrx_word' id='word_1_531' title='bbox 3560 3401 3654 3456; x_wconf 82' lang='grc' dir='ltr'><strong>τοῦ</strong></span> <span class='ocrx_word' id='word_1_532' title='bbox 3680 3401 3823 3454; x_wconf 85' lang='grc' dir='ltr'>Δου-</span> 
     </span>
    </p>
   </div>
   <div class='ocr_carea' id='block_1_79' title="bbox 2231 3489 3944 3568">
    <p class='ocr_par' dir='ltr' id='par_1_79' title="bbox 2231 3489 3944 3568">
     <span class='ocr_line' id='line_1_79' title="bbox 2231 3489 3944 3568; baseline -0.001 -21"><span class='ocrx_word' id='word_1_533' title='bbox 2231 3495 2325 3558; x_wconf 83' lang='grc' dir='ltr'><strong>κὸς</strong></span> <span class='ocrx_word' id='word_1_534' title='bbox 2354 3496 2436 3558; x_wconf 76' lang='grc' dir='ltr'><strong>εἰς</strong></span> <span class='ocrx_word' id='word_1_535' title='bbox 2469 3496 2647 3568; x_wconf 81' lang='grc' dir='ltr'>χῶρον</span> <span class='ocrx_word' id='word_1_536' title='bbox 2671 3496 2934 3568; x_wconf 75' lang='grc' dir='ltr'>Θρακῷον</span> <span class='ocrx_word' id='word_1_537' title='bbox 2961 3495 3105 3550; x_wconf 75' lang='grc' dir='ltr'>οὕτω</span> <span class='ocrx_word' id='word_1_538' title='bbox 3133 3496 3426 3568; x_wconf 86' lang='grc' dir='ltr'>λεγόμενον</span> <span class='ocrx_word' id='word_1_539' title='bbox 3449 3492 3824 3567; x_wconf 84' lang='grc' dir='ltr'>Κατασύρτας</span> <span class='ocrx_word' id='word_1_540' title='bbox 3924 3489 3944 3501; x_wconf 88' lang='grc'><em>’</em></span> 
     </span>
    </p>
   </div>
   <div class='ocr_carea' id='block_1_80' title="bbox 2232 3589 3822 3662">
    <p class='ocr_par' dir='ltr' id='par_1_80' title="bbox 2232 3589 3822 3662">
     <span class='ocr_line' id='line_1_80' title="bbox 2232 3589 3822 3662; baseline -0.001 -18"><span class='ocrx_word' id='word_1_541' title='bbox 2232 3589 2348 3660; x_wconf 73' lang='grc' dir='ltr'>ἃμα</span> <span class='ocrx_word' id='word_1_542' title='bbox 2410 3591 2651 3661; x_wconf 80' lang='grc' dir='ltr'>πλείστῳ</span> <span class='ocrx_word' id='word_1_543' title='bbox 2690 3591 2807 3661; x_wconf 85' lang='grc' dir='ltr'>λαῷ</span> <span class='ocrx_word' id='word_1_544' title='bbox 2859 3591 3000 3646; x_wconf 77' lang='grc' dir='ltr'>κατὰ</span> <span class='ocrx_word' id='word_1_545' title='bbox 3027 3591 3384 3662; x_wconf 87' lang='grc' dir='ltr'>Βουλγάρων.</span> <span class='ocrx_word' id='word_1_546' title='bbox 3431 3591 3512 3662; x_wconf 80' lang='grc' dir='ltr'><strong>Τῇ</strong></span> <span class='ocrx_word' id='word_1_547' title='bbox 3554 3590 3612 3644; x_wconf 78' lang='grc' dir='ltr'><strong>δὲ</strong></span> <span class='ocrx_word' id='word_1_548' title='bbox 3658 3592 3822 3644; x_wconf 79' lang='grc' dir='ltr'>νυκτὶ</span> 
     </span>
    </p>
   </div>
   <div class='ocr_carea' id='block_1_81' title="bbox 2231 3684 3818 3756">
    <p class='ocr_par' dir='ltr' id='par_1_81' title="bbox 2231 3684 3818 3756">
     <span class='ocr_line' id='line_1_81' title="bbox 2231 3684 3818 3756; baseline 0.001 -21"><span class='ocrx_word' id='word_1_549' title='bbox 2231 3685 2512 3755; x_wconf 76' lang='grc' dir='ltr'>ἀδοκήτως</span> <span class='ocrx_word' id='word_1_550' title='bbox 2550 3686 2928 3741; x_wconf 82' lang='grc' dir='ltr'>ἐπιπεσόντων</span> <span class='ocrx_word' id='word_1_551' title='bbox 2979 3687 3164 3748; x_wconf 87' lang='grc' dir='ltr'>αὐτοῖς</span> <span class='ocrx_word' id='word_1_552' title='bbox 3195 3687 3302 3739; x_wconf 82' lang='grc' dir='ltr'><strong>τῶν</strong></span> <span class='ocrx_word' id='word_1_553' title='bbox 3359 3684 3689 3756; x_wconf 82' lang='grc' dir='ltr'>Βουλγάρων</span> <span class='ocrx_word' id='word_1_554' title='bbox 3717 3684 3818 3737; x_wconf 73' lang='grc' dir='ltr'>καὶ</span> 
     </span>
    </p>
   </div>
   <div class='ocr_carea' id='block_1_82' title="bbox 2233 3775 3815 3850">
    <p class='ocr_par' dir='ltr' id='par_1_82' title="bbox 2233 3775 3815 3850">
     <span class='ocr_line' id='line_1_82' title="bbox 2233 3775 3815 3850; baseline 0 -22"><span class='ocrx_word' id='word_1_555' title='bbox 2233 3776 2328 3830; x_wconf 82' lang='grc' dir='ltr'><strong>τοῦ</strong></span> <span class='ocrx_word' id='word_1_556' title='bbox 2380 3778 2707 3846; x_wconf 83' lang='grc' dir='ltr'>δομεστίκου</span> <span class='ocrx_word' id='word_1_557' title='bbox 2757 3779 3024 3848; x_wconf 79' lang='grc' dir='ltr'>φυγόντος</span> <span class='ocrx_word' id='word_1_558' title='bbox 3079 3779 3294 3850; x_wconf 75' lang='grc' dir='ltr'>ἐσφάγη</span> <span class='ocrx_word' id='word_1_559' title='bbox 3333 3778 3602 3842; x_wconf 87' lang='grc' dir='ltr'>Νικόλαος</span> <span class='ocrx_word' id='word_1_560' title='bbox 3631 3779 3658 3831; x_wconf 90' lang='grc' dir='ltr'>ὁ</span> <span class='ocrx_word' id='word_1_561' title='bbox 3696 3775 3815 3841; x_wconf 66' lang='grc' dir='ltr'>υἱὸς</span> 
     </span>
    </p>
   </div>
   <div class='ocr_carea' id='block_1_83' title="bbox 2231 3869 3474 3942">
    <p class='ocr_par' dir='ltr' id='par_1_83' title="bbox 2231 3869 3474 3942">
     <span class='ocr_line' id='line_1_83' title="bbox 2231 3869 3474 3942; baseline 0.002 -20"><span class='ocrx_word' id='word_1_562' title='bbox 2231 3869 2325 3923; x_wconf 79' lang='grc' dir='ltr'><strong>τοῦ</strong></span> <span class='ocrx_word' id='word_1_563' title='bbox 2357 3869 2557 3934; x_wconf 84' lang='grc' dir='ltr'>Δουκὺς</span> <span class='ocrx_word' id='word_1_564' title='bbox 2581 3872 2676 3924; x_wconf 71' lang='lat' dir='ltr'><strong>xatt</strong></span> <span class='ocrx_word' id='word_1_565' title='bbox 2710 3870 2897 3925; x_wconf 69' lang='grc' dir='ltr'>πολλοὶ</span> <span class='ocrx_word' id='word_1_566' title='bbox 2917 3871 3095 3942; x_wconf 77' lang='grc' dir='ltr'>ἕτεροι</span> <span class='ocrx_word' id='word_1_567' title='bbox 3134 3873 3254 3941; x_wconf 86' lang='grc' dir='ltr'>μετ’</span> <span class='ocrx_word' id='word_1_568' title='bbox 3285 3869 3474 3925; x_wconf 76' lang='grc' dir='ltr'>αὐτοῦ.</span> 
     </span>
    </p>
   </div>
   <div class='ocr_carea' id='block_1_84' title="bbox 2303 3960 3820 4032">
    <p class='ocr_par' dir='ltr' id='par_1_84' title="bbox 2303 3960 3820 4032">
     <span class='ocr_line' id='line_1_84' title="bbox 2303 3960 3820 4032; baseline -0.001 -17"><span class='ocrx_word' id='word_1_569' title='bbox 2303 3960 2375 4015; x_wconf 86' lang='grc' dir='ltr'><strong>κ’.</strong></span> <span class='ocrx_word' id='word_1_570' title='bbox 2403 3961 2680 4031; x_wconf 85' lang='grc' dir='ltr'>Θεόδωρος</span> <span class='ocrx_word' id='word_1_571' title='bbox 2731 3961 2825 4017; x_wconf 76' lang='grc' dir='ltr'><strong>οὖν</strong></span> <span class='ocrx_word' id='word_1_572' title='bbox 2868 3965 2896 4016; x_wconf 91' lang='lat'><strong>6</strong></span> <span class='ocrx_word' id='word_1_573' title='bbox 2939 3962 3034 4016; x_wconf 80' lang='grc' dir='ltr'>τοῦ</span> <span class='ocrx_word' id='word_1_574' title='bbox 3089 3961 3351 4032; x_wconf 79' lang='grc' dir='ltr'>βασιλέως</span> <span class='ocrx_word' id='word_1_575' title='bbox 3398 3961 3820 4016; x_wconf 75' lang='grc' dir='ltr'>Κωνσταντίνου</span> 
     </span>
    </p>
   </div>
   <div class='ocr_carea' id='block_1_85' title="bbox 2234 4053 3824 4126">
    <p class='ocr_par' dir='ltr' id='par_1_85' title="bbox 2234 4053 3824 4126">
     <span class='ocr_line' id='line_1_85' title="bbox 2234 4053 3824 4126; baseline 0 -20"><span class='ocrx_word' id='word_1_576' title='bbox 2234 4053 2584 4122; x_wconf 81' lang='grc' dir='ltr'>παιδαγωγὸς</span> <span class='ocrx_word' id='word_1_577' title='bbox 2638 4053 2783 4125; x_wconf 86' lang='grc' dir='ltr'>ὀρῶν</span> <span class='ocrx_word' id='word_1_578' title='bbox 2833 4055 3248 4109; x_wconf 85' lang='grc' dir='ltr'>Κωνσταντῑνον</span> <span class='ocrx_word' id='word_1_579' title='bbox 3313 4055 3824 4126; x_wconf 75' lang='grc' dir='ltr'>παρακοιμώμενον</span> 
     </span>
    </p>
   </div>
   <div class='ocr_carea' id='block_1_86' title="bbox 2231 4144 3825 4218">
    <p class='ocr_par' dir='ltr' id='par_1_86' title="bbox 2231 4144 3825 4218">
     <span class='ocr_line' id='line_1_86' title="bbox 2231 4144 3825 4218; baseline -0.001 -19"><span class='ocrx_word' id='word_1_580' title='bbox 2231 4147 2311 4209; x_wconf 83' lang='grc' dir='ltr'>εὶς</span> <span class='ocrx_word' id='word_1_581' title='bbox 2336 4147 2544 4200; x_wconf 81' lang='grc' dir='ltr'>Λέοντα</span> <span class='ocrx_word' id='word_1_582' title='bbox 2572 4146 2665 4199; x_wconf 82' lang='grc' dir='ltr'><strong>τὸν</strong></span> <span class='ocrx_word' id='word_1_583' title='bbox 2694 4147 2824 4199; x_wconf 77' lang='grc' dir='ltr'>ἴδιον</span> <span class='ocrx_word' id='word_1_584' title='bbox 2876 4145 3128 4218; x_wconf 79' lang='grc' dir='ltr'>γαμϐρὸν</span> <span class='ocrx_word' id='word_1_585' title='bbox 3170 4146 3272 4216; x_wconf 81' lang='grc' dir='ltr'><strong>τὴν</strong></span> <span class='ocrx_word' id='word_1_586' title='bbox 3311 4144 3592 4215; x_wconf 84' lang='grc' dir='ltr'>βασιλείαν</span> <span class='ocrx_word' id='word_1_587' title='bbox 3627 4162 3825 4215; x_wconf 78' lang='grc' dir='ltr'>σφετε-</span> 
     </span>
    </p>
   </div>
   <div class='ocr_carea' id='block_1_87' title="bbox 2235 4238 3822 4310">
    <p class='ocr_par' dir='ltr' id='par_1_87' title="bbox 2235 4238 3822 4310">
     <span class='ocr_line' id='line_1_87' title="bbox 2235 4238 3822 4310; baseline 0.001 -20"><span class='ocrx_word' id='word_1_588' title='bbox 2235 4238 2544 4308; x_wconf 77' lang='grc' dir='ltr'>ριζόμενον,</span> <span class='ocrx_word' id='word_1_589' title='bbox 2581 4238 2826 4308; x_wconf 78' lang='grc' dir='ltr'>ὑπέθηκε</span> <span class='ocrx_word' id='word_1_590' title='bbox 2855 4239 3254 4310; x_wconf 84' lang='grc' dir='ltr'>Κωνσταντίνῳ</span> <span class='ocrx_word' id='word_1_591' title='bbox 3283 4238 3496 4308; x_wconf 77' lang='grc' dir='ltr'>βασιλεῖ</span> <span class='ocrx_word' id='word_1_592' title='bbox 3535 4239 3822 4309; x_wconf 82' lang='grc' dir='ltr'>Ῥωμανὸν</span> 
     </span>
    </p>
   </div>
   <div class='ocr_carea' id='block_1_88' title="bbox 2231 4330 3823 4403">
    <p class='ocr_par' dir='ltr' id='par_1_88' title="bbox 2231 4330 3823 4403">
     <span class='ocr_line' id='line_1_88' title="bbox 2231 4330 3823 4403; baseline 0.002 -20"><span class='ocrx_word' id='word_1_593' title='bbox 2231 4330 2594 4401; x_wconf 82' lang='grc' dir='ltr'>δρουγγάριον</span> <span class='ocrx_word' id='word_1_594' title='bbox 2630 4331 3004 4402; x_wconf 80' lang='grc' dir='ltr'>προϐαλέσθαι</span> <span class='ocrx_word' id='word_1_595' title='bbox 3034 4332 3109 4396; x_wconf 87' lang='grc' dir='ltr'>ὡς</span> <span class='ocrx_word' id='word_1_596' title='bbox 3131 4333 3399 4403; x_wconf 79' lang='grc' dir='ltr'>πατρικὸν</span> <span class='ocrx_word' id='word_1_597' title='bbox 3433 4332 3603 4386; x_wconf 82' lang='grc' dir='ltr'>αὑτοῦ</span> <span class='ocrx_word' id='word_1_598' title='bbox 3631 4333 3823 4387; x_wconf 79' lang='grc' dir='ltr'>δοῦλον</span> 
     </span>
    </p>
   </div>
   <div class='ocr_carea' id='block_1_89' title="bbox 2232 4421 3826 4500">
    <p class='ocr_par' dir='ltr' id='par_1_89' title="bbox 2232 4421 3826 4500">
     <span class='ocr_line' id='line_1_89' title="bbox 2232 4421 3826 4500; baseline 0.001 -24"><span class='ocrx_word' id='word_1_599' title='bbox 2232 4425 2326 4477; x_wconf 76' lang='grc' dir='ltr'>καὶ</span> <span class='ocrx_word' id='word_1_600' title='bbox 2367 4422 2560 4477; x_wconf 71' lang='grc' dir='ltr'>εὔνουν</span> <span class='ocrx_word' id='word_1_601' title='bbox 2609 4424 2676 4477; x_wconf 76' lang='grc' dir='ltr'><strong>τὰ</strong></span> <span class='ocrx_word' id='word_1_602' title='bbox 2727 4425 2866 4495; x_wconf 77' lang='grc' dir='ltr'>πρὸς</span> <span class='ocrx_word' id='word_1_603' title='bbox 2901 4425 3085 4491; x_wconf 71' lang='grc' dir='ltr'>αὐτὸν,</span> <span class='ocrx_word' id='word_1_604' title='bbox 3117 4426 3192 4490; x_wconf 84' lang='grc' dir='ltr'>ὡς</span> <span class='ocrx_word' id='word_1_605' title='bbox 3225 4427 3291 4479; x_wconf 78' lang='grc' dir='ltr'><strong>ἂν</strong></span> <span class='ocrx_word' id='word_1_606' title='bbox 3397 4426 3492 4480; x_wconf 81' lang='grc' dir='ltr'><strong>σὺν</strong></span> <span class='ocrx_word' id='word_1_607' title='bbox 3521 4426 3689 4498; x_wconf 78' lang='grc' dir='ltr'>αὐτῷ,</span> <span class='ocrx_word' id='word_1_608' title='bbox 3725 4428 3826 4479; x_wconf 71' lang='grc' dir='ltr'><strong>καὶ</strong></span> 
     </span>
    </p>
   </div>
   <div class='ocr_carea' id='block_1_90' title="bbox 2231 4514 3822 4589">
    <p class='ocr_par' dir='ltr' id='par_1_90' title="bbox 2231 4514 3822 4589">
     <span class='ocr_line' id='line_1_90' title="bbox 2231 4514 3822 4589; baseline -0.001 -19"><span class='ocrx_word' id='word_1_609' title='bbox 2231 4518 2613 4586; x_wconf 55' lang='grc' dir='ltr'>διαξυλάττειν</span> <span class='ocrx_word' id='word_1_610' title='bbox 2667 4517 2853 4582; x_wconf 76' lang='grc' dir='ltr'>αὐτὸν,</span> <span class='ocrx_word' id='word_1_611' title='bbox 2895 4519 2992 4572; x_wconf 77' lang='grc' dir='ltr'><strong>καὶ</strong></span> <span class='ocrx_word' id='word_1_612' title='bbox 3021 4520 3078 4571; x_wconf 88' lang='grc' dir='ltr'><strong>ἐν</strong></span> <span class='ocrx_word' id='word_1_613' title='bbox 3107 4514 3186 4582; x_wconf 82' lang='grc' dir='ltr'><strong>οἷς</strong></span> <span class='ocrx_word' id='word_1_614' title='bbox 3218 4519 3283 4572; x_wconf 84' lang='grc' dir='ltr'><strong>ἂν</strong></span> <span class='ocrx_word' id='word_1_615' title='bbox 3316 4520 3489 4572; x_wconf 80' lang='grc' dir='ltr'>δέοιτο</span> <span class='ocrx_word' id='word_1_616' title='bbox 3530 4519 3822 4589; x_wconf 84' lang='grc' dir='ltr'>σύμμαχον</span> 
     </span>
    </p>
   </div>
   <div class='ocr_carea' id='block_1_91' title="bbox 537 4585 2117 4680">
    <p class='ocr_par' dir='ltr' id='par_1_91' title="bbox 537 4585 2117 4673">
     <span class='ocr_line' id='line_1_91' title="bbox 537 4585 2117 4673; baseline 0.013 -31"><span class='ocrx_word' id='word_1_617' title='bbox 537 4600 776 4655; x_wconf 86' lang='lat' dir='ltr'><strong>maneat,</strong></span> <span class='ocrx_word' id='word_1_618' title='bbox 830 4602 1128 4666; x_wconf 83' lang='lat' dir='ltr'><strong>custosque</strong></span> <span class='ocrx_word' id='word_1_619' title='bbox 1172 4608 1229 4653; x_wconf 86' lang='lat' dir='ltr'><strong>et</strong></span> <span class='ocrx_word' id='word_1_620' title='bbox 1279 4601 1479 4656; x_wconf 80' lang='lat' dir='ltr'><strong>vindex</strong></span> <span class='ocrx_word' id='word_1_621' title='bbox 1541 4611 1706 4673; x_wconf 87' lang='lat' dir='ltr'><strong>atque</strong></span> <span class='ocrx_word' id='word_1_622' title='bbox 1749 4585 2036 4671; x_wconf 75' lang='lat' dir='ltr'><strong>defensor,</strong></span> <span class='ocrx_word' id='word_1_623' title='bbox 2068 4608 2117 4662; x_wconf 91' lang='lat' dir='ltr'><strong>in</strong></span> 
     </span>
    </p>
   </div>
   <div class='ocr_carea' id='block_1_92' title="bbox 2225 4585 3822 4680">
    <p class='ocr_par' dir='ltr' id='par_1_92' title="bbox 2230 4585 3822 4680">
     <span class='ocr_line' id='line_1_92' title="bbox 2230 4585 3822 4680; baseline -0.001 -19"><span class='ocrx_word' id='word_1_624' title='bbox 2230 4585 2376 4679; x_wconf 71' lang='grc' dir='ltr'>ἔχειν</span> <span class='ocrx_word' id='word_1_625' title='bbox 2433 4610 2527 4661; x_wconf 70' lang='grc' dir='ltr'><strong>καὶ</strong></span> <span class='ocrx_word' id='word_1_626' title='bbox 2582 4607 2795 4679; x_wconf 85' lang='grc' dir='ltr'>βοηθόν.</span> <span class='ocrx_word' id='word_1_627' title='bbox 2829 4607 3098 4674; x_wconf 80' lang='grc' dir='ltr'>Πολλάκις</span> <span class='ocrx_word' id='word_1_628' title='bbox 3136 4609 3228 4663; x_wconf 81' lang='grc' dir='ltr'><strong>οὖν</strong></span> <span class='ocrx_word' id='word_1_629' title='bbox 3267 4611 3396 4680; x_wconf 76' lang='grc' dir='ltr'>περὶ</span> <span class='ocrx_word' id='word_1_630' title='bbox 3425 4585 3615 4662; x_wconf 79' lang='grc' dir='ltr'>τούτου</span> <span class='ocrx_word' id='word_1_631' title='bbox 3647 4585 3822 4678; x_wconf 85' lang='grc' dir='ltr'>λαλη-</span> 
     </span>
    </p>
   </div>
   <div class='ocr_carea' id='block_1_93' title="bbox 511 4682 2118 4772">
    <p class='ocr_par' dir='ltr' id='par_1_93' title="bbox 511 4682 2118 4772">
     <span class='ocr_line' id='line_1_93' title="bbox 511 4682 2118 4772; baseline 0.014 -37"><span class='ocrx_word' id='word_1_632' title='bbox 511 4682 739 4750; x_wconf 82' lang='lat' dir='ltr'><strong>quibus</strong></span> <span class='ocrx_word' id='word_1_633' title='bbox 755 4701 977 4742; x_wconf 88' lang='lat' dir='ltr'><strong>necesse</strong></span> <span class='ocrx_word' id='word_1_634' title='bbox 1001 4689 1278 4754; x_wconf 85' lang='lat' dir='ltr'><strong>habuerit,</strong></span> <span class='ocrx_word' id='word_1_635' title='bbox 1313 4693 1390 4749; x_wconf 92' lang='lat' dir='ltr'><strong>illi</strong></span> <span class='ocrx_word' id='word_1_636' title='bbox 1425 4695 1674 4752; x_wconf 78' lang='lat' dir='ltr'><strong>exsistat.</strong></span> <span class='ocrx_word' id='word_1_637' title='bbox 1708 4698 1784 4754; x_wconf 90' lang='lat' dir='ltr'><strong>De</strong></span> <span class='ocrx_word' id='word_1_638' title='bbox 1813 4699 1902 4756; x_wconf 90' lang='lat' dir='ltr'><strong>his</strong></span> <span class='ocrx_word' id='word_1_639' title='bbox 1933 4700 2118 4772; x_wconf 88' lang='lat' dir='ltr'><strong>itaque</strong></span> 
     </span>
    </p>
   </div>
   <div class='ocr_carea' id='block_1_94' title="bbox 535 4775 2116 4862">
    <p class='ocr_par' dir='ltr' id='par_1_94' title="bbox 535 4775 2116 4862">
     <span class='ocr_line' id='line_1_94' title="bbox 535 4775 2116 4862; baseline 0.014 -34"><span class='ocrx_word' id='word_1_640' title='bbox 535 4775 682 4830; x_wconf 90' lang='lat' dir='ltr'><strong>haud</strong></span> <span class='ocrx_word' id='word_1_641' title='bbox 728 4793 852 4833; x_wconf 90' lang='lat' dir='ltr'><strong>raro</strong></span> <span class='ocrx_word' id='word_1_642' title='bbox 902 4779 1284 4853; x_wconf 87' lang='lat' dir='ltr'><strong>interpellatus</strong></span> <span class='ocrx_word' id='word_1_643' title='bbox 1318 4787 1922 4849; x_wconf 81' lang='lat' dir='ltr'><strong>Romanusabnuerat.</strong></span> <span class='ocrx_word' id='word_1_644' title='bbox 1971 4794 2116 4862; x_wconf 87' lang='lat' dir='ltr'><strong>Qua-</strong></span> 
     </span>
    </p>
   </div>
   <div class='ocr_carea' id='block_1_95' title="bbox 531 4869 2120 4958">
    <p class='ocr_par' dir='ltr' id='par_1_95' title="bbox 531 4869 2120 4958">
     <span class='ocr_line' id='line_1_95' title="bbox 531 4869 2120 4958; baseline 0.014 -38"><span class='ocrx_word' id='word_1_645' title='bbox 531 4876 758 4958; x_wconf 84' lang='lat' dir='ltr'><strong>propter</strong></span> <span class='ocrx_word' id='word_1_646' title='bbox 795 4869 1191 4929; x_wconf 88' lang='lat' dir='ltr'><strong>Constantinus</strong></span> <span class='ocrx_word' id='word_1_647' title='bbox 1236 4877 1353 4946; x_wconf 87' lang='lat' dir='ltr'><strong>ipse</strong></span> <span class='ocrx_word' id='word_1_648' title='bbox 1406 4879 1710 4950; x_wconf 83' lang='lat' dir='ltr'><strong>imperator</strong></span> <span class='ocrx_word' id='word_1_649' title='bbox 1751 4885 1964 4942; x_wconf 84' lang='lat' dir='ltr'><strong>litteras</strong></span> <span class='ocrx_word' id='word_1_650' title='bbox 1999 4903 2120 4958; x_wconf 83' lang='lat' dir='ltr'><strong>pro-</strong></span> 
     </span>
    </p>
   </div>
   <div class='ocr_carea' id='block_1_96' title="bbox 530 4968 2113 5043">
    <p class='ocr_par' dir='ltr' id='par_1_96' title="bbox 530 4968 2113 5043">
     <span class='ocr_line' id='line_1_96' title="bbox 530 4968 2113 5043; baseline 0.016 -34"><span class='ocrx_word' id='word_1_651' title='bbox 530 4971 650 5026; x_wconf 85' lang='lat' dir='ltr'><strong>prta</strong></span> <span class='ocrx_word' id='word_1_652' title='bbox 680 4974 846 5016; x_wconf 88' lang='lat' dir='ltr'><strong>manu</strong></span> <span class='ocrx_word' id='word_1_653' title='bbox 883 4973 1137 5019; x_wconf 81' lang='lat' dir='ltr'><strong>exaratas</strong></span> <span class='ocrx_word' id='word_1_654' title='bbox 1197 4968 1714 5043; x_wconf 84' lang='lat' dir='ltr'><strong>subscriptioneque</strong></span> <span class='ocrx_word' id='word_1_655' title='bbox 1740 4976 2005 5041; x_wconf 82' lang='lat' dir='ltr'><strong>firmatas.</strong></span> <span class='ocrx_word' id='word_1_656' title='bbox 2044 4980 2113 5034; x_wconf 93' lang='lat' dir='ltr'><strong>ad</strong></span> 
     </span>
    </p>
   </div>
   <div class='ocr_carea' id='block_1_97' title="bbox 529 5051 2117 5138">
    <p class='ocr_par' dir='ltr' id='par_1_97' title="bbox 529 5051 2117 5138">
     <span class='ocr_line' id='line_1_97' title="bbox 529 5051 2117 5138; baseline 0.014 -35"><span class='ocrx_word' id='word_1_657' title='bbox 529 5063 660 5104; x_wconf 89' lang='lat' dir='ltr'><strong>eum</strong></span> <span class='ocrx_word' id='word_1_658' title='bbox 691 5051 902 5115; x_wconf 85' lang='lat' dir='ltr'><strong>mittit;</strong></span> <span class='ocrx_word' id='word_1_659' title='bbox 959 5055 1164 5123; x_wconf 87' lang='lat' dir='ltr'><strong>quibus</strong></span> <span class='ocrx_word' id='word_1_660' title='bbox 1200 5057 1292 5114; x_wconf 89' lang='lat' dir='ltr'><strong>ille</strong></span> <span class='ocrx_word' id='word_1_661' title='bbox 1336 5061 1391 5114; x_wconf 90' lang='lat' dir='ltr'><strong>in</strong></span> <span class='ocrx_word' id='word_1_662' title='bbox 1445 5079 1643 5118; x_wconf 89' lang='lat' dir='ltr'><strong>manus</strong></span> <span class='ocrx_word' id='word_1_663' title='bbox 1670 5067 1934 5138; x_wconf 86' lang='lat' dir='ltr'><strong>acceptis,</strong></span> <span class='ocrx_word' id='word_1_664' title='bbox 1971 5069 2117 5125; x_wconf 91' lang='lat' dir='ltr'><strong>Con-</strong></span> 
     </span>
    </p>
   </div>
   <div class='ocr_carea' id='block_1_98' title="bbox 503 5144 2121 5232">
    <p class='ocr_par' dir='ltr' id='par_1_98' title="bbox 503 5144 2121 5232">
     <span class='ocr_line' id='line_1_98' title="bbox 503 5144 2121 5232; baseline 0.014 -36"><span class='ocrx_word' id='word_1_665' title='bbox 503 5144 833 5198; x_wconf 84' lang='lat' dir='ltr'><strong>.stantinum</strong></span> <span class='ocrx_word' id='word_1_666' title='bbox 858 5147 1230 5206; x_wconf 88' lang='lat' dir='ltr'><strong>accubitorem</strong></span> <span class='ocrx_word' id='word_1_667' title='bbox 1258 5153 1488 5224; x_wconf 87' lang='lat' dir='ltr'><strong>ejusque</strong></span> <span class='ocrx_word' id='word_1_668' title='bbox 1521 5156 1711 5212; x_wconf 80' lang='lat' dir='ltr'><strong>amnes</strong></span> <span class='ocrx_word' id='word_1_669' title='bbox 1730 5175 1794 5215; x_wconf 86' lang='lat' dir='ltr'><strong>ea</strong></span> <span class='ocrx_word' id='word_1_670' title='bbox 1821 5176 1880 5216; x_wconf 89' lang='lat' dir='ltr'><strong>se</strong></span> <span class='ocrx_word' id='word_1_671' title='bbox 1906 5177 2121 5232; x_wconf 82' lang='lat' dir='ltr'><strong>aggres-</strong></span> 
     </span>
    </p>
   </div>
   <div class='ocr_carea' id='block_1_99' title="bbox 530 5239 1451 5316">
    <p class='ocr_par' dir='ltr' id='par_1_99' title="bbox 530 5239 1451 5316">
     <span class='ocr_line' id='line_1_99' title="bbox 530 5239 1451 5316; baseline 0.016 -29"><span class='ocrx_word' id='word_1_672' title='bbox 530 5241 722 5289; x_wconf 81' lang='lat' dir='ltr'><strong>surum</strong></span> <span class='ocrx_word' id='word_1_673' title='bbox 758 5239 1014 5295; x_wconf 89' lang='lat' dir='ltr'><strong>cautione</strong></span> <span class='ocrx_word' id='word_1_674' title='bbox 1042 5242 1096 5295; x_wconf 87' lang='lat' dir='ltr'><strong>in</strong></span> <span class='ocrx_word' id='word_1_675' title='bbox 1131 5259 1190 5298; x_wconf 89' lang='lat' dir='ltr'><strong>se</strong></span> <span class='ocrx_word' id='word_1_676' title='bbox 1222 5247 1451 5316; x_wconf 89' lang='lat' dir='ltr'><strong>recepit.</strong></span> 
     </span>
    </p>
   </div>
   <div class='ocr_carea' id='block_1_100' title="bbox 600 5328 2114 5415">
    <p class='ocr_par' dir='ltr' id='par_1_100' title="bbox 600 5328 2114 5415">
     <span class='ocr_line' id='line_1_100' title="bbox 600 5328 2114 5415; baseline 0.017 -33"><span class='ocrx_word' id='word_1_677' title='bbox 600 5328 692 5383; x_wconf 76' lang='lat' dir='ltr'><strong>2L</strong></span> <span class='ocrx_word' id='word_1_678' title='bbox 746 5331 878 5402; x_wconf 84' lang='lat' dir='ltr'><strong>Ejus</strong></span> <span class='ocrx_word' id='word_1_679' title='bbox 915 5333 1103 5405; x_wconf 88' lang='lat' dir='ltr'><strong>itaque</strong></span> <span class='ocrx_word' id='word_1_680' title='bbox 1155 5339 1378 5396; x_wconf 67' lang='lat' dir='ltr'><strong>rcilate</strong></span> <span class='ocrx_word' id='word_1_681' title='bbox 1433 5357 1767 5415; x_wconf 79' lang='lat' dir='ltr'><strong>pervagante</strong></span> <span class='ocrx_word' id='word_1_682' title='bbox 1800 5347 1964 5415; x_wconf 88' lang='lat' dir='ltr'><strong>fama,</strong></span> <span class='ocrx_word' id='word_1_683' title='bbox 1989 5367 2114 5406; x_wconf 90' lang='lat' dir='ltr'><strong>cum</strong></span> 
     </span>
    </p>
   </div>
   <div class='ocr_carea' id='block_1_101' title="bbox 531 5423 2119 5513">
    <p class='ocr_par' dir='ltr' id='par_1_101' title="bbox 531 5423 2119 5513">
     <span class='ocr_line' id='line_1_101' title="bbox 531 5423 2119 5513; baseline 0.015 -39"><span class='ocrx_word' id='word_1_684' title='bbox 531 5423 818 5478; x_wconf 88' lang='lat' dir='ltr'><strong>accubitor</strong></span> <span class='ocrx_word' id='word_1_685' title='bbox 850 5425 1158 5484; x_wconf 81' lang='lat' dir='ltr'><strong>Romanum</strong></span> <span class='ocrx_word' id='word_1_686' title='bbox 1207 5442 1430 5503; x_wconf 83' lang='lat' dir='ltr'><strong>urgeret</strong></span> <span class='ocrx_word' id='word_1_687' title='bbox 1462 5445 1521 5490; x_wconf 91' lang='lat' dir='ltr'><strong>ut</strong></span> <span class='ocrx_word' id='word_1_688' title='bbox 1561 5453 1684 5491; x_wconf 90' lang='lat' dir='ltr'><strong>cum</strong></span> <span class='ocrx_word' id='word_1_689' title='bbox 1735 5441 1908 5496; x_wconf 88' lang='lat' dir='ltr'><strong>classe</strong></span> <span class='ocrx_word' id='word_1_690' title='bbox 1949 5443 2119 5513; x_wconf 83' lang='lat' dir='ltr'><strong>proﬁ—</strong></span> 
     </span>
    </p>
   </div>
   <div class='ocr_carea' id='block_1_102' title="bbox 530 5514 2118 5604">
    <p class='ocr_par' dir='ltr' id='par_1_102' title="bbox 530 5514 2118 5604">
     <span class='ocr_line' id='line_1_102' title="bbox 530 5514 2118 5604; baseline 0.018 -42"><span class='ocrx_word' id='word_1_691' title='bbox 530 5514 851 5580; x_wconf 72' lang='lat' dir='ltr'><strong>nisceretur,</strong></span> <span class='ocrx_word' id='word_1_692' title='bbox 903 5521 1235 5578; x_wconf 87' lang='lat' dir='ltr'><strong>causabatur</strong></span> <span class='ocrx_word' id='word_1_693' title='bbox 1261 5525 1368 5580; x_wconf 86' lang='lat' dir='ltr'><strong>-.ille</strong></span> <span class='ocrx_word' id='word_1_694' title='bbox 1400 5541 1464 5580; x_wconf 90' lang='lat' dir='ltr'><strong>ac</strong></span> <span class='ocrx_word' id='word_1_695' title='bbox 1496 5529 1791 5585; x_wconf 81' lang='lat' dir='ltr'><strong>excusabat</strong></span> <span class='ocrx_word' id='word_1_696' title='bbox 1820 5548 1930 5588; x_wconf 86' lang='lat' dir='ltr'><strong>non</strong></span> <span class='ocrx_word' id='word_1_697' title='bbox 1954 5550 2118 5604; x_wconf 89' lang='lat' dir='ltr'><strong>posse</strong></span> 
     </span>
    </p>
   </div>
   <div class='ocr_carea' id='block_1_103' title="bbox 535 5606 2115 5691">
    <p class='ocr_par' dir='ltr' id='par_1_103' title="bbox 535 5606 2115 5691">
     <span class='ocr_line' id='line_1_103' title="bbox 535 5606 2115 5691; baseline 0.019 -37"><span class='ocrx_word' id='word_1_698' title='bbox 535 5620 591 5657; x_wconf 83' lang='lat' dir='ltr'><strong>se</strong></span> <span class='ocrx_word' id='word_1_699' title='bbox 645 5606 763 5660; x_wconf 75' lang='lat' dir='ltr'><strong>tela</strong></span> <span class='ocrx_word' id='word_1_700' title='bbox 821 5611 1000 5665; x_wconf 87' lang='lat' dir='ltr'><strong>ventis</strong></span> <span class='ocrx_word' id='word_1_701' title='bbox 1049 5612 1177 5668; x_wconf 86' lang='lat' dir='ltr'><strong>dare</strong></span> <span class='ocrx_word' id='word_1_702' title='bbox 1210 5631 1273 5672; x_wconf 88' lang='lat' dir='ltr'><strong>ac</strong></span> <span class='ocrx_word' id='word_1_703' title='bbox 1300 5618 1812 5691; x_wconf 83' lang='lat' dir='ltr'><strong>abnavigare,-cum</strong></span> <span class='ocrx_word' id='word_1_704' title='bbox 1867 5628 2115 5683; x_wconf 90' lang='lat' dir='ltr'><strong>nondum</strong></span> 
     </span>
    </p>
   </div>
   <div class='ocr_carea' id='block_1_104' title="bbox 598 5789 980 5859">
    <p class='ocr_par' dir='ltr' id='par_1_104' title="bbox 598 5789 980 5859">
     <span class='ocr_line' id='line_1_104' title="bbox 598 5789 980 5859; baseline 0.013 -19"><span class='ocrx_word' id='word_1_705' title='bbox 673 5789 758 5859; x_wconf 67' lang='lat' dir='ltr'><strong>iv}</strong></span> <span class='ocrx_word' id='word_1_706' title='bbox 787 5790 886 5858; x_wconf 76' lang='grc' dir='ltr'>μὲν</span> <span class='ocrx_word' id='word_1_707' title='bbox 919 5792 980 5845; x_wconf 84' lang='lat' dir='ltr'><strong>r.</strong></span> 
     </span>
    </p>
   </div>
   <div class='ocr_carea' id='block_1_105' title="bbox 2231 4697 3825 4774">
    <p class='ocr_par' dir='ltr' id='par_1_105' title="bbox 2231 4697 3825 4774">
     <span class='ocr_line' id='line_1_105' title="bbox 2231 4697 3825 4774; baseline -0.001 -20"><span class='ocrx_word' id='word_1_708' title='bbox 2231 4700 2346 4763; x_wconf 74' lang='grc' dir='ltr'>θεὶς</span> <span class='ocrx_word' id='word_1_709' title='bbox 2395 4701 2676 4770; x_wconf 82' lang='grc' dir='ltr'>Ῥωμανὸς</span> <span class='ocrx_word' id='word_1_710' title='bbox 2711 4701 3005 4756; x_wconf 85' lang='grc' dir='ltr'>ἀπείπατο.</span> <span class='ocrx_word' id='word_1_711' title='bbox 3058 4702 3449 4774; x_wconf 86' lang='grc' dir='ltr'>Γραμματείον</span> <span class='ocrx_word' id='word_1_712' title='bbox 3474 4697 3566 4752; x_wconf 84' lang='grc' dir='ltr'>οὖν</span> <span class='ocrx_word' id='word_1_713' title='bbox 3594 4702 3621 4752; x_wconf 90' lang='lat'><strong>6</strong></span> <span class='ocrx_word' id='word_1_714' title='bbox 3659 4700 3825 4767; x_wconf 74' lang='grc' dir='ltr'>βασι-</span> 
     </span>
    </p>
   </div>
   <div class='ocr_carea' id='block_1_106' title="bbox 2228 4792 3816 4866">
    <p class='ocr_par' dir='ltr' id='par_1_106' title="bbox 2228 4792 3816 4866">
     <span class='ocr_line' id='line_1_106' title="bbox 2228 4792 3816 4866; baseline 0 -22"><span class='ocrx_word' id='word_1_715' title='bbox 2228 4793 2353 4857; x_wconf 80' lang='grc' dir='ltr'>λεὺς</span> <span class='ocrx_word' id='word_1_716' title='bbox 2411 4796 2826 4858; x_wconf 80' lang='grc' dir='ltr'>Κωνσταντῖνος</span> <span class='ocrx_word' id='word_1_717' title='bbox 2880 4796 3187 4866; x_wconf 80' lang='grc' dir='ltr'>αὐτοχείρῳ</span> <span class='ocrx_word' id='word_1_718' title='bbox 3241 4792 3576 4862; x_wconf 78' lang='grc' dir='ltr'>διαχαράξας</span> <span class='ocrx_word' id='word_1_719' title='bbox 3625 4795 3816 4862; x_wconf 81' lang='grc' dir='ltr'>γραφῇ</span> 
     </span>
    </p>
   </div>
   <div class='ocr_carea' id='block_1_107' title="bbox 2227 4879 3811 4956">
    <p class='ocr_par' dir='ltr' id='par_1_107' title="bbox 2227 4879 3811 4956">
     <span class='ocr_line' id='line_1_107' title="bbox 2227 4879 3811 4956; baseline -0.003 -17"><span class='ocrx_word' id='word_1_720' title='bbox 2227 4886 2326 4940; x_wconf 74' lang='grc' dir='ltr'><strong>καὶ</strong></span> <span class='ocrx_word' id='word_1_721' title='bbox 2383 4887 2681 4956; x_wconf 82' lang='grc' dir='ltr'>ὑπογραφῇ</span> <span class='ocrx_word' id='word_1_722' title='bbox 2739 4885 3237 4955; x_wconf 83' lang='grc' dir='ltr'>διασφαλισὰμενος</span> <span class='ocrx_word' id='word_1_723' title='bbox 3283 4879 3602 4934; x_wconf 83' lang='grc' dir='ltr'>ἀπέστειλεν</span> <span class='ocrx_word' id='word_1_724' title='bbox 3640 4881 3811 4952; x_wconf 79' lang='grc' dir='ltr'>αὐτῷ.</span> 
     </span>
    </p>
   </div>
   <div class='ocr_carea' id='block_1_108' title="bbox 2227 4972 3817 5051">
    <p class='ocr_par' dir='ltr' id='par_1_108' title="bbox 2227 4972 3817 5051">
     <span class='ocr_line' id='line_1_108' title="bbox 2227 4972 3817 5051; baseline -0.004 -18"><span class='ocrx_word' id='word_1_725' title='bbox 2227 4979 2408 5051; x_wconf 86' lang='grc' dir='ltr'>Ὅπερ</span> <span class='ocrx_word' id='word_1_726' title='bbox 2438 4972 2597 5043; x_wconf 74' lang='grc' dir='ltr'>οὗτος</span> <span class='ocrx_word' id='word_1_727' title='bbox 2631 4981 2726 5032; x_wconf 65' lang='grc' dir='ltr'><strong>ἐπὶ</strong></span> <span class='ocrx_word' id='word_1_728' title='bbox 2785 4982 2977 5049; x_wconf 86' lang='grc' dir='ltr'>χεῖρας</span> <span class='ocrx_word' id='word_1_729' title='bbox 3019 4975 3200 5028; x_wconf 83' lang='grc' dir='ltr'>λαϐὼν</span> <span class='ocrx_word' id='word_1_730' title='bbox 3237 4973 3505 5044; x_wconf 83' lang='grc' dir='ltr'>ὑπέσχετο</span> <span class='ocrx_word' id='word_1_731' title='bbox 3541 4974 3639 5046; x_wconf 80' lang='grc' dir='ltr'>τὴν</span> <span class='ocrx_word' id='word_1_732' title='bbox 3673 4976 3817 5030; x_wconf 79' lang='grc' dir='ltr'>κατὰ</span> 
     </span>
    </p>
   </div>
   <div class='ocr_carea' id='block_1_109' title="bbox 2227 5066 3813 5145">
    <p class='ocr_par' dir='ltr' id='par_1_109' title="bbox 2227 5066 3813 5145">
     <span class='ocr_line' id='line_1_109' title="bbox 2227 5066 3813 5145; baseline -0.003 -19"><span class='ocrx_word' id='word_1_733' title='bbox 2227 5072 2322 5126; x_wconf 80' lang='grc' dir='ltr'>τοῦ</span> <span class='ocrx_word' id='word_1_734' title='bbox 2359 5073 2863 5145; x_wconf 82' lang='grc' dir='ltr'>παρακοιμωμένου</span> <span class='ocrx_word' id='word_1_735' title='bbox 2895 5069 3309 5125; x_wconf 83' lang='grc' dir='ltr'>Κωνσταντίνου</span> <span class='ocrx_word' id='word_1_736' title='bbox 3351 5070 3445 5120; x_wconf 73' lang='grc' dir='ltr'>καὶ</span> <span class='ocrx_word' id='word_1_737' title='bbox 3480 5066 3586 5121; x_wconf 81' lang='grc' dir='ltr'><strong>τῶν</strong></span> <span class='ocrx_word' id='word_1_738' title='bbox 3611 5086 3813 5138; x_wconf 84' lang='grc' dir='ltr'>συγγε-</span> 
     </span>
    </p>
   </div>
   <div class='ocr_carea' id='block_1_110' title="bbox 2226 5159 3315 5232">
    <p class='ocr_par' dir='ltr' id='par_1_110' title="bbox 2226 5159 3315 5232">
     <span class='ocr_line' id='line_1_110' title="bbox 2226 5159 3315 5232; baseline -0.005 -13"><span class='ocrx_word' id='word_1_739' title='bbox 2226 5167 2332 5219; x_wconf 84' lang='grc' dir='ltr'><strong>νῶν</strong></span> <span class='ocrx_word' id='word_1_740' title='bbox 2357 5167 2521 5220; x_wconf 85' lang='grc' dir='ltr'>αὐτοῦ</span> <span class='ocrx_word' id='word_1_741' title='bbox 2552 5166 2801 5220; x_wconf 82' lang='grc' dir='ltr'>ἐπίθεσιν</span> <span class='ocrx_word' id='word_1_742' title='bbox 2832 5159 2934 5219; x_wconf 83' lang='grc' dir='ltr'>ὧδε</span> <span class='ocrx_word' id='word_1_743' title='bbox 2964 5163 3315 5232; x_wconf 76' lang='grc' dir='ltr'>ποιήσασθαι.</span> 
     </span>
    </p>
   </div>
   <div class='ocr_carea' id='block_1_111' title="bbox 2298 5345 3813 5418">
    <p class='ocr_par' dir='ltr' id='par_1_111' title="bbox 2298 5345 3813 5418">
     <span class='ocr_line' id='line_1_111' title="bbox 2298 5345 3813 5418; baseline 0 -16"><span class='ocrx_word' id='word_1_744' title='bbox 2298 5350 2402 5402; x_wconf 82' lang='grc' dir='ltr'>κα’.</span> <span class='ocrx_word' id='word_1_745' title='bbox 2441 5349 2553 5418; x_wconf 83' lang='grc' dir='ltr'><strong>Τῆς</strong></span> <span class='ocrx_word' id='word_1_746' title='bbox 2609 5347 2801 5416; x_wconf 83' lang='grc' dir='ltr'>φήμης</span> <span class='ocrx_word' id='word_1_747' title='bbox 2845 5345 2936 5398; x_wconf 80' lang='grc' dir='ltr'><strong>οὖν</strong></span> <span class='ocrx_word' id='word_1_748' title='bbox 2970 5361 3176 5416; x_wconf 86' lang='grc' dir='ltr'>ταυτης</span> <span class='ocrx_word' id='word_1_749' title='bbox 3215 5346 3556 5418; x_wconf 82' lang='grc' dir='ltr'>διαθεούσης,</span> <span class='ocrx_word' id='word_1_750' title='bbox 3594 5349 3813 5402; x_wconf 75' lang='grc' dir='ltr'>καὶτοῦ</span> 
     </span>
    </p>
   </div>
   <div class='ocr_carea' id='block_1_112' title="bbox 2226 5438 3810 5512">
    <p class='ocr_par' dir='ltr' id='par_1_112' title="bbox 2226 5438 3810 5512">
     <span class='ocr_line' id='line_1_112' title="bbox 2226 5438 3810 5512; baseline 0.001 -18"><span class='ocrx_word' id='word_1_751' title='bbox 2226 5439 2731 5512; x_wconf 86' lang='grc' dir='ltr'>παρακοιμωμένου</span> <span class='ocrx_word' id='word_1_752' title='bbox 2812 5438 3232 5492; x_wconf 81' lang='grc' dir='ltr'>Κωνσταντίνου</span> <span class='ocrx_word' id='word_1_753' title='bbox 3299 5439 3810 5508; x_wconf 74' lang='grc' dir='ltr'>καταναγκάζοντος</span> 
     </span>
    </p>
   </div>
   <div class='ocr_carea' id='block_1_113' title="bbox 2236 5531 3802 5603">
    <p class='ocr_par' dir='ltr' id='par_1_113' title="bbox 2236 5531 3802 5603">
     <span class='ocr_line' id='line_1_113' title="bbox 2236 5531 3802 5603; baseline 0 -16"><span class='ocrx_word' id='word_1_754' title='bbox 2236 5533 2517 5602; x_wconf 62' lang='grc' dir='ltr'>Ῥωμαικὸν</span> <span class='ocrx_word' id='word_1_755' title='bbox 2549 5531 2880 5602; x_wconf 76' lang='grc' dir='ltr'>ἀποκινῆσαι</span> <span class='ocrx_word' id='word_1_756' title='bbox 2911 5531 3050 5602; x_wconf 83' lang='grc' dir='ltr'>μετὰ</span> <span class='ocrx_word' id='word_1_757' title='bbox 3094 5531 3186 5584; x_wconf 81' lang='grc' dir='ltr'>τοῦ</span> <span class='ocrx_word' id='word_1_758' title='bbox 3221 5532 3432 5596; x_wconf 84' lang='grc' dir='ltr'>στόλου,</span> <span class='ocrx_word' id='word_1_759' title='bbox 3461 5533 3621 5596; x_wconf 80' lang='grc' dir='ltr'>αὐτὸς</span> <span class='ocrx_word' id='word_1_760' title='bbox 3648 5549 3802 5603; x_wconf 80' lang='grc' dir='ltr'>προε-</span> 
     </span>
    </p>
   </div>
   <div class='ocr_carea' id='block_1_114' title="bbox 2226 5624 3798 5698">
    <p class='ocr_par' dir='ltr' id='par_1_114' title="bbox 2226 5624 3798 5698">
     <span class='ocr_line' id='line_1_114' title="bbox 2226 5624 3798 5698; baseline -0.001 -15"><span class='ocrx_word' id='word_1_761' title='bbox 2226 5627 2488 5698; x_wconf 79' lang='grc' dir='ltr'>φασίζετο</span> <span class='ocrx_word' id='word_1_762' title='bbox 2515 5625 2795 5690; x_wconf 83' lang='grc' dir='ltr'>ἀδυνάτως</span> <span class='ocrx_word' id='word_1_763' title='bbox 2819 5624 2964 5698; x_wconf 72' lang='grc' dir='ltr'>ἔχειν</span> <span class='ocrx_word' id='word_1_764' title='bbox 2987 5625 3079 5680; x_wconf 76' lang='grc' dir='ltr'>τοῦ</span> <span class='ocrx_word' id='word_1_765' title='bbox 3112 5627 3379 5682; x_wconf 78' lang='grc' dir='ltr'>ἀποπλεῖν</span> <span class='ocrx_word' id='word_1_766' title='bbox 3398 5627 3473 5698; x_wconf 82' lang='grc' dir='ltr'><strong>μη</strong></span> <span class='ocrx_word' id='word_1_767' title='bbox 3503 5627 3595 5682; x_wconf 77' lang='grc' dir='ltr'>τοῦ</span> <span class='ocrx_word' id='word_1_768' title='bbox 3622 5628 3798 5682; x_wconf 84' lang='grc' dir='ltr'>στόλοι</span> 
     </span>
    </p>
   </div>
   <div class='ocr_carea' id='block_1_115' title="bbox 1817 5742 2480 5804">
    <p class='ocr_par' dir='ltr' id='par_1_115' title="bbox 1817 5742 2480 5804">
     <span class='ocr_line' id='line_1_115' title="bbox 1817 5742 2480 5804; baseline -0.002 -6"><span class='ocrx_word' id='word_1_769' title='bbox 1817 5742 2048 5799; x_wconf 70' lang='grc' dir='ltr'>νΑιυιΕ</span> <span class='ocrx_word' id='word_1_770' title='bbox 2074 5745 2480 5804; x_wconf 81' lang='lat' dir='ltr'><strong>LECTIONES.</strong></span> 
     </span>
    </p>
   </div>
  </div>
