4128 6416
307 337 415 400 945

1406 331 1601 390 VITE
1644 328 2197 389 RECENTIORUM
2242 331 2441 389 lMPP.

3464 333 3568 393 946

306 452 407 524 τὴν
448 446 845 518 νενομισμένην
877 442 1338 516 ρόγανλαϐὸντος.
1381 440 1470 493 Ἑν
1504 443 1569 511 τῇ
1597 440 1883 511 ἐξαρτύσει

2003 440 2179 494 :lassis
2236 441 2460 494 militari
2493 442 2770 510 stipendio
2805 459 2866 496 ac
2904 444 3150 514 legitimo
3176 445 3376 500 donata
3400 456 3568 503 esset.

306 544 365 595 δὲ
404 541 556 602 ὄντος
574 537 671 591 τοῦ
711 532 990 606 Ῥωμανοῦ
1027 534 1121 587 καὶ
1165 532 1233 584 τὰ
1275 532 1433 585 πλοῖα
1477 530 1889 602 εὒτρεπίζοντος

308 632 504 698 ἐξῆλθε
585 630 993 689 Κωνσταντϊνος
1057 623 1553 695 παρακοιμώμενος
1626 626 1887 677 ἐπισπου-

307 728 486 779 ὖάσων
521 723 683 776 αὐτον
736 721 829 774 τοῦ
897 719 1219 773 ἐκπλεῦσαι.
1262 717 1321 771 '0
1353 718 1411 771 δέ
1461 718 1637 788 τούτῳ
1662 718 1891 787 δουλικῷ

309 820 389 890 τῷ
423 819 664 888 σχήματι
684 818 1166 888 προσυπήντησεν,
1190 813 1284 866 καὶ
1313 812 1612 884 προθύμως
1646 814 1891 882 ποιήσειν

308 913 371 964 τὸ
416 910 774 979 κελευόμενον
832 906 1220 977 ἐπηγγέλλετο.
1271 905 1640 976 ’Υποστρέψαι
1682 905 1737 958 δὲ
1771 905 1887 976 βου-

307 1004 539 1073 λομένου
584 1002 680 1055 τοῦ
730 999 1254 1072 παρακοιμωμένον,
1286 999 1381 1051 xa‘t
1445 1001 1493 1051 εί
1545 997 1657 1067 ἔχοι
1692 998 1892 1067 ἄνδρας

310 1079 534 1159 εὐειδεῖς
568 1095 660 1150 καὶ
693 1094 976 1163 γενναίους
1010 1094 1112 1163 τὴν
1142 1091 1431 1163 βασιλικὴν
1464 1091 1707 1162 ἐρέττειν
1738 1092 1893 1161 τριή-

313 1207 417 1259 ρην
450 1188 700 1250 εἰπόντος
751 1187 888 1256 πρὸς
929 1184 1231 1254 Ῥωμανὸν,
1288 1177 1442 1246 οὗτος
1486 1182 1648 1245 εὐθὺς
1676 1181 1892 1235 ἔνευσεν
1936 1208 1942 1214 ~

312 1282 499 1344 αὐτοῖς
523 1283 585 1350 τῇ
626 1280 772 1350 χειρὶ
816 1277 1056 1347 ἑτοίμοις
1083 1271 1202 1329 οὖσι
1238 1275 1465 1339 πλησίον
1496 1273 1692 1327 ἐλθεῖν.
1739 1275 1802 1326 Οἱ
1834 1274 1890 1326 δὲ

308 1373 505 1441 citi};
534 1371 727 1441 βουλῆς
757 1369 978 1432 εἰδότες,
1026 1367 1254 1436 ἔγγιστα
1311 1366 1411 1437 ἤδη
1472 1366 1567 1419 τοῦ
1614 1365 1892 1436 δρόμωνος

321 1459 608 1528 Ῥωμανοῦ
639 1458 948 1527 γεγονότες,
982 1456 1170 1527 ἐπειδὴ
1199 1449 1354 1520 οὗτος
1380 1456 1555 1510 ὀπίσω
1589 1455 1681 1509 τοῦ
1710 1473 1893 1527 παρα-

310 1550 662 1623 κοιμωμένου
716 1550 1129 1604 Κωνσταντίνου
1197 1549 1543 1621 περιπατῶν,
1602 1551 1891 1619 Ἀναρπά-

309 1659 459 1698 σατε
479 1643 667 1697 αὐτὸν
696 1642 829 1707 ταῖς
876 1642 1053 1711 χερσὶ
1082 1642 1181 1695 καὶ
1221 1640 1400 1711 ἄρατε
1424 1642 1630 1707 αὐτὸν,
1676 1642 1891 1712 ἐπειριῦ-

309 1753 464 1806 νησε,
506 1736 851 1808 παραχρῆμα
886 1730 1032 1790 οὗτοι
1067 1735 1255 1789 τοῦτον
1291 1735 1644 1805 ἁρπάσαντες
1689 1737 1767 1799 είς
1793 1737 1891 1804 τὴν

309 1827 406 1879 τοῦ
452 1825 815 1897 δρουγγάρίου
857 1825 1140 1897 Ῥωμανοῦ
1187 1827 1419 1898 τριήρην
1464 1828 1761 1897 εἰσήγαγον
1800 1830 1893 1882 καὶ

309 1920 371 1970 ἐν
420 1916 692 1988 ἀσφαλείᾳ
736 1919 1008 1986 κατεῖχον.
1042 1917 1232 1980 Οὐδεὶς
1280 1912 1373 1970 οὖν
1425 1921 1453 1971 ὁ
1503 1918 1893 1988 ὐκπερασπίζων

308 2008 378 2083 ἦν
415 2012 445 2082 ἢ
502 2012 897 2082 κατοικτείρων
922 2012 1012 2065 τὸν
1042 2010 1351 2082 ἄνθρωπον,
1383 2011 1599 2067 πάντων
1628 2012 1733 2065 τῶν
1772 2028 1893 2065 συντ

308 2107 483 2159 όντων
513 2103 660 2175 αὐτῷ
692 2105 1059 2175 χρησαμένων
1087 2108 1254 2175 φυγῇ.

384 2216 490 2287 κβ’.
517 2217 704 2272 Ταῦτα
729 2217 852 2288 Ζωὴ
877 2219 1166 2285 Αὐγούστα
1207 2217 1456 2287 μαθοῦσα
1504 2219 1894 2287 προσκαλεῖται

310 2310 773 2384 τὸνπατριάρχην
824 2310 1093 2365 Νικόλαον
1125 2312 1221 2365 καὶ
1273 2312 1399 2374 τοὺς
1430 2312 1600 2380 αὐτῆς
1637 2314 1897 2381 μεγιστᾶ-

312 2421 411 2468 νας
433 2404 530 2457 καὶ
558 2404 882 2458 ἀποστέλλει
918 2404 1057 2474 πρὸς
1096 2403 1182 2475 [Ρ.
1210 2403 1335 2475 571]
1375 2404 1680 2474 Ῥωμανὸν,
1713 2404 1775 2457 τὸ
1801 2423 1895 2472 γεσ-

314 2497 476 2565 γονδς
511 2496 811 2567 βουλομένη
843 2496 1055 2566 μαθεῖν.
1081 2497 1301 2551 Τούτων
1337 2497 1394 2550 δὲ
1428 2498 1896 2568 διαπερασοὶντων,

313 2589 485 2654 λίθοις
519 2590 552 2643 ὁ
595 2591 737 2655 λαὸς,
761 2588 1033 2662 ἐξήλασαν
1082 2588 1358 2659 βαλόντες.
1388 2589 1599 2643 Ἔωθεν
1628 2589 1722 2643 οὖν
1756 2590 1901 2657 ἐξελ-

315 2681 487 2737 θοῦσα
515 2682 637 2755 Ζωὴ
665 2685 723 2738 ἐν
744 2683 821 2754 τῷ
850 2684 943 2738 τοῦ
980 2683 1372 2747 Βουκολέοντος
1396 2683 1607 2754 ήλιακῷ
1627 2683 1899 2754 ἐπεφώνει

312 2772 395 2843 τῷ
426 2773 529 2845 υἱῷ
583 2776 679 2829 καὶ
729 2777 863 2831 πᾶσι
884 2792 899 2808 ·
943 2774 1077 2840 Πῶς
1110 2775 1225 2843 ἄρα
1260 2775 1509 2845 γέγονεν
1534 2775 1573 2841 ἡ
1603 2775 1899 2843 ἁνταρσίιι

314 2866 506 2933 αὕτη;
556 2868 767 2938 Ἔφησε
825 2868 879 2921 δὲ
938 2869 1075 2939 πρὸς
1121 2869 1292 2938 αὐτὴν
1331 2871 1359 2921 ὁ
1412 2868 1757 2936 παιδαγωγὸς
1804 2868 1896 2921 τοῦ

317 2959 587 3029 βασιλέως
619 2961 1033 3014 Κωνσταντίνου
1088 2961 1383 3031 Θεόδωρος,
1415 2963 1499 3015 ὅτι
1524 2961 1624 3014 Διὰ
1654 2961 1720 3015 τὸ
1752 2962 1900 3016 citro-

315 3048 495 3103 λέσαι
549 3050 778 3105 Λέοντα
813 3051 921 3105 τὸν
966 3050 1177 3107 Φωκᾶν
1232 3050 1375 3117 τοὺς
1430 3052 1748 3120 Ῥωμαίους
1803 3053 1899 3106 aut!

316 3142 783 3195 Κωνσταντῖνον
852 3140 1385 3212 παρακοιμώμενον
1471 3141 1537 3196 τὸ
1604 3142 1898 3198 παλάτιον

315 3233 507 3287 ταῦτα
539 3235 839 3304 γεγόνασι.

391 3343 499 3411 κγ’.
533 3345 907 3412 Προσελάὁετο
930 3346 988 3400 δὲ
1012 3349 1040 3400 ὁ
1066 3347 1319 3417 βασιλεὺς
1347 3349 1611 3403 Νικόλαον
1642 3350 1903 3423 πατριάρ-

318 3451 424 3504 χην
451 3435 548 3489 καὶ
579 3437 850 3505 Στέφανον
915 3440 1217 3510 μάγιστρον
1266 3444 1503 3495 συνεῖναι
1546 3442 1695 3511 αὐτῴ
1738 3444 1794 3496 ἐν
1825 3442 1903 3510 τῷ

323 3527 590 3598 παλατῖῳ,
639 3530 738 3599 τὴν
795 3530 1048 3596 ἐξουσίαν
1110 3534 1188 3596 εἰς
1216 3533 1406 3586 ἑαυτὸν
1442 3534 1548 3585 ἀπὸ
1571 3535 1668 3604 τῆς
1697 3536 1903 3605 μητρὸς

319 3617 722 3687 ἐπισπώμενος.
761 3621 839 3691 Τῇ
874 3622 929 3675 δὲ
974 3623 1239 3693 ἐπαύριον
1287 3625 1611 3678 ἀπέστειλεν
1652 3627 1904 3698 Ἰωάννην

317 3710 413 3761 τὸν
438 3710 726 3782 Τουδὰκην
751 3714 902 3784 Ζωὴν
939 3715 1261 3782 Αὐγούσταν
1294 3716 1390 3769 τοῦ
1426 3717 1692 3771 παλατίου
1732 3736 1903 3773 κατα-

321 3797 572 3854 6ι6άσαι.
612 3800 676 3853 Ἢ
704 3800 760 3854 δὲ
791 3804 908 3873 μετ’
944 3804 1205 3875 ὀλολυγῆς
1232 3806 1323 3858 καὶ
1358 3806 1608 3876 δακρύων
1655 3808 1734 3878 τῷ
1777 3811 1905 3863 ἐαυ-

321 3891 423 3963 τῆς
455 3892 872 3965 προσπλακεῖσα
907 3894 1009 3965 υίῷ
1057 3895 1191 3965 πρὸς
1242 3896 1594 3965 συμπάθειαν
1629 3899 1905 3968 μητρικὴν

322 3984 418 4036 καὶ
446 3978 631 4037 οἶκτον
658 3984 931 4054 ἐκίνησεν,
950 3984 1023 4048 ὡς
1051 3985 1141 4036 τὸν
1163 3982 1386 4053 βασιλέα
1414 3986 1589 4038 εἰπεῖν
1609 4000 1623 4015 ’
1656 3986 1903 4040 Ἐάσατε

318 4071 477 4129 εῖναι
507 4075 637 4144 μετ’
674 4075 819 4144 ἐμοῦ
865 4075 979 4143 τὴν
1024 4075 1253 4145 μητέρα
1302 4092 1443 4145 μου.
1498 4077 1559 4128 Ol
1608 4077 1665 4130 δὲ
1699 4077 1904 4148 ταύτην

321 4166 440 4237 ἅμα
465 4166 543 4237 τῷ
573 4167 718 4237 λόγῳ
748 4169 987 4239 ἀφῆκαν.
1202 4240 1203 4245 γ

396 4278 496 4334 κδ’.
525 4279 1041 4353 Προσκαλεσάμενοι
1090 4281 1145 4334 δὲ
1190 4282 1216 4334 ὃ
1246 4298 1306 4333 τε
1343 4280 1594 4351 βασιλεὺς
1625 4281 1717 4333 καῖ
1744 4281 1773 4333 ὁ
1803 4300 1906 4336 πα-

321 4375 591 4444 τριάρχης
625 4373 879 4444 Ἰωάννην
906 4374 998 4427 τὸν
1036 4374 1243 4446 Γαριδᾶ
1284 4374 1649 4445 προεϐάλοντο
1681 4374 1724 4406 ³⁸
1745 4374 1904 4444 δομέ-

326 4483 511 4518 στικον
540 4466 648 4517 τῶν
694 4464 924 4534 σχολῶν,
978 4464 1211 4528 δεδιότες
1244 4463 1318 4535 μὴ
1347 4466 1427 4529 εἰς
1466 4464 1767 4534 ἁνταρσίαν
1797 4481 1903 4535 χω⁶

1994 534 2262 589 Versante
2295 545 2478 589 autem
2521 535 2574 589 in
2615 536 2792 590 navali
2829 537 3076 593 Romano
3108 554 3381 609 navesque
3406 555 3576 611 appao

1995 635 2169 693 rante,
2205 627 2601 683 Constantinus
2621 629 2924 693 accubitor,
2950 632 3106 699 quasi
3134 632 3409 687 solvendae
3436 633 3573 687 clas-

1995 720 2069 773 sis
2103 720 2384 790 negotium
2428 728 2828 785 maturaturus,
2880 722 2949 775 ad
2997 738 3123 777 eum
3171 739 3427 793 egressus
3465 734 3569 778 est.

1994 810 2250 864 Occurrit
2301 811 2392 865 ille
2436 813 2620 867 servili
2667 813 2858 869 habitu
2881 813 3049 886 884
3070 824 3358 885 gestuque,
3389 831 3573 886 prom-

1995 911 2200 973 ptoquc
2241 905 2426 958 animo
2476 904 2749 959 facturum
2795 921 2853 960 se
2895 906 3189 977 pollicetur
3216 910 3363 977 quod
3388 909 3575 978 jussus

1994 1004 2131 1049 erat.
2187 995 2434 1065 Cumque
2460 997 2570 1067 jam
2601 997 2885 1053 accubitor
2914 1001 3117 1055 reverti
3151 1000 3339 1055 volens
3366 1015 3433 1054 ex
3461 1000 3575 1053 Ro-

1996 1102 2159 1141 mano
2210 1088 2631 1153 sciscitaretur,
2684 1106 2815 1145 num
2881 1093 3162 1162 elegantes
3211 1108 3275 1147 ac
3321 1101 3579 1146 strenuos

1995 1180 2144 1235 viros
2178 1181 2426 1247 haberet,
2477 1183 2571 1252 qui
2612 1181 3021 1253 imperatoriam
3071 1185 3352 1239 triremem
3386 1184 3583 1254 impel-

1994 1271 2131 1338 lant,
2170 1274 2364 1327 annuit
2394 1274 2485 1329 ille
2517 1275 2698 1329 statim
2724 1291 2887 1331 manu
2911 1277 3119 1345 paratis
3145 1284 3204 1329 ut
3227 1291 3397 1346 prope
3420 1292 3578 1330 acce-

1996 1363 2214 1419 derent.
2253 1366 2315 1419 Hi
2346 1374 2553 1431 autem,
2578 1383 2715 1436 quos
2745 1368 3037 1422 consilium
3065 1383 3176 1421 non
3200 1368 3417 1430 lateret,
3453 1383 3577 1421 cum

1995 1459 2244 1527 proxime
2290 1461 2401 1529 jam
2438 1461 2670 1514 Romani
2713 1461 3023 1530 praetoriam
3053 1462 3385 1532 junxissent,
3422 1461 3577 1529 isque

1996 1561 2144 1605 retro
2192 1550 2613 1607 Constantinum
2650 1554 3021 1608 accubitorem
3058 1553 3382 1606 ambulans:
3438 1551 3585 1605 Eum

1996 1644 2238 1697 manibus
2266 1646 2518 1715 corripite
2539 1654 2696 1715 atque
2717 1644 2909 1709 tollite,
2942 1644 3230 1700 confestim
3263 1644 3576 1706 clamasset,

1995 1744 2310 1804 correptum
2364 1736 2439 1791 illi
2480 1737 2533 1790 in
2576 1738 2805 1792 Romani
2841 1738 3125 1807 drungarii
3152 1735 3427 1790 triremem
3461 1742 3583 1789 tuta

1994 1830 2245 1884 custodia
2294 1829 2626 1884 servandum
2660 1831 2988 1885 intulerunt.
3036 1830 3140 1897 Qui
3183 1831 3360 1883 virum
3390 1826 3580 1882 defen-

1997 1920 2156 1975 deret
2204 1930 2300 1975 aut
2352 1922 2461 1975 ulla
2513 1923 2634 1992 ejus
2680 1922 3033 1975 miseratione
3090 1929 3446 1983 moveretur,
3510 1933 3582 1971 ne

1998 2029 2142 2069 unus
2192 2013 2416 2082 quidem
2478 2012 2585 2067 fuit
2617 2053 2629 2075 ,
2680 2014 2893 2067 cunctis
2920 2013 3046 2083 fuga
3069 2012 3295 2082 dilapsis
3318 2011 3412 2081 qui
3452 2025 3577 2064 eum

2000 2108 2118 2177 ipso
2161 2116 2337 2161 erant.

2069 2221 2158 2274 22.
2202 2220 2297 2275 llis
2336 2222 2402 2275 ad
2450 2222 2614 2276 Zocm
2669 2222 2971 2291 Augustam
3004 2219 3246 2291 perlatis,
3298 2216 3580 2272 accersitis

2002 2311 2091 2365 illa
2131 2326 2254 2366 cum
2295 2311 2521 2367 Nicolao
2554 2312 2867 2382 patriarcha
2908 2309 3267 2381 optimatibus
3294 2308 3429 2370 suis,
3484 2307 3578 2373 qui

2001 2403 2129 2457 facti
2152 2419 2372 2459 causam
2410 2403 2715 2475 inquirant,
2743 2403 2811 2457 ad
2848 2405 3154 2457 Romanum
3188 2401 3376 2456 mittit.
3407 2400 3579 2453 Dum-

2000 2514 2107 2568 que
2150 2498 2187 2552 ii
2237 2498 2540 2569 trajiciunt,
2584 2497 2727 2552 facta
2784 2496 2972 2567 populi
3019 2495 3258 2551 coitione
3306 2491 3584 2562 lapidibus

2000 2588 2229 2659 appetiti
2276 2604 2341 2644 ac
2377 2588 2546 2659 fugati
2602 2602 2753 2643 sunt.
2799 2588 2955 2642 Mane
3008 2587 3177 2657 igitur
3225 2599 3444 2655 egressa
3475 2580 3583 2636 Zoe

2000 2679 2069 2735 ad
2122 2679 2448 2733 Bucoleonis
2488 2677 2667 2733 solare
2704 2677 3048 2748 horologium
3093 2677 3206 2730 ﬁlio
3260 2673 3581 2741 cunctisque

2000 2769 2303 2835 clamabat,
2335 2785 2565 2839 quonam
2604 2770 2758 2821 modo
2814 2766 3029 2821 rebellio
3079 2766 3189 2820 Itan:
3239 2765 3581 2835 contigisset,

2003 2862 2092 2916 cui
2126 2860 2456 2916 Theodorus
2479 2860 2827 2915 Constantini
2859 2858 3210 2929 imperatoris
3234 2856 3580 2927 paedagogus,

1999 2956 2192 3009 ideirco
2226 2955 2526 3025 contigisse,
2562 2953 2661 3018 ait,
2698 2954 2838 3019 quod
2862 2951 2963 3005 Leo
2998 2951 3201 3005 Phocas
3224 2949 3488 3004 Romanos
3533 2957 3580 2999 et

2000 3046 2376 3103 Constantinus
2395 3046 2660 3100 accubitor
2688 3045 2870 3098 aulam
2901 3044 3160 3119 perderet.

2076 3341 2167 3394 9.5.
2207 3340 2433 3393 Interim
2472 3340 2771 3408 imperator
2809 3335 3091 3391 Nicolaum
3126 3332 3495 3403 patriarcbam
3529 3341 3591 3385 et

2007 3430 2345 3501 Stephanum
2404 3429 2725 3500 magistrum
2771 3428 2876 3483 sibi
2923 3428 2977 3480 in
3027 3426 3149 3479 aula
3192 3422 3581 3492 adessejubct.

2008 3520 2271 3575 translata
2299 3520 2353 3573 in
2386 3534 2442 3573 se
2476 3535 2505 3572 a
2551 3527 2725 3572 matre
2762 3524 3054 3587 potestate.
3105 3513 3379 3569 Postridie
3419 3510 3608 3581 885,

2008 3615 2208 3669 missus
2232 3612 2469 3668 Joannes
2504 3611 2774 3671 'l‘ubaces,
2806 3609 2898 3679 qui
2934 3609 3097 3662 Zoem
3128 3608 3427 3676 Augustam
3464 3603 3585 3657 aula

2008 3708 2290 3780 dejiceret.
2315 3705 2394 3760 Ea
2420 3721 2545 3760 cum
2568 3703 2695 3758 ﬂetu
2726 3718 2790 3757 ac
2811 3702 3020 3774 ejulatu
3048 3701 3102 3755 in
3137 3699 3233 3753 filii
3268 3698 3590 3767 complexus

2009 3815 2175 3854 ruens
2212 3798 2281 3852 ad
2328 3808 2634 3851 maternam
2669 3794 3081 3849 miserationem
3104 3791 3471 3858 aﬂ‘ertumque
3507 3788 3589 3841 in-

2008 3889 2188 3951 ﬂexit,
2238 3887 2377 3941 adeo
2409 3895 2469 3939 ut
2515 3886 2813 3955 imperator
2839 3883 3080 3940 dixerit:
3134 3879 3301 3935 Sinite
3333 3888 3388 3932 ut
3419 3888 3611 3933 mater.

2010 3996 2125 4033 mea
2150 3994 2350 4031 mecum
2370 3985 2625 4031 versetur.
2676 3975 2801 4042 Qui,
2844 3991 2970 4030 mox
3001 3983 3063 4028 ut
3084 3974 3303 4027 locutus
3327 3978 3431 4037 est,
3464 3984 3589 4025 eam

2009 4068 2303 4138 reliquere.

2076 4269 2166 4323 21.
2227 4268 2569 4322 Accersitum
2623 4281 2750 4318 vero
2814 4265 3115 4334 imperator
3173 4270 3227 4314 et
3277 4261 3589 4331 patriarcha

2008 4363 2275 4418 Joannem
2312 4359 2567 4417 Garidam
2606 4358 2882 4429 legionum
2929 4355 3294 4411 domesticum
3327 4354 3590 4423 praefece-

2011 4462 2161 4521 runt,
2196 4454 2358 4508 veriti
2392 4452 2605 4506 scilicet
2638 4465 2707 4504 ne
2743 4449 2854 4505 Leo
2888 4448 3100 4503 Phocas
3130 4446 3181 4501 iu
3235 4446 3589 4501 rebellionem

330 4560 471 4629 ρήσῃ
497 4533 735 4620 δΦωκᾶς
770 4557 943 4614 Λέων.
983 4557 1042 4611 '0
1068 4558 1125 4610 δὲ
1151 4558 1211 4610 οὺ
1239 4533 1537 4611 κατένευσε
1565 4533 1723 4612 τοῦτο
1752 4533 1901 4625 γενέ-

2013 4554 2343 4603 verteretur.
2386 4545 2505 4599 Non
2536 4541 2810 4612 acquievit
2838 4541 2927 4596 ille
2964 4550 3020 4594 ut
3054 4557 3255 4595 munus
3294 4540 3590 4609 acciperet,

330 4649 478 4711 σθαι,
536 4652 585 4702 εί
650 4648 724 4719 μὴ
777 4648 1058 4719 Θεόδωρον
1115 4650 1546 4718 γυναικάδελςρον
1593 4649 1766 4702 αὐτοῦ
1818 4650 1909 4703 τὸν

330 4741 661 4810 Ζουφινέζερ
701 4742 794 4794 καὶ
850 4740 1111 4810 Συμεῶνα
1166 4741 1261 4794 τὸν
1297 4741 1411 4793 υἱὸν
1464 4740 1629 4794 αὐτοῦ
1677 4741 1913 4815 προεϐά-

327 4832 484 4885 λοντο
517 4832 561 4864 ³⁸
589 4832 995 4903 ἐταιρειάρχην.
1016 4832 1240 4903 Ὄρκοις
1261 4831 1582 4903 βεϐαιωθεὶς
1609 4833 1701 4886 ὑπ’
1730 4834 1913 4888 αὐτῶν

330 4924 601 4995 κατῆλθεν
627 4926 685 4978 ἐν
736 4923 816 4996 τῷ
864 4925 999 4995 οἴκῳ
1046 4924 1232 4980 αὐτοῦ.
1268 4924 1409 4977 Οἱδέ
1438 4924 1753 4995 παραυτίκα
1786 4926 1913 4989 τοὺς

332 5019 623 5085 συγγενεῖς
650 5017 819 5070 αὐτοῦ
841 5017 934 5071 τοῦ
965 5017 1231 5071 παλατίου
1284 5016 1735 5081 καταδιδάζουσι.
1775 5016 1915 5070 Τού-

332 5123 445 5160 των
511 5106 604 5161 οὖν
671 5107 809 5179 πρὸς
871 5108 1035 5162 αὑτὸν
1094 5107 1573 5177 παραγεγονότων,
1631 5107 1707 5172 ὡς
1759 5106 1919 5159 ἐθεά-

336 5198 711 5263 σατοαύτοὺς,
768 5199 968 5270 τρόμος
1027 5197 1223 5251 ἔλασεν
1281 5197 1445 5251 αὑτὸν
1487 5198 1583 5251 καὶ
1619 5194 1791 5267 φρίκη
1823 5196 1918 5249 καὶ

336 5289 550 5359 φρενῶν
573 5289 851 5354 ἔκστασις.
883 5289 1056 5353 Εὐθὺς
1083 5289 1178 5344 οὖν
1206 5290 1397 5360 ἐξῆλθε
1433 5290 1572 5361 πρὸς
1613 5288 1916 5359 Ῥωμανὸν›

337 5382 435 5434 καὶ
462 5381 765 5451 διηγήσατο
809 5381 961 5452 αὐτῷ
988 5376 1078 5436 οἶα
1104 5382 1363 5436 πέπονθε·
1396 5380 1789 5452 συμφιλιωθεὶς
1824 5376 1917 5433 οὖν

2014 4639 2121 4695 nisi
2167 4637 2492 4693 Theodorus
2534 4633 2884 4704 Zupbinezer
2930 4633 3050 4702 ejus
3104 4632 3241 4686 levir
3271 4640 3329 4685 et
3357 4630 3611 4699 Symeon,

2016 4732 2165 4788 illius
2200 4731 2343 4785 ﬁlius
2362 4728 2756 4785 fmderatorum
2790 4725 2988 4780 turmis
3009 4725 3437 4794 praelicerentur.
3468 4722 3596 4776 Am-

2016 4824 2215 4879 borum
2245 4821 2290 4875 is
2323 4820 2685 4892 jurejurando
2727 4818 2900 4872 fretus
2932 4816 2988 4869 in
3013 4816 3237 4871 domum
3272 4814 3594 4877 descendit;

2018 4928 2254 4983 moxque
2291 4912 2345 4965 hi
2380 4911 2527 4965 illius
2557 4909 2745 4964 aﬂines
2778 4908 2901 4962 aula
2941 4902 3244 4978 ejeceruut.
3278 4904 3426 4971 Quos
3448 4913 3505 4957 ut
3529 4901 3596 4956 ad

2018 5022 2077 5062 se
2132 5004 2417 5060 venientes
2464 5001 2783 5071 conspexit,
2822 5007 3012 5068 stupor
3053 5008 3369 5064 tremorque
3412 4994 3596 5047 virum

2020 5101 2361 5155 invaserunt.
2395 5094 2694 5152 Confestim
2729 5094 2893 5165 igitur
2917 5092 2983 5146 ad
3008 5092 3315 5146 Romanum
3334 5088 3503 5151 venit,
3537 5102 3599 5139 ac

2018 5208 2140 5264 qua:
2175 5191 2251 5246 illi
2277 5190 2416 5244 facta
2457 5195 2644 5243 essent
2672 5184 2939 5240 narravit.
2969 5181 3208 5238 Arctiori
3242 5180 3424 5249 itaque
3455 5177 3596 5231 ami-

2019 5287 2148 5342 citia
2190 5285 2241 5340 ei
2277 5283 2612 5353 implicatur,
2648 5278 2882 5348 dataque
2908 5285 2963 5331 et
2998 5281 3221 5343 accepta
3250 5272 3432 5343 jurata
3470 5268 3596 5333 ﬁde,

2023 5395 2135 5434 uno
2168 5393 2225 5434 sc
2259 5376 2313 5430 in
2350 5384 2632 5445 posterum
2683 5372 2865 5425 animo
2910 5366 3059 5432 fore,
3100 5380 3207 5420 uno
3244 5363 3409 5417 animi
3435 5377 3597 5416 sensu

337 5472 513 5544 αὐτῷ,
540 5474 631 5527 καὶ
661 5474 860 5545 ὅρκους
885 5473 1007 5538 δοὺς
1052 5475 1144 5528 καὶ
1194 5473 1373 5528 λαϐὼν
1412 5474 1549 5527 ὥστε
1597 5474 1727 5542 μίαν
1775 5470 1901 5542 ἔχειι

2027 5468 2434 5526 consentientes
2471 5478 2732 5529 evasere;
2782 5469 2841 5517 ut
2874 5468 2928 5516 et
2958 5458 3273 5530 nuptiarum
3313 5453 3517 5510 hedera
3543 5468 3598 5505 se

1612 5647 1847 5703 VARI/IS
1891 5643 2300 5703 LECTIONES.

411 5774 456 5803 ³⁸
484 5769 876 5841 προεϐάλλοντο
907 5771 966 5825 1⁵.
