4128 6432
534 321 639 387 94⁸1

1804 332 2127 394 GEORGII
2171 337 2518 399 MONACHI

3705 346 3813 409 943

524 432 818 503 iuncturos
843 440 1277 509 paciscerentur,
1326 457 1437 512 quo
1475 442 1603 498 inde
1641 442 1956 500 dilectionis
2000 445 2108 499 vin-

2225 450 2555 522 ἀμφοτέρων
2602 451 2803 522 ψυχὴν,
2859 452 3128 523 σύμφρων
3173 452 3341 509 αὑτοῦ
3393 457 3488 511 καὶ
3530 458 3814 529 σύμπνους

529 532 715 587 culum
749 530 856 588 sibi
885 532 1280 605 astringerent.

598 800 690 855 25.
720 798 1039 856 Secundum
1073 802 1190 857 haec
1221 802 1389 873 igitur
1417 805 1679 874 vigesima
1708 805 1899 874 quinta
1936 806 2115 862 Martii

526 894 735 951 mensis
767 895 940 950 mittit
968 896 1249 951 Romanus
1280 896 1547 952 Joannem
1589 899 1972 969 presbyterum
2013 900 2116 955 do-

526 988 821 1044 mesticum
846 1003 1009 1043 suum
1037 989 1404 1058 eumdemque
1441 989 1915 1049 ﬁdelissimum.et
1936 990 2117 1046 Theo-

527 1081 730 1137 dorum
793 1081 1120 1137 Mastzucem
1164 1089 1541 1150 nuncupatum
1589 1082 1641 1136 in
1685 1083 1972 1152 palatium,
2019 1085 2113 1154 qui

527 1177 650 1244 ejus
683 1190 903 1230 causam
928 1174 1099 1245 886
1124 1183 1352 1245 agerent
1378 1189 1441 1229 ac
1465 1185 1797 1231 excusarent
1820 1216 1834 1238 ,
1882 1176 2015 1231 nihil
2026 1177 2115 1231 ad

527 1266 866 1322 rebellionem
899 1277 1138 1338 spectare
1190 1267 1331 1338 quod
1376 1269 1441 1322 ab
1482 1283 1543 1321 eo
1577 1268 1777 1336 factum
1819 1278 1970 1334 erat,
2022 1269 2114 1323 sed

525 1375 689 1411 unum
719 1358 815 1412 hoc
847 1360 1092 1422 veritum,
1132 1356 1322 1413 Phocas
1367 1357 1665 1423 molimina,
1711 1376 1774 1414 ac
1798 1368 2112 1414 metuentem

525 1467 589 1502 ne
639 1449 731 1504 ille
765 1452 910 1505 nouis
952 1452 1104 1505 rebus
1145 1452 1396 1508 adversus
1443 1455 1820 1524 imperatorem
1853 1454 2109 1518 studeret,

523 1559 639 1596 eam
692 1543 755 1598 ob
817 1561 928 1598 rem
995 1547 1048 1598 in
1103 1547 1344 1601 animum
1404 1534 1673 1602 induxisse
1722 1548 1876 1617 idque
1904 1548 2112 1602 consilii

521 1635 739 1702 cepisse,
795 1647 851 1691 ut
899 1637 952 1691 in
1008 1639 1231 1708 regiam,
1290 1638 1601 1709 imperatori
1657 1648 1830 1693 custos
1876 1640 2107 1709 futurus,

523 1726 850 1781 ascenderet.
893 1727 1013 1782 Non
1043 1729 1388 1798 approbante
1418 1729 1641 1784 Nicolao
1667 1731 1981 1799 patriarcha
2014 1740 2111 1785 aut

523 1816 883 1882 assentiente,
930 1818 977 1872 is
1011 1793 1178 1889 quem
1225 1817 1479 1873 dicebam
1527 1793 1856 1889 paedagogus
1889 1819 2113 1874 mandat
2147 1793 2188 1847 Β

524 1906 775 1962 Romano
802 1916 863 1962 ut
882 1924 1007 1963 cum
1041 1908 1190 1963 omni
1222 1908 1397 1964 classe
1419 1908 1486 1964 ad
1512 1909 1883 1965 Bucoleonem
1904 1913 2108 1967 veniat.

522 1996 603 2051 Re
630 1997 815 2068 itaque
839 2015 964 2055 cum
988 2000 1104 2056 suis
1126 1999 1433 2056 deliberata
1457 2001 1604 2071 (nam
1629 2001 1862 2072 urgebat
1889 2001 2110 2072 fatum),

525 2085 647 2154 ipso
704 2087 1204 2144 intemeratissimae
1246 2089 1486 2159 Virginis
1534 2107 1599 2146 ac
1652 2092 1748 2148 Dei
1813 2092 2112 2150 Genitricis

523 2176 757 2233 solemni
805 2179 1258 2237 Annuntiationis
1311 2181 1422 2248 die,
1488 2183 1624 2238 feria
1677 2184 1889 2253 quinta,
1944 2202 2108 2241 manu

524 2279 737 2325 armata
768 2285 895 2326 cum
918 2273 1070 2327 omni
1092 2274 1269 2329 classe
1305 2274 1371 2328 ad
1398 2274 1768 2331 Bucoleonem
1799 2277 1972 2342 venit,
2001 2287 2111 2334 sta.-

525 2362 735 2432 timque
766 2364 1030 2435 magister
1056 2365 1370 2436 Stephanus
1394 2382 1425 2423 e
1463 2367 1669 2437 palatio
1703 2370 1961 2425 excessit.
2010 2371 2110 2426 Ni-

522 2461 674 2509 cetas
696 2470 829 2512 vero
854 2456 1142 2526 patricius,
1176 2458 1410 2513 Romani
1438 2475 1726 2525 consocer,
1757 2460 1812 2514 in
1845 2462 2109 2531 palatium

522 2544 827 2600 ascendens
876 2546 1163 2603 Nicolaum
1227 2549 1593 2620 patriarcham
1659 2552 1789 2608 inde
1822 2555 2106 2610 exstrusit.

522 2636 845 2693 Aulicorum
898 2639 1069 2711 igitur
1112 2641 1312 2698 animis
1339 2644 1572 2699 Romani
1615 2646 1979 2717 jurejurando
2012 2648 2108 2701 tir-

524 2724 707 2791 matis,
752 2728 1050 2796 pretiosam
1087 2728 1154 2783 ad
1191 2744 1316 2785 eum
1363 2747 1585 2788 crucem
1646 2734 1884 2789 misere:
1939 2752 2103 2804 quam

523 2815 615 2870 ille
665 2827 979 2887 veneratus,
1025 2820 1339 2893 iterumque
1380 2836 1730 2883 sacramento
1775 2827 2106 2897 interposito

522 2909 687 2965 tidem
737 2911 1108 2985 obstringens,
1160 2929 1297 2972 cum.
1344 2917 1426 2973 eis
1476 2920 1779 2990 paucisque
1838 2920 2104 2976 comitum

521 3004 911 3074 imperatorem
945 3008 1284 3065 salutaturus
1315 3010 1368 3065 in
1393 3012 1659 3082 palatium
1689 3014 1959 3069 ascendit.
2009 3014 2102 3068 ln-

2223 543 2464 611 ἐγένετο,
2496 542 2635 597 ὥστε
2670 543 2764 597 καὶ
2803 544 3042 614 γαμικὸν
3099 546 3455 618 συνάλλαγμα
3479 551 3815 620 ποιήσασθαι

2224 632 2638 703 συνεφώνησαν,
2684 634 2849 688 πλέον
2894 637 2957 688 ἐκ
2990 637 3181 690 τούτου
3218 640 3311 693 τὸν
3352 641 3451 713 τῆς
3484 642 3707 715 ἀγάπης
3729 644 3816 697 δε-

2223 728 2361 797 σμὸν
2399 728 2847 798 ἐπισφίγγοντες.

2292 820 2390 874 κε’.
2418 822 2497 893 Τῇ
2533 823 2753 892 είκοστῇ
2786 823 3024 895 τετάρτῃ
3070 819 3165 878 οῦν
3214 824 3310 879 τοῦ
3356 825 3607 896 Μαρτίου
3647 828 3816 899 μηνὸς

2219 915 2542 970 ἀποστέλλει
2579 917 2862 987 Ῥωμανὸς
2906 919 3164 991 Ἰωάννην
3184 922 3578 994 πρεσσύτερον,
3613 927 3816 979 οἰκεῖον

2219 1007 2371 1078 αύτῷ
2411 1011 2506 1063 καὶ
2552 1012 2877 1065 πιστότατον
2927 1012 3079 1078 ὄντα,
3123 1017 3218 1068 καὶ
3264 1016 3542 1087 Θεόδωρον
3575 1018 3667 1071 τὸν
3695 1020 3818 1073 Μα-

2220 1100 2472 1165 στζούσιν
2498 1101 2796 1172 λεγόμενον
2828 1105 2907 1168 είς
2930 1106 2989 1158 τὸ
3024 1107 3289 1162 παλάτιον
3330 1109 3816 1181 ὑπεραπολογησο-

2221 1192 2436 1263 μένους,
2461 1195 2537 1258 ὡς
2568 1198 2692 1250 Οὐκ
2748 1197 3047 1265 ἀνταρσία
3106 1200 3317 1269 γέγονε
3376 1202 3459 1254 τὸ
3486 1200 3624 1269 παρ’
3676 1202 3811 1270 ἐμοὶ

2215 1282 2587 1353 διαπραχθέν
2614 1301 2627 1316 ·
2660 1287 2823 1341 ἀλλὰ
2840 1288 2957 1356 τὴν
2984 1289 3091 1344 τοῦ
3122 1289 3299 1348 Φωκᾶ
3332 1292 3611 1346 ἐπίθεσιν
3658 1296 3811 1361 ὑφο-

2207 1378 2498 1448 ρώμενος,
2526 1379 2627 1433 καί
2654 1379 2866 1445 δεδιὼς
2881 1381 2967 1450 μή
2990 1399 3045 1435 τι
3070 1382 3441 1452 νεωτερισθῇ
3466 1383 3603 1453 παρ’
3620 1385 3812 1439 αὑτοῦ

2214 1472 2301 1537 εἰς
2323 1470 2432 1525 τὸν
2453 1471 2742 1538 βασιλέα,
2776 1474 2994 1528 τούτου
3026 1473 3240 1529 ἕνεκεν
3292 1475 3577 1530 ἀνελθεῖν
3614 1478 3683 1529 ἐν
3730 1476 3812 1542 τῷ

2215 1563 2488 1631 παλατὰρ
2518 1566 2927 1636 βεϐούλευμαι
2986 1566 3087 1620 καὶ
3132 1565 3248 1633 τὴν
3293 1566 3591 1635 φυλακὴν
3616 1567 3809 1620 ποιεῖ-

2213 1660 2355 1711 σθαι
2376 1657 2482 1711 τοῦ
2495 1657 2822 1725 βασιλέως.
2845 1657 2935 1729 Μὴ
2954 1658 3402 1722 συνευδοκοῦντος
3420 1659 3513 1712 οῦν
3534 1658 3806 1712 Νικολάου

2213 1748 2308 1803 τοῦ
2359 1750 2703 1822 πατριάρχου
2772 1750 3008 1819 τούτοις,
3052 1751 3303 1822 ἐμηνύθη
3350 1751 3619 1822 Ῥωμανῷ
3655 1753 3811 1823 παρά

2214 1841 2309 1894 τοῦ
2374 1842 2638 1913 ῥηθέντος
2688 1843 3047 1913 παιδαγωγοῦ
3094 1842 3190 1897 τοῦ
3235 1842 3413 1897 ἐλθεῖν
3446 1843 3583 1913 μετὰ
3616 1844 3807 1897 στόλου

2218 1935 2419 1998 παντὸς
2452 1935 2613 2006 μέχρι
2663 1936 2757 1989 τοῦ
2814 1935 3226 2000 Βουκολὲοντος.
3267 1938 3366 1999 Ὃς
3400 1937 3538 2006 μετὰ
3564 1936 3647 2007 [Ρ.
3679 1933 3807 2007 572]

2214 2023 2325 2087 τῶν
2352 2026 2450 2079 σὺν
2480 2024 2630 2096 αὐτῷ
2659 2024 3095 2095 βουλευσάμενος
3135 2023 3215 2093 (τὸ
3245 2024 3354 2095 γὰρ
3382 2024 3516 2092 ἄγον
3545 2019 3680 2094 ἦγεν
3710 2025 3810 2076 αὒ-

2214 2120 2327 2187 τὸν)
2359 2121 2425 2190 τῇ
2478 2119 2663 2190 ἡμέρᾳ
2719 2118 2813 2172 τοῦ
2867 2117 3290 2188 Εὐαγγελισμοῦ
3341 2118 3443 2187 τῆς
3498 2115 3808 2188 ὁπεραγίας

2214 2210 2479 2265 Θεοτόκου
2510 2209 2573 2282 (ε’
2618 2212 2679 2265 δὲ
2736 2207 2826 2282 ἦν)
2885 2207 3049 2281 ἦλθεν
3095 2210 3321 2273 ἔνοπλος
3360 2211 3476 2279 ἅμα
3508 2208 3587 2279 τῷ
3633 2209 3808 2280 στόλῳ

2215 2305 2378 2359 παντὶ
2420 2306 2477 2358 ἐν
2515 2304 2597 2375 τῷ
2631 2305 3003 2358 Βουκολέοντι.
3058 2304 3170 2357 Καὶ
3222 2304 3472 2373 παρευθὺ
3531 2304 3809 2373 Στέφανος

2217 2397 2319 2467 μὲν
2376 2397 2680 2466 μάγιστρος
2734 2394 2925 2466 ἐξῆλθε
2953 2393 3047 2448 τοῦ
3091 2394 3383 2461 παλατίου,
3419 2394 3667 2464 Νικήτας
3694 2393 3752 2446 δὲ
3778 2395 3808 2446 6

2213 2489 2505 2561 πατρίκιος
2535 2491 2562 2542 ὁ
2588 2488 2965 2559 συμπένθερος
3012 2488 3299 2557 Ῥωμανσῦ
3342 2486 3580 2540 ἀνελθὼν
3640 2487 3699 2539 ἐν
3728 2484 3808 2555 τῷ

2214 2582 2463 2653 παλατίῳ
2492 2582 2763 2651 ἐξήγαγεν
2799 2579 3009 2633 ἐκεῖθεν
3024 2578 3294 2632 Νικόλαον
3316 2578 3409 2631 τὸν
3433 2596 3540 2631 πατ
3552 2578 3804 2649 ριάρχην.

2213 2678 2442 2747 Ὃρκοις
2492 2670 2587 2729 οῦν
2645 2673 3042 2744 βεϐαιωθέντες
3094 2673 3144 2725 οί
3194 2670 3289 2724 τοῦ
3327 2670 3599 2724 παλατίου
3653 2666 3808 2737 παρά

2222 2767 2505 2839 Ῥωμανοῦ
2555 2767 2889 2821 ἀπέστειλαν
2924 2765 3074 2835 αὐτῷ
3132 2765 3225 2818 τὸν
3288 2764 3472 2832 τίμιον
3534 2760 3805 2831 σταυρὸνο

2211 2863 2307 2915 καὶ
2348 2862 2735 2931 προσκυνήσας
2796 2860 2960 2912 αὑτὸν
3006 2859 3100 2910 καὶ
3144 2858 3327 2925 ὅρκοις
3363 2853 3669 2925 βεϐαιώσας
3704 2854 3804 2906 αύ-

2206 2954 2335 3017 τοὺς
2370 2953 2571 3023 ἀνῆλθε
2600 2955 2718 3022 μετ’
2749 2952 2931 3006 αὐτῶν
2969 2953 3027 3004 ὲν
3054 2950 3134 3020 τῷ
3177 2949 3429 3018 παλατίῳ
3476 2946 3573 3000 καὶ
3607 2946 3806 3013 ὀλίγων

2209 3048 2390 3101 τινῶν.
2426 3044 2822 3118 Προσκυνήσας
2855 3044 2947 3097 τὸν
2997 3042 3223 3114 βασιλέα
3253 3043 3348 3095 καὶ
3392 3038 3652 3094 εἰσελθὼν
3683 3036 3804 3107 μετ’

519 3112 849 3169 gressusque
891 3115 1017 3155 cum
1067 3117 1134 3156 eo
1188 3102 1243 3156 in
1293 3104 1558 3174 templum
1615 3106 1761 3174 quod
1818 3106 1872 3160 in
1924 3106 2104 3161 Pharo

2212 3140 2375 3192 αὑτοῦ
2416 3102 2492 3191 ὲν.
2508 3138 2585 3208 τῷ
2616 3102 2731 3207 ναῷ
2763 3136 2841 3205 τῷ
2880 3138 2938 3189 ὲν
2972 3102 3049 3205 τῷ
3090 3135 3243 3205 φὸρῳ
3300 3134 3369 3195 ³⁸,
3428 3131 3523 3185 καλ⁸
3588 3128 3805 3190 πίστεις

516 3198 622 3253 est,
677 3189 918 3262 dataque
968 3192 1047 3251 ibi
1081 3204 1139 3249 et
1170 3204 1397 3265 accepta
1428 3198 1747 3252 securitatis
1789 3197 1918 3262 (ide,
1968 3214 2102 3253 con-

520 3278 701 3334 l'estim
752 3282 1015 3355 magister
1065 3292 1121 3339 et
1171 3300 1403 3356 magnus
1456 3287 1817 3344 hetaariarcha
1866 3289 1936 3343 ab
1984 3291 2103 3361 ipso

518 3369 839 3441 praeﬁcitur.

586 3463 677 3519 26.
731 3463 853 3520 Mox
887 3465 1075 3537 itaque
1111 3467 1278 3523 missa
1312 3468 1379 3524 ad
1413 3464 1653 3524 Leonem
1682 3471 1920 3527 Phocam
1951 3471 2103 3528 diva-

515 3555 586 3611 lis
620 3554 819 3626 jussio,
860 3573 968 3628 qua
1001 3558 1047 3613 is
1075 3559 1227 3613 omni
1254 3559 1557 3616 conﬂandm
1603 3561 1895 3619 seditionis
1932 3564 2102 3619 misso

512 3648 802 3717 proposito
856 3651 1129 3721 tantisper
1165 3650 1314 3706 domi
1350 3652 1636 3722 quiescere
1684 3654 2098 3725 praeciperetur.

516 3738 915 3796 Constantinus
961 3757 1181 3813 quoque
1238 3744 1294 3797 in
1344 3745 1597 3799 eamdem
1648 3747 1844 3801 scribit
1882 3758 2104 3803 senten-

515 3828 689 3895 tiam,
718 3838 773 3884 et
803 3838 862 3885 ut
888 3831 1026 3886 nihil
1065 3832 1231 3904 887
1265 3834 1318 3888 in
1337 3834 1628 3890 adversum
1660 3836 1919 3891 moliatur
1940 3878 1954 3901 ,
2005 3837 2102 3892 sed

516 3920 573 3974 in
594 3918 943 3977 Constantini
975 3922 1326 3991 imperatoris
1367 3926 1715 3995 subjectione
1760 3937 2099 3998 perseveret.

517 4013 789 4083 Acceptas
830 4030 1015 4071 sacras
1064 4016 1406 4087 imperatorii
1460 4020 1707 4075 vestiarii
1753 4020 2103 4090 primicerius

515 4105 765 4161 Andreas
808 4107 876 4161 ad
920 4123 1049 4163 eum
1090 4109 1145 4163 in
1177 4107 1528 4179 Cappadocia
1581 4111 1802 4167 defert:
1859 4115 2103 4184 acceptis

515 4198 607 4253 ille
650 4214 714 4253 ac
744 4200 924 4266 lectis,
961 4202 1189 4257 domum
1225 4219 1285 4257 se
1325 4204 1621 4275 recipiens,
1664 4205 1864 4275 privati
1907 4206 2102 4263 habitu

512 4291 643 4361 egit.

2205 3231 2355 3302 αὐτῷ
2416 3230 2574 3295 δοὺς,
2652 3227 2901 3299 παρευθὺ
2961 3224 3367 3297 προχειρίζεται
3436 3224 3571 3293 παρ’
3636 3217 3804 3274 αὐτοῦ

2208 3324 2512 3395 μάγιστρος
2539 3323 2635 3377 καὶ
2652 3316 2847 3391 ’μέγας
2875 3320 3277 3390 ἐταιρειάρχης.

2279 3494 2393 3560 κς’.
2426 3494 2645 3553 Αὐτίκα¹
2667 3488 2760 3547 οῦν
2783 3494 2977 3562 γέγονε
3012 3491 3132 3545 θεία
3155 3492 3404 3553 κέλευσις
3438 3489 3573 3560 πρὸς
3593 3488 3802 3541 Λέοντα

2206 3589 2296 3642 τὸν
2356 3590 2550 3641 Φωκᾶν
2606 3586 3050 3657 παρεγγυωμένη
3114 3583 3382 3656 μηδαμῶς
3437 3581 3626 3634 στάσιν
3675 3578 3801 3631 τινὰ

2205 3681 2480 3749 ἐννοῆσαι,
2515 3678 2653 3732 ἀλλά
2688 3678 2825 3748 πρὸς
2868 3679 3048 3746 ὀλίγον
3090 3680 3147 3731 ὲν
3211 3676 3291 3746 τῷ
3332 3676 3445 3744 ἰδίῳ
3491 3673 3626 3743 οἴκῳ
3668 3673 3798 3724 ἀνα-

2206 3772 2498 3826 ⁸παύεσθαι.
2536 3769 2813 3833 Ὡσαύτως
2839 3772 2935 3823 καὶ
2964 3771 3269 3842 γράμματα
3300 3766 3596 3836 ἐκελεύσθη
3639 3765 3793 3817 Κων-

2207 3865 2471 3936 σταντίνῳ
2531 3864 3021 3934 παρακοιμωμένῳ
3076 3862 3308 3933 γράψαι,
3335 3860 3404 3913 τὰ
3437 3859 3602 3928 ὅμοια
3647 3854 3797 3925 αὐτῷ

2208 3958 2682 4029 παραγγέλλοντα,
2725 3956 2820 4010 τοῦ
2868 3957 3037 4027 μηδὲν
3098 3954 3347 4010 ἐναντίον
3377 3949 3799 4019 βουλεύσασθαι,

2206 4053 2321 4107 ἀλλ’
2354 4056 2411 4106 ὲν
2444 4053 2695 4121 ὑποταγῇ
2734 4040 2875 4106 εἶναι
2919 4050 3013 4103 τοῦ
3045 4049 3310 4119 βασιλέως
3355 4042 3798 4100 Κωνσταντίνου.

2219 4144 2648 4215 ’Λναλαόόμενος
2676 4138 2770 4197 οἷν
2812 4144 2987 4196 ταῦτα
3022 4142 3276 4212 Ἀνδρέας
3305 4141 3663 4210 πριμικήριος
3701 4134 3798 4189 τοῦ

2210 4238 2493 4309 βασιλικοῦ
2556 4237 2869 4307 βεστιαρίου
2927 4235 3267 4304 ἀπεκόμισεν
3319 4232 3470 4303 αὑτῷ
3516 4230 3691 4285 ταῦτα
3740 4229 3800 4280 ἓν

2208 4329 2579 4400 Καππαδοκίᾳ
2647 4330 2789 4381 ὅντι·
2858 4328 2955 4380 καὶ
3007 4327 3408 4397 ἀναδεξάμενος
3464 4322 3638 4378 ταῦτα
3700 4322 3799 4374 καὶ
3860 4378 3863 4381 ν

2208 4426 2497 4493 ἀναγνοὺς,
2529 4423 2782 4477 ἀπελθὼν
2812 4424 2868 4475 ἐν
2898 4423 2972 4492 τῷ
3009 4423 3126 4494 ἰδίῳ
3155 4423 3289 4493 οἴκῳ
3318 4422 3615 4492 ἡσύχασεν.

585 4485 675 4540 27.
722 4485 925 4552 Quinta
979 4496 1295 4542 sanctorum
1356 4489 1694 4558 jejuniorum
1751 4490 2103 4548 hebdomada

2286 4485 2387 4580 κζ’.
2418 4485 2498 4586 Τ-’Ῑγ
2531 4513 2782 4584 ἐϐδομάδι
2810 4520 2848 4565 ε’
2870 4514 2915 4545 ⁸ο
2945 4485 3053 4567 τῶν
3089 4485 3567 4583 ἀγίο)ν’Νηστειῶν
3599 4509 3802 4563 δίδοται

514 4577 679 4633 datur
734 4594 765 4634 a
800 4578 1164 4635 Constantino
1212 4581 1544 4651 imperatore
1596 4582 1817 4639 Helena:
1866 4584 2099 4643 Romani

519 4669 646 4724 tiliae
695 4678 1015 4725 contractus
1062 4670 1327 4741 nuptialis
1360 4672 1636 4741 arrhabo;
1692 4674 1965 4745 tertiaque
2001 4679 2103 4733 Pa-

517 4764 666 4819 schze
698 4766 884 4835 (quam
904 4763 1183 4820 Galilaeam
1214 4765 1437 4836 vocant)
1458 4748 1865 4822 benedictione
1898 4770 2102 4840 impar-

517 4856 675 4922 titur,
699 4872 919 4927 unaque
952 4872 1077 4912 cum
1115 4857 1206 4911 illa
1234 4871 1264 4911 a
1296 4858 1520 4913 Nicolao
1542 4859 1855 4929 patriarcha
1879 4862 2105 4918 corollis

514 4948 857 5018 nuptialibus
887 4948 1204 5004 redimitur.

580 5040 674 5096 28.
717 5039 968 5096 Romano
1014 5040 1072 5095 in
1132 5042 1487 5111 imperatoris
1543 5053 1758 5115 patrem
1809 5058 2096 5118 provecto,

513 5134 635 5205 ejus
655 5133 778 5190 loco
798 5134 1264 5203 Christophorum
1300 5135 1474 5205 ipsius
1497 5137 1668 5193 ﬁlium
1699 5139 2096 5197 fcederatorum
2142 5160 2145 5163 ‘

514 5227 714 5283 turmis
738 5226 991 5299 praeﬁcit.
1032 5226 1147 5283 Nec
1190 5229 1426 5284 multum
1475 5231 1740 5301 temporis
1766 5231 2097 5292 intercesse-

514 5328 618 5385 rat,
648 5336 774 5375 cum
811 5320 923 5376 Leo
957 5320 1170 5376 Phocas
1197 5321 1563 5392 quorumdam
1583 5339 1875 5395 procerum
1906 5343 1969 5382 ac
1996 5330 2099 5384 tri-

514 5411 791 5467 bunorum
825 5428 993 5469 suasu
1032 5415 1517 5486 subjectarumque
1551 5416 1600 5470 ei
1640 5416 1920 5487 legionum
1965 5421 2097 5476 hor-

512 5513 631 5560 tatu
663 5520 753 5560 res
781 5521 952 5561 novas
980 5507 1207 5561 molitur
1233 5525 1247 5573 ;
1289 5508 1579 5577 accitoque
1603 5508 1967 5568 Constantino
2000 5532 2094 5569 ac-

514 5596 806 5661 cubitore,
860 5606 919 5652 et
964 5596 1329 5654 Constantino
1375 5609 1431 5655 et
1468 5600 1760 5656 Anastasio
1814 5604 2096 5681 Gongyliis

2208 4607 2467 4679 ἀρραϐὼν
2497 4607 2754 4676 γαμικῶν
2812 4607 3278 4677 συναλλαγμάτων
3322 4605 3474 4675 παρά
3509 4605 3804 4656 Κωνσταν-

2209 4701 2359 4754 τίνου
2416 4700 2678 4771 βασιλέως
2723 4699 2914 4773 Ἑλένη
2954 4702 3021 4767 τῇ
3083 4698 3312 4769 θυγατρὶ
3360 4694 3667 4762 Ῥωμανοῦ,
3705 4693 3804 4747 καὶ

2210 4794 2275 4858 τῇ
2301 4791 2461 4861 τρίτῃ
2522 4790 2615 4844 τοῦ
2673 4792 2868 4861 Πάσχα
2912 4794 2976 4861 τῇ
3026 4789 3292 4859 λεγομένῃ
3344 4788 3453 4854 στῆς
3503 4781 3800 4845 Γαλιλαίας

2211 4882 2520 4951 εὐλογεῖται
2571 4883 2666 4935 καὶ
2708 4882 3073 4952 στεφανοῦται
3123 4882 3241 4949 ἅμα
3269 4878 3406 4947 αὐτῇ
3438 4872 3591 4944 παρὰ
3627 4872 3798 4925 Νικο-

2213 4973 2343 5028 λάου
2374 4976 2740 5045 πατριάρχου.

2286 5064 2394 5136 κη¹.
2444 5067 2728 5136 Ῥωμανὸν
2775 5064 3210 5137 βασιλεοπάτορα
3268 5058 3798 5132 προχειρισάμενος,

2210 5160 2326 5216 ἀντ’
2379 5159 2548 5214 αὐτοῦ
2596 5159 2973 5231 Χριστοφόρον
3023 5157 3137 5210 υἱὸν
3182 5154 3348 5208 αὑτοῦ
3408 5150 3799 5221 έταιρειάρχην

2211 5253 2572 5320 κατέστησεν.
2609 5254 2745 5307 Μετ’
2791 5254 2851 5305 σὺ
2881 5250 3017 5303 πολὺ
3048 5250 3105 5302 δὲ
3126 5249 3278 5302 Λέων
3308 5249 3334 5300 ὁ
3358 5246 3553 5306 Φωκᾶς
3579 5245 3796 5312 ἀπατηο

2209 5343 2325 5406 θεὶς
2362 5343 2514 5412 παρά
2540 5341 2600 5393 τέ
2626 5359 2785 5394 τινων
2812 5339 3092 5410 ἀρχόντων
3122 5340 3216 5393 καὶ
3239 5339 3347 5393 τῶν
3379 5334 3545 5390 αὑτοῦ
3582 5330 3799 5401 ταγμά-

2206 5452 2314 5488 των
2336 5434 2472 5502 πρὸς
2499 5433 2801 5505 ἁνταρσίαν
2836 5435 3069 5487 κινεῖται
3087 5450 3099 5462 ⁸
3134 5434 3226 5487 καὶ
3247 5431 3577 5488 ἀποστείλας
3607 5426 3796 5481 ἀνελά-

2207 5525 2335 5579 ϐετο
2356 5522 2497 5578 εἶναι
2529 5526 2627 5577 σὺν
2686 5524 2839 5593 αὐτῷ
2869 5525 2960 5577 τόν
3006 5542 3066 5578 τε
3116 5522 3612 5594 παρακοιμώμενον
3644 5518 3792 5571 Κων-

2210 5620 2489 5674 σταντῖνον
2543 5616 2641 5670 καὶ
2677 5618 3093 5673 Κωνσταντῑνον
3142 5616 3237 5671 καὶ
3279 5613 3631 5670 Ἀναστάσιον
3661 5610 3768 5677 Γογ

1854 5699 2090 5759 VAHM‘J
2139 5706 2545 5764 LECTIUNES.

624 5778 667 5809 ⁸⁸
703 5779 867 5848 Φάρῳ
908 5793 1094 5849 margo
1128 5780 1185 5837 Ρ.
1276 5782 1319 5813 ⁵⁸
1348 5784 1425 5855 Τῇ
1447 5783 1485 5836 ε’
1519 5784 1812 5856 ἑϐδομάδιῖ
