4128 6416
342 308 449 375 M9

1453 301 1648 363 VIT£
1686 296 2247 361 RECENTIORUM
2294 294 2498 356 lMPP.

3509 304 3615 367 950

353 424 562 496 τυλίους
584 424 713 490 τοὺς
732 423 1100 495 αύταδέλφονς
1132 419 1227 475 καὶ
1254 420 1661 477 Κωνσταντῖνον
1688 431 1914 488 πρωτα-

2038 410 2308 484 germanis
2331 410 2624 477 fratribus,
2649 425 2889 468 necnon
2922 412 3288 469 Constantino
3324 429 3354 469 a
3391 429 3624 475 secretis

345 517 615 589 ο-ηκρῆτις
651 517 745 574 τὸν
799 515 1099 582 Μαλελίαν,
1153 510 1515 585 πληροφορῶν
1544 510 1788 573 ἅπαντας
1830 508 1925 562 καὶ

340 609 581 682 βεϐαιῶν
611 612 688 675 ὼς
721 610 862 682 ὑπὲρ
910 609 1006 665 τοῦ
1060 606 1324 680 βασιλέως
1367 603 1789 659 Κωνσταντξνου
1825 602 1924 672 τὴν

342 701 602 774 τοιαύτην
627 704 868 757 ποιεῖται
926 699 1268 771 συγκίνησιν.
1304 697 1586 768 Ῥωμανδς
1619 695 1677 749 δὲ
1708 698 1736 750 6
1767 693 1925 766 βασι-

340 791 626 866 λεοπάτωρ
647 792 1047 866 χρυσοϐούλλια
1086 792 1321 863 ποιήσας
1372 788 1733 860 ὲννπόγραφα
1766 788 1841 852 ὼς
1862 789 1925 842 ἐκ

342 881 635 957 προσώπου
661 884 759 941 τοῦ
797 885 1061 957 βασιλέως
1087 880 1525 946 Κωνσταντίνου,
1550 881 1649 952 τῆς
1669 879 1926 952 τοιαύτης

338 977 633 1049 ὲπιόουλῆς
700 977 1022 1049 ἀνατροπὴν
1073 974 1421 1046 περιέχοντα,
1483 972 1577 1027 καί⁵
1622 972 1699 1037 ὡς
1747 974 1797 1025 oi
1832 970 1927 1025 τὸν

339 1072 532 1125 Φωκᾶν
560 1072 1093 1142 καταλιμπάνοντες,
1114 1068 1190 1141 τῷ
1215 1067 1425 1138 βασιλεῖ
1453 1066 1511 1120 δὲ
1547 1064 1924 1137 προσφεύγονο

335 1178 429 1225 τες
457 1160 540 1235 [Ρ.
576 1144 704 1235 575]
756 1162 899 1233 ὑπὲρ
954 1160 1047 1214 τοῦ
1106 1160 1366 1231 βασιλέως
1412 1159 1573 1223 εἰσὶν,
1605 1158 1730 1223 δοὺς
1758 1159 1928 1231 Ἀννῃ

333 1249 445 1301 τινὶ
500 1249 726 1317 γυναικὶ
782 1248 992 1304 ἀναιδεῖ
1029 1248 1119 1302 καὶ
1150 1247 1380 1320 θρασείᾳ
1424 1246 1518 1300 καὶ
1544 1244 1793 1316 κληρικῷ
1821 1261 1927 1297 τινι

333 1340 555 1411 Μιχαὴλ
586 1341 645 1394 ὲν
674 1339 753 1412 τῷ
804 1339 970 1394 αὐτοῦ
1019 1338 1372 1409 στρατοπέδῳ
1407 1335 1735 1407 ἐξέπεμψεν.
1772 1336 1835 1388 Οἱ
1871 1334 1926 1388 δὲ

333 1430 510 1486 ταῦτα
556 1431 955 1502 ἀναλαϐόμενοι
1002 1430 1321 1500 διέσπειραν
1368 1428 1532 1483 παντὶ
1580 1427 1659 1497 τῷ
1690 1426 1928 1497 στρατῷ.

331 1524 447 1577 Καὶ
497 1526 527 1578 6
583 1523 685 1596 μὲν
741 1523 962 1595 Μιχαὴλ
994 1522 1269 1594 φωραθεὶς
1308 1521 1461 1593 παρὰ
1490 1520 1585 1575 τοῦ
1643 1521 1807 1574 Φωκᾶ
1837 1518 1930 1572 καὶ

336 1614 584 1686 ἀνηλεῶς
615 1615 843 1685 τυφθεὶς
871 1617 969 1686 τήν
997 1632 1056 1669 τε
1089 1617 1209 1687 ῥῖνα
1238 1615 1331 1669 καὶ
1361 1614 1428 1669 τὰ
1449 1608 1564 1669 ὦτα
1590 1610 1883 1683 ἀπετμήθη
1911 1627 1925 1644 ν

333 1706 395 1771 ὃς
423 1707 562 1779 μετὰ
591 1706 763 1761 ταῦτα
781 1708 930 1780 παρὰ
945 1706 1230 1779 Ῥωμανοῦ
1250 1708 1347 1779 τῆς
1382 1707 1770 1779 προσηκούσης
1804 1705 1925 1759 ἔτυ-

2029 504 2211 576 primo
2268 502 2561 560 Maleliano
2592 542 2608 570 ,
2656 503 2877 559 cunctis
2925 503 3261 574 persuadere
3317 507 3516 563 nititur
3564 511 3620 565 in

2027 596 2259 667 gratiam
2295 594 2646 653 Constantini
2698 595 3052 666 imperatoris
3073 612 3195 653 eam
3234 612 3293 654 se
3320 600 3621 658 motionem

2028 688 2233 744 facere.
2308 688 2590 744 Romanus
2647 698 2783 743 vero
2844 688 3199 759 imperatoris
3248 700 3407 761 pater
3453 692 3623 749 bullis

2028 781 2215 837 aureis
2248 795 2313 838 ac
2363 781 2685 852 diplomatis
2731 781 3142 853 subscriptione
3176 782 3426 851 munitis,
3463 786 3623 856 quasi

2028 888 2095 929 ex
2144 873 2493 931 Constantini
2543 873 2897 945 imperatoris
2952 890 3234 945 persona,
3299 874 3506 945 quibus
3556 889 3623 929 ea

2031 968 2247 1023 molitio
2291 968 2675 1034 evertebatur,
2719 983 2929 1038 eosque
2976 969 3070 1039 qui
3112 970 3293 1025 Phoca
3336 969 3528 1024 relicto
3552 968 3621 1023 ad

2030 1058 2423 1128 imperatorem
2485 1058 2853 1130 confugerent
2920 1060 2988 1115 ab
3038 1061 3209 1131 888
3273 1062 3622 1132 imperatoris

2029 1161 2174 1206 stare
2198 1151 2450 1221 partibus
2474 1151 2909 1223 signiﬁcabatur,
2950 1152 3136 1217 editis,
3184 1154 3471 1225 Annatque
3499 1156 3621 1211 cui-

2028 1226 2154 1296 dam
2182 1240 2404 1297 eilronti
2434 1242 2654 1297 mulieri
2680 1258 2744 1298 ac
2780 1243 3110 1309 temerariae,
3146 1260 3248 1299 nec
3278 1260 3387 1299 non
3420 1245 3623 1301 clerico

2029 1333 2248 1389 euidam
2274 1334 2526 1390 Michaeli
2554 1335 2778 1389 nomine
2808 1322 3158 1401 contraditis,
3193 1336 3247 1390 in
3293 1336 3498 1393 Leonis
3531 1354 3623 1392 ea-

2031 1433 2144 1479 stra
2192 1425 2396 1481 emisit.
2453 1424 2519 1480 Hi
2564 1436 2788 1496 accepta
2842 1426 3144 1496 diplomata
3180 1426 3236 1481 in
3264 1442 3484 1483 omnem
3515 1428 3622 1485 late

2031 1518 2337 1573 exercitum
2381 1518 2695 1574 clanculum
2738 1528 3082 1590 sparserunt.
3122 1519 3200 1575 Ac
3233 1520 3463 1575 Michael
3504 1521 3625 1590 quis

2033 1606 2158 1662 dem
2212 1623 2245 1663 a
2302 1608 2485 1665 Phoca
2536 1608 2919 1678 deprehensus
2973 1608 3237 1679 durisque
3297 1611 3626 1669 verberibus

2033 1698 2317 1766 subactus,
2375 1716 2511 1757 naso
2558 1701 2899 1773 auribusque
2948 1703 3216 1759 multatus
3259 1712 3363 1759 est.
3420 1704 3623 1759 Verum

334 1820 430 1873 χεν
464 1800 699 1873 ἀμοιϐῆς
727 1817 739 1831 ·
795 1799 1060 1865 ὡσαύτως
1094 1799 1191 1855 καὶ
1241 1801 1274 1871 ή
1322 1800 1421 1855 σὺν
1463 1797 1617 1870 αὐτῷ
1669 1798 1925 1852 σταλεῖσα

2038 1791 2078 1847 is
2112 1800 2302 1861 postea
2345 1809 2373 1847 a
2402 1794 2653 1849 Romano
2704 1794 3126 1851 convenientem
3155 1795 3328 1849 vicem
3357 1810 3625 1852 consecu—

334 1895 500 1966 γυνή.

409 2089 511 2145 κθ’.
543 2088 766 2162 Πρῶτος
798 2084 892 2144 οὖν
920 2090 948 2142 6
984 2091 1097 2154 υίὸς
1119 2086 1212 2142 τοῦ
1245 2088 1467 2160 Βαρέως
1498 2090 1722 2159 Μιχαὴλ
1762 2092 1922 2145 Κων-

336 2181 617 2243 σταντῖνος
664 2178 707 2211 δ’
745 2177 1069 2232 καταλιπὼν
1122 2179 1214 2232 τὸν
1283 2177 1481 2231 Φωκᾶν
1521 2178 1601 2249 τῷ
1660 2178 1925 2249 Ῥωμανῷ

334 2273 743 2345 προσέδραμεν,
775 2270 919 2343 ἀρχὴ
942 2267 1183 2340 γεγονὼς
1222 2267 1578 2332 καταλύσεως
1608 2269 1707 2341 τῆς
1740 2270 1924 2323 τοιαύ-

335 2380 438 2435 της
464 2362 763 2433 ἅνταρσίας
791 2361 890 2415 καὶ
946 2358 1286 2432 τυραννίδος.
1333 2360 1438 2413 Σὺν
1496 2359 1647 2429 αύτῷ
1675 2358 1730 2413 δὲ
1771 2359 1864 2413 καὶ
1900 2361 1927 2414 6

334 2454 635 2520 Βαλάντιος
682 2456 776 2508 καὶ
806 2456 833 2507 6
866 2452 1162 2524 λεγόμενος
1198 2451 1547 2524 ’Λτζμωρος,
1589 2453 1926 2523 τουρμάρχοι

333 2548 491 2612 δντες
519 2546 1026 2619 ἀμφότεροι..Δέων
1053 2545 1147 2601 οὖν
1176 2547 1204 2600 6
1232 2547 1428 2608 Φωκᾶς
1449 2545 1588 2616 μετὰ
1615 2546 1744 2599 λαοῦ
1775 2546 1927 2599 πλεί-

337 2656 469 2693 στου
497 2638 735 2711 ἰσχυρῶς
797 2636 1257 2708 καθωπλισμένον
1294 2640 1351 2690 ὲν
1383 2637 1728 2708 Χρυσοπόλει
1753 2653 1928 2691 κατα-

334 2728 521 2783 λαϐὼν
571 2729 821 2801 διέστησε
877 2727 1214 2800 παρατάξεις
1241 2727 1348 2780 ἀπὸ
1381 2726 1481 2797 τῆς
1522 2725 1729 2795 λιθίνης
1751 2725 1926 2796 δαμά-

336 2822 478 2886 λεως
534 2819 697 2893 μέχρι
733 2820 1101 2893 Χαλκηδόνος,
1147 2820 1275 2883 τοὺς
1316 2820 1372 2871 ὲν
1419 2821 1484 2889 τῇ
1531 2819 1683 2871 πόλει
1720 2819 1925 2889 φοϐῶν.

348 2906 896 2969 ’Δποστέλλεταιόὖν
948 2913 1088 2983 μετὰ
1115 2912 1393 2984 δρόμωνος
1441 2912 1594 2981 παρὰ
1644 2910 1928 2980 Ῥωμανοῦ

337 3002 569 3075 Συμεὼν
616 3005 645 3058 6
690 3002 785 3057 τοῦ
840 3002 1177 3066 κανικλείου,
1218 3001 1377 3070 λόγον
1421 3000 1801 3072 ἐνυπόγραφον
1835 3003 1929 3055 τοῦ

339 3097 607 3169 βασιλέως
676 3096 1093 3151 Κωνσταντίνου
1144 3094 1539 3167 ἐπιφερόμενος
1580 3095 1711 3163 ,τάδε
1745 3096 1930 3163 διαγο-

343 3191 594 3261 ριύοντα.

410 3322 478 3377 λ’.
516 3322 603 3388 Ὠς
655 3322 800 3393 Ἐγὼ
823 3323 1068 3391 φύλακα
1098 3319 1210 3388 τῆς
1233 3320 1383 3390 ἐμῆς
1411 3322 1737 3386 ,βασιλείας
1766 3321 1938 3389 ἐγρη-

341 3416 679 3485 γορώτατον
708 3413 804 3468 καὶ
849 3413 1265 3468 εὐνούστατον
1298 3413 1395 3467 καὶ
1429 3413 1797 3465 πιστότατον
1836 3412 1939 3464 οὑ-

342 3505 489 3561 δένα
506 3506 626 3561 τῶν
649 3508 767 3562 ὑπὸ
814 3506 982 3576 χεῖρα
1030 3506 1068 3574 ἢ
1109 3504 1416 3575 Ῥωμανὸν
1442 3503 1714 3573 εὑρηκὼς
1752 3504 1940 3568 τούτῳ

343 3600 460 3668 τὴν
480 3600 636 3669 ἐμὴν
667 3599 955 3669 φυλακὴν
980 3602 1130 3667 μετὰ
1158 3599 1308 3653 Θεὸν
1334 3598 1805 3662 κατεπίστευσα,
1838 3597 1935 3651 καὶ

342 3691 479 3746 ἀντὶ
507 3692 732 3760 πατρὸς
759 3690 949 3744 αὐτὸν
975 3691 1142 3759 ἔχειν
1184 3693 1414 3759 ἔκρινα,
1467 3689 1796 3758 σπλάγχνα
1824 3704 1938 3742 πα-

342 3785 518 3853 τρικὰ
568 3784 669 3838 καὶ
707 3783 982 3839 διάθεσιν
1027 3785 1280 3852 γονικὴν
1322 3784 1474 3850 πρὸς
1505 3784 1610 3852 ἐμὲ
1656 3782 1932 3845 ἐνδειξά-

340 3894 550 3948 μενον.
581 3877 811 3931 Λέοντα
850 3875 919 3928 δὲ
949 3875 1167 3929 τοῦτον
1214 3874 1317 3927 τὸν
1353 3873 1564 3929 Φωκιῐν
1587 3874 1682 3929 ἀεὶ
1720 3873 1795 3942 τῇ
1824 3872 1939 3942 ἐμῇ

339 3969 635 4038 ,βασιλείᾳ
688 3968 1048 4025 ὑποπτεύων
1094 3967 1514 4021 ἐπιϐουλεύειν
1582 3965 1700 4020 νῦν
1743 3966 1939 4037 ἔργοις

346 4062 554 4130 αὐτοῖς
598 4062 926 4117 ἐπίϐουλον
978 4059 1205 4129 εὕρηκα
1248 4059 1347 4114 καὶ
1404 4056 1513 4126 τῆς
1558 4057 1710 4127 ἐμῆς
1742 4057 1938 4128 ἀρχῆς

349 4151 719 4221 τυραννικῶς
744 4150 1243 4220 ἐξανιστάμενον.
1284 4148 1378 4202 Διὸ
1407 4148 1545 4202 οὔτε
1574 4146 1939 4217 δομέστικον

348 4241 669 4297 αὑτόνάπό
687 4240 795 4297 τοῦ
838 4241 957 4295 νῦν
976 4233 1132 4294 εἶναι
1165 4238 1487 4317 βούλομαι,
1537 4237 1675 4291 οὔτε
1702 4236 1772 4290 δὲ
1798 4239 1935 4292 rat}-

348 4348 465 4400 την
486 4333 605 4402 τὴν
618 4332 1116 4402 ἀνταρσίανμετὰ
1138 4330 1383 4399 ,βουλῆς
1403 4329 1552 4399 ἐμῆς
1570 4328 1937 4399 πεπραχέναι

350 4425 521 4495 φημί,
547 4425 687 4481 ἀλλ’
719 4423 1052 4493 αὐθαιρέτῳ
1082 4422 1286 4495 γνώμῃ
1315 4422 1546 4490 ταύτην
1568 4420 1936 4490 ποιήσασθαι

2026 1892 2117 1940 tus
2150 1892 2272 1951 est;
2326 1886 2586 1942 similiter
2626 1902 2849 1957 quoque
2902 1903 3011 1942 una
3060 1903 3186 1943 cum
3213 1887 3308 1941 illo
3350 1889 3625 1944 submissa

2028 1976 2247 2031 mulier.

2096 2089 2188 2143 29.
2236 2091 2452 2147 Primus
2494 2093 2681 2163 itaque
2732 2094 3131 2151 Constantinus
3172 2095 3311 2167 Bary
3346 2095 3629 2152 Michaelis

2027 2178 2192 2246 ﬁlius,
2218 2181 2411 2238 relicto
2433 2183 2614 2239 Pboca
2646 2185 2713 2240 ad
2745 2185 3056 2240 Romanum
3088 2186 3386 2251 transiens,
3410 2188 3627 2258 ejusce-

2027 2272 2175 2328 modi
2202 2272 2529 2331 defectionis
2565 2277 2939 2333 convellendae
2990 2294 3063 2334 ac,
3091 2279 3409 2334 rebellionis
3440 2290 3631 2335 auctor

2028 2363 2152 2418 fuit.
2214 2362 2400 2420 Secuti
2453 2367 2620 2421 etiam
2676 2367 2964 2423 Balantius
3004 2378 3059 2424 et
3098 2371 3413 2436 Atzmorus,
3462 2386 3627 2440 quem

2026 2462 2249 2521 vocant,
2284 2456 2385 2526 ipsi
2419 2472 2641 2527 quoque
2676 2458 2839 2513 ambo
2866 2458 3096 2513 tribuni.
3161 2459 3270 2512 Leo
3296 2459 3459 2530 igitur
3481 2460 3627 2515 Plio-

2031 2562 2142 2614 cas,
2177 2564 2288 2618 quo
2319 2548 2495 2603 frctus
2523 2559 2666 2612 erat,
2695 2551 2901 2621 ingenti
2927 2552 3076 2605 omni
3113 2567 3395 2606 armorum
3427 2568 3631 2622 genere

2032 2638 2211 2693 valide
2250 2639 2519 2694 instructo
2562 2641 2807 2695 exercitu
2837 2681 2850 2703 ,
2906 2640 3289 2713 Chrysopolim
3338 2643 3567 2698 veniens
3592 2660 3641 2697 at

2032 2728 2274 2785 Juvenca
2312 2730 2527 2800 lapidea
2563 2730 2973 2788 Cbaleedonem
3021 2749 3196 2804 usque
3246 2734 3313 2789 ad
3359 2744 3630 2790 terrorem

2031 2821 2244 2877 civibus
2281 2822 2662 2880 incutiendum
2690 2825 2801 2880 late
2832 2826 3005 2880 aciem
3044 2826 3361 2896 explicavit.
3402 2826 3659 2882 Interim,

2034 2928 2162 2967 vero
2185 2914 2387 2968 missus
2410 2930 2440 2968 a
2468 2914 2719 2970 Romano
2752 2927 2876 2969 cum
2906 2915 3093 2970 celoce
3130 2916 3365 2987 Symeon
3409 2919 3629 2974 caniclii

2035 3005 2323 3075 prmleclus
2357 3022 2479 3062 cum
2503 3008 2701 3063 litteris
2731 3008 3081 3064 Constantini
3108 3009 3462 3079 imperatoris
3494 3008 3628 3065 sub~

2042 3098 2345 3167 scriptione
2383 3099 2633 3154 munitis.
2669 3100 3006 3154 Litterarum
3028 3100 3121 3155 hic
3145 3110 3265 3155 erat
3299 3108 3477 3164 tenor,
3514 3101 3643 3155 haec

1990 3194 2003 3209 ‘
2043 3192 2337 3243 sententia.

2114 3326 2201 3379 30.
2263 3326 2396 3380 Cum
2429 3327 2595 3381 alium
2640 3326 2899 3384 neminem
2939 3330 3315 3385 dominationis
3383 3348 3511 3385 mea:
3570 3348 3634 3385 ac

2044 3418 2342 3489 majestatis
2406 3419 2800 3490 vigilantiorem
2869 3426 3141 3494 magisque
3211 3424 3518 3478 benevolum
3571 3438 3635 3477 ac

2041 3508 2336 3576 ﬁdeliorem
2377 3513 2667 3577 custodem,
2702 3514 2840 3569 inter
2886 3532 3066 3569 omnes
3101 3518 3188 3585 qui
3233 3532 3359 3570 mete
3415 3516 3632 3569 ditionis

2041 3609 2186 3663 sunt,
2243 3618 2306 3654 ac
2340 3601 2583 3673 imperio'
2616 3620 2802 3673 parem
2852 3603 3093 3659 Romano
3134 3606 3469 3675 oﬂ‘enderem,
3517 3604 3636 3657 huic

2044 3694 2330 3747 secundum
2356 3691 2525 3748 Deum
2556 3696 2657 3748 mei
2678 3696 2979 3750 custodiam
3003 3697 3275 3761 commisi;
3307 3706 3353 3748 et
3390 3704 3444 3748 ut
3470 3696 3637 3764 putris

2047 3783 2159 3838 loco
2181 3784 2449 3850 haberem,
2487 3803 2661 3855 opera:
2683 3789 2912 3855 pretium
2942 3789 3089 3851 duxi,
3124 3788 3213 3857 qui
3243 3796 3467 3856 paterna
3494 3789 3639 3841 inme

2042 3877 2242 3930 viscera
2289 3894 2712 3948 propensumque
2762 3880 3015 3949 genitoris
3051 3881 3289 3931 animum
3325 3878 3638 3931 exhibuerit.

2042 3964 2268 4019 Leonem
2308 3982 2437 4021 vero
2466 3970 2603 4022 hunc
2648 3968 2881 4023 Phocam
2919 3985 3038 4021 cum
3072 3983 3279 4037 semper
3302 3968 3475 4038 889
3505 3985 3634 4022 mea:

2043 4054 2317 4123 majestati
2340 4066 2641 4125 suspectum
2680 4056 2976 4118 habuerim,
3023 4072 3163 4109 nunc
3198 4071 3254 4108 re
3288 4057 3406 4124 ipsa
3451 4058 3639 4109 insidia

2044 4145 2280 4200 diantem
2317 4147 2495 4201 inveni
2518 4188 2531 4213 ,
2570 4160 2615 4201 et
2648 4151 2737 4218 qui
2776 4149 2831 4202 in
2864 4164 3038 4201 meum
3062 4150 3336 4218 tyrannice
3359 4150 3641 4219 imperium

2044 4239 2417 4294 insurrexerit.
2464 4241 2817 4304 Quamobrem
2854 4257 2945 4293 nec
2974 4241 3311 4295 domesticum
3356 4257 3474 4293 eum
3502 4240 3642 4293 dein-

2040 4347 2157 4403 ceps
2202 4348 2312 4386 esse
2358 4333 2511 4396 volo,
2544 4350 2710 4405 neque
2754 4335 2891 4388 hanc
2919 4349 3031 4388 meo
3046 4334 3205 4404 jussu
3244 4333 3475 4387 orditum
3515 4350 3637 4387 eum

2043 4425 2206 4481 telam
2250 4444 2496 4498 agnosco,
2535 4428 2624 4482 sed
2664 4429 2831 4499 ipsum
2863 4446 2895 4483 a
2924 4445 2979 4482 se
3015 4428 3258 4499 ultroque
3286 4428 3551 4499 grassari,
3584 4434 3642 4479 ut

352 4518 468 4585 τὴν
495 4517 787 4579 ἐπίθεσιν,
854 4515 1049 4583 ἐαυτῷ
1083 4514 1200 4583 τὴν
1231 4515 1563 4579 ,ϐασιλείαν
1597 4514 1933 4585 σφετεριζό-

2040 4519 2095 4573 ἰη
2146 4536 2202 4573 se
2250 4536 2430 4573 rerum
2472 4536 2736 4574 sumntum
2793 4520 3119 4589 transferat,
3180 4520 3480 4590 pronuntio.
3546 4518 3643 4571 llis

347 4627 557 4680 μενον.
590 4609 810 4664 Τούτων
863 4608 959 4663 οὖν
1005 4607 1083 4678 τῷ
1114 4607 1230 4678 λαῷ
1265 4608 1801 4675 ύπαναγνωσθὲντων
1837 4608 1939 4679 ηρ-

355 4703 517 4769 ξαντο
590 4704 792 4766 πάντες
855 4701 1166 4772 ὑποχωρεῖν
1236 4702 1331 4753 καὶ
1385 4699 1466 4771 τῷ
1522 4700 1944 4773 βασιλεοπάτορι

356 4796 729 4867 προσρύεσθαι
768 4794 1058 4867 Ῥωμανῷ.
1088 4793 1196 4848 Τοῦ
1226 4794 1283 4847 δὲ
1324 4794 1490 4847 saxa
1530 4794 1611 4856 εἰς
1659 4795 1948 4865 ἀμήχανον

356 4890 721 4960 περιστάντος
750 4887 847 4943 καὶ
871 4888 1202 4956 ἀπογνόντος
1231 4886 1306 4949 ὡς
1337 4887 1518 4956 πάσης
1546 4886 1759 4950 ἐλπίδος
1793 4888 1946 4957 ηστο-

356 4978 609 5051 χηκότος,
638 4979 734 5033 καὶ
769 4981 917 5050 φυγῇ
942 4977 1293 5049 χρησαμένου
1325 4977 1420 5030 καὶ
1450 4975 1588 5047 πρὸς
1617 4976 1676 5028 τὸ
1710 4975 1948 5047 κάστρον

370 5071 592 5134 ’Δτεοῦς
622 5070 1073 5142 παραγενομένου
1102 5070 1196 5124 καὶ
1228 5070 1303 5141 μὴ
1331 5055 1631 5138 δεχθέντος,
1660 5067 1946 5122 ἀπέστειλε

369 5166 653 5235 Ῥωμανὸς
729 5164 966 5235 ιωάννην
982 5163 1270 5233 Τουόἀκην
1297 5161 1392 5217 καὶ
1430 5162 1635 5216 Λέοντα
1661 5161 1752 5214 τὸν
1777 5160 1945 5214 αὑτοῦ

361 5259 604 5328 συγγενῆ
639 5258 781 5313 ὥστε
814 5260 1130 5326 εἰσαγαγεῖν
1182 5257 1344 5312 αὐτὸν
1387 5258 1445 5309 ὲν
1474 5259 1539 5327 τῇ
1588 5255 1764 5308 πόλει.
1796 5256 1861 5308 Ol.
1888 5255 1947 5307 δὲ

360 5349 557 5403 τοῦτον
583 5351 962 5421 κρατήσαντες
1020 5348 1442 5418 ἀπετύφλωσαν,
1466 5348 1644 5401 καίτοι
1677 5347 1947 5418 μηδεμίαν

361 5440 498 5511 περὶ
542 5438 736 5493 τούτου
793 5440 1078 5510 δεξάμενοι
1140 5438 1359 5509 ἐντολὴν
1385 5480 1398 5502 ,
1469 5439 1583 5493 ἀλλ’
1636 5438 1949 5511 αὐθαιρέτῳ

2041 4612 2229 4682 itaque
2270 4611 2538 4666 audiente
2577 4612 2826 4667 exercitu
2881 4612 3037 4667 lectis
3086 4613 3306 4675 litteris,
3356 4619 3645 4682 coeperunt

2044 4718 2239 4759 omnes
2265 4704 2527 4759 recedere
2557 4715 2612 4758 et
2629 4704 2697 4759 ad
2721 4704 3073 4774 imperatoris
3094 4717 3306 4774 patrem
3336 4704 3639 4759 conﬂuere.

2047 4796 2259 4852 Phocas
2310 4806 2493 4852 autem
2545 4796 2761 4852 consilii
2791 4797 2952 4865 inops
2998 4796 3276 4866 rebusque
3309 4794 3640 4866 desperatis,

2052 4898 2113 4944 ut
2143 4890 2230 4944 cui
2260 4904 2422 4945 omne
2445 4889 2740 4944 consilium
2772 4903 2990 4944 cassum
3019 4887 3229 4953 ivisset,
3254 4888 3487 4942 salutem
3516 4886 3642 4957 fuga

2057 4997 2311 5054 quairens
2337 5022 2351 5047 ,
2406 4981 2473 5036 ad
2524 4988 2768 5036 castrum
2802 4982 2975 5037 Ateus
2999 4995 3122 5035 cum
3160 4979 3433 5045 venisset,
3458 4993 3526 5033 eo
3566 4994 3646 5033 re-

2056 5075 2249 5144 pulsus
2293 5083 2397 5130 est.
2447 5073 2596 5129 Misit
2633 5073 2820 5143 itaque
2853 5072 3137 5127 Romanus
3158 5072 3423 5127 Joannem
3454 5069 3641 5124 Tuba-

2056 5180 2175 5221 cem
2195 5165 2511 5222 etLeonem
2537 5166 2656 5236 ejus
2683 5174 2998 5235 cognatum,
3032 5163 3126 5232 qui
3158 5163 3212 5215 in
3239 5161 3429 5215 urbem
3456 5159 3637 5229 ipsum

2059 5252 2411 5310 inducerent.
2431 5246 2603 5321 Quem
2639 5269 2763 5309 cum
2790 5254 3116 5317 tenuissent,
3137 5250 3441 5306 luminibus
3471 5247 3638 5302 orba-

2056 5352 2209 5409 runt,
2247 5344 2352 5399 etsi
2399 5346 2523 5418 ejus
2553 5345 2792 5401 caecandi
2834 5345 3043 5400 nullum
3071 5342 3385 5397 mandatum
3411 5353 3639 5409 accepe-

2057 5448 2215 5495 rant:
2269 5441 2365 5496 sed
2411 5441 2516 5511 ipsi
2570 5458 2601 5497 a
2644 5457 2703 5497 se
2741 5450 2935 5509 sponte
2974 5439 3261 5505 fecerunt,
3308 5448 3366 5489 ut
3428 5444 3483 5491 et
3537 5432 3642 5487 Ro-

1672 5619 1912 5680 VARIE
1944 5620 2353 5679 LECTIONES.

417 5735 463 5768 “
495 5737 853 5810 Βαρυμιχαὴλ
882 5740 995 5803 υἱὸς
1030 5742 1441 5806 Κωνοταντῐνος
1466 5757 1629 5813 supra
1661 5758 1712 5816 ρ.
1746 5740 1855 5796 2N
1881 5754 1933 5795 c.
