4128 6442
499 328 606 397 951

1767 327 2091 388 GEORGII
2124 327 2471 388 MONACHI

3665 320 3778 385 959.

499 455 698 497 manus
723 440 1076 510 imperatoris
1105 447 1262 510 pater
1288 439 1409 511 ejus
1459 439 1539 495 rei
1577 440 1800 497 nomine
1831 439 2078 514 indigna-

2196 440 2389 512 γνώμῃ
2430 441 2586 494 τοῦτο
2663 439 3062 510 πεποιηκότες,
3119 437 3199 501 ὡς
3246 431 3629 505 ἀγανακτῆσαι
3688 437 3784 488 ἐπὶ

495 543 587 590 tus
618 534 708 589 sit.

565 626 654 679 3|.
697 623 882 680 Mense
923 624 1170 694 Augusto
1199 624 1431 680 detecta:
1469 625 1821 682 Constantini
1863 625 2082 683 Ctema-

493 715 616 781 lini,
648 715 873 770 Davidis
918 714 1226 771 Camuliani
1264 727 1320 771 et
1367 718 1646 773 Michaelis
1694 735 2079 790 mangarorum

490 808 770 864 curatoris
815 809 1050 865 insidiae.
1101 809 1205 876 Qui
1254 811 1579 866 verberibus
1615 811 1850 875 subacti,
1894 811 2082 867 bonis-

491 915 601 969 que
627 901 923 969 publicatis
956 917 1055 971 per
1087 901 1324 957 mediam
1359 903 1551 958 urbem
1585 919 1780 974 pompa
1812 905 2076 970 traducti,

491 991 690 1046 exsilio
748 992 976 1063 relegati
1037 1003 1185 1049 sunt.
1227 994 1514 1050 Adductus
1549 1002 1605 1049 et
1654 995 1766 1050 Leo
1818 997 2080 1065 magister

493 1099 558 1138 ac
597 1085 878 1156 legionum
932 1087 1272 1142 domesticus
1314 1087 1369 1141 in
1432 1088 1662 1154 urbem,
1701 1088 1961 1158 muloque
1998 1090 2083 1142 iu-

495 1175 683 1231 sidens
739 1178 1052 1249 ignominiae
1101 1194 1266 1233 causa
1317 1194 1415 1248 per
1475 1180 1718 1234 medium
1751 1180 1932 1234 forum
1973 1191 2082 1234 tra-

495 1268 716 1324 ductus.

565 1384 754 1438 52-55.
799 1383 943 1450 Quin
973 1392 1028 1437 et
1056 1384 1164 1439 Zoe
1199 1386 1440 1456 Augusta
1466 1386 1811 1456 deprehensa
1847 1389 2079 1442 Romani

495 1469 619 1524 vita:
685 1486 784 1540 per
829 1472 984 1527 cibos
1045 1473 1351 1530 medicatos
1411 1476 1580 1546 890
1640 1478 1933 1542 insidiari,
1985 1496 2083 1549 per

493 1561 850 1618 Theocletem
905 1563 1119 1618 servitii
1181 1566 1460 1620 notarium
1511 1567 1832 1622 instructos.
1903 1568 2083 1634 Quare

2185 536 2359 604 τούτῳ
2392 532 2488 586 καὶ
2521 533 2610 585 τὸν
2647 529 3095 601 βασιλεοπάτωρα
3140 528 3439 599 Ῥωμανόν.

2263 624 2346 697 [Ρ.
2381 622 2506 696 574]
2545 624 2646 679 λα’.
2688 621 2987 691 Αὐγούστῳ
3046 621 3102 673 δὲ
3145 622 3293 692 μηνὶ·
3318 622 3678 695 κατεμηνύθη
3712 622 3788 676 τὰ

2188 717 2289 786 τῆς
2344 715 2638 785 ἐπιϐουλῆς
2695 713 3111 767 Κωνσταντίνου
3155 712 3252 766 τοῦ
3299 715 3652 785 Κτηματινοῦ
3689 716 3787 770 καὶ

2190 809 2357 862 Δαὸὶδ
2409 807 2796 877 Καμουλιανοῦ
2851 807 2945 858 καὶ¹
3018 805 3237 876 Μιχαὴλ
3295 809 3644 877 κουρά-εωρος
3677 807 3790 860 τῶν

2193 899 2530 970 μαγγόινων·
2592 899 2688 952 καὶ
2747 897 3046 968 τυφθέντες
3107 892 3378 952 οὗτοικαὶ
3419 899 3790 969 δημευθέντες

2187 991 2274 1045 διὰ
2310 989 2482 1061 μέσης
2510 989 2724 1060 διῆλθον
2747 991 2845 1060 τῆς
2879 990 3087 1052 πόλεως
3139 989 3232 1042 καὶ¹
3281 989 3465 1061 ἐξορίᾳ
3496 993 3791 1060 παρεπέμ-

2189 1085 2426 1154 φθησαν.
2481 1083 2728 1151 Ἤγαγον
2757 1084 2813 1134 δὲ
2859 1083 2954 1134 καὶ
3012 1082 3217 1134 Λέοντα
3250 1084 3548 1153 μάγιστρον
3573 1083 3668 1135 οιαὶ
3697 1085 3789 1137 δο-

2192 1179 2451 1250 μέστικον
2505 1177 2614 1231 τῶν
2670 1177 2876 1247 σχολῶν
2927 1181 2984 1231 ἐν
3026 1181 3092 1248 τῇ
3144 1177 3319 1242 πόλει,
3346 1179 3441 1232 καὶ
3475 1178 3694 1249 διῆλθεν
3726 1179 3791 1233 ἐν

2193 1270 2332 1341 μέσῃ
2366 1271 2432 1341 τῇ
2469 1270 2650 1339 ἀγορᾷ
2678 1269 2887 1340 ἡμιόνῳ
2920 1266 3271 1340 ἐφεζόμενος.

2261 1380 2476 1452 λβ’-λγ’,
2519 1380 2809 1453 Ἐφωράθη
2842 1381 2898 1434 δὲ
2940 1383 3034 1435 καὶ
3075 1381 3194 1452 Ζωὴ
3227 1379 3514 1449 Αύγούστα
3561 1380 3790 1434 ἐπιϐου-

2189 1471 2422 1524 λεύουσα
2469 1471 2734 1542 Ῥωμανῷ
2791 1471 2879 1524 διὰ
2931 1471 3417 1542 πεφαρμαγμένων
3477 1470 3789 1542 βρωμάτων

2190 1565 2293 1617 ὑπὸ
2329 1564 2633 1635 Θεοκλήτου
2670 1564 2922 1635 νοταρίου
2968 1565 3067 1635 τῆς
3095 1565 3400 1634 ὑπουργίας
3449 1568 3786 1620 σκευασθέν-

490 1649 638 1706 hanc
696 1667 921 1723 quoque
968 1655 1094 1708 aula
1157 1654 1428 1726 dejectam
1475 1655 1641 1725 inque
1689 1657 1932 1712 Petrium
1990 1658 2078 1712 ab-

2187 1675 2317 1711 των.
2345 1657 2456 1709 Καὶ
2507 1656 2714 1728 ταύτην
2765 1655 2860 1709 τοῦ
2895 1655 3157 1709 παλατίου
3198 1655 3664 1718 καταϐιϐάζουσιν
3695 1656 3790 1710 καὶ

489 1743 715 1799 ductam
767 1745 826 1799 in
871 1755 1074 1801 sanctae
1126 1747 1451 1818 Euphemia:
1501 1749 1835 1804 monasterio
1885 1749 2083 1804 deton-

490 1836 715 1892 derunt.

561 1955 650 2008 54.
707 1954 972 2009 lnvitatos
1011 1969 1145 2010 vero
1174 1955 1242 2010 ad
1275 1956 1570 2026 prandium
1614 1973 1645 2012 a
1669 1957 2082 2030 Theopliylacto

489 2045 725 2114 patricio
761 2054 817 2098 et
855 2045 1057 2100 stabuli
1095 2046 1298 2100 comite
1347 2045 1698 2100 Theodorum
1733 2045 2082 2102 Constantini

489 2137 842 2207 imperatoris
859 2137 1214 2209 pmdagogum
1239 2138 1468 2208 ejusque
1499 2137 1726 2192 fratrem
1752 2136 2080 2209 Symeouem

487 2231 774 2300 ingressus
798 2229 1156 2284 excubiarum
1197 2230 1550 2301 drungarius,
1584 2230 1832 2284 Curcuas
1864 2246 2080 2284 nuncu-

485 2328 671 2389 patus,
719 2334 844 2375 cum
877 2319 1052 2374 multo
1078 2320 1361 2384 satellitio,
1401 2333 1650 2390 arreptos
1682 2321 1833 2375 velut
1881 2322 2079 2376 adver-

487 2421 584 2460 sus
635 2408 944 2461 Romanum
991 2407 1395 2471 machinantes,
1439 2409 1505 2462 ad
1549 2408 1830 2478 Opsicium
1875 2409 1931 2463 in
1967 2411 2082 2464 suis

493 2498 742 2569 ipsorum
780 2498 1120 2554 suburbanis
1154 2499 1441 2568 relegavit.

559 2699 649 2752 33.
729 2698 932 2754 Mensis
1002 2699 1348 2770 Septembris
1398 2701 1488 2754 die
1551 2701 1817 2772 vigesima
1883 2712 2078 2772 quarta

488 2791 772 2847 Romanus
818 2791 1048 2847 Cmsaris
1084 2793 1322 2847 donatur
1355 2793 1624 2864 dignitate
1651 2811 1680 2860 ;.
1709 2797 1912 2850 mensis
1947 2813 2080 2850 vero

486 2882 807 2936 Decembris
843 2881 930 2936 die
961 2881 1179 2936 decimo
1231 2884 1484 2952 septimo,
1516 2883 1799 2939 Dominica
1829 2885 2075 2951 Patrum,

486 2987 608 3042 qum
653 2985 739 3028 est
783 2984 911 3028 ante
947 2975 1208 3040 natalem,
1249 2975 1521 3045 imperiali
1559 2985 1848 3034 stemmate
1877 2995 1905 3033 a
1933 2979 2076 3033 Con-

486 3066 728 3120 stantino
764 3067 1097 3136 imperatore
1123 3076 1177 3122 et
1205 3068 1431 3122 Nicolao
1476 3070 1788 3138 patriarcha
1819 3071 2075 3125 donatur.

487 3157 649 3214 Sexta
698 3160 884 3229 itaque
943 3161 1215 3222 Januarii,
1266 3178 1388 3230 quae
1437 3163 1556 3216 dies
1589 3179 1745 3216 sacra
1777 3164 2075 3218 Lumiuum

486 3263 591 3316 est,
652 3269 878 3308 uxorem
933 3269 1089 3307 suam
1139 3255 1489 3310 Theodoram
1548 3256 1834 3326 Augustali
1871 3272 2078 3312 corona

485 3344 692 3411 donat;
770 3346 897 3400 Maii
971 3363 1103 3401 vero
1159 3348 1373 3402 decima
1439 3348 1715 3418 septima,
1773 3347 2079 3403 indictione

485 3438 700 3507 quinta,
738 3438 1176 3508 ChristOphorus
1208 3440 1441 3494 Romani
1475 3441 1621 3496 ﬁlius
1657 3442 1957 3510 imperator
1989 3457 2078 3496 sa—

483 3529 716 3596 lutatur,
781 3546 846 3584 ac
902 3530 992 3585 die
1041 3539 1242 3601 quarto
1293 3547 1457 3601 supra
1507 3534 1831 3604 vigesimum
1887 3535 1942 3589 in
1989 3534 2079 3588 die

487 3632 682 3677 sancto
705 3624 1064 3678 Pentecostes
1089 3640 1118 3678 a
1162 3623 1528 3679 Constantino
1554 3623 1888 3696 imperatore
1916 3641 2078 3680 coro-

486 3720 686 3777 natur;
741 3712 1017 3782 amboque
1063 3713 1117 3767 hi
1167 3713 1271 3768 soli
1318 3715 1372 3768 in
1419 3729 1484 3768 ea
1537 3730 1735 3786 pompa
1786 3730 2077 3787 processe-

487 3815 642 3861 runt.

561 3899 680 3952 {-2.
728 3897 894 3953 Junio
928 3906 1112 3954 autem
1147 3914 1360 3966 mense,
1409 3902 1711 3958 indictione
1741 3912 1953 3969 octava,
1987 3902 2078 3958 die

487 3990 796 4054 Dominico,
856 3989 996 4046 facta
1049 3992 1309 4048 Ecclesiae
1339 3993 1519 4050 unitio
1565 4003 1650 4050 est
1697 3996 1945 4050 Romano
1981 4010 2081 4048 au-

487 4094 676 4151 ctore,
724 4086 975 4156 nnitique
1037 4097 1164 4141 sunt
1225 4103 1454 4152 omnes,
1505 4088 1868 4158 metropolitze
1911 4087 2072 4158 89],

487 4179 695 4247 pariter
723 4192 788 4232 ac
815 4178 1024 4245 clerici,
1060 4180 1155 4250 qui
1197 4195 1226 4233 a
1257 4179 1484 4236 Nicolao
1512 4188 1566 4236 et
1595 4181 1888 4251 Euthymio
1919 4179 2076 4234 scissi

486 4271 788 4327 schismate
822 4281 1002 4327 erant.

558 4382 610 4436 3.
663 4381 870 4438 Octava
926 4377 1239 4448 Februarii,
1294 4383 1595 4439 indiCIione
1648 4400 1812 4450 nona,
1850 4385 2077 4438 mittens

2189 1751 2270 1814 εἰς
2313 1749 2374 1802 τὸ
2414 1749 2646 1819 Πετρίον
2705 1749 3000 1817 ἀπάγουσι,
3041 1751 3106 1818 τῇ
3157 1750 3254 1819 τῆς
3295 1747 3455 1816 ἁγίας
3491 1749 3788 1819 Εὑφημίας

2192 1843 2331 1912 μονῇ
2369 1840 2798 1910 ἀποκείραντες.

2255 1954 2348 2008 λδ’.
2383 1953 2744 2025 Προσεκλήθη
2774 1953 2829 2004 δὲ
2887 1952 3040 2023 παρὰ
3075 1950 3462 2020 Θεοςςυλάκτου
3493 1952 3785 2022 πατρικίου

2184 2045 2282 2098 καὶ¹
2305 2045 2546 2116 κόμητος
2577 2044 2673 2098 τοῦ
2711 2045 2943 2098 στάῦλου
2990 2046 3070 2106 εἰς
3117 2044 3341 2112 ἄριστον
3373 2045 3400 2096 ὀ
3428 2043 3785 2111 παιδαγωγὸς

2185 2137 2598 2191 Κωνσταντίνου
2619 2136 2883 2206 βασιλέως
2909 2135 3186 2206 Θεόδωρος
3209 2136 3302 2186 καὶ
3320 2134 3547 2204 Συμεὼν
3563 2136 3590 2187 ό
3617 2133 3786 2188 αὑτοῦ

2183 2228 2434 2299 ἀδελφός.
2481 2228 2802 2282 Ἐσθιόντων
2836 2224 2930 2282 οὖν
2990 2226 3240 2296 εἰσῆλθεν
3288 2227 3543 2297 Ἰωάννης
3589 2227 3789 2296 δρουγ-

2183 2323 2378 2392 γάριος
2429 2322 2527 2392 τῆς
2581 2321 2772 2391 βίγλης
2831 2323 2859 2374 ό
2916 2319 3239 2390 Κουρκούας
3297 2319 3594 2388 λεγόμενος
3645 2319 3785 2388 μετᾶ

2184 2413 2442 2466 πλείστου
2473 2413 2628 2477 λαοῦ,
2664 2414 2754 2465 καὶ
2792 2411 3015 2474 τούτους
3061 2413 3384 2482 ἀναρπάσας
3415 2394 3494 2474 εἰς
3525 2411 3586 2463 τὸ
3635 2409 3789 2480 Ὀψί-

2185 2524 2301 2559 κιον
2337 2505 2599 2575 ἐξώρισεν
2650 2508 2708 2558 ὲν
2738 2508 2851 2566 τοῖς
2899 2504 3081 2557 αὐτῶν
3125 2503 3476 2573 προαστείοις
3519 2503 3596 2566 ὡς
3640 2503 3785 2556 κατὰ

2181 2599 2276 2652 τοῦ
2323 2597 2607 2668 Ῥωμανοῦ
2649 2597 3018 2668 μελετῶντας.
3264 2589 3266 2592 ’

2255 2713 2348 2766 λε’.
2389 2715 2619 2784 Εἰκοστῇ
2655 2713 2889 2784 τετάρτῃ
2941 2714 3036 2767 τοῦ
3087 2713 3467 2784 Σεπτεμϐρίου
3501 2713 3671 2784 μηνὸς
3702 2729 3786 2767 τι·

2187 2809 2357 2875 μᾶται
2407 2807 2686 2875 Ῥωμανὸς
2723 2810 2789 2877 τῇ
2821 2806 2916 2859 τοῦ
2954 2807 3236 2880 Καίσαρος
3259 2808 3408 2878 ἀξίᾳ,
3444 2809 3539 2860 καὶ
3566 2809 3784 2877 Δεκεμ-

2183 2899 2322 2970 ϐρίῳ
2348 2900 2480 2970 μηνὶ
2513 2899 2714 2970 δεκάτῃ
2747 2899 2952 2971 ἐϐδόμῃ
2989 2903 3054 2971 τῇ
3102 2900 3211 2954 τῶν
3242 2901 3503 2970 Πατέρων
3526 2901 3782 2970 Κυριακῇ

2179 2991 2258 3061 τῷ
2280 2992 2378 3060 τῆς
2409 2990 2690 3060 βασιλείας
2721 2991 2981 3058 στέφεται
3015 2991 3309 3061 διαδήματι
3343 2991 3495 3062 παρὰ
3518 2991 3806 3061 βασιλέως-

2183 3083 2593 3136 Κωνσταντίνου
2612 3081 2864 3154 γαμϐροῦ
2890 3083 3056 3137 αὑτοῦ
3083 3085 3178 3138 καὶ
3210 3084 3482 3138 Νικολάου
3509 3085 3785 3155 πατριάρο

2187 3193 2319 3245 χου,
2386 3176 2476 3228 καὶ
2559 3175 2892 3245 Ἰανουαρίου
2949 3181 3038 3239 ς’,
3108 3179 3175 3247 τῇ
3247 3177 3354 3229 τῶν
3419 3176 3591 3244 ἁγίων
3662 3174 3782 3228 Φώ-

2185 3284 2293 3320 τιον
2323 3269 2530 3338 ἡμέρα,
2595 3267 2781 3335 στέφει
2835 3266 3122 3339 Θεοδὼραν
3154 3268 3254 3339 τὴν
3306 3270 3542 3337 γυναῖκα
3592 3267 3778 3322 αὐτοῦ.

2133 3402 2136 3410 .
2185 3356 2347 3427 Μαΐῳ
2367 3357 2425 3410 δὲ
2462 3358 2592 3427 μηνὶ
2627 3355 2713 3422 ιζ’,
2751 3357 3087 3420 ενδικτιῶνος
3116 3365 3178 3424 ε’,
3213 3359 3585 3431 Χριστοφόρος
3610 3361 3636 3411 ό
3668 3359 3784 3420 υίὸς

2196 3447 2481 3517 Ῥωμανοῦ
2543 3449 2942 3519 ἀναγορεύεται
2999 3450 3278 3520 βασιλεὺς,
3329 3453 3584 3520 στέφεται
3628 3450 3684 3504 δέ
3713 3455 3779 3522 τῇ

2187 3540 2263 3593 κδ’
2293 3539 2386 3592 τοῦ
2421 3541 2584 3595 αὑτοῦ
2619 3543 2790 3611 μηνὸς
2851 3543 3001 3613 παρὰ
3037 3544 3455 3597 Κωνσταντίνου
3490 3542 3777 3613 βασιλέως,

2186 3633 2250 3702 τῇ
2275 3632 2373 3700 τῆς
2410 3632 2568 3699 ἁγίας
2604 3633 2988 3702 Πεντηκοστῆς
3043 3634 3261 3705 ἡμέρα·
3302 3636 3393 3687 καὶ
3435 3635 3584 3702 μόνοι
3631 3625 3776 3686 οὗτοι.

2186 3725 2234 3775 οἱ
2261 3723 2353 3776 δύο
2383 3724 2440 3777 ἐν
2471 3725 2647 3796 ταύτῃ
2672 3728 2736 3796 τῇ
2771 3726 3093 3798 προελεύσει
3129 3727 3419 3798 προῆλθον.
3723 3736 3726 3739 ’

2255 3906 2406 3976 (IN-3'.
2445 3906 2646 3977 Ἰουνίῳ
2673 3907 2729 3960 δὲ
2763 3907 2912 3978 μηνὶ,
2941 3905 3275 3969 ίνδικτιῶνος
3311 3904 3381 3977 η’,
3421 3905 3607 3975 ἡμέρᾳ
3663 3905 3778 3955 Κυ-

2189 4002 2374 4071 ριακῇ,
2409 4002 2440 4070 ἡ
2469 4000 2570 4069 τῆς
2621 4000 2950 4070 Ἐκκλησίας
2977 4000 3203 4068 γέγονεν
3230 3998 3424 4063 ἓνωσις
3452 3999 3603 4068 παρὰ
3636 3997 3777 4050 Ῥω-

2190 4094 2382 4168 μανοῦ,
2410 4096 2668 4148 ἁπάντων
2696 4094 3037 4159 ἑνωθέντων,
3100 4091 3520 4163 μητροπολιτῶν
3566 4107 3624 4143 τε
3679 4088 3778 4142 καὶ

2185 4185 2489 4258 κληρικῶν,
2523 4185 2630 4242 τῶν
2667 4184 2774 4239 ἀπὸ
2797 4184 3072 4240 Νικολάου
3103 4183 3450 4253 πατριάρχου
3483 4182 3577 4235 καὶ
3599 4180 3779 4234 Εὐθυ-

2189 4279 2311 4348 μίου
2342 4278 2763 4348 διεσχισμένων.

2255 4401 2327 4462 γ’.
2376 4392 2566 4462 Ὀγδόῃ
2619 4391 2677 4445 δε
2727 4389 3082 4461 Φεϐρουαρίῳ
3142 4390 3295 4460 μηνὶ,
3347 4387 3673 4449 ίνόικτιῶνος
3705 4383 3775 4453 0',

487 4471 770 4526 Romanus
809 4471 1152 4541 Stephanum
1176 4472 1499 4529 Calomarize
1533 4473 1727 4538 lilium,
1754 4472 1912 4545 quasi
1938 4473 2076 4527 ail‘e-

2183 4485 2512 4547 ἀποστείλας
2561 4484 2841 4554 Ῥωμανὸς
2892 4483 2978 4555 [Ρ.
3015 4482 3148 4555 575]
3192 4482 3508 4554 ὑπερορίζει
3546 4481 3636 4535 τὸν
3671 4479 3776 4550 μά-

486 4562 618 4614 ctati
669 4577 828 4614 reum
879 4561 1142 4633 imperii,
1211 4563 1264 4616 in
1317 4563 1580 4634 Antigoni
1641 4564 1880 4619 insulam
1934 4563 2078 4618 exsi-

487 4652 563 4705 lio
613 4653 854 4722 relegat,
906 4654 1278 4725 detondetque
1328 4661 1660 4712 monachum
1716 4673 1842 4711 cum
1897 4656 2079 4710 Theo-

488 4744 669 4812 phane
716 4744 971 4800 Ticliiota
1005 4755 1059 4800 et
1093 4748 1265 4803 Paulo
1296 4747 1763 4823 Orphanotropho
1792 4749 1943 4803 illius
1973 4748 2073 4802 do-

488 4839 761 4897 mesticis.

557 5041 612 5095 4.
680 5042 963 5099 Romanus
985 5043 1306 5114 imperator,
1341 5048 1572 5106 solemni
1608 5052 1676 5106 ad
1714 5052 2074 5109 tribunalium

493 5148 780 5202 processu,
815 5136 1033 5192 cunctis
1061 5137 1179 5194 illic
1213 5139 1536 5196 cohortibus
1577 5159 1701 5198 cum
1743 5147 1911 5202 armis
1944 5163 2078 5202 con-

485 5226 747 5294 gregatis,
798 5228 1185 5300 recensitoque
1228 5231 1477 5286 exercitu
1535 5246 1763 5304 repente
1795 5237 2077 5294 Romanus

486 5327 544 5370 et
571 5316 972 5376 Constantinus
1013 5322 1272 5378 celeriter
1320 5325 1388 5380 ad
1434 5321 1699 5395 palatium
1743 5330 2072 5386 redierunt:

486 5408 704 5466 delatus
760 5412 908 5466 enim
964 5413 1231 5474 Arsenius
1280 5433 1310 5472 a
1369 5417 1557 5474 Leone
1602 5421 1722 5491 ejus
1770 5420 1974 5478 faruulo
2020 5431 2077 5480 et

343 5583 347 5587 Ι
439 5538 442 5540 -
489 5503 694 5558 Paulus
725 5506 1060 5576 manglabita
1092 5508 1326 5565 insidias
1357 5521 1606 5579 struere;
1635 5530 1807 5584 quare
1832 5516 2077 5573 verberi-

490 5590 594 5646 bus
643 5593 860 5647 subacti
914 5596 1185 5666 bonisque
1247 5600 1542 5669 publicatis
1601 5605 1796 5658 exsilio
1850 5607 2072 5678 relegati

490 5683 796 5764 θυαμ-εἰναι
843 5695 974 5742 tunc
1017 5689 1468 5748 administranda:
1499 5695 1815 5764 reipublicae
1858 5698 2077 5770 adjutor

493 5781 559 5826 ac
594 5773 848 5832 minister
888 5779 1118 5839 intimus
1149 5783 1390 5839 Joannes
1430 5787 1720 5860 presbyter
1773 5802 1975 5848 rector.
2025 5794 2075 5850 Is

2181 4595 2405 4648 γιστρον
2430 4577 2700 4644 Στέφανον
2740 4575 2830 4630 τὸν
2877 4577 2976 4644 τῆς
3009 4575 3369 4648 Καλομαρίας
3399 4577 3477 4638 εἰς
3506 4572 3604 4644 τὴν
3651 4572 3774 4626 Ἀν-

2179 4669 2396 4738 τιγόνου
2427 4669 2591 4738 νῆσον
2618 4667 2693 4731 ὼς
2717 4669 2817 4735 τῆς
2846 4667 3127 4740 βασιλείας
3158 4667 3408 4737 ἐφίεσθαι
3457 4679 3775 4734 κατηγορη-

2181 4759 2365 4822 θέντα,
2425 4759 2660 4831 μοναχὸν
2707 4760 2872 4815 αύτδν
2927 4761 3233 4830 ἀποκείρας
3307 4758 3424 4826 ἅμα
3508 4754 3772 4821 Θεοφάνει

2180 4852 2452 4925 Τειχιώτῃ
2510 4854 2605 4907 καὶ⁸
2663 4854 2863 4925 Παύλῳ
2929 4850 3390 4924 Ὀρφανοτρόφῳ,
3458 4844 3770 4916 ἀνθρώποις

2179 4948 2367 5004 αὐτοῦ.

2251 5063 2314 5118 δ’.
2353 5064 2610 5134 Ἐποίησε
2659 5062 2718 5116 δέ
2753 5061 3036 5131 Ῥωμανὺς
3086 5057 3340 5128 βασιλεὺς
3368 5056 3427 5108 ἐν
3456 5053 3533 5124 τῷ
3553 5052 3772 5125 τριϐού-

2180 5156 2346 5227 ναλίῳ
2373 5157 2695 5226 πρόκενσον,
2741 5151 3099 5221 συνηγμένων
3141 5149 3399 5202 ἁπάντων
3439 5149 3615 5200 ἐκεῖσε
3649 5143 3771 5214 μεθ’

2178 5248 2379 5300 ὅπλων.
2407 5246 2514 5299 Τοῦ
2545 5243 2837 5314 ἀδνουμίου
2871 5243 2928 5295 δὲ
2980 5242 3274 5312 γενομένου
3325 5241 3589 5310 αἰφνίδιον
3631 5237 3769 5289 Ῥω-

2183 5339 2354 5409 μανὸς
2379 5337 2470 5391 καὶ
2503 5336 2918 5397 Κωνσταντῖνος
2972 5334 3129 5404 τάχει
3177 5333 3359 5404 πολλῷ
3389 5334 3469 5395 εἰς
3501 5332 3562 5384 τὸ
3595 5327 3770 5383 παλά-

2177 5447 2293 5485 τιον
2347 5426 2817 5498 ὑποστρέφουσιν*
2875 5425 3122 5498 ἐμηνύθη
3181 5424 3292 5495 γὰρ
3344 5424 3494 5494 παρὰ
3537 5421 3768 5481 Λέοντος

2180 5520 2471 5591 ἀνθρώπου
2542 5519 2637 5573 τοῦ
2710 5520 2990 5592 Ἀρσενίου
3043 5522 3077 5591 ἡ
3113 5519 3277 5574 αὐτοῦ
3336 5518 3430 5571 τοῦ
3486 5514 3766 5586 Ἀρσενίου

2179 5613 2441 5683 ἐπιϐουλὴ
2475 5614 2590 5666 ’καὶ
2624 5612 2840 5666 Παύλου
2875 5613 3274 5684 μαγκλαὸίτου,
3318 5611 3366 5664 οἳ
3409 5609 3504 5663 καὶ
3532 5607 3767 5676 τυφθέν-

2179 5723 2268 5771 τες
2299 5705 2393 5760 καὶ
2421 5704 2784 5776 δημευθέντες
2803 5703 3200 5776 ἐξωρίσθησαν.
3223 5699 3332 5756 ἾΙν
3362 5703 3420 5756 δὲ
3446 5701 3565 5755 τότε
3587 5714 3766 5768 παρα-

2178 5793 2520 5850 δυναστεύων
2559 5796 2588 5850 ό
2625 5795 2997 5870 πρεσϐύτερος
3038 5796 3288 5866 Ἰωάννης
3334 5795 3362 5848 ό
3393 5791 3659 5865 ραίκτωρ.
3706 5788 3766 5852 ὃς
