4128 6428
409 346 514 410 953

1508 344 1705 405 ῊΤᾹΞ
1740 345 2296 407 HECENTIORUM
2343 348 2537 409 IMPP.

3568 348 3675 411 954

404 461 607 515 Λέοντα
629 457 719 510 τὸν
744 457 835 511 τοῦ
879 459 1156 529 Ἀρσενίου
1180 460 1437 529 ἐποίησεν
1469 459 1880 530 ἑϐδομαδάριον,
1902 460 1979 530 τῷ

2105 478 2328 515 .eoncm
2364 464 2583 517 Arsenii
2612 464 2976 518 donticsticum
3002 465 3129 518 fecit
3160 463 3676 520 hebdomadarium.

406 551 614 621 βασιλεῖ
634 551 822 605 τοῦτον
852 552 1303 621 προσοικειώσας.

476 736 537 791 ε’.
586 739 835 805 Ἐγένετο
860 738 917 792 δέ
944 757 1027 803 τις
1080 739 1388 805 Ῥεντὰκιος
1424 744 1481 795 ἐν
1520 740 1754 807 Ἑλλάδι,
1793 761 1986 812 συγγε-

408 832 502 901 νὴς
523 830 598 885 ὢν
627 833 841 903 Νικήτα
867 834 1179 904 πατρικίου,
1214 835 1539 898 ἀπαίδευτός
1566 854 1623 889 τε
1652 838 1747 890 καὶ
1782 856 1991 909 πατρα-

409 922 581 987 λοίας,
616 922 677 986 ὃς
705 924 797 976 τὸν
837 924 1033 978 ἑαυτοῦ
1067 926 1276 997 πατέρα
1306 928 1661 982 καταδιώκων
1706 929 1984 996 φονεῦσαι,

406 1017 710 1088 ἐπειδήπερ
737 1021 943 1081 ἐκεῖνος
995 1020 1214 1087 φεύγων
1268 1022 1433 1074 αὐτοῦ
1481 1022 1579 1091 τὴν
1632 1023 1880 1076 ἐπίθεσιν
1933 1025 1990 1076 ἐν

408 1113 579 1181 πλοίῳ
602 1112 859 1164 εἰσελθὼν
891 1113 1105 1177 ἐξέπλει
1141 1115 1235 1167 καὶ
1260 1115 1409 1183 παρὰ
1447 1115 1555 1168 τῶν
1588 1116 1821 1186 Κρητῶν
1863 1134 1991 1169 κατ-

410 1202 634 1273 εσχέθη,
661 1196 819 1266 οὗτος
853 1206 880 1257 ὁ
920 1204 1232 1269 Ῥεντάκιος
1279 1207 1465 1260 ἄδειαν
1496 1206 1674 1276 εὑρὼν
1708 1207 1888 1260 πάντα
1924 1209 1993 1261 τά

411 1296 505 1350 τοῦ
536 1297 739 1364 πατρὸς
764 1296 929 1350 αὐτοῦ
964 1298 1241 1367 ὲληῒσατο,
1272 1300 1367 1352 καὶ
1397 1302 1454 1351 ὲν
1486 1302 1551 1368 τῇ
1580 1299 1733 1352 πόλει
1756 1299 1993 1352 ἀνελθὼν

410 1392 479 1459 τῇ
506 1390 737 1459 Μεγάλῃ
796 1389 889 1443 τοῦ
938 1391 1073 1443 Θεοῦ
1126 1391 1394 1462 ἐκκλησίᾳ
1449 1393 1812 1462 προσέφυγεν.
1861 1393 1995 1445 Ῥω-

417 1481 584 1552 μανδς
602 1482 657 1533 δὲ
675 1483 703 1533 ὁ
729 1483 981 1550 βασιλεὺς
1010 1484 1108 1547 τὰς
1134 1485 1298 1537 αὑτοῦ
1328 1484 1555 1551 ἀταξίας
1584 1488 1676 1538 καὶ
1703 1485 1995 1556 λεηλασίας

413 1573 747 1643 καταμαθὼν
772 1575 959 1628 τοῦτον
986 1577 1089 1645 τῆς
1140 1576 1440 1646 ἐκκλησίας
1498 1562 1793 1646 ἐξαγαγεῖν
1843 1580 1997 1631 ἐϐου-

412 1664 649 1718 λεύσατο
675 1667 771 1719 καὶ
793 1667 1105 1721 παιδεῦσαι.
1137 1668 1195 1721 ’0
1215 1669 1271 1721 δὲ
1299 1669 1516 1738 ψευδεῖς
1537 1671 1826 1735 ἐπιστολὰς
1861 1674 1998 1743 πρὸς

415 1756 762 1826 Βουλγάρους
801 1760 1153 1829 πλασάμενος
1189 1762 1323 1833 πρὸς
1353 1763 1551 1826 αὐτοὺς
1567 1764 1611 1794 ’δ’
1629 1765 1999 1836 αὐτομολῆσαι

414 1816 794 1905 ἐϐουλεύσατο.
816 1816 1202 1923 Κρατηθεὶςνδὲ
1355 1816 1635 1927 ἐλεγχθεὶς
1663 1816 2001 1927 τοὺςὸφθαλ-
2032 1816 2073 1869 Β

417 1940 553 2011 μοὺς
587 1943 999 2011 ἀποστερεῖται,

492 2031 569 2097 ς’.
609 2034 731 2086 Τῶν
761 2036 818 2089 δὲ
859 2035 1187 2106 Βουλγάρων
1239 2036 1402 2101 πάλιν
1439 2038 1806 2104 ἐξελασάντων
1841 2041 2001 2110 μέχρι

414 2127 815 2198 Κατασυρτῶν,
868 2131 1011 2198 μετὰ
1040 2129 1094 2182 δὲ
1148 2130 1247 2200 τὴν
1280 2132 1599 2197 δομεστίκου
1645 2133 1999 2203 Ἀδρελαστοῦ

415 2219 696 2289 τελευτὴν,
756 2222 1069 2294 προεϐλήθη
1120 2222 1292 2286 Πόθος
1331 2224 1359 2275 ὁ
1401 2224 1496 2277 τοῦ
1540 2226 1807 2295 Ἀργυροῦ
1844 2227 1995 2295 δομέ-

418 2328 602 2373 στικος
634 2311 743 2366 τῶν
774 2313 1001 2383 σχολῶν,
1066 2316 1160 2368 καὶ
1213 2316 1375 2385 μέχρι
1420 2317 1819 2387 Θερμοπόλεως
1864 2319 2002 2387 μετὰ

415 2402 524 2455 τῶν
552 2404 853 2472 ταγμάτων
871 2404 1101 2472 ἐξελθὼν
1129 2408 1415 2460 ἀπέστειλε
1445 2409 1665 2478 Μιχαὴλ
1682 2409 1773 2462 τόν
1802 2412 2002 2480 Μωρο-

415 2494 629 2559 λέοντος
684 2499 803 2550 υἱὸν
859 2500 1241 2569 τοποτηρητὴν
1302 2499 1430 2552 ὄντα
1484 2501 1609 2564 τοὺς
1660 2502 2001 2570 Βουλγάρους

416 2590 932 2656 κατασκοπήσοντα.
986 2592 1047 2643 '0
1085 2592 1142 2644 δὲ
1182 2592 1507 2660 ἁπροόπτως
1543 2592 1619 2661 τῷ
1651 2593 1794 2663 λόχῳ
1824 2596 2002 2648 αὐτῶν

416 2678 674 2730 εἰσελθὼν
704 2679 813 2733 ἔσω
865 2680 1093 2743 πολλοὺς
1126 2681 1224 2750 μὲν
1253 2680 1362 2733 τῶν
1400 2681 1726 2751 Βουλγάρων
1757 2684 1993 2749 ἀνεῖλεν,

418 2770 650 2838 πληγεῖς
687 2771 742 2823 δὲ
771 2772 865 2824 καὶ
899 2772 1063 2835 αὐτὸς
1118 2772 1380 2827 εἰσελθὼν
1415 2775 1472 2827 ἐν
1510 2777 1573 2844 τῇ
1606 2775 1758 2827 πόλει
1788 2775 2001 2828 ἐτελεύ-

415 2880 602 2935 τησεν.

488 2952 555 3017 ζ’.
600 2953 877 3025 Ἐμηνύθη
900 2956 958 3008 δὲ
982 2955 1104 3009 τότε
1154 2955 1244 3010 διὰ
1272 2955 1577 3027 Θεοκλήτου
1621 2958 1873 3029 νοταρίου
1902 2958 2002 3029 τῆς

418 3046 725 3117 ὑπουργίας
756 3050 789 3114 ἡ
822 3047 967 3101 κατὰ
1010 3049 1295 3118 Ῥωμανοῦ
1325 3049 1420 3103 τοῦ
1444 3050 1706 3120 βασίλέως
1737 3052 1997 3122 ἐπιϐουλὴ

2088 556 2409 622 imperatori
2476 555 2870 610 commendans
2938 559 3101 625 inque
3150 559 3269 628 (jus
3314 557 3543 627 gratiam
3596 557 3669 609 in-

2087 648 2335 700 sinuans.

2162 743 2211 794 5.
2271 742 2393 794 Fuit
2421 742 2718 796 Rentacius
2743 742 2966 810 quidam
3005 741 3055 794 in
3083 740 3313 801 Graecia,
3348 741 3553 794 Niceta:
3581 754 3679 807 pa-

2092 835 2253 888 tricio
2291 836 2576 902 sanguinis
2620 835 3034 889 necessitudine
3092 836 3455 903 eonjunetus,
3511 833 3681 886 homo

2092 926 2338 979 insolens
2386 936 2442 979 et
2493 927 2785 994 parricida.
2843 927 2892 979 Is
2951 942 3073 980 cum
3119 936 3328 994 patrem
3383 936 3574 978 necem
3624 924 3678 978 ei

2094 1019 2348 1073 illaturus
2389 1031 2836 1089 persequeretur,
2882 1038 2944 1074 ac
2981 1031 3137 1089 pater
3191 1022 3339 1075 illius
3380 1025 3489 1077 vim
3524 1024 3678 1079 furo-

2095 1130 2325 1183 remque
2357 1115 2643 1167 declinans
2685 1131 2988 1169 conscensa
3026 1119 3148 1170 navi
3179 1133 3206 1171 a
3230 1119 3519 1173 Saracenis
3553 1119 3657 1174 Cre

2097 1207 2345 1261 tensibus
2383 1207 2526 1259 inter
2569 1208 2934 1276 navigandum
2988 1208 3182 1262 fuisset
3219 1220 3434 1279 captus,
3479 1221 3676 1265 nactus

2096 1299 2376 1353 licentiam
2438 1299 2610 1368 patris
2660 1300 2842 1352 omnia
2898 1299 3131 1368 diripuit
3188 1311 3354 1369 atque
3425 1304 3681 1363 vastavit.

2096 1393 2403 1460 urbemque
2460 1400 2651 1461 petens
2699 1392 2753 1445 in
2803 1393 3046 1463 Magnam
3093 1395 3184 1447 Dei
3216 1395 3508 1448 ecclesiam
3552 1412 3677 1464 pro-

2097 1484 2257 1554 fugit.
2317 1485 2598 1537 Romanus
2652 1499 2779 1537 vero
2832 1484 3133 1552 imperator
3167 1526 3180 1549 ,
3231 1486 3396 1554 892
3461 1486 3679 1553 cognita

2099 1578 2341 1632 hominis
2384 1579 2687 1646 petulantia
2741 1593 2803 1632 ac
2861 1580 3102 1647 rapinis,
3159 1581 3392 1633 ecclesia
3439 1580 3679 1635 educere

2101 1680 2368 1724 statuerat
2392 1672 2649 1739 justaque
2681 1671 3164 1724 animadversione
3196 1671 3413 1739 pu'nire.
3470 1670 3537 1725 At
3589 1672 3680 1726 ille

2102 1759 2253 1813 falsis
2303 1760 2370 1813 ad
2413 1760 2675 1829 Bulgaros
2725 1761 2992 1815 confectis
3042 1761 3243 1815 litteris
3278 1761 3345 1815 ad
3392 1762 3515 1816 illos
3551 1779 3684 1816 con-

2107 1852 2294 1923 fugere
2341 1853 2761 1907 deliberaverat.
2807 1854 3015 1908 Tentus
3057 1853 3240 1922 itaque
3282 1868 3346 1907 ac
3395 1854 3682 1909 convictus

2103 1945 2324 1999 amissis
2360 1946 2661 2000 luminibus
2690 1947 2809 2000 luit.

2174 2038 2226 2092 6.
2282 2039 2529 2109 Bnlgaris
2583 2051 2765 2093 autem
2826 2040 2891 2093 ad
2956 2040 3268 2110 Catasyrtas
3330 2057 3501 2110 usque
3562 2051 3685 2110 post

2104 2127 2376 2181 Adrelasti
2410 2127 2691 2180 domestici
2724 2142 2979 2179 occasum
3017 2127 3200 2181 denuo
3234 2128 3679 2192 excurrentibus,

2103 2219 2313 2273 Pothus
2346 2221 2588 2290 Argyrus
2619 2221 2933 2272 scholarum
2970 2220 3308 2273 domesticus
3347 2220 3680 2289 prmﬁcitur;

2103 2314 2406 2381 castrisque
2437 2314 2503 2366 ad
2553 2314 2964 2382 ’l‘hcrmOpolim
3006 2314 3198 2382 positis
3218 2314 3534 2367 Michaelem
3567 2314 3681 2368 Mo-

2104 2406 2346 2459 roleonis
2381 2405 2551 2458 filium
2594 2406 2827 2475 legatum
2861 2406 3153 2476 Bulgarum
3193 2417 3399 2459 motum
3432 2408 3683 2476 eXpIora-

2106 2507 2221 2552 tum
2256 2499 2425 2552 misit.
2483 2499 2535 2552 Is
2576 2500 2873 2568 improvise
2929 2500 2981 2552 in
3021 2500 3379 2569 Bulgarorum
3430 2500 3688 2569 delapsus

2105 2608 2343 2647 cuneum
2365 2593 2589 2647 multam
2616 2593 2837 2662 quidem
2864 2593 3387 2664 Bulgarorumdedit
3409 2606 3645 2661 stragem
3671 2614 3685 2647 :

2104 2699 2295 2738 verum
2340 2685 2457 2753 ipse
2486 2701 2709 2754 quoque
2745 2695 2971 2755 accepto
2999 2687 3230 2739 vulnere
3271 2686 3326 2739 in
3366 2685 3559 2739 urbem
3598 2686 3687 2739 in-

2102 2791 2325 2846 gI‘BSSUS
2356 2786 2606 2829 mortuus
2632 2786 2735 2830 est.

2172 2953 2223 3007 7.
2258 2953 2337 3006 Eo
2372 2962 2619 3020 tempore
2641 2951 2870 3007 detectae
2897 2967 2926 3004 a
2952 2951 3250 3005 Theocleto
3275 2950 3439 3003 oﬂicii
3471 2950 3691 3005 notario

2103 3055 2325 3101 structa:
2381 3048 2627 3100 Ruinano
2664 3045 2985 3113 imperatori
3027 3044 3239 3097 insidiae
3265 3043 3537 3097 Anastasii
3594 3058 3686 3097 sa-

432 3138 788 3191 Ἀναστασίου
838 3140 1200 3210 σακελλαρίου
1253 3143 1346 3195 καὶ
1379 3143 1639 3212 ἄρχοντος
1674 3142 1769 3196 τοῦ
1798 3161 1993 3214 χρυσο-

2105 3141 2310 3196 cellarii
2361 3149 2418 3193 et
2482 3138 2785 3193 auriﬁcinie
2846 3137 3175 3207 pra‘positi,
3243 3144 3302 3190 et
3362 3133 3691 3189 Theodoriti

419 3232 621 3304 χοείου,
649 3235 741 3289 καὶ
763 3235 1113 3307 Θεοδωρήτου
1164 3238 1503 3303 κοιτωνίτου,
1542 3240 1636 3292 καὶ
1680 3240 1995 3311 Δημητρίου

423 3328 706 3398 βασιλικοῦ
767 3330 1020 3401 νοταρίου
1068 3331 1164 3383 τοῦ
1200 3330 1429 3396 εἰδικοῦ,
1461 3333 1555 3385 καὶ
1602 3334 1872 3387 Νικολάου
1904 3337 1997 3388 τοῦ

419 3420 739 3490 Κουϐάτζη,
775 3422 869 3474 καὶ
893 3422 1146 3476 Θεοδότου
1180 3425 1634 3494 πρωτοκαράϐου,
1676 3426 1723 3478 οἳ
1746 3428 1837 3479 καὶ
1860 3428 1999 3498 ὑπὲρ

420 3515 837 3568 Κωνσταντίνου
880 3515 1144 3585 βασιλέως
1178 3516 1338 3585 δῆθεν
1381 3517 1714 3581 ἐσπούδαζον
1740 3536 1751 3547 ·
1792 3519 1886 3571 καὶ
1936 3519 1999 3589 δὴ

418 3608 765 3676 ἐλεγχθέντες
803 3608 1116 3679 ὲτύφθησαν
1163 3609 1258 3661 καὶ
1285 3610 1343 3661 ἐν
1383 3612 1449 3679 τῇ
1500 3612 1639 3682 μέσῃ
1671 3611 1882 3681 διῆλθον
1908 3614 2004 3665 καὶ

420 3701 704 3772 ὑπερόριοι
730 3702 1094 3772 κατέστησαν.
1127 3702 1183 3753 '0
1206 3702 1261 3755 δὲ
1279 3702 1621 3773 Θεοδώρητος
1637 3704 1718 3774 [Ρ.
1741 3705 1866 3776 576]
1900 3706 2004 3777 ἰδίᾳ

421 3793 482 3844 ὲν
536 3793 614 3863 τῷ
672 3793 951 3863 λεγομένῳ
1011 3796 1301 3865 Τρικόγχῳ
1331 3795 1426 3848 τοῦ
1462 3798 1729 3849 παλατίου
1779 3798 2005 3864 τυφθεὶς

422 3887 518 3940 καὶ
561 3887 724 3948 αὐτὸς
757 3886 1052 3958 ἐξωρίσθη.
1092 3887 1197 3940 Τὸν
1225 3889 1281 3939 δὲ
1337 3889 1695 3959 σακελλάριον
1739 3891 2005 3946 Ἀναστά-

422 3997 541 4034 σιον
563 3980 865 4050 ἀπέκειραν
897 3980 956 4032 ἐν
991 3982 1058 4049 τῇ
1094 3983 1229 4049 μονῇ
1280 3980 1389 4032 τῶν
1425 3981 1724 4049 Ἐλεγμῶν,
1760 3982 1885 4037 ἔνθα
1913 3986 2007 4039 καὶ

422 4076 670 4146 τελευτᾷ.
699 4074 811 4141 Τῆς
835 4073 1090 4142 τοιαύτης
1110 4073 1164 4125 δὲ
1186 4075 1513 4145 προφάσεως
1538 4076 1836 4144 λαϐόμενος
1877 4078 2009 4129 Ῥω-

427 4167 598 4236 μανδς
652 4167 743 4220 τὸν
791 4166 1019 4236 βασιλέα
1074 4168 1484 4220 Κωνσταντῖνον
1534 4168 1855 4231 ὑποδιδάζει
1914 4170 2008 4223 καὶ

423 4259 678 4329 δεύτερον
732 4259 1084 4329 καθίστησιν,
1136 4258 1300 4312 αὑτὸν
1345 4258 1402 4311 δὲ
1446 4259 1679 4329 προάγει
1710 4260 1790 4322 εἰς
1822 4258 1881 4311 τὸ
1913 4259 2012 4329 ἐμ-

392 4364 395 4367 ·
424 4351 683 4422 προσθεν.

493 4445 624 4514 η-θθ.
642 4443 1027 4513 Ἐκστρατεύει
1044 4444 1099 4496 δὲ
1119 4445 1280 4498 πάλιν
1296 4444 1523 4512 Συμεὼν
1539 4445 1679 4497 κατὰ
1695 4443 2006 4514 Ῥωμαίων,

424 4536 522 4592 καὶ
552 4538 733 4608 πλήθη
767 4538 1094 4607 Βουλγάρων
1122 4538 1453 4601 ἀποστείλας
1471 4538 1585 4608 ἅμα
1612 4540 1887 4608 Καυκάνῳ
1910 4541 2005 4592 καὶ

422 4629 658 4700 Μηνικῷ
702 4630 798 4682 καὶ
829 4631 1056 4699 ἑτέροις,
1094 4630 1351 4682 ἐκέλευσε
1387 4630 1527 4683 κατὰ
1558 4631 1657 4699 τῆς
1690 4631 1899 4691 πόλεως
1923 4632 2005 4683 ὅτι

422 4722 655 4792 τάχιστα
705 4721 1035 4788 ἐξελαύνειν.
1092 4722 1402 4784 Διελθόντες
1434 4721 1527 4775 οὖν
1578 4717 1724 4775 οὗτοι
1770 4723 1859 4776 διὰ
1896 4723 2004 4776 τῶν

422 4815 566 4884 ὀρῶν
597 4810 759 4884 ἦλθον
791 4814 954 4884 μέχρι
1013 4815 1123 4866 τῶν
1171 4815 1500 4882 Μαγγλαόᾶ.
1551 4816 1662 4884 Τὴν
1717 4815 1897 4869 αὐτῶν
1947 4816 2005 4868 δὲ

423 4905 610 4976 ἔφοδον
637 4906 826 4975 μαθὼν
858 4910 886 4960 ὁ
922 4907 1174 4977 βασιλεὺς
1210 4906 1509 4975 Ῥωμανὺς,
1539 4907 1895 4976 λογισάμενος
1932 4907 2006 4979 μὴ

420 5000 493 5053 τὰ
520 4999 629 5051 τῶν
660 5001 860 5069 Πηγῶν
887 5000 1125 5054 παλάτια
1175 5000 1268 5053 καὶ
1316 4999 1377 5052 τὸ
1431 5000 1623 5053 Στενδν
1651 5000 2008 5064 κατελθόντες

424 5090 805 5160 ἔμπρήσωσιν,
856 5091 1110 5160 Ἰωάννην
1172 5091 1459 5162 ραίκτωρα
1513 5090 1835 5145 ἀποστέλλει
1891 5093 2009 5161 ἅμα

423 5181 616 5233 Λέοντι
641 5181 734 5234 καὶ
768 5182 927 5251 Πόθῳ
960 5184 1070 5245 τοῖς
1109 5184 1397 5251 Ἀργυροίς
1422 5184 1759 5253 λεγομένοις,
1782 5184 2008 5252 ἔχοντας

426 5272 549 5341 μεθ’
578 5272 788 5326 ἑαυτῶν
820 5273 1022 5342 πλῆθος
1054 5276 1239 5328 ἱκανὸν
1266 5275 1329 5328 ἐκ
1360 5292 1419 5327 τε
1456 5276 1565 5328 τῶν
1596 5276 1893 5346 βασιλικῶν
1915 5277 2009 5329 καὶ

421 5363 523 5443 τῆς
579 5364 857 5433 ἑταιρείας
887 5366 982 5418 καὶ
1026 5365 1133 5418 τῶν
1186 5368 1503 5437 ταγμάτων.
1557 5362 1653 5430 Οἷς
1719 5369 1883 5436 συνῆν
1913 5367 2008 5421 καὶ

438 5454 675 5533 Ἀλέξιος
710 5459 1042 5528 ὁπατρίκιος
1074 5460 1167 5513 καὶ⁵
1202 5460 1566 5530 δρουγγάριος
1599 5460 1708 5513 τῶν
1745 5460 2009 5530 πλωῖμων

423 5545 452 5596 ὁ
484 5548 717 5617 Μωσηλὲ
750 5550 795 5582 ⁸³
830 5551 971 5619 μετὰ
1016 5553 1111 5604 τοῦ
1144 5551 1274 5605 λαοῦ
1337 5552 1527 5606 αὐτοῦ.
1559 5548 1667 5607 Ἦν
1704 5552 1761 5604 δὲ
1818 5551 1858 5604 ε’
1900 5551 2008 5605 τῶν

426 5640 713 5706 Νηστειῶν
741 5644 995 5714 ἑϐδομὰς.
1025 5643 1384 5710 Διατάξαντες
1408 5645 1501 5700 οῦν
1529 5645 1621 5699 τὸν
1653 5644 1783 5697 λαδν
1813 5645 1870 5696 ὲν
1894 5645 2008 5707 τοῖς

2100 3233 2453 3295 cubicularii,
2491 3248 2555 3286 ac
2588 3231 3051 3285 Demetriiaerarii
3089 3228 3289 3299 privati
3325 3228 3552 3291 notarii,
3585 3240 3692 3281 nec

2101 3344 2212 3381 non
2244 3326 2453 3381 Nicolai
2482 3325 2729 3379 Cubitzis
2765 3332 2821 3377 et
2866 3322 3134 3377 Theodoti
3172 3320 3550 3390 protocarahi;
3592 3322 3690 3387 qui

2101 3431 2157 3478 et
2183 3420 2546 3475 Constantino
2578 3418 2767 3486 utique
2809 3415 3123 3485 imperatori
3156 3415 3476 3469 studebant.
3537 3413 3692 3467 Con-

2103 3515 2234 3570 victi
2258 3530 2409 3576 vero,
2441 3512 2769 3567 verberibus
2794 3510 3007 3564 subacti
3030 3525 3093 3563 ac
3124 3524 3220 3577 per
3247 3508 3487 3561 mediam
3525 3494 3693 3560 delati

2105 3608 2326 3670 urbem,
2374 3606 2430 3659 in
2475 3605 2727 3659 exsilium
2761 3604 2925 3673 ejecti
2952 3610 3103 3656 sunt.
3138 3600 3513 3654 Theodoritus
3536 3613 3693 3651 seor-

2107 3717 2227 3757 sum
2253 3701 2309 3754 in
2337 3699 2646 3753 Triconcho
2674 3698 2863 3750 Palatii
2893 3696 3223 3763 caesus,ipse
3251 3708 3470 3762 quoque
3499 3690 3694 3745 exsilio

2108 3796 2380 3865 relegatus
2437 3801 2543 3848 est.
2606 3790 2955 3844 Anastasium
3004 3804 3175 3858 porro
3224 3785 3595 3841 Sacellarium.
3635 3784 3694 3837 in

2108 3890 2462 3957 Elegmorum
2509 3884 2906 3938 monasterium
2960 3882 3184 3935 caesarie
3222 3881 3562 3943 multarunt,
3598 3879 3695 3932 ubi

2108 3979 2272 4048 893
2301 3986 2359 4031 et
2392 3976 2650 4030 moritur.
2704 3974 2782 4027 Eo
2810 3974 3093 4026 Romanus
3132 3980 3398 4039 prmtextu
3443 3985 3507 4022 ac
3535 3984 3697 4023 occa~

2111 4070 2264 4123 sione
2322 4067 2747 4122 Constantinum
2795 4064 3182 4132 imperatorem
3234 4060 3426 4129 dejicit
3482 4074 3546 4112 ac
3604 4074 3695 4112 se-

2111 4160 2296 4217 cundo
2349 4158 2546 4215 ordine
2596 4154 2908 4221 constituit,
2963 4153 3182 4224 sibique
3227 4153 3342 4222 ipse
3373 4152 3582 4222 primas
3613 4159 3696 4205 at-

2114 4253 2331 4310 tribuit.

2185 4432 2305 4486 8-9.
2346 4430 2583 4501 Symeon
2640 4442 2771 4481 vero
2819 4426 3085 4480 adversus
3140 4425 3418 4478 Romanos
3475 4435 3696 4474 rursum

2111 4526 2297 4594 copias
2335 4522 2566 4587 educit;
2613 4521 2889 4588 missaque
2930 4518 3290 4586 Bulgarorum
3342 4511 3699 4568 multitudine

2112 4636 2237 4676 cum
2268 4618 2524 4674 Caucano
2554 4625 2611 4670 et
2642 4613 2853 4668 Menico
2892 4612 3148 4681 aliisque,
3190 4609 3415 4665 mandat
3443 4618 3503 4663 ut
3530 4623 3697 4677 quam

2113 4710 2399 4767 celerrime
2416 4707 2680 4761 adversus
2698 4703 2893 4757 urbem
2913 4702 3175 4770 impetum
3196 4701 3393 4755 ferant.
3414 4697 3698 4767 Superatis

2114 4805 2298 4873 itaque
2325 4800 2627 4866 montibus,
2658 4806 2713 4852 et
2743 4813 2838 4866 per
2858 4810 2955 4850 eos
2976 4795 3277 4864 dirigentes
3301 4794 3428 4849 iter.
3452 4794 3519 4846 ad
3550 4792 3698 4845 Man-

2115 4896 2273 4967 glaba
2302 4909 2476 4963 usque
2501 4898 2889 4962 pervenerant.
2927 4886 3158 4957 Cognita
3198 4896 3381 4939 autem
3416 4885 3698 4938 Romanus

2115 4990 2413 5057 imperator
2457 4986 2654 5039 horum
2692 4981 3034 5051 irruptione,
3076 4978 3284 5033 veritus
3311 4993 3380 5030 ne
3429 4980 3697 5045 Pegarum

2115 5079 2294 5149 regias
2348 5077 2495 5132 aedes
2546 5076 2885 5142 Stenumque
2937 5071 3063 5125 inde
3114 5068 3271 5124 effusi
3316 5067 3695 5128 incenderent,

2114 5178 2383 5233 Joannem
2416 5182 2684 5228 rectorem
2708 5186 2814 5223 una
2837 5183 2960 5223 cum
2984 5167 3166 5221 Leone
3190 5174 3245 5218 et
3268 5161 3442 5217 Potbo
3476 5160 3701 5229 Argyris

2119 5272 2198 5326 ire
2215 5270 2398 5339 jussit,
2420 5267 2602 5321 valido
2626 5281 2690 5319 ex
2716 5260 3060 5333 prtetorianis
3077 5268 3132 5313 et
3162 5255 3442 5311 foederatis
3467 5254 3699 5320 aliisque

2116 5364 2437 5421 cohortibus
2488 5359 2723 5415 conflato
2773 5355 3039 5410 exercitu.
3104 5351 3303 5405 Adibat
3361 5357 3416 5402 et
3476 5345 3700 5399 Alexius

2117 5455 2321 5509 Muscle
2346 5451 2611 5522 patricius
2647 5448 2837 5517 reique
2858 5445 3068 5499 navalis
3096 5440 3447 5510 drungarius,
3484 5452 3607 5492 cum
3632 5436 3699 5491 iis

2118 5548 2294 5617 copiis
2323 5546 2528 5616 quibus
2562 5542 2850 5613 praefectus
2893 5548 3030 5594 erat.
3077 5536 3353 5606 Agebatur
3391 5532 3581 5603 quinta
3614 5531 3699 5599 je-

2112 5641 2400 5713 juniorum
2449 5634 2813 5694 hebdomade.
2868 5632 2926 5688 In
2974 5627 3377 5701 campestribus
3422 5626 3603 5692 itaque
3635 5636 3699 5675 ac

1696 5736 1930 5792 νΛΙὶΙίΕ
1985 5735 2391 5797 LECTIONES.

501 5837 544 5868 δ’
572 5836 767 5901 αὐτοὺς
804 5836 1045 5892 additum
1083 5851 1112 5890 e
1143 5852 1193 5907 p.
1223 5834 1329 5889 ἓίῖ
1361 5850 1409 5889 c.

1502 5834 1544 5864 ’⁵³
1574 5833 1822 5888 Μουσελὲ
1852 5849 1904 5903 p.
1938 5832 2044 5887 4:28
2081 5849 2109 5888 c
2134 5832 2196 5887 d.
