4128 6452
429 360 544 423 955

1710 354 2040 416 GEORGII
2081 352 2425 415 MONACHI

3618 358 3726 421 956

427 469 874 545 depressioribus
925 470 1193 541 charum
1244 467 1405 532 locis,
1462 467 1660 523 castris
1715 465 2023 538 dispositis,

2132 465 2367 532 πεδινοῖς
2393 464 2489 520 καὶ⁸
2527 464 2976 539 χθαμαλωτέροις
3001 468 3190 532 τόποις
3218 468 3329 523 τῶν
3358 468 3583 541 Πηγῶν,
3616 472 3729 527 τῶν

432 566 789 637 Bulgarisque
817 575 1028 619 armata
1071 579 1237 618 manu
1268 579 1300 618 e
1342 562 1727 633 superioribus
1768 562 2035 619 editiore-

428 676 536 730 que
558 658 769 714 tumulo
786 657 1221 725 emergentihus,
1244 655 1636 726 horrendoque
1660 672 1723 711 ac
1748 655 2034 711 incondito

425 750 667 804 clamore
714 747 1115 817 strepentibus,
1143 748 1491 817 maximoque
1530 748 1741 817 impetu
1764 747 2034 802 irruenti-

428 841 551 904 bus,
585 839 828 895 Joannes
860 849 1044 895 rector
1078 840 1228 895 illico
1268 840 1448 911 fugam
1492 840 1712 910 arripit,
1761 840 2033 895 Photinus

427 934 746 1005 Platypodis
802 934 949 989 filius
998 934 1190 990 tuendi
1236 935 1384 988 illius
1438 948 1603 987 causa
1655 932 2031 988 concertando

426 1034 681 1087 necatur,
709 1034 765 1080 et
787 1026 879 1079 alii
906 1026 1085 1080 multi.
1110 1027 1209 1081 Vix
1236 1026 1421 1094 itaque
1448 1040 1638 1095 sospes
1663 1025 1717 1079 in
1748 1026 2028 1081 triremem

432 1115 720 1187 ingressus
749 1124 853 1172 est.
902 1116 1064 1171 Venit
1104 1131 1239 1170 vero
1275 1123 1521 1169 armatus
1550 1115 1771 1187 fugiens
1803 1116 2031 1173 Alexius

428 1207 762 1279 drungarius
816 1208 1059 1273 Musele;
1107 1223 1209 1262 nec
1263 1216 1543 1263 armatura
1594 1208 1777 1279 gravis
1824 1210 2030 1265 celocis

433 1300 638 1356 scalam
676 1301 964 1356 commode
991 1300 1124 1355 satis
1153 1300 1421 1356 scandere
1453 1301 1664 1367 valens,
1708 1300 1877 1373 894
1919 1317 2028 1356 una

430 1410 555 1451 cum
608 1409 707 1448 suo
756 1393 1247 1462 protomandatore
1294 1409 1541 1464 praeceps
1580 1395 1635 1448 in
1679 1410 1831 1450 mare
1871 1402 2027 1449 actus

430 1484 590 1555 aquis
624 1482 921 1538 suffocatus
950 1493 1052 1538 est.
1088 1484 1267 1538 Ambo
1294 1483 1488 1556 Argyri
1513 1484 1638 1555 fuga
1660 1485 1715 1538 in
1737 1485 2025 1540 castellum

428 1585 743 1632 evaserunt.
772 1576 1004 1631 Navales
1027 1592 1091 1631 ac
1121 1577 1348 1646 reliquae
1370 1592 1563 1631 omnes
1591 1578 1788 1648 copia},
1824 1576 2024 1646 partim

428 1670 675 1725 hostium
722 1669 996 1740 fugientes
1028 1685 1224 1725 manus
1255 1671 1309 1724 in
1351 1671 1494 1726 mari
1542 1671 1827 1726 exstinctae
1873 1680 2021 1737 sunt,

428 1763 625 1832 partim
682 1761 830 1817 ferro
863 1764 1171 1832 perierunt,
1222 1764 1421 1833 partim
1466 1765 1613 1819 inter
1663 1762 2023 1836 Bulgarorum

430 1854 720 1909 manubias
754 1856 955 1924 captivi
994 1854 1121 1911 facti
1154 1865 1303 1910 sunt.
1330 1858 1500 1912 Porro
1531 1856 1772 1926 Bulgari,
1804 1857 2061 1931 nemine;

428 1946 538 2001 illis
573 1948 901 2008 obsistente,
934 1957 1048 2001 tum
1079 1949 1347 2018 Pegarum
1379 1948 1560 2017 regias
1586 1949 1733 2005 aedes
1766 1948 2027 2005 incende-

429 2049 581 2105 runt,
634 2050 749 2095 tum
784 2040 1013 2096 Stenum
1048 2056 1212 2096 omne
1255 2042 1365 2112 igni
1392 2052 1772 2097 vastaverunt.
1807 2041 1899 2097 Sic
1937 2041 2027 2096 ni-

430 2131 635 2186 mirum
692 2120 899 2202 grande
954 2133 1160 2188 malum
1207 2133 1424 2189 consilii
1492 2134 1675 2203 inopia
1731 2148 2027 2204 rerumque

431 2223 855 2291 tnexperientia,
882 2222 971 2277 cui
1003 2222 1235 2278 audacia
1263 2238 1327 2278 ac
1378 2224 1663 2279 temeritas
1709 2233 1911 2293 praesto
1941 2231 2029 2278 est

428 2314 556 2383 adju
567 2324 675 2384 tatq
686 2332 775 2369 ue.

499 2409 585 2460 10.
644 2408 935 2462 Februarii
981 2410 1189 2463 mensis
1236 2409 1325 2463 die
1382 2409 1668 2480 vigesima,
1723 2412 2027 2468 indictione

428 2499 668 2565 decima,
717 2501 955 2555 moritur
1006 2501 1294 2556 Theodora
1347 2498 1577 2557 Romani
1627 2519 1812 2570 uxor;
1870 2506 2029 2575 cujus

424 2609 634 2664 corpus
688 2595 1003 2666 depositum
1059 2596 1114 2650 in
1162 2595 1336 2665 ipsius
1388 2596 1621 2651 Romani
1679 2597 2029 2669 imperatoris

426 2688 615 2754 domo,
644 2705 807 2760 quam
853 2691 901 2744 is
939 2690 993 2745 in
1028 2690 1429 2746 monasterium
1454 2700 1713 2747 verterat.

505 2874 588 2927 ll.
620 2872 822 2929 Eodem
849 2889 1036 2929 mense
1081 2881 1382 2928 coronatur
1404 2873 1609 2943 Sophia
1637 2872 2024 2942 Christophori

428 2967 785 3036 imperatoris
821 2981 981 3021 uxor.
1006 2966 1086 3022 Eo
1131 2966 1252 3036 ipso
1283 2975 1528 3036 tempore
1559 2967 1684 3022 lber
1709 2967 2026 3036 curopalata

433 3059 626 3114 urbem
663 3059 841 3129 petiit,
876 3075 939 3116 ac
974 3076 1075 3131 per
1102 3060 1349 3116 medium
1381 3059 1561 3115 forum
1593 3060 1868 3117 deductus
1905 3075 2021 3116 ma-

2138 560 2468 632 Βουλγάρων
2516 558 2724 614 ἄνωθεν
2760 560 3147 632 ἀναφανέντων
3208 561 3451 616 ὲνόπλων
3504 566 3596 618 καὶ
3627 564 3724 639 βιιῆ

2134 651 2500 721 χρησαμένων
2550 650 2751 721 ἀσήμῳ
2784 651 2880 704 καὶ
2938 651 3149 723 φοϐερᾷ
3178 651 3273 705 καὶ
3338 653 3721 724 σφοδροτάταις

2132 743 2522 798 ἐπελασάντων
2557 745 2679 797 κατ’
2708 744 2886 799 αὑτῶν
2914 743 3106 812 φεύγει
3138 744 3238 814 μὲν
3267 743 3520 814 παρευθὺ
3544 745 3692 800 ’ῐωάν

2135 837 2278 904 νηςὸ
2303 838 2571 907 ραίκτωρ,
2608 835 2907 904 σφάττεται
2938 835 2995 888 δὲ
3027 835 3165 906 ὑπὲρ
3214 835 3407 889 τούτου
3456 837 3692 905 ἀγωνιζέ

2135 943 2297 995 μενος
2329 927 2358 978 ό
2389 925 2486 979 τοῦ
2541 926 2892 990 Πλατύποδος
2945 927 3057 990 υίὸς
3089 927 3354 989 Φωτεινὸς
3382 928 3477 981 καὶ
3538 928 3702 983 πολλο

2131 1020 2330 1090 ἕτεροι.
2352 1019 2522 1083 Μόλις
2540 1016 2633 1075 οῦν
2649 1019 2937 1085 διασωθεὶς
2959 1019 3209 1091 εἰσῆλθεν
3230 1022 3308 1086 εἰς
3332 1022 3425 1075 τὸν
3440 1023 3697 1094 δρόμωνα

2129 1105 2301 1165 Ἦλθε
2329 1112 2388 1165 δὲ
2421 1111 2640 1182 φεύγων
2674 1111 2898 1177 ἔνοπλος
2937 1112 3076 1182 μετὰ
3115 1113 3394 1183 δρόμωνος
3428 1116 3520 1168 καὶ
3560 1114 3690 1168 Ἀλό

2132 1203 2243 1270 ξιος
2260 1205 2621 1276 δρουγγάριος
2643 1206 2671 1257 ὁ
2690 1204 2944 1275 Μουσηλέ
2968 1222 2982 1236 ·
3005 1204 3101 1259 καὶ
3127 1205 3202 1278 μὴ
3226 1206 3454 1276 ἰσχύσας
3472 1208 3698 1261 άνελθεῖο

2134 1298 2229 1351 ἐπὶ
2256 1298 2357 1368 τὴν
2387 1297 2481 1351 τοῦ
2514 1299 2793 1369 δρόμωνος
2826 1298 3166 1369 ἀναϐἀθραν,
3213 1299 3396 1355 πεσὼν
3429 1302 3490 1353 ὲν
3525 1304 3591 1372 τῇ
3626 1302 3709 1355 θα

2130 1394 2304 1464 λάσσῃ
2361 1394 2458 1448 σὺν
2486 1393 2562 1465 τῷ
2592 1392 2757 1447 αὑτοῦ
2792 1392 3300 1465 πρωτομανδάτωρι
3323 1396 3627 1467 ἀπεπνίγη.
3655 1397 3720 1450 Οί

2141 1485 2398 1556 Ἀργυροὶ
2426 1486 2483 1538 δὲ
2521 1488 2579 1540 ὲν
2612 1485 2690 1555 τῷ
2730 1485 3032 1555 καστελλίῳ
3064 1488 3327 1557 φυγόντες
3352 1488 3718 1560 διεσώθησαν.

2130 1574 2375 1645 Πλώῖμοι
2407 1576 2463 1629 δὲ
2503 1576 2594 1630 καὶ
2627 1576 2689 1628 τὸ
2719 1576 2905 1630 λοιπὸν
2939 1576 3087 1631 ἅπαν
3121 1578 3347 1659 πλῇθος,
3383 1580 3436 1633 οἱ
3492 1581 3592 1652 μὲν
3622 1581 3721 1648 τὰς

2128 1668 2237 1722 τῶν
2264 1669 2543 1740 πολεμίων
2565 1672 2757 1741 χεῖρας
2785 1670 3084 1741 φεύγοντες
3111 1673 3171 1725 έν
3223 1677 3291 1745 τῇ
3330 1673 3575 1747 θαλάσσῃ
3617 1677 3722 1731 ὰπ-

2137 1763 2470 1831 επνίγησαν,
2521 1763 2573 1816 οἱ
2598 1763 2655 1817 δὲ
2683 1764 2907 1834 σιδήρου
2941 1763 3200 1833 γεγόνασι
3234 1768 3635 1838 παρανάλωμα,
3669 1770 3721 1823 oi

2130 1855 2186 1909 δὲ
2216 1856 2374 1925 χερσὶ
2394 1856 2799 1927 Βουλγαρικαῖς
2819 1856 3160 1926 αἰχμάλωτοι
3186 1858 3624 1929 συνελήφθησαν.
3654 1862 3719 1916 Οί

2130 1949 2186 2003 δὲ
2217 1949 2521 2019 Βούλγαροι
2581 1951 2788 2020 μηδένα
2840 1951 2930 2004 τὸν
2959 1950 3245 2006 κωλύοντα
3286 1952 3504 2022 ἔχοντες
3558 1956 3627 2010 τά
3659 1973 3720 2011 τι

2131 2043 2375 2098 παλάτια
2419 2043 2528 2097 τῶν
2582 2043 2783 2114 Πηγῶν
2824 2043 3217 2115 ἐπυρπόλησαν
3260 2047 3357 2099 καὶ
3413 2046 3476 2100 τὺ
3530 2048 3722 2103 Στενὸν

2130 2136 2279 2191 ἅπαν
2329 2136 2699 2191 κατέκαυσαν.
2753 2136 2944 2201 Οὕτως
2979 2136 3089 2209 ἄρα
3116 2138 3291 2192 δεινὸν
3348 2139 3578 2194 ἀϐουλία
3626 2141 3724 2195 καὶ

2132 2228 2360 2300 ἀπειρία
2393 2228 2713 2301 θρασύτητα
2748 2229 3038 2300 σύμμαχον
3066 2228 3290 2299 ἔχουσα.

2205 2413 2254 2458 ι’.
2294 2406 2485 2461 Είκάδι
2515 2407 2572 2460 δὲ
2623 2406 2980 2478 Φεϐρουαρίῳ
3020 2409 3152 2479 μηνὶ
3202 2409 3253 2464 κ’
3273 2410 3339 2477 ⁵⁸,
3392 2409 3725 2476 ίνδικτιωνος

2134 2496 2186 2561 ι’,
2227 2498 2480 2569 Θεοδώρα
2526 2497 2758 2570 σῦμϐιος
2800 2499 3084 2569 Ῥωμανοῦ
3144 2500 3408 2574 τελευτᾷο
3453 2504 3547 2556 καὶ
3589 2519 3721 2557 κατ·

2130 2592 2288 2661 ετέθη
2341 2592 2402 2645 τὸ
2428 2592 2589 2660 σῶμα
2636 2593 2805 2662 αὐτῆς
2836 2593 2895 2645 έν
2923 2593 3001 2662 τῷ
3048 2593 3181 2663 οῐκῳ
3206 2594 3377 2649 αὑτοῦ
3423 2594 3520 2649 τοῦ
3568 2596 3721 2668 βασι-

2129 2684 2265 2747 λέως
2317 2684 2620 2754 Ῥωμανοῦ,
2645 2683 2723 2756 τῷ
2746 2684 2837 2737 ὑπ’
2869 2683 3036 2739 αὑτοῦ
3061 2686 3142 2749 είς
3172 2687 3536 2761 μοναστήριον
3561 2687 3721 2759 ἀμει-

2130 2774 2337 2844 φθέντι.

2205 2867 2289 2939 [Ρ.
2328 2868 2457 2940 57η
2490 2868 2579 2923 ια’.
2615 2868 2706 2938 Τῷ
2738 2868 2783 2922 δ’
2819 2869 2968 2940 αὑτῷ
3002 2870 3133 2941 μηνὶ
3184 2870 3442 2939 στέφεται
3480 2871 3651 2940 Σοφία
3686 2872 3720 2943 ἠ

2127 2958 2224 3014 τοῦ
2258 2959 2521 3029 βασιλέως
2549 2961 2925 3032 Χριστοφόρου
2977 2964 3136 3031 γυνή.
3168 2962 3484 3033 Τηνικαῦτα
3516 2963 3574 3017 δὲ
3626 2966 3719 3017 καὶ

2130 3053 2549 3126 κουροπαλάτης
2570 3054 2689 3125 Ἴϐη
2699 3072 2729 3124 ρ
2752 3056 2810 3109 ἐν
2835 3057 2902 3126 τῇ
2932 3054 3084 3108 πόλει
3110 3055 3469 3127 παρεγένετο,
3507 3056 3602 3109 καὶ
3631 3057 3723 3112 διὰ

428 3151 630 3222 gnifico
650 3160 917 3222 apparatu
938 3161 1219 3219 ornatum,
1234 3153 1380 3208 clara
1403 3166 1604 3222 pompa
1626 3160 1794 3221 atque
1816 3151 2029 3206 honore

2133 3146 2308 3217 μέσης
2347 3146 2449 3215 τῆς
2473 3146 2683 3218 ἀγορᾶς
2715 3146 2941 3202 διελθὼν
2986 3148 3412 3220 κεκοσμημένης
3444 3148 3722 3220 λαμπρῶς

428 3251 721 3315 susceptus
761 3254 862 3299 est.
902 3244 1167 3300 Inductus
1195 3254 1279 3300 est
1319 3255 1375 3300 et
1408 3240 1488 3300 in'
1506 3243 1760 3301 Sanctam
1797 3245 1895 3300 Dei
1929 3244 2030 3301 So~

431 3336 641 3407 phiam,
665 3338 784 3407 ejus
804 3336 1276 3406 pulchritudinem
1303 3352 1367 3392 ac
1390 3337 1587 3393 molem
1612 3337 2028 3408 pretiosumque

432 3437 691 3485 ornatum
721 3430 1115 3499 inspecturus:
1152 3430 1444 3499 splendide
1479 3445 1717 3500 namque
1744 3442 2026 3498 ornantes,

432 3535 685 3591 auroque
734 3524 900 3577 textis
956 3521 1147 3577 aulaeis
1203 3522 1445 3592 parietes
1491 3523 2025 3591 circumvestientes,

432 3614 727 3684 omnisque
765 3614 985 3685 generis
1018 3614 1172 3670 cultu
1193 3614 1542 3682 decorantes,
1574 3617 1656 3671 sic
1694 3632 1823 3672 eum
1852 3618 2031 3672 admio

433 3721 579 3762 sere.
611 3706 707 3761 llle
753 3706 1060 3763 mirandam
1094 3708 1462 3778 immanisque
1502 3710 1664 3765 molis
1693 3709 1828 3765 aedis
1856 3709 2029 3765 fabri-

437 3813 560 3853 cam
587 3809 833 3869 stupens.
857 3815 1136 3871 supraque
1166 3800 1391 3856 modum
1420 3801 1698 3857 admirans
1726 3803 1877 3859 illius
1902 3819 2030 3873 pre-

436 3890 798 3946 tiosissimum
827 3892 993 3963 895
1022 3894 1255 3959 cultum,
1304 3908 1633 3964 sacrumque
1669 3894 1818 3951 hunc
1844 3895 2029 3951 locum

435 3998 568 4041 vere
593 3984 689 4041 Dei
712 3985 1112 4043 habitationem
1137 3988 1351 4052 dicens,
1383 3988 1610 4044 domum
1636 4005 1897 4045 reversus
1921 3998 2026 4045 est.

512 4162 597 4218 12.
630 4164 844 4220 Rursus
867 4181 999 4220 vero
1031 4181 1220 4222 mense
1250 4166 1415 4222 Junio
1460 4166 1811 4236 expeditione
1839 4182 1869 4221 a
1906 4167 2031 4221 Bul-

436 4256 585 4329 garis
619 4266 894 4326 suscepta.
937 4266 993 4311 et
1037 4273 1161 4311 cum
1200 4257 1280 4311 illi
1325 4256 1575 4327 adusque
1614 4257 1672 4313 S.
1726 4258 2032 4314 Theodore

438 4348 620 4418 regias
649 4348 796 4403 aedes
829 4349 1044 4404 devecti
1076 4349 1176 4403 has
1208 4350 1320 4419 igni
1350 4349 1788 4413 succendissent,
1828 4350 2030 4404 Roma-

439 4456 545 4497 nus
574 4441 872 4510 imperator
899 4440 1178 4510 legionum
1204 4441 1377 4495 duces
1396 4456 1461 4495 ac
1495 4441 1750 4495 tribunos
1773 4441 1840 4495 ad
1866 4457 2028 4511 pran-

2133 3238 2274 3311 μετά
2322 3238 2482 3310 δόξης
2518 3239 2724 3309 πολλῆς
2764 3240 2862 3295 καὶ
2903 3241 3072 3313 τιμῆς
3103 3240 3413 3312 ὑπεδέχθη·
3440 3240 3501 3295 ὃν
3531 3243 3625 3296 καὶ
3661 3242 3721 3295 εν

2129 3334 2197 3402 τῇ
2227 3331 2385 3403 Ἀγίᾳ
2412 3331 2508 3387 τοῦ
2533 3331 2669 3386 Θεοῦ
2692 3332 2864 3405 Σοφίᾳ
2893 3333 3211 3403 εἰσήγαγον,
3237 3333 3298 3386 τὸ
3322 3332 3529 3391 κάλλος·
3546 3333 3723 3403 αὐτῆς

2131 3425 2228 3479 καὶ
2255 3424 2317 3479 τὸ
2336 3424 2571 3495 μέγεθος
2601 3425 2934 3495 θεασόμενον
2957 3427 3158 3480 καὶτὸν
3190 3426 3460 3495 πολυτελῆ
3497 3426 3720 3497 κόσμον.

2131 3517 2600 3582 Καλλωπίσαντες
2654 3518 2765 3589 γὰρ
2794 3519 2965 3589 αὐτὴν
2997 3520 3093 3573 καὶ
3137 3519 3583 3590 περιστείλαντες
3622 3519 3721 3572 πέ-

2132 3609 2289 3673 πλοις
2319 3609 2656 3680 χρυσοῦφέσι
2681 3610 2775 3663 καὶ
2807 3611 2999 3681 κόσμῳ
3032 3610 3295 3680 παντοίῳ,
3319 3609 3462 3663 οὕτω
3495 3610 3721 3679 εισήγα-

2131 3718 2227 3770 γον
2256 3702 2315 3754 ὲν
2359 3700 2529 3772 αὐτῷ.
2567 3702 2624 3756 '0
2650 3702 2710 3756 δὲ
2744 3703 2805 3757 τὸ
2857 3703 3176 3774 θαυμαστὸν
3213 3704 3308 3757 καὶ
3342 3704 3720 3773 ὑπερμέγεθες

2130 3795 2225 3849 τοῦ
2242 3795 2373 3849 ναοῦ
2404 3795 2565 3865 ἔργον
2586 3796 2964 3865 καταπλαγεὶς
2994 3796 3201 3849 καὶτὸν
3222 3795 3494 3864 πολυτελῆ
3521 3795 3721 3865 κόσμον

2132 3888 2606 3959 ὑπερθαυμάσας,
2664 3890 2762 3942 καὶ
2822 3888 3040 3957 άληθῶς
3104 3887 3240 3941 Θεοῦ
3292 3889 3580 3943 κατοικίαν
3649 3881 3726 3942 εῖ-

2131 3997 2219 4034 ναι
2246 3980 2337 4033 τὸν
2359 3980 2538 4051 χῶρον
2562 3980 2752 4035 τοῦτον
2784 3980 2976 4048 εἰπὼν,
3000 3977 3158 4043 αὖθις
3184 3979 3525 4050 ὑπέστρεψεν
3548 3981 3627 4042 εἰς
3655 3978 3724 4031 τὰ

2134 4073 2335 4127 οἰκεῖα.

2210 4165 2295 4236 ιβ’.
2314 4167 2582 4239 Ἰουνίῳδὲ
2603 4168 2733 4240 μηνὶ
2745 4166 2854 4221 τῶν
2872 4165 3199 4236 Βουλγάρων
3216 4165 3381 4220 πάλιν
3397 4166 3729 4236 ἐκστρατευ-

2133 4256 2344 4312 σάντων
2370 4257 2467 4312 καὶ
2498 4257 2661 4327 μέχρι
2685 4256 2795 4311 τῶν
2816 4257 2917 4326 τῆς
2939 4257 3103 4323 ἁγίας
3122 4256 3411 4329 Θεοδώρας
3444 4254 3727 4309 παλατίων

2134 4346 2404 4402 ἐλθόντων
2438 4349 2532 4401 καὶ
2562 4346 2738 4402 ταῦτα
2779 4349 2913 4417 πυρὶ
2940 4348 3315 4419 παραδόντων,
3369 4348 3451 4411 εἰς
3504 4347 3727 4419 ἄριστον

2134 4440 2162 4492 ό
2190 4438 2446 4510 βασιλεὺς
2486 4438 2772 4506 Ῥωμανὸς
2805 4439 2933 4503 τοὺς
2966 4439 3076 4492 τῶν
3121 4439 3426 4510 ταγμάτων
3460 4439 3728 4510 ἄρχοντας

439 4530 596 4585 dium
650 4529 927 4594 invitavit,
974 4530 1124 4584 inter
1175 4545 1317 4600 quos
1368 4539 1490 4585 erat
1540 4547 1704 4601 quem
1756 4531 2029 4588 Sacticem

2137 4533 2488 4597 συνεκάλεσε,
2514 4531 2769 4595 συνόντος
2813 4531 2999 4596 αὐτοῖς
3031 4531 3129 4587 καὶ
3161 4532 3256 4587 τοῦ
3289 4531 3588 4602 λεγομένου
3623 4528 3726 4583 Σα-

442 4630 643 4676 vocant
673 4638 688 4687 ;
721 4621 1159 4692 hortabaturque
1193 4623 1316 4677 illos
1348 4639 1412 4678 ac
1437 4623 1715 4679 excitabat
1746 4633 1806 4678 ιιι
1836 4624 2031 4681 adver—

378 4694 393 4711 ί
443 4726 567 4769 sum
613 4710 802 4767 hostes
871 4712 1091 4766 exirent
1129 4728 1193 4767 ac
1227 4728 1330 4782 pro
1392 4714 1573 4783 patria
1628 4713 2029 4785 depugnarent.

444 4802 745 4861 Assensere
771 4802 869 4865 illi,
895 4811 1061 4873 atque
1085 4804 1292 4859 alacres
1320 4805 1441 4875 ejus
1461 4805 1696 4860 tuendae
1732 4805 2033 4876 majestatis

442 4910 609 4954 causa
640 4909 704 4951 ac
732 4893 1060 4951 Christiana:
1080 4895 1160 4949 rei
1188 4894 1586 4951 incolumitatis
1607 4898 1952 4967 oppetituros
1974 4913 2033 4953 se

446 4996 683 5044 mortem
709 4988 1039 5058 promisere.
1072 4988 1345 5044 Postridie
1363 4988 1551 5061 igitur,
1577 5005 1741 5059 quem
1756 4990 2030 5055 dicebam,

446 5079 712 5143 Sactiees,
756 5081 924 5137 armis
966 5081 1036 5136 ab
1081 5080 1417 5151 imperatore
1454 5082 1761 5136 instructus
1786 5122 1800 5147 ,
1844 5097 2030 5137 veram

446 5189 600 5228 suam
635 5174 717 5228 sic
744 5174 925 5229 datam
957 5174 1122 5230 ﬁdem
1153 5174 1421 5245 fortisque
1449 5173 1618 5230 animi
1647 5175 1732 5228 sui
1772 5175 2032 5231 virtutem

446 5263 693 5319 ostendit
724 5285 735 5318 :
773 5263 1038 5336 Bulgaros
1066 5264 1273 5336 quippe
1308 5281 1336 5319 a
1371 5272 1526 5333 tergo
1554 5279 1832 5332 agressus,
1867 5265 2032 5336 inque

444 5369 638 5410 eorum
686 5364 866 5411 castra
913 5356 1184 5421 insiliens,
1230 5371 1371 5427 quos
1431 5355 1508 5411 ibi
1559 5355 1792 5422 invenit,
1843 5372 2036 5414 omnes

449 5447 768 5504 trucidavit.
831 5448 1049 5519 Bulgari
1110 5448 1206 5503 ubi
1260 5462 1568 5519 cognovere
1615 5447 1764 5518 quod
1820 5457 2031 5519 gestum

447 5550 615 5605 ενοι..
648 5540 707 5595 in
757 5548 939 5596 castra
980 5549 1378 5605 revertuntur;
1432 5548 1799 5609 consertaque
1850 5555 2033 5611 pugna

449 5631 721 5689 Sacticem
756 5631 948 5702 paucis
979 5631 1239 5702 stipatum
1271 5639 1424 5702 terga
1458 5638 1677 5685 vertere
1720 5640 1942 5701 cogunt.
1982 5633 2034 5689 Is

2133 4624 2322 4692 κτίκη,
2359 4623 2455 4677 καὶ⁵
2503 4623 2739 4694 παρῄνει
2765 4623 2978 4688 τούτοις
3009 4624 3105 4678 καὶ
3159 4624 3533 4696 προετρέπετο
3588 4619 3729 4674 κατὰ

2132 4714 2240 4767 τῶν
2268 4713 2529 4767 ἐναντίων
2563 4714 2802 4778 ἐξελθεῖν
2846 4714 2942 4769 καὶ
2975 4717 3075 4785 τῆς
3132 4714 3392 4785 πατρίδος
3428 4714 3725 4781 ὑπεραγω-

2134 4804 2413 4860 νίσασθαι.
2453 4805 2515 4859 Oi
2553 4806 2610 4858 δὲ
2640 4806 2928 4861 συνέθεντο
2954 4808 3189 4877 ἑτοίμως
3229 4806 3329 4874 τῆς
3363 4801 3529 4857 αὑτοῦ
3558 4800 3719 4868 βασι-

2134 4898 2286 4961 λείας
2312 4899 2410 4953 καλ⁵
2430 4897 2538 4952 τῶν
2568 4899 2918 4968 Χριστιανῶν
2948 4896 3488 4969 ὑπεραποθνήσκειν.
3525 4892 3602 4963 Τῇ
3626 4886 3725 4944 οὖν

2136 4990 2398 5061 ἐπαύριον
2426 4990 2819 5056 καθοπλισθεὶς
2847 4990 2999 5059 παρὰ
3031 4989 3127 5043 τοῦ
3161 4987 3426 5058 βασιλέως
3490 4986 3520 5038 ό
3573 4985 3725 5054 εἱρηο

2140 5086 2300 5156 μένος
2318 5084 2602 5156 Σακτίκης
2649 5084 2826 5155 ἀληθῆ
2857 5080 3025 5136 οὖσαν
3064 5082 3162 5151 τὴν
3204 5078 3400 5133 ἑαυτοῦ
3433 5078 3617 5132 πίστιν
3665 5093 3729 5130 τε

2136 5177 2231 5229 καὶ
2261 5175 2487 5247 ἀνδρίαν
2520 5174 2804 5239 ἀπέδειξεν
2827 5192 2841 5205 ·
2877 5171 3105 5227 ὄπισθεν
3132 5170 3243 5242 γὰρ
3267 5170 3377 5225 τῶν
3400 5167 3728 5240 Βουλγάρων

2136 5267 2433 5336 γενόμενος
2486 5267 2582 5320 καὶ
2618 5268 2698 5329 είς
2732 5265 2793 5319 τὸ
2829 5264 3197 5333 στρατόπεδον
3250 5263 3432 5316 αὐτῶν
3467 5259 3730 5331 ἐμπεσὼν

2140 5360 2350 5423 πάντας
2376 5361 2502 5423 τοὺς
2531 5360 2650 5412 ἐκεῖ
2674 5355 2999 5426 εὑρεθέντας
3036 5355 3403 5426 κατέσφαξεν.
3446 5354 3728 5414 Μαθόντες

2136 5447 2231 5508 οὖν
2265 5455 2316 5507 οἱ
2345 5453 2651 5521 Βούλγαροι
2706 5450 2770 5503 τὸ
2804 5451 3033 5518 γεγονὸς
3072 5449 3512 5520 ὑποστρέφουσιν
3557 5449 3615 5502 έν
3652 5445 3730 5515 τῷ

2138 5545 2511 5617 στρατοπέδῳ,
2540 5544 2635 5597 καὶ
2672 5542 2917 5613 πολέμου
2949 5544 3422 5615 συγκροτηθέντος
3459 5539 3729 5610 τρέπουσι

2137 5638 2230 5691 τὸν
2271 5636 2550 5706 Σακτίκην
2579 5634 2677 5689 σὺν
2722 5634 2926 5703 ὀλίγοις
2974 5635 3317 5706 ὑπάρχοντα.
3356 5633 3417 5686 '0
3451 5630 3509 5684 δὲ
3540 5626 3731 5698 ἐπειδὴ

1729 5725 1967 5783 VARUE
2009 5730 2417 5790 LECTIONES.

527 5818 572 5851 “
606 5821 776 5875 εἴκοσι
806 5820 869 5888 Ρ,
902 5820 1085 5877 addito
1120 5827 1163 5875 κ’
1203 5833 1323 5893 post
1368 5821 1529 5894 μηνίς
1560 5821 1631 5877 cf.
1662 5838 1714 5893 ιι.
1739 5819 1845 5887 τις)
1877 5836 1927 5875 a.
