4128 6470
462 360 565 426 957

1560 371 1760 433 νιΤίΕ
1796 373 2354 440 RECENTIORUM
2391 380 2596 445 IMPP.

3629 398 3737 460 958

459 480 725 551 γενναίως
752 480 1162 554 ἀγωνισάμενος
1184 483 1413 550 πολλοὺς
1438 487 1645 545 ἀνελὼν
1666 492 1854 546 οὐκέτι
1881 494 2034 547 ἀντέ-

2143 505 2326 552 autem
2353 507 2580 556 strenue
2610 502 2797 571 praelio
2832 504 3173 573 perfunctus,
3222 508 3459 578 dataque
3492 509 3733 568 hostium

461 590 577 644 χειν
597 571 827 642 ἠδύνατο
872 575 1006 646 πρὸς
1035 575 1095 629 τὸ
1128 576 1334 648 πλῆθος
1359 579 1467 633 τῶν
1492 581 1788 652 πολεμίων,
1820 586 2044 655 μεθίησι
2089 604 2099 614 ο

457 664 555 719 τοῦ
592 666 761 720 ἵππου
794 668 884 721 τὸν
915 669 1133 739 χαλινὸν
1171 672 1265 725 καὶ
1294 673 1376 735 είς
1419 674 1599 745 φυγὴν
1648 678 1903 747 ἧλαυνεν.
1940 682 2043 733 Πο-

459 758 633 829 ταμδν
685 760 742 815 δέ
774 778 895 815 τινα
940 764 1122 817 ἐκεῖσε
1181 768 1569 838 παραρρέοντα
1612 770 1909 842 διαπερῶν,
1946 774 2042 827 τοῦ

463 852 631 905 ίππου
653 854 821 908 αὑτοῦ
845 859 902 909 ὲν
918 860 981 927 τῇ
1005 857 1111 911 ne:
1133 861 1498 930 ἐμπαγέντος,
1516 866 1880 936 τιτρώσκεται
1904 870 2045 923 κατά

458 944 560 1013 τῆς
596 946 760 1017 ἕδρας
806 949 900 1001 καὶ
932 949 1026 1003 τοῦ
1056 950 1255 1021 μηροῦ.
1290 956 1460 1018 Μόλις
1488 952 1581 1010 οὖν
1634 957 1726 1010 τοῦ
1765 959 1932 1011 ἵππου
1980 961 2044 1012 ἐκ

460 1040 560 1107 τῆς
611 1039 756 1102 ἰλύος
812 1041 1276 1110 ἀνασπασθέντος,
1324 1048 1730 1117 συνεργούντων
1779 1050 1889 1105 τῶν
1939 1051 2045 1105 ὑπὸ

459 1136 641 1203 χεῖρα,
669 1134 995 1200 διασώζεται
1022 1137 1182 1207 μέχρι
1213 1139 1323 1192 τῶν
1357 1140 1697 1212 Βλαχερνῶν,
1722 1147 1815 1198 καὶ
1834 1146 2042 1203 τίθεται

459 1230 518 1282 ἔν
565 1233 631 1300 τῇ
683 1231 817 1303 ἁγία
842 1232 1006 1304 σορῷ.
1037 1235 1277 1306 Καιρίας
1308 1237 1409 1306 τῆς
1435 1237 1481 1272 ⁸⁸
1526 1239 1741 1311 πληγῆς
1778 1242 1947 1312 οὔσης
1976 1245 2041 1315 τῇ

457 1323 612 1375 νυκτὶ
647 1324 990 1395 ἐτελεύτησε.

528 1412 617 1482 ιγ’.
671 1416 987 1484 Τηνικαῦτα
1017 1419 1073 1472 δὲ
1103 1422 1197 1473 καὶ
1244 1423 1537 1494 Πετρωνᾶς
1588 1425 2041 1496 αίδεσιμώτατος,

457 1507 751 1575 προστάξει
798 1508 1079 1579 Ῥωμανού
1114 1512 1399 1582 βασιλέως,
1440 1516 1620 1587 ἤγαγε
1676 1517 1927 1585 λάρνακα
1955 1520 2040 1571 ἔν-

455 1597 624 1662 ζωδον
657 1602 750 1653 καὶ
778 1601 941 1673 ἔτερα
966 1603 1060 1657 δύο
1082 1605 1295 1676 γλυφῆς
1326 1608 1662 1677 ἀμοιροῦντα
1716 1612 1782 1664 ἐκ
1821 1613 1920 1682 τῆς
1945 1612 2038 1666 τοῦ

465 1688 650 1757 ’Δγίου
674 1692 971 1759 Μάμαντος
999 1697 1170 1765 μονῆς
1193 1697 1468 1769 ἀνδρείας,
1493 1702 1591 1770 τῆς
1614 1702 1844 1772 πλησίον
1873 1702 2040 1773 οὔσης

452 1777 553 1850 τῆς
592 1783 936 1856 Ξυλοκέρκου
992 1788 1293 1862 λεγομένης
1348 1794 1576 1863 πόρτης,
1634 1798 1693 1848 ὲν
1735 1791 1819 1859 οἷς
1872 1814 2039 1867 φασιν

452 1874 842 1931 ἐναποκεῖσθαι
899 1878 982 1951 [Ρ.
1020 1881 1148 1954 578]
1193 1885 1506 1955 Μαυρίκιον
1566 1889 1663 1940 σὺν
1708 1891 1819 1951 τοῖς
1873 1888 2037 1942 αὑτοῦ

452 1969 644 2022 παισίν
662 1986 676 1999 ’
712 1969 749 2024 ἂ
771 1972 867 2024 καὶ
889 1974 1131 2045 άπετέθη
1159 1976 1217 2031 ὲν
1238 1979 1302 2048 τῇ
1327 1977 1420 2031 τοῦ
1454 1978 1723 2049 βασιλέως
1756 1985 1889 2052 μονῇ
1920 1982 2038 2054 ἦτοι

451 2064 534 2127 είς
564 2066 623 2118 τὸ
652 2067 984 2136 Μυρέλαιον.
1925 2091 1942 2110 ⁸

523 2156 605 2211 ιδ’.
655 2159 936 2230 Ἀδριανὸς
979 2163 1035 2216 δέ
1062 2181 1145 2228 τις
1198 2165 1426 2230 Χάλδος,
1473 2169 1608 2239 πρὸς
1638 2170 1693 2222 δὲ
1728 2170 1824 2224 καὶ
1862 2171 2039 2237 Τζάν-

451 2248 585 2317 τζης
618 2250 664 2281 ⁸⁸
702 2250 990 2321 ’Λρμένιος
1024 2255 1280 2320 πλούσιος
1326 2258 1490 2321 πάνυ,
1532 2264 1597 2331 τῇ
1636 2262 1890 2335 ὑποθήκῃ
1942 2266 2037 2319 καὶ

454 2339 734 2412 συμϐουλῇ
780 2345 961 2416 Βάρδα
1018 2348 1110 2411 τοῦ
1178 2350 1340 2403 Βόῖλα
1374 2353 1419 2382 ⁵⁷
1479 2346 1915 2423 στρατηγοῦντος
1974 2359 2034 2411 ἐν

450 2432 678 2506 Χαλδίᾳ,
731 2438 1022 2507 τυραννίδα
1062 2441 1157 2493 καὶ
1206 2442 1506 2513 άνταρσίαν
1566 2446 1707 2499 κατά
1750 2448 2034 2517 Ῥωμανοῧ

451 2524 719 2595 βασιλέως
774 2533 1194 2595 συσκευάζουσι,
1248 2534 1310 2587 τὸ
1360 2537 1638 2609 Παῖπερτε
1669 2539 2034 2609 λεγόμενονί⁸

448 2618 713 2690 ὀχύρωμα
745 2625 1113 2693 κατασχόντες
1139 2643 1152 2657 ⁸
1176 2625 1272 2689 οὒς
1296 2630 1323 2679 ὁ
1343 2628 1451 2680 τῶν
1485 2631 1689 2697 σχολῶν
1719 2632 2034 2701 δομέστικος

462 2713 719 2785 Ἰωάννης
790 2717 819 2767 ὁ
876 2718 1126 2785 Κροκόας
1179 2717 1224 2753 ⁸9
1259 2721 1720 2791 καταπολεμήσας
1762 2726 1888 2788 τοὺς
1936 2727 2035 2795 μὲν

446 2807 735 2875 κατέσχεν,
777 2802 850 2859 ὧν
891 2812 1018 2873 τοὺς
1053 2814 1558 2883 περιφανεστέρους
1586 2816 1907 2885 ἀποτυφλοῖ,
1936 2820 2033 2882 τὰς

445 2897 637 2960 οὐσίας
673 2899 856 2952 αὐτῶν
885 2900 1187 2971 δημεύσας,
1215 2904 1344 2966 τοὺς
1370 2905 1427 2957 δὲ
1463 2910 1757 2977 πενιχροὺς
1778 2910 1870 2961 καὶ
1894 2911 2031 2982 ἀσή-

450 3006 583 3056 μους
604 2990 811 3053 ἀθώους
842 2994 1107 3058 κελεύσας
1134 2996 1255 3048 ὅποι
1280 2995 1558 3065 βούλοιντο
1584 3000 1827 3055 ἀπιέναι.
1855 3002 2031 3065 Τζὰν-

442 3082 578 3150 τζης
611 3083 667 3137 δὲ
714 3086 773 3137 ὲν
838 3086 1011 3156 ἑτέρῳ
1050 3088 1380 3157 ὀχυρωτάτη)
1414 3091 1718 3163 καστελλίῳ
1750 3095 2031 3163 διαφυγὼν

2070 1846 2114 1901 Β

2147 589 2356 660 ingenti
2390 600 2593 663 strage,
2622 610 2748 649 cum
2787 605 2951 651 tanta:
2973 612 3166 653 eorum
3192 601 3537 656 multitudini
3569 607 3736 660 susti-

2146 681 2339 735 nendae
2363 682 2600 751 amplius
2620 700 2719 752 par
2736 700 2844 738 non
2862 697 3030 750 esset,
3056 687 3250 742 laxatis
3272 688 3504 746 habenis
3525 707 3733 760 equum

2146 774 2211 829 ad
2244 774 2423 845 fugam
2460 776 2708 846 impellit.
2749 779 2885 833 Dum
2915 788 3099 835 autem
3128 784 3589 851 praeterfluentem
3625 785 3733 840 ﬂu-

2145 868 2295 921 vium
2324 869 2615 938 quemdam
2646 878 2819 925 tentat
2866 873 3139 941 trajicere,
3179 888 3322 943 equo
3358 875 3413 928 in
3452 876 3583 930 limo
3623 877 3733 931 hae-

2147 971 2302 1015 rente
2327 962 2526 1015 vulnus
2551 962 2607 1016 in
2636 977 2799 1017 anum
2825 973 2881 1018 et
2913 964 3093 1018 femur
3116 966 3333 1035 accipit.
3371 967 3521 1036 Equo
3547 979 3728 1024 tamen

2144 1068 2287 1124 aegre
2318 1054 2539 1108 tandem
2570 1069 2794 1108 suorum
2817 1071 2947 1110 cura
2966 1064 3024 1111 et
3050 1057 3319 1111 industria
3347 1074 3376 1112 e
3394 1074 3552 1114 coeno
3565 1062 3733 1133 896

2145 1147 2356 1206 evulso,
2380 1145 2445 1199 ad
2466 1145 2797 1199 Blachernas
2814 1162 2988 1215 usque
3012 1148 3186 1201 evasit
3212 1164 3226 1211 ;
3253 1148 3346 1203 ubi
3382 1150 3449 1202 ad
3481 1162 3728 1205 sanctum

2145 1240 2386 1294 loculum
2437 1242 2669 1310 positus,
2717 1240 2867 1310 quod
2936 1242 3139 1295 vulnus
3185 1242 3349 1297 letale
3395 1252 3535 1307 erat,
3593 1245 3732 1300 vivis

2145 1332 2382 1385 excedit.

2216 1423 2305 1478 15.
2343 1422 2456 1477 Sub
2485 1423 2626 1476 idem
2652 1431 2866 1492 tempus
2890 1423 3173 1487 Petronas,
3204 1424 3289 1476 vir
3319 1424 3730 1478 venerabilissi-

2144 1532 2287 1574 mus.
2329 1517 2558 1571 Romani
2609 1517 3138 1587 impcratorisjussu
3188 1532 3381 1570 urnam
3434 1516 3623 1585 figuris
3665 1532 3730 1571 ac

2143 1607 2478 1678 imaginibus
2511 1609 2782 1677 sculptam
2818 1610 3062 1678 aliasque
3093 1610 3231 1664 duas
3264 1610 3413 1663 nulla
3457 1611 3728 1664 calatum

2143 1709 2261 1756 arte
2286 1702 2528 1771 sculptas
2559 1718 2625 1756 ex
2661 1702 2716 1757 S.
2767 1702 3053 1757 Mamantis
3083 1704 3326 1757 virorum
3369 1704 3726 1767 monasterio,

2143 1793 2291 1862 quod
2320 1802 2405 1848 est
2436 1809 2606 1863 prope
2629 1802 2841 1863 portam
2874 1810 3037 1864 quam
3063 1794 3346 1865 Xylocerci
3380 1800 3593 1851 vocant.
3627 1792 3728 1846 ad-

2140 1882 2289 1936 vexit
2322 1899 2335 1947 ;
2374 1882 2428 1935 in
2468 1883 2670 1951 quibus
2703 1884 2840 1937 fama
2876 1891 2957 1937 est
2993 1883 3277 1937 conditum
3311 1883 3480 1937 fuisse
3524 1882 3729 1937 Mauri-

2140 1973 2287 2029 cium
2328 1990 2453 2029 cum
2506 1973 2735 2036 liberis;
2768 1990 2889 2043 quae
2924 1983 2979 2028 et
3028 1975 3083 2028 in
3114 1974 3346 2029 Romani
3392 1975 3725 2029 monasterio

2140 2067 2219 2137 (in
2252 2067 2504 2138 Myrclaeo
2528 2067 2757 2139 scilicet)
2781 2068 2934 2123 fuere
2967 2067 3252 2136 depositas.

2212 2162 2297 2217 14.
2318 2161 2594 2216 Adrianus
2620 2177 2747 2216 vero
2768 2160 3266 2230 quidamChaldus,
3295 2160 3562 2214 Tzantzes
3594 2160 3723 2214 item

2137 2253 2454 2319 Armenius,
2498 2254 2583 2307 vir
2632 2269 2844 2308 summe
2898 2254 3168 2323 locuples,
3215 2252 3407 2307 Bardse
3459 2252 3624 2307 Boila:
3664 2253 3725 2307 in

2136 2346 2364 2402 Chaldia
2406 2355 2517 2399 tum
2544 2347 2700 2400 ducis
2744 2346 3105 2415 praetorisque
3136 2345 3352 2398 hortatu
3389 2358 3453 2398 ac
3491 2345 3724 2399 consilio

2139 2439 2485 2511 tyrannidem
2517 2447 2741 2493 struunt
2766 2454 2829 2493 ac
2854 2438 3207 2492 rebelliOnem
3233 2437 3499 2491 adversus
3519 2437 3722 2490 Roma-

2136 2548 2269 2586 num
2306 2529 2717 2601 imperatorem,
2762 2530 3038 2601 Paiperte,
3075 2529 3220 2599 quod
3256 2530 3337 2584 sic
3370 2541 3587 2592 vocant,
3622 2545 3724 2597 op-

2137 2626 2268 2696 pido
2323 2627 2537 2680 munito
2605 2635 2897 2694 occupato.
2957 2625 3165 2678 Horum
3219 2625 3432 2694 potitus
3484 2624 3726 2678 Joannes

2134 2720 2374 2775 Crocoas
2400 2721 2676 2789 legionum
2698 2721 3055 2782 domesticus,
3092 2737 3156 2773 ac
3182 2735 3307 2773 eum
3345 2720 3632 2781 tenuisset,
3656 2720 3726 2773 iis

2135 2810 2358 2880 quidem
2408 2811 2500 2879 qui
2560 2809 2891 2864 illustriores
2942 2819 3147 2873 essent,
3197 2810 3491 2879 publicatis
3531 2824 3724 2862 eorum

2135 2904 2315 2966 bonis,
2342 2903 2531 2957 oculos
2572 2903 2803 2967 adimit;
2838 2901 2995 2963 alios,
3047 2902 3141 2971 qui
3188 2902 3507 2970 pauperculi
3534 2916 3597 2953 ac
3622 2900 3725 2953 ob-

2135 2997 2280 3053 scuri
2308 3003 2511 3057 essent,
2531 3010 2642 3064 quo
2667 2994 2868 3049 vellent
2891 2994 3045 3047 abire
3074 2995 3247 3063 jussit.
3277 2993 3543 3046 Tzantzcs
3565 3006 3720 3051 vero.

2136 3091 2240 3144 alia
2268 3087 2636 3143 munitissima
2668 3103 2791 3141 arce
2820 3096 3085 3155 occupata
3118 3102 3181 3139 ac
3212 3085 3578 3138 immunitatis
3616 3083 3724 3138 fide

442 3175 540 3227 καὶ
564 3174 722 3243 λόγον
753 3177 1026 3242 ἀπαθείας
1046 3179 1344 3251 δεξάμενος
1373 3184 1432 3235 ὲν
1466 3187 1532 3254 τῇ
1565 3185 1717 3238 πόλει
1748 3188 2025 3258 εἰσεληλύ-

2136 3183 2202 3236 ab
2229 3183 2537 3252 scholarum
2576 3180 2879 3234 domestico
2909 3188 3153 3246 accepta,
3186 3177 3505 3247 Byzantium
3533 3176 3723 3241 venit;

445 3266 552 3330 θει,
579 3271 672 3323 καὶ
692 3272 758 3339 τῇ
782 3271 876 3323 τοῦ
907 3272 1284 3340 μαγγλαῦίτου
1307 3275 1434 3347 ἀξίᾳ
1456 3277 1707 3346 τιμηθεὶς
1727 3281 1784 3332 ἐν
1799 3280 1877 3350 τῷ
1897 3283 2031 3354 οἴκῳ

441 3360 553 3415 τῶν
588 3364 885 3432 μαγγάνων
912 3364 1134 3435 διῃτᾶτο
1158 3367 1326 3435 τηρού
1338 3385 1523 3438 μενος,
1557 3368 1801 3441 δρασμὸν
1821 3374 1878 3426 δὲ
1905 3376 2034 3443 βου-

440 3452 777 3522 λευσάμενος
802 3456 1088 3509 ἁλίσκεται
1119 3458 1215 3511 καὶ
1244 3459 1354 3512 τῶν
1385 3459 1686 3533 ὀφθαλμῶν
1740 3466 2032 3537 στερίσκε-

440 3565 554 3604 ται.
614 3548 826 3619 Βάρδαν
871 3551 965 3604 τὸν
1001 3551 1197 3606 Βὸῖλαν
1244 3554 1549 3627 ἀπέκειραν
1610 3559 1846 3630 μοναχὸν
1872 3603 1885 3625 ,
1936 3562 2030 3616 τοῦ

444 3640 711 3713 βασιλέως
732 3643 1104 3714 οίκτείραντος
1136 3646 1290 3715 φίλον
1317 3649 1683 3719 τυγχάνοντα.

517 3733 599 3788 ιε’.
633 3734 741 3788 Τοῦ
772 3733 827 3788 δὲ
857 3737 1153 3806 πατρικίου
1181 3738 1275 3790 τοῦ
1319 3741 1800 3812 ὲπονομαζομένου
1832 3745 2032 3815 Μωρο-

441 3823 658 3887 λέοντος
712 3826 1157 3897 Ἀδριανούπολιν
1209 3832 1684 3900 στρατηγοῦντος,
1737 3837 2031 3903 κρατίστου

442 3915 614 3970 πολλὰ
647 3918 742 3971 καὶ
799 3910 977 3981 δεξιοῦ
1031 3920 1415 3987 τυγχάνοντος,
1472 3921 1532 3985 ὃς
1571 3924 1834 3987 πλείστας
1890 3927 2030 3980 κατὰ

439 4009 770 4080 Βουλγάρων
796 4010 1162 4077 ἀνδραγαθίας
1215 4011 1529 4075 ἐπεδείξατο
1551 4015 1622 4075 ⁵⁸,
1666 4017 1762 4068 καὶ
1812 4014 1974 4069 πάλιν
2003 4017 2030 4069 ὀ

445 4099 753 4170 Βούλγαρος
784 4101 1014 4171 Συμεὼν
1036 4103 1133 4156 σὺν
1161 4103 1325 4156 παντὶ
1353 4103 1430 4173 τῷ
1461 4106 1833 4174 στρατεύματι
1862 4108 2029 4161 αὑτοῦ

438 4191 542 4260 τὴν
573 4192 871 4262 εἰρημένην
904 4192 1062 4245 πόλιν
1092 4192 1564 4263 περιεκύκλωσαν.
1614 4196 1767 4248 Ἐπεὶ
1797 4197 1855 4249 δὲ
1910 4198 1938 4249 ὅ
1971 4215 2027 4251 τε

442 4284 589 4345 σῖτος
612 4284 738 4346 τοὺς
772 4286 831 4337 ὲν
866 4287 929 4354 τῇ
967 4284 1123 4337 πόλει
1154 4285 1489 4339 ἐπιλελοίπει
1521 4288 1616 4340 καὶ
1644 4287 1802 4356 λιμὸς
1843 4290 2027 4355 ἐπίεζε

439 4375 677 4445 χαλεπὸς
728 4374 1050 4446 (οὐδαμόθεν
1115 4377 1224 4447 γὰρ
1255 4374 1402 4447 εἶχεν
1454 4379 1906 4449 ἐπισιτίσασθαι),
1959 4384 2024 4451 τῇ

440 4466 617 4537 ἐνδείᾳ
662 4467 975 4536 πιεζόμενοι
1009 4469 1417 4539 προδεδώκασιν
1449 4472 1679 4535 ἑαυτούς
1708 4490 1766 4525 τε
1798 4474 1895 4526 καὶ
1932 4474 2025 4527 τὸν

445 4559 752 4629 στρατηγὸν
768 4563 881 4623 τοῖς
902 4561 1236 4633 Βουλγάροις
1252 4578 1263 4590 ·
1286 4563 1344 4615 ὃν
1366 4564 1775 4635 χειρωσάμενος
1799 4566 2026 4637 Συμεὼν

441 4652 536 4705 καὶ
582 4652 757 4718 δεσμά
805 4652 930 4706 καθ’
963 4654 1084 4706 ὅλου
1117 4654 1211 4707 τοῦ
1257 4653 1510 4723 σώματος
1545 4656 1878 4728 περιϐαλὼν,
1933 4660 2027 4713 καὶ

444 4743 671 4813 μυρίαις
701 4743 909 4807 αίκίαις
956 4744 1149 4798 τοῦτον
1178 4747 1660 4816 τιμωρησάμενος,
1713 4750 2026 4806 τελευταῖον

440 4836 732 4891 ἀπέκτεινε
769 4838 985 4908 θανάτῳ
1013 4838 1219 4909 πικρῷ,
1255 4837 1394 4908 ἀξίῳ
1426 4839 1526 4909 τῆς
1571 4843 1767 4895 ἑαυτοῦ
1822 4845 2027 4915 6mqu-

441 4930 647 4999 στάτης
667 4931 759 4983 καὶ
785 4930 1077 4999 ώμοτάτης
1101 4932 1303 5002 ψυχῆς.
1330 4932 1664 5003 Βουλγάροις
1688 4935 1782 4988 οὖν
1801 4935 1901 5006 τὴν
1927 4938 2028 5007 τῆς

440 5022 650 5086 πόλεως
676 5024 927 5094 φυλακὴν
959 5025 1239 5094 παραδοὺς
1276 5024 1664 5096 ὑπεχώρησεν·
1702 5028 1751 5080 οἳ
1782 5028 1881 5099 τὴν
1905 5029 2028 5083 κατ’

440 5114 624 5170 αὐτῶν
672 5115 767 5168 τοῦ
813 5116 1108 5185 Ῥωμαίων
1164 5117 1402 5187 στρατοῦ
1460 5117 1648 5187 ἔφοδον
1688 5121 2018 5189 ἀκηκοότες,

440 5208 645 5276 ταύτην
671 5211 1150 5276 καταλελοιπότες,
1175 5212 1444 5283 ἀπῆλθον,
1470 5214 1564 5267 καὶ
1586 5215 1750 5268 πάλιν
1771 5215 2029 5269 ύπδῬω-

447 5302 643 5371 μαίους
672 5302 811 5373 αὐτὴ
847 5303 1092 5370 ἐγένετο.

526 5401 620 5458 ις’.
658 5394 886 5458 Λέοντος
918 5396 975 5449 δὲ
1033 5397 1128 5450 τοῦ
1168 5398 1494 5468 Τριπολίτου
1557 5400 1693 5471 μετὰ
1742 5400 2027 5471 δυνάμεως

444 5486 648 5556 πολλῆς
682 5488 774 5540 καὶ
798 5487 1001 5541 πλοίων
1026 5490 1341 5561 πολεμικῶν
1375 5492 1517 5546 κατὰ
1552 5491 1842 5562 Ῥωμαίων
1876 5493 2026 5559 ἐξελ-

444 5577 629 5642 θόντος
649 5578 743 5632 καὶ
777 5580 836 5633 ὲν
865 5581 931 5651 τῇ
972 5581 1121 5652 νήσῳ
1162 5583 1368 5653 Λήμνῳ
1404 5581 1824 5647 καταλαϐόντος,
1845 5586 2027 5639 Ἰωάν-

2060 4543 2103 4598 D

2136 3275 2320 3344 ibique
2350 3273 2695 3344 manglabitae
2724 3272 2989 3340 dignitate
3022 3279 3217 3324 auctus
3242 3269 3294 3321 in
3330 3267 3720 3337 Manganorum

2136 3367 2299 3421 domo
2327 3366 2429 3420 sub
2453 3365 2703 3420 custodia
2732 3363 2945 3433 agebat.
2978 3361 3113 3415 Cum
3146 3376 3278 3413 vero
3307 3358 3491 3427 fugam
3535 3355 3723 3409 moliri

2136 3460 2519 3529 deprehensus
2569 3464 2736 3521 esset,
2792 3455 2968 3509 oculis
3013 3453 3261 3522 privatus
3324 3466 3428 3504 εει.
3488 3449 3722 3503 Bardam

2135 3548 2366 3610 Boilam,
2401 3547 2565 3616 897
2596 3548 2716 3616 ejus
2749 3545 2976 3598 miserto
3019 3544 3376 3612 imperatore,
3412 3555 3576 3609 quem
3617 3538 3727 3593 sibi.

2133 3640 2362 3694 charum
2389 3639 2641 3701 haberet,
2673 3636 2927 3691 monachi
2970 3636 3080 3689 ritu
3111 3633 3436 3689 detondere.

2207 3735 2295 3789 l5.
2354 3733 2593 3787 Patricio
2638 3746 2772 3785 vero
2829 3729 2917 3784 cui
2988 3726 3319 3781 Moroleouis
3386 3739 3726 3795 cognomen,

2134 3827 2628 3895 Adrianopolitano
2656 3832 2909 3893 praetore,
2930 3821 3051 3875 viro
3083 3821 3277 3875 bellica
3314 3819 3639 3873 fortitudine
3661 3832 3728 3870 ac

2133 3915 2356 3971 solertia
2385 3913 2604 3983 egregie
2636 3912 2926 3972 instructo,
2952 3910 3159 3979 quique
3187 3908 3423 3978 plurima
3455 3909 3731 3961 adversus,

2132 4008 2397 4077 Bulgaros
2428 4005 2556 4060 belli
2586 4003 2830 4058 facinora
2861 4002 3125 4071 prwclare
3147 4001 3508 4068 designasset,
3533 4015 3731 4055 rursus

2131 4103 2368 4172 Symeon
2402 4100 2491 4153 ille
2525 4098 2791 4167 Bulgarus
2816 4095 3079 4148 omnibus
3114 4093 3289 4161 copiis
3334 4094 3522 4147 urbem
3557 4095 3722 4148 obse-

2129 4196 2232 4251 dit.
2284 4192 2557 4264 Oppidani
2597 4205 2817 4244 annona
2847 4188 3162 4250 deficiente,
3195 4202 3259 4241 ac
3293 4186 3437 4240 fame
3480 4188 3733 4255 graviter

2129 4289 2466 4353 aﬂlicti,cum
2481 4285 2710 4357 parandi
2730 4292 3071 4339 commeatus
3092 4281 3243 4335 nulla
3259 4294 3385 4348 spes
3404 4279 3727 4347 all‘ulgeret,

2129 4382 2363 4455 penuria
2396 4380 2573 4450 pressi
2595 4394 2654 4434 se
2675 4392 2949 4446 suumque
2980 4383 3271 4445 praetorem
3295 4373 3546 4444 Bulgaria
3567 4372 3728 4427 dedi-

2129 4481 2285 4535 dere.
2322 4477 2481 4531 Hune
2530 4473 2587 4527 in
2629 4480 2958 4542 potestatem
2994 4478 3284 4539 acceptum
3316 4469 3553 4540 Symeon
3604 4477 3728 4524 toto

2130 4572 2307 4627 vinxit
2333 4584 2585 4639 corpore,
2622 4582 2687 4621 ac
2715 4582 2837 4636 quae
2868 4581 3164 4620 numerum
3197 4564 3489 4628 excedant,
3520 4579 3726 4618 exet-th

2133 4669 2335 4724 eiatum
2359 4662 2646 4734 suppliciis
2673 4659 3098 4714 dehonestatum
3116 4657 3312 4711 acerba
3337 4656 3556 4711 demum
3584 4670 3725 4711 nece

2133 4757 2377 4819 sustulit,
2417 4755 2582 4825 digna
2624 4766 2756 4807 sane
2791 4748 3190 4804 immanissima
3221 4748 3719 4816 crudelissimaun

2132 4851 2240 4905 viri
2274 4849 2455 4905 indole
2488 4862 2552 4901 ac
2582 4844 2824 4916 ingenio.
2862 4842 3200 4896 Demandata
3244 4841 3430 4909 itaque
3471 4839 3718 4907 Bulgaria

2134 4943 2289 4997 urbis
2334 4939 2584 4995 custodia
2638 4936 2884 4991 recessit.
2936 4935 2977 4989 li
3024 4934 3104 4988 sic
3134 4918 3462 5002 praesidiarii
3512 4930 3722 4995 relicti,

2135 5033 2324 5088 audito
2340 5032 2712 5086 Romanorum
2731 5027 2921 5095 copias
2940 5024 3154 5078 infensa
3172 5023 3281 5077 illis
3296 5023 3415 5077 acie
3435 5022 3717 5091 ingruere,

2134 5126 2325 5181 relicta
2347 5122 2486 5176 urbe
2518 5119 2812 5184 abierunt;
2861 5118 3029 5187 inque
3064 5116 3213 5170 hunc
3236 5114 3472 5168 modum
3508 5113 3644 5167 urbs
3686 5129 3720 5167 a

2136 5215 2401 5274 Romanis
2433 5220 2654 5283 recepta
2689 5221 2793 5266 est.

2206 5398 2292 5453 16.
2334 5396 2446 5452 Leo
2477 5394 2746 5466 Tripolita
2777 5407 2902 5447 cum
2942 5390 3155 5461 magnis
3190 5388 3364 5459 copiis
3399 5385 3718 5460 ingentique

2131 5496 2340 5546 armata
2357 5490 2531 5544 classe
2551 5487 2817 5542 adversus
2844 5483 3122 5539 Romanos
3144 5494 3401 5550 egressus
3432 5477 3524 5531 ubi
3562 5475 3703 5529 Lem

2131 5598 2266 5640 num
2311 5583 2588 5646 venisset,
2636 5579 2878 5635 Joannes
2925 5576 3198 5647 patricius
3241 5572 3491 5629 Radinus
3536 5569 3717 5624 dictus

1740 5700 1971 5757 \‘ARIIE
2004 5697 2409 5757 LECTIONES.

526 5789 806 5869 ’ἱτῆεὶδὲ
838 5793 965 5863 τῆςῗ
1039 5796 1077 5825 ιε
1114 5794 1399 5864 Τατζάκης
1433 5814 1485 5867 ιι.
1514 5797 1621 5854 950
1650 5800 1703 5855 b.
1782 5800 1822 5829 ιτ
1849 5798 2122 5869 Βοήλαίί).
2201 5796 2328 5850 ητδ
2358 5795 2581 5865 Παῖπερ
2611 5790 2893 5861 τὸλεγ.Ι),
2948 5785 3442 5862 ⁸³Κουρκούας1.1.

451 5860 692 5927 εδείξατο
708 5860 780 5916 ἶ).

3543 5780 3588 5813 Io
3614 5778 3689 5832 ὑπ
