4128 6434
438 375 548 438 959

1629 355 1632 360 ’
1709 368 2030 430 GEORGII
2073 367 2416 429 MONACHI

3605 375 3712 438 960

436 483 627 550 reique
675 479 884 534 navalis
933 478 1266 548 drungarius
1315 489 1543 548 repente
1592 494 1716 532 eum
1764 493 2020 549 egressus

2126 497 2216 550 νης
2245 479 2533 548 πατρίκιος
2556 477 2650 531 καὶ
2682 475 3043 548 δρουγγάριος
3075 475 3169 530 τοῦ
3205 476 3476 547 πλωΐμου,
3508 485 3534 534 ό
3585 483 3711 537 Ῥα-

437 574 673 627 insulam
709 573 887 642 petiit,
931 571 1100 643 898
1128 580 1492 640 consertaque
1526 587 1704 641 pugna
1748 572 2025 640 Agareno-

437 682 558 719 rum
595 665 697 719 sub
737 681 802 719 eo
835 665 1011 719 aciem
1046 666 1188 718 fudit
1221 665 1556 735 fugavitque.
1590 665 1708 733 Ipse
1754 664 2023 733 Tripolim

435 773 578 827 aegre
607 757 732 828 fuga
766 758 1002 812 salutem
1022 757 1288 826 expediit.

507 933 596 986 l7.
635 932 821 986 Mense
859 932 1194 1002 Septembri,
1247 932 1549 985 indictione
1599 932 1861 992 secunda,
1918 930 2022 1000 Sy-

438 1039 601 1078 meon
633 1025 902 1095 Bulgarize
941 1025 1198 1094 princeps
1231 1040 1354 1079 cum
1408 1026 1667 1079 omnibus
1703 1026 1877 1094 copiis
1920 1025 2020 1077 ad-

437 1133 633 1172 versus
689 1117 1010 1189 Byzantium
1067 1118 1346 1187 profectus
1410 1129 1494 1172 est
1542 1137 1554 1171 :
1611 1133 1676 1172 ac
1729 1118 2020 1172 Thraciam

438 1213 664 1283 quidem
707 1223 763 1267 et
807 1213 1177 1266 Macedoniam
1224 1213 1539 1281 populatur,
1572 1213 2021 1267 succenditvero

439 1307 624 1359 omnia
657 1315 712 1360 et
740 1306 958 1368 evertit,
989 1305 1324 1375 arboresque
1362 1307 1616 1361 succidit.
1658 1307 1737 1359 Ad
1770 1307 2024 1361 Blacher-

437 1413 538 1451 nas
569 1413 739 1465 usque
779 1412 900 1450 cum
937 1397 1200 1459 venisset,
1241 1397 1524 1451 Nicolaum
1558 1398 1926 1468 patriarcham
1960 1415 2022 1453 ac

438 1503 729 1557 procerum
764 1488 1050 1557 quosdam,
1094 1491 1424 1559 quibuscum
1469 1490 1536 1543 de
1572 1505 1703 1560 pace
1735 1499 2018 1554 tractaret,

436 1579 503 1632 ad
528 1595 585 1633 se
609 1581 749 1633 mitti
784 1581 1016 1650 rogavit.
1048 1582 1197 1635 Datis
1221 1583 1403 1651 itaque
1436 1583 1692 1653 utrinque
1732 1584 2020 1638 obsidibus

433 1671 709 1735 exierunt,
737 1673 975 1741 primum
1007 1675 1229 1742 quidem
1259 1675 1594 1743 patriarcha,
1629 1687 1741 1729 tum
1788 1677 2017 1730 Michael

2128 571 2269 633 δινδς
2301 569 2833 640 κατονομαζόμενος,
2865 570 3146 640 αἰφνιδίως
3181 571 3411 626 ἐπέθετο
3439 575 3588 647 αὺτῷ
3622 579 3712 630 καὶ

2127 664 2226 735 τὴν
2269 667 2432 734 νῆσον
2464 661 2764 716 κατέλαϐεν
2786 679 2798 692 ·
2835 663 2930 716 καὶ
2967 663 3210 733 πολέμου
3247 665 3548 732 γεγονότος,
3577 667 3711 721 Θεοῦ

2131 755 2395 826 συνεργίᾳ
2428 757 2478 808 oi
2513 755 2607 808 ὑπ’
2657 755 2818 808 αὑτὸν
2852 756 3148 826 τρέπονται
3189 757 3504 829 Ἀγαρηνοὶ,
3554 760 3685 826 μόνο

2126 847 2183 899 δὲ
2215 847 2243 899 ὀ
2279 844 2615 914 Τριπολίτης
2645 847 2792 914 φυγῇ
2817 843 3167 908 διασώζεται.

2197 937 2282 1002 ιζ’.
2322 938 2681 1010 Σεπτεμϐρίῳ
2735 939 2792 991 δὲ
2821 939 2972 1007 μηνὶ,
3010 938 3344 1003 ίνδικτιῶνος
3370 938 3437 1009 β’,
3485 941 3720 1011 Συμεὼ·ί

2127 1029 2228 1102 [δὲ]
2256 1033 2284 1084 ό
2330 1030 2516 1100 ἄρχων
2549 1030 2632 1102 [Ρ.
2665 1029 2794 1101 579]
2825 1029 3167 1098 Βουλγαρίας
3218 1033 3526 1100 πανστρατὶ
3573 1029 3720 1086 κατὲ

2125 1123 2758 1185 Κωνσταντινουπόλεως
2783 1122 3158 1193 ὲκστρατεύει,
3191 1125 3288 1176 καὶ
3311 1121 3560 1192 ληΐζεται
3612 1125 3713 1194 μὲν

2125 1210 2350 1280 Θρᾴκην
2378 1229 2436 1263 τε
2461 1211 2556 1265 καὶ
2587 1212 2952 1278 Μακεδονίαν,
2979 1213 3278 1284 ἐμπυρίζει
3303 1214 3362 1267 δὲ
3400 1214 3578 1268 πάντα
3620 1214 3714 1269 καί

2126 1304 2496 1373 καταστρέφει
2521 1305 2617 1357 καὶ.
2646 1304 3010 1374 δενδροτομεῖ.
3039 1306 3221 1374 Μέχρι
3256 1305 3583 1376 Βλαχερνῶν
3616 1324 3716 1360 πα-

2127 1394 2493 1463 ραγενόμενος
2535 1393 2878 1464 ἐπεζήτησεν
2917 1395 2961 1426 ⁸³
3006 1395 3156 1464 αὐτῷ
3202 1396 3580 1466 ἀποσταλῆναι
3620 1398 3712 1449 τὸν

2127 1488 2475 1558 πατριάρχην
2491 1487 2761 1540 Νικόλαον
2782 1488 2874 1542 καί
2893 1505 3048 1552 τινας
3063 1490 3175 1542 τῶν
3203 1487 3544 1558 μεγιστάνων
3567 1489 3710 1543 ὥστε

2125 1597 2189 1631 πε
2201 1582 2252 1646 pi
2277 1581 2504 1650 εἰρήνης
2524 1581 2708 1642 αὐτοῖς
2737 1583 3044 1650 συντυχεῖν.
3082 1581 3316 1634 ’Έλαϐον
3340 1582 3438 1636 οὖν
3464 1585 3712 1654 ὁμήρους

2125 1673 2254 1741 παρ’
2279 1673 2527 1743 ἀλλήλων
2558 1674 2880 1743 ἀμφότεροι,
2914 1675 3007 1727 καὶ
3031 1672 3275 1752 ἐξῆλθον,
3299 1662 3567 1746 πρότερον
3612 1677 3711 1746 μὲν

434 1764 699 1832 patricius
718 1774 1082 1834 cognomento
1099 1766 1394 1836 Stypiotes,
1413 1775 1467 1820 et
1497 1767 1736 1822 Joannes
1758 1767 2020 1838 mysticus

2126 1767 2149 1817 ό
2209 1764 2588 1834 πατριάρχης,
2640 1760 2757 1817 εἶτα
2802 1765 3022 1836 Μιχαὴλ
3059 1766 3348 1837 πατρίκιος
3382 1769 3411 1819 ό
3440 1785 3712 1838 προσαγο-

433 1867 732 1924 rerumque
765 1854 1327 1911 administrandarum
1357 1859 1674 1928 imperatori
1711 1860 1929 1930 adjutor
1955 1874 2019 1915 ac

435 1949 691 2004 minister
718 1950 1097 2006 intimus.Jam
1119 1953 1264 2007 enim
1291 1953 1528 2008 Joannes
1563 1963 1746 2008 rector
1767 1956 2018 2011 criminis

434 2039 651 2095 delatus
677 2044 819 2112 apud
850 2045 1260 2114 imperatorem,
1283 2046 1663 2116 aegritudinem
1686 2057 2018 2116 praetexens,

435 2134 559 2188 aula
615 2148 926 2192 excesserat
984 2147 1148 2207 atque
1195 2139 1248 2193 in
1299 2155 1400 2193 suo
1453 2143 1808 2205 monasterio,
1871 2142 2018 2212 quod

434 2224 582 2279 haud
619 2229 808 2297 procul
836 2229 1154 2284 Galacrenis
1184 2238 1288 2293 est,
1324 2233 1578 2286 monachi
1619 2233 1726 2288 ritu
1756 2235 2021 2288 detonsus

434 2319 636 2376 fuerat.

508 2412 595 2465 18.
635 2412 819 2481 Legati
854 2415 1021 2483 igitur
1049 2432 1174 2470 cum
1197 2416 1470 2488 Symeone
1495 2419 1560 2471 de
1584 2434 1715 2487 pace
1744 2420 2023 2490 colloque-

437 2500 660 2558 bantur.
694 2503 931 2573 Symeon
962 2522 1097 2560 vero
1127 2507 1235 2561 illis
1277 2508 1582 2576 repudiatis
1622 2509 1800 2577 ipsum
1849 2511 2022 2579 impc-

437 2601 678 2648 ratorem
724 2595 914 2649 videre
950 2598 1181 2667 ejusque
1219 2614 1515 2670 congressu
1547 2599 1653 2654 frui
1689 2602 2019 2670 expetebat:

435 2693 590 2740 certo
615 2687 762 2740 enim
798 2688 974 2742 relatu
1003 2689 1070 2743 de
1108 2691 1228 2760 ejus
1272 2692 1566 2760 prudentia
1599 2700 1653 2746 et
1694 2692 2021 2747 fortitudine

436 2778 816 2848 sapientiaque
846 2791 1154 2850 acceperat.
1197 2784 1453 2853 Pergrata
1483 2799 1545 2837 ea
1578 2799 1666 2838 res
1695 2784 1798 2837 fuit
1821 2785 2022 2838 Roma-

436 2884 529 2933 no,
558 2871 760 2940 quippe
801 2873 894 2941 qui
927 2875 1076 2942 pacis
1111 2875 1388 2929 desiderio
1425 2876 1718 2929 tenebatur
1745 2891 1808 2930 ac
1838 2875 2022 2946 quoti-

435 2959 614 3015 dianis
647 2963 905 3032 utrinque
933 2965 1176 3021 caedibus
1207 2966 1372 3020 ﬁnem
1418 2967 1705 3035 imponere
1737 2967 2017 3022 studebat.

437 3051 602 3107 Mittit
639 3054 823 3124 itaque
849 3057 942 3125 qui
970 3057 1036 3111 ad
1072 3074 1222 3113 mare
1261 3060 1314 3113 in
1340 3059 1606 3114 Cosmidii
1636 3062 1816 3116 littore
1855 3063 2020 3117 tutis-

2128 1860 2417 1929 ρευόμενος
2457 1859 2800 1927 Στυπιώτης,
2840 1860 2934 1912 καὶ
2980 1860 3232 1930 Ἰωάννης
3261 1861 3518 1929 μυστικός
3539 1879 3598 1914 τε
3615 1863 3712 1916 καὶ

2121 1950 2612 2019 παραδυναστεύων
2631 1967 2645 1981 ο
2661 1951 2763 2020 ήδη
2789 1950 2896 2022 γὰρ
2912 1949 3167 2020 Ἰωάννης
3189 1950 3217 2001 ὁ
3235 1949 3477 2020 ραἰκτωρ
3493 1949 3714 2021 διαϐλη-

2123 2040 2238 2104 θεὶς
2258 2042 2394 2111 πρὸς
2425 2042 2514 2096 τὸν
2541 2043 2788 2112 βασιλέα,
2809 2041 3096 2096 ἀσθένειαν
3123 2041 3598 2112 προφασισάμενος
3619 2039 3714 2096 τοῦ

2123 2131 2387 2185 παλατίου
2415 2133 2776 2202 κατεληλύθει
2808 2131 2900 2186 καὶ
2929 2134 2987 2185 ἐν
3017 2134 3084 2202 τῇ
3112 2131 3280 2186 αὐτοῦ
3313 2134 3449 2204 μονῇ
3477 2131 3711 2201 πλησίον

2123 2225 2494 2297 Γαλακρηνῶν
2528 2225 2807 2297 ἀπεκάρη.

2200 2408 2287 2470 ιη’.
2326 2401 2519 2470 Οἰ-μέν
2545 2400 2639 2454 οὖν
2672 2400 2809 2471 μετά
2838 2400 3064 2470 Συμεὼν
3108 2403 3238 2471 περὶ
3283 2402 3511 2473 εἰρήνης
3540 2404 3715 2458 διελέ-

2123 2511 2306 2560 γοντο,
2336 2494 2363 2544 ὁ
2391 2494 2448 2546 δὲ
2482 2493 2678 2554 αὐτοὺς
2710 2493 3094 2562 ἀπεπέμψατο,
3123 2494 3288 2547 αὐτὸν
3327 2494 3383 2548 δέ
3411 2494 3503 2548 τὸν
3560 2495 3716 2564 βασι.

2124 2586 2219 2638 λέα
2262 2585 2540 2651 Ῥωμανδν
2585 2585 2770 2655 ἐζήτει
2815 2585 3138 2639 θεάσασθαι.
3177 2587 3336 2658 Παρὰ
3395 2588 3607 2640 πολλῶν
3657 2588 3716 2641 δὲ

2125 2675 2588 2746 πεπληροφόρητο
2621 2677 2751 2747 περί
2799 2694 2858 2729 τε
2904 2676 3006 2742 τῆς
3047 2675 3215 2730 αὑτοῦ
3265 2679 3586 2750 φρονήσεως
3619 2682 3714 2733 καὶ

2124 2769 2351 2838 ἀνδρίας
2401 2767 2496 2820 καὶ
2545 2769 2646 2838 τῆς
2678 2768 2970 2832 συνέσεως.
3009 2769 3066 2823 Ὀ
3101 2769 3284 2823 τοίνυν
3319 2769 3574 2840 βασιλεὺς
3618 2771 3715 2824 ἐπὶ

2123 2860 2314 2914 τούτου
2344 2861 2551 2930 σφόδρα
2574 2861 2950 2930 ἠγαλλιάσατο
2969 2878 2981 2891 ’
3017 2860 3204 2914 ἐπόθει
3233 2864 3344 2930 γὰρ
3373 2861 3471 2932 τήν
3489 2863 3714 2934 εἰρήνην

2125 2949 2221 3004 καὶ
2255 2950 2314 3003 τὸ
2350 2951 2544 3019 στῆναι
2600 2949 2700 3013 τάς
2745 2950 2866 3003 καθ’
2907 2949 3145 3018 ἐκόιστην
3179 2951 3548 3022 ἐγγινομένας
3604 2954 3714 3007 τῶν

2125 3043 2376 3113 αἰμότων
2404 3041 2684 3112 ἐκχύσεις.
2720 3043 3073 3104 ’Λποστείλας
3097 3043 3190 3096 οὖν
3219 3047 3276 3098 ἐν
3305 3045 3383 3116 τῷ
3413 3045 3714 3115 Κοσμιδίου

435 3143 629 3198 simam
662 3149 1078 3202 exsccnsionem
1121 3159 1419 3214 struerent,
1448 3165 1557 3219 quo
1604 3150 1725 3204 loco
1767 3152 2020 3220 prmtoria

2126 3135 2360 3204 αἰγιαλῷ
2411 3136 2815 3189 κατεσκεύασεν
2871 3137 2929 3189 ἐν
2963 3139 3029 3206 τῇ
3067 3136 3314 3210 θαλάσσῃ
3357 3139 3713 3210 ὀχυρωτάτην

435 3236 592 3290 navis
615 3251 677 3291 ac
697 3239 940 3293 triremis
963 3241 1284 3308 appellanda
1307 3251 1472 3296 esset.
1498 3242 1645 3296 Loco
1671 3242 1838 3311 igitur
1861 3244 2021 3298 undi-

433 3343 540 3398 que
567 3333 928 3395 communito,
953 3333 1121 3402 899
1153 3334 1412 3393 inmedio
1438 3335 1602 3404 jussit
1633 3346 1848 3404 septum
1879 3336 2020 3399 fieri,

434 3421 530 3474 ubi
603 3437 914 3477 sermonem
950 3425 1203 3480 collaturi
1258 3437 1440 3482 erant.
1472 3428 1697 3482 Interim
1758 3428 2019 3499 Symeon,

434 3513 604 3568 misso
631 3530 857 3568 suorum
889 3516 1193 3584 manipulo,
1222 3527 1424 3572 sanctae
1448 3520 1542 3574 Dei
1569 3519 1867 3575 Genitricis
1886 3529 2023 3576 tem-

435 3605 606 3674 plum,
636 3607 783 3675 quod
825 3607 880 3660 in
911 3609 1052 3677 Pega
1089 3617 1194 3674 est,
1231 3610 1495 3675 incendit,
1529 3626 1592 3664 ac
1627 3613 2020 3668 circumvicina

433 3713 667 3766 quasque
705 3699 813 3769 igni
871 3699 1130 3768 ferroque
1186 3703 1466 3766 vastavit;
1514 3719 1620 3772 qua
1676 3719 1736 3757 re
1779 3705 2018 3759 alienum

434 3789 599 3858 plane
641 3805 669 3843 a
713 3806 846 3859 pace
882 3792 1150 3861 prodebat
1185 3793 1454 3855 animum,
1486 3809 1737 3864 vanaque
1754 3813 1881 3850 eum
1917 3797 2022 3850 im-

432 3888 742 3950 peratoncm
769 3898 863 3952 spe
899 3883 1164 3939 deludere
1197 3885 1342 3938 haud
1373 3885 1672 3939 obscurum
1699 3897 1837 3942 erat.

506 3974 588 4029 i9.
622 3974 860 4030 Veniens
883 3985 1065 4031 autem
1102 3977 1404 4047 imperator
1434 3994 1558 4033 eum
1599 3979 1824 4043 Nicolao
1852 3980 2018 4050 patri-

432 4065 622 4130 archa,
665 4067 732 4121 ad
777 4076 1031 4123 sanctum
1083 4070 1363 4140 ingressus
1407 4071 1675 4134 loculum,
1708 4087 1906 4127 manus
1951 4073 2018 4127 ad

429 4169 626 4227 preces
667 4160 933 4214 extendit.
969 4161 1106 4216 Tum
1143 4177 1353 4232 pronus
1386 4162 1440 4216 in
1475 4173 1681 4218 terram
1722 4164 2022 4234 procidens

430 4263 650 4304 sacrum
679 4251 920 4306 ubertim
951 4253 1128 4307 solum
1170 4254 1303 4308 illud
1330 4255 1589 4326 lacrymis
1620 4256 1852 4325 rigabat,
1882 4255 2021 4311 inte-

432 4341 853 4395 meratissimam
872 4343 968 4396 Dei
998 4343 1333 4399 Genitricem
1357 4345 1731 4402 obsecransut
1755 4347 2017 4402 inﬂexum

431 4429 742 4500 durumque
795 4435 1015 4504 tyranni
1082 4437 1418 4505 superbique
1469 4437 1760 4503 Symeonis
1826 4449 2018 4509 pectus

2126 3230 2416 3294 ἀπόϐασιν,
2443 3229 2586 3282 ὥστε
2611 3231 2710 3300 τὴν
2734 3229 3022 3302 βασιλικὴν
3048 3232 3174 3302 τριή
3186 3249 3286 3302 ρην
3315 3231 3714 3286 διεκπλέουσαν

2126 3323 2184 3374 ἐν
2231 3324 2371 3392 αὐτῇ
2430 3321 2918 3394 προσορμίζεσθαι.
2983 3322 3339 3392 Περιφράξας
3386 3323 3480 3377 οὖν
3540 3326 3713 3394 αὐτὴν

2127 3414 2391 3468 πάντοθεν
2407 3415 2753 3484 διατείχισμα
2784 3415 2949 3484 μέσον
2983 3413 3236 3482 γενέσθαι
3265 3415 3622 3486 προσέταξεν,
3653 3420 3711 3468 ἐν

2124 3503 2168 3577 ᾧ
2191 3509 2441 3579 ἀλλήλοις
2465 3508 2689 3579 ἔμελλον
2712 3509 2940 3577 ὁμιλεῖν.
2991 3509 3346 3573 Ἀποστείλας
3372 3509 3465 3563 οὖν
3487 3512 3712 3580 Συμεὼν

2124 3605 2217 3659 τὸν
2261 3604 2360 3672 τῆς
2412 3602 2717 3673 ὑπεραγίας
2742 3602 3012 3655 Θεοτόκου
3064 3603 3191 3656 ναὸν
3220 3602 3315 3656 τὸν
3345 3603 3404 3656 ἐν
3453 3607 3518 3674 τῇ
3553 3607 3710 3675 Πηγῇ

2126 3695 2426 3766 ἐνέπρησεν
2457 3695 2550 3747 καὶ
2601 3694 2670 3747 τά
2714 3693 2875 3763 πέριξ
2902 3693 3064 3746 αὑτοῦ
3090 3694 3412 3764 σύμπαντα,
3448 3696 3606 3766 δῆλος
3634 3695 3709 3748 ὢν

2124 3788 2375 3842 ἐντεῦθεν
2410 3789 2482 3858 μὴ
2515 3787 2614 3856 τὴν
2641 3787 2866 3857 εἰρήνην
2897 3785 3119 3854 ἐθέλων,
3139 3785 3256 3842 ἀλλ’
3290 3787 3472 3840 ἐλπίσι
3509 3785 3711 3858 μετεώ-

2127 3899 2243 3952 ροις
2277 3880 2469 3934 τοῦτον
2498 3879 2808 3944 ἐξαπατῶν.

2201 3973 2286 4027 ιθ’.
2346 3973 2806 4043 Παραγενόμενος
2832 3973 2890 4026 δὲ
2925 3973 2984 4025 ἐν
3027 3971 3364 4040 Βλαχέρναις
3397 3971 3424 4024 ό
3459 3969 3714 4039 βασιλεὺς

2126 4067 2243 4134 ἅμα
2274 4066 2527 4136 Νικολάῳ
2556 4067 2635 4136 τῷ
2665 4066 2979 4138 πατριάρχῃ
3023 4066 3081 4117 ἐν
3107 4067 3174 4135 τῇ
3209 4065 3342 4136 ἁγία
3377 4063 3522 4134 σορῷ
3592 4066 3712 4116 εἰσ-

2125 4157 2254 4229 ῆλθε
2286 4157 2382 4210 καὶ
2401 4156 2502 4219 τὰς
2531 4159 2720 4226 χεῖρας
2741 4155 3002 4219 ἐξέτεινεν
3028 4156 3108 4217 εἰς
3134 4154 3326 4224 εὐχὴν,
3363 4149 3481 4207 εἶτα
3499 4151 3714 4225 πρηνὴς

2127 4249 2308 4303 πεσὼν
2364 4249 2424 4302 τὸ
2477 4249 2634 4317 ἆγιον
2671 4248 2867 4315 ἔδαφος
2916 4247 3094 4300 ἐκεῖνο
3141 4248 3255 4310 τοῖς
3296 4245 3528 4316 δάκρυσι
3575 4260 3710 4296 κατ-

2127 4342 2352 4413 έϐρεχε,
2400 4341 2500 4406 τὴν
2563 4342 2944 4409 πανάχραντον
2994 4337 3258 4391 Θεοτόκον
3293 4336 3590 4392 ἀντιϐολῶν
3615 4335 3714 4406 τὴν

2125 4434 2356 4503 ἀκαμπῆ
2383 4433 2477 4486 καὶ
2498 4431 2819 4499 ἀμείλικτον
2851 4430 2947 4483 τοῦ
2990 4429 3262 4501 τυράννου
3295 4431 3392 4484 καὶ
3425 4427 3714 4498 ὑπερηφά-

430 4522 705 4576 emolliret
733 4532 788 4577 et
821 4524 886 4578 ad
917 4526 1381 4593 pacisineundam
1410 4530 1766 4584 concordiam
1793 4531 2020 4587 induce-

2126 4542 2215 4579 vou
2247 4522 2472 4593 Συμεὼν
2501 4522 2730 4592 καρδίαν
2778 4521 3016 4590 μαλάξαι
3055 4521 3124 4575 τά
3157 4521 3294 4594 πρὸς
3325 4521 3550 4591 εἰρήνην
3585 4537 3714 4572 συν-

432 4619 538 4664 ret.
579 4611 748 4667 Sacra
783 4614 950 4684 igitur
985 4628 1227 4674 reserata
1260 4621 1444 4676 arcula
1468 4661 1482 4684 ,
1523 4622 1578 4675 in
1611 4637 1720 4691 qua
1751 4637 2022 4677 veneran-

431 4701 564 4756 dum
595 4712 795 4758 sancta:
829 4706 923 4759 Dei
947 4707 1241 4766 Genitricis
1266 4714 1569 4782 repositum
1599 4714 1880 4784 palliolum
1911 4722 2016 4779 est,

430 4804 611 4858 eoque
663 4790 790 4844 inde
842 4792 1139 4862 imperator
1189 4797 1428 4865 sublato,
1497 4816 1602 4855 nec
1648 4801 1811 4855 aliter
1852 4817 2017 4870 quam

423 4880 664 4938 thorace
693 4884 955 4953 quodam,
990 4888 1158 4942 nullis
1197 4889 1322 4944 telis
1360 4894 1576 4961 pervio,
1616 4902 1921 4964 assumpto,
1957 4908 2022 4948 ac

431 4988 596 5042 quam
622 4974 677 5029 in
707 4976 1054 5033 immaculata
1084 4980 1178 5034 Dei
1199 4980 1478 5038 Genitrice
1504 4985 1818 5050 collocarat,
1852 4987 2022 5057 galeae

434 5064 627 5132 instar,
685 5067 792 5122 ﬁde
846 5069 954 5125 sibi
1004 5071 1276 5135 adhibita,
1333 5073 1465 5127 tutis
1510 5075 1722 5129 scilicet
1775 5076 2024 5131 munitus

433 5157 601 5212 armis
627 5173 783 5214 sacra
805 5160 924 5216 avde
946 5163 1248 5233 egreditur.
1281 5163 1408 5220 Suis
1432 5164 1616 5234 itaque
1639 5168 1938 5222 classiariis
1958 5184 2023 5224 ac

434 5250 700 5303 comitatu
728 5252 936 5322 clypeis
990 5255 1270 5326 armisque
1313 5255 1436 5310 aliis
1485 5257 1658 5326 probe
1695 5259 2021 5321 instructus,

436 5340 492 5394 in
537 5341 718 5397 locum
762 5346 1128 5403 constitutum
1160 5364 1288 5403 cum
1316 5348 1590 5421 Symeone
1624 5358 1892 5406 tractatus
1922 5367 2023 5406 ve-

436 5433 516 5486 nit
541 5475 554 5487 .

504 5525 595 5580 20.
639 5527 794 5583 Feria
819 5531 1009 5600 quinta
1030 5543 1172 5601 exat,
1197 5550 1323 5590 cum
1356 5536 1474 5593 haec
1487 5543 1638 5609 gesta
1652 5545 1801 5601 sunt,
1819 5497 2021 5590 mensis

439 5616 767 5676 Novembris
783 5621 875 5679 die
905 5624 1118 5682 decima
1137 5642 1308 5697 nona,
1329 5628 1591 5686 horndici
1613 5633 1830 5700 quarta.
1862 5627 2027 5682 Venit.

2127 4617 2338 4670 θέσθαι.
2375 4616 2449 4668 Τὸ
2475 4615 2633 4683 ἆγιον
2661 4610 2754 4669 οὖν
2777 4614 3033 4668 κιϐώτιον
3063 4615 3458 4679 διανοίξαντες,
3494 4613 3622 4667 ἔνθα
3653 4613 3715 4665 τδ

2128 4708 2328 4762 σεπτὸν
2344 4710 2444 4777 τῆς
2475 4707 2783 4778 ὑπεραγίας
2807 4707 3076 4762 Θεοτόκου
3115 4705 3710 4776 τεθησαύρισταιὼμο-

2129 4805 2340 4874 φόριον,
2369 4802 2466 4856 καὶ
2497 4801 2657 4855 τοῦτο
2685 4801 2897 4854 ἐκεῖθεν
2927 4801 2956 4854 ό
2983 4799 3239 4870 βασιλεὺς
3262 4796 3586 4863 ἀνελόμενος
3615 4794 3710 4847 καὶ

2127 4895 2316 4964 ὥσπερ
2346 4894 2469 4948 τινὰ
2500 4893 2729 4963 θώρακα
2748 4893 3117 4961 ἀδιάρῤηκτον
3141 4886 3594 4959 περιϐαλόμενος,
3617 4884 3712 4937 καὶ

2127 4986 2227 5056 τὴν
2269 4985 2452 5038 πίστιν
2487 4984 2587 5055 τὴν
2632 4985 2715 5046 είς
2741 4983 2840 5052 τὴν
2868 4983 3103 5050 ἄμωμον
3146 4977 3409 5031 Θεοτόκον
3437 4972 3524 5030 οἷα
3553 4993 3712 5048 περι-

2129 5077 2434 5147 κεφαλαίαν
2455 5075 2581 5131 τινὰ
2612 5073 2993 5144 περιθέμενος,
3023 5071 3192 5136 ἔξεισι
3233 5070 3326 5123 τοῦ
3359 5069 3487 5123 ναοῦ
3523 5069 3712 5132 ὅπλοις

2129 5168 2397 5236 ἀσφαλέσι
2444 5162 2946 5236 περιφραξάμενος.
3001 5158 3085 5230 [Ρ.
3121 5157 3247 5230 580]
3299 5159 3404 5212 Τὸν
3434 5162 3532 5213 σὺν
3564 5158 3714 5228 αὐτῷ

2124 5257 2219 5310 οὖν
2271 5256 2455 5310 στόλον
2503 5251 2696 5306 ἀσπίσι
2745 5267 2805 5302 τε
2834 5248 2929 5301 καὶ
2957 5247 3141 5309 ὅπλοις
3175 5247 3446 5314 ἀσφαλέσι
3479 5267 3714 5301 κατακο-

2128 5350 2345 5420 σμήσας
2372 5347 2463 5399 τὸν
2497 5343 2804 5414 ὡρισμένον
2833 5340 2998 5394 τόπον
3051 5339 3317 5393 κατέλαϐε
3357 5341 3711 5410 συνομιλῆσαι

2124 5441 2203 5512 τῷ
2225 5435 2474 5508 Συμεών.

2200 5533 2434 5601 Πέμπτη
2465 5521 2558 5582 οὖν
2586 5525 2770 5598 ἡμέρα
2799 5519 2868 5596 ἦν
2911 5523 2998 5576 ὅτε
3034 5521 3207 5577 ταῦτα
3238 5523 3478 5592 ἐγένετο,
3510 5523 3571 5577 ιθ¹
3616 5524 3711 5578 τοῦ

2132 5619 2442 5693 Νοεμϐρίου
2472 5617 2661 5691 μηνὸς,
2684 5617 2724 5670 δ’
2753 5614 2811 5670 δὲ
2837 5617 2937 5686 τῆς
2966 5615 3177 5686 ἡμέρας
3203 5611 3341 5686 ὥρα.
3372 5614 3712 5686 Παρεγένετο

1738 5718 1970 5775 VARUS
2004 5713 2408 5775 LECTIONES.

515 5803 555 5833 "
584 5806 926 5880 απεζήτησεν
978 5813 1038 5868 Ρ.
