4128 6440
432 321 533 381 9ῧ1

1533 315 1731 378 VIT/E
1768 312 2328 378 RECENTIORUM
2363 317 2565 386 IMPP.

3595 325 3703 390 962

431 433 657 504 Συμεὼν
717 417 920 499 πλῆθος
976 429 1202 501 ἄπειρον
1249 429 1612 501 ἑπαγόμενος,
1666 433 1745 495 εἰς
1804 431 2005 496 πολλὰς

2120 440 2164 487 et
2183 430 2421 504 Symeon
2456 433 2847 490 innumerabili
2868 453 3041 509 prope
3063 438 3300 509 stipatus
3328 438 3629 507 exercitus,
3647 442 3704 497 in

428 525 758 598 διῃρημένον
776 521 1128 595 παρατάξεις,
1145 522 1255 575 τῶν
1269 523 1366 594 μὲν
1383 523 1870 594 χρυσασπίδωνκαὶ
1887 541 2020 596 χρυ-

431 617 755 687 σοδοράτων,
773 615 882 670 τῶν
897 615 952 690 δὲ
970 616 1421 686 ἀργυροασπίδων
1437 619 1532 671 καὶ
1544 618 2017 689 ἁργυροδορὰτων,

429 708 535 761 τῶν
557 709 614 761 δὲ
645 708 796 780 πάσῃ
811 709 990 761 ὃπλων
1007 709 1165 779 χροιᾷ
1195 711 1645 782 κεκοσμημένων,
1667 712 1886 766 πάντων
1921 731 2020 766 πε-

430 800 766 871 φραγμένων
787 801 1012 871 σιδήρῳ,
1054 800 1103 853 οἳ
1140 801 1304 871 μέσον
1339 802 1518 856 αὐτῶν
1550 804 1886 873 διειληφότες
1925 805 2020 859 τὸν

428 889 655 962 Συμεὼν
677 892 750 955 ὡς
769 891 995 963 βασιλέα
1024 892 1306 962 εὐφήμουν
1328 897 1394 964 τῇ
1412 895 1521 949 τῶν
1537 895 1824 967 Ῥωμαίων
1841 900 2015 968 φωνῇ.

431 985 638 1048 Πάντες
663 986 718 1038 δὲ
739 986 788 1038 οἱ
812 985 913 1056 τῆς
935 987 1242 1058 συγκλήτου
1285 986 1480 1059 βουλῆς
1513 991 1624 1052 τοῖς
1656 990 1893 1059 τείχεσιν
1925 992 2018 1059 ἐφ-

432 1076 670 1140 εστῶτες
691 1077 958 1149 ἐθεώρουν
976 1079 1044 1130 τὰ
1058 1074 1450 1160 δρώμεναἯν
1467 1078 1561 1134 οὖν
1582 1083 1710 1135 ἰδεῖν
1726 1082 1823 1154 τὴν
1840 1083 2018 1154 ψυχὴν

431 1169 726 1240 βασιλικὴν
753 1169 829 1238 τῷ
860 1170 974 1224 ὄντι
994 1171 1090 1226 καὶ
1110 1174 1512 1246 μεγαλόφρονα,
1536 1175 1632 1228 καὶ
1660 1175 2019 1248 Θαυμάσαιτὸ

430 1260 524 1312 τοῦ
557 1262 908 1332 φρονήματος
939 1264 1364 1336 ἀκατάπληκτον
1401 1267 1494 1320 καὶ
1547 1268 1607 1320 τὸ
1657 1269 1756 1337 τῆς
1794 1271 2018 1341 ἀνδρίας

433 1354 792 1423 παράστημα,
827 1355 976 1418 ὅπως
1020 1359 1294 1430 τοσαύτην
1331 1359 1609 1430 πολεμίων
1649 1361 1790 1430 ὁρῶν
1820 1365 2014 1434 ἐπιφο-

433 1443 532 1514 ρὰν
556 1445 617 1497 οὑ
648 1446 971 1516 κατεπλάγη
1024 1451 1116 1502 καὶ
1148 1450 1528 1521 ὑπεχώρησεν,
1562 1453 1676 1505 ἀλλ’
1712 1453 1902 1526 ὥσπερ
1936 1457 2016 1519 εἰς

429 1535 606 1604 φίλιον
658 1538 852 1608 χωρῶν
921 1540 1118 1608 πλῆθος
1178 1542 1278 1612 τὴν
1334 1543 1514 1613 ψυχὴν
1557 1544 1730 1608 οὕτως
1767 1547 2014 1616 ἀτρεμὴς

428 1627 618 1699 ἀπῄει,
655 1631 814 1699 μόνον
843 1631 962 1701 οὐχὶ
995 1635 1108 1694 τοῖς
1162 1633 1444 1704 πολεμίοις
1494 1635 1600 1688 τῶν
1633 1637 1888 1707 ὑπηκόων
1932 1638 2014 1691 δι..

428 1719 551 1783 δοὺς
591 1723 928 1793 ἀντίλυτρον.
1815 1719 1824 1726 ’

503 1811 608 1867 καῖ
636 1815 861 1885 Πρῶτος
897 1812 990 1871 οὖν
1019 1819 1075 1870 ἐν
1110 1820 1174 1890 τῇ
1203 1818 1435 1892 ῥηθείσῃ
1470 1820 1758 1892 ἀναϐάορᾳ
1781 1825 2018 1877 καταλα-

430 1905 541 1957 ϐὼν
563 1907 654 1961 τὸν
685 1909 916 1978 Συμεὼν
960 1909 1252 1980 ἐξεδέχετο.
1297 1912 1454 1966 Ἐπεὶ
1511 1913 1566 1965 δὲ
1598 1915 1783 1984 ὅμηρα
1816 1914 1877 1979 ἐξ
1907 1917 2016 1985 ἁμ-
2069 1923 2076 1930 “

430 2000 676 2068 φοτέρων
702 2001 1016 2072 ἐλήφθησαν
1049 2003 1156 2056 τῶν
1189 2004 1392 2075 μερῶν,
1437 2006 1532 2059 καὶ
1561 2006 1660 2077 τὴν
1695 2009 2018 2080 ἀποϐάθραν

429 2095 476 2145 οἱ
520 2094 822 2165 Βούλγαροι
868 2097 1300 2167 διηρευνήσαντο
1331 2101 1375 2130 ⁵³
1409 2099 1674 2170 ἀκριϐῶς.
1712 2103 1877 2172 μήπω
1934 2121 2018 2166 τις

429 2186 582 2250 δόλος
611 2187 644 2257 ἢ
668 2187 857 2256 ἐνέδρα
883 2190 1160 2258 τυγχάνει,
1194 2190 1435 2260 κατῆλθε
1462 2191 1688 2262 Συμεὼν
1717 2195 1810 2246 τοῦ
1848 2195 2016 2247 ἵππου

429 2279 525 2331 καὶ
580 2281 715 2350 πρὸς
744 2283 834 2334 τὸν
879 2282 1106 2350 βασιλέα
1172 2283 1444 2353 εἰσῆλθεν.
1505 2285 1910 2354 Ἀσπασάμενοι
1961 2287 2017 2339 δὲ

429 2371 690 2440 ἀλλήλους
713 2373 936 2444 εἰρήνης
966 2374 1159 2441 λόγους
1183 2375 1466 2446 ἐκίνησαν.
1495 2377 1687 2430 Εἰπεῖν
1719 2377 1774 2429 δὲ
1795 2376 2014 2445 λέγεται

428 2465 520 2513 τὸν
569 2463 793 2532 βασιλέα
835 2466 968 2534 πρὸς
1026 2466 1290 2535 Συμεών·
1344 2467 1594 2529 Ἀκήκοά
1639 2485 1712 2522 σε
1760 2469 2016 2538 θεοσεϐῆ

428 2553 745 2621 ἄνθρωπον
781 2555 924 2608 ὄντα
951 2557 1047 2610 καὶ
1087 2558 1453 2624 Χριστιανὸν
1477 2559 1776 2629 ὑπάρχειν
1806 2562 2018 2629 ἀληθι-

426 2641 559 2706 νέν,
595 2643 809 2706 βλέπω
867 2645 935 2697 δὲ
995 2645 1063 2698 τὰ
1103 2647 1248 2716 ἔργα
1296 2648 1584 2718 μηδαμῶς
1642 2650 1768 2716 τοῖς
1813 2652 2018 2719 λόγοις

427 2736 861 2804 συμϐαίνοντα.
899 2737 1090 2790 Ἰδιον
1119 2721 1260 2807 μὲν
1293 2740 1402 2808 γὰρ
1441 2743 1761 2807 θεοσεϐοῦς
1797 2744 2016 2810 ἀνδρὸς

428 2826 525 2878 καὶ
557 2828 926 2894 Χριστιανοῦ
980 2829 1045 2880 τὸ
1079 2830 1194 2896 τὴν
1231 2831 1479 2899 εἰρήνην
1507 2831 1752 2902 ἀγαπᾷν
1773 2836 1866 2886 καὶ
1902 2835 2017 2901 τὴν

425 2916 671 2985 ἀγάπην
697 2920 1090 2983 ἀσπάζεσθαι.
1110 2924 1275 2989 εἴπερ
1294 2927 1325 2978 ό
1341 2925 1484 2990 Θεὸς
1497 2925 1698 2995 ἀγάπη
1721 2927 1819 2979 καὶ
1845 2926 2016 2981 ἔστιν

427 3010 524 3065 καὶ
560 3013 818 3081 λέγεται,
861 3013 1122 3080 ἀσεϐοῦς
1171 3014 1238 3067 δὲ
1269 3014 1368 3068 καὶ
1392 3016 1657 3070 ἀπίστου
1688 3017 1753 3070 τὸ
1785 3019 2016 3086 xci/perv

2123 525 2322 580 multas
2353 525 2650 581 distributo
2691 543 2902 583 turmas
2946 535 3112 599 atque
3139 531 3306 586 acies.
3343 531 3574 588 Militum
3609 534 3703 590 alii

2121 617 2330 688 clypeis
2364 618 2644 689 hastisque
2681 619 2911 684 auratis,
2954 621 3046 676 alii
3093 633 3323 694 argento
3373 609 3702 695 Splendidis,

2120 712 2301 765 omnis
2343 711 2436 766 alii
2483 713 2686 766 coloris
2732 714 2902 768 armis
2952 713 3206 770 instructi
3254 725 3416 786 atque
3467 719 3645 772 ornati
3687 736 3702 782 ;

2120 806 2304 860 cuncti
2330 806 2478 862 ferro
2513 806 2894 862 circumcincti
2926 815 3103 862 erant.
3127 808 3194 862 Hi
3220 811 3458 864 medium
3489 827 3705 865 assum-

2121 907 2272 968 ptum
2302 900 2466 971 900
2492 900 2841 972 Symeonem,
2880 909 2941 956 ut
2976 902 3362 972 imperatorem
3395 920 3459 959 ac
3493 920 3698 974 regem,

2121 991 2366 1046 Romana
2400 993 2585 1063 lingua
2615 994 2812 1049 faustis
2854 994 3085 1049 vocibus
3117 995 3510 1049 acclamabant.
3535 995 3704 1050 Sena-

2123 1091 2211 1136 tus
2241 1083 2425 1137 omnis
2451 1085 2627 1138 muris
2655 1084 2982 1150 insidentes,
3011 1087 3279 1156 quidquid
3313 1087 3477 1156 hujus
3507 1086 3705 1142 fabula:

2119 1184 2260 1238 erat,
2320 1175 2665 1244 spectabant.
2717 1174 2828 1230 Res
2871 1191 3004 1230 vero
3055 1185 3306 1244 spcctatu
3361 1176 3703 1247 dignissima,

2120 1267 2304 1336 regius
2331 1283 2455 1322 vere
2478 1278 2642 1336 atque
2673 1268 2925 1322 excelsus
2947 1267 3299 1337 imperatoris
3325 1269 3543 1323 animus
3561 1268 3702 1334 fuit;

2118 1359 2258 1415 mira
2303 1374 2390 1412 res
2441 1358 2710 1418 interrita:
2746 1359 2837 1424 illa
2876 1361 3078 1414 mentis
3117 1361 3426 1415 constantia
3457 1368 3512 1415 et
3561 1376 3704 1430 pra:-

2118 1451 2293 1505 sentia
2319 1466 2384 1506 ac
2415 1451 2703 1515 fortitudo,
2733 1452 3011 1521 quomodo
3049 1461 3252 1506 tantam
3290 1453 3531 1508 hostium
3569 1469 3705 1508 Con-

2119 1543 2378 1599 fluentem
2406 1544 2816 1600 multitudinem
2844 1545 3040 1599 videns
3067 1545 3146 1599 sic
3172 1545 3384 1614 placide
3412 1547 3702 1616 processit,

2120 1645 2329 1692 tantum
2360 1653 2469 1691 non
2503 1638 2744 1690 animam
2768 1638 3006 1707 pretium
3034 1637 3430 1707 redemptionis
3454 1637 3707 1694 hostibus

2121 1745 2220 1800 pro
2251 1729 2491 1785 subditis
2521 1729 2783 1784 oﬂ'erens.

2190 1822 2280 1876 21.
2314 1823 2534 1877 Primus
2568 1823 2753 1892 itaque
2804 1821 2871 1876 ad
2903 1837 3044 1887 eam,
3093 1838 3256 1892 quam
3305 1822 3576 1887 dicebam,
3613 1837 3708 1878 ex-

2121 1914 2467 1968 scensionem
2486 1914 2712 1968 veniens
2736 1913 3059 1984 Symeonem
3085 1913 3528 1982 praestolabatur.
3554 1915 3707 1969 Datis

2119 2015 2254 2055 vero
2287 2002 2550 2071 utrinque
2579 2002 2889 2065 obsidibus,
2914 2018 2977 2057 ac
2994 2018 3118 2056 cum
3148 2003 3362 2074 Bulgari
3391 2004 3708 2059 exscensio-

2120 2085 2245 2144 nem
2278 2091 2570 2170 diligenter
2606 2092 2954 2156 lustrassent,
3000 2109 3068 2147 ne
3100 2093 3226 2162 quis
3259 2093 3422 2147 dolus
3455 2094 3707 2150 subesset

2119 2190 2214 2236 aut
2246 2172 2480 2236 ‘insidiae
2528 2183 2786 2247 laterent,
2846 2183 3082 2250 Symeon
3137 2199 3281 2252 equo
3317 2183 3577 2239 desiliens
3635 2183 3706 2238 ad

2121 2273 2510 2343 imperatorem
2555 2273 2802 2328 intravit.
2835 2267 2915 2328 lbi
2951 2290 3075 2328 cum
3115 2290 3173 2330 se
3221 2283 3415 2328 mutuo
3447 2275 3706 2330 consalu-

2123 2374 2349 2427 tassent,
2387 2367 2454 2420 de
2486 2382 2620 2436 pace
2651 2366 2926 2434 colloquia
2957 2365 3069 2420 orsi
3102 2374 3251 2420 sunt.
3287 2365 3492 2420 Ferunt
3519 2376 3706 2421 autem

2122 2459 2428 2512 Romanum
2452 2460 2508 2513 in
2541 2459 2655 2513 [nec
2677 2459 2848 2513 verba
2873 2459 3198 2530 Symeoncm
3229 2458 3528 2512 allocutum
3551 2474 3702 2513 esse:

2120 2549 2308 2603 Audivi
2334 2557 2381 2602 te
2419 2553 2685 2604 hominem
2737 2549 3041 2621 religiosum
3088 2549 3289 2620 Deique
3342 2551 3596 2603 cultorem
3648 2566 3710 2604 ac

2119 2659 2236 2696 vere
2269 2643 2632 2698 Christianum
2683 2661 2812 2708 esse,
2852 2645 3000 2697 video
3018 2653 3196 2696 autem
3230 2659 3392 2713 opera
3442 2661 3545 2698 non
3576 2646 3710 2699 satis

2118 2735 2284 2788 verbis
2298 2745 2669 2789 consentanea.
2681 2735 2968 2806 Propriam
2990 2737 3128 2789 enim
3142 2743 3214 2790 est
3234 2736 3457 2790 hominis
3478 2736 3712 2807 religiosi

2119 2825 2318 2894 Deique
2349 2826 2567 2880 cultoris
2587 2844 2649 2880 ac
2672 2826 2979 2889 Christiani,
3011 2836 3067 2880 ut
3097 2843 3282 2898 pacem
3319 2837 3365 2880 et
3394 2829 3712 2882 charitatem

2117 2916 2276 2979 colat,
2297 2919 2721 2988 quandoquidem
2751 2919 2887 2972 Deus
2913 2920 3145 2972 charitas
3166 2926 3305 2971 estet
3333 2926 3706 2988 nuncupatur;

2118 3011 2268 3079 impii
2293 3019 2470 3062 autem
2501 3019 2549 3063 et
2591 3011 2875 3081 irreligiosi
2909 3020 2955 3064 et
2988 3010 3237 3076 inﬁdelis,
3275 3019 3332 3064 ut
3361 3011 3584 3064 aedibus
3622 3011 3710 3064 in-

426 3104 688 3172 σφαγαῖς
725 3106 822 3159 καὶ
847 3107 1337 3175 αἵμιισινάὃίίιως
1375 3109 1773 3178 ἐκχεομένοις.
1806 3111 1874 3163 El
1897 3111 2012 3179 μὲν

2120 3104 2357 3174 justeque
2406 3104 2534 3173 [usis
2589 3105 2864 3158 cruoribus
2913 3106 3162 3176 gaudeat.
3218 3104 3283 3190 Si.
3327 3107 3490 3175 igitur
3553 3122 3709 3158 verus

425 3193 543 3249 οὖν
570 3197 804 3264 ἀληθὴς
825 3199 1184 3266 Χριστιανὸς
1213 3197 1524 3268 ὑπάρχεις,
1556 3201 1752 3267 καθὼς
1778 3206 2012 3271 πεπλη-

424 3287 826 3357 ροφορήμεθα,
875 3290 1117 3357 στῆσόν
1155 3307 1300 3345 ποτε
1351 3294 1455 3358 τὰς
1483 3292 1733 3359 ἀδίκους
1776 3294 2016 3364 σφαγὰς

427 3378 526 3430 καὶ
583 3379 689 3446 τὰς
744 3379 862 3433 τῶν
921 3381 1190 3435 ἀνοσίων
1237 3383 1503 3451 αἱμάτων
1553 3383 1856 3452 ἐκχύσεις,
1919 3385 2018 3438 καὶ

426 3469 675 3526 σπεῖσαι
713 3462 852 3539 μεθ”
869 3469 1039 3539 ’ἡμῶν
1069 3472 1447 3539 Χριστιανῶν
1469 3473 1718 3542 εἰρήνην
1738 3477 2017 3542 Χριστια-

424 3559 531 3626 νὸς
566 3561 663 3616 καὶ
685 3561 868 3628 αὐτὸς
897 3559 1095 3616 ὤνκαὶ
1127 3564 1582 3633 ὀνομαζόμενος,
1626 3565 1726 3618 καὶ
1744 3566 1830 3635 μὴ
1875 3567 2018 3622 θέλε

419 3653 796 3720 μολύνεσθαι
849 3646 1224 3722 Χριστιανῶν
1265 3655 1473 3720 δεξιὰν
1508 3658 1760 3726 αἵμασιν
1802 3661 2016 3728 dyoni-

424 3758 588 3798 στων
613 3744 1005 3813 Χριστιανῶν.
1040 3748 1388 3816 Ἀνθρωπος
1419 3745 1591 3803 εἶκαὶ
1621 3750 1806 3816 αὐτὸς
1841 3751 2019 3808 θάνα-

423 3853 533 3888 τον
553 3836 914 3904 προσδοκῶν
952 3839 1047 3891 καὶ
1077 3839 1423 3893 ἀνάστασιν
1456 3843 1553 3894 καὶ
1581 3842 2015 3897 ἀνταπόδοσιν.

425 3927 699 3996 Σήμερον
748 3929 1061 3998 ὑπάρχεις,
1093 3931 1191 3983 καὶ
1232 3932 1443 3996 αὔριον
1472 3934 1560 3997 εἱς
1591 3934 1762 3985 κόνιν
1808 3933 2018 3988 διαλυ-

426 4021 609 4088 θήσῃ.
641 4017 744 4083 Εἷς
767 4023 1024 4090 πυρετὸς
1046 4021 1211 4076 ἅπαν
1234 4023 1593 4076 κατασϐέσει
1616 4025 1682 4076 τὸ
1713 4025 2013 4093 φρύαγμα.

431 4114 570 4166 Τίνα
609 4109 723 4168 οὖν
777 4115 964 4183 λόγον
1004 4099 1228 4179 δώσεις
1281 4113 1360 4178 τῷ
1402 4113 1524 4178 Θεῷ
1564 4114 1694 4167 ἐκεῖ
1727 4115 2014 4170 ἀπελθὼν

425 4199 580 4268 ὑπὲρ
625 4201 744 4255 τῶν
781 4202 1004 4256 ἀδίκων
1059 4202 1344 4272 σφαγῶιντ
1390 4205 1541 4269 ποίῳ
1590 4205 1892 4271 προσώπῳ
1940 4207 2016 4270 τῷ

427 4292 657 4362 φοϐερῷ
695 4295 791 4346 καὶ
825 4293 1034 4361 δικαίῳ
1062 4293 1434 4360 ἑνατενίσεις
1483 4295 1692 4364 κριτῇ;
1724 4298 1788 4350 El
1823 4299 2014 4350 πλού-

427 4398 537 4436 του
587 4381 742 4450 ἐρῶν
800 4381 989 4436 ταῦτα
1047 4384 1259 4450 ποιεῖς,
1308 4382 1393 4456 [Ρ.
1441 4383 1568 4457 581]
1623 4386 1736 4454 ἐγώ
1798 4403 1868 4440 ονε
1922 4403 2021 4440 κα-

2120 3195 2449 3250 Christianus
2489 3213 2560 3260 es,
2592 3197 2802 3266 qualem
2833 3206 2880 3250 te
2911 3207 3046 3250 certo
3069 3198 3453 3261 existimamus,
3493 3197 3710 3253 tandem

2118 3287 2406 3358 aliquando
2448 3290 2572 3340 siste
2607 3289 2833 3358 injustas
2863 3289 3049 3354 caedes,
3089 3288 3352 3358 ﬁnemque
3394 3288 3552 3356 facito
3585 3288 3714 3356 fun-

2119 3380 2276 3433 dcndi
2297 3382 2571 3434 innoxium
2600 3381 2930 3449 sanguinem,
2959 3397 3020 3432 ac
3050 3397 3232 3450 pacem
3264 3379 3530 3432 nobiscum
3559 3377 3712 3433 Chri-

2114 3474 2305 3526 stianis
2348 3489 2620 3543 compone,
2670 3473 2830 3544 901
2872 3475 2962 3543 qui
2999 3473 3110 3543 ipse
3153 3472 3485 3527 Christianus
3529 3473 3600 3526 sis
3661 3483 3714 3524 et

2119 3565 2312 3619 dicaris
2345 3581 2364 3629 ;
2410 3581 2502 3618 nec
2536 3565 2964 3619 Christianorum
3002 3565 3245 3617 dexteras
3286 3561 3710 3619 Christianorum

2115 3658 2298 3710 itidem
2332 3674 2393 3710 ac
2433 3659 2670 3710 eamdem
2709 3657 2993 3710 colentium
3035 3655 3197 3724 ﬁdem
3230 3655 3503 3708 cruoribus
3547 3653 3716 3722 pollui

2117 3750 2282 3803 sinas.
2313 3748 2434 3820 Ipse
2473 3755 2676 3820 quoque
2710 3752 2864 3810 homo
2897 3765 2972 3813 es,
3015 3749 3104 3819 qui
3149 3755 3370 3801 mortem
3395 3755 3444 3800 et
3473 3760 3713 3801 resurre-

2118 3842 2342 3893 ctionem
2372 3848 2422 3892 et
2460 3840 2860 3894 retributionem
2877 3846 3159 3908 exspectes.
3197 3837 3363 3890 Hodie
3391 3838 3447 3889 in
3479 3838 3605 3890 vivis
3635 3853 3711 3903 es,

2121 3938 2169 3982 et
2205 3948 2324 3982 cras
2351 3930 2401 3982 in
2421 3929 2690 3998 pulverem
2717 3929 3034 3982 dissolveris.
3068 3925 3247 3980 Febris
3273 3944 3378 3979 una
3410 3927 3710 3996 superbiam

2118 4037 2323 4072 omnem
2354 4018 2620 4073 dissolvet.
2663 4017 2836 4082 Quam
2861 4032 2983 4086 ergo
3020 4016 3299 4073 rationem.
3332 4023 3454 4066 ante
3477 4011 3714 4066 tribunal

2120 4107 2217 4160 Dei
2239 4109 2573 4171 constitutus,
2619 4106 2727 4159 Deo
2765 4107 3064 4158 redditurus
3095 4121 3148 4156 es
3187 4119 3280 4174 pro
3305 4103 3517 4171 injustis
3547 4103 3709 4156 aedi-

2119 4199 2258 4252 bus?
2319 4200 2431 4264 Quo
2459 4199 2607 4253 vultu
2658 4200 2712 4251 in
2764 4197 3092 4252 tremendum
3119 4196 3431 4265 justumque
3471 4193 3712 4262 judicent

2119 4289 2296 4343 oculos
2328 4289 2562 4341 intendes
2592 4288 2614 4340 ?
2639 4285 2694 4341 Si
2724 4297 2772 4339 te
2804 4285 3106 4338 divitiarum
3130 4281 3316 4351 cupido
3348 4280 3417 4332 ad
3448 4279 3711 4348 ejusmodi

2120 4383 2362 4453 facinora
2394 4381 2639 4453 impellit,
2668 4397 2760 4451 ego
2785 4390 2834 4431 te
2866 4378 2974 4431 illis
2996 4377 3065 4430 ad
3105 4377 3407 4429 satietatem
3438 4371 3652 4442 explebo
3689 4389 3709 4436 ;

428 4472 690 4539 τακόρως
737 4472 844 4525 τοῦ
889 4472 1375 4542 ἐπιθυμουμένου
1448 4474 1774 4543 ἐμπλήσω*
1827 4478 2014 4544 ιιόνον

2125 4477 2274 4529 modo
2329 4475 2536 4528 contine
2580 4474 2872 4536 dexteram,
2927 4487 3106 4540 pacem
3159 4465 3511 4538 amplectere,
3555 4464 3712 4536 dilige

427 4561 681 4627 ἐπίσχες
742 4561 859 4629 τὴν
901 4561 1111 4626 δεξιάν
1136 4579 1276 4617 σου.
1311 4565 1626 4619 Ἄσπασαι
1682 4567 1798 4635 τὴν
1858 4569 2018 4637 εἰρή-

429 4671 569 4720 νην.
619 4653 965 4724 Ἀγάπησον
1017 4655 1132 4722 τὴν
1182 4657 1488 4724 ὁμόνοιαν,
1543 4659 1645 4711 ἵνα
1685 4660 1783 4713 καὶ
1838 4662 2020 4726 αὐτὸς

423 4745 574 4810 ,βίον
603 4744 792 4815 (riam-
818 4747 1124 4814 εἰρηνικὸν
1166 4748 1262 4800 καὶ
1291 4749 1668 4818 ἀναίμακτον
1697 4751 1797 4804 καὶ
1826 4751 2017 4821 ἀπρά-

432 4854 650 4906 γμονα,
691 4836 794 4890 καὶ
850 4841 904 4891 ol
953 4840 1296 4905 Χριστιανοὶ
1336 4843 1681 4895 παύσονταί
1725 4861 1869 4898 ποτε
1900 4845 2020 4900 τῶν

433 4943 785 4996 συμφορων,
810 4932 906 4982 καὶ
929 4931 1268 4984 παύσονται
1286 4931 1427 4997 τοὺς
1444 4934 1839 5001 Χριστιανοὺς
1859 4936 2021 4990 ἀναι-

429 5021 603 5091 μεῒν·
660 5022 733 5075 οὐ
772 5021 941 5089 θέμις
997 5025 1104 5090 γὰρ
1140 5023 1347 5089 αὐτοῖς
1409 5024 1604 5092 αἴρειν
1641 5026 1804 5080 ὅπλα
1866 5032 2020 5084 κατὰ

436 5115 804 5184 ὀμοπίστων.
831 5113 1083 5168 Τοσαῦτα
1102 5113 1192 5170 οὖν
1220 5114 1392 5169 εἰπὼν
1418 5116 1446 5167 ὁ
1466 5115 1718 5186 βασιλεὺς
1742 5119 2017 5188 ἐσίγησεν.

435 5208 713 5270 Δίδεσθεὶς
743 5201 836 5260 οὖν
887 5206 1111 5275 Συμεὼν
1164 5208 1265 5278 τὴν
1299 5208 1490 5262 τούτου
1549 5210 1881 5263 ταπείνωσιν
1925 5212 2021 5264 καὶ

434 5303 560 5365 τοὺς
595 5302 785 5366 λόγους
816 5299 982 5352 αὐτοῦ
1021 5297 1316 5352 κατένευσε
1359 5301 1460 5370 τὴν
1509 5302 1734 5373 εἰρήνην
1779 5306 2015 5371 ποιήσα-

2123 4566 2478 4628 concordiam,
2531 4571 2586 4616 ut
2630 4573 2679 4616 et
2723 4564 2832 4632 ipse
2872 4562 3035 4614 vitam
3075 4557 3428 4626 tranquillam
3474 4571 3602 4624 agas
3649 4567 3713 4605 ac

2121 4661 2453 4713 incruentam
2504 4655 2734 4726 nihilque
2767 4653 3072 4716 sollicitam,
3111 4668 3174 4704 ac
3207 4652 3419 4703 tandem
3450 4646 3708 4701 Christia—

2125 4769 2313 4805 norum
2345 4749 2490 4804 mala
2537 4750 2697 4816 ﬁnem
2744 4747 3027 4816 accipiant,
3075 4753 3234 4814 atque
3277 4743 3373 4795 alii
3400 4743 3533 4794 alios
3562 4739 3713 4793 Chri-

2122 4846 2324 4899 stianos
2355 4841 2720 4897 contrucidare
2751 4841 3018 4894 desinant.
3052 4836 3178 4890 Haec
3221 4836 3298 4889 ita
3337 4835 3556 4889 locutus
3605 4831 3712 4885 im-

2127 4945 2345 5009 perator
2370 4934 2656 4990 conticuit.
2677 4935 2944 5004 Bulgarus
2974 4931 3140 5002 igitur
3168 4929 3315 4982 illius
3341 4927 3710 4980 humilitatem

2128 5045 2192 5083 ac
2238 5044 2522 5084 sermones
2553 5044 2675 5082 cum
2711 5025 3067 5081 veneratione
3099 5022 3330 5076 miratus
3367 5033 3556 5088 pacem
3593 5016 3711 5069 fieri

2128 5124 2340 5176 annuit.
2391 5121 2527 5177 Cum
2580 5138 2639 5176 se
2697 5121 2882 5189 itaque
2929 5117 3162 5172 invicem
3218 5109 3448 5168 osculati
3503 5116 3710 5171 essent,

2129 5216 2524 5279 discesserunt,
2579 5214 2912 5284 imperatore
2956 5206 3264 5280 magniﬁcis
3293 5203 3452 5259 donis
3482 5201 3712 5273 Symeo-

2131 5319 2252 5357 nem
2287 5313 2602 5374 prosecuto.

437 5396 615 5449 σθαιπ
666 5393 1070 5462 ’Δσπασὰμενοι
1121 5393 1212 5446 οὖν
1269 5396 1534 5466 ἀλλήλους
1585 5397 2038 5468 διεχωρίσθηςαν,
2075 5397 2270 5469 δώροις
2312 5398 2759 5471 μεγαλοπρεπέσι
2825 5395 2918 5448 τοῦ
2992 5393 3252 5465 βασιλέως
3308 5387 3711 5458 δεξιωσαμένου

435 5487 529 5541 τὸν
562 5488 634 5540 Συ
642 5487 806 5556 μεὼν.

509 5584 614 5649 κβκ
646 5582 710 5633 Ὃ
739 5580 795 5632 δὲ
828 5578 949 5633 τότε
997 5579 1312 5651 ωμὸέὸηκε
1358 5583 1689 5656 διηγήσομαι
1731 5582 2015 5653 τεράστιόν

2196 5582 2284 5634 ‘29..
2317 5579 2474 5648 Quod
2520 5595 2654 5635 vero
2691 5586 2822 5634 tunc
2852 5573 3074 5640 accidit,
3113 5569 3371 5636 referam,
3412 5580 3526 5623 rem
3579 5577 3712 5619 sane

1744 5676 1976 5744 Vitille
2017 5676 2421 5738 LECTIONES.

568 5772 612 5802 ”
638 5767 1085 5841 διερευνήσαντες
1114 5766 1174 5822 Ρ.
