4128 6434
467 349 573 411 983

1737 342 2061 405 GEORGII
2098 340 2445 402 MONACHI

3636 335 3744 398 961

456 473 832 535 portentosam
860 472 1025 533 atque
1053 462 1163 518 illis
1197 464 1291 533 qui
1316 462 1518 516 horum
1554 460 2050 531 noverantjudieia

2155 477 2206 511 τι
2239 457 2335 510 καὶ
2365 458 2475 519 τοῖς
2505 454 2572 507 τὰ
2604 451 2828 506 τοιαῦτα
2857 453 3169 521 συγκρίνειν
3202 449 3368 505 εἰδόσι
3415 450 3744 522 παράδοξον.

458 570 656 608 novam
683 564 737 610 et
772 555 1072 609 insolitam.
1104 556 1248 609 Duas
1269 555 1424 609 aiunt
1457 555 1902 623 colloquentibus
1933 569 2049 607 am-

458 647 637 702 bobus
673 648 895 719 regibus
939 649 1153 718 aquilas
1180 664 1351 719 super
1392 664 1488 703 eos
1538 648 1798 702 volitasse
1835 655 2046 701 etcum

458 737 720 808 clangore
785 740 1065 805 coivisse,
1126 756 1363 809 moxque
1416 741 1657 795 divulsas
1708 739 2047 794 alteram'ad

458 831 653 885 urbem
702 832 991 897 transisse,
1022 835 1251 887 alteram
1290 834 1345 887 in
1384 833 1674 887 Thraciam
1718 833 1881 904 902
1916 850 2046 887 avo—

455 923 620 977 lasse.
652 922 861 977 Rerum
896 924 1212 977 istiusmodi
1240 925 1446 979 curiosi
1491 925 1841 995 iudagatores
1887 926 2049 981 inau-

455 1013 731 1081 spicatum
774 1028 935 1068 omen
986 1014 1243 1068 arbitrati
1297 1024 1446 1080 sunt,
1499 1015 1619 1069 fore
1674 1016 1937 1070 nimirum
1992 1028 2051 1072 ut

457 1104 663 1158 infecta
693 1122 827 1174 pace
887 1107 965 1160 illi
1016 1107 1493 1177 disjungerentur.
1549 1108 1785 1179 Symeon
1824 1110 1889 1164 ad
1920 1127 2051 1166 suos

458 1207 717 1248 reversus
740 1195 1089 1264 imperatoris
1118 1198 1444 1265 sapientiam
1467 1199 1911 1269 modestiamque
1936 1200 2051 1256 suis

459 1283 789 1349 proceribus
814 1294 1026 1346 narrat,
1068 1284 1286 1354 virique
1319 1285 1552 1340 formam
1580 1297 1637 1340 et
1672 1287 1844 1340 robur
1872 1287 2051 1342 infra-i

461 1381 719 1444 clumque
757 1376 999 1429 animum
1030 1376 1318 1432 immensis
1343 1377 1606 1433 laudibus
1645 1380 1915 1435 celebrat.

529 1554 619 1610 25.
649 1553 853 1608 Mensis
872 1553 1194 1609 Decembris
1222 1553 1313 1609 die
1334 1554 1601 1625 vigesima
1627 1554 1820 1625 quinta
1848 1556 2049 1610 Roma-

458 1661 564 1699 nus
586 1644 729 1697 filios
754 1658 886 1697 suos
916 1642 1262 1713 Stephanum
1285 1650 1341 1698 et
1364 1641 1789 1698 Constantinum
1824 1652 2055 1698 coronat

461 1745 516 1798 in
558 1742 748 1812 Magna
809 1742 1045 1797 ecclesia
1097 1760 1110 1796 :
1163 1742 1259 1797 sed
1309 1750 1367 1797 et
1413 1742 1889 1813 Theophylactum
1933 1745 2055 1814 ejus

2154 548 2258 602 Δύο
2290 548 2453 617 φασὶν
2485 546 2677 609 ἀετούς
2716 544 2828 598 τῶν
2862 543 3129 613 βασιλέων
3159 543 3495 615 ὁμιλούντων
3534 542 3745 597 ἀνωθεν

2151 635 2332 689 αὐτῶν
2366 636 2713 706 ὑπερπτῆναι
2771 632 3004 700 κλάγξαι
3049 652 3107 687 τε
3163 633 3259 688 καὶ
3296 634 3433 705 πρὸς
3477 632 3744 704 ἀλλήλους

2153 729 2444 798 συμμῖξαι,
2478 729 2574 781 καὶ
2605 727 2921 799 παραυτίκα
2950 727 3339 797 διαζευχθῆναι
3362 725 3628 796 ἀλλήλων,
3650 726 3743 779 καὶ

2150 819 2242 872 τὸν
2274 818 2373 888 μὲν
2403 817 2497 869 ἐπὶ
2529 817 2628 887 τὴν
2664 817 2819 869 πόλιν
2840 816 3091 879 διελθεῖν,
3128 815 3222 870 τὸν
3249 816 3306 870 δὲ
3340 817 3433 870 ἐπὶ
3462 816 3563 886 τὴν
3595 815 3747 888 Θρᾴ-

2152 928 2258 980 κην
2292 910 2613 979 διαπτῆναι.
2651 909 2824 962 Τοῦτο
2850 910 2899 962 οί
2945 909 3193 978 ἀκριϐῶς
3231 909 3300 963 τὰ
3345 908 3571 962 τοιαῦτα
3618 924 3757 971 σκο-ν

2152 1001 2385 1065 ποῦντες
2420 1004 2482 1055 ού
2517 1002 2683 1056 καλὸν
2714 1002 2938 1073 ἔκριναν
2976 1003 3202 1055 οἰωνόν·
3236 1001 3590 1071 ἀσυμϐάτους
3634 999 3747 1071 γάρ

2152 1097 2246 1149 ἐπὶ
2272 1097 2370 1167 τὴν
2402 1098 2631 1168 εἰρήνην
2663 1098 3009 1169 ἀμφοτέρους
3052 1095 3479 1167 διαλυθήσεσθαι
3509 1095 3744 1163 ἔφασαν.

2152 1189 2378 1259 Συμεὼν
2413 1189 2470 1242 δὲ
2510 1189 2571 1241 τὸ
2614 1190 2781 1243 αὑτοῦ
2835 1189 3200 1259 στρατόπεδον
3254 1185 3583 1241 καταλαϐὼν
3631 1188 3748 1247 τοῖς

2154 1281 2349 1334 ἑαυτοῦ
2380 1283 2707 1350 μεγιστᾶσιν
2736 1283 2834 1351 τὴν
2860 1280 2954 1334 τοῦ
2998 1280 3263 1349 βασιλέως
3288 1278 3593 1348 ἀπήγγειλε
3620 1277 3746 1330 σύν-

2152 1391 2268 1428 εσιν
2298 1375 2394 1427 καὶ
2421 1376 2774 1436 ταπείνωσιν,
2801 1374 3081 1439 ἐξεθείαζε
3115 1391 3173 1427 τε
3206 1372 3373 1427 αὐτοῦ
3406 1371 3466 1424 τὸ
3488 1367 3629 1434 εἶδος
3645 1371 3747 1441 τήν

2150 1483 2211 1519 τε
2241 1464 2438 1537 ῥώμην
2469 1468 2564 1519 καὶ
2587 1466 2647 1520 τὸ
2674 1463 3101 1535 ἀκατάπληκτον
3126 1461 3221 1514 τοῦ
3257 1462 3633 1532 φρονήματος.

2224 1566 2330 1625 κγ’.
2367 1558 2689 1629 Δεκεμϐρίῳ
2716 1558 2771 1610 δὲ
2804 1559 2935 1629 μηνὶ
2970 1563 3047 1610 κε’
3074 1555 3269 1623 ἔστεφε
3315 1551 3596 1620 Ῥωμανδς
3616 1551 3745 1614 τοὺς

2154 1652 2307 1713 υἱοὺς
2340 1650 2508 1704 αύτοῦ
2538 1653 2595 1705 ὲν
2626 1654 2692 1721 τῇ
2736 1650 2966 1722 Μεγάλῃ
3025 1647 3315 1719 ἐκκλησίᾳ,
3370 1645 3641 1714 Στέφανόν
3684 1661 3745 1697 τε

2156 1745 2252 1797 καὶ
2294 1745 2731 1797 Κωνσταντῖνοψ
2784 1743 2920 1797 ἀλλά
2950 1743 3045 1795 καὶ
3074 1741 3455 1810 Θεοφύλακτον
3488 1736 3747 1808 εὐνοῦχον

459 1832 635 1888 ﬁlium
680 1831 940 1887 Nicolaus
965 1831 1280 1901 patriarcha
1316 1832 1569 1887 detondit
1596 1833 1882 1899 clericum,
1917 1834 2051 1889 sub-

2160 1837 2274 1890 υἱδν
2303 1836 2469 1891 αὑτοῦ
2501 1839 2529 1889 ό
2567 1837 2920 1907 πατριάρχης
2950 1833 3218 1897 Νικόλαος
3251 1832 3516 1903 ἀπέκειρε
3547 1831 3745 1901 κληρι-

460 1924 755 1978 diaconum
786 1923 1053 1979 ordinans
1088 1938 1153 1979 ac
1181 1941 1517 1994 promovens
1559 1928 1886 1999 syncellum,
1921 1942 2048 1982 cum

459 2016 509 2070 is
536 2017 691 2085 prius
726 2018 781 2070 in
809 2016 1280 2072 subdiaconorum
1313 2019 1487 2089 gradu
1524 2019 1581 2073 in
1607 2029 1795 2075 sancta
1820 2034 2049 2090 proces-

461 2106 646 2160 sisset.

528 2198 619 2252 24.
652 2198 858 2255 Mensis
896 2200 1103 2271 Aprilis
1152 2200 1243 2256 die
1288 2201 1506 2258 decima
1565 2219 1712 2258 nona
1769 2204 2051 2260 Romanus

456 2288 726 2346 Joannem
766 2294 1086 2364 mysticum,
1135 2307 1321 2348 rerum
1378 2294 1749 2363 gerendarum
1811 2295 2051 2350 admini-

458 2391 637 2437 strum
668 2392 722 2438 et
752 2384 1143 2455 subadjuvam,
1176 2385 1409 2454 patricia
1444 2401 1509 2441 ac
1550 2388 1935 2455 proconsulari
1960 2388 2048 2441 di-

460 2474 667 2541 gnitate
690 2476 932 2534 ornavit.
956 2476 1031 2529 ita
1057 2492 1188 2530 sane
1213 2483 1275 2530 ut
1300 2476 1431 2532 hinc
1458 2493 1680 2547 quoque
1710 2479 1788 2533 illi
1816 2479 2051 2536 conﬂata

461 2566 668 2621 invidia
706 2568 856 2621 sitet
890 2568 1102 2621 illatum
1134 2583 1164 2621 a
1202 2568 1537 2637 quibusdam
1567 2570 1801 2625 crimen.

533 2658 625 2713 25.
682 2660 808 2714 Maii
844 2660 1051 2715 mensis
1100 2661 1190 2715 die
1222 2663 1416 2731 quinta
1462 2662 1695 2727 decima,
1751 2663 2052 2718 indictione

462 2753 623 2806 tertia
652 2754 888 2814 decima.
938 2754 1178 2809 moritur
1208 2754 1473 2809 Nicolaus
1503 2756 1841 2825 patriarcha,
1869 2771 1993 2810 cum
2020 2772 2051 2810 a

462 2845 706 2900 secunda
760 2862 855 2899 sua
900 2848 1263 2916 provectione
1304 2863 1485 2902 annos
1533 2848 1794 2904 tredecim
1850 2850 2053 2903 throno

462 2937 675 3006 potitus
706 2948 875 2993 esset.
910 2939 1045 3007 Ejus
1077 2955 1281 3010 corpus
1302 2939 1357 2994 in
1385 2942 1741 3007 monasterio,
1765 2942 1912 3011 quod
1935 2940 2051 3011 ipse

460 3032 788 3085 condiderat
842 3048 906 3089 ac
954 3033 1287 3089 Galacrenas
1335 3043 1558 3101 vocant,
1607 3036 1895 3091 conditum
1943 3045 2048 3091 est.

460 3123 647 3180 Mense
676 3142 810 3180 vero
843 3127 1091 3196 Augusto
1125 3126 1444 3197 patriarcha
1489 3127 1764 3184 suﬂicitur
1813 3129 2051 3200 Stephao

460 3232 570 3271 nus
600 3218 845 3273 Amaseze
875 3220 1247 3289 metropolita,
1280 3220 1592 3277 eunuchus.

531 3308 693 3378 903
727 3309 816 3363 26.
872 3310 1057 3364 Mense
1107 3309 1334 3365 Octobri
1377 3310 1620 3367 Joannes
1674 3312 1942 3383 mysticus
1992 3328 2057 3368 ac

458 3401 788 3471 imperatori
820 3418 1002 3455 rerum
1040 3403 1408 3472 gerendarum
1442 3404 1664 3472 adjutor
1693 3404 1933 3460 aﬂectati
1962 3405 2059 3461 im-

455 3494 603 3564 perii
631 3494 899 3560 defertur,
922 3494 978 3549 in
1007 3511 1123 3549 rem
1160 3495 1459 3550 inducente
1485 3496 1681 3551 Cosma
1710 3496 1945 3568 patricio
1992 3514 2057 3553 ac

2156 1932 2270 1994 κὸν,
2308 1932 2695 2003 χειροτονήσας
2723 1929 3079 1983 ύποδιάκονον
3110 1926 3406 1995 σύγκελλόν
3430 1942 3490 1978 τε
3523 1941 3750 1994 προχει-

2158 2026 2478 2096 ρισάμενος,
2521 2024 2801 2078 διελθόντα
2836 2023 3101 2094 πρότερον
3148 2022 3205 2075 ὲν
3260 2019 3338 2089 τῷ
3370 2018 3481 2073 τῶν
3524 2018 3751 2073 ὑποδια-

2155 2118 2327 2170 κόνων
2357 2118 2597 2187 τάγματι
2628 2118 2707 2180 είς
2745 2116 2813 2169 τά
2844 2114 2997 2184 am.
3066 2128 3075 2139 '

2226 2211 2324 2264 κδ’.
2372 2211 2673 2281 Ἀπριλλίῳ
2734 2209 2792 2262 δὲ
2850 2210 2982 2280 μηνὶ
3042 2207 3107 2261 ιθ⁹
3162 2206 3395 2278 ἐτίμησε
3462 2206 3747 2277 Ῥωμανδς

2167 2301 2421 2369 Ἰωάννην
2446 2300 2710 2370 μυστικὸν
2740 2300 2835 2352 καὶ
2867 2298 3422 2370 παραδυναστεύοντα
3454 2297 3747 2367 πατρίκιον

2157 2391 2250 2443 καὶ
2271 2390 2600 2455 ἀνθύπατον,
2636 2389 2778 2442 ὥστε
2826 2388 2895 2442 δι’
2942 2388 3075 2442 αὐτὸ
3104 2388 3264 2441 τοῦτο
3295 2387 3489 2455 φθόνον
3521 2384 3747 2456 κινηθῆ-

2156 2501 2245 2537 ναι
2280 2483 2429 2554 αὐτῷ
2458 2483 2554 2535 καὶ
2576 2481 3029 2553 κατηγορηθῆναι
3059 2481 3221 2534 αὑτὸν
3254 2480 3359 2534 ὑπό
3390 2499 3571 2534 τινων.

2227 2664 2325 2719 κε’.
2353 2665 2516 2734 Μαΐῳ
2543 2664 2599 2717 δὲ
2627 2662 2759 2735 μηνὶ
2796 2670 2880 2728 ιε’,
2912 2664 3243 2725 ίνδικτιῶνος
3284 2668 3373 2731 ιγ’,
3400 2662 3627 2733 τελευτᾷ
3655 2661 3751 2714 τὸν

2157 2751 2274 2821 βίον
2298 2754 2327 2805 ό
2353 2753 2706 2823 πατριάρχης
2754 2752 3043 2819 Νικόλαος,
3088 2753 3369 2823 κρατήσας
3404 2754 3460 2804 ἐν
3484 2755 3548 2821 τῇ
3582 2750 3625 2822 β’
3653 2752 3753 2805 αύο

2156 2842 2251 2897 τοῦ
2281 2844 2543 2897 ἀναϐάσει
2569 2844 2663 2896 τοῦ
2696 2846 3094 2915 πατριαρχείου
3118 2844 3212 2915 ἐτη
3247 2851 3338 2914 ιγ’.
3374 2845 3483 2897 Καὶ
3507 2843 3751 2915 ἀπετέθη

2154 2935 2217 2989 τὸ
2245 2936 2404 3007 σῶμα
2436 2936 2603 2990 αὐτοῦ
2635 2939 2693 2990 ἐν
2716 2939 2781 3008 τῇ
2815 2937 2907 2990 ὑπ’
2942 2936 3108 2990 αὑτοῦ
3146 2936 3432 3009 κτισθείσῃ
3469 2940 3604 3007 μονῇ
3640 2937 3753 2989 τῶν

2157 3026 2548 3099 Γαλακρηνῶν.
2590 3027 2891 3098 Αὐγούστῳ
2938 3028 2997 3079 δὲ
3041 3026 3171 3097 μηνὶ
3206 3027 3555 3097 πατριάρχης
3596 3025 3755 3079 καθί-

2161 3136 2354 3175 σταται
2386 3120 2658 3190 Στέφανος
2680 3120 2710 3170 ό
2745 3119 3044 3189 Ἀμασείας
3065 3118 3469 3189 μητροπολίτης
3496 3116 3751 3187 εὐνοῦχος

2162 3213 2426 3284 ὑπάρχων
2444 3213 2511 3268 ⁸³.

2227 3311 2344 3370 κς.
2390 3303 2706 3376 Ὀκτωϐρίῳ
2725 3304 2781 3357 δὲ
2822 3304 2954 3375 μηνὶ
2981 3304 3391 3378 κατηγορηθεὶς
3421 3306 3449 3359 ὀ
3482 3303 3748 3375 μυστικὸς

2168 3395 2424 3467 Ἰωάννης
2474 3396 2569 3449 καὶ
2632 3397 3136 3469 παραδυναστεύων
3185 3397 3261 3461 ὡς
3318 3397 3416 3468 τῆς
3470 3396 3753 3468 βασιλείας

2157 3489 2445 3558 ἐφιέμενος
2476 3490 2730 3561 ὑποθήκῃ
2763 3489 2858 3543 τοῦ
2893 3490 3189 3561 πατρικίου
3224 3490 3425 3561 Κοσμᾶ
3454 3490 3549 3545 καὶ
3590 3490 3749 3559 λογο-

453 3600 662 3639 cursus
691 3586 900 3654 publici
936 3586 1239 3656 logotheta,
1273 3587 1367 3656 qui
1405 3587 1572 3641 tiliam
1618 3589 1670 3642 ei
1720 3605 1943 3644 uxorem
1978 3590 2051 3645 l0-

2157 3583 2312 3637 θέτου
2340 3583 2432 3637 τοῦ
2462 3584 2690 3655 δρόμου,
2724 3584 2811 3657 [Ρ.
2850 3583 2978 3654 58Ξ]
3018 3585 3253 3645 διδόντος
3280 3585 3360 3646 είς
3394 3585 3629 3652 γυναῖκα
3650 3583 3750 3653 τὴν

462 3685 709 3730 caverat.
746 3677 877 3746 Ejus
902 3677 980 3731 rei
1012 3693 1177 3732 causa
1213 3678 1475 3749 dejicitur
1508 3679 1602 3735 ille
1632 3680 1859 3750 quidem
1902 3682 2056 3752 pala-

453 3769 543 3821 διὶο
599 3786 612 3820 :
669 3769 1001 3839 permissum
1041 3778 1222 3824 tamen
1270 3780 1325 3826 et
1372 3771 1598 3841 prodire
1629 3789 1693 3827 ac
1733 3772 2054 3843 imperatori

464 3860 803 3927 ministrare,
833 3868 889 3915 et
919 3876 1045 3916 cum
1072 3876 1140 3916 eo
1167 3863 1591 3918 communicatis
1613 3863 1882 3930 consiliis,
1906 3864 2053 3934 quod

463 3950 626 4005 cilicii
664 3960 833 4017 esset,
864 3959 1120 4007 tractare.
1161 3952 1362 4024 Ingens
1392 3954 1599 4025 quippe
1630 3954 1685 4009 in
1715 3970 1841 4009 eum
1877 3955 2054 4025 impe-

464 4046 668 4099 ratoris
698 4045 780 4099 vis
816 4046 1023 4100 amoris
1052 4054 1193 4108 erat,
1231 4046 1381 4117 quod
1415 4047 1682 4119 mysticus
1709 4048 1764 4102 in
1792 4048 2054 4102 omnibus

462 4139 511 4193 ei
543 4139 775 4209 obsequi
797 4148 1005 4209 posset,
1039 4154 1142 4193 nec
1174 4147 1232 4193 ut
1262 4154 1292 4194 a
1328 4155 1387 4194 se
1429 4140 1657 4209 penitus
1684 4139 1969 4210 ablegaret
1998 4141 2052 4195 in

463 4230 710 4285 animum
768 4229 1031 4283 inducere
1085 4235 1320 4298 poterat.
1379 4226 1818 4282 Accusatoribus
1869 4236 2051 4281 tamen

465 4321 856 4392 imperatorem
896 4320 1264 4390 urgentibus,
1311 4319 1720 4388 perspicuaque
1779 4335 1900 4374 esse
1946 4318 2056 4374 cri-

464 4415 610 4467 mina
642 4414 856 4482 objecta
892 4412 1355 4475 monstrantibus,
1412 4420 1690 4466 scrutatus
1727 4411 2049 4482 imperator,

463 4521 589 4561 cum
624 4520 757 4561 vera
790 4506 905 4559 luce
934 4521 1056 4559 esse
1078 4505 1464 4574 comperisset,
1497 4502 1825 4574 capiendum
1857 4503 2051 4575 mysti-

460 4614 591 4655 cum
643 4598 838 4653 Statuit
869 4613 932 4651 ac
967 4597 1366 4667 quaestionibus
1420 4594 1848 4665 subjiciendum.
1896 4593 2053 4659 Quod

464 4688 559 4743 ille
591 4686 972 4757 praesentiens,
1015 4687 1143 4757 fuga
1175 4703 1233 4742 se
1276 4687 1342 4741 ad
1391 4687 1904 4741 Monocastanorum
1934 4700 2054 4739 mo~

462 4781 771 4837 nasterium
806 4779 1102 4849 recipiens,
1153 4780 1227 4833 ibi
1273 4779 1528 4834 monachi
1561 4778 1670 4833 ritu
1704 4793 1917 4831 comam
1950 4792 2052 4846 po-

460 4874 597 4929 suit.
646 4872 807 4943 Fugit
850 4888 985 4927 vero
1020 4872 1184 4926 etiam
1220 4872 1617 4928 Constantinus
1663 4870 1829 4925 Boilaa
1880 4868 2049 4935 (ilius,

461 4982 669 5023 mensa:
699 4966 1047 5036 praepositus,
1077 4965 1276 5020 timens
1305 4964 1519 5019 scilicet
1559 4972 1621 5016 ut
1645 4963 1739 5032 qui
1779 4963 1895 5033 ipse
1932 4978 2054 5033 my-

466 5059 589 5114 stici
623 5067 919 5130 symmysta
956 5056 1357 5126 essetejusque
1397 5062 1739 5109 secretorum
1772 5053 2052 5108 conscius.

464 5153 766 5211 Patricium
790 5151 1042 5207 Cosmam
1086 5153 1152 5207 ad
1202 5149 1392 5222 palatii
1421 5148 1772 5218 horologium
1807 5146 2057 5202 verberi-

466 5246 571 5301 bus
599 5246 890 5301 subactum
921 5248 1221 5316 imperator
1249 5244 1430 5300 cilicio
1462 5242 1653 5297 movit.
1681 5242 1911 5298 Joannis
1941 5258 2057 5313 my-

466 5338 590 5393 stici
622 5340 746 5394 loco
769 5336 1619 5409 Theoplianesjprotovestiarius
1637 5333 1939 5405 subadjuva
1964 5349 2055 5389 re-

469 5446 704 5502 rumque
755 5430 1123 5503 gerendarum
1169 5427 1491 5499 imperatori
1544 5426 1766 5496 adjutor
1820 5424 2054 5495 praeﬁci-

470 5532 579 5579 tur.

2158 3675 2432 3749 θυγατέρα
2466 3676 2638 3747 αὐτῷ.
2684 3677 2891 3731 Τούτου
2942 3677 3131 3731 ἕνεκεν
3176 3676 3613 3740 καταϐιϐάζεται
3644 3677 3744 3746 μὲν

2154 3767 2249 3821 τοῦ
2277 3768 2566 3835 παλατίου,
2617 3770 2986 3840 συγχωρεῖται
3028 3768 3083 3821 δὲ
3126 3766 3499 3840 προέρχεσθαι
3547 3768 3642 3820 καὶ
3670 3764 3745 3834 τῷ

2158 3861 2367 3929 βασιλεί
2396 3860 2758 3933 ἐξυπηρετεῖν
2786 3862 2880 3914 καὶ
2906 3862 3004 3915 σὺν
3024 3861 3173 3930 αὐτῷ
3195 3861 3256 3913 τὸ
3276 3860 3479 3929 ἀνῆκον
3502 3860 3746 3911 διοικεῖνο

2157 3952 2393 4024 στοργὴν
2437 3953 2548 4025 γάρ
2598 3955 2682 4008 ὅτι
2730 3953 2992 4025 πλείστην
3038 3954 3305 4024 ἐκέκτητο
3344 3953 3481 4023 πρὸς
3531 3952 3694 4005 αὐτὸν
3722 3954 3753 4007 ὁ

2158 4045 2411 4114 βασιλεὺς
2471 4045 2750 4115 Ῥωμανδς
2790 4045 2866 4109 ὡς
2912 4047 2970 4099 ὲν
3025 4048 3193 4099 πᾶσιν
3223 4044 3387 4097 αὑτὸν
3419 4043 3750 4113 θεραπεύειν

2156 4140 2477 4209 δυνάμενον,
2514 4140 2609 4193 καὶ
2636 4140 2836 4203 τελέως
2863 4138 3055 4191 τοῦτον
3086 4136 3418 4194 ἀπώσασθαι
3456 4137 3557 4189 ούκ
3586 4135 3753 4206 ἠϐού-

2155 4231 2296 4297 λετο.
2345 4231 2467 4285 ἰ’ὦν
2511 4232 2837 4303 κατηγόρων
2883 4230 2977 4284 οὖν
3024 4232 3358 4297 ἐπειγόντων
3396 4230 3488 4281 τὸν
3525 4229 3754 4299 βασιλέα

2155 4326 2251 4378 καὶ
2279 4325 2427 4394 σαφῆ
2458 4323 2895 4378 ἀποδεικνύντων
2924 4325 2992 4377 τά
3034 4322 3486 4393 κατηγορημένα,
3528 4320 3756 4392 ἐρευνή-

2159 4437 2259 4482 σας
2287 4420 2314 4471 ό
2346 4420 2600 4488 βασιλεὺς
2625 4419 2723 4471 καὶ
2754 4418 2928 4489 ἀληθῆ
2957 4416 3130 4470 ταῦτα
3161 4412 3304 4470 εῖναι
3336 4414 3527 4487 μαθὼν
3559 4413 3754 4485 ἔμελλε

2080 4533 2134 4592 D
2159 4512 2347 4566 τοῦτον
2381 4514 2674 4581 κατασχὼν
2706 4511 3013 4574 ἀνετάζειν.
3057 4511 3117 4562 '0
3172 4509 3230 4563 δὲ
3282 4507 3443 4562 τοῦτο
3481 4507 3755 4578 προγνοὺς

2163 4600 2361 4670 χρῆται
2390 4603 2557 4671 φυγῇ,
2595 4600 2690 4653 καὶ
2727 4600 2825 4670 τὴν
2849 4600 3274 4655 Μονοκάστανον
3304 4597 3613 4668 λεγομένην
3647 4614 3754 4649 κα-

2162 4689 2413 4743 ταλαϐὼν
2436 4691 2795 4761 ἀποκείρεται
2829 4693 3082 4762 μοναχός.
3113 4690 3362 4759 Πέφευγε
3390 4689 3446 4741 δὲ
3474 4687 3571 4739 καὶ
3598 4688 3755 4739 Κωνο

2161 4786 2441 4846 σταντῖνος
2472 4786 2500 4837 ὁ
2540 4783 2633 4837 τοῦ
2668 4785 2832 4838 Βοῖλοι
2866 4787 2894 4839 ὁ
2946 4785 3047 4853 τῆς
3078 4782 3381 4854 τραπέζης,
3423 4780 3621 4839 οἰκεῖος
3658 4776 3753 4827 καὶ

2163 4878 2317 4948 φίλος
2368 4875 2443 4931 ὢν
2489 4877 2659 4949 αὐτῷ,
2716 4879 2812 4931 καὶ
2862 4878 2954 4931 τὸν
2995 4876 3279 4944 Ὄλυμπον
3328 4866 3653 4926 καταλαϐὼν
3691 4865 3754 4918 τὸ

2167 4969 2459 5041 μοναχικδν
2503 4970 2597 5021 καὶ
2639 4969 2801 5032 αὐτὸς
2852 4966 2948 5020 ἅτε
2985 4962 3313 5035 συμμύστης
3343 4959 3607 5029 ὑπάρχων
3654 4954 3753 5009 τοῦ

2168 5063 2432 5135 μυστικοῦ
2466 5062 2562 5117 καὶ
2610 5062 2719 5116 τῶν
2750 5062 3085 5132 ἀπορρήτων
3124 5055 3290 5109 αὐτοῦ
3332 5051 3611 5113 κοινωνός.
3648 5050 3754 5103 Τὸν

2162 5154 2221 5209 δὲ
2253 5156 2542 5225 πατρίκιον
2575 5156 2803 5223 Κοσμᾶν
2830 5155 2890 5206 ἐν
2928 5151 3007 5220 τῷ
3039 5147 3321 5218 ὡρολογίῳ
3354 5144 3449 5199 τοῦ
3486 5142 3752 5197 παλατίου

2163 5246 2337 5317 τύψας
2362 5248 2391 5299 ὁ
2421 5246 2675 5317 βασιλεὺς
2693 5243 2983 5307 διεδέξατο.
3018 5238 3391 5313 Προϐάλλεται
3422 5236 3479 5289 δὲ
3512 5235 3635 5288 ἀντὶ
3659 5229 3754 5287 τιοῦ

2166 5340 2433 5411 μυστικοῦ
2479 5338 2723 5393 Ἰωάννου
2756 5335 3041 5406 Θεοφάνην
3075 5328 3642 5405 παραδυναστεύοντα.

1766 5723 2007 5781 VARUE
2039 5718 2457 5777 LECTIONES.

588 5820 633 5851 ⁸³
662 5821 973 5892 aquilum:
1002 5822 1079 5873 ὅτι
1116 5819 1333 5889 ὲγένετο
1366 5814 1459 5873 καὶ
1484 5817 1736 5889 εὐνοῦχος
1772 5815 2143 5888 πατριάρχης.
2178 5826 2365 5885 margo
2392 5808 2454 5863 Ρ.
