  <div class='ocr_page' id='page_1' title='image "/cluster/home/n/w/nwhite01/storage/ocr_20150623/109/coo.31924054870138/490.png"; bbox 0 0 4128 6420; ppageno 0'>
   <div class='ocr_carea' id='block_1_1' title="bbox 364 336 471 399">
    <p class='ocr_par' dir='ltr' id='par_1_1' title="bbox 364 336 471 399">
     <span class='ocr_line' id='line_1_1' title="bbox 364 336 471 399; baseline -0.009 0"><span class='ocrx_word' id='word_1_1' title='bbox 364 336 471 399; x_wconf 74' lang='lat'><strong>965</strong></span> 
     </span>
    </p>
   </div>
   <div class='ocr_carea' id='block_1_2' title="bbox 1466 317 2522 417">
    <p class='ocr_par' dir='ltr' id='par_1_2' title="bbox 1466 317 2522 417">
     <span class='ocr_line' id='line_1_2' title="bbox 1466 317 2522 417; baseline -0.006 -31"><span class='ocrx_word' id='word_1_2' title='bbox 1466 323 1666 417; x_wconf 58' lang='grc' dir='ltr'>γιζιε</span> <span class='ocrx_word' id='word_1_3' title='bbox 1704 317 2273 383; x_wconf 79' lang='lat' dir='ltr'><strong>RECENTIORUM</strong></span> <span class='ocrx_word' id='word_1_4' title='bbox 2315 319 2522 380; x_wconf 64' lang='lat' dir='ltr'><strong>IMPP.</strong></span> 
     </span>
    </p>
   </div>
   <div class='ocr_carea' id='block_1_3' title="bbox 3528 324 3637 389">
    <p class='ocr_par' dir='ltr' id='par_1_3' title="bbox 3528 324 3637 389">
     <span class='ocr_line' id='line_1_3' title="bbox 3528 324 3637 389; baseline 0 0"><span class='ocrx_word' id='word_1_5' title='bbox 3528 324 3637 389; x_wconf 81' lang='lat'><em>966</em></span> 
     </span>
    </p>
   </div>
   <div class='ocr_carea' id='block_1_4' title="bbox 434 432 1973 511">
    <p class='ocr_par' dir='ltr' id='par_1_4' title="bbox 434 434 1969 511">
     <span class='ocr_line' id='line_1_4' title="bbox 434 434 1969 511; baseline -0.01 -10"><span class='ocrx_word' id='word_1_6' title='bbox 434 442 543 509; x_wconf 71' lang='grc' dir='ltr'>κζ’.</span> <span class='ocrx_word' id='word_1_7' title='bbox 597 441 844 511; x_wconf 79' lang='grc' dir='ltr'><strong>Ἐγένετο</strong></span> <span class='ocrx_word' id='word_1_8' title='bbox 893 439 947 492; x_wconf 77' lang='grc' dir='ltr'>δὲ</span> <span class='ocrx_word' id='word_1_9' title='bbox 986 436 1301 509; x_wconf 75' lang='grc' dir='ltr'>’τηνικαῦτα</span> <span class='ocrx_word' id='word_1_10' title='bbox 1340 436 1435 491; x_wconf 80' lang='grc' dir='ltr'>καὶ</span> <span class='ocrx_word' id='word_1_11' title='bbox 1472 436 1697 507; x_wconf 83' lang='grc' dir='ltr'>σεισμὸς</span> <span class='ocrx_word' id='word_1_12' title='bbox 1736 434 1969 505; x_wconf 78' lang='grc' dir='ltr'>φοϐερὸς</span> 
     </span>
    </p>
   </div>
   <div class='ocr_carea' id='block_1_5' title="bbox 2075 432 3661 511">
    <p class='ocr_par' dir='ltr' id='par_1_5' title="bbox 2142 432 3661 504">
     <span class='ocr_line' id='line_1_5' title="bbox 2142 432 3661 504; baseline 0.006 -18"><span class='ocrx_word' id='word_1_13' title='bbox 2142 432 2232 488; x_wconf 72' lang='grc'><strong>27.</strong></span> <span class='ocrx_word' id='word_1_14' title='bbox 2289 432 2405 489; x_wconf 90' lang='lat' dir='ltr'><strong>Sub</strong></span> <span class='ocrx_word' id='word_1_15' title='bbox 2459 433 2516 488; x_wconf 84' lang='lat' dir='ltr'><strong>id</strong></span> <span class='ocrx_word' id='word_1_16' title='bbox 2551 442 2769 504; x_wconf 88' lang='lat' dir='ltr'><strong>tempus</strong></span> <span class='ocrx_word' id='word_1_17' title='bbox 2818 434 3133 492; x_wconf 80' lang='lat' dir='ltr'><strong>horrendus</strong></span> <span class='ocrx_word' id='word_1_18' title='bbox 3181 437 3237 495; x_wconf 90' lang='lat' dir='ltr'><strong>in</strong></span> <span class='ocrx_word' id='word_1_19' title='bbox 3299 436 3661 496; x_wconf 79' lang='lat' dir='ltr'><strong>Thracesium</strong></span> 
     </span>
    </p>
   </div>
   <div class='ocr_carea' id='block_1_6' title="bbox 362 529 1960 609">
    <p class='ocr_par' dir='ltr' id='par_1_6' title="bbox 362 529 1960 609">
     <span class='ocr_line' id='line_1_6' title="bbox 362 529 1960 609; baseline -0.006 -16"><span class='ocrx_word' id='word_1_20' title='bbox 362 542 423 593; x_wconf 82' lang='grc' dir='ltr'><strong>ἐν</strong></span> <span class='ocrx_word' id='word_1_21' title='bbox 460 537 539 609; x_wconf 81' lang='grc' dir='ltr'>τῷ</span> <span class='ocrx_word' id='word_1_22' title='bbox 564 535 672 589; x_wconf 84' lang='grc' dir='ltr'><strong>τῶν</strong></span> <span class='ocrx_word' id='word_1_23' title='bbox 709 533 1036 605; x_wconf 77' lang='grc' dir='ltr'>Θρακησίων</span> <span class='ocrx_word' id='word_1_24' title='bbox 1070 532 1288 602; x_wconf 85' lang='grc' dir='ltr'>θέματι,</span> <span class='ocrx_word' id='word_1_25' title='bbox 1330 530 1424 584; x_wconf 74' lang='grc' dir='ltr'><strong>καὶ</strong></span> <span class='ocrx_word' id='word_1_26' title='bbox 1459 531 1647 602; x_wconf 81' lang='grc' dir='ltr'><strong>χάσμα</strong></span> <span class='ocrx_word' id='word_1_27' title='bbox 1678 531 1782 600; x_wconf 85' lang='grc' dir='ltr'>γῆς</span> <span class='ocrx_word' id='word_1_28' title='bbox 1816 529 1960 600; x_wconf 79' lang='grc' dir='ltr'>μέγα</span> 
     </span>
    </p>
   </div>
   <div class='ocr_carea' id='block_1_7' title="bbox 362 622 1960 699">
    <p class='ocr_par' dir='ltr' id='par_1_7' title="bbox 362 622 1960 699">
     <span class='ocr_line' id='line_1_7' title="bbox 362 622 1960 699; baseline -0.005 -15"><span class='ocrx_word' id='word_1_29' title='bbox 362 628 832 697; x_wconf 69' lang='grc' dir='ltr'>καταπληκτικὸν,</span> <span class='ocrx_word' id='word_1_30' title='bbox 886 625 1027 678; x_wconf 82' lang='grc' dir='ltr'>ὥστε</span> <span class='ocrx_word' id='word_1_31' title='bbox 1064 623 1232 678; x_wconf 84' lang='grc' dir='ltr'>πολλὰ</span> <span class='ocrx_word' id='word_1_32' title='bbox 1296 623 1471 694; x_wconf 86' lang='grc' dir='ltr'><strong>χωρία</strong></span> <span class='ocrx_word' id='word_1_33' title='bbox 1522 622 1960 699; x_wconf 60' lang='grc' dir='ltr'>καίἐκκλησίας</span> 
     </span>
    </p>
   </div>
   <div class='ocr_carea' id='block_1_8' title="bbox 365 720 775 792">
    <p class='ocr_par' dir='ltr' id='par_1_8' title="bbox 365 720 775 792">
     <span class='ocr_line' id='line_1_8' title="bbox 365 720 775 792; baseline -0.007 -15"><span class='ocrx_word' id='word_1_34' title='bbox 365 720 775 792; x_wconf 80' lang='grc' dir='ltr'><strong>καταποθῆναι.</strong></span> 
     </span>
    </p>
   </div>
   <div class='ocr_carea' id='block_1_9' title="bbox 332 804 1959 899">
    <p class='ocr_par' dir='ltr' id='par_1_9' title="bbox 332 804 1959 899">
     <span class='ocr_line' id='line_1_9' title="bbox 332 804 1959 899; baseline -0.007 -29"><span class='ocrx_word' id='word_1_35' title='bbox 332 837 344 899; x_wconf 53' lang='grc' dir='ltr'><strong><em>η</em></strong></span> <span class='ocrx_word' id='word_1_36' title='bbox 437 811 544 886; x_wconf 85' lang='grc' dir='ltr'>κη’.</span> <span class='ocrx_word' id='word_1_37' title='bbox 575 813 739 883; x_wconf 74' lang='grc' dir='ltr'><strong>Μαΐῳ</strong></span> <span class='ocrx_word' id='word_1_38' title='bbox 766 811 823 865; x_wconf 75' lang='grc' dir='ltr'>δὲ</span> <span class='ocrx_word' id='word_1_39' title='bbox 856 811 987 881; x_wconf 85' lang='grc' dir='ltr'>μηνὶ</span> <span class='ocrx_word' id='word_1_40' title='bbox 1018 806 1122 873; x_wconf 80' lang='grc' dir='ltr'>κζ’,</span> <span class='ocrx_word' id='word_1_41' title='bbox 1178 806 1511 869; x_wconf 81' lang='grc' dir='ltr'>ἰνδικτιῶνος</span> <span class='ocrx_word' id='word_1_42' title='bbox 1544 805 1628 870; x_wconf 88' lang='grc' dir='ltr'>ιε’,</span> <span class='ocrx_word' id='word_1_43' title='bbox 1672 804 1903 876; x_wconf 75' lang='grc' dir='ltr'>Συμεὼν</span> <span class='ocrx_word' id='word_1_44' title='bbox 1931 807 1959 859; x_wconf 89' lang='lat'><strong>6</strong></span> 
     </span>
    </p>
   </div>
   <div class='ocr_carea' id='block_1_10' title="bbox 362 899 1956 982">
    <p class='ocr_par' dir='ltr' id='par_1_10' title="bbox 362 899 1956 982">
     <span class='ocr_line' id='line_1_10' title="bbox 362 899 1956 982; baseline -0.007 -17"><span class='ocrx_word' id='word_1_45' title='bbox 362 910 551 982; x_wconf 78' lang='grc' dir='ltr'>ἄρχων</span> <span class='ocrx_word' id='word_1_46' title='bbox 578 906 922 979; x_wconf 64' lang='grc' dir='ltr'>Βουλγαρίας</span> <span class='ocrx_word' id='word_1_47' title='bbox 971 903 1350 975; x_wconf 87' lang='grc' dir='ltr'>ἐτελεύτησεν,</span> <span class='ocrx_word' id='word_1_48' title='bbox 1390 904 1600 975; x_wconf 83' lang='grc' dir='ltr'><strong>Πέτρον</strong></span> <span class='ocrx_word' id='word_1_49' title='bbox 1641 903 1755 956; x_wconf 77' lang='grc' dir='ltr'>υἱδν</span> <span class='ocrx_word' id='word_1_50' title='bbox 1784 899 1956 956; x_wconf 83' lang='grc' dir='ltr'>αὑτοῦ</span> 
     </span>
    </p>
   </div>
   <div class='ocr_carea' id='block_1_11' title="bbox 364 991 1960 1073">
    <p class='ocr_par' dir='ltr' id='par_1_11' title="bbox 364 991 1960 1073">
     <span class='ocr_line' id='line_1_11' title="bbox 364 991 1960 1073; baseline -0.007 -16"><span class='ocrx_word' id='word_1_51' title='bbox 364 1002 776 1073; x_wconf 85' lang='grc' dir='ltr'>προϐαλόμενος</span> <span class='ocrx_word' id='word_1_52' title='bbox 824 999 1083 1069; x_wconf 78' lang='grc' dir='ltr'>ἄρχοντα,</span> <span class='ocrx_word' id='word_1_53' title='bbox 1130 996 1191 1051; x_wconf 81' lang='grc' dir='ltr'>ὃν</span> <span class='ocrx_word' id='word_1_54' title='bbox 1223 999 1290 1051; x_wconf 84' lang='grc' dir='ltr'><strong>ἐκ</strong></span> <span class='ocrx_word' id='word_1_55' title='bbox 1326 998 1426 1069; x_wconf 84' lang='grc' dir='ltr'>τῆς</span> <span class='ocrx_word' id='word_1_56' title='bbox 1474 995 1739 1066; x_wconf 84' lang='grc' dir='ltr'>δευτέρας</span> <span class='ocrx_word' id='word_1_57' title='bbox 1792 991 1960 1047; x_wconf 79' lang='grc' dir='ltr'>αὐτοῦ</span> 
     </span>
    </p>
   </div>
   <div class='ocr_carea' id='block_1_12' title="bbox 363 1088 1962 1168">
    <p class='ocr_par' dir='ltr' id='par_1_12' title="bbox 363 1088 1962 1168">
     <span class='ocr_line' id='line_1_12' title="bbox 363 1088 1962 1168; baseline -0.006 -17"><span class='ocrx_word' id='word_1_58' title='bbox 363 1098 496 1168; x_wconf 73' lang='grc' dir='ltr'>ἔσχε</span> <span class='ocrx_word' id='word_1_59' title='bbox 527 1094 816 1166; x_wconf 81' lang='grc' dir='ltr'>γυναικὸς,</span> <span class='ocrx_word' id='word_1_60' title='bbox 851 1093 949 1164; x_wconf 76' lang='grc' dir='ltr'>τῆς</span> <span class='ocrx_word' id='word_1_61' title='bbox 979 1090 1217 1161; x_wconf 76' lang='grc' dir='ltr'>ἀδελφῆς</span> <span class='ocrx_word' id='word_1_62' title='bbox 1247 1088 1524 1161; x_wconf 81' lang='grc' dir='ltr'>Γεωργὶου</span> <span class='ocrx_word' id='word_1_63' title='bbox 1562 1089 1658 1143; x_wconf 84' lang='grc' dir='ltr'>τοῦ</span> <span class='ocrx_word' id='word_1_64' title='bbox 1690 1089 1962 1157; x_wconf 86' lang='grc' dir='ltr'>Σουρσου-</span> 
     </span>
    </p>
   </div>
   <div class='ocr_carea' id='block_1_13' title="bbox 366 1183 1962 1257">
    <p class='ocr_par' dir='ltr' id='par_1_13' title="bbox 366 1183 1962 1257">
     <span class='ocr_line' id='line_1_13' title="bbox 366 1183 1962 1257; baseline -0.003 -15"><span class='ocrx_word' id='word_1_65' title='bbox 366 1186 642 1257; x_wconf 71' lang='grc' dir='ltr'>ϐούλη,ὃν</span> <span class='ocrx_word' id='word_1_66' title='bbox 666 1186 761 1240; x_wconf 76' lang='grc' dir='ltr'><strong>καὶ</strong></span> <span class='ocrx_word' id='word_1_67' title='bbox 789 1183 1086 1255; x_wconf 77' lang='grc' dir='ltr'>ἐπίτροπον</span> <span class='ocrx_word' id='word_1_68' title='bbox 1116 1185 1228 1248; x_wconf 83' lang='grc' dir='ltr'>τοῖς</span> <span class='ocrx_word' id='word_1_69' title='bbox 1245 1184 1440 1238; x_wconf 80' lang='grc' dir='ltr'>ἐαυτοῦ</span> <span class='ocrx_word' id='word_1_70' title='bbox 1468 1185 1659 1238; x_wconf 73' lang='grc' dir='ltr'>παισὶν</span> <span class='ocrx_word' id='word_1_71' title='bbox 1687 1185 1714 1237; x_wconf 97' lang='lat'><strong>6</strong></span> <span class='ocrx_word' id='word_1_72' title='bbox 1735 1184 1962 1254; x_wconf 87' lang='grc' dir='ltr'>Συμεὼν</span> 
     </span>
    </p>
   </div>
   <div class='ocr_carea' id='block_1_14' title="bbox 368 1274 1961 1347">
    <p class='ocr_par' dir='ltr' id='par_1_14' title="bbox 368 1274 1961 1347">
     <span class='ocr_line' id='line_1_14' title="bbox 368 1274 1961 1347; baseline -0.003 -14"><span class='ocrx_word' id='word_1_73' title='bbox 368 1277 790 1333; x_wconf 80' lang='grc' dir='ltr'>καταλέλοιπεν.</span> <span class='ocrx_word' id='word_1_74' title='bbox 838 1275 1061 1347; x_wconf 82' lang='grc' dir='ltr'>Μιχαὴλ</span> <span class='ocrx_word' id='word_1_75' title='bbox 1108 1274 1165 1328; x_wconf 84' lang='grc' dir='ltr'>δὲ</span> <span class='ocrx_word' id='word_1_76' title='bbox 1211 1277 1277 1329; x_wconf 78' lang='grc' dir='ltr'>ἐκ</span> <span class='ocrx_word' id='word_1_77' title='bbox 1305 1276 1406 1346; x_wconf 78' lang='grc' dir='ltr'>τῆς</span> <span class='ocrx_word' id='word_1_78' title='bbox 1465 1277 1739 1346; x_wconf 79' lang='grc' dir='ltr'>προτέρας</span> <span class='ocrx_word' id='word_1_79' title='bbox 1793 1274 1961 1329; x_wconf 83' lang='grc' dir='ltr'>αὑτοῦ</span> 
     </span>
    </p>
   </div>
   <div class='ocr_carea' id='block_1_15' title="bbox 368 1368 1961 1442">
    <p class='ocr_par' dir='ltr' id='par_1_15' title="bbox 368 1368 1961 1442">
     <span class='ocr_line' id='line_1_15' title="bbox 368 1368 1961 1442; baseline -0.002 -16"><span class='ocrx_word' id='word_1_80' title='bbox 368 1371 665 1442; x_wconf 87' lang='grc' dir='ltr'>γενόμενον</span> <span class='ocrx_word' id='word_1_81' title='bbox 711 1368 971 1440; x_wconf 80' lang='grc' dir='ltr'>γυναικὸς</span> <span class='ocrx_word' id='word_1_82' title='bbox 1002 1368 1265 1439; x_wconf 83' lang='grc' dir='ltr'>ἀπέκειρε</span> <span class='ocrx_word' id='word_1_83' title='bbox 1292 1370 1570 1440; x_wconf 84' lang='grc' dir='ltr'>,μοναχόν.</span> <span class='ocrx_word' id='word_1_84' title='bbox 1608 1370 1862 1441; x_wconf 82' lang='grc' dir='ltr'>Ἰωάννης</span> <span class='ocrx_word' id='word_1_85' title='bbox 1904 1370 1961 1423; x_wconf 79' lang='grc' dir='ltr'>δὲ</span> 
     </span>
    </p>
   </div>
   <div class='ocr_carea' id='block_1_16' title="bbox 368 1461 1962 1534">
    <p class='ocr_par' dir='ltr' id='par_1_16' title="bbox 368 1461 1962 1534">
     <span class='ocr_line' id='line_1_16' title="bbox 368 1461 1962 1534; baseline -0.001 -15"><span class='ocrx_word' id='word_1_86' title='bbox 368 1466 464 1519; x_wconf 76' lang='grc' dir='ltr'><strong>καὶ</strong></span> <span class='ocrx_word' id='word_1_87' title='bbox 488 1461 754 1533; x_wconf 79' lang='grc' dir='ltr'>Βενιαμὶν</span> <span class='ocrx_word' id='word_1_88' title='bbox 801 1463 852 1516; x_wconf 86' lang='grc' dir='ltr'>οἱ</span> <span class='ocrx_word' id='word_1_89' title='bbox 887 1461 983 1516; x_wconf 84' lang='grc' dir='ltr'>τοῦ</span> <span class='ocrx_word' id='word_1_90' title='bbox 1016 1463 1232 1533; x_wconf 80' lang='grc' dir='ltr'>Πέτρου</span> <span class='ocrx_word' id='word_1_91' title='bbox 1272 1462 1493 1532; x_wconf 74' lang='grc' dir='ltr'>ἀδελφοὶ</span> <span class='ocrx_word' id='word_1_92' title='bbox 1528 1461 1609 1517; x_wconf 78' lang='grc' dir='ltr'>ἔτι</span> <span class='ocrx_word' id='word_1_93' title='bbox 1649 1463 1808 1534; x_wconf 79' lang='grc' dir='ltr'>στολῇ</span> <span class='ocrx_word' id='word_1_94' title='bbox 1840 1464 1962 1517; x_wconf 86' lang='grc' dir='ltr'>ἐκο-</span> 
     </span>
    </p>
   </div>
   <div class='ocr_carea' id='block_1_17' title="bbox 371 1556 995 1629">
    <p class='ocr_par' dir='ltr' id='par_1_17' title="bbox 371 1556 995 1629">
     <span class='ocr_line' id='line_1_17' title="bbox 371 1556 995 1629; baseline -0.002 -17"><span class='ocrx_word' id='word_1_95' title='bbox 371 1557 608 1629; x_wconf 81' lang='grc' dir='ltr'>σμοῦντο</span> <span class='ocrx_word' id='word_1_96' title='bbox 626 1556 971 1627; x_wconf 84' lang='grc' dir='ltr'>Βουλγαρικῇ</span> <span class='ocrx_word' id='word_1_97' title='bbox 983 1598 995 1611; x_wconf 92' lang='grc'><strong>.</strong></span> 
     </span>
    </p>
   </div>
   <div class='ocr_carea' id='block_1_18' title="bbox 448 1649 1964 1724">
    <p class='ocr_par' dir='ltr' id='par_1_18' title="bbox 448 1649 1964 1724">
     <span class='ocr_line' id='line_1_18' title="bbox 448 1649 1964 1724; baseline 0 -18"><span class='ocrx_word' id='word_1_98' title='bbox 448 1649 553 1706; x_wconf 85' lang='grc' dir='ltr'>κθ’.</span> <span class='ocrx_word' id='word_1_99' title='bbox 592 1652 674 1705; x_wconf 75' lang='grc' dir='ltr'>Τὰ</span> <span class='ocrx_word' id='word_1_100' title='bbox 708 1650 895 1723; x_wconf 79' lang='grc' dir='ltr'>κύκλῳ</span> <span class='ocrx_word' id='word_1_101' title='bbox 918 1650 1010 1705; x_wconf 72' lang='grc' dir='ltr'><strong>οὖν</strong></span> <span class='ocrx_word' id='word_1_102' title='bbox 1040 1651 1168 1722; x_wconf 79' lang='grc' dir='ltr'>ἔθνη</span> <span class='ocrx_word' id='word_1_103' title='bbox 1194 1650 1292 1723; x_wconf 81' lang='grc' dir='ltr'>τὴν</span> <span class='ocrx_word' id='word_1_104' title='bbox 1321 1651 1416 1706; x_wconf 83' lang='grc' dir='ltr'>τοῦ</span> <span class='ocrx_word' id='word_1_105' title='bbox 1440 1651 1668 1721; x_wconf 87' lang='grc' dir='ltr'>Συμεὼν</span> <span class='ocrx_word' id='word_1_106' title='bbox 1697 1652 1964 1724; x_wconf 85' lang='grc' dir='ltr'>μαθόντες</span> 
     </span>
    </p>
   </div>
   <div class='ocr_carea' id='block_1_19' title="bbox 368 1742 1964 1817">
    <p class='ocr_par' dir='ltr' id='par_1_19' title="bbox 368 1742 1964 1817">
     <span class='ocr_line' id='line_1_19' title="bbox 368 1742 1964 1817; baseline 0.001 -20"><span class='ocrx_word' id='word_1_107' title='bbox 368 1742 651 1814; x_wconf 82' lang='grc' dir='ltr'>τελευτὴν,</span> <span class='ocrx_word' id='word_1_108' title='bbox 690 1742 758 1798; x_wconf 78' lang='grc' dir='ltr'>οἵ</span> <span class='ocrx_word' id='word_1_109' title='bbox 802 1760 864 1797; x_wconf 89' lang='grc' dir='ltr'><strong>τε</strong></span> <span class='ocrx_word' id='word_1_110' title='bbox 909 1742 1203 1814; x_wconf 83' lang='grc' dir='ltr'>Χρωϐἀτοι</span> <span class='ocrx_word' id='word_1_111' title='bbox 1238 1744 1333 1798; x_wconf 81' lang='grc' dir='ltr'>καὶ</span> <span class='ocrx_word' id='word_1_112' title='bbox 1376 1745 1426 1798; x_wconf 89' lang='grc' dir='ltr'><strong>οἰ</strong></span> <span class='ocrx_word' id='word_1_113' title='bbox 1479 1744 1679 1811; x_wconf 79' lang='grc' dir='ltr'>λοιποὶ,</span> <span class='ocrx_word' id='word_1_114' title='bbox 1725 1747 1964 1817; x_wconf 87' lang='grc' dir='ltr'>ἐκστρα-</span> 
     </span>
    </p>
   </div>
   <div class='ocr_carea' id='block_1_20' title="bbox 371 1835 1965 1908">
    <p class='ocr_par' dir='ltr' id='par_1_20' title="bbox 371 1835 1965 1908">
     <span class='ocr_line' id='line_1_20' title="bbox 371 1835 1965 1908; baseline 0.001 -18"><span class='ocrx_word' id='word_1_115' title='bbox 371 1836 552 1890; x_wconf 86' lang='grc' dir='ltr'>τεύειν</span> <span class='ocrx_word' id='word_1_116' title='bbox 603 1836 746 1890; x_wconf 79' lang='grc' dir='ltr'>κατὰ</span> <span class='ocrx_word' id='word_1_117' title='bbox 793 1835 1122 1905; x_wconf 83' lang='grc' dir='ltr'>Βουλγάρων</span> <span class='ocrx_word' id='word_1_118' title='bbox 1170 1836 1473 1892; x_wconf 90' lang='grc' dir='ltr'>ἐϐούλοντο.</span> <span class='ocrx_word' id='word_1_119' title='bbox 1525 1836 1706 1908; x_wconf 81' lang='grc' dir='ltr'>Λιμοῦ</span> <span class='ocrx_word' id='word_1_120' title='bbox 1758 1838 1814 1891; x_wconf 88' lang='grc' dir='ltr'><strong>δέ</strong></span> <span class='ocrx_word' id='word_1_121' title='bbox 1867 1839 1965 1891; x_wconf 79' lang='grc' dir='ltr'><strong>σὺν</strong></span> 
     </span>
    </p>
   </div>
   <div class='ocr_carea' id='block_1_21' title="bbox 372 1928 1963 2002">
    <p class='ocr_par' dir='ltr' id='par_1_21' title="bbox 372 1928 1963 2002">
     <span class='ocr_line' id='line_1_21' title="bbox 372 1928 1963 2002; baseline 0.001 -20"><span class='ocrx_word' id='word_1_122' title='bbox 372 1929 564 2000; x_wconf 77' lang='grc' dir='ltr'>ἀκρίσι</span> <span class='ocrx_word' id='word_1_123' title='bbox 592 1928 653 1982; x_wconf 80' lang='grc' dir='ltr'>τὸ</span> <span class='ocrx_word' id='word_1_124' title='bbox 677 1928 1056 2000; x_wconf 82' lang='grc' dir='ltr'>Βουλγαρικὸν</span> <span class='ocrx_word' id='word_1_125' title='bbox 1097 1929 1252 1993; x_wconf 75' lang='grc' dir='ltr'>ἔθνος</span> <span class='ocrx_word' id='word_1_126' title='bbox 1302 1931 1543 2002; x_wconf 81' lang='grc' dir='ltr'>ἰσχυρῶς</span> <span class='ocrx_word' id='word_1_127' title='bbox 1590 1930 1963 1996; x_wconf 78' lang='grc' dir='ltr'>ἐκπιέζοντος,</span> 
     </span>
    </p>
   </div>
   <div class='ocr_carea' id='block_1_22' title="bbox 373 2021 1969 2095">
    <p class='ocr_par' dir='ltr' id='par_1_22' title="bbox 373 2021 1969 2095">
     <span class='ocr_line' id='line_1_22' title="bbox 373 2021 1969 2095; baseline -0.001 -19"><span class='ocrx_word' id='word_1_128' title='bbox 373 2022 651 2077; x_wconf 81' lang='grc' dir='ltr'>ἐδεδίεσαν</span> <span class='ocrx_word' id='word_1_129' title='bbox 679 2022 779 2094; x_wconf 82' lang='grc' dir='ltr'><strong>μὲν</strong></span> <span class='ocrx_word' id='word_1_130' title='bbox 809 2023 904 2076; x_wconf 71' lang='grc' dir='ltr'><strong>καὶ</strong></span> <span class='ocrx_word' id='word_1_131' title='bbox 937 2021 1045 2076; x_wconf 84' lang='grc' dir='ltr'><strong>τῶν</strong></span> <span class='ocrx_word' id='word_1_132' title='bbox 1074 2022 1252 2076; x_wconf 79' lang='grc' dir='ltr'>ἄλλων</span> <span class='ocrx_word' id='word_1_133' title='bbox 1280 2023 1449 2077; x_wconf 79' lang='grc' dir='ltr'>ἐθνῶν</span> <span class='ocrx_word' id='word_1_134' title='bbox 1478 2023 1580 2095; x_wconf 84' lang='grc' dir='ltr'>τὴν</span> <span class='ocrx_word' id='word_1_135' title='bbox 1611 2023 1823 2092; x_wconf 78' lang='grc' dir='ltr'>ἔφοδον,</span> <span class='ocrx_word' id='word_1_136' title='bbox 1851 2023 1969 2076; x_wconf 91' lang='grc' dir='ltr'>ἐδε-</span> 
     </span>
    </p>
   </div>
   <div class='ocr_carea' id='block_1_23' title="bbox 372 2115 1965 2188">
    <p class='ocr_par' dir='ltr' id='par_1_23' title="bbox 372 2115 1965 2188">
     <span class='ocr_line' id='line_1_23' title="bbox 372 2115 1965 2188; baseline 0.002 -18"><span class='ocrx_word' id='word_1_137' title='bbox 372 2116 561 2170; x_wconf 75' lang='grc' dir='ltr'>δίεσαν</span> <span class='ocrx_word' id='word_1_138' title='bbox 602 2116 660 2170; x_wconf 86' lang='grc' dir='ltr'>δὲ</span> <span class='ocrx_word' id='word_1_139' title='bbox 703 2115 867 2170; x_wconf 84' lang='grc' dir='ltr'>πλέον</span> <span class='ocrx_word' id='word_1_140' title='bbox 906 2116 1001 2170; x_wconf 70' lang='grc' dir='ltr'><strong>καὶ</strong></span> <span class='ocrx_word' id='word_1_141' title='bbox 1040 2116 1139 2188; x_wconf 85' lang='grc' dir='ltr'><strong>τὴν</strong></span> <span class='ocrx_word' id='word_1_142' title='bbox 1171 2116 1279 2170; x_wconf 86' lang='grc' dir='ltr'><strong>τῶν</strong></span> <span class='ocrx_word' id='word_1_143' title='bbox 1328 2116 1617 2188; x_wconf 76' lang='grc' dir='ltr'>Ῥωμαίων</span> <span class='ocrx_word' id='word_1_144' title='bbox 1660 2117 1965 2173; x_wconf 87' lang='grc' dir='ltr'>ἐπέλευσιν.</span> 
     </span>
    </p>
   </div>
   <div class='ocr_carea' id='block_1_24' title="bbox 374 2204 1970 2284">
    <p class='ocr_par' dir='ltr' id='par_1_24' title="bbox 374 2204 1970 2284">
     <span class='ocr_line' id='line_1_24' title="bbox 374 2204 1970 2284; baseline 0.003 -24"><span class='ocrx_word' id='word_1_145' title='bbox 374 2208 586 2280; x_wconf 80' lang='grc' dir='ltr'>Βουλὴν</span> <span class='ocrx_word' id='word_1_146' title='bbox 636 2204 731 2264; x_wconf 80' lang='grc' dir='ltr'><strong>οὖν</strong></span> <span class='ocrx_word' id='word_1_147' title='bbox 759 2210 1125 2280; x_wconf 84' lang='grc' dir='ltr'>ποιησάμενοι</span> <span class='ocrx_word' id='word_1_148' title='bbox 1177 2211 1321 2264; x_wconf 80' lang='grc' dir='ltr'>κατὰ</span> <span class='ocrx_word' id='word_1_149' title='bbox 1384 2212 1679 2283; x_wconf 86' lang='grc' dir='ltr'>Ῥωμαίων</span> <span class='ocrx_word' id='word_1_150' title='bbox 1733 2214 1970 2284; x_wconf 80' lang='grc' dir='ltr'>ἐκστρα-</span> 
     </span>
    </p>
   </div>
   <div class='ocr_carea' id='block_1_25' title="bbox 373 2302 1971 2376">
    <p class='ocr_par' dir='ltr' id='par_1_25' title="bbox 373 2302 1971 2376">
     <span class='ocr_line' id='line_1_25' title="bbox 373 2302 1971 2376; baseline 0.003 -20"><span class='ocrx_word' id='word_1_151' title='bbox 373 2302 652 2369; x_wconf 81' lang='grc' dir='ltr'>τεύουσιν,</span> <span class='ocrx_word' id='word_1_152' title='bbox 687 2303 780 2357; x_wconf 73' lang='grc' dir='ltr'>καὶ</span> <span class='ocrx_word' id='word_1_153' title='bbox 808 2304 866 2356; x_wconf 79' lang='grc' dir='ltr'><strong>ἐν</strong></span> <span class='ocrx_word' id='word_1_154' title='bbox 892 2304 1206 2376; x_wconf 69' lang='grc' dir='ltr'>Μακεδονία</span> <span class='ocrx_word' id='word_1_155' title='bbox 1234 2305 1773 2376; x_wconf 82' lang='grc' dir='ltr'>καταλαμϐάνουσιν.</span> <span class='ocrx_word' id='word_1_156' title='bbox 1800 2307 1971 2362; x_wconf 83' lang='grc' dir='ltr'>Φόϐον</span> 
     </span>
    </p>
   </div>
   <div class='ocr_carea' id='block_1_26' title="bbox 376 2394 1973 2472">
    <p class='ocr_par' dir='ltr' id='par_1_26' title="bbox 376 2394 1973 2472">
     <span class='ocr_line' id='line_1_26' title="bbox 376 2394 1973 2472; baseline 0.003 -21"><span class='ocrx_word' id='word_1_157' title='bbox 376 2394 490 2458; x_wconf 72' lang='grc' dir='ltr'>οὖν,</span> <span class='ocrx_word' id='word_1_158' title='bbox 527 2399 604 2461; x_wconf 87' lang='grc' dir='ltr'>ὠς</span> <span class='ocrx_word' id='word_1_159' title='bbox 645 2397 817 2463; x_wconf 82' lang='grc' dir='ltr'>εἰκὸς,</span> <span class='ocrx_word' id='word_1_160' title='bbox 847 2399 961 2463; x_wconf 80' lang='grc' dir='ltr'>τοῖς</span> <span class='ocrx_word' id='word_1_161' title='bbox 993 2399 1292 2469; x_wconf 82' lang='grc' dir='ltr'>Ῥωμαίοις</span> <span class='ocrx_word' id='word_1_162' title='bbox 1327 2400 1745 2472; x_wconf 83' lang='grc' dir='ltr'>ἐμποιήσοντες,</span> <span class='ocrx_word' id='word_1_163' title='bbox 1779 2400 1973 2455; x_wconf 79' lang='grc' dir='ltr'>ἔπειτα</span> 
     </span>
    </p>
   </div>
   <div class='ocr_carea' id='block_1_27' title="bbox 381 2489 1972 2565">
    <p class='ocr_par' dir='ltr' id='par_1_27' title="bbox 381 2489 1972 2565">
     <span class='ocr_line' id='line_1_27' title="bbox 381 2489 1972 2565; baseline 0.005 -25"><span class='ocrx_word' id='word_1_164' title='bbox 381 2489 649 2559; x_wconf 79' lang='grc' dir='ltr'>μαθόντες</span> <span class='ocrx_word' id='word_1_165' title='bbox 674 2491 757 2542; x_wconf 82' lang='grc' dir='ltr'>ὅτι</span> <span class='ocrx_word' id='word_1_166' title='bbox 802 2489 986 2558; x_wconf 84' lang='grc' dir='ltr'>μέλλει</span> <span class='ocrx_word' id='word_1_167' title='bbox 1016 2492 1140 2544; x_wconf 89' lang='grc' dir='ltr'>κατ’</span> <span class='ocrx_word' id='word_1_168' title='bbox 1174 2492 1357 2545; x_wconf 82' lang='grc' dir='ltr'>αὐτῶν</span> <span class='ocrx_word' id='word_1_169' title='bbox 1395 2492 1788 2563; x_wconf 79' lang='grc' dir='ltr'>ἐκστρατεύειν</span> <span class='ocrx_word' id='word_1_170' title='bbox 1813 2496 1842 2548; x_wconf 90' lang='lat'><strong>6</strong></span> <span class='ocrx_word' id='word_1_171' title='bbox 1874 2494 1972 2565; x_wconf 87' lang='grc' dir='ltr'><strong>βα-</strong></span> 
     </span>
    </p>
   </div>
   <div class='ocr_carea' id='block_1_28' title="bbox 377 2582 1973 2659">
    <p class='ocr_par' dir='ltr' id='par_1_28' title="bbox 377 2582 1973 2659">
     <span class='ocr_line' id='line_1_28' title="bbox 377 2582 1973 2659; baseline 0.003 -23"><span class='ocrx_word' id='word_1_172' title='bbox 377 2582 587 2647; x_wconf 83' lang='grc' dir='ltr'>σιλεὺς,</span> <span class='ocrx_word' id='word_1_173' title='bbox 640 2582 1032 2636; x_wconf 78' lang='grc' dir='ltr'>ἀποστέλλουσι</span> <span class='ocrx_word' id='word_1_174' title='bbox 1062 2583 1271 2654; x_wconf 83' lang='grc' dir='ltr'>Πέτρος</span> <span class='ocrx_word' id='word_1_175' title='bbox 1313 2601 1372 2637; x_wconf 89' lang='grc' dir='ltr'><strong>τε</strong></span> <span class='ocrx_word' id='word_1_176' title='bbox 1413 2586 1509 2638; x_wconf 66' lang='grc' dir='ltr'><strong>κα)⁸</strong></span> <span class='ocrx_word' id='word_1_177' title='bbox 1536 2585 1809 2659; x_wconf 85' lang='grc' dir='ltr'>Γεὼργιος</span> <span class='ocrx_word' id='word_1_178' title='bbox 1839 2604 1973 2659; x_wconf 85' lang='grc' dir='ltr'>κρυ-</span> 
     </span>
    </p>
   </div>
   <div class='ocr_carea' id='block_1_29' title="bbox 378 2675 1976 2750">
    <p class='ocr_par' dir='ltr' id='par_1_29' title="bbox 378 2675 1976 2750">
     <span class='ocr_line' id='line_1_29' title="bbox 378 2675 1976 2750; baseline 0.005 -25"><span class='ocrx_word' id='word_1_179' title='bbox 378 2675 521 2742; x_wconf 77' lang='grc' dir='ltr'>φεως</span> <span class='ocrx_word' id='word_1_180' title='bbox 550 2675 670 2729; x_wconf 82' lang='grc' dir='ltr'>τινὰ</span> <span class='ocrx_word' id='word_1_181' title='bbox 702 2676 937 2746; x_wconf 74' lang='grc' dir='ltr'>μοναχὸν</span> <span class='ocrx_word' id='word_1_182' title='bbox 970 2675 1285 2747; x_wconf 84' lang='grc' dir='ltr'>Καλοκῢριν</span> <span class='ocrx_word' id='word_1_183' title='bbox 1314 2677 1740 2748; x_wconf 77' lang='grc' dir='ltr'>ὀνομαζόμενον,</span> <span class='ocrx_word' id='word_1_184' title='bbox 1776 2680 1857 2750; x_wconf 79' lang='grc' dir='ltr'>τῷ</span> <span class='ocrx_word' id='word_1_185' title='bbox 1881 2680 1976 2747; x_wconf 76' lang='grc' dir='ltr'>γέο</span> 
     </span>
    </p>
   </div>
   <div class='ocr_carea' id='block_1_30' title="bbox 378 2770 1979 2845">
    <p class='ocr_par' dir='ltr' id='par_1_30' title="bbox 378 2770 1979 2845">
     <span class='ocr_line' id='line_1_30' title="bbox 378 2770 1979 2845; baseline 0.002 -22"><span class='ocrx_word' id='word_1_186' title='bbox 378 2786 461 2824; x_wconf 85' lang='grc' dir='ltr'><strong>νει</strong></span> <span class='ocrx_word' id='word_1_187' title='bbox 507 2770 890 2840; x_wconf 72' lang='grc' dir='ltr'>’Δρμενιακδν,</span> <span class='ocrx_word' id='word_1_188' title='bbox 918 2770 1342 2841; x_wconf 86' lang='grc' dir='ltr'>χρυσοϐούλλιον</span> <span class='ocrx_word' id='word_1_189' title='bbox 1367 2771 1453 2845; x_wconf 87' lang='grc' dir='ltr'><strong>[Ρ.</strong></span> <span class='ocrx_word' id='word_1_190' title='bbox 1483 2771 1611 2844; x_wconf 80' lang='lat'><strong>583]</strong></span> <span class='ocrx_word' id='word_1_191' title='bbox 1638 2774 1979 2845; x_wconf 74' lang='grc' dir='ltr'>ἐπιφερόμε-</span> 
     </span>
    </p>
   </div>
   <div class='ocr_carea' id='block_1_31' title="bbox 379 2863 1979 2938">
    <p class='ocr_par' dir='ltr' id='par_1_31' title="bbox 379 2863 1979 2938">
     <span class='ocr_line' id='line_1_31' title="bbox 379 2863 1979 2938; baseline 0 -19"><span class='ocrx_word' id='word_1_192' title='bbox 379 2881 470 2919; x_wconf 87' lang='grc' dir='ltr'><strong>νον</strong></span> <span class='ocrx_word' id='word_1_193' title='bbox 493 2864 556 2919; x_wconf 79' lang='lat'><strong>&quot;.</strong></span> <span class='ocrx_word' id='word_1_194' title='bbox 598 2863 898 2936; x_wconf 84' lang='grc' dir='ltr'>Διηγόρευε</span> <span class='ocrx_word' id='word_1_195' title='bbox 928 2864 986 2917; x_wconf 83' lang='grc' dir='ltr'>δὲ</span> <span class='ocrx_word' id='word_1_196' title='bbox 1024 2864 1093 2917; x_wconf 80' lang='grc' dir='ltr'>τὰ</span> <span class='ocrx_word' id='word_1_197' title='bbox 1136 2866 1194 2918; x_wconf 86' lang='grc' dir='ltr'><strong>ἐν</strong></span> <span class='ocrx_word' id='word_1_198' title='bbox 1222 2865 1378 2937; x_wconf 6' lang='grc' dir='ltr'>,αὐτῷ</span> <span class='ocrx_word' id='word_1_199' title='bbox 1421 2864 1498 2930; x_wconf 88' lang='grc' dir='ltr'>ὡς</span> <span class='ocrx_word' id='word_1_200' title='bbox 1531 2866 1631 2938; x_wconf 81' lang='grc' dir='ltr'><strong>τὴν</strong></span> <span class='ocrx_word' id='word_1_201' title='bbox 1666 2867 1804 2937; x_wconf 80' lang='grc' dir='ltr'>μετὰ</span> <span class='ocrx_word' id='word_1_202' title='bbox 1842 2865 1979 2919; x_wconf 79' lang='grc' dir='ltr'><strong>Ῥω-</strong></span> 
     </span>
    </p>
   </div>
   <div class='ocr_carea' id='block_1_32' title="bbox 380 2957 1981 3034">
    <p class='ocr_par' dir='ltr' id='par_1_32' title="bbox 380 2957 1981 3034">
     <span class='ocr_line' id='line_1_32' title="bbox 380 2957 1981 3034; baseline 0.001 -23"><span class='ocrx_word' id='word_1_203' title='bbox 380 2959 564 3027; x_wconf 79' lang='grc' dir='ltr'>μαίων</span> <span class='ocrx_word' id='word_1_204' title='bbox 589 2959 816 3029; x_wconf 75' lang='grc' dir='ltr'>εἰρήνην</span> <span class='ocrx_word' id='word_1_205' title='bbox 846 2957 1189 3021; x_wconf 78' lang='grc' dir='ltr'>ἀσπάζονται</span> <span class='ocrx_word' id='word_1_206' title='bbox 1219 2958 1315 3012; x_wconf 79' lang='grc' dir='ltr'><strong>καὶ</strong></span> <span class='ocrx_word' id='word_1_207' title='bbox 1343 2960 1620 3031; x_wconf 88' lang='grc' dir='ltr'>πρόθυμοι</span> <span class='ocrx_word' id='word_1_208' title='bbox 1645 2962 1822 3034; x_wconf 84' lang='grc' dir='ltr'>ταύτῃ</span> <span class='ocrx_word' id='word_1_209' title='bbox 1855 2978 1981 3031; x_wconf 56' lang='grc' dir='ltr'>συντ</span> 
     </span>
    </p>
   </div>
   <div class='ocr_carea' id='block_1_33' title="bbox 381 3050 1977 3127">
    <p class='ocr_par' dir='ltr' id='par_1_33' title="bbox 381 3050 1977 3127">
     <span class='ocr_line' id='line_1_33' title="bbox 381 3050 1977 3127; baseline 0.003 -23"><span class='ocrx_word' id='word_1_210' title='bbox 381 3052 574 3106; x_wconf 81' lang='grc' dir='ltr'>θέσθαι</span> <span class='ocrx_word' id='word_1_211' title='bbox 596 3050 760 3116; x_wconf 78' lang='grc' dir='ltr'>εἰσὶν,</span> <span class='ocrx_word' id='word_1_212' title='bbox 793 3052 853 3105; x_wconf 85' lang='grc' dir='ltr'><strong>ού</strong></span> <span class='ocrx_word' id='word_1_213' title='bbox 896 3052 1060 3124; x_wconf 87' lang='grc' dir='ltr'>μόνον</span> <span class='ocrx_word' id='word_1_214' title='bbox 1085 3052 1144 3106; x_wconf 86' lang='grc' dir='ltr'>δὲ</span> <span class='ocrx_word' id='word_1_215' title='bbox 1184 3053 1321 3121; x_wconf 81' lang='grc' dir='ltr'>ἀλλ’,</span> <span class='ocrx_word' id='word_1_216' title='bbox 1367 3053 1422 3106; x_wconf 74' lang='grc' dir='ltr'><strong>εἴ</strong></span> <span class='ocrx_word' id='word_1_217' title='bbox 1442 3071 1509 3124; x_wconf 89' lang='grc' dir='ltr'><strong>γε</strong></span> <span class='ocrx_word' id='word_1_218' title='bbox 1549 3054 1854 3127; x_wconf 83' lang='grc' dir='ltr'>βούλονται,</span> <span class='ocrx_word' id='word_1_219' title='bbox 1881 3055 1977 3109; x_wconf 74' lang='grc' dir='ltr'>καὶ</span> 
     </span>
    </p>
   </div>
   <div class='ocr_carea' id='block_1_34' title="bbox 380 3143 1300 3215">
    <p class='ocr_par' dir='ltr' id='par_1_34' title="bbox 380 3143 1300 3215">
     <span class='ocr_line' id='line_1_34' title="bbox 380 3143 1300 3215; baseline 0.007 -20"><span class='ocrx_word' id='word_1_220' title='bbox 380 3143 625 3215; x_wconf 64' lang='grc' dir='ltr'>γαμικὸν</span> <span class='ocrx_word' id='word_1_221' title='bbox 653 3143 884 3213; x_wconf 80' lang='grc' dir='ltr'>ποιῆσαι</span> <span class='ocrx_word' id='word_1_222' title='bbox 915 3144 1300 3215; x_wconf 85' lang='grc' dir='ltr'>συνάλλαγμα.</span> 
     </span>
    </p>
   </div>
   <div class='ocr_carea' id='block_1_35' title="bbox 460 3316 1981 3395">
    <p class='ocr_par' dir='ltr' id='par_1_35' title="bbox 460 3316 1981 3395">
     <span class='ocr_line' id='line_1_35' title="bbox 460 3316 1981 3395; baseline 0.009 -25"><span class='ocrx_word' id='word_1_223' title='bbox 460 3316 530 3373; x_wconf 79' lang='grc' dir='ltr'>λ’.</span> <span class='ocrx_word' id='word_1_224' title='bbox 562 3319 666 3372; x_wconf 83' lang='grc' dir='ltr'>Τὸν</span> <span class='ocrx_word' id='word_1_225' title='bbox 690 3320 939 3375; x_wconf 82' lang='grc' dir='ltr'>τοιοῦτον</span> <span class='ocrx_word' id='word_1_226' title='bbox 970 3316 1067 3375; x_wconf 78' lang='grc' dir='ltr'><strong>οὖν</strong></span> <span class='ocrx_word' id='word_1_227' title='bbox 1098 3322 1336 3393; x_wconf 76' lang='grc' dir='ltr'>μοναχὸν</span> <span class='ocrx_word' id='word_1_228' title='bbox 1366 3325 1396 3378; x_wconf 87' lang='grc' dir='ltr'>ὁ</span> <span class='ocrx_word' id='word_1_229' title='bbox 1427 3323 1682 3395; x_wconf 84' lang='grc' dir='ltr'>βασιλεὺς</span> <span class='ocrx_word' id='word_1_230' title='bbox 1712 3327 1981 3393; x_wconf 84' lang='grc' dir='ltr'>ἀποδεξά-</span> 
     </span>
    </p>
   </div>
   <div class='ocr_carea' id='block_1_36' title="bbox 388 3412 1984 3490">
    <p class='ocr_par' dir='ltr' id='par_1_36' title="bbox 388 3412 1984 3490">
     <span class='ocr_line' id='line_1_36' title="bbox 388 3412 1984 3490; baseline 0.006 -27"><span class='ocrx_word' id='word_1_231' title='bbox 388 3428 553 3481; x_wconf 83' lang='grc' dir='ltr'>μενος</span> <span class='ocrx_word' id='word_1_232' title='bbox 577 3412 982 3481; x_wconf 81' lang='grc' dir='ltr'>ἀσμενέστατα,</span> <span class='ocrx_word' id='word_1_233' title='bbox 1012 3415 1263 3484; x_wconf 80' lang='grc' dir='ltr'>παρευθῦ</span> <span class='ocrx_word' id='word_1_234' title='bbox 1288 3415 1578 3470; x_wconf 81' lang='grc' dir='ltr'>ἀπέστειλε</span> <span class='ocrx_word' id='word_1_235' title='bbox 1606 3418 1745 3489; x_wconf 83' lang='grc' dir='ltr'>μετὰ</span> <span class='ocrx_word' id='word_1_236' title='bbox 1770 3418 1984 3490; x_wconf 85' lang='grc' dir='ltr'>δρόμω-</span> 
     </span>
    </p>
   </div>
   <div class='ocr_carea' id='block_1_37' title="bbox 386 3503 1985 3577">
    <p class='ocr_par' dir='ltr' id='par_1_37' title="bbox 386 3503 1985 3577">
     <span class='ocr_line' id='line_1_37' title="bbox 386 3503 1985 3577; baseline 0.007 -23"><span class='ocrx_word' id='word_1_237' title='bbox 386 3518 476 3565; x_wconf 84' lang='grc' dir='ltr'><strong>νος</strong></span> <span class='ocrx_word' id='word_1_238' title='bbox 510 3503 565 3553; x_wconf 89' lang='grc' dir='ltr'><strong>ἐν</strong></span> <span class='ocrx_word' id='word_1_239' title='bbox 591 3503 933 3575; x_wconf 63' lang='grc' dir='ltr'>Μεσημϐριία</span> <span class='ocrx_word' id='word_1_240' title='bbox 956 3504 1047 3558; x_wconf 75' lang='grc' dir='ltr'><strong>τδν</strong></span> <span class='ocrx_word' id='word_1_241' title='bbox 1078 3505 1315 3577; x_wconf 77' lang='grc' dir='ltr'>μοναχὸν</span> <span class='ocrx_word' id='word_1_242' title='bbox 1352 3508 1632 3562; x_wconf 76' lang='grc' dir='ltr'>Θεοδόσιον</span> <span class='ocrx_word' id='word_1_243' title='bbox 1658 3511 1750 3563; x_wconf 77' lang='grc' dir='ltr'><strong>τὸν</strong></span> <span class='ocrx_word' id='word_1_244' title='bbox 1790 3510 1985 3564; x_wconf 82' lang='grc' dir='ltr'>Ἀϐούο</span> 
     </span>
    </p>
   </div>
   <div class='ocr_carea' id='block_1_38' title="bbox 390 3598 1986 3673">
    <p class='ocr_par' dir='ltr' id='par_1_38' title="bbox 390 3598 1986 3673">
     <span class='ocr_line' id='line_1_38' title="bbox 390 3598 1986 3673; baseline 0.008 -24"><span class='ocrx_word' id='word_1_245' title='bbox 390 3613 495 3665; x_wconf 83' lang='grc' dir='ltr'><strong>κην</strong></span> <span class='ocrx_word' id='word_1_246' title='bbox 527 3598 622 3649; x_wconf 69' lang='grc' dir='ltr'><strong>καὶ</strong></span> <span class='ocrx_word' id='word_1_247' title='bbox 661 3598 1078 3652; x_wconf 78' lang='grc' dir='ltr'>Κωνσταντῖνον</span> <span class='ocrx_word' id='word_1_248' title='bbox 1113 3600 1397 3668; x_wconf 77' lang='grc' dir='ltr'>βασιλικὸν</span> <span class='ocrx_word' id='word_1_249' title='bbox 1434 3602 1699 3673; x_wconf 67' lang='grc' dir='ltr'>κληρικὸν</span> <span class='ocrx_word' id='word_1_250' title='bbox 1737 3604 1829 3658; x_wconf 73' lang='grc' dir='ltr'>τὸν</span> <span class='ocrx_word' id='word_1_251' title='bbox 1868 3606 1986 3660; x_wconf 87' lang='grc' dir='ltr'><strong>Ῥό-</strong></span> 
     </span>
    </p>
   </div>
   <div class='ocr_carea' id='block_1_39' title="bbox 390 3688 1984 3769">
    <p class='ocr_par' dir='ltr' id='par_1_39' title="bbox 390 3688 1984 3769">
     <span class='ocr_line' id='line_1_39' title="bbox 390 3688 1984 3769; baseline 0.007 -27"><span class='ocrx_word' id='word_1_252' title='bbox 390 3689 527 3750; x_wconf 87' lang='grc' dir='ltr'>διον,</span> <span class='ocrx_word' id='word_1_253' title='bbox 579 3688 649 3741; x_wconf 84' lang='grc' dir='ltr'>τὰ</span> <span class='ocrx_word' id='word_1_254' title='bbox 696 3689 778 3752; x_wconf 82' lang='grc' dir='ltr'><strong>εἰς</strong></span> <span class='ocrx_word' id='word_1_255' title='bbox 828 3691 1053 3761; x_wconf 86' lang='grc' dir='ltr'>εἰρήνην</span> <span class='ocrx_word' id='word_1_256' title='bbox 1108 3692 1445 3763; x_wconf 79' lang='grc' dir='ltr'>συλλαλῆσαι</span> <span class='ocrx_word' id='word_1_257' title='bbox 1468 3700 1584 3759; x_wconf 81' lang='grc' dir='ltr'>τοῖς</span> <span class='ocrx_word' id='word_1_258' title='bbox 1628 3697 1984 3769; x_wconf 86' lang='grc' dir='ltr'>Βουλγάροις.</span> 
     </span>
    </p>
   </div>
   <div class='ocr_carea' id='block_1_40' title="bbox 391 3780 1989 3861">
    <p class='ocr_par' dir='ltr' id='par_1_40' title="bbox 391 3780 1989 3861">
     <span class='ocr_line' id='line_1_40' title="bbox 391 3780 1989 3861; baseline 0.006 -27"><span class='ocrx_word' id='word_1_259' title='bbox 391 3781 457 3834; x_wconf 86' lang='grc' dir='ltr'><strong>Οἱ</strong></span> <span class='ocrx_word' id='word_1_260' title='bbox 492 3780 552 3834; x_wconf 76' lang='grc' dir='ltr'>δὲ</span> <span class='ocrx_word' id='word_1_261' title='bbox 592 3782 1033 3852; x_wconf 84' lang='grc' dir='ltr'>παραγενόμενοι</span> <span class='ocrx_word' id='word_1_262' title='bbox 1068 3785 1167 3838; x_wconf 73' lang='grc' dir='ltr'><strong>καὶ</strong></span> <span class='ocrx_word' id='word_1_263' title='bbox 1209 3786 1281 3839; x_wconf 80' lang='grc' dir='ltr'>τὰ</span> <span class='ocrx_word' id='word_1_264' title='bbox 1326 3789 1513 3841; x_wconf 80' lang='grc' dir='ltr'>εἰκότα</span> <span class='ocrx_word' id='word_1_265' title='bbox 1550 3788 1989 3861; x_wconf 84' lang='grc' dir='ltr'>συλλαλήσαντες</span> 
     </span>
    </p>
   </div>
   <div class='ocr_carea' id='block_1_41' title="bbox 390 3873 1989 3954">
    <p class='ocr_par' dir='ltr' id='par_1_41' title="bbox 390 3873 1989 3954">
     <span class='ocr_line' id='line_1_41' title="bbox 390 3873 1989 3954; baseline 0.008 -27"><span class='ocrx_word' id='word_1_266' title='bbox 390 3873 621 3943; x_wconf 81' lang='grc' dir='ltr'>ἐξῆλθον</span> <span class='ocrx_word' id='word_1_267' title='bbox 668 3873 787 3944; x_wconf 73' lang='grc' dir='ltr'><strong>ἅμα</strong></span> <span class='ocrx_word' id='word_1_268' title='bbox 834 3876 1095 3947; x_wconf 76' lang='grc' dir='ltr'>Στεφάνῳ</span> <span class='ocrx_word' id='word_1_269' title='bbox 1127 3878 1427 3951; x_wconf 84' lang='grc' dir='ltr'>Βουλγάρῳ</span> <span class='ocrx_word' id='word_1_270' title='bbox 1469 3881 1556 3935; x_wconf 77' lang='grc' dir='ltr'>διὰ</span> <span class='ocrx_word' id='word_1_271' title='bbox 1600 3883 1791 3954; x_wconf 81' lang='grc' dir='ltr'>ξηρᾶς.</span> <span class='ocrx_word' id='word_1_272' title='bbox 1829 3887 1989 3939; x_wconf 83' lang='grc' dir='ltr'>Ὀπι-</span> 
     </span>
    </p>
   </div>
   <div class='ocr_carea' id='block_1_42' title="bbox 391 3967 1985 4047">
    <p class='ocr_par' dir='ltr' id='par_1_42' title="bbox 391 3967 1985 4047">
     <span class='ocr_line' id='line_1_42' title="bbox 391 3967 1985 4047; baseline 0.008 -28"><span class='ocrx_word' id='word_1_273' title='bbox 391 3967 524 4021; x_wconf 86' lang='grc' dir='ltr'>σθεν</span> <span class='ocrx_word' id='word_1_274' title='bbox 549 3967 605 4020; x_wconf 83' lang='grc' dir='ltr'><strong>δὲ</strong></span> <span class='ocrx_word' id='word_1_275' title='bbox 630 3967 814 4021; x_wconf 82' lang='grc' dir='ltr'>αὐτῶν</span> <span class='ocrx_word' id='word_1_276' title='bbox 839 3969 1107 4022; x_wconf 86' lang='grc' dir='ltr'>κατέλαϐε</span> <span class='ocrx_word' id='word_1_277' title='bbox 1134 3971 1229 4024; x_wconf 82' lang='grc' dir='ltr'><strong>καὶ</strong></span> <span class='ocrx_word' id='word_1_278' title='bbox 1256 3972 1531 4043; x_wconf 82' lang='grc' dir='ltr'>Γεώργιος</span> <span class='ocrx_word' id='word_1_279' title='bbox 1554 3977 1582 4028; x_wconf 88' lang='lat'><strong>6</strong></span> <span class='ocrx_word' id='word_1_280' title='bbox 1614 3976 1985 4047; x_wconf 80' lang='grc' dir='ltr'>Σουρσούϐου-</span> 
     </span>
    </p>
   </div>
   <div class='ocr_carea' id='block_1_43' title="bbox 389 4058 1990 4140">
    <p class='ocr_par' dir='ltr' id='par_1_43' title="bbox 389 4058 1990 4140">
     <span class='ocr_line' id='line_1_43' title="bbox 389 4058 1990 4140; baseline 0.007 -29"><span class='ocrx_word' id='word_1_281' title='bbox 389 4058 505 4123; x_wconf 89' lang='grc' dir='ltr'>λος.</span> <span class='ocrx_word' id='word_1_282' title='bbox 539 4060 650 4113; x_wconf 76' lang='grc' dir='ltr'><strong>Καὶ</strong></span> <span class='ocrx_word' id='word_1_283' title='bbox 682 4061 1126 4132; x_wconf 82' lang='grc' dir='ltr'>παραγενόμενοι</span> <span class='ocrx_word' id='word_1_284' title='bbox 1176 4064 1234 4116; x_wconf 90' lang='grc' dir='ltr'><strong>ἐν</strong></span> <span class='ocrx_word' id='word_1_285' title='bbox 1281 4065 1861 4121; x_wconf 84' lang='grc' dir='ltr'>Κωνσταντινουπόλει</span> <span class='ocrx_word' id='word_1_286' title='bbox 1887 4071 1990 4140; x_wconf 86' lang='grc' dir='ltr'><strong>τὴν</strong></span> 
     </span>
    </p>
   </div>
   <div class='ocr_carea' id='block_1_44' title="bbox 390 4153 1991 4231">
    <p class='ocr_par' dir='ltr' id='par_1_44' title="bbox 390 4153 1991 4231">
     <span class='ocr_line' id='line_1_44' title="bbox 390 4153 1991 4231; baseline 0.007 -26"><span class='ocrx_word' id='word_1_287' title='bbox 390 4154 620 4223; x_wconf 77' lang='grc' dir='ltr'>εἰρήνην</span> <span class='ocrx_word' id='word_1_288' title='bbox 647 4153 999 4224; x_wconf 72' lang='grc' dir='ltr'>ἐποιήσαντο,</span> <span class='ocrx_word' id='word_1_289' title='bbox 1024 4154 1120 4209; x_wconf 76' lang='grc' dir='ltr'><strong>καὶ</strong></span> <span class='ocrx_word' id='word_1_290' title='bbox 1156 4156 1511 4227; x_wconf 84' lang='grc' dir='ltr'>συνάλλαγμα</span> <span class='ocrx_word' id='word_1_291' title='bbox 1541 4161 1679 4228; x_wconf 85' lang='grc' dir='ltr'><strong>μετά</strong></span> <span class='ocrx_word' id='word_1_292' title='bbox 1707 4160 1803 4213; x_wconf 71' lang='grc' dir='ltr'>τοῦ</span> <span class='ocrx_word' id='word_1_293' title='bbox 1832 4161 1991 4231; x_wconf 85' lang='grc' dir='ltr'>βασι-</span> 
     </span>
    </p>
   </div>
   <div class='ocr_carea' id='block_1_45' title="bbox 392 4243 1991 4322">
    <p class='ocr_par' dir='ltr' id='par_1_45' title="bbox 392 4243 1991 4322">
     <span class='ocr_line' id='line_1_45' title="bbox 392 4243 1991 4322; baseline 0.006 -27"><span class='ocrx_word' id='word_1_294' title='bbox 392 4243 532 4308; x_wconf 83' lang='grc' dir='ltr'>λέως</span> <span class='ocrx_word' id='word_1_295' title='bbox 554 4245 780 4313; x_wconf 81' lang='grc' dir='ltr'>ποιῆσαι</span> <span class='ocrx_word' id='word_1_296' title='bbox 808 4247 1106 4317; x_wconf 75' lang='grc' dir='ltr'>ᾐτήσαντο.</span> <span class='ocrx_word' id='word_1_297' title='bbox 1138 4248 1479 4320; x_wconf 79' lang='grc' dir='ltr'>Θεασάμενοι</span> <span class='ocrx_word' id='word_1_298' title='bbox 1502 4250 1557 4303; x_wconf 85' lang='grc' dir='ltr'>δὲ</span> <span class='ocrx_word' id='word_1_299' title='bbox 1584 4252 1683 4322; x_wconf 84' lang='grc' dir='ltr'><strong>τὴν</strong></span> <span class='ocrx_word' id='word_1_300' title='bbox 1712 4250 1991 4322; x_wconf 83' lang='grc' dir='ltr'>θυγατέρα</span> 
     </span>
    </p>
   </div>
   <div class='ocr_carea' id='block_1_46' title="bbox 391 4337 1991 4415">
    <p class='ocr_par' dir='ltr' id='par_1_46' title="bbox 391 4337 1991 4415">
     <span class='ocr_line' id='line_1_46' title="bbox 391 4337 1991 4415; baseline 0.004 -23"><span class='ocrx_word' id='word_1_301' title='bbox 391 4337 772 4408; x_wconf 76' lang='grc' dir='ltr'>Χριστοφόρου</span> <span class='ocrx_word' id='word_1_302' title='bbox 785 4339 1007 4410; x_wconf 80' lang='grc' dir='ltr'>Μαρίαν</span> <span class='ocrx_word' id='word_1_303' title='bbox 1022 4340 1117 4394; x_wconf 77' lang='grc' dir='ltr'>καὶ</span> <span class='ocrx_word' id='word_1_304' title='bbox 1135 4342 1386 4411; x_wconf 80' lang='grc' dir='ltr'>μεγάλως</span> <span class='ocrx_word' id='word_1_305' title='bbox 1404 4343 1490 4395; x_wconf 85' lang='grc' dir='ltr'>ἐπ’</span> <span class='ocrx_word' id='word_1_306' title='bbox 1505 4344 1641 4414; x_wconf 81' lang='grc' dir='ltr'>αὐτῇ</span> <span class='ocrx_word' id='word_1_307' title='bbox 1667 4344 1991 4415; x_wconf 86' lang='grc' dir='ltr'>ἀρεσθέντες</span> 
     </span>
    </p>
   </div>
   <div class='ocr_carea' id='block_1_47' title="bbox 2068 525 3664 600">
    <p class='ocr_par' dir='ltr' id='par_1_47' title="bbox 2068 525 3664 600">
     <span class='ocr_line' id='line_1_47' title="bbox 2068 525 3664 600; baseline 0.004 -20"><span class='ocrx_word' id='word_1_308' title='bbox 2068 525 2313 581; x_wconf 85' lang='lat' dir='ltr'><strong>themate</strong></span> <span class='ocrx_word' id='word_1_309' title='bbox 2341 525 2557 581; x_wconf 82' lang='lat' dir='ltr'><strong>exstitit</strong></span> <span class='ocrx_word' id='word_1_310' title='bbox 2584 534 2743 581; x_wconf 80' lang='lat' dir='ltr'><strong>terrae</strong></span> <span class='ocrx_word' id='word_1_311' title='bbox 2777 537 2979 593; x_wconf 88' lang='lat' dir='ltr'><strong>motus,</strong></span> <span class='ocrx_word' id='word_1_312' title='bbox 3022 526 3328 600; x_wconf 79' lang='lat' dir='ltr'><strong>ingensque</strong></span> <span class='ocrx_word' id='word_1_313' title='bbox 3359 545 3423 586; x_wconf 92' lang='lat' dir='ltr'><strong>ac</strong></span> <span class='ocrx_word' id='word_1_314' title='bbox 3460 533 3664 587; x_wconf 83' lang='lat' dir='ltr'><strong>terriﬁ-</strong></span> 
     </span>
    </p>
   </div>
   <div class='ocr_carea' id='block_1_48' title="bbox 2067 622 3663 695">
    <p class='ocr_par' dir='ltr' id='par_1_48' title="bbox 2067 622 3663 695">
     <span class='ocr_line' id='line_1_48' title="bbox 2067 622 3663 695; baseline 0.004 -18"><span class='ocrx_word' id='word_1_315' title='bbox 2067 637 2167 677; x_wconf 90' lang='lat' dir='ltr'><strong>cus</strong></span> <span class='ocrx_word' id='word_1_316' title='bbox 2202 631 2364 677; x_wconf 67' lang='lat' dir='ltr'><strong>terra:</strong></span> <span class='ocrx_word' id='word_1_317' title='bbox 2409 622 2615 688; x_wconf 86' lang='lat' dir='ltr'><strong>hiatus,</strong></span> <span class='ocrx_word' id='word_1_318' title='bbox 2663 622 2738 676; x_wconf 88' lang='lat' dir='ltr'><strong>ita</strong></span> <span class='ocrx_word' id='word_1_319' title='bbox 2772 630 2832 677; x_wconf 91' lang='lat' dir='ltr'><strong>ut</strong></span> <span class='ocrx_word' id='word_1_320' title='bbox 2871 623 3028 693; x_wconf 90' lang='lat' dir='ltr'><strong>plura</strong></span> <span class='ocrx_word' id='word_1_321' title='bbox 3078 624 3285 695; x_wconf 86' lang='lat' dir='ltr'><strong>praedia</strong></span> <span class='ocrx_word' id='word_1_322' title='bbox 3318 634 3375 681; x_wconf 89' lang='lat' dir='ltr'><strong>et</strong></span> <span class='ocrx_word' id='word_1_323' title='bbox 3408 628 3663 683; x_wconf 71' lang='lat' dir='ltr'><strong>ecclesiae</strong></span> 
     </span>
    </p>
   </div>
   <div class='ocr_carea' id='block_1_49' title="bbox 2067 712 3011 785">
    <p class='ocr_par' dir='ltr' id='par_1_49' title="bbox 2067 712 3011 785">
     <span class='ocr_line' id='line_1_49' title="bbox 2067 712 3011 785; baseline 0 -16"><span class='ocrx_word' id='word_1_324' title='bbox 2067 729 2194 769; x_wconf 90' lang='lat' dir='ltr'><strong>cum</strong></span> <span class='ocrx_word' id='word_1_325' title='bbox 2234 712 2560 768; x_wconf 91' lang='lat' dir='ltr'><strong>hominibus</strong></span> <span class='ocrx_word' id='word_1_326' title='bbox 2594 714 2851 785; x_wconf 82' lang='lat' dir='ltr'><strong>absorpta</strong></span> <span class='ocrx_word' id='word_1_327' title='bbox 2880 716 3011 770; x_wconf 88' lang='lat' dir='ltr'><strong>sint.</strong></span> 
     </span>
    </p>
   </div>
   <div class='ocr_carea' id='block_1_50' title="bbox 2137 804 3665 880">
    <p class='ocr_par' dir='ltr' id='par_1_50' title="bbox 2137 804 3665 880">
     <span class='ocr_line' id='line_1_50' title="bbox 2137 804 3665 880; baseline 0.003 -20"><span class='ocrx_word' id='word_1_328' title='bbox 2137 807 2420 880; x_wconf 57' lang='lat'><strong>90528.</strong></span> <span class='ocrx_word' id='word_1_329' title='bbox 2477 805 2605 861; x_wconf 84' lang='lat' dir='ltr'><strong>Maii</strong></span> <span class='ocrx_word' id='word_1_330' title='bbox 2634 808 2844 862; x_wconf 88' lang='lat' dir='ltr'><strong>mensis</strong></span> <span class='ocrx_word' id='word_1_331' title='bbox 2890 809 3158 879; x_wconf 88' lang='lat' dir='ltr'><strong>vigesima</strong></span> <span class='ocrx_word' id='word_1_332' title='bbox 3210 809 3463 879; x_wconf 85' lang='lat' dir='ltr'><strong>septima,</strong></span> <span class='ocrx_word' id='word_1_333' title='bbox 3516 804 3665 864; x_wconf 83' lang='lat' dir='ltr'><strong>indi-</strong></span> 
     </span>
    </p>
   </div>
   <div class='ocr_carea' id='block_1_51' title="bbox 2069 898 3664 972">
    <p class='ocr_par' dir='ltr' id='par_1_51' title="bbox 2069 898 3664 972">
     <span class='ocr_line' id='line_1_51' title="bbox 2069 898 3664 972; baseline 0.001 -17"><span class='ocrx_word' id='word_1_334' title='bbox 2069 900 2253 955; x_wconf 89' lang='lat' dir='ltr'><strong>ctione</strong></span> <span class='ocrx_word' id='word_1_335' title='bbox 2285 899 2481 970; x_wconf 88' lang='lat' dir='ltr'><strong>quinta</strong></span> <span class='ocrx_word' id='word_1_336' title='bbox 2521 898 2759 965; x_wconf 89' lang='lat' dir='ltr'><strong>decima,</strong></span> <span class='ocrx_word' id='word_1_337' title='bbox 2811 900 3051 955; x_wconf 90' lang='lat' dir='ltr'><strong>moritur</strong></span> <span class='ocrx_word' id='word_1_338' title='bbox 3106 900 3344 972; x_wconf 87' lang='lat' dir='ltr'><strong>Symeon</strong></span> <span class='ocrx_word' id='word_1_339' title='bbox 3393 902 3664 972; x_wconf 71' lang='lat' dir='ltr'><strong>Bulgaria:</strong></span> 
     </span>
    </p>
   </div>
   <div class='ocr_carea' id='block_1_52' title="bbox 2068 991 3663 1064">
    <p class='ocr_par' dir='ltr' id='par_1_52' title="bbox 2068 991 3663 1064">
     <span class='ocr_line' id='line_1_52' title="bbox 2068 991 3663 1064; baseline 0.001 -18"><span class='ocrx_word' id='word_1_340' title='bbox 2068 991 2349 1064; x_wconf 87' lang='lat' dir='ltr'><strong>princeps,</strong></span> <span class='ocrx_word' id='word_1_341' title='bbox 2386 992 2616 1047; x_wconf 89' lang='lat' dir='ltr'><strong>Petrum</strong></span> <span class='ocrx_word' id='word_1_342' title='bbox 2659 992 2835 1047; x_wconf 83' lang='lat' dir='ltr'><strong>ﬁlium</strong></span> <span class='ocrx_word' id='word_1_343' title='bbox 2878 1009 3062 1060; x_wconf 90' lang='lat' dir='ltr'><strong>suum,</strong></span> <span class='ocrx_word' id='word_1_344' title='bbox 3095 1009 3261 1063; x_wconf 90' lang='lat' dir='ltr'><strong>quem</strong></span> <span class='ocrx_word' id='word_1_345' title='bbox 3305 1009 3373 1049; x_wconf 84' lang='lat' dir='ltr'><strong>ex</strong></span> <span class='ocrx_word' id='word_1_346' title='bbox 3418 994 3663 1049; x_wconf 86' lang='lat' dir='ltr'><strong>secunda</strong></span> 
     </span>
    </p>
   </div>
   <div class='ocr_carea' id='block_1_53' title="bbox 2070 1086 3666 1157">
    <p class='ocr_par' dir='ltr' id='par_1_53' title="bbox 2070 1086 3666 1157">
     <span class='ocr_line' id='line_1_53' title="bbox 2070 1086 3666 1157; baseline 0 -15"><span class='ocrx_word' id='word_1_347' title='bbox 2070 1102 2243 1142; x_wconf 84' lang='lat' dir='ltr'><strong>uxore</strong></span> <span class='ocrx_word' id='word_1_348' title='bbox 2277 1101 2376 1142; x_wconf 89' lang='lat' dir='ltr'><strong>sua</strong></span> <span class='ocrx_word' id='word_1_349' title='bbox 2409 1086 2739 1141; x_wconf 89' lang='lat' dir='ltr'><strong>Sursubulis</strong></span> <span class='ocrx_word' id='word_1_350' title='bbox 2777 1100 2972 1141; x_wconf 86' lang='lat' dir='ltr'><strong>sorore</strong></span> <span class='ocrx_word' id='word_1_351' title='bbox 3013 1087 3318 1143; x_wconf 83' lang='lat' dir='ltr'><strong>sustulerat</strong></span> <span class='ocrx_word' id='word_1_352' title='bbox 3353 1086 3666 1157; x_wconf 67' lang='lat' dir='ltr'><strong>praeﬁciens</strong></span> 
     </span>
    </p>
   </div>
   <div class='ocr_carea' id='block_1_54' title="bbox 2068 1179 3662 1252">
    <p class='ocr_par' dir='ltr' id='par_1_54' title="bbox 2068 1179 3662 1252">
     <span class='ocr_line' id='line_1_54' title="bbox 2068 1179 3662 1252; baseline -0.001 -17"><span class='ocrx_word' id='word_1_353' title='bbox 2068 1181 2397 1252; x_wconf 86' lang='lat' dir='ltr'><strong>principem,</strong></span> <span class='ocrx_word' id='word_1_354' title='bbox 2443 1195 2607 1251; x_wconf 86' lang='lat' dir='ltr'><strong>quem</strong></span> <span class='ocrx_word' id='word_1_355' title='bbox 2654 1191 2711 1235; x_wconf 89' lang='lat' dir='ltr'><strong>et</strong></span> <span class='ocrx_word' id='word_1_356' title='bbox 2738 1179 3103 1235; x_wconf 88' lang='lat' dir='ltr'><strong>Sursubulem</strong></span> <span class='ocrx_word' id='word_1_357' title='bbox 3147 1179 3385 1252; x_wconf 86' lang='lat' dir='ltr'><strong>Symeon</strong></span> <span class='ocrx_word' id='word_1_358' title='bbox 3432 1194 3662 1235; x_wconf 85' lang='lat' dir='ltr'><strong>suorum</strong></span> 
     </span>
    </p>
   </div>
   <div class='ocr_carea' id='block_1_55' title="bbox 2069 1266 3671 1343">
    <p class='ocr_par' dir='ltr' id='par_1_55' title="bbox 2069 1266 3671 1343">
     <span class='ocr_line' id='line_1_55' title="bbox 2069 1266 3671 1343; baseline 0 -16"><span class='ocrx_word' id='word_1_359' title='bbox 2069 1273 2377 1328; x_wconf 89' lang='lat' dir='ltr'><strong>liberorum</strong></span> <span class='ocrx_word' id='word_1_360' title='bbox 2432 1272 2661 1343; x_wconf 87' lang='lat' dir='ltr'><strong>scripsit</strong></span> <span class='ocrx_word' id='word_1_361' title='bbox 2716 1266 2979 1326; x_wconf 86' lang='lat' dir='ltr'><strong>tutorem.</strong></span> <span class='ocrx_word' id='word_1_362' title='bbox 3014 1272 3339 1328; x_wconf 84' lang='lat' dir='ltr'><strong>Michaelem</strong></span> <span class='ocrx_word' id='word_1_363' title='bbox 3380 1286 3448 1326; x_wconf 80' lang='lat' dir='ltr'><strong>ex</strong></span> <span class='ocrx_word' id='word_1_364' title='bbox 3478 1271 3671 1342; x_wconf 81' lang='lat' dir='ltr'><strong>priore</strong></span> 
     </span>
    </p>
   </div>
   <div class='ocr_carea' id='block_1_56' title="bbox 2072 1361 3665 1435">
    <p class='ocr_par' dir='ltr' id='par_1_56' title="bbox 2072 1361 3665 1435">
     <span class='ocr_line' id='line_1_56' title="bbox 2072 1361 3665 1435; baseline -0.003 -16"><span class='ocrx_word' id='word_1_365' title='bbox 2072 1380 2259 1420; x_wconf 73' lang='lat' dir='ltr'><strong>uxore</strong></span> <span class='ocrx_word' id='word_1_366' title='bbox 2278 1372 2597 1435; x_wconf 88' lang='lat' dir='ltr'><strong>susceptum</strong></span> <span class='ocrx_word' id='word_1_367' title='bbox 2626 1361 2883 1419; x_wconf 89' lang='lat' dir='ltr'><strong>detondit</strong></span> <span class='ocrx_word' id='word_1_368' title='bbox 2909 1363 3244 1418; x_wconf 86' lang='lat' dir='ltr'><strong>monachum</strong></span> <span class='ocrx_word' id='word_1_369' title='bbox 3288 1380 3301 1416; x_wconf 90' lang='lat'>:</span> <span class='ocrx_word' id='word_1_370' title='bbox 3333 1362 3579 1417; x_wconf 86' lang='lat' dir='ltr'><strong>Joannes</strong></span> <span class='ocrx_word' id='word_1_371' title='bbox 3605 1366 3665 1416; x_wconf 87' lang='lat' dir='ltr'><strong>et</strong></span> 
     </span>
    </p>
   </div>
   <div class='ocr_carea' id='block_1_57' title="bbox 2068 1454 3669 1529">
    <p class='ocr_par' dir='ltr' id='par_1_57' title="bbox 2068 1454 3669 1529">
     <span class='ocr_line' id='line_1_57' title="bbox 2068 1454 3669 1529; baseline -0.002 -16"><span class='ocrx_word' id='word_1_372' title='bbox 2068 1458 2357 1529; x_wconf 86' lang='lat' dir='ltr'><strong>Benjamin</strong></span> <span class='ocrx_word' id='word_1_373' title='bbox 2388 1457 2535 1514; x_wconf 87' lang='lat' dir='ltr'><strong>Petri</strong></span> <span class='ocrx_word' id='word_1_374' title='bbox 2567 1457 2770 1512; x_wconf 80' lang='lat' dir='ltr'><strong>fratres</strong></span> <span class='ocrx_word' id='word_1_375' title='bbox 2806 1456 2990 1511; x_wconf 88' lang='lat' dir='ltr'><strong>adhuc</strong></span> <span class='ocrx_word' id='word_1_376' title='bbox 3032 1456 3302 1527; x_wconf 73' lang='lat' dir='ltr'><strong>Bulgariae</strong></span> <span class='ocrx_word' id='word_1_377' title='bbox 3328 1454 3468 1510; x_wconf 85' lang='lat' dir='ltr'><strong>stola</strong></span> <span class='ocrx_word' id='word_1_378' title='bbox 3500 1468 3669 1510; x_wconf 83' lang='lat' dir='ltr'><strong>orna-</strong></span> 
     </span>
    </p>
   </div>
   <div class='ocr_carea' id='block_1_58' title="bbox 2070 1552 2294 1607">
    <p class='ocr_par' dir='ltr' id='par_1_58' title="bbox 2070 1552 2294 1607">
     <span class='ocr_line' id='line_1_58' title="bbox 2070 1552 2294 1607; baseline -0.009 0"><span class='ocrx_word' id='word_1_379' title='bbox 2070 1552 2294 1607; x_wconf 88' lang='lat' dir='ltr'><strong>bantur.</strong></span> 
     </span>
    </p>
   </div>
   <div class='ocr_carea' id='block_1_59' title="bbox 2140 1638 3668 1713">
    <p class='ocr_par' dir='ltr' id='par_1_59' title="bbox 2140 1638 3668 1713">
     <span class='ocr_line' id='line_1_59' title="bbox 2140 1638 3668 1713; baseline 0 -19"><span class='ocrx_word' id='word_1_380' title='bbox 2140 1642 2235 1696; x_wconf 75' lang='lat'><strong>‘29.</strong></span> <span class='ocrx_word' id='word_1_381' title='bbox 2286 1640 2713 1697; x_wconf 71' lang='lat' dir='ltr'><strong>Circumvieinae</strong></span> <span class='ocrx_word' id='word_1_382' title='bbox 2756 1641 2924 1713; x_wconf 85' lang='lat' dir='ltr'><strong>igitur</strong></span> <span class='ocrx_word' id='word_1_383' title='bbox 2982 1649 3217 1712; x_wconf 87' lang='lat' dir='ltr'><strong>gentes,</strong></span> <span class='ocrx_word' id='word_1_384' title='bbox 3270 1647 3391 1694; x_wconf 85' lang='lat' dir='ltr'><strong>tum</strong></span> <span class='ocrx_word' id='word_1_385' title='bbox 3449 1638 3668 1695; x_wconf 83' lang='lat' dir='ltr'><strong>scilicet</strong></span> 
     </span>
    </p>
   </div>
   <div class='ocr_carea' id='block_1_60' title="bbox 2070 1731 3665 1806">
    <p class='ocr_par' dir='ltr' id='par_1_60' title="bbox 2070 1731 3665 1806">
     <span class='ocr_line' id='line_1_60' title="bbox 2070 1731 3665 1806; baseline -0.003 -16"><span class='ocrx_word' id='word_1_386' title='bbox 2070 1734 2339 1790; x_wconf 86' lang='lat' dir='ltr'><strong>Chrobati</strong></span> <span class='ocrx_word' id='word_1_387' title='bbox 2371 1745 2485 1791; x_wconf 92' lang='lat' dir='ltr'><strong>tum</strong></span> <span class='ocrx_word' id='word_1_388' title='bbox 2526 1735 2748 1805; x_wconf 87' lang='lat' dir='ltr'><strong>reliqui,</strong></span> <span class='ocrx_word' id='word_1_389' title='bbox 2776 1735 2966 1790; x_wconf 89' lang='lat' dir='ltr'><strong>audita</strong></span> <span class='ocrx_word' id='word_1_390' title='bbox 2999 1732 3293 1806; x_wconf 82' lang='lat' dir='ltr'><strong>Symeonis</strong></span> <span class='ocrx_word' id='word_1_391' title='bbox 3315 1740 3493 1787; x_wconf 91' lang='lat' dir='ltr'><strong>morte</strong></span> <span class='ocrx_word' id='word_1_392' title='bbox 3532 1731 3665 1787; x_wconf 63' lang='lat' dir='ltr'><strong>Bulo</strong></span> 
     </span>
    </p>
   </div>
   <div class='ocr_carea' id='block_1_61' title="bbox 2071 1828 3675 1901">
    <p class='ocr_par' dir='ltr' id='par_1_61' title="bbox 2071 1828 3675 1901">
     <span class='ocr_line' id='line_1_61' title="bbox 2071 1828 3675 1901; baseline -0.002 -18"><span class='ocrx_word' id='word_1_393' title='bbox 2071 1846 2235 1901; x_wconf 88' lang='lat' dir='ltr'><strong>garos</strong></span> <span class='ocrx_word' id='word_1_394' title='bbox 2281 1829 2429 1884; x_wconf 90' lang='lat' dir='ltr'><strong>bello</strong></span> <span class='ocrx_word' id='word_1_395' title='bbox 2465 1830 2744 1885; x_wconf 87' lang='lat' dir='ltr'><strong>incessere</strong></span> <span class='ocrx_word' id='word_1_396' title='bbox 2783 1829 3123 1885; x_wconf 85' lang='lat' dir='ltr'><strong>statuebant.</strong></span> <span class='ocrx_word' id='word_1_397' title='bbox 3178 1828 3343 1883; x_wconf 85' lang='lat' dir='ltr'><strong>Fame</strong></span> <span class='ocrx_word' id='word_1_398' title='bbox 3376 1842 3510 1883; x_wconf 88' lang='lat' dir='ltr'><strong>vero</strong></span> <span class='ocrx_word' id='word_1_399' title='bbox 3540 1841 3675 1882; x_wconf 80' lang='lat' dir='ltr'><strong>cum</strong></span> 
     </span>
    </p>
   </div>
   <div class='ocr_carea' id='block_1_62' title="bbox 2073 1923 3674 1995">
    <p class='ocr_par' dir='ltr' id='par_1_62' title="bbox 2073 1923 3674 1995">
     <span class='ocr_line' id='line_1_62' title="bbox 2073 1923 3674 1995; baseline -0.001 -18"><span class='ocrx_word' id='word_1_400' title='bbox 2073 1923 2284 1995; x_wconf 89' lang='lat' dir='ltr'><strong>ingenti</strong></span> <span class='ocrx_word' id='word_1_401' title='bbox 2315 1924 2658 1979; x_wconf 86' lang='lat' dir='ltr'><strong>locustarum</strong></span> <span class='ocrx_word' id='word_1_402' title='bbox 2690 1923 2850 1993; x_wconf 90' lang='lat' dir='ltr'><strong>copia</strong></span> <span class='ocrx_word' id='word_1_403' title='bbox 2889 1923 3255 1994; x_wconf 85' lang='lat' dir='ltr'><strong>Bulgarorum</strong></span> <span class='ocrx_word' id='word_1_404' title='bbox 3289 1930 3508 1993; x_wconf 84' lang='lat' dir='ltr'><strong>gentem</strong></span> <span class='ocrx_word' id='word_1_405' title='bbox 3538 1934 3674 1991; x_wconf 83' lang='lat' dir='ltr'><strong>gra-</strong></span> 
     </span>
    </p>
   </div>
   <div class='ocr_carea' id='block_1_63' title="bbox 2070 2014 3675 2088">
    <p class='ocr_par' dir='ltr' id='par_1_63' title="bbox 2070 2014 3675 2088">
     <span class='ocr_line' id='line_1_63' title="bbox 2070 2014 3675 2088; baseline -0.001 -16"><span class='ocrx_word' id='word_1_406' title='bbox 2070 2019 2216 2072; x_wconf 88' lang='lat' dir='ltr'><strong>viter</strong></span> <span class='ocrx_word' id='word_1_407' title='bbox 2237 2027 2547 2087; x_wconf 87' lang='lat' dir='ltr'><strong>premente,</strong></span> <span class='ocrx_word' id='word_1_408' title='bbox 2582 2032 2710 2071; x_wconf 89' lang='lat' dir='ltr'><strong>cum</strong></span> <span class='ocrx_word' id='word_1_409' title='bbox 2754 2018 2986 2071; x_wconf 87' lang='lat' dir='ltr'><strong>aliarum</strong></span> <span class='ocrx_word' id='word_1_410' title='bbox 3018 2016 3266 2088; x_wconf 86' lang='lat' dir='ltr'><strong>gentium</strong></span> <span class='ocrx_word' id='word_1_411' title='bbox 3300 2014 3675 2085; x_wconf 84' lang='lat' dir='ltr'><strong>irruptionem</strong></span> 
     </span>
    </p>
   </div>
   <div class='ocr_carea' id='block_1_64' title="bbox 2071 2107 3671 2182">
    <p class='ocr_par' dir='ltr' id='par_1_64' title="bbox 2071 2107 3671 2182">
     <span class='ocr_line' id='line_1_64' title="bbox 2071 2107 3671 2182; baseline -0.003 -15"><span class='ocrx_word' id='word_1_412' title='bbox 2071 2111 2468 2175; x_wconf 81' lang='lat' dir='ltr'><strong>formidabant,</strong></span> <span class='ocrx_word' id='word_1_413' title='bbox 2509 2120 2625 2166; x_wconf 89' lang='lat' dir='ltr'><strong>tum</strong></span> <span class='ocrx_word' id='word_1_414' title='bbox 2654 2111 2935 2182; x_wconf 56' lang='lat' dir='ltr'><strong>pracipue</strong></span> <span class='ocrx_word' id='word_1_415' title='bbox 2967 2111 3350 2165; x_wconf 79' lang='lat' dir='ltr'><strong>Romanorum</strong></span> <span class='ocrx_word' id='word_1_416' title='bbox 3380 2109 3434 2163; x_wconf 90' lang='lat' dir='ltr'><strong>in</strong></span> <span class='ocrx_word' id='word_1_417' title='bbox 3472 2123 3532 2163; x_wconf 90' lang='lat' dir='ltr'><strong>se</strong></span> <span class='ocrx_word' id='word_1_418' title='bbox 3560 2107 3671 2162; x_wconf 86' lang='lat' dir='ltr'><strong>im-</strong></span> 
     </span>
    </p>
   </div>
   <div class='ocr_carea' id='block_1_65' title="bbox 2071 2198 3667 2276">
    <p class='ocr_par' dir='ltr' id='par_1_65' title="bbox 2071 2198 3667 2276">
     <span class='ocr_line' id='line_1_65' title="bbox 2071 2198 3667 2276; baseline -0.004 -16"><span class='ocrx_word' id='word_1_419' title='bbox 2071 2215 2260 2276; x_wconf 86' lang='lat' dir='ltr'><strong>petum</strong></span> <span class='ocrx_word' id='word_1_420' title='bbox 2292 2206 2636 2261; x_wconf 87' lang='lat' dir='ltr'><strong>metuebant.</strong></span> <span class='ocrx_word' id='word_1_421' title='bbox 2673 2204 2872 2260; x_wconf 92' lang='lat' dir='ltr'><strong>Secum</strong></span> <span class='ocrx_word' id='word_1_422' title='bbox 2925 2205 3113 2275; x_wconf 87' lang='lat' dir='ltr'><strong>itaque</strong></span> <span class='ocrx_word' id='word_1_423' title='bbox 3158 2203 3538 2259; x_wconf 83' lang='lat' dir='ltr'><strong>deliberantes</strong></span> <span class='ocrx_word' id='word_1_424' title='bbox 3565 2198 3667 2255; x_wconf 84' lang='lat' dir='ltr'><strong>ad-</strong></span> 
     </span>
    </p>
   </div>
   <div class='ocr_carea' id='block_1_66' title="bbox 2072 2294 3670 2369">
    <p class='ocr_par' dir='ltr' id='par_1_66' title="bbox 2072 2294 3670 2369">
     <span class='ocr_line' id='line_1_66' title="bbox 2072 2294 3670 2369; baseline -0.004 -16"><span class='ocrx_word' id='word_1_425' title='bbox 2072 2315 2270 2355; x_wconf 91' lang='lat' dir='ltr'><strong>versus</strong></span> <span class='ocrx_word' id='word_1_426' title='bbox 2318 2300 2601 2355; x_wconf 84' lang='lat' dir='ltr'><strong>Romanos</strong></span> <span class='ocrx_word' id='word_1_427' title='bbox 2638 2298 2829 2369; x_wconf 78' lang='lat' dir='ltr'><strong>capias</strong></span> <span class='ocrx_word' id='word_1_428' title='bbox 2876 2297 3144 2363; x_wconf 87' lang='lat' dir='ltr'><strong>educunt,</strong></span> <span class='ocrx_word' id='word_1_429' title='bbox 3186 2312 3251 2352; x_wconf 89' lang='lat' dir='ltr'><strong>ac</strong></span> <span class='ocrx_word' id='word_1_430' title='bbox 3288 2294 3670 2351; x_wconf 85' lang='lat' dir='ltr'><strong>Macedoniam</strong></span> 
     </span>
    </p>
   </div>
   <div class='ocr_carea' id='block_1_67' title="bbox 2074 2386 3673 2464">
    <p class='ocr_par' dir='ltr' id='par_1_67' title="bbox 2074 2386 3673 2464">
     <span class='ocr_line' id='line_1_67' title="bbox 2074 2386 3673 2464; baseline -0.005 -16"><span class='ocrx_word' id='word_1_431' title='bbox 2074 2392 2291 2448; x_wconf 81' lang='lat' dir='ltr'><strong>infestis</strong></span> <span class='ocrx_word' id='word_1_432' title='bbox 2325 2391 2499 2464; x_wconf 85' lang='lat' dir='ltr'><strong>signis</strong></span> <span class='ocrx_word' id='word_1_433' title='bbox 2523 2399 2744 2463; x_wconf 89' lang='lat' dir='ltr'><strong>petunt,</strong></span> <span class='ocrx_word' id='word_1_434' title='bbox 2776 2390 3062 2451; x_wconf 83' lang='lat' dir='ltr'><strong>Romanis,</strong></span> <span class='ocrx_word' id='word_1_435' title='bbox 3114 2397 3177 2443; x_wconf 91' lang='lat' dir='ltr'><strong>ut</strong></span> <span class='ocrx_word' id='word_1_436' title='bbox 3223 2404 3324 2459; x_wconf 89' lang='lat' dir='ltr'><strong>par</strong></span> <span class='ocrx_word' id='word_1_437' title='bbox 3367 2395 3475 2452; x_wconf 88' lang='lat' dir='ltr'><strong>est,</strong></span> <span class='ocrx_word' id='word_1_438' title='bbox 3506 2386 3673 2441; x_wconf 75' lang='lat' dir='ltr'><strong>incu-I</strong></span> 
     </span>
    </p>
   </div>
   <div class='ocr_carea' id='block_1_68' title="bbox 2075 2481 3674 2551">
    <p class='ocr_par' dir='ltr' id='par_1_68' title="bbox 2075 2481 3674 2551">
     <span class='ocr_line' id='line_1_68' title="bbox 2075 2481 3674 2551; baseline -0.006 -10"><span class='ocrx_word' id='word_1_439' title='bbox 2075 2487 2280 2542; x_wconf 86' lang='lat' dir='ltr'><strong>tientes</strong></span> <span class='ocrx_word' id='word_1_440' title='bbox 2306 2495 2536 2541; x_wconf 91' lang='lat' dir='ltr'><strong>metum.</strong></span> <span class='ocrx_word' id='word_1_441' title='bbox 2570 2485 2712 2540; x_wconf 90' lang='lat' dir='ltr'><strong>Tum</strong></span> <span class='ocrx_word' id='word_1_442' title='bbox 2740 2484 2835 2539; x_wconf 91' lang='lat' dir='ltr'><strong>ubi</strong></span> <span class='ocrx_word' id='word_1_443' title='bbox 2859 2483 3110 2539; x_wconf 87' lang='lat' dir='ltr'><strong>didicere</strong></span> <span class='ocrx_word' id='word_1_444' title='bbox 3136 2481 3255 2537; x_wconf 82' lang='lat' dir='ltr'><strong>fore</strong></span> <span class='ocrx_word' id='word_1_445' title='bbox 3284 2489 3348 2536; x_wconf 89' lang='lat' dir='ltr'><strong>ut</strong></span> <span class='ocrx_word' id='word_1_446' title='bbox 3371 2481 3674 2551; x_wconf 88' lang='lat' dir='ltr'><strong>imperator</strong></span> 
     </span>
    </p>
   </div>
   <div class='ocr_carea' id='block_1_69' title="bbox 2076 2574 3676 2645">
    <p class='ocr_par' dir='ltr' id='par_1_69' title="bbox 2076 2574 3676 2645">
     <span class='ocr_line' id='line_1_69' title="bbox 2076 2574 3676 2645; baseline -0.003 -11"><span class='ocrx_word' id='word_1_447' title='bbox 2076 2581 2363 2635; x_wconf 81' lang='lat' dir='ltr'><strong>Romanus</strong></span> <span class='ocrx_word' id='word_1_448' title='bbox 2416 2579 2473 2633; x_wconf 91' lang='lat' dir='ltr'><strong>in</strong></span> <span class='ocrx_word' id='word_1_449' title='bbox 2516 2593 2615 2634; x_wconf 90' lang='lat' dir='ltr'><strong>eos</strong></span> <span class='ocrx_word' id='word_1_450' title='bbox 2662 2585 2908 2632; x_wconf 83' lang='lat' dir='ltr'><strong>verteret</strong></span> <span class='ocrx_word' id='word_1_451' title='bbox 2961 2577 3254 2645; x_wconf 86' lang='lat' dir='ltr'><strong>impetum,</strong></span> <span class='ocrx_word' id='word_1_452' title='bbox 3311 2589 3419 2629; x_wconf 91' lang='lat' dir='ltr'><strong>una</strong></span> <span class='ocrx_word' id='word_1_453' title='bbox 3474 2574 3676 2629; x_wconf 83' lang='lat' dir='ltr'><strong>Petrus</strong></span> 
     </span>
    </p>
   </div>
   <div class='ocr_carea' id='block_1_70' title="bbox 2074 2665 3766 2744">
    <p class='ocr_par' dir='ltr' id='par_1_70' title="bbox 2074 2665 3766 2744">
     <span class='ocr_line' id='line_1_70' title="bbox 2074 2665 3766 2744; baseline -0.005 -14"><span class='ocrx_word' id='word_1_454' title='bbox 2074 2674 2457 2744; x_wconf 62' lang='lat' dir='ltr'><strong>Gcorgiusq&#39;ue</strong></span> <span class='ocrx_word' id='word_1_455' title='bbox 2498 2673 2835 2727; x_wconf 89' lang='lat' dir='ltr'><strong>monachum</strong></span> <span class='ocrx_word' id='word_1_456' title='bbox 2881 2671 3174 2741; x_wconf 78' lang='lat' dir='ltr'><strong>quemdam</strong></span> <span class='ocrx_word' id='word_1_457' title='bbox 3222 2668 3530 2740; x_wconf 84' lang='lat' dir='ltr'><strong>Calocyrim</strong></span> <span class='ocrx_word' id='word_1_458' title='bbox 3567 2684 3673 2723; x_wconf 81' lang='lat' dir='ltr'><strong>no-</strong></span> <span class='ocrx_word' id='word_1_459' title='bbox 3732 2665 3766 2685; x_wconf 83' lang='grc'><strong>⁹</strong></span> 
     </span>
    </p>
   </div>
   <div class='ocr_carea' id='block_1_71' title="bbox 2078 2760 3673 2836">
    <p class='ocr_par' dir='ltr' id='par_1_71' title="bbox 2078 2760 3673 2836">
     <span class='ocr_line' id='line_1_71' title="bbox 2078 2760 3673 2836; baseline -0.004 -16"><span class='ocrx_word' id='word_1_460' title='bbox 2078 2767 2247 2830; x_wconf 90' lang='lat' dir='ltr'><strong>mine,</strong></span> <span class='ocrx_word' id='word_1_461' title='bbox 2282 2780 2485 2836; x_wconf 86' lang='lat' dir='ltr'><strong>genere</strong></span> <span class='ocrx_word' id='word_1_462' title='bbox 2509 2764 2924 2828; x_wconf 84' lang='lat' dir='ltr'><strong>Armeniacum,</strong></span> <span class='ocrx_word' id='word_1_463' title='bbox 2949 2778 3117 2817; x_wconf 87' lang='lat' dir='ltr'><strong>aurea</strong></span> <span class='ocrx_word' id='word_1_464' title='bbox 3149 2762 3487 2816; x_wconf 91' lang='lat' dir='ltr'><strong>instructum</strong></span> <span class='ocrx_word' id='word_1_465' title='bbox 3523 2760 3673 2815; x_wconf 87' lang='lat' dir='ltr'><strong>bulla</strong></span> 
     </span>
    </p>
   </div>
   <div class='ocr_carea' id='block_1_72' title="bbox 2076 2854 3674 2923">
    <p class='ocr_par' dir='ltr' id='par_1_72' title="bbox 2076 2854 3674 2923">
     <span class='ocr_line' id='line_1_72' title="bbox 2076 2854 3674 2923; baseline -0.003 -10"><span class='ocrx_word' id='word_1_466' title='bbox 2076 2858 2294 2913; x_wconf 90' lang='lat' dir='ltr'><strong>occulte</strong></span> <span class='ocrx_word' id='word_1_467' title='bbox 2338 2858 2590 2912; x_wconf 90' lang='lat' dir='ltr'><strong>mittunt.</strong></span> <span class='ocrx_word' id='word_1_468' title='bbox 2637 2856 2808 2911; x_wconf 58' lang='lat' dir='ltr'><strong>Bulla</strong></span> <span class='ocrx_word' id='word_1_469' title='bbox 2859 2863 3019 2911; x_wconf 90' lang='lat' dir='ltr'><strong>tenor</strong></span> <span class='ocrx_word' id='word_1_470' title='bbox 3058 2854 3150 2907; x_wconf 87' lang='lat' dir='ltr'><strong>hic</strong></span> <span class='ocrx_word' id='word_1_471' title='bbox 3197 2861 3341 2918; x_wconf 88' lang='lat' dir='ltr'><strong>erat,</strong></span> <span class='ocrx_word' id='word_1_472' title='bbox 3371 2868 3564 2923; x_wconf 88' lang='lat' dir='ltr'><strong>pacem</strong></span> <span class='ocrx_word' id='word_1_473' title='bbox 3613 2867 3674 2908; x_wconf 79' lang='lat' dir='ltr'><strong>se</strong></span> 
     </span>
    </p>
   </div>
   <div class='ocr_carea' id='block_1_73' title="bbox 2078 2945 3673 3021">
    <p class='ocr_par' dir='ltr' id='par_1_73' title="bbox 2078 2945 3673 3021">
     <span class='ocr_line' id='line_1_73' title="bbox 2078 2945 3673 3021; baseline -0.004 -16"><span class='ocrx_word' id='word_1_474' title='bbox 2078 2949 2335 3021; x_wconf 89' lang='lat' dir='ltr'><strong>amplecti</strong></span> <span class='ocrx_word' id='word_1_475' title='bbox 2371 2966 2498 3005; x_wconf 92' lang='lat' dir='ltr'><strong>cum</strong></span> <span class='ocrx_word' id='word_1_476' title='bbox 2545 2950 2844 3014; x_wconf 85' lang='lat' dir='ltr'><strong>Romanis,</strong></span> <span class='ocrx_word' id='word_1_477' title='bbox 2894 2956 2952 3003; x_wconf 91' lang='lat' dir='ltr'><strong>et</strong></span> <span class='ocrx_word' id='word_1_478' title='bbox 3002 2954 3061 3000; x_wconf 94' lang='lat' dir='ltr'><strong>ut</strong></span> <span class='ocrx_word' id='word_1_479' title='bbox 3113 2945 3261 3000; x_wconf 84' lang='lat' dir='ltr'><strong>illam</strong></span> <span class='ocrx_word' id='word_1_480' title='bbox 3312 2951 3673 3014; x_wconf 85' lang='lat' dir='ltr'><strong>componant,</strong></span> 
     </span>
    </p>
   </div>
   <div class='ocr_carea' id='block_1_74' title="bbox 2079 3038 3676 3116">
    <p class='ocr_par' dir='ltr' id='par_1_74' title="bbox 2079 3038 3676 3116">
     <span class='ocr_line' id='line_1_74' title="bbox 2079 3038 3676 3116; baseline -0.003 -17"><span class='ocrx_word' id='word_1_481' title='bbox 2079 3045 2351 3116; x_wconf 88' lang='lat' dir='ltr'><strong>promptis</strong></span> <span class='ocrx_word' id='word_1_482' title='bbox 2389 3044 2592 3099; x_wconf 91' lang='lat' dir='ltr'><strong>animis</strong></span> <span class='ocrx_word' id='word_1_483' title='bbox 2627 3059 2784 3109; x_wconf 89' lang='lat' dir='ltr'><strong>esse;</strong></span> <span class='ocrx_word' id='word_1_484' title='bbox 2819 3057 3001 3113; x_wconf 89' lang='lat' dir='ltr'><strong>neque</strong></span> <span class='ocrx_word' id='word_1_485' title='bbox 3028 3039 3083 3094; x_wconf 90' lang='lat' dir='ltr'><strong>id</strong></span> <span class='ocrx_word' id='word_1_486' title='bbox 3121 3038 3308 3104; x_wconf 89' lang='lat' dir='ltr'><strong>modo,</strong></span> <span class='ocrx_word' id='word_1_487' title='bbox 3340 3038 3435 3094; x_wconf 88' lang='lat' dir='ltr'><strong>sed</strong></span> <span class='ocrx_word' id='word_1_488' title='bbox 3475 3046 3539 3105; x_wconf 85' lang='lat' dir='ltr'><strong>et</strong></span> <span class='ocrx_word' id='word_1_489' title='bbox 3569 3054 3676 3094; x_wconf 76' lang='lat' dir='ltr'><strong>nu-</strong></span> 
     </span>
    </p>
   </div>
   <div class='ocr_carea' id='block_1_75' title="bbox 2005 3131 3678 3215">
    <p class='ocr_par' dir='ltr' id='par_1_75' title="bbox 2005 3131 3678 3215">
     <span class='ocr_line' id='line_1_75' title="bbox 2005 3131 3678 3215; baseline -0.004 -21"><span class='ocrx_word' id='word_1_490' title='bbox 2005 3155 2050 3215; x_wconf 76' lang='lat' dir='ltr'><strong>c</strong></span> <span class='ocrx_word' id='word_1_491' title='bbox 2081 3139 2321 3209; x_wconf 89' lang='lat' dir='ltr'><strong>ptiarum</strong></span> <span class='ocrx_word' id='word_1_492' title='bbox 2355 3138 2586 3204; x_wconf 68' lang='lat' dir='ltr'><strong>foedera,</strong></span> <span class='ocrx_word' id='word_1_493' title='bbox 2628 3136 2761 3193; x_wconf 90' lang='lat' dir='ltr'><strong>dum</strong></span> <span class='ocrx_word' id='word_1_494' title='bbox 2792 3136 2903 3192; x_wconf 87' lang='lat' dir='ltr'><strong>illis</strong></span> <span class='ocrx_word' id='word_1_495' title='bbox 2932 3134 3213 3197; x_wconf 88' lang='lat' dir='ltr'><strong>adlubeat,</strong></span> <span class='ocrx_word' id='word_1_496' title='bbox 3255 3148 3381 3187; x_wconf 91' lang='lat' dir='ltr'><strong>cum</strong></span> <span class='ocrx_word' id='word_1_497' title='bbox 3409 3131 3678 3188; x_wconf 80' lang='lat' dir='ltr'><strong>Romanis</strong></span> 
     </span>
    </p>
   </div>
   <div class='ocr_carea' id='block_1_76' title="bbox 2082 3232 2581 3289">
    <p class='ocr_par' dir='ltr' id='par_1_76' title="bbox 2082 3232 2581 3289">
     <span class='ocr_line' id='line_1_76' title="bbox 2082 3232 2581 3289; baseline -0.008 0"><span class='ocrx_word' id='word_1_498' title='bbox 2082 3248 2142 3289; x_wconf 88' lang='lat' dir='ltr'><strong>se</strong></span> <span class='ocrx_word' id='word_1_499' title='bbox 2165 3247 2289 3289; x_wconf 88' lang='lat' dir='ltr'><strong>esse</strong></span> <span class='ocrx_word' id='word_1_500' title='bbox 2318 3232 2581 3287; x_wconf 86' lang='lat' dir='ltr'><strong>inituros.</strong></span> 
     </span>
    </p>
   </div>
   <div class='ocr_carea' id='block_1_77' title="bbox 2150 3318 3678 3394">
    <p class='ocr_par' dir='ltr' id='par_1_77' title="bbox 2150 3318 3678 3394">
     <span class='ocr_line' id='line_1_77' title="bbox 2150 3318 3678 3394; baseline -0.004 -14"><span class='ocrx_word' id='word_1_501' title='bbox 2150 3326 2241 3380; x_wconf 85' lang='lat'><strong>&#39;50.</strong></span> <span class='ocrx_word' id='word_1_502' title='bbox 2273 3325 2594 3381; x_wconf 80' lang='lat' dir='ltr'><strong>Istiusmodi</strong></span> <span class='ocrx_word' id='word_1_503' title='bbox 2636 3324 2824 3394; x_wconf 90' lang='lat' dir='ltr'><strong>itaque</strong></span> <span class='ocrx_word' id='word_1_504' title='bbox 2874 3322 3147 3379; x_wconf 84' lang='lat' dir='ltr'><strong>monacho</strong></span> <span class='ocrx_word' id='word_1_505' title='bbox 3182 3318 3557 3391; x_wconf 88' lang='lat' dir='ltr'><strong>placidissime</strong></span> <span class='ocrx_word' id='word_1_506' title='bbox 3584 3333 3678 3374; x_wconf 82' lang='lat' dir='ltr'><strong>re-</strong></span> 
     </span>
    </p>
   </div>
   <div class='ocr_carea' id='block_1_78' title="bbox 2083 3411 3678 3489">
    <p class='ocr_par' dir='ltr' id='par_1_78' title="bbox 2083 3411 3678 3489">
     <span class='ocr_line' id='line_1_78' title="bbox 2083 3411 3678 3489; baseline -0.006 -14"><span class='ocrx_word' id='word_1_507' title='bbox 2083 3429 2268 3489; x_wconf 88' lang='lat' dir='ltr'><strong>cepto,</strong></span> <span class='ocrx_word' id='word_1_508' title='bbox 2332 3417 2598 3473; x_wconf 88' lang='lat' dir='ltr'><strong>continuo</strong></span> <span class='ocrx_word' id='word_1_509' title='bbox 2651 3417 2959 3486; x_wconf 86' lang='lat' dir='ltr'><strong>imperator</strong></span> <span class='ocrx_word' id='word_1_510' title='bbox 3007 3413 3384 3469; x_wconf 88' lang='lat' dir='ltr'><strong>Theodosium</strong></span> <span class='ocrx_word' id='word_1_511' title='bbox 3430 3411 3678 3466; x_wconf 84' lang='lat' dir='ltr'><strong>Abucem</strong></span> 
     </span>
    </p>
   </div>
   <div class='ocr_carea' id='block_1_79' title="bbox 2086 3502 3683 3578">
    <p class='ocr_par' dir='ltr' id='par_1_79' title="bbox 2086 3502 3683 3578">
     <span class='ocr_line' id='line_1_79' title="bbox 2086 3502 3683 3578; baseline -0.005 -14"><span class='ocrx_word' id='word_1_512' title='bbox 2086 3509 2420 3564; x_wconf 88' lang='lat' dir='ltr'><strong>monachum</strong></span> <span class='ocrx_word' id='word_1_513' title='bbox 2452 3504 2616 3578; x_wconf 76' lang='lat'><strong>905</strong></span> <span class='ocrx_word' id='word_1_514' title='bbox 2643 3514 2699 3562; x_wconf 90' lang='lat' dir='ltr'><strong>et</strong></span> <span class='ocrx_word' id='word_1_515' title='bbox 2731 3506 3155 3561; x_wconf 78' lang='lat' dir='ltr'><strong>Constantinum</strong></span> <span class='ocrx_word' id='word_1_516' title='bbox 3186 3502 3489 3566; x_wconf 82' lang='lat' dir='ltr'><strong>Rhodium,</strong></span> <span class='ocrx_word' id='word_1_517' title='bbox 3516 3502 3683 3557; x_wconf 82' lang='lat' dir='ltr'><strong>cleri-</strong></span> 
     </span>
    </p>
   </div>
   <div class='ocr_carea' id='block_1_80' title="bbox 2086 3585 3682 3671">
    <p class='ocr_par' dir='ltr' id='par_1_80' title="bbox 2086 3585 3682 3671">
     <span class='ocr_line' id='line_1_80' title="bbox 2086 3585 3682 3671; baseline -0.009 -15"><span class='ocrx_word' id='word_1_518' title='bbox 2086 3617 2211 3657; x_wconf 90' lang='lat' dir='ltr'><strong>cum</strong></span> <span class='ocrx_word' id='word_1_519' title='bbox 2275 3601 2609 3671; x_wconf 87' lang='lat' dir='ltr'><strong>palatinum,</strong></span> <span class='ocrx_word' id='word_1_520' title='bbox 2668 3614 2794 3654; x_wconf 91' lang='lat' dir='ltr'><strong>cum</strong></span> <span class='ocrx_word' id='word_1_521' title='bbox 2848 3598 3101 3667; x_wconf 82' lang='lat' dir='ltr'><strong>Bulgaris</strong></span> <span class='ocrx_word' id='word_1_522' title='bbox 3138 3595 3195 3649; x_wconf 90' lang='lat' dir='ltr'><strong>in</strong></span> <span class='ocrx_word' id='word_1_523' title='bbox 3232 3590 3560 3649; x_wconf 82' lang='lat' dir='ltr'><strong>Mesembria</strong></span> <span class='ocrx_word' id='word_1_524' title='bbox 3610 3585 3682 3641; x_wconf 82' lang='lat' dir='ltr'><strong>de</strong></span> 
     </span>
    </p>
   </div>
   <div class='ocr_carea' id='block_1_81' title="bbox 2086 3684 3686 3764">
    <p class='ocr_par' dir='ltr' id='par_1_81' title="bbox 2086 3684 3686 3764">
     <span class='ocr_line' id='line_1_81' title="bbox 2086 3684 3686 3764; baseline -0.009 -16"><span class='ocrx_word' id='word_1_525' title='bbox 2086 3708 2223 3764; x_wconf 88' lang='lat' dir='ltr'><strong>pace</strong></span> <span class='ocrx_word' id='word_1_526' title='bbox 2280 3692 2658 3747; x_wconf 87' lang='lat' dir='ltr'><strong>collocuturos</strong></span> <span class='ocrx_word' id='word_1_527' title='bbox 2708 3689 2915 3745; x_wconf 89' lang='lat' dir='ltr'><strong>emisit.</strong></span> <span class='ocrx_word' id='word_1_528' title='bbox 2975 3688 3243 3755; x_wconf 86' lang='lat' dir='ltr'><strong>Quicum</strong></span> <span class='ocrx_word' id='word_1_529' title='bbox 3293 3684 3576 3739; x_wconf 87' lang='lat' dir='ltr'><strong>venissent</strong></span> <span class='ocrx_word' id='word_1_530' title='bbox 3618 3694 3686 3735; x_wconf 89' lang='lat' dir='ltr'><strong>ac</strong></span> 
     </span>
    </p>
   </div>
   <div class='ocr_carea' id='block_1_82' title="bbox 2089 3779 3687 3854">
    <p class='ocr_par' dir='ltr' id='par_1_82' title="bbox 2089 3779 3687 3854">
     <span class='ocr_line' id='line_1_82' title="bbox 2089 3779 3687 3854; baseline -0.008 -15"><span class='ocrx_word' id='word_1_531' title='bbox 2089 3784 2366 3854; x_wconf 91' lang='lat' dir='ltr'><strong>colloquio</strong></span> <span class='ocrx_word' id='word_1_532' title='bbox 2412 3782 2602 3836; x_wconf 87' lang='lat' dir='ltr'><strong>habito</strong></span> <span class='ocrx_word' id='word_1_533' title='bbox 2654 3797 2769 3835; x_wconf 93' lang='lat' dir='ltr'><strong>rem</strong></span> <span class='ocrx_word' id='word_1_534' title='bbox 2805 3779 3095 3834; x_wconf 88' lang='lat' dir='ltr'><strong>commode</strong></span> <span class='ocrx_word' id='word_1_535' title='bbox 3131 3783 3483 3839; x_wconf 67' lang='lat' dir='ltr'><strong>tractassem,</strong></span> <span class='ocrx_word' id='word_1_536' title='bbox 3534 3782 3687 3828; x_wconf 86' lang='lat' dir='ltr'><strong>terra</strong></span> 
     </span>
    </p>
   </div>
   <div class='ocr_carea' id='block_1_83' title="bbox 2090 3864 3687 3942">
    <p class='ocr_par' dir='ltr' id='par_1_83' title="bbox 2090 3864 3687 3942">
     <span class='ocr_line' id='line_1_83' title="bbox 2090 3864 3687 3942; baseline -0.008 -13"><span class='ocrx_word' id='word_1_537' title='bbox 2090 3876 2197 3931; x_wconf 86' lang='lat' dir='ltr'><strong>iter</strong></span> <span class='ocrx_word' id='word_1_538' title='bbox 2246 3876 2516 3929; x_wconf 80' lang='lat' dir='ltr'><strong>habentes</strong></span> <span class='ocrx_word' id='word_1_539' title='bbox 2554 3874 2720 3927; x_wconf 86' lang='lat' dir='ltr'><strong>Petro</strong></span> <span class='ocrx_word' id='word_1_540' title='bbox 2766 3873 3005 3942; x_wconf 83' lang='lat' dir='ltr'><strong>Bulgaro</strong></span> <span class='ocrx_word' id='word_1_541' title='bbox 3058 3870 3170 3924; x_wconf 89' lang='lat' dir='ltr'><strong>illis</strong></span> <span class='ocrx_word' id='word_1_542' title='bbox 3204 3869 3407 3924; x_wconf 88' lang='lat' dir='ltr'><strong>comite</strong></span> <span class='ocrx_word' id='word_1_543' title='bbox 3441 3864 3687 3920; x_wconf 87' lang='lat' dir='ltr'><strong>rediere.</strong></span> 
     </span>
    </p>
   </div>
   <div class='ocr_carea' id='block_1_84' title="bbox 2089 3958 3686 4034">
    <p class='ocr_par' dir='ltr' id='par_1_84' title="bbox 2089 3958 3686 4034">
     <span class='ocr_line' id='line_1_84' title="bbox 2089 3958 3686 4034; baseline -0.011 -10"><span class='ocrx_word' id='word_1_544' title='bbox 2089 3969 2221 4023; x_wconf 86' lang='lat' dir='ltr'><strong>Post</strong></span> <span class='ocrx_word' id='word_1_545' title='bbox 2275 3968 2378 4021; x_wconf 86' lang='lat' dir='ltr'><strong>hos</strong></span> <span class='ocrx_word' id='word_1_546' title='bbox 2421 3967 2588 4021; x_wconf 86' lang='lat' dir='ltr'><strong>etiam</strong></span> <span class='ocrx_word' id='word_1_547' title='bbox 2638 3964 2912 4034; x_wconf 83' lang='lat' dir='ltr'><strong>Georgius</strong></span> <span class='ocrx_word' id='word_1_548' title='bbox 2963 3960 3313 4017; x_wconf 85' lang='lat' dir='ltr'><strong>Sursubulus</strong></span> <span class='ocrx_word' id='word_1_549' title='bbox 3348 3958 3686 4013; x_wconf 89' lang='lat' dir='ltr'><strong>subsecutus</strong></span> 
     </span>
    </p>
   </div>
   <div class='ocr_carea' id='block_1_85' title="bbox 2090 4049 3687 4129">
    <p class='ocr_par' dir='ltr' id='par_1_85' title="bbox 2090 4049 3687 4129">
     <span class='ocr_line' id='line_1_85' title="bbox 2090 4049 3687 4129; baseline -0.01 -13"><span class='ocrx_word' id='word_1_550' title='bbox 2090 4070 2212 4128; x_wconf 85' lang='lat' dir='ltr'><strong>est;</strong></span> <span class='ocrx_word' id='word_1_551' title='bbox 2251 4075 2489 4129; x_wconf 90' lang='lat' dir='ltr'><strong>cumque</strong></span> <span class='ocrx_word' id='word_1_552' title='bbox 2530 4060 2584 4113; x_wconf 91' lang='lat' dir='ltr'><strong>in</strong></span> <span class='ocrx_word' id='word_1_553' title='bbox 2634 4058 2827 4113; x_wconf 85' lang='lat' dir='ltr'><strong>urbem</strong></span> <span class='ocrx_word' id='word_1_554' title='bbox 2862 4056 3167 4119; x_wconf 81' lang='lat' dir='ltr'><strong>venissent,</strong></span> <span class='ocrx_word' id='word_1_555' title='bbox 3210 4066 3403 4124; x_wconf 89' lang='lat' dir='ltr'><strong>pacem</strong></span> <span class='ocrx_word' id='word_1_556' title='bbox 3433 4049 3687 4104; x_wconf 77' lang='lat' dir='ltr'><strong>inierunt</strong></span> 
     </span>
    </p>
   </div>
   <div class='ocr_carea' id='block_1_86' title="bbox 2092 4146 3687 4224">
    <p class='ocr_par' dir='ltr' id='par_1_86' title="bbox 2092 4146 3687 4224">
     <span class='ocr_line' id='line_1_86' title="bbox 2092 4146 3687 4224; baseline -0.009 -13"><span class='ocrx_word' id='word_1_557' title='bbox 2092 4171 2157 4211; x_wconf 91' lang='lat' dir='ltr'><strong>ac</strong></span> <span class='ocrx_word' id='word_1_558' title='bbox 2186 4170 2311 4209; x_wconf 88' lang='lat' dir='ltr'><strong>cum</strong></span> <span class='ocrx_word' id='word_1_559' title='bbox 2338 4154 2672 4224; x_wconf 86' lang='lat' dir='ltr'><strong>imperatore</strong></span> <span class='ocrx_word' id='word_1_560' title='bbox 2700 4151 2904 4221; x_wconf 82' lang='lat' dir='ltr'><strong>pacisci</strong></span> <span class='ocrx_word' id='word_1_561' title='bbox 2934 4149 3238 4219; x_wconf 69' lang='lat' dir='ltr'><strong>pqtierunt.</strong></span> <span class='ocrx_word' id='word_1_562' title='bbox 3265 4146 3687 4214; x_wconf 76' lang='lat' dir='ltr'><strong>Conspectaque</strong></span> 
     </span>
    </p>
   </div>
   <div class='ocr_carea' id='block_1_87' title="bbox 2092 4234 3687 4316">
    <p class='ocr_par' dir='ltr' id='par_1_87' title="bbox 2092 4234 3687 4316">
     <span class='ocr_line' id='line_1_87' title="bbox 2092 4234 3687 4316; baseline -0.008 -13"><span class='ocrx_word' id='word_1_563' title='bbox 2092 4248 2261 4303; x_wconf 80' lang='lat' dir='ltr'><strong>Maria</strong></span> <span class='ocrx_word' id='word_1_564' title='bbox 2291 4244 2684 4316; x_wconf 88' lang='lat' dir='ltr'><strong>Christophori</strong></span> <span class='ocrx_word' id='word_1_565' title='bbox 2722 4244 2855 4308; x_wconf 82' lang='lat' dir='ltr'><strong>ﬁlia,</strong></span> <span class='ocrx_word' id='word_1_566' title='bbox 2878 4244 3110 4313; x_wconf 85' lang='lat' dir='ltr'><strong>ejusque</strong></span> <span class='ocrx_word' id='word_1_567' title='bbox 3159 4238 3460 4309; x_wconf 80' lang='lat' dir='ltr'><strong>plurimum</strong></span> <span class='ocrx_word' id='word_1_568' title='bbox 3501 4234 3687 4305; x_wconf 86' lang='lat' dir='ltr'><strong>specie</strong></span> 
     </span>
    </p>
   </div>
   <div class='ocr_carea' id='block_1_88' title="bbox 2093 4330 3690 4411">
    <p class='ocr_par' dir='ltr' id='par_1_88' title="bbox 2093 4330 3690 4411">
     <span class='ocr_line' id='line_1_88' title="bbox 2093 4330 3690 4411; baseline -0.008 -15"><span class='ocrx_word' id='word_1_569' title='bbox 2093 4341 2383 4411; x_wconf 79' lang='lat' dir='ltr'><strong>formaque</strong></span> <span class='ocrx_word' id='word_1_570' title='bbox 2414 4337 2701 4403; x_wconf 89' lang='lat' dir='ltr'><strong>oblectati,</strong></span> <span class='ocrx_word' id='word_1_571' title='bbox 2739 4338 2927 4401; x_wconf 83' lang='lat' dir='ltr'><strong>Petro,</strong></span> <span class='ocrx_word' id='word_1_572' title='bbox 2966 4345 3027 4391; x_wconf 94' lang='lat' dir='ltr'><strong>ut</strong></span> <span class='ocrx_word' id='word_1_573' title='bbox 3070 4350 3235 4406; x_wconf 88' lang='lat' dir='ltr'><strong>quam</strong></span> <span class='ocrx_word' id='word_1_574' title='bbox 3275 4330 3566 4388; x_wconf 88' lang='lat' dir='ltr'><strong>celerrime</strong></span> <span class='ocrx_word' id='word_1_575' title='bbox 3590 4345 3690 4384; x_wconf 88' lang='lat' dir='ltr'><strong>ve-</strong></span> 
     </span>
    </p>
   </div>
   <div class='ocr_carea' id='block_1_89' title="bbox 394 4427 1973 4505">
    <p class='ocr_par' dir='ltr' id='par_1_89' title="bbox 394 4427 1973 4505">
     <span class='ocr_line' id='line_1_89' title="bbox 394 4427 1973 4505; baseline 0.004 -22"><span class='ocrx_word' id='word_1_576' title='bbox 394 4427 642 4501; x_wconf 66' lang='grc' dir='ltr'>ἔγραψαν</span> <span class='ocrx_word' id='word_1_577' title='bbox 661 4428 739 4500; x_wconf 82' lang='grc' dir='ltr'>τῷ</span> <span class='ocrx_word' id='word_1_578' title='bbox 753 4432 946 4502; x_wconf 84' lang='grc' dir='ltr'>Πέτρῳ</span> <span class='ocrx_word' id='word_1_579' title='bbox 965 4432 1050 4485; x_wconf 75' lang='grc' dir='ltr'>διὰ</span> <span class='ocrx_word' id='word_1_580' title='bbox 1065 4432 1261 4504; x_wconf 81' lang='grc' dir='ltr'>τάχους</span> <span class='ocrx_word' id='word_1_581' title='bbox 1277 4435 1707 4505; x_wconf 81' lang='grc' dir='ltr'>παραγενέσθαι,</span> <span class='ocrx_word' id='word_1_582' title='bbox 1723 4435 1973 4505; x_wconf 69' lang='grc' dir='ltr'>σύμφωνα</span> 
     </span>
    </p>
   </div>
   <div class='ocr_carea' id='block_1_90' title="bbox 2075 4427 3689 4505">
    <p class='ocr_par' dir='ltr' id='par_1_90' title="bbox 2093 4430 3689 4504">
     <span class='ocr_line' id='line_1_90' title="bbox 2093 4430 3689 4504; baseline -0.008 -15"><span class='ocrx_word' id='word_1_583' title='bbox 2093 4435 2266 4500; x_wconf 87' lang='lat' dir='ltr'><strong>niret,</strong></span> <span class='ocrx_word' id='word_1_584' title='bbox 2300 4436 2595 4504; x_wconf 85' lang='lat' dir='ltr'><strong>scripsere,</strong></span> <span class='ocrx_word' id='word_1_585' title='bbox 2634 4448 2759 4489; x_wconf 87' lang='lat' dir='ltr'><strong>cum</strong></span> <span class='ocrx_word' id='word_1_586' title='bbox 2807 4431 2959 4486; x_wconf 62' lang='lat' dir='ltr'><strong>initae</strong></span> <span class='ocrx_word' id='word_1_587' title='bbox 3004 4430 3159 4501; x_wconf 88' lang='lat' dir='ltr'><strong>pacis</strong></span> <span class='ocrx_word' id='word_1_588' title='bbox 3204 4436 3363 4501; x_wconf 86' lang='lat' dir='ltr'><strong>pacta</strong></span> <span class='ocrx_word' id='word_1_589' title='bbox 3394 4435 3523 4482; x_wconf 86' lang='lat' dir='ltr'><strong>ante</strong></span> <span class='ocrx_word' id='word_1_590' title='bbox 3554 4438 3689 4497; x_wconf 81' lang='lat' dir='ltr'><strong>per-</strong></span> 
     </span>
    </p>
   </div>
   <div class='ocr_carea' id='block_1_91' title="bbox 395 4503 1973 4600">
    <p class='ocr_par' dir='ltr' id='par_1_91' title="bbox 395 4503 1966 4600">
     <span class='ocr_line' id='line_1_91' title="bbox 395 4503 1966 4600; baseline 0.006 -27"><span class='ocrx_word' id='word_1_591' title='bbox 395 4526 726 4591; x_wconf 79' lang='grc' dir='ltr'>ποιήσαντες</span> <span class='ocrx_word' id='word_1_592' title='bbox 763 4524 1033 4596; x_wconf 83' lang='grc' dir='ltr'>πρότερον</span> <span class='ocrx_word' id='word_1_593' title='bbox 1082 4503 1216 4595; x_wconf 78' lang='grc' dir='ltr'>περὶ</span> <span class='ocrx_word' id='word_1_594' title='bbox 1254 4503 1369 4597; x_wconf 76' lang='grc' dir='ltr'><strong>τῆς</strong></span> <span class='ocrx_word' id='word_1_595' title='bbox 1397 4527 1689 4595; x_wconf 78' lang='grc' dir='ltr'>γεγονυίας</span> <span class='ocrx_word' id='word_1_596' title='bbox 1740 4503 1966 4600; x_wconf 82' lang='grc' dir='ltr'>εἰρήνης</span> 
     </span>
    </p>
   </div>
   <div class='ocr_carea' id='block_1_92' title="bbox 2075 4503 2418 4600">
    <p class='ocr_par' dir='ltr' id='par_1_92' title="bbox 2075 4529 2418 4583">
     <span class='ocr_line' id='line_1_92' title="bbox 2075 4529 2418 4583; baseline 0.003 -1"><span class='ocrx_word' id='word_1_597' title='bbox 2075 4554 2082 4560; x_wconf 95' lang='grc'><strong><em>-</em></strong></span> <span class='ocrx_word' id='word_1_598' title='bbox 2099 4529 2418 4583; x_wconf 88' lang='lat' dir='ltr'><strong>cussisscnt.</strong></span> 
     </span>
    </p>
   </div>
   <div class='ocr_carea' id='block_1_93' title="bbox 470 4609 1973 4692">
    <p class='ocr_par' dir='ltr' id='par_1_93' title="bbox 470 4613 1973 4692">
     <span class='ocr_line' id='line_1_93' title="bbox 470 4613 1973 4692; baseline 0.005 -24"><span class='ocrx_word' id='word_1_599' title='bbox 470 4613 573 4669; x_wconf 88' lang='grc' dir='ltr'>λα’.</span> <span class='ocrx_word' id='word_1_600' title='bbox 622 4616 929 4686; x_wconf 82' lang='grc' dir='ltr'>Ἀπεστάλη</span> <span class='ocrx_word' id='word_1_601' title='bbox 965 4616 1021 4669; x_wconf 82' lang='grc' dir='ltr'><strong>δὲ</strong></span> <span class='ocrx_word' id='word_1_602' title='bbox 1054 4617 1305 4689; x_wconf 85' lang='grc' dir='ltr'>Νικήτας</span> <span class='ocrx_word' id='word_1_603' title='bbox 1343 4618 1642 4690; x_wconf 86' lang='grc' dir='ltr'>μάγιστρος</span> <span class='ocrx_word' id='word_1_604' title='bbox 1674 4621 1704 4673; x_wconf 90' lang='lat'><strong>6</strong></span> <span class='ocrx_word' id='word_1_605' title='bbox 1739 4623 1973 4692; x_wconf 82' lang='grc' dir='ltr'>συμπέν‹</span> 
     </span>
    </p>
   </div>
   <div class='ocr_carea' id='block_1_94' title="bbox 2075 4609 3692 4692">
    <p class='ocr_par' dir='ltr' id='par_1_94' title="bbox 2169 4609 3692 4685">
     <span class='ocr_line' id='line_1_94' title="bbox 2169 4609 3692 4685; baseline -0.008 -10"><span class='ocrx_word' id='word_1_606' title='bbox 2169 4620 2259 4675; x_wconf 78' lang='lat' dir='ltr'><strong>5i.</strong></span> <span class='ocrx_word' id='word_1_607' title='bbox 2286 4619 2487 4674; x_wconf 80' lang='lat' dir='ltr'><strong>Missus</strong></span> <span class='ocrx_word' id='word_1_608' title='bbox 2515 4632 2649 4673; x_wconf 83' lang='lat' dir='ltr'><strong>vero</strong></span> <span class='ocrx_word' id='word_1_609' title='bbox 2670 4625 2762 4673; x_wconf 77' lang='lat' dir='ltr'><strong>est</strong></span> <span class='ocrx_word' id='word_1_610' title='bbox 2794 4624 2848 4671; x_wconf 88' lang='lat' dir='ltr'><strong>et</strong></span> <span class='ocrx_word' id='word_1_611' title='bbox 2876 4615 3099 4671; x_wconf 87' lang='lat' dir='ltr'><strong>Nicetas</strong></span> <span class='ocrx_word' id='word_1_612' title='bbox 3134 4615 3420 4685; x_wconf 75' lang='lat' dir='ltr'><strong>magister,</strong></span> <span class='ocrx_word' id='word_1_613' title='bbox 3451 4609 3692 4668; x_wconf 87' lang='lat' dir='ltr'><strong>Romani</strong></span> 
     </span>
    </p>
   </div>
   <div class='ocr_carea' id='block_1_95' title="bbox 398 4694 1973 4783">
    <p class='ocr_par' dir='ltr' id='par_1_95' title="bbox 398 4694 1973 4783">
     <span class='ocr_line' id='line_1_95' title="bbox 398 4694 1973 4783; baseline 0.003 -21"><span class='ocrx_word' id='word_1_614' title='bbox 398 4710 558 4779; x_wconf 86' lang='grc' dir='ltr'>θερος</span> <span class='ocrx_word' id='word_1_615' title='bbox 603 4694 888 4780; x_wconf 76' lang='grc' dir='ltr'>Ῥωμανοῦ</span> <span class='ocrx_word' id='word_1_616' title='bbox 939 4709 1208 4779; x_wconf 83' lang='grc' dir='ltr'>βασιλέως</span> <span class='ocrx_word' id='word_1_617' title='bbox 1256 4711 1566 4781; x_wconf 83' lang='grc' dir='ltr'>ὑπαντῆσαι</span> <span class='ocrx_word' id='word_1_618' title='bbox 1618 4714 1714 4767; x_wconf 74' lang='grc' dir='ltr'><strong>καὶ</strong></span> <span class='ocrx_word' id='word_1_619' title='bbox 1760 4714 1973 4783; x_wconf 57' lang='grc' dir='ltr'>ἀγαγεῖι</span> 
     </span>
    </p>
   </div>
   <div class='ocr_carea' id='block_1_96' title="bbox 2075 4694 3691 4783">
    <p class='ocr_par' dir='ltr' id='par_1_96' title="bbox 2101 4706 3691 4783">
     <span class='ocr_line' id='line_1_96' title="bbox 2101 4706 3691 4783; baseline -0.007 -15"><span class='ocrx_word' id='word_1_620' title='bbox 2101 4711 2457 4783; x_wconf 90' lang='lat' dir='ltr'><strong>imperatoris</strong></span> <span class='ocrx_word' id='word_1_621' title='bbox 2509 4725 2797 4773; x_wconf 85' lang='lat' dir='ltr'><strong>consocer,</strong></span> <span class='ocrx_word' id='word_1_622' title='bbox 2836 4708 2931 4778; x_wconf 89' lang='lat' dir='ltr'><strong>qui</strong></span> <span class='ocrx_word' id='word_1_623' title='bbox 2975 4708 3196 4763; x_wconf 82' lang='lat' dir='ltr'><strong>obviam</strong></span> <span class='ocrx_word' id='word_1_624' title='bbox 3230 4707 3337 4762; x_wconf 91' lang='lat' dir='ltr'><strong>iret</strong></span> <span class='ocrx_word' id='word_1_625' title='bbox 3366 4722 3431 4761; x_wconf 88' lang='lat' dir='ltr'><strong>ac</strong></span> <span class='ocrx_word' id='word_1_626' title='bbox 3461 4706 3691 4762; x_wconf 83' lang='lat' dir='ltr'><strong>Petrum</strong></span> 
     </span>
    </p>
   </div>
   <div class='ocr_carea' id='block_1_97' title="bbox 401 4798 1973 4875">
    <p class='ocr_par' dir='ltr' id='par_1_97' title="bbox 401 4801 1968 4875">
     <span class='ocr_line' id='line_1_97' title="bbox 401 4801 1968 4875; baseline 0.003 -18"><span class='ocrx_word' id='word_1_627' title='bbox 401 4802 612 4874; x_wconf 82' lang='grc' dir='ltr'>Πέτρον</span> <span class='ocrx_word' id='word_1_628' title='bbox 652 4802 818 4873; x_wconf 83' lang='grc' dir='ltr'>μέχρι</span> <span class='ocrx_word' id='word_1_629' title='bbox 865 4802 967 4872; x_wconf 80' lang='grc' dir='ltr'>τῆς</span> <span class='ocrx_word' id='word_1_630' title='bbox 999 4801 1227 4866; x_wconf 85' lang='grc' dir='ltr'>πόλεως.</span> <span class='ocrx_word' id='word_1_631' title='bbox 1260 4802 1369 4856; x_wconf 82' lang='grc' dir='ltr'>Τοῦ</span> <span class='ocrx_word' id='word_1_632' title='bbox 1411 4802 1725 4875; x_wconf 85' lang='grc' dir='ltr'>Βουλγάρου</span> <span class='ocrx_word' id='word_1_633' title='bbox 1760 4804 1854 4861; x_wconf 83' lang='grc' dir='ltr'>οὖν</span> <span class='ocrx_word' id='word_1_634' title='bbox 1891 4808 1968 4861; x_wconf 87' lang='grc' dir='ltr'><strong>Πέ</strong></span> 
     </span>
    </p>
   </div>
   <div class='ocr_carea' id='block_1_98' title="bbox 2075 4798 3696 4875">
    <p class='ocr_par' dir='ltr' id='par_1_98' title="bbox 2095 4798 3696 4872">
     <span class='ocr_line' id='line_1_98' title="bbox 2095 4798 3696 4872; baseline -0.007 -11"><span class='ocrx_word' id='word_1_635' title='bbox 2095 4806 2165 4861; x_wconf 87' lang='lat' dir='ltr'><strong>ad</strong></span> <span class='ocrx_word' id='word_1_636' title='bbox 2204 4805 2400 4859; x_wconf 89' lang='lat' dir='ltr'><strong>urbem</strong></span> <span class='ocrx_word' id='word_1_637' title='bbox 2455 4817 2629 4872; x_wconf 86' lang='lat' dir='ltr'><strong>usque</strong></span> <span class='ocrx_word' id='word_1_638' title='bbox 2661 4802 2915 4857; x_wconf 84' lang='lat' dir='ltr'><strong>duceret.</strong></span> <span class='ocrx_word' id='word_1_639' title='bbox 2950 4798 3149 4855; x_wconf 82' lang='lat' dir='ltr'><strong>Petrus</strong></span> <span class='ocrx_word' id='word_1_640' title='bbox 3195 4800 3382 4869; x_wconf 87' lang='lat' dir='ltr'><strong>itaque</strong></span> <span class='ocrx_word' id='word_1_641' title='bbox 3424 4798 3696 4868; x_wconf 76' lang='lat' dir='ltr'><strong>Bulgarus</strong></span> 
     </span>
    </p>
   </div>
   <div class='ocr_carea' id='block_1_99' title="bbox 399 4890 1973 4971">
    <p class='ocr_par' dir='ltr' id='par_1_99' title="bbox 399 4895 1973 4971">
     <span class='ocr_line' id='line_1_99' title="bbox 399 4895 1973 4971; baseline 0.001 -24"><span class='ocrx_word' id='word_1_642' title='bbox 399 4911 533 4963; x_wconf 83' lang='grc' dir='ltr'>τρου</span> <span class='ocrx_word' id='word_1_643' title='bbox 579 4895 1005 4960; x_wconf 84' lang='grc' dir='ltr'>καταλαϐόντος,</span> <span class='ocrx_word' id='word_1_644' title='bbox 1048 4898 1312 4971; x_wconf 83' lang='grc' dir='ltr'>τριήρους</span> <span class='ocrx_word' id='word_1_645' title='bbox 1348 4899 1379 4951; x_wconf 87' lang='lat'><strong>6</strong></span> <span class='ocrx_word' id='word_1_646' title='bbox 1417 4896 1674 4968; x_wconf 79' lang='grc' dir='ltr'>βασιλεὺς</span> <span class='ocrx_word' id='word_1_647' title='bbox 1714 4899 1973 4971; x_wconf 51' lang='grc' dir='ltr'>Ῥωμανὸι</span> 
     </span>
    </p>
   </div>
   <div class='ocr_carea' id='block_1_100' title="bbox 2075 4890 3695 4971">
    <p class='ocr_par' dir='ltr' id='par_1_100' title="bbox 2099 4890 3695 4961">
     <span class='ocr_line' id='line_1_100' title="bbox 2099 4890 3695 4961; baseline -0.009 -5"><span class='ocrx_word' id='word_1_648' title='bbox 2099 4917 2225 4957; x_wconf 93' lang='lat' dir='ltr'><strong>cum</strong></span> <span class='ocrx_word' id='word_1_649' title='bbox 2273 4899 2540 4959; x_wconf 77' lang='lat' dir='ltr'><strong>venisset,</strong></span> <span class='ocrx_word' id='word_1_650' title='bbox 2592 4911 2895 4952; x_wconf 85' lang='lat' dir='ltr'><strong>conscensa</strong></span> <span class='ocrx_word' id='word_1_651' title='bbox 2947 4895 3233 4949; x_wconf 86' lang='lat' dir='ltr'><strong>Romanus</strong></span> <span class='ocrx_word' id='word_1_652' title='bbox 3261 4893 3563 4961; x_wconf 88' lang='lat' dir='ltr'><strong>imperator</strong></span> <span class='ocrx_word' id='word_1_653' title='bbox 3594 4890 3695 4943; x_wconf 85' lang='lat' dir='ltr'><strong>tri-</strong></span> 
     </span>
    </p>
   </div>
   <div class='ocr_carea' id='block_1_101' title="bbox 401 4981 1973 5064">
    <p class='ocr_par' dir='ltr' id='par_1_101' title="bbox 401 4986 1973 5064">
     <span class='ocr_line' id='line_1_101' title="bbox 401 4986 1973 5064; baseline 0.004 -26"><span class='ocrx_word' id='word_1_654' title='bbox 401 4986 601 5050; x_wconf 75' lang='grc' dir='ltr'>ἐπιϐὰς</span> <span class='ocrx_word' id='word_1_655' title='bbox 619 4988 678 5040; x_wconf 83' lang='grc' dir='ltr'><strong>ἐν</strong></span> <span class='ocrx_word' id='word_1_656' title='bbox 710 4988 1042 5059; x_wconf 82' lang='grc' dir='ltr'>Βλαχέρναις</span> <span class='ocrx_word' id='word_1_657' title='bbox 1071 4990 1409 5060; x_wconf 82' lang='grc' dir='ltr'>παρεγένετο</span> <span class='ocrx_word' id='word_1_658' title='bbox 1442 4992 1537 5045; x_wconf 71' lang='grc' dir='ltr'><strong>καὶ</strong></span> <span class='ocrx_word' id='word_1_659' title='bbox 1564 4992 1656 5045; x_wconf 77' lang='grc' dir='ltr'>τὸν</span> <span class='ocrx_word' id='word_1_660' title='bbox 1693 4992 1898 5064; x_wconf 81' lang='grc' dir='ltr'>Πέτρον</span> <span class='ocrx_word' id='word_1_661' title='bbox 1920 4995 1973 5046; x_wconf 75' lang='grc' dir='ltr'>ὠ,</span> 
     </span>
    </p>
   </div>
   <div class='ocr_carea' id='block_1_102' title="bbox 2075 4981 3698 5064">
    <p class='ocr_par' dir='ltr' id='par_1_102' title="bbox 2106 4981 3698 5061">
     <span class='ocr_line' id='line_1_102' title="bbox 2106 4981 3698 5061; baseline -0.009 -10"><span class='ocrx_word' id='word_1_662' title='bbox 2106 5010 2256 5051; x_wconf 90' lang='lat' dir='ltr'><strong>reme</strong></span> <span class='ocrx_word' id='word_1_663' title='bbox 2279 4993 2613 5048; x_wconf 84' lang='lat' dir='ltr'><strong>Blachernas</strong></span> <span class='ocrx_word' id='word_1_664' title='bbox 2642 4990 2800 5061; x_wconf 88' lang='lat' dir='ltr'><strong>petit,</strong></span> <span class='ocrx_word' id='word_1_665' title='bbox 2830 5005 2893 5044; x_wconf 89' lang='lat' dir='ltr'><strong>ac</strong></span> <span class='ocrx_word' id='word_1_666' title='bbox 2926 4988 3003 5043; x_wconf 86' lang='lat' dir='ltr'><strong>ibi</strong></span> <span class='ocrx_word' id='word_1_667' title='bbox 3026 4988 3250 5042; x_wconf 84' lang='lat' dir='ltr'><strong>Petrum</strong></span> <span class='ocrx_word' id='word_1_668' title='bbox 3281 4985 3346 5038; x_wconf 88' lang='lat' dir='ltr'><strong>ad</strong></span> <span class='ocrx_word' id='word_1_669' title='bbox 3377 4999 3435 5038; x_wconf 90' lang='lat' dir='ltr'><strong>se</strong></span> <span class='ocrx_word' id='word_1_670' title='bbox 3465 4981 3698 5038; x_wconf 73' lang='lat' dir='ltr'><strong>veniem-</strong></span> 
     </span>
    </p>
   </div>
   <div class='ocr_carea' id='block_1_103' title="bbox 398 5072 1973 5157">
    <p class='ocr_par' dir='ltr' id='par_1_103' title="bbox 398 5079 1973 5157">
     <span class='ocr_line' id='line_1_103' title="bbox 398 5079 1973 5157; baseline 0.006 -26"><span class='ocrx_word' id='word_1_671' title='bbox 398 5079 567 5133; x_wconf 73' lang='grc' dir='ltr'>αὑτὸν</span> <span class='ocrx_word' id='word_1_672' title='bbox 619 5080 959 5149; x_wconf 81' lang='grc' dir='ltr'>ἀφικόμενον</span> <span class='ocrx_word' id='word_1_673' title='bbox 1014 5081 1281 5137; x_wconf 72' lang='grc' dir='ltr'>ἐθεάσατό</span> <span class='ocrx_word' id='word_1_674' title='bbox 1325 5100 1386 5137; x_wconf 79' lang='grc' dir='ltr'><strong>τε</strong></span> <span class='ocrx_word' id='word_1_675' title='bbox 1435 5084 1530 5139; x_wconf 73' lang='grc' dir='ltr'>καὶ</span> <span class='ocrx_word' id='word_1_676' title='bbox 1579 5086 1973 5157; x_wconf 83' lang='grc' dir='ltr'>κατησπάσατο</span> 
     </span>
    </p>
   </div>
   <div class='ocr_carea' id='block_1_104' title="bbox 2075 5072 3697 5157">
    <p class='ocr_par' dir='ltr' id='par_1_104' title="bbox 2105 5072 3697 5143">
     <span class='ocr_line' id='line_1_104' title="bbox 2105 5072 3697 5143; baseline -0.009 0"><span class='ocrx_word' id='word_1_677' title='bbox 2105 5096 2216 5143; x_wconf 90' lang='lat' dir='ltr'><strong>tem</strong></span> <span class='ocrx_word' id='word_1_678' title='bbox 2267 5093 2325 5142; x_wconf 92' lang='lat' dir='ltr'><strong>et</strong></span> <span class='ocrx_word' id='word_1_679' title='bbox 2353 5084 2497 5140; x_wconf 87' lang='lat' dir='ltr'><strong>vidit</strong></span> <span class='ocrx_word' id='word_1_680' title='bbox 2543 5091 2600 5139; x_wconf 90' lang='lat' dir='ltr'><strong>et</strong></span> <span class='ocrx_word' id='word_1_681' title='bbox 2633 5081 2825 5138; x_wconf 86' lang='lat' dir='ltr'><strong>osculo</strong></span> <span class='ocrx_word' id='word_1_682' title='bbox 2863 5079 3141 5135; x_wconf 84' lang='lat' dir='ltr'><strong>salutavit.</strong></span> <span class='ocrx_word' id='word_1_683' title='bbox 3173 5078 3326 5131; x_wconf 86' lang='lat' dir='ltr'><strong>Inter</strong></span> <span class='ocrx_word' id='word_1_684' title='bbox 3361 5089 3420 5131; x_wconf 87' lang='lat' dir='ltr'><strong>se</strong></span> <span class='ocrx_word' id='word_1_685' title='bbox 3460 5088 3596 5129; x_wconf 87' lang='lat' dir='ltr'><strong>vero</strong></span> <span class='ocrx_word' id='word_1_686' title='bbox 3628 5072 3697 5128; x_wconf 89' lang='lat' dir='ltr'><strong>de</strong></span> 
     </span>
    </p>
   </div>
   <div class='ocr_carea' id='block_1_105' title="bbox 414 5164 1973 5253">
    <p class='ocr_par' dir='ltr' id='par_1_105' title="bbox 414 5171 1970 5251">
     <span class='ocr_line' id='line_1_105' title="bbox 414 5171 1970 5251; baseline 0.005 -26"><span class='ocrx_word' id='word_1_687' title='bbox 414 5171 569 5225; x_wconf 79' lang='grc' dir='ltr'>Ἐπεὶ</span> <span class='ocrx_word' id='word_1_688' title='bbox 596 5172 653 5225; x_wconf 78' lang='grc' dir='ltr'>δὲ</span> <span class='ocrx_word' id='word_1_689' title='bbox 684 5172 941 5244; x_wconf 76' lang='grc' dir='ltr'>αλλήλοις</span> <span class='ocrx_word' id='word_1_690' title='bbox 981 5174 1047 5228; x_wconf 81' lang='grc' dir='ltr'>τὰ</span> <span class='ocrx_word' id='word_1_691' title='bbox 1075 5175 1267 5229; x_wconf 80' lang='grc' dir='ltr'>εἰκότα</span> <span class='ocrx_word' id='word_1_692' title='bbox 1309 5176 1720 5247; x_wconf 87' lang='grc' dir='ltr'>συνωμίλησαν,</span> <span class='ocrx_word' id='word_1_693' title='bbox 1752 5178 1970 5251; x_wconf 81' lang='grc' dir='ltr'>ύπογρά</span> 
     </span>
    </p>
   </div>
   <div class='ocr_carea' id='block_1_106' title="bbox 2075 5164 3701 5253">
    <p class='ocr_par' dir='ltr' id='par_1_106' title="bbox 2109 5164 3701 5253">
     <span class='ocr_line' id='line_1_106' title="bbox 2109 5164 3701 5253; baseline -0.01 -18"><span class='ocrx_word' id='word_1_694' title='bbox 2109 5178 2477 5253; x_wconf 83' lang='lat' dir='ltr'><strong>praesentibus</strong></span> <span class='ocrx_word' id='word_1_695' title='bbox 2522 5176 2762 5249; x_wconf 83' lang='lat' dir='ltr'><strong>negotiis</strong></span> <span class='ocrx_word' id='word_1_696' title='bbox 2814 5173 3141 5237; x_wconf 79' lang='lat' dir='ltr'><strong>collocatis,</strong></span> <span class='ocrx_word' id='word_1_697' title='bbox 3194 5164 3701 5239; x_wconf 81' lang='lat' dir='ltr'><strong>subscriptionibus</strong></span> 
     </span>
    </p>
   </div>
   <div class='ocr_carea' id='block_1_107' title="bbox 405 5262 1973 5343">
    <p class='ocr_par' dir='ltr' id='par_1_107' title="bbox 405 5266 1973 5343">
     <span class='ocr_line' id='line_1_107' title="bbox 405 5266 1973 5343; baseline 0.004 -25"><span class='ocrx_word' id='word_1_698' title='bbox 405 5282 601 5334; x_wconf 81' lang='grc' dir='ltr'>φονται</span> <span class='ocrx_word' id='word_1_699' title='bbox 626 5266 697 5319; x_wconf 84' lang='grc' dir='ltr'><strong>τά</strong></span> <span class='ocrx_word' id='word_1_700' title='bbox 740 5283 801 5320; x_wconf 84' lang='grc' dir='ltr'><strong>τε</strong></span> <span class='ocrx_word' id='word_1_701' title='bbox 849 5267 1119 5337; x_wconf 78' lang='grc' dir='ltr'>σύμφωνα</span> <span class='ocrx_word' id='word_1_702' title='bbox 1170 5268 1271 5337; x_wconf 81' lang='grc' dir='ltr'>τῆς</span> <span class='ocrx_word' id='word_1_703' title='bbox 1302 5270 1531 5341; x_wconf 85' lang='grc' dir='ltr'>εἰρήνης</span> <span class='ocrx_word' id='word_1_704' title='bbox 1560 5270 1749 5325; x_wconf 75' lang='grc' dir='ltr'>καὶτὰ</span> <span class='ocrx_word' id='word_1_705' title='bbox 1782 5288 1973 5343; x_wconf 74' lang='grc' dir='ltr'>γαμικε</span> 
     </span>
    </p>
   </div>
   <div class='ocr_carea' id='block_1_108' title="bbox 2075 5262 3699 5343">
    <p class='ocr_par' dir='ltr' id='par_1_108' title="bbox 2110 5262 3699 5342">
     <span class='ocr_line' id='line_1_108' title="bbox 2110 5262 3699 5342; baseline -0.008 -14"><span class='ocrx_word' id='word_1_706' title='bbox 2110 5273 2324 5328; x_wconf 87' lang='lat' dir='ltr'><strong>munita</strong></span> <span class='ocrx_word' id='word_1_707' title='bbox 2361 5279 2591 5342; x_wconf 86' lang='lat' dir='ltr'><strong>rataque</strong></span> <span class='ocrx_word' id='word_1_708' title='bbox 2625 5270 2814 5325; x_wconf 88' lang='lat' dir='ltr'><strong>habita</strong></span> <span class='ocrx_word' id='word_1_709' title='bbox 2846 5267 2995 5339; x_wconf 87' lang='lat' dir='ltr'><strong>pacis</strong></span> <span class='ocrx_word' id='word_1_710' title='bbox 3022 5265 3232 5337; x_wconf 89' lang='lat' dir='ltr'><strong>pariter</strong></span> <span class='ocrx_word' id='word_1_711' title='bbox 3264 5262 3699 5333; x_wconf 87' lang='lat' dir='ltr'><strong>nuptiarumque</strong></span> 
     </span>
    </p>
   </div>
   <div class='ocr_carea' id='block_1_109' title="bbox 407 5348 1973 5433">
    <p class='ocr_par' dir='ltr' id='par_1_109' title="bbox 407 5359 1968 5433">
     <span class='ocr_line' id='line_1_109' title="bbox 407 5359 1968 5433; baseline 0.006 -21"><span class='ocrx_word' id='word_1_712' title='bbox 407 5359 861 5430; x_wconf 83' lang='grc' dir='ltr'>συναλλάγματα,</span> <span class='ocrx_word' id='word_1_713' title='bbox 920 5361 1354 5433; x_wconf 77' lang='grc' dir='ltr'>μεσολαϐοὗντος</span> <span class='ocrx_word' id='word_1_714' title='bbox 1381 5364 1442 5418; x_wconf 80' lang='grc' dir='ltr'><strong>ἐν</strong></span> <span class='ocrx_word' id='word_1_715' title='bbox 1479 5363 1691 5429; x_wconf 88' lang='grc' dir='ltr'>τούτοις</span> <span class='ocrx_word' id='word_1_716' title='bbox 1734 5366 1829 5420; x_wconf 70' lang='grc' dir='ltr'>καὶ</span> <span class='ocrx_word' id='word_1_717' title='bbox 1874 5383 1968 5421; x_wconf 83' lang='grc' dir='ltr'><strong>συν</strong></span> 
     </span>
    </p>
   </div>
   <div class='ocr_carea' id='block_1_110' title="bbox 2075 5348 3700 5433">
    <p class='ocr_par' dir='ltr' id='par_1_110' title="bbox 2112 5348 3700 5433">
     <span class='ocr_line' id='line_1_110' title="bbox 2112 5348 3700 5433; baseline -0.009 -16"><span class='ocrx_word' id='word_1_718' title='bbox 2112 5362 2346 5429; x_wconf 68' lang='lat' dir='ltr'><strong>hedera,</strong></span> <span class='ocrx_word' id='word_1_719' title='bbox 2365 5362 2704 5433; x_wconf 86' lang='lat' dir='ltr'><strong>Theophane</strong></span> <span class='ocrx_word' id='word_1_720' title='bbox 2724 5357 3150 5431; x_wconf 86' lang='lat' dir='ltr'><strong>protovestiario</strong></span> <span class='ocrx_word' id='word_1_721' title='bbox 3181 5355 3237 5410; x_wconf 90' lang='lat' dir='ltr'><strong>in</strong></span> <span class='ocrx_word' id='word_1_722' title='bbox 3262 5353 3520 5409; x_wconf 78' lang='lat' dir='ltr'><strong>omnibus</strong></span> <span class='ocrx_word' id='word_1_723' title='bbox 3540 5348 3700 5420; x_wconf 87' lang='lat' dir='ltr'><strong>quasi</strong></span> 
     </span>
    </p>
   </div>
   <div class='ocr_carea' id='block_1_111' title="bbox 406 5447 1973 5531">
    <p class='ocr_par' dir='ltr' id='par_1_111' title="bbox 406 5455 1973 5531">
     <span class='ocr_line' id='line_1_111' title="bbox 406 5455 1973 5531; baseline 0.003 -21"><span class='ocrx_word' id='word_1_724' title='bbox 406 5455 551 5527; x_wconf 79' lang='grc' dir='ltr'>εχῶς</span> <span class='ocrx_word' id='word_1_725' title='bbox 603 5456 1008 5521; x_wconf 85' lang='grc' dir='ltr'>διευθετοῦντος</span> <span class='ocrx_word' id='word_1_726' title='bbox 1056 5457 1124 5510; x_wconf 84' lang='grc' dir='ltr'>τὰ</span> <span class='ocrx_word' id='word_1_727' title='bbox 1183 5457 1389 5527; x_wconf 80' lang='grc' dir='ltr'>μεταξὺ</span> <span class='ocrx_word' id='word_1_728' title='bbox 1445 5458 1738 5531; x_wconf 81' lang='grc' dir='ltr'>Ῥωμαίων</span> <span class='ocrx_word' id='word_1_729' title='bbox 1789 5478 1848 5513; x_wconf 87' lang='grc' dir='ltr'><strong>τε</strong></span> <span class='ocrx_word' id='word_1_730' title='bbox 1903 5478 1973 5515; x_wconf 83' lang='grc' dir='ltr'><strong>κα</strong></span> 
     </span>
    </p>
   </div>
   <div class='ocr_carea' id='block_1_112' title="bbox 2075 5447 3698 5531">
    <p class='ocr_par' dir='ltr' id='par_1_112' title="bbox 2110 5447 3698 5526">
     <span class='ocr_line' id='line_1_112' title="bbox 2110 5447 3698 5526; baseline -0.006 -15"><span class='ocrx_word' id='word_1_731' title='bbox 2110 5463 2421 5526; x_wconf 86' lang='lat' dir='ltr'><strong>sequestro,</strong></span> <span class='ocrx_word' id='word_1_732' title='bbox 2456 5470 2521 5510; x_wconf 89' lang='lat' dir='ltr'><strong>ac</strong></span> <span class='ocrx_word' id='word_1_733' title='bbox 2561 5455 2795 5510; x_wconf 89' lang='lat' dir='ltr'><strong>solerter</strong></span> <span class='ocrx_word' id='word_1_734' title='bbox 2822 5453 3104 5508; x_wconf 83' lang='lat' dir='ltr'><strong>Romanos</strong></span> <span class='ocrx_word' id='word_1_735' title='bbox 3146 5451 3292 5505; x_wconf 87' lang='lat' dir='ltr'><strong>inter</strong></span> <span class='ocrx_word' id='word_1_736' title='bbox 3320 5447 3698 5519; x_wconf 86' lang='lat' dir='ltr'><strong>Bulgarosque</strong></span> 
     </span>
    </p>
   </div>
   <div class='ocr_carea' id='block_1_113' title="bbox 409 5536 1973 5621">
    <p class='ocr_par' dir='ltr' id='par_1_113' title="bbox 409 5536 1869 5621">
     <span class='ocr_line' id='line_1_113' title="bbox 409 5536 1869 5621; baseline 0.003 -18"><span class='ocrx_word' id='word_1_737' title='bbox 409 5549 737 5621; x_wconf 78' lang='grc' dir='ltr'>Βουλγάρων</span> <span class='ocrx_word' id='word_1_738' title='bbox 762 5549 858 5603; x_wconf 81' lang='grc' dir='ltr'>τοῦ</span> <span class='ocrx_word' id='word_1_739' title='bbox 890 5549 1397 5621; x_wconf 85' lang='grc' dir='ltr'>πρωτοϐεστιαρίου</span> <span class='ocrx_word' id='word_1_740' title='bbox 1424 5551 1755 5619; x_wconf 74' lang='grc' dir='ltr'>Θεοφάνους.</span> <span class='ocrx_word' id='word_1_741' title='bbox 1864 5536 1869 5541; x_wconf 17' lang='grc' dir='ltr'><strong>δ</strong></span> 
     </span>
    </p>
   </div>
   <div class='ocr_carea' id='block_1_114' title="bbox 2075 5536 2724 5621">
    <p class='ocr_par' dir='ltr' id='par_1_114' title="bbox 2107 5548 2724 5619">
     <span class='ocr_line' id='line_1_114' title="bbox 2107 5548 2724 5619; baseline -0.002 -16"><span class='ocrx_word' id='word_1_742' title='bbox 2107 5548 2392 5619; x_wconf 81' lang='lat' dir='ltr'><strong>negotium</strong></span> <span class='ocrx_word' id='word_1_743' title='bbox 2428 5548 2724 5618; x_wconf 88' lang='lat' dir='ltr'><strong>dirigentc.</strong></span> 
     </span>
    </p>
   </div>
   <div class='ocr_carea' id='block_1_115' title="bbox 480 5637 1973 5712">
    <p class='ocr_par' dir='ltr' id='par_1_115' title="bbox 480 5637 1973 5712">
     <span class='ocr_line' id='line_1_115' title="bbox 480 5637 1973 5712; baseline -0.001 -21"><span class='ocrx_word' id='word_1_744' title='bbox 480 5637 581 5711; x_wconf 76' lang='grc' dir='ltr'>λβ’.</span> <span class='ocrx_word' id='word_1_745' title='bbox 629 5640 824 5712; x_wconf 67' lang='grc' dir='ltr'>Ὀγδόῃ</span> <span class='ocrx_word' id='word_1_746' title='bbox 870 5638 926 5692; x_wconf 72' lang='grc' dir='ltr'>δὲ</span> <span class='ocrx_word' id='word_1_747' title='bbox 970 5638 1064 5691; x_wconf 77' lang='grc' dir='ltr'>τοῦ</span> <span class='ocrx_word' id='word_1_748' title='bbox 1110 5637 1446 5709; x_wconf 76' lang='grc' dir='ltr'>Ὀκτωϐρίου</span> <span class='ocrx_word' id='word_1_749' title='bbox 1493 5639 1663 5710; x_wconf 77' lang='grc' dir='ltr'>μηνὸς</span> <span class='ocrx_word' id='word_1_750' title='bbox 1701 5637 1925 5707; x_wconf 77' lang='grc' dir='ltr'>ἐξῆλθεν</span> <span class='ocrx_word' id='word_1_751' title='bbox 1968 5660 1973 5689; x_wconf 78' lang='grc' dir='ltr'><strong>ι</strong></span> 
     </span>
    </p>
   </div>
   <div class='ocr_carea' id='block_1_116' title="bbox 2075 5637 3697 5712">
    <p class='ocr_par' dir='ltr' id='par_1_116' title="bbox 2177 5638 3697 5711">
     <span class='ocr_line' id='line_1_116' title="bbox 2177 5638 3697 5711; baseline -0.003 -16"><span class='ocrx_word' id='word_1_752' title='bbox 2177 5641 2267 5695; x_wconf 63' lang='lat'><strong>5%.</strong></span> <span class='ocrx_word' id='word_1_753' title='bbox 2304 5640 2515 5698; x_wconf 84' lang='lat' dir='ltr'><strong>Octavo</strong></span> <span class='ocrx_word' id='word_1_754' title='bbox 2555 5651 2741 5698; x_wconf 87' lang='lat' dir='ltr'><strong>autem</strong></span> <span class='ocrx_word' id='word_1_755' title='bbox 2783 5640 2990 5699; x_wconf 86' lang='lat' dir='ltr'><strong>mensis</strong></span> <span class='ocrx_word' id='word_1_756' title='bbox 3012 5638 3269 5699; x_wconf 83' lang='lat' dir='ltr'><strong>Octobris</strong></span> <span class='ocrx_word' id='word_1_757' title='bbox 3312 5650 3566 5711; x_wconf 81' lang='lat' dir='ltr'><strong>egressus</strong></span> <span class='ocrx_word' id='word_1_758' title='bbox 3597 5650 3697 5706; x_wconf 84' lang='lat' dir='ltr'><strong>pa-</strong></span> 
     </span>
    </p>
   </div>
   <div class='ocr_carea' id='block_1_117' title="bbox 1708 5757 2390 5817">
    <p class='ocr_par' dir='ltr' id='par_1_117' title="bbox 1708 5757 2390 5817">
     <span class='ocr_line' id='line_1_117' title="bbox 1708 5757 2390 5817; baseline 0.006 -6"><span class='ocrx_word' id='word_1_759' title='bbox 1708 5757 1944 5815; x_wconf 73' lang='lat' dir='ltr'><strong>VABIAE</strong></span> <span class='ocrx_word' id='word_1_760' title='bbox 1984 5759 2279 5817; x_wconf 75' lang='lat' dir='ltr'><strong>LECTION</strong></span> <span class='ocrx_word' id='word_1_761' title='bbox 2288 5760 2390 5815; x_wconf 85' lang='lat' dir='ltr'><strong>ES.</strong></span> 
     </span>
    </p>
   </div>
   <div class='ocr_carea' id='block_1_118' title="bbox 476 5850 2727 5930">
    <p class='ocr_par' dir='ltr' id='par_1_118' title="bbox 476 5850 2727 5930">
     <span class='ocr_line' id='line_1_118' title="bbox 476 5850 2727 5930; baseline 0.004 -24"><span class='ocrx_word' id='word_1_762' title='bbox 476 5854 520 5886; x_wconf 80' lang='grc'><strong>⁸¹⁶</strong></span> <span class='ocrx_word' id='word_1_763' title='bbox 540 5853 621 5906; x_wconf 69' lang='grc' dir='ltr'>ὅτι</span> <span class='ocrx_word' id='word_1_764' title='bbox 647 5853 739 5907; x_wconf 69' lang='grc' dir='ltr'><strong>καὶ</strong></span> <span class='ocrx_word' id='word_1_765' title='bbox 768 5853 818 5907; x_wconf 76' lang='grc' dir='ltr'><strong>οἰ</strong></span> <span class='ocrx_word' id='word_1_766' title='bbox 850 5850 1150 5923; x_wconf 83' lang='grc' dir='ltr'>Βούλγαροι</span> <span class='ocrx_word' id='word_1_767' title='bbox 1180 5852 1319 5924; x_wconf 80' lang='grc' dir='ltr'>μετὰ</span> <span class='ocrx_word' id='word_1_768' title='bbox 1344 5854 1651 5927; x_wconf 73' lang='grc' dir='ltr'>χρυσαερῖου</span> <span class='ocrx_word' id='word_1_769' title='bbox 1688 5855 2015 5927; x_wconf 57' lang='grc' dir='ltr'>ἐϐούλλυναν</span> <span class='ocrx_word' id='word_1_770' title='bbox 2046 5857 2140 5923; x_wconf 80' lang='grc' dir='ltr'>τὰς</span> <span class='ocrx_word' id='word_1_771' title='bbox 2164 5857 2407 5930; x_wconf 64' lang='grc' dir='ltr'>γραφάς,</span> <span class='ocrx_word' id='word_1_772' title='bbox 2442 5872 2632 5930; x_wconf 80' lang='lat' dir='ltr'><strong>margo</strong></span> <span class='ocrx_word' id='word_1_773' title='bbox 2666 5858 2727 5921; x_wconf 82' lang='grc' dir='ltr'>Ρ,</span> 
     </span>
    </p>
   </div>
  </div>
