4128 6470
453 369 553 432 967
1723 351 2050 414 GEORGII

2173 351 2431 414 )NACHI
3621 361 3728 427 968

457 478 694 538 triarcba
733 477 1049 547 Stephanus
1081 490 1206 528 cum
1248 471 1586 541 Theophane
1612 465 2046 540 protovestiario

2173 466 2502 535 τατριάρχης
2525 463 2796 534 Στέφανος
2824 466 2939 536 ἅμα
2960 457 3227 537 Θεοφάνει
3255 468 3298 501 ⁵⁵
3329 471 3738 540 πρωτοὸεστια-

455 585 511 630 et
544 573 711 628 Maria
736 569 1127 637 ChristOphori
1166 567 1275 621 lilia
1314 563 1687 633 univcrsoque
1722 567 1940 622 senatu,
1972 558 2039 612 ad

2173 558 2248 629 ιίῳ
2299 560 2395 611 καὶ
2444 560 2634 629 Μαρίᾳ
2685 561 2752 630 τῇ
2809 559 2904 612 τοῦ
2950 561 3331 633 Χριστοφόρου
3369 563 3602 637 θυγατρὶ
3641 569 3740 622 καὶ

457 666 822 723 sanctissime
869 662 966 717 Dei
1015 659 1314 716 Genitricis
1342 658 1407 712 ad
1452 659 1640 727 Pegas,
1679 657 1904 709 Petrum
1937 651 2042 705 Ma-

2173 650 2294 721 τάσῃ
2331 653 2395 720 τῇ
2431 651 2722 720 συγκλήτῳ
2749 652 2828 714 εἰς
2863 653 2955 705 τὸν
2981 653 3110 706 ναὸν
3138 654 3234 724 τῆς
3269 655 3576 726 ὑπεραγίας
3606 661 3740 714 Θεο-

457 760 706 825 riamque
731 753 1038 816 benedixit,
1069 763 1126 805 et
1153 750 1429 819 nuptiales
1472 747 1705 801 corallas
1735 759 1928 799 eorum
1963 758 2046 796 ca-

2173 743 2306 796 67.09
2343 744 2433 797 τὸν
2460 745 2557 813 τῆς
2585 744 2802 814 ῐΙηγῆς,
2840 747 2934 797 καὶ
2965 746 3273 817 εὐλόγησαν
3309 749 3516 820 Πέτρον
3544 770 3602 805 τε
3644 755 3744 809 καὶ

457 851 669 920 pitibus
734 845 1040 916 imposuit,
1106 857 1362 912 sponsam
1422 840 1589 910 906
1645 836 2046 906 comitantibus

2173 834 2391 903 ιῙαρίαν,
2424 833 2518 886 καὶ
2549 835 2674 897 τοὺς
2704 837 3012 903 νυμφικοὺς
3059 838 3357 907 στεφάνους
3387 843 3510 906 ταῖς
3555 844 3744 898 αὐτῶν

461 941 801 1009 Theophane
847 935 1276 1007 protovestiario
1317 942 1371 987 et
1413 931 1650 1001 Georgio
1713 929 2042 984 Sursubulo.

2181 927 2431 996 πέθηκαν
2484 929 2786 996 κεφαλαῖς,
2846 933 3374 1002 παρανυμφεύοντος
3431 936 3744 1006 Θεοφάνους

458 1035 734 1088 instructa
766 1047 900 1086 vero
929 1038 1250 1100 sumptuosa
1281 1043 1346 1083 ac
1391 1023 1792 1096 praemagniﬁca
1833 1036 2044 1085 mensa,

461 1126 789 1194 cunctisque
809 1125 878 1179 ad
902 1123 1216 1192 nuptiarum
1241 1119 1508 1174 solemnia
1539 1116 1918 1187 spectantibus
1941 1114 2048 1168 rite

463 1218 860 1286 splendideque
888 1214 1142 1284 peractis,
1182 1211 1548 1279 Theophanes
1589 1207 2050 1280 protovcstiarius

467 1325 576 1363 una
626 1325 748 1362 cum
788 1307 957 1361 Maria
1001 1303 1389 1373 Christophori
1430 1301 1782 1370 imperatoris
1830 1298 1940 1353 ﬁlia
1993 1299 2050 1352 in

467 1401 660 1453 urbem
693 1412 950 1451 reversus
977 1404 1081 1450 est.
1120 1394 1310 1449 Tertio
1363 1401 1545 1448 autem
1597 1409 1627 1446 a
1658 1390 1870 1461 nuptiis
1908 1389 2052 1444 cele-

467 1494 641 1548 bratis
661 1492 750 1546 die
787 1491 1068 1544 Romanus
1107 1492 1403 1557 imperator
1443 1486 1497 1540 in
1523 1487 1792 1555 Pegarum
1817 1497 2052 1538 exscen-

468 1586 622 1640 sione
655 1583 1002 1653 magniﬁcum
1034 1582 1245 1652 paravit
1272 1579 1610 1642 convivium,
1642 1577 1839 1632 sericis
1865 1576 2053 1630 aulaeis

467 1677 773 1734 convestita
822 1677 1102 1730 machina.
1151 1675 1270 1740 Quo
1317 1674 1439 1727 loco
1474 1671 1730 1741 epulatus
1771 1669 2054 1722 Romanus

468 1770 771 1840 imperator
797 1785 923 1823 cum
963 1769 1127 1822 Petro
1151 1766 1384 1834 Bulgaro
1417 1779 1630 1818 necnon
1687 1759 2052 1816 Constantino

467 1876 674 1932 genero
709 1876 776 1914 ac
801 1859 1199 1928 Christophoro
1237 1857 1369 1911 ﬁlio.
1413 1856 1667 1926 Bulgaris
1692 1868 1856 1923 porro
1887 1852 2050 1905 etiam

466 1963 634 2023 atque
651 1954 822 2008 etiam
846 1953 1140 2007 obstinatis
1160 1951 1360 2005 animis
1382 1949 1762 2004 adnitentibus
1785 1954 1846 1999 ut
1871 1946 2053 2014 priore

465 2049 590 2104 loco
638 2047 1074 2116 Christ0pltorus
1129 2062 1192 2099 ac
1238 2055 1351 2098 tum
1399 2043 1813 2108 ,Constantinus
1861 2039 2057 2093 faustis

467 2141 747 2196 cminibus
770 2148 934 2208 atque
961 2138 1192 2192 vocibus
1224 2138 1621 2206 imperatorum
1653 2147 1808 2186 more
1839 2132 2056 2200 accipe-

469 2242 644 2294 retur,
693 2247 886 2286 eorum
927 2231 1216 2286 Romanus
1260 2229 1562 2298 imperator
1593 2226 1755 2280 enixe
1800 2224 2058 2294 ﬂagitatis

467 2327 684 2387 annuit,
709 2341 772 2379 ac
794 2323 942 2393 quod
981 2323 1256 2393 petierant
1286 2320 1516 2375 exstitit.

540 2417 728 2470 55-34.
777 2415 922 2468 Tum
978 2429 1110 2468 vero
1157 2412 1416 2465 omnibus
1463 2410 1781 2478 nuptiarum
1827 2409 2061 2478 expletis

465 2507 758 2563 solcmniis
789 2514 844 2559 et
873 2504 1109 2575 gaudiis,
1148 2519 1211 2556 ac
1242 2519 1366 2556 cum
1397 2503 1507 2571 jam
1537 2502 1709 2554 Maria
1741 2517 1865 2555 cum
1897 2502 2061 2554 Petro

475 2599 781 2652 virosuoin
827 2595 1137 2666 Bulgariam
1172 2603 1317 2648 esset
1358 2594 1697 2663 profectura,
1735 2592 1798 2646 ad
1838 2591 2060 2646 llebdo-

475 2706 652 2760 mum.
698 2705 870 2757 usque
910 2704 938 2740 a
987 2687 1313 2756 parentibus
1373 2701 1483 2740 una
1540 2701 1664 2739 cum
1727 2683 2062 2753 TheOphane

358 2807 361 2810 -
446 2781 895 2850 .protcvcstiario
939 2779 1256 2838 deducitur.
1300 2779 1492 2847 Ibique
1539 2793 1665 2831 cum
1715 2777 1879 2831 Petro
1924 2791 2061 2844 cpu-

477 2877 593 2940 lati,
617 2877 764 2947 quod
819 2878 870 2931 in
906 2877 1187 2932 discessus
1235 2876 1524 2946 procinctu
1569 2886 1708 2938 erat,
1742 2875 1936 2944 puellae
1959 2873 2066 2927 cir-

475 2969 712 3024 cumfusi
767 2969 1020 3038 copiosas
1075 2968 1642 3039 lunduntlacrymas,
1695 2975 1932 3035 quantas
1966 2981 2066 3034 par

475 3072 614 3126 erat,
630 3063 720 3132 qui
737 3062 1067 3116 charissimo
1089 3061 1316 3131 pignore
1335 3061 1599 3114 continuo
1617 3059 1866 3129 privandi
1886 3068 2064 3123 erant;

2150 1021 2660 1092 πρωτοὸεστιαρίου
2687 1023 2777 1075 καὶ
2797 1023 3074 1095 Γεωργίου
3101 1026 3562 1096 Σουρσουϐούλου.
3588 1029 3743 1100 Λαμ-

2151 1113 2298 1182 πρᾶς
2336 1111 2393 1164 δὲ
2443 1115 2537 1165 καὶ
2588 1115 2914 1180 πολυτελοῦς
2950 1118 3237 1183 γεγονυίας
3283 1120 3594 1190 τραπέζης,
3647 1125 3744 1175 καὶ

2151 1206 2368 1259 πάντων
2398 1207 2506 1259 τῶν
2536 1208 2862 1277 εἰθισμένων
2897 1212 3009 1272 τοῖς
3050 1211 3248 1281 γάμοις
3292 1212 3535 1283 φαιδρῶς
3556 1216 3747 1267 ἐπιτε-

2151 1296 2470 1364 λεσθέντων,
2508 1299 2762 1367 εἰσῆλθεν
2785 1300 3068 1370 Θεοφάνης
3103 1303 3606 1374 πρωτοϐεστιάριος
3625 1303 3746 1375 ἅμα

2152 1393 2342 1463 Μαρίᾳ
2366 1397 2431 1463 τῇ
2463 1393 2698 1465 θυγατρὶ
2726 1396 2819 1449 τοῦ
2865 1396 3130 1467 βασιλέως
3161 1400 3536 1471 Χριστοφόρου
3574 1402 3632 1453 ὲν

2154 1486 2331 1538 πόλει.
2364 1487 2442 1556 Τῇ
2472 1485 2514 1540 δ’
2542 1487 2598 1540 δὲ
2622 1488 2714 1541 τοῦ
2745 1489 2926 1560 γάμου
2955 1491 3138 1563 ἡμέρᾳ
3164 1492 3422 1562 ἐποίησεν
3449 1494 3476 1546 ὁ
3497 1492 3750 1563 βασιλεὺς

2167 1576 2450 1646 Ῥωμανὸς
2481 1579 2716 1650 εὐωχίαν
2748 1581 3011 1652 λαμπρὰν
3043 1586 3099 1637 ὲν
3133 1587 3197 1655 τῇ
3229 1584 3338 1638 τῶν
3374 1585 3573 1656 Πηγῶν
3605 1588 3746 1640 ἁπο-

2157 1668 2335 1740 6άθρα
2365 1670 2460 1724 τοῦ
2486 1671 2768 1740 βασιλικοῦ
2799 1675 3096 1744 δρόμωνος,
3129 1681 3553 1750 περικοσμήσας
3575 1679 3751 1751 αὐτὴν

2158 1763 2441 1832 ὑφάσμασι
2495 1771 2760 1835 σηρικοίς.
2804 1768 2976 1822 Ἔνθα
3019 1773 3367 1843 συνειστιάθη
3411 1771 3692 1843 Ῥωμανὸς
3722 1776 3751 1828 ὁ

2160 1854 2412 1925 βασιλεὺς
2445 1859 2635 1927 Πέτρῳ
2678 1860 2972 1933 Βουλγάρῳ
3005 1862 3123 1933 ἅμα
3155 1866 3563 1937 Κωνσταντίνῳ
3600 1884 3751 1937 γαμ-

2159 1947 2275 2017 6ρῷ
2304 1950 2396 2001 καὶ
2437 1948 2522 2022 [Ρ.
2559 1952 2685 2026 584]
2719 1955 3079 2026 Χριστοφόρῳ
3112 1957 3235 2028 υἱῷ.
3270 1958 3392 2012 Τῶν
3427 1959 3483 2012 δὲ
3511 1960 3752 2028 Βουλγά-

2161 2057 2268 2110 ρων
2300 2042 2551 2098 ἔνστασιν
2582 2047 2641 2097 οὐ
2681 2049 2888 2118 μικρὰν
2937 2051 3322 2120 ποιησαμένων
3365 2053 3636 2125 πρότερον
3661 2057 3752 2109 εὑ-

2160 2134 2504 2202 φημισθῆναι
2535 2138 2931 2210 Χριστοφὸρον,
2964 2135 3066 2193 εἷθ’
3096 2141 3271 2207 οὕτως
3311 2145 3751 2209 Κωνσταντῖνον,

2160 2225 2346 2290 ὑπεῖξε
2381 2231 2444 2298 τῇ
2476 2230 2725 2284 ὲνστάτει
2755 2231 2957 2284 τούτων
2985 2235 3012 2285 ὁ
3040 2233 3294 2303 βασιλεὺς
3328 2235 3631 2307 Ῥωμανὸς,
3655 2239 3754 2292 καὶ

2160 2319 2386 2387 γέγονεν
2417 2322 2553 2391 ὅπερ
2593 2325 2886 2394 ᾐτήσαντο.

2234 2412 2438 2479 λγ’-λδ’.
2497 2415 2715 2478 Ἐπειδὴ
2739 2419 2793 2470 δὲ
2820 2420 2998 2472 πάντα
3036 2421 3103 2473 τὰ
3134 2421 3225 2474 ἐπὶ
3257 2425 3365 2484 τοῖς
3393 2422 3595 2492 γάμοις
3631 2439 3754 2476 συν·-

2163 2508 2546 2578 ετελέσθησαν.
2592 2510 2786 2579 ἔμελλε
2819 2512 2875 2564 δὲ
2906 2513 3096 2584 Μαρία
3127 2514 3226 2585 ήδη
3263 2514 3361 2584 τὴν
3406 2515 3541 2584 πρὸς
3585 2517 3753 2568 Βουλ-

2164 2602 2362 2669 γαρίαν
2395 2603 2492 2655 σὺν
2534 2603 2612 2674 τῷ
2651 2606 2809 2676 ἀνδρὶ
2847 2607 3016 2676 αὐτῆς
3060 2608 3251 2678 Πέτρῳ
3283 2609 3400 2662 ὁδὸν
3447 2609 3671 2676 ὁδεύειν,
3703 2611 3752 2662 oi

2164 2693 2367 2760 ταύτης
2406 2699 2586 2762 γονεῖς
2619 2697 2783 2767 μέχρι
2816 2700 2909 2751 τοῦ
2957 2700 3223 2770 Ἑϐδόμου
3259 2702 3586 2771 συνεξῆλθον
3613 2703 3753 2774 αὐτῇ

2165 2783 2280 2854 ἅμα
2326 2787 2594 2854 Θεοφάνει
2635 2791 3144 2862 πρωτοϐεστιαρίῳ,
3182 2795 3276 2846 καὶ
3309 2794 3755 2858 συνεστιαθέντες

2165 2878 2345 2931 ὲκεῖσε
2381 2880 2592 2950 Πέτρῳ,
2631 2883 2820 2954 ἐπειδὴ
2858 2882 3085 2953 ἔμελλεν
3115 2884 3397 2956 ἀπαίρειν,
3432 2887 3758 2956 περιχυθέν-

2167 2987 2258 3033 τες
2303 2975 2369 3041 τῇ
2423 2973 2654 3044 θυγατρὶ
2686 2974 2781 3026 καὶ
2815 2974 2989 3027 πολλὰ
3021 2975 3388 3045 καταχέαντες
3416 2975 3630 3047 δάκρυα
3663 2977 3760 3032 καὶ

2168 3063 2267 3116 ὅσα
2320 3063 2469 3127 εἰκὸς
2532 3065 2624 3116 ἐπὶ
2684 3067 2943 3137 στερήσει
2999 3065 3310 3136 σπλάγχνου
3358 3068 3757 3138 περιποθήτου,

475 3168 854 3224 generumque
883 3168 1044 3207 suum
1085 3150 1412 3215 exosculati,
1444 3160 1610 3219 atque
1643 3152 1764 3220 ejus
1803 3149 2064 3203 manibus

2173 3157 2257 3207 τόν
2281 3174 2338 3208 τε
2372 3157 2554 3209 αὑτων
2585 3158 2838 3228 γαμϐρὸν
2871 3159 3254 3229 ἀσπασάμενοι
3280 3159 3376 3213 καὶ
3405 3159 3608 3230 ταύτην
3638 3162 3764 3225 ταῖς

478 3245 728 3312 deposita
761 3242 869 3296 ﬁlia
899 3259 962 3296 ac
992 3242 1324 3308 contradita,
1366 3241 1422 3295 in
1449 3241 1655 3310 regiam
1686 3247 2063 3294 revertuntur.

477 3332 650 3388 Maria
677 3333 781 3387 viri
806 3333 1025 3402 Bulgari
1056 3333 1312 3388 manibus
1337 3331 1559 3396 tradita,
1591 3329 1795 3398 gaudio
1829 3330 1991 3382 mista
2015 3336 2071 3382 et

479 3424 726 3487 tristitia,
753 3423 808 3478 in
839 3423 1151 3494 Bulgariam
1177 3425 1282 3478 iter
1312 3422 1576 3477 habebat.
1610 3422 1869 3475 Dolorem
1899 3420 2067 3474 facie-

478 3516 574 3570 bat
604 3517 751 3585 quod
793 3516 1190 3571 amantissimis
1219 3515 1565 3586 parentibus,
1607 3514 1770 3583 907
1801 3513 1947 3583 quod
1982 3528 2071 3566 rc-

478 3609 586 3680 giis
623 3608 856 3669 azdibus,
889 3607 1041 3675 quod
1075 3608 1516 3662 necessariorum
1549 3606 1903 3675 afﬁniumque
1939 3621 2072 3659 con-

483 3701 779 3754 suetudine
849 3699 1289 3766 destituebatur;
1345 3714 1648 3768 rursusque
1700 3698 1901 3769 gaudio
1953 3707 2072 3752 erat

483 3792 630 3862 quod
663 3793 781 3846 viro
810 3793 922 3861 regi
955 3793 1133 3846 locata
1161 3792 1639 3864 Bulgarorumque
1677 3792 1898 3846 domina
1927 3799 2074 3846 esset

485 3886 850 3940 consalutata.
887 3886 1007 3940 Ibat
1049 3885 1236 3955 itaque
1271 3885 1591 3955 splendidas
1622 3884 1728 3939 sibi
1774 3893 2073 3954 exportans

484 3993 619 4046 opes
639 3994 701 4033 ac
728 3979 1071 4048 omnigenas,
1094 3992 1268 4048 eaque
1294 3977 1628 4048 supellectili
1665 3977 1932 4031 instructa
1955 3991 2075 4044 quae

485 4081 539 4125 et
571 4088 863 4125 numerum
893 4071 1145 4128 excedat.

556 4166 644 4219 35.
674 4165 831 4220 Tunc
854 4181 984 4220 vero
1013 4165 1182 4230 etiam
1203 4180 1231 4218 a
1265 4165 1522 4220 Melitene
1548 4165 1614 4219 ad
1642 4166 1950 4220 Romanum
1975 4166 2078 4218 im-

487 4267 801 4328 peratorem
847 4259 1009 4329 legati
1051 4257 1330 4313 advenere
1373 4258 1526 4327 pacis
1566 4258 1777 4315 foedera
1809 4268 2077 4330 pactaque

486 4350 806 4406 offerentes.
828 4352 941 4406 Nec
969 4351 1143 4406 multo
1170 4360 1296 4420 post
1336 4352 1503 4406 etiam
1531 4351 1824 4422 Apocbaps
1861 4353 2076 4407 Ameris

486 4457 680 4511 nepos,
717 4442 834 4511 ipse
877 4442 1164 4498 Mclitenes
1205 4457 1446 4510 amaras,
1480 4458 1585 4498 nec
1612 4459 1723 4497 non
1776 4445 2074 4514 Aposalath

2174 3247 2336 3299 αὐτοῦ
2369 3248 2526 3317 χερσὶ
2545 3247 2918 3317 παραθέμενοι
2946 3249 3004 3301 ὲν
3026 3251 3139 3313 τοῖς
3171 3247 3463 3319 βασιλείοις
3494 3249 3768 3320 ὑπέστρε-

2152 3337 2300 3407 dav.
2333 3339 2524 3411 Μαρία
2553 3341 2610 3392 δὲ
2640 3341 3042 3412 Βουλγαρικαῖς
3073 3342 3444 3413 παραδοθεῖσα
3474 3342 3632 3413 χερσὶ
3665 3341 3766 3413 τὴν

2173 3435 2268 3486 ἐπὶ
2298 3433 2638 3504 Βουλγαρίαν
2669 3434 2860 3506 ἀπῄει,
2893 3435 3166 3506 χαίρουσά
3204 3451 3264 3487 τε
3298 3433 3415 3506 ἅμα
3443 3436 3537 3488 καὶ
3566 3436 3770 3488 λυπου-

2180 3527 2338 3596 μένη,
2400 3527 2720 3598 λυπουμένη
2789 3527 2891 3596 μὲν
2955 3528 3041 3598 ἐφ’
3095 3523 3177 3591 οἷς
3229 3529 3434 3596 γονέων
3492 3529 3768 3597 φιλτάτων

2177 3617 2470 3686 ἐστέρηται
2504 3616 2596 3668 καὶ
2629 3615 2920 3686 βασιλείων
2971 3616 3137 3670 οἴκων
3185 3617 3282 3669 καὶ
3318 3615 3610 3685 συνηθείας
3655 3615 3766 3668 τῶν

2176 3708 2326 3776 γένει
2356 3706 2793 3778 προσοικούντων
2822 3707 2890 3770 ⁵⁸,
2909 3707 3179 3775 χαίρουσα
3194 3704 3250 3756 δὲ
3276 3703 3352 3766 ὡς
3377 3702 3586 3772 βασιλεῖ
3601 3717 3765 3772 προσο

2177 3800 2427 3870 ηρμόσθη
2473 3799 2628 3868 ἀνδρὶ
2674 3798 2772 3851 καὶ
2818 3798 3075 3852 δέσποινα
3104 3795 3434 3865 Βουλγάρων
3489 3809 3769 3866 προσηγο-

2181 3893 2370 3964 ρεύθη.
2423 3891 2615 3963 Ἀπῄει
2659 3891 2841 3944 τοίνυν
2892 3890 3124 3943 πλοῦτον
3162 3888 3598 3962 ἐπικομιζομένη
3629 3887 3788 3962 λοιμι-¹

2181 3987 2317 4054 πρδν
2347 3986 2437 4038 καὶ
2474 3986 2789 4054 παντοδαπῇ
2825 3985 2918 4037 καὶ
2953 3982 3153 4054 σκευὴν
3186 3981 3585 4052 ἀναρίθμητον.

2251 4160 2347 4216 λε’.
2383 4162 2517 4215 Τότε
2550 4162 2605 4215 δὲ
2636 4162 2731 4216 καὶ
2758 4162 3021 4232 πρέσϐεις
3060 4161 3199 4231 πρὸς
3237 4161 3330 4214 τὸν
3362 4159 3589 4230 βασιλέα
3631 4159 3771 4211 Ῥω-

2183 4259 2355 4326 μανδν
2413 4260 2476 4310 ὲκ
2523 4258 2622 4326 τῆς
2669 4258 2981 4327 Μελιτηνῆς
3035 4256 3424 4325 παρεγένοντο,
3481 4253 3775 4324 εἰρηνικὰς

2184 4350 2416 4412 σπονδὰς
2448 4352 2538 4403 ἐπὶ
2565 4350 2626 4402 τὸ
2655 4350 2882 4419 ποιῆσαι
2929 4349 3118 4402 πάκτα
3152 4349 3512 4420 παρέχοντες.
3545 4347 3681 4401 Μετ’
3711 4348 3772 4399 οὐ

2187 4445 2319 4496 πολὺ
2343 4443 2400 4494 δὲ
2438 4444 2534 4495 καὶ
2574 4441 2821 4510 Ἀπὸχαψ
2851 4444 2879 4494 ὁ
2911 4440 3005 4496 τοῦ
3062 4442 3243 4510 Ἀμερ
3272 4441 3512 4509 ἔγγονος,
3551 4439 3776 4509 ἀμηρᾶς

488 4533 693 4587 ducum
747 4533 1172 4589 strenuissimus
1215 4535 1707 4605 nobilissimusque
1743 4551 1808 4590 ac
1837 4536 2068 4605 locuple-

2187 4533 2262 4587 ῶν
2284 4533 2618 4602 Μελιτηνῆς,
2659 4534 2753 4585 καὶ
2783 4527 2810 4585 ὁ
2853 4532 3161 4585 Ἀποσαλάθ
3191 4532 3520 4602 στρατηγὸς,
3557 4529 3778 4597 εὐγενέ-

492 4624 761 4686 ιίεείῐηυε,
788 4641 856 4680 ex
901 4625 1159 4682 Melitenc
1183 4638 1481 4695 venerunt;
1516 4627 1916 4698 magniﬁccquc
1950 4643 2082 4682 con-

491 4717 737 4772 venienti
774 4718 986 4773 honore
1016 4735 1081 4774 ac
1131 4721 1285 4776 cultu
1330 4737 1360 4775 a
1391 4722 1641 4776 Romano
1675 4721 1918 4791 suscepti
1953 4737 2082 4790 per-

492 4823 765 4878 cussaque
807 4810 959 4879 pacis
991 4810 1200 4867 findere
1241 4811 1308 4866 ad
1347 4828 1448 4868 sua
1487 4813 1794 4868 redierunt.
1838 4813 2083 4883 Indeque

492 4899 658 4955 sociis
704 4901 901 4954 adlecti
961 4918 1023 4957 ac
1069 4903 1326 4958 foederati
1368 4904 1637 4959 adversus
1691 4904 1924 4960 tribules
1957 4921 2088 4960 suos

491 4991 774 5060 Agarenos
803 5008 928 5046 cum
964 4993 1230 5048 Romanis
1263 4994 1331 5047 ad
1365 4995 1510 5049 bella
1559 4994 2083 5064 proﬁciscebantur,

493 5097 558 5137 ac
593 5085 861 5154 triumphi
913 5086 1100 5155 specie
1143 5102 1268 5142 cum
1302 5085 1499 5142 iisdem
1529 5086 1776 5157 captivos
1813 5104 1942 5144 suos
1986 5089 2090 5144 du-

492 5183 681 5229 centes
720 5177 997 5243 (mirando
1032 5193 1162 5232 sane
1208 5178 1528 5248 spectaculo
1583 5187 1640 5232 et
1665 5179 1934 5245 inaudito,
1987 5181 2085 5234 im-

494 5266 825 5336 piorumque
858 5268 1259 5323 Saracenorum
1293 5269 1619 5324 alllictarum
1646 5284 1832 5324 rerum
1857 5271 2088 5343 indicio)

496 5358 692 5413 urbem
725 5361 1204 5431 ingrediebantur.
1253 5362 1470 5416 Mortuo
1513 5370 1697 5417 autem
1739 5364 2088 5433 Apochapso,

499 5449 620 5504 viro
649 5450 921 5521 prudente
953 5469 1017 5507 ac
1042 5453 1314 5522 sapiente,
1345 5453 1731 5509 Melitcncnscs
1761 5469 1950 5523 pacem
1980 5455 2093 5511 dis-

499 5542 734 5597 solvere.
775 5544 980 5599 lterum
1029 5545 1196 5615 igitur
1227 5548 1495 5604 adversus
1533 5565 1628 5605 eos
1663 5550 2091 5619 proﬁciscuntur

493 5634 776 5704 legionum
809 5635 1149 5694 domesticus
1170 5638 1410 5695 Joannes
1433 5641 1671 5695 Crocoas
1701 5657 1825 5695 cum
1850 5641 2094 5697 cohorti-

2190 4643 2383 4687 στατος
2416 4626 2507 4677 καὶ
2541 4624 2794 4688 πλούσιος
2825 4624 2920 4688 ὢν,
2950 4627 3013 4678 ἐκ
3042 4623 3351 4693 Μελιτηνῆς
3387 4621 3775 4690 παρεγένοντο.

2203 4718 2621 4787 Ἀποδεχθέντες
2651 4717 2745 4770 οὖν
2777 4718 3032 4786 μεγάλως
3076 4716 3213 4786 μετὰ
3251 4716 3352 4782 τῆς
3391 4712 3781 4782 προσηκούσης

2190 4812 2357 4880 τιμῆς
2403 4811 2554 4881 παρὰ
2593 4811 2878 4881 Ῥωμανοῦ
2935 4812 3031 4864 καὶ
3085 4809 3352 4877 σύμφωνα
3398 4805 3624 4873 εἰρήνης
3657 4819 3779 4855 ποι-

2192 4903 2426 4973 ήσαντες
2465 4903 2818 4975 ὑπέστρεψαν
2866 4904 2948 4965 εἰς
2979 4901 3049 4954 τὰ
3083 4900 3210 4953 ἴδια.
3246 4899 3472 4950 Ἐκτοτε
3504 4893 3560 4946 δὲ
3593 4891 3779 4957 συνεξ-

2193 4997 2523 5066 εστροὶτευον
2546 4999 2656 5058 τοῖς
2674 4995 2963 5062 Ῥωμαίοις
2990 4991 3135 5045 κατᾶ
3155 4990 3263 5042 τῶν
3295 4986 3590 5057 ὁμοφύλων
3616 4986 3784 5053 Ἀγα-

2197 5090 2396 5162 ρηνῶν,
2428 5090 2484 5141 ἕν
2515 5107 2572 5141 τε
2604 5091 2716 5151 τοῖς
2744 5087 3031 5147 ἐπινικίοις
3054 5083 3474 5152 συνεισὴρχοντο
3495 5081 3609 5142 τοῖς
3644 5079 3784 5132 Ῥω·-

2199 5181 2380 5252 μαίοις
2428 5181 2484 5233 ὲν
2530 5183 2597 5250 τῇ
2652 5178 2822 5242 πόλει,
2856 5172 3236 5246 αἰχμαλώτους
3275 5173 3502 5239 ἄγοντες
3551 5172 3787 5239 Ἀγαρη-

2195 5273 2318 5336 νούς
2342 5291 2357 5304 ο
2394 5272 2531 5341 ὅπερ
2555 5268 2621 5341 ἦν
2653 5267 2966 5338 θαυμαστὸν
3007 5266 3097 5318 καὶ
3129 5262 3431 5335 παράδοξον
3460 5264 3661 5330 δεῖγμα
3683 5261 3785 5329 τῆς

2194 5368 2305 5420 τῶν
2333 5365 2510 5419 ἀθέων
2556 5361 2874 5432 Ἀγαρηνῶν
2908 5359 3224 5429 δυστυχίας.
3261 5357 3695 5424 Τελευτήσαντος
3727 5351 3788 5405 δὲ

2195 5460 2290 5513 τοῦ
2325 5456 2592 5526 ’Λπὸχ.αψ,
2627 5455 2820 5525 ἀνδρὸς
2847 5453 3114 5526 φρονίμου
3147 5451 3241 5505 καὶ
3262 5449 3484 5504 συνετοῦ
3517 5446 3789 5500 καὶδυνα·

2197 5551 2315 5610 τοῦ,
2351 5549 2604 5602 διέλυσαν
2643 5548 2744 5619 τὴν
2776 5550 3002 5618 εἰρήνην
3035 5549 3084 5601 oi
3123 5545 3220 5617 τὴν
3253 5544 3566 5613 Μελιτηνὴν
3603 5555 3790 5594 κατοι-

2199 5641 2450 5706 κοῦντες.
2497 5639 2988 5714 Ἐκᾱτρατεύουσιν
3041 5634 3136 5696 οὖν
3184 5637 3305 5693 κατ’
3348 5636 3530 5692 αὐτῶν
3569 5635 3728 5690 πάλιν
3761 5632 3789 5685 ὃ

1813 5736 2041 5792 VARI/[‘3
2085 5737 2486 5796 LELTIOAES.

569 5820 614 5848 ⁸³
650 5821 927 5893 Θεοδώρου
957 5824 1020 5878 Ρ.
1099 5825 1144 5856 ⁸⁸
1178 5815 1569 5900 προσηκόντων
1602 5844 1654 5898 p.
1685 5828 1788 5882 957
1821 5828 1876 5884 b.
