4128 6440
460 329 572 393 969

1568 334 1765 394 νιτΑι
1795 332 2353 395 RECENTIORUM
2394 337 2594 398 IMPP.

3627 347 3735 411 970

454 460 518 495 τε
541 440 861 513 δομέστικος
884 442 992 497 τῶν
1017 441 1221 515 σχολῶν
1251 444 1500 515 Ἰωάννης
1524 447 1551 498 ό
1574 447 1615 496 K
1628 446 1821 515 ροκόας
1843 446 1888 476 ⁸⁷
1908 444 2027 513 μετέ

2154 446 2256 500 bus
2284 457 2339 502 et
2366 427 2698 520 legionibus,
2743 452 3037 523 Meliusque
3087 457 3367 512 Armeniis
3422 459 3733 528 praefectus.

454 536 567 590 τῶν
583 536 837 606 θεμάτων
859 538 971 615 zeal;
984 537 1095 590 τῶν
1119 539 1420 609 ταγμάτων
1434 539 1527 592 καὶ
1558 542 1584 592 ό
1618 541 1832 610 Μηλίοις
1848 542 1892 571 ³⁸
1910 542 2046 611 μετὰ

453 627 565 681 τῶν
590 626 912 698 Ἀρμενίων,
946 628 1042 682 καὶ
1076 628 1280 692 πολλὰς
1327 632 1609 700 προνομὰς
1647 632 1768 684 καθ’
1805 633 2045 702 ἑκάστην

457 720 798 790 ποιούμενοι,
834 722 927 775 καὶ
954 725 1076 786 ταῖς
1102 722 1385 792 συνεχέσιν
1413 725 1736 795 ἐπιδρομαῖς
1764 726 2048 797 αίχμαλω-

454 812 699 875 τίζοντες
716 812 939 879 τούτους
965 814 1059 868 καὶ
1086 814 1381 883 ληϊζοντες,
1401 816 1766 887 είςτοσαύτην
1786 818 2045 871 στένωσιν

457 905 555 974 τὴν
604 905 913 977 Μελιτηνὴν
959 906 1328 977 περιέστησαν
1380 907 1466 979 [Ρ.
1504 908 1633 976 5851
1670 910 1813 963 ὥστε
1874 910 2046 981 αὐτὴν

457 996 848 1066 συντομώτατα
861 998 1205 1068 ὲκπορθῆσαι
1232 999 1327 1051 καὶ
1346 998 1451 1062 ἕως
1479 1000 1711 1071 ἐδάφους
1740 1003 2045 1071 καταστρέ-

454 1088 576 1157 ψαι,
601 1089 660 1140 οὑ
697 1088 860 1158 μόνον
882 1089 937 1142 δὲ
968 1088 1195 1160 ταύτην,
1230 1091 1367 1144 ἀλλὰ
1398 1092 1492 1145 καὶ
1526 1093 1626 1156 τὰς
1648 1092 1882 1163 ὁμόρους
1903 1094 2041 1165 αὐτῇ

457 1182 644 1244 πόλεις
670 1183 763 1235 καὶ
788 1183 973 1255 χώρας
1004 1179 1341 1255 πολυτόρους
1373 1202 1433 1238 τε
1467 1186 1630 1250 οὔσας
1654 1186 1749 1239 καὶ
1782 1188 2046 1249 πιοτάτας

454 1278 549 1329 καὶ
580 1276 745 1338 ἄλλας
769 1278 813 1308 ⁸⁸
842 1275 1043 1339 πολλὰς
1066 1278 1326 1348 παρέχειν
1357 1279 1673 1349 προσόδους.
1708 1278 1925 1348 Ταύτην
1951 1278 2044 1332 οὖν

454 1364 552 1436 τὴν
574 1367 618 1398 ⁸⁸⁷
668 1366 978 1438 Μελιτηνὴν
1026 1370 1107 1431 εἰς
1142 1368 1529 1439 κουρατωρίαν
1576 1368 2044 1438 ἀποκαταστήσας

451 1458 479 1508 ό
512 1455 767 1527 βασιλεὺς
819 1457 1019 1522 πολλὰς
1066 1458 1316 1528 χιλιάδας
1364 1459 1591 1530 χρυσίου
1651 1461 1742 1513 καὶ
1776 1460 2042 1537 ἀργυρίου

450 1547 662 1600 ἐκεῖθεν
702 1547 1167 1618 δασμοφορείσθαι
1200 1549 1435 1620 ἐτησίως
1476 1551 1798 1621 πεποίηκεν.

523 1638 633 1706 λς’.
698 1641 1072 1713 Κατηγορήθη
1134 1642 1191 1695 δὲ
1254 1641 1502 1714 Νικήτας
1577 1644 1879 1715 μάγιστρος
1946 1645 2044 1697 καὶ

450 1735 715 1806 πενθερὸς
771 1736 1150 1806 Χριστοφόρου
1197 1735 1464 1806 βασιλέως
1525 1736 1601 1801 ὡς
1652 1737 2043 1807 ὑποτιθέμενος

449 1827 598 1897 αὐτῷ
632 1827 775 1881 κατὰ
801 1827 896 1880 τοῦ
932 1828 1064 1882 ἰδίου
1100 1828 1357 1897 γενέσθαι
1392 1829 1600 1898 πατρὸς
1629 1831 1723 1883 καὶ
1752 1831 1851 1899 τῆς
1882 1830 2038 1900 βασι-

448 1920 599 1983 λείας
643 1921 805 1974 αὐτὸν
857 1920 1105 1986 ἐξεῶσαι.
1145 1922 1347 1975 Τοῦτον
1394 1918 1489 1975 οὖν
1543 1921 1904 1992 ἐξαγαγόντες
1937 1924 2037 1994 τῆς

449 2015 658 2077 πόλεως
684 2016 987 2086 ἀπέκειραν
1016 2017 1269 2086 μοναχὸν,
1295 2014 1724 2087 ὑπερορίσαντες
1756 2019 1813 2070 ὲν
1836 2017 1911 2086 τῷ
1936 2017 2034 2070 αὐ-

445 2107 540 2160 τοῦ
581 2107 920 2178 προαστείῳ.

518 2197 617 2262 λζ’.
649 2200 798 2266 Μηνὶ
831 2200 888 2252 δέ
933 2198 1138 2271 Ἰουλίῳ
1170 2205 1260 2271 ιη’,
1299 2199 1629 2264 ἰνδικτιῶνος
1660 2199 1735 2267 ς’,
1764 2201 2035 2271 Στέφανος

440 2295 472 2347 ὁ
526 2294 874 2364 πατριάρχης
923 2293 1172 2363 τελευτᾷ,
1215 2294 1450 2364 ποιήσας
1502 2292 1598 2363 ἔτη
1635 2292 1677 2363 β’
1710 2295 1804 2347 καὶ
1860 2297 2035 2366 μῆνας

446 2391 535 2441 ια’.
562 2387 885 2457 Δεκεμϐρίῳ
918 2386 975 2439 δὲ
1016 2386 1149 2458 μηνὶ
1189 2387 1251 2440 ιδ’
1282 2386 1473 2455 ἄγουσι
1499 2386 1772 2457 Τρύφωνα
1798 2388 2033 2458 μοναχὸν

441 2481 502 2534 ἐν
527 2479 604 2550 τῷ
649 2478 881 2549 ὐψικίῳ
912 2478 1239 2550 μονάζοντα,
1265 2479 1355 2531 ἐπ’
1380 2479 1637 2551 εὐλαϐείᾳ
1662 2480 1758 2533 καὶ
1782 2481 2032 2552 ἁγιότητι

444 2572 921 2645 μαρτυρούμενον,
974 2572 1068 2626 καὶ
1122 2571 1498 2643 χειροτονοῦσι
1538 2573 1889 2645 πατριάρχην
1941 2575 2034 2627 ἐπὶ

443 2669 622 2737 χρόνῳ
653 2665 803 2737 ῥητῷ
825 2668 892 2733 ⁸⁸,
932 2667 1125 2738 μέχρις
1158 2666 1224 2719 ἂν
1252 2667 1332 2729 είς
1375 2665 1576 2736 μέτρον
1611 2667 1826 2737 ἡλικίας
1852 2668 2030 2739 φθάσῃ

438 2760 823 2831 Θεοιρύλακτος
881 2762 909 2813 ὁ
972 2760 1066 2813 τοῦ
1125 2758 1390 2830 βασιλέως
1441 2760 1727 2831 Ῥωμανοῦ
1790 2762 1924 2827 υίὲς,
1971 2763 2031 2816 ὃν

440 2853 668 2922 ἔμελλον
720 2853 1066 2925 πατριάρχην
1117 2854 1447 2924 χειροτονεῖν
1505 2854 2028 2910 Κωνσταντινουπό-

439 2947 597 3010 λεως.

508 3121 609 3192 λη’.
666 3122 857 3176 Είκάδι
901 3122 959 3176 δὲ
1010 3123 1239 3195 πέμπτῃ
1275 3123 1367 3177 τοῦ
1406 3123 1571 3178 αὐτοῦ
1610 3125 1782 3198 μηνὸς
1817 3127 2027 3199 χειμὼν
2057 3158 2101 3217 C

436 3215 713 3286 ἀφόρητος
764 3219 1008 3285 γέγονεν,
1059 3215 1200 3269 ὥστε
1249 3217 1735 3290 κρυσταλλωθῆναι
1769 3220 1869 3293 τὴν
1921 3221 2025 3292 γῆν

435 3307 531 3360 ἐπὶ
562 3307 776 3379 ἡμέρας
809 3314 911 3377 ρκ’.
948 3309 1110 3361 ὈΟεν
1143 3309 1237 3361 καὶ
1268 3310 1460 3378 γέγονε
1500 3309 1673 3381 μέγας
1711 3310 1868 3381 λιμὸς
1896 3312 2024 3376 τοὺς

432 3399 657 3454 πώποτε
686 3402 1016 3473 γενομένους
1048 3401 1544 3474 ὑπερϐαλλόμενος,
1576 3406 1670 3459 καὶ
1698 3404 1930 3470 θάνατος
1958 3408 2024 3460 ἐκ

430 3493 589 3548 τοῦδε
614 3494 803 3560 πολὺς,
833 3494 909 3558 ὡς
942 3494 1017 3566 μὴ
1033 3493 1293 3549 δύνασθαι
1314 3494 1441 3558 τοὺς
1468 3494 1678 3560 ζῶντας
1703 3496 2023 3568 ἐκκομίζειν

428 3585 560 3649 τοὺς
587 3584 911 3650 τεθνεῶτας.
956 3585 1013 3639 Ὀ
1030 3586 1086 3639 δέ
1109 3585 1367 3656 βασιλεὺς
1405 3586 1690 3659 Ῥωμανὸς
1718 3589 1816 3660 τὴν
1844 3590 2021 3661 ἀπόρ-

432 3681 597 3751 ρητον
622 3679 666 3711 ⁸⁸
697 3678 915 3749 ἐκείνην
952 3678 1073 3749 βίαν
1109 3682 1477 3752 κατανοήσας,
1514 3680 1671 3747 ἀξίαν
1709 3683 1810 3753 τῆς
1851 3684 2017 3738 αὕτοῦ

427 3769 755 3841 συμπαθοῦς
798 3770 895 3824 καὶ
924 3770 1219 3841 ἐλεήμονος
1263 3772 1478 3842 φύσεως
1525 3774 1784 3844 πρόνοιαν
1826 3776 2020 3849 ἐποιή-

427 3879 581 3926 σατο,
621 3863 844 3927 πολλαῖς
875 3863 1270 3934 ὲλεημοσὺναις
1301 3865 1402 3934 τὴν
1431 3866 1495 3918 ἐκ
1528 3866 1620 3919 τοῦ
1646 3866 1808 3935 λιμοῦ
1836 3885 2017 3940 παρα-

428 3954 815 4026 μυθησάμενος
843 3954 1049 4008 ἔνδειαν
1068 3971 1083 3987 ο
1120 3953 1396 4026 ἀνέφραξέ
1427 3972 1487 4006 τε
1532 3954 1715 4025 θυρίσι
1740 3956 1836 4009 καὶ
1868 3974 2018 4011 σανι-

419 4044 634 4116 δὼμασι
671 4046 769 4109 τὰς
814 4045 924 4098 τῶν
972 4044 1223 4114 ἐμϐόλων
1252 4046 1436 4110 στοὰς,
1487 4046 1565 4109 ὡς
1603 4044 1676 4117 μὴ
1714 4046 1815 4117 τὴν
1862 4050 2016 4119 χιόνα

426 4139 522 4191 καὶ
569 4138 629 4191 τὸ
658 4137 829 4209 ψῦχος
868 4138 1081 4191 ἐκεῖθεν
1120 4136 1426 4190 ἐπεισιέναι
1460 4139 1571 4200 τοῖς
1622 4137 1839 4208 πένησι.
1878 4139 2014 4193 Τότε

426 4229 525 4283 καὶ
552 4230 650 4293 τὰς
677 4228 980 4300 λεγομένας
1013 4228 1222 4301 ἄρκλας
1249 4230 1307 4282 ἐν
1338 4229 1473 4309 πβισι
1504 4227 1878 4282 κατεσκεύασε
1901 4230 2015 4292 τοῖς

424 4323 700 4392 ἐμϐόλοις,
754 4321 999 4394 ἄργυρόν
1054 4339 1114 4374 τε
1163 4321 1305 4375 κατὰ
1343 4324 1489 4393 μῆνα
1538 4323 1649 4384 τοῖς
1684 4322 1741 4373 ἐν
1786 4320 2014 4385 ταύταις

426 4417 854 4487 κατακειμένοις
911 4415 1107 4486 πένησι
1146 4414 1386 4468 δίδοσθαι
1437 4412 1739 4479 διετάξατο,
1777 4416 1870 4467 καὶ
1945 4414 2015 4467 τὰ

423 4510 662 4577 μηνιαία
686 4507 940 4578 τριμίσια
977 4507 1034 4560 ὲν
1069 4509 1191 4569 ταῖς
1222 4504 1562 4577 ἐκκλησίαις,
1584 4506 1828 4577 ἀργύρου
1853 4508 2014 4573 ἐγκε-

417 4600 772 4670 χαραγμένου
808 4598 1055 4669 χιλιάδας
1088 4598 1177 4668 ιβ’.
1211 4599 1286 4652 Οὐ
1325 4598 1462 4669 μόνα
1493 4600 1549 4652 δὲ
1578 4598 1755 4653 ταῦτα
1780 4602 1813 4670 ἡ
1864 4616 2006 4669 συμο

417 4691 600 4760 παθὴς
629 4692 817 4762 ἐκείνη
856 4690 1000 4762 ψυχὴ
1030 4690 1409 4745 διετυπὼσατο
1439 4691 1549 4744 τῶν
1592 4692 1843 4762 πενήτων
1872 4711 2009 4762 προ-

416 4786 706 4859 νοουμένη,
746 4787 883 4841 ἀλλὰ
912 4789 1014 4865 ,καὶ
1044 4786 1167 4840 καθ’
1210 4785 1423 4857 ἡμέραν
1453 4788 1603 4858 τρεῖς
1647 4785 1794 4857 αὐτῷ
1828 4804 2015 4841 συνεσ-

410 4878 552 4932 θίειν
584 4879 826 4951 πένητας
878 4879 1184 4944 διετάξατο,
1238 4880 1287 4933 οἳ
1333 4879 1428 4933 καὶ
1463 4879 1567 4931 ἀνὰ
1600 4878 1656 4931 ἓν
1702 4879 2007 4950 ἐλάμϐανον

411 4972 678 5041 νόμισμα.
716 4972 947 5045 Τετράδι
992 4972 1049 5024 δὲ
1098 4972 1192 5025 καὶ
1227 4973 1555 5042 παρασκευῇ
1588 4973 1738 5042 τρεῖς
1779 4972 2011 5040 πένητες

412 5063 643 5134 μοναχοὶ
701 5063 1025 5135 συνήσθιον,
1084 5064 1145 5117 τὸ
1196 5062 1583 5132 τετυπωμένον
1635 5062 2009 5133 λαμϐάνοντες

410 5153 659 5223 νόμισμα
709 5153 963 5219 ἕκαστος.
1026 5155 1113 5227 [Ρ.
1160 5154 1287 5227 586]
1321 5154 1496 5224 Ὅπερ
1527 5150 1583 5207 δὲ
1614 5154 1670 5205 ἐν
1695 5155 1808 5216 τοῖς
1844 5170 2010 5222 μονα-

412 5248 661 5319 στηρίοις
719 5247 903 5302 εἰώθει
954 5248 1222 5316 γίνεσθαι,
1274 5246 1416 5299 ὥστε
1469 5246 1526 5298 ἐν
1573 5245 1651 5315 τῷ
1684 5244 1860 5316 καιρῷ
1909 5245 2009 5316 τῆς

411 5341 710 5406 ἑστιάσεως
727 5342 1040 5409 ἀνάγνωσιν
1057 5341 1322 5408 γίνεσθαι,
1343 5338 1501 5392 τοῦτο
1520 5340 1612 5391 καὶ
1630 5339 1789 5403 αὐτὸς
1807 5340 2004 5404 ἐποίει,

401 5432 607 5503 διπλῆν
652 5433 832 5504 ἐαυτῷ
860 5433 958 5487 καί¹
988 5435 1100 5497 τοῖς
1139 5433 1427 5503 δαιτυμόσι
1458 5430 1554 5502 τὴν
1587 5431 1869 5502 τράπεζαν
1900 5450 2008 5486 πα-

2151 538 2216 593 Ηί
2241 542 2444 597 multas
2468 543 2715 612 quotidie
2743 556 2967 615 agentes
2999 550 3231 619 praedas,
3266 550 3617 622 assiduisque
3643 568 3739 607 ex-

2146 634 2506 689 cursionibus
2560 644 2728 691 totam
2787 637 2896 693 late
2947 641 3229 711 regionem
3283 643 3615 713 populantes
3673 660 3740 699 ac

2147 721 2315 793 908
2340 724 2591 793 captivos
2631 725 2918 791 ducentes,
2952 728 3008 782 in
3039 736 3217 785 tantas
3252 730 3562 787 Melitenem
3600 732 3733 788 ade-

2147 825 2348 886 gerunt
2406 819 2687 888 angustias
2749 829 2810 876 ut
2861 821 3193 879 brevissimo
3261 834 3507 896 tempore
3559 828 3734 897 ipsam

2146 915 2585 981 expugnaverint
2613 931 2678 971 ac
2719 917 2837 971 solo
2875 926 3036 975 tenus
3064 922 3429 989 aequaverint.
3458 924 3571 980 Nec
3612 939 3732 978 eam

2149 1002 2335 1069 modo,
2357 1005 2455 1060 sed
2485 1015 2540 1060 et
2572 1007 3003 1066 circumvicinas
3033 1013 3200 1069 urbes
3230 1023 3397 1085 atque
3432 1017 3637 1086 oppida
3678 1026 3736 1071 et

2149 1096 2404 1167 regiones
2449 1098 2821 1158 feracissimas
2869 1105 3214 1176 opimasque,
3266 1122 3332 1162 ac
3366 1124 3488 1179 quae
3536 1109 3738 1165 multos

2148 1198 2453 1257 proventus
2480 1192 2800 1249 exhibeant.
2834 1194 2989 1250 Hanc
3027 1196 3198 1267 igitur
3224 1199 3538 1255 Melitenen]
3570 1200 3737 1271 impe-

2148 1291 2299 1337 rator
2344 1282 2399 1337 in
2439 1286 2777 1341 curatoriam
2821 1287 3079 1359 redigens
3120 1290 3233 1360 (alii
3278 1293 3619 1362 provinciam
3655 1293 3737 1349 di-

2146 1375 2323 1446 cant),
2360 1376 2532 1431 multa
2558 1379 2705 1434 eruit
2741 1379 2863 1434 auri
2889 1381 3219 1452 argentique
3254 1383 3447 1440 millia.

2217 1642 2308 1697 '56.
2355 1643 2581 1698 Delatus
2615 1658 2749 1698 vero
2785 1643 3034 1699 criminis
3071 1654 3155 1699 est
3200 1645 3421 1700 Nicetas
3471 1645 3737 1716 magister

2146 1752 2209 1791 ac
2240 1735 2626 1806 ChristOphori
2650 1738 3006 1807 imperatoris
3025 1754 3205 1804 socer,
3226 1748 3285 1793 ut
3307 1741 3399 1809 qui
3426 1739 3735 1794 rebellandi

2144 1830 2412 1885 adversus
2465 1840 2677 1900 patrem
2713 1848 2952 1902 eumque
2989 1833 3129 1888 solio
3177 1833 3510 1889 deturbandi
3540 1842 3735 1890 auctor

2146 1923 2237 1977 ille
2268 1921 2485 1977 fuisset.
2523 1922 2793 1989 Quocirca
2830 1923 2969 1979 urbe
3000 1924 3242 1994 ejectum
3270 1924 3604 1979 monachum
3633 1924 3732 1982 de-

2144 2013 2469 2080 tonderunt,
2495 2015 2675 2070 exsilii
2700 2015 2754 2070 in
2788 2016 3113 2073 suburbano
3147 2033 3249 2074 suo
3281 2017 3627 2074 damnatum.

2214 2196 2304 2250 57.
2348 2196 2550 2252 Mensis
2580 2196 2712 2253 Julii
2756 2196 2847 2253 die
2900 2197 3115 2253 decima
3161 2208 3377 2265 octava,
3429 2199 3733 2258 indictione

2144 2296 2321 2355 sexta,
2347 2290 2585 2344 moritur
2630 2289 2948 2360 Stephanus
2982 2291 3319 2362 patriarcha,
3349 2308 3477 2349 eum
3518 2295 3570 2349 ei
3606 2310 3732 2350 mu-

2143 2382 2262 2436 neri
2295 2382 2605 2451 przefuisset
2637 2398 2816 2438 annos
2845 2382 2987 2438 duos
3014 2399 3232 2441 menses
3262 2386 3542 2442 undecim.
3575 2386 3732 2443 Men-

2141 2475 2220 2528 sis
2267 2484 2452 2529 autem
2498 2475 2819 2531 Decembris
2848 2485 3045 2546 quarta
3085 2476 3318 2543 decima,
3377 2479 3734 2550 Tryphonem

2140 2565 2428 2620 adducunt
2460 2568 2517 2620 in
2572 2566 2796 2638 Opsicio
2827 2568 3184 2634 monachum,
3224 2570 3406 2625 virum
3461 2571 3736 2643 religiosis

2140 2658 2390 2714 moribus
2431 2674 2463 2713 a
2513 2660 2808 2715 sanctitate
2842 2662 3159 2730 probatum,
3204 2662 3578 2734 ordinantque
3633 2681 3734 2735 pa-

2139 2750 2440 2805 triarcbam
2476 2750 2544 2805 ad
2574 2760 2788 2806 certum
2820 2761 3064 2823 tempus,
3094 2754 3273 2810 donec
3307 2755 3521 2811 scilicet
3548 2756 3734 2812 Theo-

2139 2842 2432 2913 phylactus
2462 2844 2696 2898 Romani
2731 2844 2876 2900 filius
2903 2855 3135 2902 matura:
3162 2851 3341 2903 aetatis
3369 2864 3542 2904 annos
3564 2851 3736 2906 attin-

2137 2944 2312 3005 geret,
2365 2950 2529 3005 quem
2581 2936 2952 3006 patriarcham
3003 2939 3353 3010 Cpolitanum
3416 2943 3732 3014 praefecturi

2137 3037 2318 3083 erant.

2208 3122 2295 3176 58.
2332 3121 2593 3193 Ejusdem
2624 3123 2833 3178 mensis
2865 3123 2957 3179 die
2988 3124 3251 3195 vigesima
3287 3124 3479 3196 quinta
3510 3127 3725 3197 gravis-

2135 3214 2275 3270 sima
2298 3214 2476 3271 saeviit
2498 3224 2554 3271 et
2588 3216 2958 3272 intolerabilis
2984 3217 3182 3279 hiems,
3216 3218 3355 3273 adeo
3389 3226 3447 3273 ut
3477 3220 3595 3276 dies
3624 3221 3727 3277 120

2135 3314 2283 3360 terra
2314 3306 2439 3376 gelu
2467 3315 2728 3363 concreta
2751 3308 3080 3380 obriguerit.
3114 3309 3232 3365 Hoc
3264 3310 3388 3381 gelu
3426 3312 3724 3371 subsecuta

2131 3399 2328 3466 fames,
2359 3411 2566 3471 quanta
2590 3412 2719 3458 ante
2746 3419 3030 3474 nunquam
3073 3405 3394 3471 exstiterat;
3432 3422 3609 3477 exque
3627 3408 3725 3465 illa

2132 3493 2344 3549 crebrae
2372 3494 2541 3565 909
2570 3495 2708 3551 adeo
2738 3506 2944 3551 mortes
2976 3506 3036 3552 ut
3068 3513 3171 3553 nec
3200 3497 3444 3553 ferendis
3487 3500 3725 3571 mortuis

2132 3583 2244 3638 vivi
2272 3582 2612 3640 sufﬁcerent.
2656 3584 2831 3642 Porro
2860 3588 3143 3643 Romanus
3186 3589 3487 3659 imperator
3512 3594 3724 3647 tantam

2131 3675 2247 3730 vim
2296 3677 2449 3741 mali,
2482 3687 2538 3732 et
2586 3694 2752 3749 quam
2782 3680 2934 3735 nulla
2982 3681 3283 3737 verborum
3319 3682 3403 3738 vis
3448 3684 3725 3753 explicare

2129 3768 2325 3839 possit,
2358 3770 2741 3837 considerans,
2784 3773 3213 3829 convenientem
3260 3791 3360 3845 pro
3395 3782 3587 3832 tenera
3621 3793 3721 3832 sua

2126 3859 2477 3930 benignaque
2507 3860 2561 3913 in
2587 3861 2825 3916 miseros
2859 3862 3044 3916 indole
3076 3878 3267 3917 curam
3314 3865 3396 3918 eis
3441 3864 3718 3932 adhibuit,

2127 3952 2276 4021 larga
2298 3953 2774 4023 eleemosynarum
2806 3953 3132 4023 prrebitione
3161 3954 3320 4010 famis
3358 3956 3720 4028 indigentiam
3764 4002 3771 4009 ,

2127 4043 2333 4098 solans.
2366 4043 2688 4097 Porticuum
2723 4057 2957 4114 quaeque
2991 4044 3164 4114 spatia
3201 4043 3459 4101 fenestris
3498 4042 3719 4103 tabula-

2129 4133 2310 4202 tisque
2333 4131 2635 4199 obstruxit,
2654 4147 2721 4186 ne
2740 4148 2838 4202 per
2863 4148 2925 4186 ea
2944 4132 3036 4186 nix
3058 4133 3338 4203 frigusque
3359 4134 3413 4188 in
3441 4151 3718 4206 pauperes

2126 4234 2492 4297 grassaretur.
2531 4225 2671 4279 Tum
2706 4241 2800 4280 eas
2843 4241 3066 4297 quoque
3094 4241 3231 4296 quas
3265 4238 3469 4282 vocant
3499 4228 3719 4285 arculas

2125 4335 2189 4373 ac
2228 4319 2577 4389 proiecturas
2627 4316 2683 4371 in
2743 4317 2961 4373 cunctis
3005 4316 3315 4389 porticibus
3365 4320 3715 4385 construxit;

2125 4425 2527 4480 nummumque
2589 4418 2913 4481 argenteum
2982 4411 3173 4481 egenis
3235 4409 3348 4465 illic
3400 4411 3718 4481 jacentibus

2049 4523 2092 4577 ι)
2123 4514 2260 4577 quot
2291 4505 2575 4559 mensibus
2596 4503 2812 4574 erogari
2846 4505 3143 4575 prmcepit;
3178 4511 3463 4561 menstrua
3492 4520 3716 4574 quoque

2123 4598 2360 4653 trimisia
2395 4614 2495 4669 per
2536 4596 2801 4651 ecclesias
2849 4596 3190 4666 pauperibus
3215 4597 3382 4668 jussit
3427 4595 3714 4659 distribui,

2122 4691 2337 4763 argenti
2367 4689 2568 4759 signati
2612 4688 2904 4743 duodecim
2927 4688 3120 4742 millia.
3168 4687 3360 4759 Neque
3385 4688 3504 4744 hate
3535 4690 3715 4745 solum

2123 4782 2522 4839 misericordiae
2586 4794 2797 4852 pronus
2848 4780 2968 4852 ejus
3018 4780 3239 4835 animus
3292 4797 3716 4852 pauperumque

2123 4877 2370 4933 liberalis
2397 4874 2652 4947 provisor
2685 4871 3071 4938 constituerat,
3106 4873 3203 4928 sed
3224 4881 3281 4929 et
3318 4882 3433 4927 tres
3463 4872 3717 4942 quotidie

2114 4984 2389 5041 pauperes
2420 4981 2609 5022 secum
2645 4963 2938 5019 comedere
2964 4963 3161 5027 voluit,
3186 4962 3283 5033 qui
3312 4964 3514 5034 singuli
3544 4980 3713 5017 num-
3763 4981 3766 4984 ’

2110 5081 2230 5121 mos
2258 5064 2507 5135 singulos
2557 5061 2923 5133 elcemosynae
2969 5060 3079 5115 ritu
3123 5052 3465 5131 acciperent.
3500 5058 3713 5127 Quarta

2107 5163 2293 5211 autem
2356 5154 2491 5209 feria
2546 5163 2602 5209 et
2634 5166 2931 5224 parasceve
2986 5162 3099 5208 tres
3143 5168 3348 5224 egenos
3404 5151 3712 5207 monachos

2114 5264 2322 5305 mensae
2371 5247 2552 5303 socios
2598 5246 2923 5311 adhibebat,
2958 5245 3054 5316 qui
3108 5254 3165 5301 et
3202 5245 3308 5317 ipsi
3341 5245 3709 5301 constitutum

2117 5356 2403 5396 nummum
2430 5340 2632 5408 singuli
2658 5338 3028 5410 accipiebant.
3053 5338 3324 5410 Quodque
3351 5339 3407 5394 in
3431 5346 3710 5393 monaste-

2116 5434 2217 5488 riis
2267 5434 2377 5488 ritu
2415 5432 2664 5503 legitimo
2711 5440 2988 5499 servatur,
3020 5442 3083 5487 ut
3112 5433 3259 5489 inter
3294 5430 3707 5489 comedendum

1740 5612 1974 5671 VARle
2014 5613 2426 5669 LECTIONES.

478 5736 525 5770 ⁸⁷
548 5737 872 5809 Κουρκούας
906 5753 960 5807 p.
987 5736 1168 5791 257d.
1245 5733 1527 5809 ⁵⁸Μελίας
1556 5729 1751 5809 p._25§
1779 5748 1832 5787 a.
1881 5734 1939 5809 _”
1970 5734 2137 5798 ἄλλας
2167 5734 2285 5809 οἴαξ
2318 5741 2465 5809 recte
2484 5732 2665 5809 p,258
2692 5732 2748 5788 Ι).

2843 5732 3020 5819 ξονξὴν
3046 5748 3156 5789 om.
3188 5730 3251 5787 P.
3326 5733 3365 5763 ⁶¹
3391 5729 3706 5819 σημείωσαι

406 5802 747 5880 χειροτονίαν
780 5809 822 5861 Τ
831 5802 1078 5879 ρύᾴωνος
1111 5806 1454 5876 πατριάρχου
1494 5803 1586 5858 ἐπὶ
1610 5804 1761 5876 ρητῶ
1793 5804 1992 5877 χρόνῳ.
2022 5821 2212 5877 margo
2240 5803 2302 5859 P.
2356 5804 2400 5837 "
2434 5802 2711 5876 ἀφόρητον
2743 5822 2796 5876 p.
2839 5802 2945 5858 “258
2970 5802 3025 5860 d.

734 5906 1007 5967 Pt'ruOL.
1046 5903 1162 5965 Gn.
1199 5900 1361 5965 CIX.

3187 5896 3261 5957 31
