4128 6436
415 297 516 360 (ΠΙ

415 500 663 554 convivis
688 499 962 568 duplicem
986 515 1270 568 apponens
1290 517 1554 564 mensam,
1582 514 1636 556 ut
1665 515 1776 556 tum
1797 520 1997 573 corpus

415 602 680 648 consueto
724 592 848 646 cibo
900 593 1164 656 aleretur,
1225 603 1338 647 tum
1386 596 1566 648 anima
1619 597 1996 650 doctrinarum

415 686 695 755 voluptate
718 684 1115 740 oblectaretur.
1136 686 1349 752 Quibus
1385 687 1476 742 ille
1503 688 1796 757 diligenter
1818 699 1997 744 atten-

415 775 550 828 dens
577 774 844 837 animum,
873 774 1068 844 spiritu
1093 776 1294 831 mentis
1317 786 1702 847 compunctus,
1730 779 1998 849 lacrymao

416 883 536 919 rum
569 867 720 937 large
751 866 933 921 fontes
961 867 1269 922 emittebat.

482 957 650 1028 910
691 959 782 1013 5').
815 958 948 1028 Ejus
983 973 1115 1013 vero
1143 958 1305 1014 ﬁdem
1336 976 1463 1030 erga
1501 962 1824 1027 monachos,
1858 978 1996 1033 quos

413 1052 725 1119 prcesertim
782 1051 1046 1106 sanctitas
1097 1068 1161 1106 ac
1202 1053 1393 1123 religio
1436 1053 1614 1108 claros
1660 1055 1995 1119 reddiderat,

412 1150 620 1211 quanta
671 1143 858 1206 fuerit,
914 1143 1038 1212 quis
1079 1143 1261 1212 possit
1315 1145 1612 1199 enarrare?
1662 1145 1864 1200 Eorum
1901 1161 1999 1199 ne-

412 1247 504 1285 mo
554 1233 610 1286 in
650 1242 1004 1301 conspectum
1048 1233 1321 1296 veniebat,
1376 1234 1465 1288 cui
1507 1241 1663 1290 actus
1705 1251 1834 1290 suos
1873 1250 2000 1289 cum

413 1323 605 1376 multis
655 1323 908 1393 lacrymis
959 1340 1066 1378 non
1116 1333 1438 1394 exponeret.
1485 1326 1622 1380 Cum
1665 1337 1848 1382 autem
1896 1328 2002 1384 lidc

413 1413 804 1467 devotissimus
857 1429 920 1469 ac
969 1430 1180 1469 summe
1237 1416 1578 1472 ortliodoxus
1628 1427 1793 1483 esset,
1850 1418 2002 1473 urbis

411 1520 604 1560 omnes
649 1506 911 1562 ecclesias
959 1507 1251 1577 pellucidis
1314 1509 1503 1564 subtili
1561 1511 1795 1564 stamine
1827 1511 2002 1580 peplis

411 1609 812 1666 eereorumque
845 1612 911 1651 ac
935 1597 1249 1666 lampadum
1302 1597 1461 1667 copia
1491 1597 1778 1667 splendide
1834 1614 1998 1654 exor—

410 1685 597 1750 nabat,
651 1702 714 1741 ac
765 1687 1081 1742 decorabat.
1137 1687 1256 1742 Sed
1294 1697 1349 1744 et
1403 1690 1690 1745 monachis
1739 1690 1796 1744 in
1841 1706 2000 1744 mon-

1669 304 1996 361 ~Cl§ttiitill
2044 304 2384 362 NOX-till“

415 408 577 463 lectio
607 407 891 471 habeatur,
923 406 1026 460 hoc
1059 417 1113 462 et
1154 408 1240 461 ille
1282 412 1590 477 ptueslalml,
1630 413 1731 464 sibi
1781 415 1894 480 ἰνιο
1934 422 1989 464 et

2105 416 2362 482 partlls‘vg,
2395 416 2530 466 ὥστε

3580 298 3686 361 972

2585 414 2639 464 τε,
2675 413 2771 480 μὶν
2827 412 2980 479 σῶμα
3027 411 3330 482 τρέφεσθαι·
3358 413 3422 484 τῇ
3463 411 3686 483 συνήθει

2102 510 2298 577 τροφῇ,
2351 509 2446 576 τὴν
2510 507 2563 557 δὲ
2614 505 2788 575 ψυχὴν
2844 508 2906 575 τῇ
2980 505 3302 575 καταλλήλῳ
3339 506 3447 560 τῶν
3509 505 3682 572 λόγων

2106 599 2447 670 ἐπεντρνφᾷν
2503 599 2681 667 ἡδονῇ,
2729 591 2807 658 οἷς
2858 598 3066 659 ἐκεῖνος
3100 597 3376 666 ἐπιμελῶς
3408 597 3686 665 προσέχων

2104 692 2193 744 τὸν
2252 691 2375 743 νοῦν
2421 691 2783 744 κατενύσσετο
2830 689 2926 760 τὴν
2978 689 3155 760 ψυχὴν
3205 689 3299 742 καὶ
3340 689 3541 752 πολλὰς
3591 688 3685 742 δα-

2105 782 2290 854 κρύων
2321 782 2473 852 ἠφίει
2504 783 2706 850 πηγάς.

2174 953 2268 1008 λο’.
2303 955 2414 1023 Τὴν
2454 955 2509 1008 δὲ
2539 956 2724 1008 πίστιν
2765 957 2831 1026 ἣν
2862 955 3131 1025 ἐκέκτητο
3178 956 3314 1026 πρὸς
3340 956 3550 1020 πάντας
3583 957 3685 1026 μὲν

2107 1046 2403 1115 μοναχοὺς,
2441 1047 2678 1114 μάλιστα
2706 1047 2762 1100 δὲ
2792 1048 2914 1110 τοὺς
2945 1047 3038 1100 ἐπὶ
3070 1046 3350 1117 ἁγιωσύνῃ
3367 1046 3686 1117 διαϐοήτους

2108 1139 2200 1192 καὶ
2254 1139 2512 1210 εὐλαϐείᾳ
2571 1140 2654 1204 τίς
2697 1139 2764 1194 ἂν
2833 1140 3198 1210 διηγήσαιτος
3252 1141 3366 1192 Οὐκ
3425 1139 3688 1193 ἐθεάσατο

2105 1229 2215 1298 γάρ
2245 1246 2377 1282 ποτε
2411 1231 2648 1300 μοναχὸν
2683 1230 2887 1300 ἀρετῆς
2933 1230 3298 1300 ἀντεχόμενον
3323 1269 3337 1290 ,
3375 1221 3528 1297 ᾧτινι
3587 1229 3687 1291 τὰς

2105 1317 2303 1373 ἐαυτοῦ
2346 1319 2573 1388 πράξεις
2611 1319 2709 1372 σὺν
2735 1319 2951 1382 πολλοῖς
2985 1320 3084 1372 οὐκ
3117 1319 3446 1389 ἐξηγόρευσε
3482 1317 3687 1389 δάκρυ-

2108 1427 2212 1464 σιν.
2257 1393 2587 1474 Πιστότατος
2607 1410 2666 1464 δὲ
2695 1410 2770 1463 ῶν
2810 1410 2901 1464 καὶ
2943 1410 3353 1483 ὀρθοδοξότατος
3377 1409 3558 1472 πάσας
3589 1399 3688 1474 τὰς

2104 1504 2204 1573 τῆς
2234 1503 2443 1566 πόλεως
2474 1503 2770 1573 ἐκκλησίας
2812 1502 3035 1565 πέπλοις
3057 1503 3341 1570 διαφανέσι
3369 1501 3465 1556 καὶ
3502 1519 3689 1571 φωτα-

2105 1595 2334 1664 γωγίαις
2377 1595 2661 1667 λαμπραῖς
2711 1595 3044 1665 κατεκόσμει
3099 1595 3193 1648 καὶ
3238 1594 3684 1666 κατεφαίδρννεν.

2120 1685 2279 1739 Ἀλλὰ
2311 1688 2408 1740 καὶ
2435 1687 2546 1748 τοῖς
2575 1685 2632 1739 ἐν
2665 1686 2774 1746 τοῖς
2800 1684 2951 1754 ὄρεσι
2982 1685 3256 1754 μοναχοῖς,
3286 1683 3360 1754 τῷ
3385 1701 3440 1735 τε
3489 1682 3690 1750 Ὀλύμ-

411 1777 580 1842 tibus,
631 1787 745 1832 tum
791 1795 987 1850 nempe
1036 1779 1266 1852 Olympo
1311 1788 1426 1835 tum
1473 1781 1721 1853 Cymina,
1752 1790 1808 1837 et
1834 1799 1998 1852 quem

2113 1797 2200 1849 πῳ
2247 1780 2342 1833 καὶ
2377 1777 2456 1848 τῷ
2504 1778 2739 1848 Κυμηνᾷ
2774 1777 2824 1808 ⁸³
2851 1778 2945 1830 καὶ
2971 1780 3039 1848 τῇ
3081 1778 3272 1847 Χρυσῇ
3314 1776 3688 1845 κατονομαζο-

409 1879 614 1924 vocant
687 1872 906 1925 Petram
980 1887 1240 1935 auream,
1316 1880 1372 1925 et
1435 1872 1700 1927 Baracliei
1773 1883 1997 1939 monte,

409 1963 566 2018 nullo
617 1979 858 2033 unquam
928 1973 1174 2033 tempore
1226 1964 1439 2020 destitit
1490 1981 1670 2020 annua
1727 1966 1999 2038 stipendia

409 2057 634 2111 mittere
681 2072 986 2126 eorumque
1031 2072 1117 2110 res
1161 2072 1358 2111 curare
1415 2071 1476 2110 ac
1526 2057 1607 2112 eis
1647 2058 1996 2127 prospicere;

409 2147 618 2217 quique
671 2146 814 2202 inter
874 2148 998 2201 illos
1044 2148 1278 2203 actionis
1331 2150 1479 2204 cultu
1537 2165 1600 2204 ac
1658 2149 1998 2219 contempla-

410 2239 564 2293 tione
618 2239 947 2310 spectabiles
999 2251 1222 2305 essent,
1279 2239 1346 2294 ad
1407 2256 1466 2295 se
1534 2255 1847 2305 accersere,
1906 2255 2000 2295 co-

411 2348 645 2402 rumque
677 2348 901 2402 precum
944 2332 1203 2402 sull‘ragia
1231 2333 1552 2403 decerpere.
1590 2333 1701 2388 Nec
1723 2333 1777 2387 id
1813 2333 1997 2398 modo,

410 2423 508 2480 sed
566 2433 624 2479 et
669 2424 924 2494 religiosa
965 2424 1363 2478 exercitatione
1411 2424 1660 2489 inclusis,
1708 2433 1763 2479 et
1812 2425 1907 2494 qui
1941 2440 2000 2479 se

411 2515 821 2586 angustissimis
889 2515 1184 2586 tuguriolis
1256 2516 1409 2570 velut
1473 2530 1694 2571 carcere
1759 2515 2003 2570 abdidis-

411 2613 537 2660 sent
560 2646 574 2672 ,
608 2606 822 2660 cunctis
844 2605 1084 2676 denique
1107 2606 1458 2662 monasteriis
1493 2614 1727 2662 statutas
1753 2624 2002 2664 annonas

410 2696 836 2754 subministrare
881 2714 988 2753 non
1049 2699 1319 2754 cessabat.
1369 2699 1477 2754 llas
1529 2701 1680 2756 velut
1725 2717 1756 2756 e
1811 2703 2014 2757 multis

412 2802 615 2855 paucas
647 2788 750 2842 viri
790 2788 1023 2844 virtutes
1063 2789 1552 2862 elceniosynasque
1597 2791 1996 2860 percurrimus.

440 2878 569 2934 ~40.
626 2880 790 2933 Petro
838 2889 1020 2936 autem
1084 2881 1316 2952 Bulgaro
1362 2883 1601 2939 Joannes
1650 2884 1819 2940 frater
1873 2901 1997 2940 cum

410 2971 532 3026 aliis
585 2969 873 3042 Symconis
943 2973 1267 3042 proceribus
1319 2975 1522 3030 struxit
1582 2976 1828 3031 insidias.
1893 2978 1998 3031 Dc-

409 3061 702 3130 prehcnsis
741 3061 870 3125 illis,
907 3063 1147 3118 Joannes
1181 3064 1405 3134 quidem
1445 3066 1772 3122 verberibus
1806 3083 2000 3122 emen-

410 3153 572 3209 datus
611 3155 665 3208 in
706 3170 930 3211 carcere
977 3156 1320 3226 includitur;
1365 3159 1564 3229 reliqui
1621 3160 1836 3216 acerbis
1870 3177 2001 3232 sup-

410 3247 594 3318 pliciis
635 3247 847 3303 subacti
883 3256 1031 3304 sunt.
1086 3247 1291 3304 Horum
1326 3250 1609 3306 Romanus
1637 3251 1938 3322 imperator
1972 3271 2001 3310 a

409 3340 572 3396 Petro
631 3342 837 3397 certior
890 3342 1067 3397 factus
1115 3342 1384 3400 Joannem
1445 3346 1777 3400 monachum
1836 3347 1996 3418 911

409 3435 574 3498 (eum
611 3435 707 3505 qui
755 3445 938 3491 rector
981 3437 1303 3507 exstiterat)
1345 3437 1543 3504 mittit,
1582 3449 1846 3510 pragtextu
1876 3443 2002 3511 qui-

409 3526 534 3580 dem
583 3525 893 3582 redimendi
948 3529 1216 3598 captivos,
1273 3545 1332 3585 rc
1392 3530 1509 3600 ipsa
1553 3547 1688 3586 vero
1737 3543 1798 3588 ut
1841 3533 2004 3589 Joan-

412 3633 540 3671 nem
589 3628 811 3688 caperet
857 3627 914 3674 et
953 3620 1272 3691 Byzantium
1322 3621 1585 3687 duceret;
1634 3625 1783 3694 quod
1823 3635 1879 3680 et
1927 3627 2002 3682 ita

411 3712 662 3782 contigit.
714 3712 929 3783 Quippe
972 3729 1097 3767 cum
1145 3714 1354 3770 Joanne
1404 3731 1600 3771 navem
1651 3717 1932 3788 ingressus
1970 3735 2002 3773 a

411 3798 740 3856 Mesembria
785 3803 840 3856 in
888 3801 1080 3857 urbem
1129 3802 1299 3857 venit.
1351 3803 1465 3858 Nec
1506 3805 1681 3860 multo
1715 3815 1842 3875 post
1874 3823 2002 3878 pro-

408 3892 554 3963 jecto
595 3893 850 3948 monachi
887 3891 1102 3959 habitu,
1144 3909 1268 3949 cum
1305 3895 1494 3950 uxoris
1544 3897 1830 3966 amplexus
1850 3914 2001 3969 qua:-

412 3995 598 4052 reret,
663 3985 969 4056 imperator
1029 3985 1109 4040 illi
1164 3985 1311 4042 aedes
1371 3988 1672 4059 assignavit
1721 3991 2001 4062 multaque

411 4075 637 4131 omnino
678 4077 882 4146 prmdia
937 4077 1215 4143 contulit;
1255 4093 1481 4132 uxorem
1518 4095 1740 4150 quoque
1786 4097 1853 4136 ex
1900 4098 2000 4138 sua

412 4165 586 4237 ipsius
649 4167 1106 4222 Armeniacornm
1187 4168 1364 4238 patria
1426 4169 1476 4223 ei
1539 4169 1773 4238 locavit,
1836 4181 2000 4242 atque

410 4261 465 4316 in
494 4259 725 4316 Caesaris
745 4261 912 4316 domo
938 4260 1342 4332 praemagniﬁce
1367 4263 1590 4333 nuptias
1620 4263 1774 4326 fecit.
1803 4265 2000 4322 dueto-

411 4351 565 4407 ribus
606 4367 821 4422 sponsa:
863 4351 1266 4424 Christophoro
1305 4341 1638 4425 imperatore
1687 4372 1750 4411 ac
1786 4357 1999 4415 Joanne

410 4443 683 4499 monacho
717 4452 1026 4499 exrectore.

482 4621 577 4676 Μ.
635 4618 838 4675 Mensis
879 4619 1059 4676 Martii
1103 4621 1193 4678 die
1245 4625 1523 4692 secunda,
1586 4626 1680 4697 qui
1739 4628 1793 4682 in
1857 4629 1996 4694 foro,

411 4709 688 4767 columnis
730 4710 842 4765 illic
880 4711 1075 4766 ordine
1124 4715 1346 4782 erectis,
1396 4715 1668 4774 Cosmites
1708 4720 2000 4790 impositus

410 4810 552 4868 erat,
606 4801 814 4857 decidit
859 4818 924 4856 ac
964 4803 1116 4858 viros
1161 4820 1255 4858 sex
1297 4807 1520 4860 occidit.
1575 4809 1828 4880 Magnum
1861 4828 1999 4881 quo-

412 4913 520 4967 que
557 4911 620 4951 ac
657 4895 1011 4950 formidabile
1053 4896 1106 4950 in
1157 4898 1260 4951 fori
1296 4901 1512 4967 porticu
1565 4903 1861 4958 excitatum
1909 4906 1995 4958 in-

412 4988 689 5053 cendium,
729 4987 874 5043 haud
909 4989 1100 5058 pro¢ul
1153 5004 1184 5043 a
1235 4992 1439 5061 templo
1492 5006 1695 5050 saneta:
1727 4997 1992 5067 Deiparze,

413 5079 553 5136 adeo
590 5089 650 5134 ut
679 5095 806 5150 pars
849 5081 941 5135 illa
983 5081 1086 5135 fori
1133 5097 1296 5151 quam
1328 5085 1526 5139 cerarii
1557 5096 1612 5141 et
1643 5105 1808 5159 quam
1839 5091 1996 5160 pelli-

414 5171 560 5226 tiarii
597 5172 838 5227 artiﬁces
869 5183 1158 5243 occupant,
1196 5174 1263 5230 ad
1293 5174 1518 5231 Psichas
1547 5194 1718 5249 usque
1757 5181 1864 5251 igni
1895 5184 1984 5236 al)-

414 5274 630 5335 sumpta
675 5264 762 5320 sit.

486 5357 574 5411 42.
627 5356 874 5412 Mortuus
917 5369 1099 5413 autem
1153 5369 1237 5414 est
1278 5360 1710 5433 Christophorus
1761 5366 2003 5436 impera-

416 5456 502 5504 tor
541 5462 731 5504 mense
788 5449 1061 5520 Augusto,
1123 5451 1422 5508 indictione
1466 5465 1694 5524 quarta,
1755 5457 2002 5513 Romano

2113 1872 2254 1944 μένῃ
2286 1870 2465 1942 πέτρα
2486 1871 2581 1924 καὶ
2601 1869 2679 1940 τῷ
2720 1868 2812 1923 τοῦ
2854 1869 3133 1940 Βαραχέος
3157 1868 3203 1900 ⁸⁸
3241 1869 3377 1939 ὄρει,
3402 1869 3463 1922 ού
3494 1868 3688 1921 διέλει-

2110 1979 2212 2016 πεν
2239 1962 2489 2034 ἐτησίους
2520 1963 2685 2032 ῥόγας
2707 1959 3116 2026 ὲξαποστέλλων
3141 1961 3231 2023 δι’,
3260 1962 3355 2014 καὶ
3385 1961 3686 2030 φροντίζων

2108 2053 2317 2109 τούτων
2369 2054 2462 2108 καὶ
2509 2055 2926 2126 προνοούμενος,
2973 2055 3212 2116 καὶτοὺς
3241 2053 3572 2124 ὀνομαστοὺς
3596 2053 3691 2107 ἐπὶ

2111 2146 2307 2218 πράξει
2350 2147 2444 2199 καὶ
2491 2144 2696 2216 θεωρία
2747 2145 3223 2216 μετακαλούμενος
3274 2146 3349 2209 ὡς
3384 2144 3566 2208 αὑτὸν,
3595 2145 3692 2197 καὶ

2108 2237 2217 2291 τῶν
2247 2236 2621 2308 εὐχῶναύτῶν
2643 2237 2740 2298 τὰς
2772 2236 3017 2304 εὐλογίας
3049 2233 3283 2304 τρυγῶν.
3313 2233 3386 2287 Ού
3425 2235 3583 2302 μόνον
3608 2233 3691 2301 δὲ,

2109 2329 2245 2383 ἀλλὰ
2273 2329 2369 2382 καὶ
2401 2330 2512 2392 τοῖς
2534 2329 2626 2381 διὰ
2660 2328 2750 2380 τὸν
2775 2327 2908 2381 Θεὸν
2942 2327 3280 2395 ἐγκλείστοις
3320 2327 3413 2378 καλ⁵
3463 2327 3690 2388 ἑαυτοὺς

2109 2424 2168 2476 ἐν
2206 2423 2560 2485 στενωτάτοις
2591 2422 2763 2484 οίκοις
2813 2419 3130 2491 καθείρξασι
3161 2421 3253 2472 καὶ
3285 2421 3416 2472 πᾶσι
3450 2422 3562 2482 τοῖς
3597 2435 3693 2488 μο-

2110 2515 2427 2584 ναρτηρίοις
2470 2514 2567 2577 τὰς
2625 2512 2873 2582 ἐτησίους
2905 2511 3094 2583 ῥόγας,
3127 2511 3189 2574 ἃς
3228 2509 3586 2578 διετύπωσεν,
3626 2510 3687 2562 ού

2110 2609 2374 2662 διέλειπεν
2403 2606 2770 2678 ἐπιχορηγῶν.
2825 2607 2867 2659 Τ
2871 2605 3010 2659 αῦτα
3054 2605 3128 2669 ὡς
3192 2607 3257 2660 ἐκ
3288 2605 3498 2659 πολλῶν
3531 2604 3689 2672 ὀλίγα

2111 2701 2218 2755 τῶν
2245 2702 2498 2771 ἀπείρων
2522 2698 2688 2754 αὐτοῦ
2717 2698 3160 2772 κατορθωμάτων
3189 2697 3284 2752 καλ⁵
3309 2695 3689 2769 ἐλεημοσυνῶν

2110 2793 2479 2866 διεξήλθομεν.

2185 2894 2258 2956 μ’.
2312 2889 2506 2956 Πέτρῳ
2559 2885 2725 2957 δέτῷ
2778 2884 3068 2954 Βουλγάρῳ
3098 2882 3321 2936 ἐπέθετο
3363 2883 3618 2952 Ἰωάννης
3661 2884 3688 2935 6

2108 2979 2335 3048 ἀδελφὸς
2394 2980 2559 3032 αὐτοῦ
2613 2978 2753 3048 μετὰ
2813 2976 2906 3029 καὶ
2951 2975 3153 3044 ἐτέρων
3209 2975 3552 3045 μεγιστάνων
3589 2974 3686 3026 τοῦ

2108 3071 2352 3140 Συμεώνο
2391 3071 2482 3124 καὶ
2535 3069 2897 3141 φωραθέντων
2952 3066 3134 3120 αὐτῶν
3185 3068 3213 3120 6
3265 3067 3366 3137 μὲν
3434 3067 3689 3136 Ἰωάννης

2104 3163 2367 3214 τύπτεται
2402 3161 2496 3214 καὶ
2531 3159 2836 3229 ἐγκλείεται
2873 3159 3110 3229 φυλακῇ,
3136 3159 3184 3210 οί
3221 3158 3277 3210 δέ
3322 3157 3497 3210 λοιποὶ
3519 3175 3689 3228 τιμω-
3761 3218 3779 3232 ⁸

2107 3253 2250 3324 ρίαις
2296 3251 2358 3304 οὐ
2388 3253 2509 3314 ταῖς
2545 3248 2838 3320 τυχούσαις
2878 3247 3300 3300 ὑποϐάλλονται.
3335 3248 3520 3300 Ταῦτα
3555 3247 3690 3318 δῆλα

2104 3343 2432 3413 ποιήσαντος
2461 3341 2668 3412 Πέτρου
2703 3340 2780 3411 τῷ
2812 3338 3020 3410 βασιλεῖ
3053 3338 3339 3420 Ῥωμανῷ,
3370 3339 3690 3392 ἀπέστειλεν

2106 3436 2134 3488 ὁ
2167 3434 2419 3505 βασιλεὺς
2452 3433 2542 3487 τὸν
2579 3434 2809 3504 μοναχὸν
2847 3432 3119 3501 Ἰωάννην,
3170 3430 3229 3494 ὃς
3265 3432 3510 3499 ἐγεγόνει
3551 3432 3677 3502 ῥαί-

2105 3543 2276 3597 κτωρ,
2327 3525 2598 3594 προφάσει
2632 3525 2731 3594 μὲν
2777 3523 2853 3586 ὡς
2902 3523 3230 3593 ποιήσασθαι
3280 3522 3537 3591 ἀλλάγιον
3582 3523 3689 3576 τῶν

2107 3618 2496 3690 κρατουμένων
2525 3615 2907 3688 αἰχμαλώτων,
2947 3619 3012 3686 τῇ
3061 3616 3116 3668 δὲ
3142 3615 3370 3688 ἀληθείᾳ
3399 3619 3690 3687 κατασχεῖν

2118 3711 2372 3780 Ἰωάννην
2399 3711 2494 3762 καὶ
2529 3710 2586 3761 ἐν
2619 3708 3193 3762 Κωνσταντινουπόλει
3229 3709 3479 3777 ἀγαγεῖν.
3503 3709 3686 3762 Εἰσελ-

2107 3801 2215 3855 Οὼν
2238 3802 2346 3872 γὰρ
2385 3802 2502 3872 ἅμα
2526 3800 2605 3872 τῷ
2646 3799 2864 3870 Ἰωάννῃ
2894 3801 2949 3852 ἐν
2981 3800 3150 3870 πλοίῳ
3191 3800 3297 3853 ἀπὸ
3324 3800 3690 3872 Μεσημϐρίας

2103 3892 2266 3968 ἦλθεν
2291 3898 2347 3949 ὲν
2376 3898 2442 3966 τῇ
2479 3893 2654 3947 πόλει’
2691 3894 2787 3947 καὶ
2823 3893 2942 3963 μετ’
2972 3895 3034 3947 ού
3085 3893 3218 3947 πολὺ
3252 3893 3443 3947 τούτου
3485 3895 3547 3947 τὸ
3596 3912 3697 3965 μο-

2105 3988 2330 4064 ναχικὺν
2365 3988 2553 4058 σχῆμα
2582 3985 2991 4058 ἀπορρίψαντος
3043 3986 3138 4039 καὶ
3168 3988 3400 4054 γυναῖκα
3429 3984 3692 4058 ἐπιζητή-

2106 4100 2320 4147 σαντος,
2346 4082 2578 4138 δέδωκεν
2600 4085 2747 4154 αύτῷ
2777 4086 2804 4136 6
2842 4083 3098 4154 βασιλεὺς
3132 4080 3278 4135 οἷκον
3308 4083 3404 4136 καὶ
3433 4084 3690 4153 κτήματα

2104 4174 2402 4245 πάμπολλα
2447 4175 2541 4228 καὶ
2571 4178 2805 4244 γυναῖκα
2848 4176 2912 4229 ἐκ
2942 4177 3039 4246 τῆς
3080 4174 3246 4227 αὐτοῦ
3291 4174 3547 4245 πατρίδος
3589 4175 3689 4245 τῆς

2101 4266 2211 4320 τῶν
2247 4267 2621 4338 Ἀρμενιακῶν
2650 4267 3000 4337 ὁρμωμένην,
3043 4267 3222 4336 γάμον
3249 4282 3309 4318 τε
3335 4264 3590 4336 λαμπρὸν
3628 4269 3686 4319 ἐν

2102 4361 2170 4429 τῇ
2193 4358 2289 4412 τοῦ
2316 4360 2597 4432 Καίσαρος
2635 4360 2786 4430 οἰκία
2833 4347 3162 4429 πεποίηκεν,
3193 4357 3569 4432 Χριστοφόρου
3595 4360 3690 4430 βα-

2034 4454 2076 4509 D
2107 4452 2299 4515 σιλέως
2349 4452 2445 4506 καὶ
2499 4453 2748 4506 Ἰωάννου
2793 4451 3071 4523 μοναχοῦ,
3104 4452 3201 4506 τοῦ
3248 4454 3534 4523 γεγονότος
3569 4455 3691 4526 ῥαί-

2105 4562 2322 4617 κτορος,
2351 4545 2956 4616 παρανυμφευσάντων.

2179 4637 2264 4708 [Ρ.
2300 4637 2428 4709 587]
2470 4635 2580 4707 μα’.
2606 4637 2842 4707 Μαρτίῳ
2864 4635 2920 4690 δὲ
2954 4639 3086 4710 μηνὶ
3119 4637 3302 4709 ἡμέρα
3338 4636 3382 4706 β’
3406 4637 3690 4708 κοσμήτης

2107 4728 2306 4781 έπεσεν
2350 4729 2408 4779 ὲν
2447 4727 2525 4796 τῷ
2574 4729 2727 4797 φόρῳ
2755 4728 2819 4780 ἐκ
2853 4728 2960 4781 τῶν
2993 4727 3270 4798 στοιχηδὸν
3309 4725 3614 4796 ἱσταμένων
3642 4727 3687 4757 εδ

2107 4819 2286 4869 ἐκεῖσε
2307 4817 2488 4872 κίοσιν
2509 4819 2900 4886 ἐπικειμένων,
2940 4820 3034 4870 καὶ
3055 4817 3374 4869 ἀπέκτεινεν
3391 4814 3586 4884 ἄνδρας
3607 4812 3681 4874 ς’.

2107 4909 2302 4978 Γέγονε
2328 4909 2385 4963 δὲ
2414 4910 2508 4963 καὶ
2534 4911 2862 4981 ἐμπρησμὸς
2895 4909 3066 4980 μέγας
3102 4908 3193 4960 καὶ
3221 4905 3450 4976 φοϐερὸς
3481 4907 3560 4969 εἰς
3595 4907 3686 4958 τὸν

2106 5001 2201 5054 τοῦ
2233 5003 2398 5075 φόρου
2428 5001 2676 5071 ἔμϐολον,
2714 4998 2942 5069 πλησίον
2971 4998 3064 5050 τοῦ
3097 4997 3226 5050 ναοῦ
3251 5000 3350 5068 τῆς
3379 4997 3686 5069 ύπεραγίας

2108 5093 2398 5158 Θεοτόκου,
2447 5092 2587 5146 ὥστε
2634 5093 2980 5160 κατακαῆναι
3019 5090 3086 5142 τά
3127 5107 3186 5141 τε
3219 5090 3567 5160 κηροπωλεῖα
3595 5094 3685 5145 καὶ

2110 5187 2178 5240 τὰ
2213 5187 2480 5258 γουνάρια
2517 5185 2610 5238 τοῦ
2645 5184 2812 5254 φόρου
2852 5184 3020 5254 μέχρι
3051 5181 3160 5235 τῶν
3196 5182 3405 5252 Ψιχῶν.

2180 5367 2289 5438 μβ’.
2336 5363 2685 5434 Ἐτελεύτησε
2731 5363 2787 5417 δὲ
2818 5365 3194 5436 Χριστοφόρος
3238 5366 3265 5417 6
3296 5361 3550 5434 βασιλεὺς
3581 5383 3684 5434 μη-

2108 5461 2196 5520 νὸς
2233 5455 2544 5525 Αὐγούστου
2578 5497 2591 5518 ,
2645 5453 2974 5517 ἰνδικτιῶνος
3031 5451 3072 5508 δ’
3086 5494 3101 5521 ,
3153 5453 3323 5506 πολλὰ
3375 5453 3683 5524 κοψαμένου

1679 5575 1910 5630 νΑιιιΑς
1946 5575 2352 5632 LECTlUNES.

485 5660 790 5740 ἳηξίίζμινᾷ
827 5677 880 5735 Ρ·
905 5662 1010 5718 259
1038 5663 1092 5717 δ’
1163 5664 1208 5695 ⁸⁸
1235 5663 1538 5736 Βαραχαιου
1579 5669 1647 5721 ἔθα
1709 5671 1768 5700 ⁸⁸⁸
1791 5670 2116 5740 Legcb..tm‘,
2151 5669 2583 5738 ἐξαποστέλλειν.
2631 5668 2674 5701 ⁸⁵
2707 5669 2818 5724 imo
2854 5666 2963 5722 τῶν
2993 5669 3105 5721 τοῖς
3141 5684 3223 5722 στ.
3262 5666 3572 5734 ἱσταμένοις
3593 5663 3679 5720 Cl.

421 5744 472 5798 p.
492 5728 599 5782 260
628 5728 684 5785 (Ι.
