4128 6420
399 362 506 426 973

1521 357 1720 416 Vsz’E
1763 353 2316 414 RECENTIORUM
2363 354 2568 414 IMPP.

3595 351 3698 416 97i

404 475 572 528 αὐτὸν
599 474 694 526 τοῦ
756 471 986 543 πατρὸς,
1027 469 1100 533 ώς
1141 471 1240 541 ἤδη
1274 470 1355 532 εἰς
1405 471 1580 539 γῆρας
1608 467 1774 521 αὐτοῦ
1805 465 1996 534 ἐληλα-

2107 465 2450 533 patre‘illius
2496 466 2661 518 funus
2708 464 2913 534 ingenti
2969 464 3119 517 luctu
3176 462 3513 537 planctuque
3568 477 3701 530 pro—

406 565 566 629 κότος
623 565 715 618 καὶ
758 563 869 616 τῶν
922 561 1056 614 υἱῶν
1096 560 1266 614 αὑτοῦ
1313 560 1393 612 ἐτι
1425 559 1632 630 νηπίων
1665 559 1852 612 ὄντων.
1887 555 1994 606 Καὶ

404 657 669 728 ἐτέθη“τδ
720 654 978 725 λείψανον
1025 653 1192 708 αὐτοῦ
1242 655 1299 707 ἐν
1334 655 1399 724 τῇ
1452 651 1680 723 ῥηθείσῃ
1718 652 1850 720 μονῇ
1901 648 1994 701 τοῦ

407 749 614 822 πατρὸς
651 747 839 803 αὐτοῦ.

483 925 592 997 μγ’.
630 925 969 995 Κατὴγαγον
997 924 1054 976 δέ
1079 923 1175 977 καὶ
1194 923 1472 995 Τρύφωνα
1504 920 1856 992 πατριάρχην
1887 919 1996 971 Αὑ-

405 1020 624 1090 γούστῳ
649 1019 805 1087 μηνὶ,
841 1017 933 1070 τὸν
961 1016 1124 1086 ῥητὸν
1151 1017 1343 1088 χρόνον
1368 1013 1688 1078 τελέσαντα,
1724 1011 1996 1065 ίνδικτιῶ-

403 1131 498 1177 νος
549 1119 617 1180 γ’.
658 1113 765 1166 Καὶ
814 1111 1066 1164 ἀπελθὼν
1100 1112 1158 1164 ἐν
1207 1113 1275 1182 τῇ
1308 1109 1418 1181 ἰδίᾳ
1452 1111 1587 1180 μονῇ
1622 1106 1870 1177 τελευτᾷ,
1907 1122 1998 1174 χη-

407 1207 686 1277 ρευσάσης
735 1205 835 1274 τῆς
885 1203 1215 1275 Ἐκκλησίας
1251 1202 1442 1274 χρόνον
1477 1200 1578 1254 ἕνα
1606 1200 1702 1252 καὶ
1748 1198 1923 1269 μῆνας
1955 1194 1995 1249 ε’

403 1300 492 1353 διὰ
516 1302 578 1352 τὸ
603 1299 702 1369 τῆς
745 1296 962 1369 ἡλικίας
986 1297 1174 1360 ἀτελὲς
1203 1295 1588 1365 Θεοφυλάκτου
1623 1290 1742 1346 υἱοῦ
1785 1291 1996 1360 Ῥωμα-

407 1393 501 1444 νοῦ
548 1391 831 1461 βασιλέως·
886 1391 1051 1444 αὐτὸν
1100 1389 1233 1461 γὰρ,
1279 1388 1356 1453 ώς
1386 1387 1625 1460 εἴρηται,
1663 1383 1860 1456 ἔμελλε
1887 1400 1996 1434 πα·-

404 1483 676 1556 ⁶τριάρχην
703 1482 1098 1554 άποκαθιστᾷν.

483 1752 585 1825 μδ⁹.
616 1754 900 1819 Βασίλειος
937 1754 993 1809 δέ
1024 1773 1109 1820 τις
1140 1753 1410 1810 Μακεδὼν
1441 1742 1664 1820 πλάνος,
1698 1752 1994 1805 Κωνστανο

2101 568 2312 619 secuto.
2366 559 2571 626 quippe
2617 557 2758 628 ejus,
2810 557 2920 626 jam
2959 566 3218 626 vergente
3277 553 3353 607 illi
3392 562 3573 616 aetate,
3626 553 3698 607 li-

2101 649 2216 703 beri
2253 649 2436 702 adhuc
2465 648 2620 718 pueri
2651 658 2839 703 essent
2867 663 2931 702 ac
2966 647 3274 702 minuscula
3310 653 3490 700 :etate.
3523 645 3700 714 Depo-

2102 739 2267 794 situm
2301 739 2450 793 illius
2481 739 2719 793 cadaver
2752 738 2808 792 in
2837 738 3010 808 patris
3038 737 3123 792 sui
3149 735 3509 801 monasterio,
3539 725 3699 806 cujus

2102 831 2156 883 in
2188 829 2572 900 superioribus
2606 829 2982 885 meminimus.

2171 924 2259 978 45.
2315 922 2421 978 Sed
2463 932 2518 978 et
2551 923 2905 996 Tryphonem
2951 925 3326 994 patriarcham
3363 943 3550 984 mense
3585 926 3700 982 Au-

2101 1027 2293 1087 gusto,
2338 1015 2641 1070 indictione
2697 1017 2864 1087 912
2923 1017 3122 1082 tertia,
3175 1018 3396 1088 expleto
3437 1019 3547 1090 jam
3593 1029 3703 1074 sta-

2102 1116 2221 1163 tuto
2267 1117 2539 1178 tempore,
2591 1109 2761 1179 gradu
2804 1119 3137 1175 moverunt;
3179 1111 3482 1182 abiensquc
3518 1111 3570 1166 in
3606 1129 3701 1167 sua

2102 1198 2437 1253 monasteria
2472 1199 2599 1254 fatis
2643 1200 2936 1265 concedit,
2991 1201 3238 1257 Ecclesia
3282 1210 3505 1273 pastore
3536 1203 3702 1258 vidua

2101 1298 2361 1344 manente
2427 1306 2633 1344 annum
2704 1306 2876 1344 unum
2933 1306 3154 1346 menses
3208 1294 3490 1364 quinque,
3555 1297 3700 1365 quol

2101 1379 2552 1451 TheOphylactus
2599 1380 2834 1435 Romani
2884 1380 3239 1451 imperatoris
3279 1384 3423 1440 ﬁlius
3452 1371 3702 1440 nondum

2103 1481 2318 1528 matura
2380 1473 2515 1530 satis
2569 1482 2728 1529 aetate
2779 1481 2928 1529 esset
2987 1493 3000 1528 :
3063 1475 3242 1545 ipsum
3307 1477 3458 1532 enim
3517 1487 3699 1547 pater,

2103 1565 2186 1619 uti
2250 1563 2460 1620 dictum
2527 1573 2650 1630 est,
2701 1565 3069 1620 constituerat
3131 1565 3502 1637 patriarcham
3561 1582 3702 1638 prae-

2105 1656 2295 1713 ﬁcere.
3481 1721 3485 1728 .

2175 1749 2264 1804 44.
2319 1749 2556 1805 Basilius
2585 1749 2809 1821 quidam
2846 1751 3071 1806 Macedo
3105 1751 3395 1821 impostor,
3430 1750 3701 1807 Constan-

402 1824 550 1901 τίνον
584 1847 763 1900 Δοῦκα
794 1849 988 1902 ἐαυτὸν
1031 1844 1172 1902 εἶναι
1207 1846 1577 1918 ἐπιφημίσας,
1609 1846 1839 1908 πολλοὺς
1875 1844 1993 1915 μεθ’

2107 1844 2284 1899 tinum
2320 1844 2527 1900 Ducem
2572 1859 2630 1900 se
2669 1860 2793 1900 esse
2824 1846 3060 1916 jactans,
3112 1831 3315 1899 multos
3365 1844 3471 1899 sibi
3504 1845 3701 1915 adjun-

405 1942 603 1995 ἑαυτοῦ
643 1941 1005 2011 συνεπήγετο.
1042 1935 1214 2006 Οὗτος
1241 1941 1540 2012 κρατηθεὶς
1587 1939 1693 1994 ὑπὸ
1741 1937 1998 2007 Ἐλεφαν-

403 2028 553 2081 τίνου
592 2029 940 2100 τουρμάρχου
993 2030 1059 2083 ἐκ
1107 2030 1203 2084 τοῦ
1248 2031 1497 2101 Ὀψικίου
1553 2029 1706 2094 ὄντος
1745 2030 1888 2100 ἤχθη
1939 2029 1998 2081 ἐν

404 2124 1010 2191 Κωνσταντινουπόλει,
1045 2125 1140 2178 καὶ
1173 2125 1280 2180 ὑπὸ
1309 2124 1403 2178 τοῦ
1442 2125 1686 2196 ἐπάρχου
1730 2124 1830 2193 τῆς
1869 2123 1998 2192 μιᾶς

403 2216 786 2288 ἀλλοτριοῦται
820 2219 1023 2290 χειρός.
1082 2214 1220 2274 Εἶτα
1275 2217 1472 2290 καιροῦ
1504 2218 1804 2288 λαϐόμενος
1836 2233 1998 2269 κατα-

403 2309 673 2379 λαμὸάνει
716 2310 881 2364 πάλιν
923 2311 983 2364 τδ
1029 2311 1294 2381 Ὀᾠίκιον,
1326 2314 1421 2366 καὶ
1444 2314 1604 2384 χεῖρα
1639 2311 1846 2381 χαλκῆν
1876 2309 1998 2364 ἀντὶ

403 2403 506 2472 τῆς
536 2404 804 2475 κοπείσης
849 2405 1384 2475 προσαρμοσάμενος
1440 2403 1533 2458 καὶ
1568 2404 1786 2473 σπάθην
1825 2404 1998 2473 ὑπερ-

407 2494 615 2564 μεγέθη
651 2495 1206 2566 κατασκευασάμενος
1229 2496 1402 2568 ᾣχετο
1429 2497 1648 2550 πλανῶν
1695 2492 1854 2558 αὖθις
1891 2495 1999 2548 τῶν

403 2587 826 2657 ἁγυρτευόντων
861 2588 1114 2654 πολλοὺς,
1160 2589 1236 2651 ώς
1270 2589 1437 2653 αὐτὸς
1471 2589 1558 2660 εἴη
1586 2590 2002 2652 Κωνσταντῖνος

403 2681 432 2732 ὁ
460 2677 556 2733 τοῦ
588 2680 816 2743 Δουκός⁹
849 2679 944 2743 οὒς
975 2680 1066 2734 καὶ
1100 2681 1570 2754 συνεφελκόμενος,
1589 2681 1834 2752 μεγάλην
1857 2680 2003 2734 κατὰ

417 2771 728 2839 Ῥωμανίας
774 2771 1074 2843 ἀνταρσίαν
1136 2775 1296 2826 κινεῖ.
1352 2772 1462 2826 Καὶ
1509 2771 1774 2844 φρούριον
1825 2789 2002 2824 κατα-

408 2861 554 2934 σχὼν
595 2863 625 2915 ὃ
673 2863 914 2917 Πλατεῖα
967 2863 1145 2934 πέτρα
1195 2864 1666 2934 κατονομάζεται,
1713 2864 1822 2916 πᾶν
1859 2857 2000 2926 εἶδος

406 2956 690 3025 ἐδωδίμων
713 2959 770 3011 ἐν
798 2958 975 3027 τούτῳ
1003 2957 1258 3011 ἀπέθετο·
1287 2957 1379 3026 ἀφ’
1407 2951 1468 3011 οὗ
1494 2956 1742 3028 ἐξορμῶν
1775 2955 2000 3027 ἐλεηλά-

404 3064 491 3100 τει
523 3046 618 3102 καὶ
653 3050 780 3110 τοὺς
823 3049 1238 3119 παρατυχόντας
1273 3049 1664 3121 προενόμευεν.
1717 3047 2001 3101 Ἀποστεί-

407 3142 508 3205 λας
553 3137 647 3196 οὖν
689 3144 717 3196 ὀ
771 3144 1029 3213 βασιλεὺς
1079 3143 1310 3214 στρατὸν
1358 3144 1480 3197 κατ’
1529 3141 1696 3195 αὑτοῦ
1731 3142 1896 3195 αὐτόν
1941 3159 2000 3193 τε

409 3235 706 3287 συνέλαϐεν
732 3236 826 3288 καὶ
854 3236 981 3298 τοὺς
1015 3237 1111 3288 σὺν
1141 3236 1310 3306 αὐτῷ.
1347 3238 1443 3289 Ὃν
1483 3237 1577 3289 καὶ
1608 3235 1910 3304 ἀγαγόντες
1943 3236 2000 3288 ἐν

406 3330 474 3399 τῇ
521 3328 672 3381 πόλει
703 3328 996 3400 άνέκρινάν
1026 3346 1085 3381 τε
1113 3331 1206 3382 καὶ
1233 3329 1437 3392 πολλὰς
1481 3329 1702 3397 πληγὰς
1748 3328 2001 3382 ἐπετίθε-

409 3433 532 3480 σαν,
564 3417 659 3469 τοῦ
687 3418 817 3480 τοὺς
862 3418 1208 3485 στασιώτας,
1267 3421 1321 3474 εί
1365 3437 1515 3483 τινες
1548 3416 1678 3481 εἷεν,
1708 3423 1904 3474 εἰπεῖν.
1942 3421 2003 3472 '0

406 3505 464 3558 δὲ
492 3506 724 3570 πολλοὺς
748 3506 856 3559 τῶν
887 3509 945 3560 ἐν
972 3509 1114 3561 τέλει
1145 3508 1503 3576 ἐσυκοφάντει
1534 3507 1747 3576 ψευδῶς
1770 3507 1847 3570 ώς
1878 3522 2002 3557 συν-

405 3600 567 3664 όντας
597 3599 766 3670 αὐτῷ.
801 3601 986 3670 Μηδὲν
1016 3601 1071 3654 δὲ
1115 3599 1289 3672 ἀληθῆ
1333 3601 1452 3653 κατ’
1478 3600 1661 3654 αὐτῶν
1691 3599 1872 3669 λέγειν
1913 3598 2004 3665 ἐξ-

408 3696 691 3766 ελεγχθεὶς
724 3697 782 3748 ἐν
828 3697 941 3759 τοῖς
979 3693 1384 3766 Ἀμαστριανοῦ
1421 3693 1591 3766 πυρὸς
1616 3693 2004 3766 παρανάλωμα

407 3789 640 3859 γίνεται.

486 3881 590 3951 με’.
658 3883 1073 3953 Χειροτονεῖται
1131 3881 1190 3934 δέ
1243 3879 1591 3951 πατριάρχης
1656 3882 1685 3933 ὁ
1742 3880 2005 3942 πολλάκις

409 3975 600 4046 ῥηθεὶς
627 3973 720 4028 τοῦ
750 3974 1015 4044 βασιλέως
1066 3972 1179 4035 υίὸς
1206 3971 1604 4041 Θεοφύλακτος,
1631 3970 2000 4040 Φεϐρουαρὶου

410 4068 477 4139 β’,
517 4067 849 4130 ἰνδικτιῶνος
883 4071 957 4132 ς’,
986 4064 1378 4136 τοποτηρητῶν
1409 4062 1496 4134 [Ρ.
1529 4060 1655 4134 588]
1686 4063 1749 4113 ἐκ
1781 4060 2002 4130 Ῥώμης

405 4162 674 4216 ἐλθόντων
711 4163 806 4216 καὶ
860 4162 1029 4230 τόμον
1065 4158 1346 4213 συνυδικδν
1396 4157 1818 4226 ἐπιφερομένων
1871 4153 2001 4223 περὶ

409 4255 512 4326 τῆς
555 4254 721 4308 αὐτοῦ
751 4253 1089 4324 χειροτονίας
1122 4249 1533 4320 διαγορεύονταο
1577 4247 1625 4302 οἳ
1662 4245 1860 4316 καὶτῷ
1893 4263 2000 4298 πα-

410 4348 720 4420 τριαρχικῷ
750 4347 927 4418 θρὸνω
963 4347 1154 4400 τοῦτον
1193 4345 1502 4399 ἐνίδουσαν.

2109 1943 2206 1997 xit.
2253 1921 2354 1998 llic
2391 1942 2460 1997 ab
2496 1943 2870 2012 Elephantino
2916 1941 3146 1995 tribuno
3187 1941 3483 2011 Opsiciano
3513 1952 3704 2010 captas

2109 2037 2275 2106 inque
2312 2037 2507 2091 urbem
2545 2035 2820 2090 adductus
2865 2051 2895 2089 a
2939 2035 3201 2105 praefecto
3238 2035 3406 2090 altera
3441 2044 3703 2111 manuum

2110 2139 2400 2185 truncatus
2460 2138 2545 2184 est
2626 2127 2985 2183 Postmodum
3019 2142 3153 2182 vero
3205 2127 3552 2182 occasionem
3603 2143 3704 2180 na-

2108 2233 2234 2280 ctus
2273 2223 2341 2278 ad
2387 2222 2670 2294 Opsicium
2713 2221 2893 2287 redit;
2950 2236 3261 2290 tereamque
3314 2219 3419 2276 sibi
3483 2227 3704 2274 manum

2107 2325 2304 2386 aptans
2358 2315 2477 2386 ejus
2541 2315 2662 2368 loco
2705 2329 2826 2383 qua:
2874 2313 3058 2368 excisa
3107 2321 3260 2376 erat,
3316 2313 3707 2382 ingentemque

2108 2409 2351 2480 gladium
2423 2407 2734 2472 fabricans,
2795 2407 3000 2460 mullos
3069 2407 3275 2460 iterum
3343 2405 3707 2461 circumfora-

2110 2518 2246 2557 neos
2291 2517 2355 2556 ac
2393 2499 2701 2555 nebulones
2745 2498 3020 2553 seducens
3065 2498 3144 2552 sic
3175 2497 3508 2567 vagabatur,
3554 2497 3711 2551 velut

2109 2595 2218 2665 qui.
2258 2593 2657 2649 Constantinus
2712 2591 2880 2645 Ducis
2938 2590 3084 2644 ﬁlius
3123 2599 3290 2644 esset.
3340 2589 3544 2644 lterum
3608 2589 3711 2642 ita-

2110 2703 2219 2758 que
2269 2694 2554 2740 contracta
2600 2700 2764 2738 manu
2814 2699 3066 2753 magnam
3113 2682 3381 2736 adversus
3430 2698 3546 2736 rem
3605 2681 3708 2736 Ro.

2111 2793 2329 2832 manam
2393 2776 2597 2831 conﬁat
2655 2775 3060 2840 rebellionem;
3113 2772 3430 2843 Oppidoque
3495 2773 3713 2828 munito

2111 2871 2354 2942 potitus,
2419 2867 2508 2922 cui
2573 2883 2774 2920 nomen
2839 2867 2973 2919 Lata
3032 2873 3223 2935 petra,
3278 2864 3570 2934 omnisque
3625 2880 3712 2932 ge-

2111 2955 2264 3010 neris
2303 2956 2358 3010 in
2391 2973 2458 3012 eo
2504 2972 2722 3010 annona
2773 2956 3052 3025 reposita,
3111 2955 3239 3008 inde
3281 2969 3580 3023 erumpens
3607 2953 3690 3008 cir

2111 3062 2238 3101 cum
2276 3047 2516 3102 vicinam
2554 3047 2878 3117 religionem
2919 3046 3289 3116 populabatur
3316 3046 3536 3115 lateque
3571 3060 3708 3114 pra:-

2112 3137 2209 3192 das
2251 3139 2467 3209 agebat.
2511 3137 2692 3192 Missis
2736 3136 2922 3206 itaque
2964 3137 3266 3207 imperator
3298 3135 3563 3191 adversus
3585 3151 3711 3190 eum

2112 3235 2289 3305 copiis
2333 3244 2448 3288 tum
2492 3235 2672 3305 ipsum
2713 3234 2883 3305 cepit,
2931 3242 3047 3288 tum
3081 3233 3175 3304 qui
3220 3232 3300 3287 illi
3354 3233 3491 3288 socii
3529 3244 3710 3286 erant.

2111 3327 2404 3382 Induetum
2461 3328 2518 3382 in
2579 3328 2774 3382 urbem
2835 3327 3046 3398 judicio
3100 3327 3350 3392 sistunt;
3415 3333 3582 3396 atque
3641 3325 3709 3379 ad

2110 3423 2445 3492 quaestiones
2493 3423 2768 3490 adhibito,
2813 3433 2869 3478 ct
2904 3432 2964 3478 ut
3005 3423 3185 3477 socios
3230 3422 3463 3492 prodat,
3511 3421 3715 3476 multas

2110 3516 2299 3585 plagas
2360 3516 2706 3586 imponunt:
2754 3516 2848 3586 qui
2905 3516 3112 3570 multos
3174 3529 3503 3586 procerum,
3549 3513 3712 3583 quasi

2109 3609 2214 3664 sibi
2244 3609 2636 3673 adhazsisscnt,
2684 3624 2786 3680 per
2815 3609 3149 3664 calumniam
3176 3607 3377 3662 defert.
3412 3605 3715 3661 Convictu.

2109 3717 2242 3756 vero
2267 3701 2407 3754 nihil
2437 3700 2520 3755 eis
2545 3699 2662 3755 veri
2686 3699 2939 3754 criminis
2965 3699 3210 3771 objicere
3229 3741 3244 3765 ,
3275 3697 3342 3753 ad
3381 3698 3713 3753 Amastriani

2109 3792 2219 3863 igni
2247 3792 2573 3847 combustus
2603 3801 2710 3846 est.

2177 3885 2341 3954 913
2381 3885 2471 3938 45.
2521 3885 2697 3949 Quem
2754 3900 2886 3938 vero
2923 3883 3126 3952 smpius
3168 3883 3303 3947 dixi,
3360 3881 3714 3952 imperatoris

2108 3975 2253 4030 ﬁlius
2307 3975 2763 4047 Theophylactus
2829 3977 3145 4045 patriarcha
3214 3975 3529 4038 ordinatur,
3608 3975 3711 4029 Fe-

2107 4067 2318 4121 bruarii
2378 4068 2586 4122 mensis
2637 4066 2727 4121 die
2790 4067 3076 4130 secunda,
3152 4065 3454 4120 indictione
3517 4076 3707 4128 sexta,

2107 4176 2233 4214 cum
2275 4159 2536 4215 adessent
2599 4176 2667 4214 ex
2721 4160 2896 4214 Roma
2957 4158 3186 4223 vicarii,
3249 4167 3571 4226 tomumquc
3624 4173 3712 4228 sy-

2111 4252 2368 4307 nodalem
2446 4253 2516 4307 de
2586 4252 2735 4307 illius
2804 4261 3133 4307 tractantem
3201 4248 3553 4304 ordinatione
3623 4249 3708 4303 in-

2109 4346 2362 4411 ferrent;
2413 4347 2509 4418 qui
2563 4355 2619 4401 et
2668 4346 2722 4401 in
2771 4346 3132 4416 patriarchali
3180 4344 3309 4400 sede
3361 4359 3489 4398 eum
3540 4342 3712 4398 collo-

2110 4455 2324 4493 cavere.

489 4534 605 4597 μς’.
667 4526 731 4580 'H
772 4526 829 4580 δέ
861 4525 1129 4597 εἰρημένη
1159 4523 1254 4579 τοῦ
1285 4522 1550 4594 βασιλέως
1592 4518 1874 4591 Ῥωμανοῦ
1907 4520 2001 4587 ἐγ-

2179 4536 2266 4590 46.
2290 4535 2435 4602 Quin
2468 4537 2613 4590 dicta
2643 4551 2865 4604 quoque
2889 4535 3125 4590 Romani
3154 4533 3500 4605 imperatoris
3524 4533 3707 4602 neptis

411 4620 546 4690 γόνη
577 4620 791 4690 Μαρία.
828 4621 861 4689 ἡ
902 4617 1042 4688 γυνὴ
1078 4617 1290 4687 Πέτρου
1341 4615 1610 4687 βασιλέως
1637 4611 1999 4683 Βουλγαρίας,

412 4717 471 4766 ἐν
517 4716 583 4785 τῇ
616 4713 768 4765 πόλει
810 4710 1027 4780 εἰσῆλθε
1074 4709 1169 4762 τοῦ
1199 4709 1292 4762 τὸν
1341 4709 1473 4762 ἴδιον
1516 4709 1730 4778 πατέρα
1777 4708 1870 4760 καὶ
1912 4706 2004 4758 τόν
2051 4734 2056 4740 ·

413 4807 640 4860 πάππον
679 4806 851 4869 αὐτῆς
897 4802 1323 4871 ἐπισκέψασθαι.
1377 4801 1701 4855 Τελευταϊον
1751 4799 1808 4852 δέ
1866 4798 2004 4868 μετὰ

413 4899 625 4954 παίδων
655 4897 876 4967 εἰσῆλθε
907 4897 1097 4966 τριῶν,
1133 4895 1234 4967 ἤδη
1283 4893 1375 4947 τοῦ
1411 4892 1620 4963 πατρὸς
1664 4893 1836 4962 αῦτῆς
1865 4892 2002 4962 Χρι-

413 4991 681 5061 στοφόρου
736 4989 1186 5059 τελευτήσαντος.
1244 4987 1482 5042 Πλοῦτον
1539 4985 1634 5039 οὖν
1693 4985 1845 5055 παρὰ
1905 4983 2002 5037 τοῦ

413 5081 646 5135 πάππου
696 5079 942 5134 λαῦοὗτα
993 5081 1161 5133 πολὺν
1222 5080 1316 5132 καὶ
1362 5078 1580 5147 ἔντιμον
1619 5077 1854 5145 ἐντίμως
1904 5077 2005 5128 ὑπ-

412 5173 666 5246 έστρεψε.

487 5265 596 5337 μς.
663 5265 946 5338 Ῥωμανὸς
980 5265 1037 5318 δὲ
1076 5267 1105 5318 ὁ
1159 5264 1411 5334 βασιλεὺς
1467 5261 1545 5332 τῷ
1593 5261 1696 5331 υίῷ
1742 5260 2003 5330 Στεφάνῳ

412 5359 654 5429 γυναῖκα
673 5358 940 5425 ἠγάγετο,
962 5356 1240 5426 θυγατέρα
1268 5353 1434 5407 οὖσαν
1459 5351 1812 5423 Γαϐριηλίου,
1844 5351 2005 5420 ἐγγό-

410 5470 509 5523 νην
542 5452 608 5507 δὲ
630 5449 956 5516 Κατακύλα,
984 5451 1183 5502 Ἀνναν
1212 5448 1462 5517 ὀνόματι.
1495 5447 1648 5518 Ἅμα
1675 5446 1732 5498 δὲ
1757 5445 1834 5514 τῷ
1863 5462 2006 5514 νυμο-

412 5545 561 5616 φικῷ
611 5543 868 5615 στεφάνῳ
905 5543 1000 5597 καὶ
1042 5543 1070 5596 ὀ
1105 5541 1207 5611 τῆς
1251 5540 1528 5611 βασιλείας
1557 5538 1705 5610 αὐτῷ
1737 5539 2005 5607 στέφανος

410 5621 671 5709 ἐπετέθη.
691 5680 694 5684 .

487 5739 599 5802 μη⁹.
641 5732 891 5800 Ἐγένετο
923 5729 980 5784 δέ
1021 5727 1352 5798 ἐκστρατεία
1380 5725 1574 5798 πρώτη
1606 5725 1713 5779 τῶν
1741 5723 2002 5797 Τούρκων

1347 5818 1359 5839 Ι
1422 5821 1434 5839 1

413 5825 557 5880 κατὰ
597 5823 883 5898 Ῥωμαίων
932 5821 1264 5884 ἱνδικτιῶνος
1317 5818 1379 5885 ζ’,
1422 5818 1720 5890 Ἀπριλλίῳ
1765 5817 1914 5890 μηνίο
1953 5815 2002 5870 οἳ

2109 4624 2312 4689 Maria,
2363 4626 2512 4680 Petri
2567 4626 2837 4696 Bulgaria:
2887 4626 3157 4696 principis
3194 4642 3354 4688 uxor,
3413 4625 3468 4678 in
3512 4625 3708 4679 urbem

2111 4718 2355 4788 ingressa
2397 4726 2482 4773 est
2527 4726 2740 4788 patrem
2782 4734 3058 4788 avumque
3103 4717 3372 4772 invisura.
3419 4719 3708 4773 Postremo

2113 4810 2333 4865 tandem
2366 4809 2519 4865 venit
2559 4823 2673 4866 tres
2718 4795 2906 4865 secum
2952 4811 3164 4866 liberos
3207 4811 3528 4876 adducens,
3579 4827 3706 4865 cum

2103 4904 2217 4973 jam
2259 4902 2697 4974 Christophorus
2742 4904 2862 4974 ejus
2912 4912 3066 4972 pater
3112 4903 3251 4958 vivis
3293 4912 3582 4973 exemptus
3622 4918 3710 4958 es-

2109 5005 2214 5048 set.
2285 4993 2472 5048 Multis
2525 4994 2714 5063 itaque
2786 4995 3172 5064 pracelarisque
3229 4994 3315 5047 avi
3376 4993 3704 5048 muniﬁcen-

2111 5088 2183 5141 tia
2246 5086 2450 5141 donata
2524 5086 2734 5142 divitiis
2801 5088 3108 5157 honoriﬁce
3179 5087 3405 5140 domum
3485 5103 3703 5141 reversa

2107 5187 2209 5232 est.

2179 5272 2268 5326 47.
2303 5272 2588 5327 Romanus
2618 5288 2751 5327 vero
2779 5271 3082 5340 imperator
3108 5269 3390 5340 Stephano
3424 5270 3536 5324 tilio
3563 5285 3701 5325 uxo-

2109 5378 2223 5416 rem
2251 5363 2396 5418 locat
2418 5363 2690 5421 Gabrielis
2713 5365 2902 5427 ﬁliam,
2930 5363 3198 5435 Catacylze
3232 5363 3464 5432 neptim.
3489 5362 3700 5418 Annam

2105 5456 2376 5522 nomine;
2426 5473 2491 5512 ac
2535 5473 2661 5512 cum
2711 5457 2946 5527 nuptiali
2991 5467 3140 5512 serto
3188 5455 3504 5526 Augustalis
3538 5455 3702 5511 etiam

2108 5565 2314 5604 corona
2347 5549 2426 5604 illi
2450 5551 2706 5622 imposita
2737 5559 2840 5606 est.

2179 5726 2270 5780 48.
2332 5725 2582 5797 Contigit
2630 5743 2764 5781 vero
2829 5728 3007 5797 prima
3069 5725 3379 5779 Tureorum
3438 5721 3705 5776 adversus

2108 5821 2388 5876 Romanos
2466 5820 2746 5892 expeditio
2825 5837 3016 5876 mense
3095 5817 3311 5889 Aprili,
3400 5811 3705 5870 indictione
