4128 6460
397 341 504 405 975

1675 328 1999 391 GEORGII
2043 324 2390 385 MONACHI

3587 319 3695 378 976

394 455 655 526 septima.
697 453 772 507 Hi
817 452 890 508 ad
953 451 1146 506 urbem
1203 465 1381 520 usque
1441 456 1804 502 excurrentes
1861 460 1995 498 run-

2128 439 2204 492 :al
2257 439 2704 510 καταδραμόντες
2761 439 2924 511 μέχρι
2987 439 3088 511 τῆς
3146 439 3356 502 πόλεως
3401 437 3697 508 ἐληίσαντο

395 557 517 603 etas
560 562 659 618 per
693 545 994 600 Thraciam
1048 543 1243 598 obvios
1283 541 1467 612 przeda
1515 541 1767 610 abegere.
1804 536 2002 590 Missus

399 641 587 710 itaque
647 638 1026 706 Theophanes
1078 635 1346 707 patricius
1400 630 1862 703 protovcstiarius
1903 629 2002 681 im-

399 733 653 804 periique
702 729 1034 785 administer
1079 743 1145 783 ac
1193 728 1454 798 princeps
1498 736 1754 790 senatus,
1803 733 1863 778 ut
1908 739 2004 794 pa-

399 841 521 878 cem
569 840 697 878 cum
743 823 825 877 eis
873 829 1235 891 componeret
1289 819 1644 889 captivosque
1707 816 2000 886 reciperet.

400 919 574 972 Porro
603 915 979 985 Theophanes
1012 912 1179 984 914
1226 911 1545 966 admiranda
1597 909 1896 980 prudentia
1942 924 2008 963 ac

401 1008 702 1080 sagacitate
745 1007 854 1062 illis
886 1023 1019 1061 usus
1049 1013 1248 1060 cuncta
1279 1021 1345 1059 ex
1381 1011 1509 1058 volo
1546 1001 1821 1065 confecit,
1859 1001 2006 1056 mul-

406 1112 516 1155 tam
557 1117 624 1155 ex
671 1100 780 1154 illis
824 1115 891 1154 eo
939 1097 1163 1152 nomine
1209 1095 1426 1150 laudem
1477 1111 1541 1149 ac
1581 1094 2007 1149 admirationem

407 1201 768 1249 consecutus.
856 1191 1085 1259 Quando
1160 1199 1217 1245 ct
1294 1189 1580 1243 Romanus
1665 1188 2006 1258 imperator,

405 1296 614 1356 quanta
649 1283 1056 1356 magnificentia
1092 1291 1148 1337 et
1174 1281 1518 1337 humanitate
1553 1288 1862 1352 praestaret,
1895 1297 2012 1335 ma-

405 1379 672 1435 nifestum
724 1378 886 1443 fecit,
938 1377 1110 1431 nullis
1162 1375 1480 1447 sumptibus
1523 1360 1783 1446 parcens,
1830 1374 2010 1429 solum

410 1475 472 1521 ut
505 1468 886 1522 liberarentur
918 1466 1144 1537 captivi.

478 1558 567 1614 49.
599 1558 826 1612 Locavit
851 1573 986 1612 vero
1006 1557 1293 1612 Romanus
1324 1555 2012 1627 imperatorConstantino

410 1651 654 1704 filiorum
679 1660 814 1705 natu
841 1649 1322 1706 minimo'uxorem
1356 1651 1646 1715 Helenam,
1670 1649 1897 1706 Adriani
1925 1666 2014 1720 pa-

2107 535 2288 588 πᾶσαν
2313 532 2587 604 Θρᾳκῴαν
2619 532 2819 603 ψυχήν.
2865 531 3173 604 Ἀπεστάλη
3205 531 3299 586 οὖν
3347 533 3376 584 ὁ
3407 529 3700 601 πατρίκιος

2105 625 2387 696 Θεοφάνης
2445 628 2472 680 6
2531 625 3028 697 πρωτοϐεστιάριος
3071 626 3165 680 καὶ
3205 621 3701 697 παραδυναστεύων

2111 723 2230 792 μετ’
2264 721 2445 776 αὐτῶν
2503 720 2728 790 ποιῆσαι
2779 719 3070 787 άλλάγιον,
3125 719 3183 782 ὃς
3233 719 3330 772 καὶ
3379 716 3702 788 θαυμασίως

2107 812 2204 865 καὶ
2230 810 2471 874 συνετῶς
2506 811 2704 872 αὐτοὺς
2733 808 3008 880 μετελθὼν
3042 811 3255 879 ὅσαπερ
3287 806 3548 880 ἠϐούλετο
3571 821 3704 859 κατ-

2108 904 2411 976 επράξατο,
2455 903 2630 956 πολλὰ
2675 904 2806 974 παρ’
2859 901 3040 956 αὐτῶν
3077 902 3172 955 ἐπὶ
3200 903 3268 972 τῇ
3305 900 3565 970 φρονήσει
3607 896 3706 950 καὶ

2111 997 2372 1070 εὐϐουλία
2412 996 2721 1059 ἐπαινεθείς
2758 1012 2816 1048 τε
2847 995 2942 1050 καὶ
2977 993 3337 1062 θαυμασθείςο
3377 993 3468 1046 ὅτε
3514 989 3607 1044 καὶ
3646 991 3706 1042 τὸ

2112 1090 2491 1162 μεγαλόψυχον
2541 1090 2708 1145 αὑτοῦ
2769 1089 2864 1142 καὶ
2924 1087 3313 1158 φιλάνθρωπον
3365 1088 3392 1140 ὁ
3449 1083 3707 1156 βασιλεὺς

2123 1184 2408 1256 Ῥωμανὺς
2435 1183 2771 1250 ἐπεδείξατο,
2807 1181 3034 1253 μηδενὸς
3069 1179 3400 1251 φεισάμενος
3427 1180 3708 1252 χρήματος

2113 1279 2253 1350 πρὸς
2295 1277 2396 1348 τὴν
2433 1276 2544 1332 τῶν
2586 1274 2955 1347 αἰχμαλώτων
2989 1275 3314 1347 ἀνάρρυσιν.

2189 1544 2300 1613 μθ¹.
2347 1543 2620 1613 Ἠγάγετο
2674 1543 2731 1596 δὲ
2767 1544 3002 1612 γυναῖκα
3045 1543 3073 1594 6
3120 1540 3375 1611 βασιλεὺς
3432 1538 3713 1609 Ῥωμανὺς

2115 1636 2196 1709 τῷ
2225 1636 2523 1708 τελευταίῳ
2572 1632 2738 1688 αὐτοῦ
2795 1633 2898 1705 υἱῷ
2953 1633 3358 1702 Κωνσταντίνῳ
3411 1632 3474 1684 ἐκ
3517 1629 3712 1699 γένους

413 1743 554 1798 tricii
603 1743 802 1808 flliam,
845 1744 1042 1814 stirpis
1081 1744 1458 1811 Armeniaca;
1507 1758 1614 1814 qua
1654 1754 1710 1799 et
1755 1743 2014 1798 defuncta

2128 1731 2226 1784 τῶν
2267 1727 2669 1800 Ἀρμενιακῶν.
2707 1726 2946 1796 τοῦνομα
2989 1726 3247 1796 Ἑλένην,
3289 1722 3384 1778 τοῦ
3417 1723 3712 1794 πατρικίου

410 1836 624 1892 mensis
653 1838 1065 1892 Februarii-die
1092 1837 1266 1892 altera
1305 1837 1540 1892 alteram
1568 1838 1618 1892 ei
1650 1837 2018 1908 Theophano-

2135 1823 2420 1895 Ἀδριανοῦ
2496 1822 2813 1892 θυγατέρα·
2854 1815 2924 1892 ἦς
2978 1821 3074 1874 καὶ
3139 1819 3548 1890 τελευτησάσης
3604 1818 3714 1870 Φε-

409 1941 539 1980 ncm
574 1926 798 1981 nomine
826 1934 1061 1996 nuptum
1096 1924 1347 1981 tradidit.

483 2102 572 2158 50.
621 2101 771 2158 Junii
827 2103 1035 2158 mensis
1088 2102 1418 2168 undecima,
1458 2100 1774 2156 indictione
1826 2103 2020 2170 quinta

415 2195 655 2258 decima,
706 2195 869 2250 Rus-si
916 2195 1191 2250 instructa
1232 2195 1407 2250 classe
1455 2194 1524 2249 ad
1557 2194 1752 2250 decem
1795 2193 2020 2248 navium

415 2287 590 2341 millia
621 2287 1244 2359 adversus'Byzantium
1278 2286 1632 2357 navigarunt.
1663 2285 1862 2340 Missus
1889 2299 2022 2339 vero

415 2391 504 2435 est
549 2396 677 2436 cum
710 2381 1036 2434 triremibus
1059 2387 1114 2435 et
1152 2379 1462 2445 celocibus,
1495 2385 1771 2450 quotquot
1799 2377 1854 2432 in
1875 2377 2022 2433 {urbe

416 2474 728 2538 exstabant,
751 2473 1123 2542 TheOphancs
1139 2471 1734 2544 patriciussubadjuva
1751 2479 1806 2526 et
1830 2479 2024 2542 prote-

418 2565 756 2630 vestiarius;
793 2565 1178 2635 instructaque
1228 2574 1284 2620 et
1332 2575 1524 2634 parata
1565 2565 1762 2629 classe,
1827 2565 2024 2636 jejunii

420 2674 486 2714 ac
540 2658 909 2730 lacrymarum
947 2659 1200 2728 apprime
1260 2657 1523 2728 praesidio
1568 2657 1840 2724 munitus,
1883 2659 2027 2713 Rus-

421 2765 514 2806 sos
559 2750 947 2820 operiebatur,
1006 2751 1201 2806 navale
1246 2766 1372 2805 cum
1422 2750 1505 2806 eis
1543 2759 1824 2806 certamen
1869 2766 2024 2805 com-

420 2843 720 2898 missurus.
763 2842 1016 2913 Cumque
1071 2843 1149 2898 illi
1202 2843 1316 2914 jam
1358 2843 1644 2898 venissent
1713 2859 1778 2898 ac
1841 2842 2026 2898 Pbare

421 2937 911 3008 propinquassent,
969 2935 1086 3007 ipse
1137 2936 1206 2991 ad
1249 2936 1450 2991 Euxini
1499 2935 1688 2991 fauces
1727 2936 2024 2991 stationem

421 3028 663 3094 habens,
739 3029 794 3082 in
852 3030 975 3084 loco
1039 3044 1206 3099 quem
1274 3029 1504 3084 Hierum
1565 3037 1768 3083 vocant
1823 3029 1933 3098 (ac
1979 3027 2027 3082 si

2117 1916 2400 1987 ϐρουαρίῳ
2437 1916 2598 1987 μηνὶ,
2642 1913 2976 1978 ίνδικτιῶνος
3025 1910 3092 1983 β’,
3127 1912 3324 1983 ἑτέραν
3358 1910 3535 1979 τούτῳ
3581 1926 3708 1963 συν-

2107 2010 2333 2077 πέζευξε.

2194 2109 2257 2157 ν’.
2297 2102 2499 2172 Ἰουνίῳ
2545 2102 2602 2158 δέ
2630 2103 2764 2172 μηνὶ
2796 2101 2885 2163 ια’.
2925 2099 3260 2162 ίνδικτιῶνος
3291 2105 3372 2163 ιε’,
3405 2097 3714 2153 κατέπλευ-

2125 2214 2225 2250 σαν
2250 2197 2301 2250 οἱ
2329 2195 2470 2260 Ῥὼς
2504 2197 2649 2250 κατὰ
2680 2193 3314 2257 Κωνσταντινουπόλεως
3351 2191 3491 2263 μετὰ
3515 2190 3721 2244 πλοίων

2122 2290 2378 2360 χιλιάδων
2439 2289 2592 2344 δέκα.
2663 2286 2972 2358 Ἀπεστάλη
3035 2287 3094 2340 δέ
3145 2285 3270 2340 κατ’
3330 2284 3512 2339 αὐτῶν
3575 2281 3720 2354 μετὰ

2123 2381 2369 2453 τριηρῶν
2398 2383 2495 2435 καὶ
2528 2378 2845 2452 δρομὼνων,
2870 2381 2970 2432 ὅσα
3008 2379 3107 2433 καὶ
3136 2377 3328 2450 ἔτυχον
3367 2379 3426 2431 ἐν
3449 2378 3514 2447 τῇ
3539 2375 3718 2439 πόλει,

2125 2479 2153 2530 6
2193 2476 2481 2546 πατρίκιος
2509 2473 2793 2542 Θεοφάνης
2835 2473 2864 2525 6
2898 2471 3395 2544 παραδυναστεύων
3443 2470 3539 2524 καὶ
3572 2487 3724 2540 πρω-

2125 2567 2525 2639 τοϐεστιάριος⁶
2572 2565 2670 2620 καὶ
2706 2564 2798 2618 τόν
2838 2581 2899 2616 τε
2948 2565 3136 2619 στόλον
3177 2560 3620 2635 προευτρεπίσας
3660 2576 3722 2612 τε
3817 2627 3822 2630 _

2126 2665 2221 2718 καὶ
2259 2663 2713 2734 ἑτοιμασάμενος,
2735 2664 2831 2717 καὶ
2860 2661 3088 2733 νηστείᾳ
3109 2659 3205 2714 καὶ
3230 2659 3495 2730 δάκρυσιν
3529 2653 3725 2710 ἐαυτὸν

2129 2754 2521 2826 κατοχυρώσας
2563 2754 2641 2819 ὡς
2683 2754 2942 2832 μάλιστα,
2989 2753 3116 2817 τοὺς
3166 2749 3301 2814 Ῥὼς
3335 2747 3724 2820 προσεδέχετο,

2129 2849 2634 2921 καταναυμαχῆσαι
2683 2849 2882 2913 αὐτοὺς
2935 2846 3168 2917 μέλλων.
3226 2843 3386 2898 Ἐπεὶ
3419 2844 3477 2897 δὲ
3521 2843 3724 2896 ἐκεῖνοι

2130 2943 2434 2998 κατέλαϐον
2466 2944 2562 2997 καὶ
2621 2941 2853 3014 πλησίον
2888 2939 2982 2996 τοῦ
3021 2941 3201 3012 ⁴Ιιάρου
3253 2938 3526 3006 ἐγένοντο,
3566 2927 3728 2998 οὗτος

2131 3036 2268 3108 πρὸς
2316 3035 2394 3107 τῷ
2428 3034 2524 3090 τοῦ
2560 3034 2821 3100 Εὐξείνου
2857 3033 3058 3088 πόντου
3101 3031 3331 3102 στόματι
3369 3026 3734 3101 παρεδρεύων

422 3122 689 3192 templum
723 3121 912 3192 dicas)
934 3130 1164 3192 repente
1197 3122 1253 3176 in
1295 3136 1393 3177 eos
1419 3121 1840 3192 impressionem
1870 3120 2021 3176 fecit.

2137 3130 2195 3182 ἐν
2226 3126 2304 3198 τῷ
2347 3125 2500 3198 Ἰερῷ
2531 3125 2815 3196 λεγομένῳ
2857 3123 3054 3195 ἁθρόον
3088 3120 3298 3184 τούτοις
3335 3118 3584 3173 ἐπέθετο.
3616 3117 3732 3219 Knud:

422 3213 644 3270 Primus
675 3215 862 3284 itaque
889 3229 988 3268 sua
1025 3213 1143 3284 ipse
1170 3228 1474 3269 occurrens
1494 3213 1686 3268 celoce
1717 3229 1846 3268 cum
1876 3215 2022 3269 Rus-

423 3305 666 3360 sicarum
723 3304 948 3359 navium
999 3304 1174 3360 aciem
1225 3303 1511 3370 dissolvit,
1567 3313 1685 3360 tum
1731 3307 2024 3376 plerasque

421 3408 734 3469 praeparato
769 3399 895 3468 igne
928 3396 1094 3468 915
1145 3397 1338 3453 Graeco
1377 3397 1645 3464 incendit,
1686 3399 1927 3469 reliquas
1967 3398 2025 3454 in

422 3490 609 3560 fugam
657 3493 846 3546 vertit.
901 3490 1076 3556 Quem
1118 3506 1262 3560 pone
1318 3501 1520 3547 secutae
1573 3507 1744 3547 naves
1798 3493 2027 3563 reliquae

423 3598 490 3636 ac
533 3582 785 3637 triremes
834 3582 1079 3636 hostium
1140 3582 1367 3652 penitus
1428 3583 1604 3637 aciem
1669 3583 1910 3651 fudere;
1963 3601 2028 3641 ac

422 3669 615 3743 plures
658 3671 887 3741 quidem
932 3673 1157 3727 navium
1201 3688 1327 3728 cum
1383 3673 1704 3729 vectoribus
1751 3674 2028 3745 profundo

424 3781 696 3829 mersere,
729 3766 933 3821 multos
967 3775 1307 3830 straverunt,
1339 3768 1610 3837 plurimos
1660 3768 1820 3824 vivos
1868 3785 2030 3841 cepe-

426 3867 578 3915 runt.
632 3861 765 3927 Quae
820 3861 964 3916 cladi
1025 3862 1354 3932 superstites
1405 3861 1558 3918 fuere
1607 3863 1894 3934 reliquiae,
1958 3869 2027 3920 ad

424 3950 764 4008 Orientalem
808 3954 1044 4024 plagam,
1089 3953 1156 4008 ad
1195 3955 1378 4009 locum
1420 3955 1591 4026 Sgora
1623 3955 1834 4011 dictum
1871 3958 2027 4027 traje-

425 4053 646 4100 cerunt.
702 4045 784 4099 lbi
833 4046 1042 4101 Bardas
1082 4061 1308 4116 quoque
1349 4046 1618 4117 patricius
1673 4048 1878 4104 missus
1899 4065 2026 4105 cum

424 4134 678 4204 equitum
719 4135 932 4191 delecta
977 4152 1144 4190 manu
1191 4136 1260 4191 ad
1315 4137 1562 4192 hostium
1609 4138 1714 4193 iter
1755 4147 1903 4195 terra
1944 4140 2030 4195 in-

425 4229 858 4299 tercipiendum,
877 4230 933 4284 in
959 4246 1157 4285 eorum
1181 4231 1468 4287 cohortem
1491 4233 1626 4287 satis
1648 4249 2025 4299 numerosam,

425 4320 496 4376 ad
551 4323 931 4392 pabulandum
982 4324 1201 4394 aliaque
1262 4327 1574 4381 necessaria
1633 4327 1701 4382 ad
1758 4328 2030 4401 Bithyniae

424 4422 614 4482 partes
671 4413 936 4477 missam,
1009 4413 1243 4478 incidit,
1302 4415 1623 4484 ingentique
1669 4430 1789 4468 eam
1848 4425 2028 4487 strage

2135 3219 2201 3294 δὴ
2224 3218 2440 3290 πρῶτος
2465 3217 2546 3288 τῷ
2577 3216 2763 3288 οἰκείῳ
2804 3215 3042 3286 δρόμωνι
3081 3210 3448 3272 διεκπλεύσας
3477 3207 3563 3281 [Ρ.
3599 3205 3728 3280 589ι

2132 3317 2235 3386 τήν
2259 3331 2324 3368 τε
2350 3311 2608 3379 σύνταξιν
2630 3310 2741 3364 τῶν
2779 3305 3101 3363 Ῥωσιακῶν
3133 3305 3337 3359 πλοίων
3363 3301 3608 3356 διέλυσεν
3632 3300 3732 3354 καὶ

2133 3406 2210 3477 τῷ
2241 3403 2635 3475 ἐσκευασμένῳ
2687 3401 2822 3472 πυρὶ
2883 3399 3112 3453 πλεῖστα
3159 3394 3529 3465 κατέφλεξεν,
3558 3391 3627 3446 τὰ
3670 3391 3728 3444 δὲ

2133 3501 2299 3555 λοιπὰ
2329 3499 2599 3571 ἐτρέψατο
2628 3499 2707 3560 εἰς
2738 3495 2941 3565 φυγὴν,
2967 3493 3042 3556 ὡς
3076 3489 3389 3550 ἀκολούθως
3415 3487 3513 3540 καὶ
3539 3486 3590 3540 οἱ
3621 3485 3730 3538 λοι-

2136 3591 2231 3646 ποὶ
2262 3591 2541 3663 δρόμωνες
2563 3587 2658 3642 καὶ
2680 3587 2738 3640 αἱ
2768 3586 3018 3655 τριήρεις
3043 3577 3494 3668 ἐπεκδραμοῦσαι
3514 3576 3730 3630 τελείαν

2136 3683 2467 3755 εἰργάσαντο
2504 3680 2604 3752 τὴν
2628 3679 2858 3751 τροπὴν,
2902 3677 2998 3731 καὶ
3035 3673 3206 3727 πολλὰ
3243 3671 3342 3744 μὲν
3393 3671 3557 3724 πλοῖα
3593 3682 3730 3722 κατ-

2137 3779 2334 3832 ἐδυσαν
2365 3775 2665 3846 αύτανδρα,
2703 3772 2936 3835 πολλοὺς
2959 3770 3016 3823 δὲ
3039 3769 3415 3838 κατέτρωσαν,
3441 3763 3728 3823 πλείστους

2136 3873 2194 3928 δὲ
2237 3872 2448 3938 ζῶντας
2489 3867 2808 3923 συνέλαϐον.
2857 3866 2922 3919 Ol
2972 3861 3418 3935 περιλειφθέντες
3441 3857 3534 3912 οὖν
3556 3857 3638 3920 είς
3668 3855 3732 3908 τὸ

2135 3966 2236 4036 τῆς
2279 3963 2576 4034 Ἀνατολῆς
2620 3961 2786 4033 μέρος
2817 3961 2899 4023 εἰς
2921 3959 2992 4013 τά
3024 3957 3222 4027 Σγῶρα
3250 3955 3293 3986 ⁸⁸
3325 3953 3598 4023 λεγόμενα
3630 3968 3730 4004 κα-

2136 4054 2487 4110 ταπλέουσιν.
2528 4051 2838 4122 Ἀπεστάλη
2873 4049 2931 4104 δὲ
2956 4048 3078 4102 τότε
3110 4047 3206 4101 καί⁷
3240 4045 3451 4114 Βάρδας
3473 4045 3501 4096 ὁ
3533 4043 3732 4105 Φωκᾶς

2139 4149 2231 4203 διὰ
2259 4149 2364 4219 γῆς
2396 4149 2538 4218 μετὰ
2565 4145 2778 4200 ἱππέων
2805 4144 3080 4215 ἐγκρίτων
3108 4139 3475 4211 παρατρέχειν
3508 4133 3732 4196 αύτούς.

2141 4242 2250 4296 Καὶ
2281 4242 2344 4313 δὴ
2375 4241 2582 4294 τούτων
2607 4239 2895 4307 σύνταγμα
2919 4236 3105 4289 ἱκανὸν
3127 4231 3564 4287 ἀποστειλάντων
3597 4229 3732 4299 πρὸς

2137 4334 2208 4388 τὰ
2235 4336 2336 4404 τῆς
2365 4333 2618 4396 Βιθυνίας
2645 4331 2787 4402 μέρη
2809 4329 2951 4382 ὥστε
2989 4328 3058 4381 τὰ
3089 4325 3228 4398 πρὸς
3257 4323 3466 4396 τροφὴν
3503 4321 3599 4376 καλ⁹
3629 4321 3730 4390 τὴν

2139 4425 2307 4497 ἄλλην
2331 4423 2523 4494 χρείαν
2545 4424 2726 4486 αὐτοῖς
2752 4420 3105 4492 πορίσασθαι,
3131 4419 3442 4490 περιτυχὼν
3461 4415 3540 4484 τῷ
3558 4411 3733 4467 τοιού-

423 4505 571 4560 fudit
627 4513 685 4560 et
753 4505 1139 4561 internecione
1193 4506 1428 4562 ’delevit.
1496 4507 1603 4562 Sed
1665 4515 1723 4561 et
1788 4508 2021 4564 Joannes

2139 4536 2217 4590 τῳ
2253 4517 2601 4588 συντάγματι
2628 4518 2656 4570 6
2687 4513 2979 4586 εἰρημένος
3016 4512 3230 4583 Βάρδας
3255 4512 3285 4564 6
3309 4511 3504 4572 Φωκᾶς
3542 4505 3732 4569 κακῶς

425 4597 692 4668 magister
753 4597 998 4652 Crocoas
1049 4613 1114 4654 ac
1160 4598 1444 4670 legionum
1507 4599 1849 4657 domesticus
1906 4617 2034 4656 cum

425 4691 670 4746 Asiatico
729 4692 880 4745 omni
939 4693 1190 4748 exercitu
1245 4703 1447 4763 praesto
1511 4693 1653 4760 fuit,
1715 4695 2033 4766 multosque

427 4783 734 4837 Russorum
765 4799 794 4838 a
824 4784 1041 4854 reliquo
1071 4785 1290 4856 agmine
1337 4787 1474 4842 alios
1505 4789 1614 4842 alio
1648 4789 1920 4844 .divulsos
1953 4790 2034 4844 of-

427 4874 664 4931 fendens
695 4877 941 4942 sustulit,
981 4878 1056 4932 ita
1087 4893 1218 4934 sane
1247 4887 1310 4933 ut
1351 4881 1472 4952 ejus
1511 4882 1849 4953 agressionis
1881 4891 2030 4937 metu

428 4967 492 5024 in
525 4969 640 5024 suis
671 4983 730 5024 se
761 4970 999 5025 navibus
1026 4970 1271 5026 adunata
1297 4972 1472 5029 classe
1505 4974 1892 5040 continerent,
1926 4990 2031 5031 nec

427 5075 662 5132 usquam
701 5077 994 5120 excurrere
1030 5063 1324 5120 auderent.

498 5345 587 5400 5|.
630 5345 696 5401 lli
740 5363 906 5416 porro
950 5350 1198 5421 ingentia
1247 5351 1601 5421 maximaque
1644 5353 1785 5408 mala
1828 5371 2030 5425 perpe-

429 5446 738 5504 traverunt,
789 5457 916 5496 cum
953 5428 1194 5498 necdum
1233 5443 1360 5499 illos
1404 5441 1668 5498 Romana:
1694 5447 1865 5516 copiae
1900 5449 2028 5518 jun-

431 5530 659 5586 xissent.
708 5531 843 5586 Nam
891 5531 1122 5588 Stenum
1185 5549 1373 5598 omne,
1427 5534 1573 5602 quod
1624 5546 1852 5603 vocant,
1903 5540 2028 5610 igne

435 5629 731 5680 vastarant.
787 5625 864 5680 Ex
905 5625 1014 5680 illis
1057 5642 1196 5696 quos
1238 5625 1489 5696 captivos
1544 5639 1842 5698 ceperant,
1891 5633 2031 5690 alios

2137 4609 2364 4674 τούτους
2397 4609 2677 4679 διέθηκεν,
2703 4607 3051 4679 τρεψάμενος
3101 4607 3197 4658 καὶ
3243 4601 3597 4673 κατασφάξας
3631 4599 3732 4651 αύ-

2137 4704 2285 4767 τούς.
2313 4702 2567 4774 Κατῆλθε
2600 4701 2656 4755 δέ
2679 4699 2985 4774 τηνικαῦτα
3006 4699 3102 4753 καὶ
3137 4697 3391 4766 Ἰωάννης
3427 4693 3732 4764 μάγιστρος

2137 4798 2233 4850 καὶ
2263 4795 2588 4866 ὃομέστικος
2631 4794 2742 4848 τῶν
2772 4793 2980 4864 σχολῶν
3013 4794 3042 4846 6
3071 4793 3114 4844 Κ
3125 4789 3323 4861 ροκόας
3353 4789 3394 4820 ⁸⁷
3425 4783 3566 4855 μετὰ
3594 4800 3733 4834 παν-

2137 4890 2229 4952 τὸς
2274 4887 2370 4942 τοῦ
2424 4889 2526 4959 τῆς
2576 4889 2876 4958 Ἀνατολῆς
2917 4884 3351 4960 στρατεύματος,
3400 4875 3732 4932 καὶτούτων

2138 4984 2370 5049 πολλοὺς
2400 4984 2736 5055 διέφθειρεν,
2779 4981 3106 5042 άποσπάδας
3135 4976 3263 5048 τῇδε
3300 4974 3525 5035 κάκεῖσε
3559 4987 3733 5025 κατα-

2136 5076 2456 5146 λαμϐάνων,
2489 5076 2629 5130 ὥστε
2670 5073 3040 5134 συσταλέντας
3063 5068 3262 5129 αὐτοὺς
3291 5064 3401 5118 δέει
3433 5063 3533 5132 τῆς
3565 5062 3731 5115 αὐτοῦ

2137 5169 2438 5232 ἐπιθέσεως
2486 5169 2668 5239 μένειν
2702 5166 2917 5238 ἀθρόως
2968 5163 3061 5216 ἐπὶ
3109 5160 3180 5213 τά
3221 5159 3398 5211 οίκεῖα
3428 5155 3590 5209 πλοῖα
3637 5155 3734 5206 καὶ

2141 5261 2393 5333 μηδαμοῦ
2416 5261 2720 5332 διατρέχειν
2746 5256 3119 5327 κατατολμᾷν.

2209 5361 2311 5408 να’.
2368 5354 2546 5408 Πολλὰ
2581 5354 2640 5406 δέ
2689 5353 2786 5406 καὶ
2833 5352 3070 5422 μέγιστα
3122 5345 3270 5401 κακὰ
3316 5337 3466 5398 οὗτοι
3503 5337 3734 5412 διεπρά-

2138 5445 2298 5512 ξαντο
2337 5447 2443 5519 πρὸ
2470 5448 2566 5500 τοῦ
2597 5447 2659 5501 τὸ
2703 5445 3012 5516 Ῥωμαϊκὸν
3054 5441 3377 5512 στράτευμα
3425 5432 3732 5490 κατελθεῖν.

2137 5541 2214 5595 Τό
2255 5559 2315 5595 τε
2361 5542 2468 5612 γὰρ
2523 5541 2716 5595 Στενὸν
2761 5537 3059 5608 λεγόμενον
3088 5535 3237 5590 ἅπαν
3270 5530 3602 5600 ἐνέπρησαν,
3637 5522 3737 5578 καὶ

2138 5634 2233 5699 οὓς
2268 5635 2680 5706 συνελάμϐανον
2714 5632 3098 5705 αἰχμαλώτους
3144 5630 3274 5694 τοὺς
3334 5627 3431 5698 μὲν
3475 5622 3736 5714 ἀνεσταύ-

1745 5724 1978 5783 VARI/ﬁ
2041 5729 2339 5787 LECTION
2351 5731 2454 5786 ES.

511 5803 556 5834 se
587 5807 765 5878 Στύρα
797 5827 851 5879 ρ,
888 5810 996 5866 <26;
1033 5814 1089 5870 ι),
1169 5816 1212 5848 ⁸⁷
1253 5816 1575 5885 Κουρκούας
1611 5818 1683 5871 ib.
