4128 6432
401 345 508 407 979

1694 343 2017 404 GEORGII
2051 344 2403 405 MONACIII

3599 338 3704 404 980

401 465 540 535 regii
578 462 701 517 solii
736 459 907 516 erecti
941 467 1104 525 sunt,
1143 460 1222 514 sic
1262 459 1418 523 dicti,
1452 459 1599 515 demi
1636 470 1994 527 corruerunt,

2113 464 2429 529 κατέπεσον,
2449 464 2499 518 οῖ
2531 459 2865 524 ἁπεναντίας
2896 460 2989 514 τοῦ
3021 459 3303 531 βασιλικοῦ
3323 459 3515 529 θρόνου
3541 460 3669 528 ἐτύτ
3694 486 3710 498 ·

398 556 793 626 subjectosque
834 553 1039 623 gradus
1086 563 1142 608 et
1181 568 1459 608 marmora
1486 564 1541 608 et
1574 554 2005 609 intercolumnia

401 647 807 703 contriverunt.
867 647 1012 700 Anni
1068 656 1254 701 autem
1309 656 1564 702 vertente
1618 648 1864 711 circulo,
1906 664 2004 703 eo-

400 742 526 796 dem
556 741 678 811 ipso
713 754 925 805 mense,
972 740 1286 795 Romanum
1326 741 1720 811 imperatorem
1756 742 1876 812 ejus
1911 720 2005 795 [ilii

401 834 529 888 aula
570 832 920 904 dejecerunt.

472 927 561 982 56.
615 926 900 982 Edessena
947 935 1134 982 autem
1168 926 1423 991 civitate,
1473 928 1531 981 in
1557 943 1665 996 qua
1706 926 2006 981 venerandi

400 1019 612 1075 Christi
661 1018 875 1089 elligies
948 1020 1123 1075 linteo
1172 1035 1433 1089 expressa
1484 1029 1635 1084 erat,
1687 1034 1718 1073 a
1760 1018 2009 1087 Romano

401 1112 654 1168 exercitu
720 1111 946 1167 obsessa
1014 1121 1071 1168 et
1125 1111 1192 1166 ad
1249 1120 1530 1167 extremas
1586 1112 1868 1183 angustias
1926 1127 2014 1165 re~

403 1205 569 1261 (laeta
612 1205 885 1260 miserunt
929 1204 1191 1275 oppidani
1224 1205 1294 1259 ad
1338 1205 1652 1260 Romanum
1702 1206 2007 1275 imperato-

406 1312 527 1352 rem
576 1305 830 1351 oratores
894 1307 1156 1367 rogantes
1229 1298 1369 1352 solvi
1442 1298 1829 1361 obsidionem,
1888 1298 2010 1368 ejus

407 1388 656 1441 muneris
695 1387 883 1458 gratia}
918 1402 1135 1442 sacram
1165 1387 1373 1443 Christi
1427 1388 1508 1443 sic
1538 1404 1855 1459 expressam
1891 1387 2008 1441 elli-

405 1481 550 1550 giem
588 1495 646 1535 se
672 1480 902 1535 daturos
938 1480 1210 1546 polliciti;
1248 1481 1734 1553 hujusque-ipsius
1763 1480 2010 1535 muneris

410 1574 587 1627 vicem
637 1588 705 1627 ex
757 1572 876 1627 suis
919 1574 1140 1627 vinctos
1191 1573 1525 1628 illustriores
1568 1572 1814 1641 recipere
1860 1579 2013 1641 pete-

409 1668 578 1731 bant,
622 1666 887 1736 bullaque
937 1681 1107 1720 aurea
1158 1681 1281 1720 eam
1325 1667 1407 1721 eis
1449 1646 1697 1735 przestari
1748 1664 1912 1718 [idem
1951 1670 2010 1715 ut

405 1775 515 1813 non
555 1758 795 1828 amplius
834 1760 1097 1813 Romanae
1123 1760 1298 1828 copia:
1348 1759 1687 1814 Edessenam
1728 1757 2010 1827 regionem

2113 573 2311 626 χανον,
2351 557 2444 608 καὶ
2505 552 2834 623 συνέτριψαν
2885 554 2955 606 τά
3005 570 3063 605 τε
3114 552 3470 605 ὑποκάτωθεν
3527 553 3709 605 αὐτῶν

2115 648 2292 722 βάθρα
2326 649 2419 700 καὶ
2450 648 2519 701 τά
2557 648 2761 718 στήθεα
2801 646 3095 716 λεγόμενα.
3134 645 3343 715 Χρόνου
3374 644 3430 697 δὲ
3476 648 3707 715 περικυ-

2113 740 2441 802 κλεύσαντος
2471 738 2551 807 τῷ
2591 737 2742 808 αὑτῷ
2770 738 2903 807 μηνὶ
2934 736 3027 790 τὸν
3074 734 3306 805 βασιλέα
3348 734 3632 805 Ῥωμανὸν
3657 735 3708 786 οί

2112 835 2221 886 υἱοὶ
2254 832 2423 885 αὑτοῦ
2452 830 2548 885 τοῦ
2585 831 2857 885 παλατίου
2891 830 3233 899 κατήγαγον.

2186 932 2295 990 νς’.
2326 924 2439 994 Τῆς
2472 923 2531 977 δὲ
2565 924 2779 985 πόλεως
2826 923 3072 994 Ἐδέσης,
3096 923 3154 975 ἐν
3257 920 3319 973 τὸ
3338 920 3433 974 τοῦ
3468 919 3709 992 Χριστοῦ

2112 1019 2294 1089 τίμιον
2341 1020 2640 1089 ἐκμαγεῖον
2696 1017 2982 1083 ἀπέκειτο,
3037 1010 3192 1087 παρᾶ
3247 1017 3343 1071 τοῦ
3395 1015 3709 1087 Ῥωμαϊκοῦ

2113 1111 2590 1184 πολιορκουμένης
2647 1111 3065 1183 στρατεύματος
3093 1113 3188 1166 καὶ
3218 1113 3301 1173 είς
3340 1113 3589 1184 ἀνάγκην
3617 1129 3711 1182 με-

2113 1206 2309 1277 γίστην
2346 1207 2801 1278 περιισταμένης,
2839 1206 3170 1260 ἀπέστειλαν
3216 1207 3266 1258 ot
3312 1206 3522 1275 ταύτης
3564 1205 3713 1274 οἰκή-

2112 1313 2270 1364 τορες
2304 1296 2443 1365 πρὸς
2474 1297 2567 1350 τὸν
2599 1295 2829 1364 βασιλέα
2867 1297 3151 1367 Ῥωμανὸν
3184 1295 3711 1366 διαπρεσϐευόμενοι

2112 1386 2212 1457 τὴν
2234 1386 2553 1458 πολιορκίαν
2592 1388 2844 1459 λυθῆναι,
2874 1386 2935 1440 τὸ
2964 1385 3057 1439 τοῦ
3079 1388 3316 1457 Χριστοῦ
3354 1385 3508 1455 ἅγιον
3537 1386 3713 1455 ἐκμα-

2113 1482 2263 1546 γεῖον
2293 1482 2561 1552 παρέχειν
2602 1480 3088 1550 ἐπαγγειλάμενοι.
3131 1478 3305 1549 ’Υπὲρ
3328 1480 3430 1547 τῆς
3451 1477 3711 1548 τοιαύτης

2113 1571 2170 1626 δὲ
2202 1572 2426 1643 χάριτος
2459 1572 2716 1645 δεσμίους
2766 1574 3043 1645 ᾐτήσαντο
3062 1572 3172 1625 τῶν
3199 1570 3459 1641 ἐμφανῶν
3508 1568 3709 1622 ἀπολαο

2115 1666 2254 1732 δεῖν,
2285 1666 2659 1741 χρυσόὸουλλά
2680 1683 2737 1718 τε
2775 1665 2963 1720 λαϐεῖν
2997 1666 3137 1719 ὥστε
3169 1664 3266 1736 τὴν
3290 1664 3502 1718 τούτων
3527 1662 3713 1734 χώραν

2119 1761 2319 1830 μηκέτι
2364 1762 2520 1832 παρὰ
2562 1761 2659 1814 τοῦ
2714 1759 3002 1830 Ῥωμαίων
3055 1757 3292 1829 στρατοῦ
3341 1757 3649 1827 ληίζεσθαι·
3685 1754 3712 1807 δ

403 1851 782 1906 devastarent.
823 1850 978 1917 Quod
1025 1859 1079 1905 et
1125 1850 1332 1905 factum
1362 1860 1465 1904 est.
1500 1850 1663 1904 Missa
1697 1850 1879 1915 itaque
1916 1862 1998 1901 sa-

2113 1856 2170 1923 δὴ
2208 1854 2291 1926 [Ρ.
2357 1854 2485 1926 591]
2529 1854 2627 1907 καὶ
2654 1853 2900 1922 γέγονεν.
2956 1849 3062 1905 Τοῦ
3122 1852 3179 1905 δὲ
3218 1850 3378 1919 ἁγίου
3411 1849 3709 1920 ἐκμαγείου

404 1960 499 1999 cra
528 1942 705 2013 eﬂigie
728 1958 789 1997 ac
815 1942 1059 2007 sudario,
1084 1943 1308 2011 jamque
1333 1941 1479 1995 haud
1504 1940 1696 2009 procul
1726 1938 2006 2009 Byzantio,

406 2036 775 2106 Theophanes
833 2034 1103 2105 patricius
1162 2044 1219 2089 et
1286 2033 1577 2089 accubitor
1640 2033 1707 2086 ad
1761 2031 2007 2102 Sagarim

405 2128 639 2182 ﬂuvium
681 2142 940 2197 egressus
988 2142 1115 2181 cum
1166 2141 1454 2181 cereorum
1502 2124 1794 2194 Splendido
1839 2139 2005 2193 appa-

409 2228 532 2271 ratu
593 2232 952 2287 congruoquc
1018 2216 1172 2271 cultu
1233 2225 1289 2271 et
1348 2216 1583 2270 canticis
1642 2215 1719 2269 illi
1789 2214 2007 2269 obviam

407 2310 711 2379 processit;
758 2309 1075 2379 mensisque
1111 2309 1343 2379 Augusti
1391 2308 1584 2377 quinta
1630 2307 1843 2360 decima
1883 2322 2008 2361 cum

407 2404 503 2457 illo
556 2404 610 2457 in
658 2402 853 2457 urbem
898 2402 1150 2467 intravit,
1209 2402 1546 2469 imperatore
1594 2401 1650 2453 in
1687 2400 2012 2454 Blaehcrnis

407 2495 736 2560 constituto,
779 2495 875 2548 ubi
902 2503 960 2549 et
996 2494 1235 2563 elligiem
1268 2494 1469 2548 devote
1507 2492 1774 2548 adoravit.
1806 2493 2011 2547 Postri-

408 2590 498 2643 die
526 2604 661 2642 vero
691 2588 760 2642 ad
798 2590 1036 2641 Auream
1071 2598 1285 2656 portam
1318 2586 1573 2640 exierunt
1610 2595 1725 2639 tum
1770 2587 2009 2655 impera-

410 2683 544 2736 toris
572 2681 685 2736 duo
734 2680 855 2741 lilii,
891 2678 1207 2749 Stephanus
1234 2690 1295 2743 et
1322 2678 1744 2743 Constantinus,
1777 2687 1894 2732 tum
1943 2678 2009 2732 il-

406 2775 517 2829 lius
546 2788 715 2843 gener
758 2772 1160 2828 Constantinus
1207 2770 1377 2841 919
1424 2786 1551 2825 cum
1598 2770 2009 2840 Tbcophylacto

406 2865 764 2937 patriarcha,
815 2864 1117 2934 debitoquc
1166 2864 1379 2918 honore
1427 2873 1744 2932 susceptum
1791 2878 2007 2916 sacrum

406 2961 636 3030 pignus,
674 2958 943 3012 universo
974 2964 1171 3010 senatu
1212 2964 1498 3024 praeeunte
1535 2955 1884 3024 maximaque
1917 2969 2011 3007 ce-

404 3068 629 3109 reorum
654 3061 821 3122 atque
853 3050 1169 3119 lampadum
1197 3049 1333 3104 silva
1362 3049 1722 3119 praelucente,
1761 3048 2010 3117 adusque

405 3155 609 3201 sancta:
655 3146 753 3200 Dei
804 3142 1091 3213 sapientia:
1136 3143 1401 3212 templum
1446 3141 1685 3211 pedibus
1723 3141 2007 3204 detulere,

404 3248 569 3308 atque
598 3238 710 3292 illic
734 3235 1059 3291 adoratione
1087 3236 1435 3304 mysticoque
1460 3234 1610 3287 cultu
1638 3241 1925 3301 acceptum
1952 3230 2007 3285 in

403 3331 673 3399 palatium
702 3329 965 3386 intulere.

478 3423 567 3477 57.
596 3422 694 3477 His
724 3436 860 3476 vero
903 3421 1102 3476 diebus
1128 3428 1438 3475 monstrum
1466 3419 1745 3489 quoddam
1775 3436 1838 3475 ac
1875 3436 2008 3490 por-

402 3525 620 3570 tentum
673 3513 1063 3569 Armeniacum
1091 3514 1145 3567 in
1174 3512 1369 3567 urbem
1403 3513 1682 3566 invectum
1711 3523 1816 3576 est,
1850 3512 2006 3581 pueri

401 3607 617 3662 scilicet
645 3606 755 3660 duo
772 3605 1138 3669 cohaerentes,
1165 3621 1274 3659 uno
1292 3614 1451 3659 utero
1472 3604 1655 3669 eﬂ'usi,
1682 3604 1802 3659 aliis
1830 3621 2003 3659 mem-

402 3699 520 3753 bris
549 3697 811 3753 omnibus
840 3697 1092 3766 corporis
1144 3697 1364 3766 integri,
1400 3713 1428 3750 a
1490 3698 1785 3752 ventriculi
1825 3708 2005 3753 tamen

402 3807 500 3846 ore
530 3798 587 3847 et
625 3791 769 3844 intra
806 3790 1008 3861 pubem
1047 3790 1189 3845 inter
1220 3806 1278 3844 se
1324 3790 1595 3853 concreti,
1629 3801 1793 3860 atque
1836 3791 2005 3844 vulti-

402 3886 506 3940 bus
534 3882 809 3939 obversis.
853 3882 921 3937 lli
949 3882 1043 3937 diu
1077 3882 1131 3936 in
1186 3882 1325 3938 urbe
1358 3883 1593 3944 versati;
1626 3898 1692 3937 ac
1724 3898 1848 3938 cum
1883 3899 2003 3937 om-

402 3993 502 4033 nes
532 3992 636 4032 ceu
668 3976 913 4030 immane
946 3974 1226 4045 quoddam
1262 3981 1587 4044 portentum
1638 3974 1815 4029 oculis
1839 3990 2004 4029 usur-

400 4078 620 4139 parent,
646 4069 931 4123 Romanus
964 4067 1271 4137 imperator
1316 4065 1469 4120 velut
1491 4066 1696 4121 malum
1723 4067 2002 4136 quoddam

401 4180 567 4219 nmen
593 4178 658 4218 ea
688 4162 920 4233 expulit.
956 4160 1094 4215 Cum
1124 4169 1311 4215 autem
1350 4162 1502 4216 solus
1544 4161 1655 4231 jam
1682 4159 2000 4214 Constanti-

403 4270 510 4308 nus
534 4268 719 4308 rerum
748 4251 1045 4321 potiretur,
1078 4250 1283 4303 iterum
1309 4251 1541 4321 ingressi
1580 4260 1729 4305 sunt.
1754 4250 1876 4305 Uno
1901 4267 2001 4304 au-

404 4358 516 4401 tem
545 4361 615 4399 ex
640 4344 723 4399 eis
753 4352 995 4408 mortuo,
1030 4342 1193 4411 periti
1254 4342 1482 4412 quidam
1519 4342 1721 4397 medici
1755 4343 2001 4397 cohaere-

405 4448 658 4494 scentem
690 4447 999 4493 emortuam
1055 4446 1265 4504 partem
1302 4436 1491 4490 subtili
1544 4445 1662 4490 arte
1715 4444 1999 4505 putavere,

2114 1946 2524 2010 ἀποσταλέντος
2553 1948 2649 2001 καὶ
2674 1947 2774 2018 ἤδη
2801 1948 2866 2016 τῇ
2897 1942 3467 1999 Κωνσταντινουπόλει
3490 1941 3714 2011 πλησιά·

2115 2055 2329 2105 σαντος,
2373 2039 2708 2109 Θεοφάνηςό
2736 2036 3025 2107 πατρίκιος
3068 2037 3163 2089 καὶ
3211 2032 3711 2105 παρακοιμώμενος

2114 2134 2170 2184 ἐν
2201 2132 2277 2201 τῷ
2318 2131 2547 2202 ποταμῷ
2584 2131 2859 2201 Σαγγάρῳ
2902 2127 3137 2193 ἐξελθὼν
3189 2128 3503 2197 ὑπήντησεν
3561 2123 3710 2192 αὑτῷ

2117 2222 2259 2291 μετὰ
2280 2222 2650 2291 φωταγωγίας
2692 2222 2788 2274 καὶ
2824 2221 2925 2289 τῆς
2963 2218 3194 2289 δεούσης
3220 2217 3388 2287 τιμῆς
3446 2215 3540 2268 καὶ
3577 2214 3711 2283 ὑμν-

2112 2315 2299 2383 ῳδίας.
2334 2316 2445 2368 Καὶ
2469 2318 2539 2387 τῇ
2567 2314 2627 2368 ιε’
2660 2314 2753 2367 τοῦ
2788 2313 3103 2382 Αὐγούστου
3149 2310 3318 2382 μηνὸς
3347 2310 3446 2363 σὺν
3473 2308 3621 2377 αὑτῷ
3648 2310 3709 2361 ἐν

2113 2408 2179 2475 τῇ
2209 2406 2360 2459 πόλει
2393 2405 2667 2476 εἰσῆλθον,
2692 2404 2786 2457 τοῦ
2822 2402 3084 2473 βασιλέως
3107 2401 3164 2454 ἐν
3192 2398 3524 2469 Βλαχέρναις
3554 2396 3710 2464 ὄντος

2116 2502 2281 2554 κάκεῖ
2319 2501 2454 2554 αὑτὺ
2496 2500 3003 2572 προσκυνήσαντος.
3051 2495 3135 2567 Τῇ
3163 2495 3221 2548 δὲ
3257 2493 3522 2564 ἐπαύριον
3555 2490 3711 2559 ἐξῆλ-

2116 2595 2206 2646 θον
2247 2596 2304 2647 ἐν
2331 2596 2395 2665 τῇ
2420 2594 2612 2664 Χρυσῇ
2655 2593 2835 2665 πόρτῃ
2859 2592 2914 2643 οἵ
2945 2608 3001 2643 τε
3032 2590 3125 2642 τοῦ
3172 2588 3440 2659 βασιλέως
3469 2585 3561 2638 δύο
3600 2583 3710 2636 olei.

2116 2687 2393 2755 Στέφανός
2422 2703 2482 2738 τε
2514 2687 2609 2741 καὶ
2637 2686 3052 2746 Κωνσταντῖνος
3083 2683 3177 2735 καὶ
3207 2682 3235 2733 ὁ
3264 2678 3416 2750 γαμ6
3428 2678 3514 2749 ρδς
3542 2674 3708 2731 αὑτοῦ

2115 2782 2530 2843 Κωνσταντῖνος
2576 2779 2674 2832 σὺν
2712 2778 2791 2848 τῷ
2828 2774 3149 2848 πατριάρχῃ
3188 2771 3574 2841 Θεοφυλάκτῳο
3613 2767 3710 2821 καὶ

2119 2876 2257 2944 μετά
2304 2874 2404 2943 τῆς
2455 2871 2686 2941 δεούσης
2738 2869 2898 2923 τοῦτο
2956 2866 3320 2928 ἁναλαὸόντες
3374 2863 3562 2933 τιμῆς,
3608 2860 3711 2929 τῆς

2117 2968 2425 3037 συγκλήτου
2455 2966 2637 3035 πάσης
2672 2961 3160 3033 προπορευομένης
3201 2958 3295 3011 καὶ
3346 2954 3710 3025 φωταγωγίας

2119 3058 2386 3129 μεγίστης
2436 3054 2814 3125 προαγούσης,
2875 3052 3039 3122 μέχρι
3088 3048 3183 3102 τοῦ
3238 3045 3394 3114 ἁγίου
3430 3044 3561 3097 ναοῦ
3608 3043 3710 3111 τῆς

2132 3152 2320 3221 ’Λγίας
2350 3149 2443 3203 τοῦ
2469 3150 2606 3203 Θεοῦ
2635 3148 2837 3217 Σοφίας
2874 3144 3013 3215 πεζῇ
3045 3142 3388 3212 διεκόμισαν,
3420 3138 3517 3192 καὶ
3546 3151 3711 3207 προα-

2121 3240 2357 3310 κυνηθὲν
2398 3240 2578 3293 ἐκεῖσε
2606 3238 2664 3292 ἐν
2692 3236 2771 3307 τῷ
2803 3234 3055 3304 παλατίῳ
3089 3232 3387 3303 ἀνήγαγον.

2186 3424 2282 3486 νζκ
2325 3422 2415 3474 Ἐν
2470 3418 2699 3481 ταύταις
2756 3415 2814 3469 δὲ
2867 3417 2987 3478 ταῖς
3040 3413 3277 3484 ἡμέραις
3332 3407 3622 3481 Ἀρμένιον
3656 3421 3710 3458 τι

2112 3518 2277 3586 τέρας
2311 3517 2377 3583 τῇ
2406 3513 2560 3565 πόλει
2594 3510 2968 3580 ἐπεδήμησεν,
3006 3508 3197 3568 παῖδες
3249 3504 3518 3573 συμφυεῖς
3547 3500 3711 3570 ἄρρε-

2113 3626 2200 3671 νες
2233 3611 2297 3660 ἐκ
2330 3607 2461 3676 μιᾶς
2491 3603 2847 3677 προελθόντες
2876 3599 3139 3670 γαστρὸς,
3176 3596 3307 3650 σῶοι
3355 3596 3460 3665 μέν,
3484 3593 3578 3648 καὶ
3608 3592 3710 3663 ἄρ-

2110 3718 2217 3754 τιοι
2245 3699 2425 3753 πάντα
2447 3697 2516 3750 τὰ
2550 3695 2686 3766 μέλη
2721 3693 2816 3747 τοῦ
2848 3691 3126 3761 σώματος,
3163 3688 3271 3741 ἀπὺ
3296 3688 3355 3741 δὲ
3376 3684 3469 3740 τοῦ
3500 3684 3709 3754 στόμα-

2111 3812 2201 3859 τος
2228 3794 2331 3862 τῆς
2370 3790 2607 3861 γαστρὸς
2647 3789 2741 3841 καὶ
2774 3786 2937 3857 μέχρι
2986 3785 3096 3837 τῶν
3147 3776 3535 3851 ὑπογαστρίων
3567 3795 3710 3846 συμ-

2110 3887 2421 3957 πεφυκότες
2476 3884 2571 3938 καλ⁹
2620 3882 2873 3953 ἀλλήλοις
2908 3880 3251 3950 ὑπάρχοντες
3274 3873 3706 3945 ἀντιπρόσωποι.

2112 3982 2173 4035 Οἳ
2202 3982 2296 4034 ἐπὶ
2347 3980 2599 4033 πλεῖστον
2654 3979 2720 4047 τῇ
2777 3974 2932 4028 πόλει
2978 3969 3447 4042 ἐνδιατρίψαντες,
3477 3971 3573 4019 καὶ
3603 3966 3711 4018 ὑπὸ

2109 4075 2331 4130 πάντων
2358 4073 2433 4135 ὠς
2461 4070 2699 4136 ἐξαίσιόν
2729 4087 2783 4122 τι
2812 4070 2977 4138 τέρας
3026 4062 3317 4135 ὁρώμενοι,
3369 4062 3470 4129 τῆς
3503 4058 3711 4121 πόλεως

2106 4169 2179 4231 ὡς
2207 4165 2445 4235 πονηρός
2468 4182 2553 4227 τις
2588 4166 2781 4224 οἱωνος
2809 4159 3176 4229 ἐξηλάθησαν.
3237 4155 3362 4208 Ἐπὶ
3392 4153 3450 4207 δὲ
3482 4153 3581 4224 τῆς
3611 4169 3707 4222 μου

2109 4256 2467 4327 νοκρατορίας
2522 4251 2941 4307 Κωνσταντίνου
2977 4248 3139 4301 πάλιν
3186 4246 3511 4317 εἰσήλθοσαν
3537 4261 3549 4274 ³
3582 4247 3708 4296 ἐπεὶ

2107 4346 2161 4398 δὲ
2184 4347 2212 4398 ὁ
2244 4346 2428 4416 ἕτερος,
2460 4342 2642 4396 αὐτῶν
2690 4340 2995 4409 ἐτεθνήκει,
3050 4336 3228 4407 ἰατροί
3271 4353 3418 4400 τινες
3452 4336 3707 4406 ἔμπειροι

2106 4439 2168 4492 τὸ
2205 4435 2714 4507 συγκεκολλημένον
2769 4433 2937 4503 μέρος
2966 4431 3220 4501 διέτεμον
3252 4430 3490 4500 εὐφυῶς,
3531 4428 3710 4481 ἐλπίδι

404 4532 525 4583 fore
568 4536 855 4599 sperantes
890 4534 952 4579 ut
991 4526 1085 4580 illo
1121 4525 1369 4580 remedio
1390 4526 1530 4580 alter
1565 4526 1858 4581 incolumis
1889 4543 2002 4582 ser-

2113 4530 2206 4586 τοῦ
2237 4531 2329 4584 τὸν
2363 4530 2551 4599 ἕτερον
2598 4525 2885 4597 ζήσεσθαι,
2916 4524 2975 4587 ὃς
3032 4525 3182 4593 τρεῖς
3210 4523 3426 4594 ἡμέρας
3460 4520 3709 4583 ἐπιϐιοὺς

403 4630 666 4686 varetur;
693 4619 788 4690 qui
811 4629 994 4674 tamen
1026 4619 1143 4689 ipse
1167 4620 1353 4674 triduo
1383 4631 1666 4690 superstes
1687 4623 1845 4679 obiit.

463 4713 554 4767 58.
593 4713 879 4767 Romanus
910 4726 1079 4782 porro
1104 4711 1431 4781 imperator,
1465 4713 1543 4767 uti
1572 4730 1601 4768 a
1632 4715 1795 4770 nobis
1829 4716 1882 4769 in
1911 4731 2002 4770 su-

403 4803 724 4875 perioribus
771 4802 979 4858 dictum
1012 4811 1119 4869 est,
1163 4818 1287 4858 cum
1321 4819 1448 4875 erga
1482 4806 1783 4861 monachos
1812 4823 2005 4864 omnes

404 4898 569 4952 ﬁdem
630 4897 924 4967 plurimam
975 4896 1207 4951 haberet
1235 4896 1557 4967 cultumque
1590 4900 1658 4954 iis
1688 4901 2001 4963 adhiberet,

404 5006 518 5061 pra:
550 4991 783 5061 reliquis
808 5000 989 5047 tamen
1016 4990 1332 5060 eximieque
1362 4991 1618 5063 Sergium
1653 4994 1831 5048 virum
1889 5011 2006 5049 mo-

403 5083 618 5139 nastica
654 5084 1004 5139 institutione
1029 5084 1360 5153 praeclarum
1380 5084 1730 5140 observabat.
1761 5088 1893 5143 Erat
1914 5088 2004 5144 hic

402 5176 649 5247 magistri
696 5175 907 5232 Cosmze
936 5178 1109 5231 frater
1140 5177 1309 5247 920
1335 5177 1514 5231 Photii
1554 5181 1882 5247 patriarcha:
1908 5198 2005 5238 ne-

404 5286 525 5341 pos,
559 5270 731 5324 animi
791 5270 1138 5341 ingenuitate
1198 5285 1363 5339 quam
1419 5272 1625 5325 carnali
1678 5276 2003 5345 cognatione

402 5364 666 5421 nobilior.
702 5365 782 5419 Ad
811 5380 1082 5419 summam
1123 5364 1273 5417 enim
1303 5365 1567 5420 virtutem
1599 5368 2000 5440 scientiamque

402 5469 674 5522 evaserat,
704 5469 763 5512 ut
790 5476 889 5513 nec
916 5470 1040 5513 utra
1072 5467 1357 5527 priestaret
1409 5460 1645 5515 discerni
1680 5462 1839 5518 facile
1876 5482 2000 5531 pos-

403 5562 521 5615 set;
579 5551 658 5605 sic
719 5550 981 5604 nimirum
1039 5559 1296 5603 accurate
1350 5552 1610 5621 onmiquc
1661 5556 1997 5623 perfectione

405 5651 698 5710 utramque
731 5644 1068 5697 cxcoluerat.
1112 5643 1363 5698 Florcbat
1400 5644 1450 5697 in
1479 5662 1543 5697 eo
1579 5648 1720 5703 inter
1751 5652 1855 5705 alia
1889 5653 1999 5707 dis-

2111 4627 2486 4695 ἐτελεύτησεν.

2182 4726 2285 4791 νη⁸.
2336 4720 2395 4773 Ὀ
2424 4720 2483 4773 δὲ
2529 4717 2809 4789 Ῥωμανδς
2852 4719 2881 4771 ὁ
2927 4716 3204 4786 βασιλεὺς,
3237 4717 3311 4779 ὡς
3342 4713 3602 4782 ἀνωτέρω
3631 4713 3711 4765 εί-

2113 4833 2295 4887 ρηται,
2329 4818 2387 4868 ἐν
2416 4814 2582 4867 πᾶσιν
2609 4813 2868 4882 μοναχοῖς
2904 4812 3088 4865 πίστιν
3132 4811 3396 4878 ἐκέκτητο
3443 4804 3703 4874 ἄμετρον,

2109 4909 2482 4979 διαφερόντως
2503 4907 2559 4960 δέ
2586 4907 2751 4976 ἐτίμα
2774 4906 2869 4959 καὶ
2892 4903 3259 4974 ὑπερεσέϐετο
3282 4901 3508 4967 Σέργιον
3529 4896 3622 4950 τὸν
3648 4898 3707 4949 ἐν

2115 5006 2411 5075 μονασταῖς
2434 5001 2837 5071 διαλάμποντα,
2890 4999 2951 5061 ὃς
2982 4996 3211 5064 ἀδελφὸς
3266 4994 3367 5056 μὲν
3412 4991 3509 5045 τοῦ
3545 4992 3709 5062 μαγί-

2111 5116 2275 5169 στρου
2333 5097 2547 5166 ὑπῆρχε
2597 5096 2820 5163 Κοσμᾶ,
2876 5090 3099 5160 ἀνεψιὸς
3152 5087 3209 5141 δέ
3234 5085 3328 5139 τοῦ
3360 5085 3705 5157 πατριάρχου

2108 5190 2314 5244 Φωτίου
2341 5206 2353 5219 α
2416 5188 2473 5241 ὃν
2526 5186 2687 5240 πλέον
2716 5186 2819 5255 τῆς
2851 5181 3125 5255 σαρκικῆς
3159 5178 3549 5249 εὑσυγγενείας
3575 5180 3620 5210 ⁶⁹
3672 5180 3707 5249 ἢ

2110 5283 2251 5336 κατὰ
2275 5281 2453 5352 ψυχὴν
2502 5281 2665 5351 ἐτίμα
2689 5279 2958 5345 εὐγένεια.
3009 5273 3238 5345 Ἀρετῆς
3283 5272 3393 5343 γὰρ
3422 5274 3502 5337 είς
3536 5272 3705 5341 ἄκρον

2111 5379 2203 5429 καὶ
2232 5375 2488 5444 γνώσεως
2531 5374 2756 5445 ήλασεν,
2813 5372 2890 5434 ὡς
2939 5367 3197 5439 δυσχερὲς
3235 5363 3377 5419 εἶναι
3405 5364 3705 5435 διακρίνειν

2111 5471 2326 5541 ποτέρῳ
2356 5468 2557 5537 μᾶλλον
2591 5465 2964 5519 ἐπλεονέκτειο
2992 5462 3167 5523 οὑτως
3188 5462 3273 5524 εἰς
3303 5460 3473 5532 ἄκρον
3509 5458 3705 5511 ἐκατέ-

2113 5580 2211 5633 ραν
2240 5562 2565 5632 ἐξήσκησεν.
2616 5558 2877 5627 Ἐπήνθει
2914 5574 2972 5609 τε
3008 5554 3159 5625 αὑτῷ
3199 5554 3337 5625 πρὸς
3369 5555 3482 5615 τοῖς
3521 5550 3707 5612 ἄλλοις

2111 5656 2203 5708 καὶ
2238 5654 2297 5706 τὸ
2319 5654 2414 5722 τῆς
2448 5652 2779 5721 διακρίσεως
2833 5650 3080 5722 χάρισμα
3116 5648 3207 5703 καὶ
3252 5648 3311 5701 τὸ
3369 5644 3558 5715 χάριεν
3613 5640 3706 5696 τοῦ

1692 5744 1921 5802 νΛΙΗΛΞ
1954 5748 2365 5807 LECTIONES.

475 5825 517 5857 ε)
555 5832 864 5896 συγγενείας
896 5850 943 5901 ι).
976 5834 1081 5887 269
1128 5836 1179 5888 ι).
