4128 6418
459 364 562 430 981

1552 361 1752 424 ΥΙΤΛΞ
1797 359 2352 422 RECENTlOllUM
2408 358 2612 420 IMPP.

3621 358 3731 420 9532

459 481 624 550 ἡθους
657 476 750 532 καὶ
773 476 832 529 τὸ
856 475 1075 547 μέτριον
1096 474 1189 528 τοῦ
1213 475 1578 546 φρονήματος.
1599 474 1674 526 Οὐ
1700 473 1807 544 γάρ
1829 474 2038 525 ἀνέσπα

2163 470 2406 525 :rctionis
2464 471 2668 522 donum
2730 485 3051 538 morumque
3088 471 3280 540 gratia,
3349 470 3520 528 animi
3542 488 3738 531 sensus

459 576 557 636 τὰς
587 572 754 642 ὀφρῦς
778 572 852 633 ὼς
877 573 925 624 οἱ
953 571 1047 623 νῦν
1106 571 1281 638 σοφοὶ,
1317 569 1433 622 οὐδὲ
1488 568 1704 632 ἀλαζὼν
1737 585 1819 629 τις
1869 567 2040 620 ἐδόκει

460 665 553 716 καὶ
582 665 952 733 ὑπερήφανος,
983 661 1122 715 ἀλλά
1137 661 1229 714 τὸν
1251 661 1409 730 λόγον
1444 660 1544 731 μὲν
1567 657 1681 731 εἶχε
1709 660 2041 729 γλυκύτερον

463 755 679 824 μέλιτος
709 754 1108 820 ἀποστάζοντα,
1133 754 1194 806 τὸ
1231 749 1363 826 ἦθος
1392 753 1450 806 δὲ
1487 754 1686 819 πάγιον
1715 752 1811 806 καὶ
1847 752 2040 804 σταθε-

461 846 572 915 ρὸν,
612 845 695 916 ιΡ.
727 845 864 918 592]
881 846 1136 900 ταπεινὸν
1159 845 1214 899 δὲ
1237 846 1298 899 τὸ
1325 845 1604 916 φρόνημα.
1637 844 1840 898 Τοῦτον
1863 845 1928 914 δὴ
1952 844 2042 896 τὸν

457 937 704 1005 ἀοίδιμον
727 937 1091 1001 ἀδιαλείπτως
1140 937 1260 1009 μεθ’
1296 937 1492 990 ἑαυτοῦ
1527 933 1673 1007 εἶχεν
1704 936 1733 988 ὁ
1767 935 2040 1006 βασιλεὺς,

458 1031 656 1082 κανόνα
682 1029 850 1091 ὅντως
868 1028 964 1083 καὶ
994 1029 1244 1099 στάθμην
1269 1029 1361 1083 τὸν
1387 1027 1552 1084 αὐτοῦ
1586 1027 1701 1098 βίον
1731 1027 1817 1080 ἀεὶ
1849 1025 2044 1097 ῥυθμίο

457 1122 638 1185 ζοντα.
678 1123 773 1182 Ὃς
813 1120 984 1176 πολλὰ
1034 1121 1270 1191 παρῄνει
1316 1121 1394 1191 τῷ
1434 1119 1647 1190 βασιλεῖ
1695 1119 1804 1172 τῶν
1838 1117 2044 1172 παίδων

455 1213 835 1282 ἐπιμελεῖσθαι
889 1214 984 1268 καὶ
1039 1214 1115 1285 μὴ
1146 1214 1512 1276 ἀπαιδεύτους
1553 1214 1649 1284 ὲᾷν
1672 1213 1753 1275 είς
1779 1211 2045 1282 πονηρίαν

457 1303 828 1368 ἑκκλίνοντας,
866 1304 940 1374 μή
967 1319 1100 1357 ποτε
1136 1304 1336 1366 αὐτοὺς
1367 1302 1531 1357 πάθοι
1565 1303 1626 1356 τὸ
1647 1301 1742 1355 τοῦ
1787 1301 1927 1366 Ἦλὶ,
1962 1319 2046 1354 τι-

461 1394 674 1465 μωρίαν
712 1394 777 1447 ὲκ
807 1394 911 1463 τῆς
950 1393 1060 1448 τῶν
1091 1395 1301 1448 παίδων
1346 1394 1698 1464 παρανομίας
1729 1393 1975 1455 ἐκτίσας.

532 1663 627 1720 νθ’.
677 1665 893 1737 Ἐπειδὴ
952 1665 1007 1720 δὲ
1060 1665 1151 1720 τοῦ
1209 1661 1473 1720 παλατίου
1524 1666 1714 1720 τοῦτον
1747 1666 1797 1719 οἱ
1862 1665 2048 1730 παῖδες
2091 1667 2101 1677 ’

459 1758 774 1828 κατήγαγον
814 1759 910 1814 καὶ
940 1759 996 1812 ἐν
1023 1761 1086 1829 τῇ
1127 1756 1328 1830 Πρώτῃ
1360 1759 1509 1828 νήσῳ
1553 1756 1843 1828 ἐξώρισαν,
1886 1756 2048 1810 πάλιν

2146 560 2435 614 modestia.
2485 561 2675 628 Neque
2729 558 2877 613 enim
2935 561 3226 630 supercilia
3271 563 3604 631 attrahebat,
3656 565 3738 620 uti

2145 660 2419 707 nostrates
2448 653 2725 721 sapientes
2755 651 2807 706 in
2847 667 2997 706 more
3035 653 3273 722 positum
3307 656 3532 722 habent,
3561 674 3744 728 neque

2143 759 2274 798 vero
2307 754 2654 815 arrogantem
2683 760 2747 798 ac
2771 743 3071 812 superbum
3114 746 3457 816 pratfcrebat,
3494 751 3588 806 sed
3622 767 3744 806 scr-

2147 851 2236 890 mo
2263 835 2340 889 illi
2368 837 2525 890 melle
2551 837 2770 891 dulcior
2813 854 2878 892 ex
2906 854 3001 894 ore
3026 839 3284 894 stillabat.
3317 841 3495 897 Firma
3533 843 3745 899 indoles

2148 943 2210 981 ac
2242 938 2540 993 constans;
2604 944 2803 984 sensus
2838 931 3008 987 animi
3053 934 3337 988 modestus
3380 949 3444 989 ac
3496 919 3783 1008 humilia}

2148 1017 2306 1074 llunc
2338 1019 2518 1089 itaque
2551 1021 2732 1075 virum
2772 1021 3036 1094 inclytum
3084 1025 3382 1096 imperator
3415 1043 3520 1082 una
3557 1016 3767 1082 secum"
3839 1067 3874 1091 χ

2150 1112 2413 1167 continuo
2441 1112 2694 1176 habebat,
2727 1112 2794 1168 ad
2827 1116 2986 1186 cujus
3017 1132 3271 1172 normam
3300 1125 3468 1188 atque
3500 1101 3765 1190 regulam‘

2149 1203 2275 1259 vita:
2301 1219 2413 1257 suae
2464 1205 2706 1259 rationes
2741 1216 3120 1277 componeret.
3164 1210 3420 1267 Monebat
3449 1211 3543 1267 ille
3575 1215 3750 1268 serio-

2151 1311 2260 1365 que
2317 1296 2648 1351 hortabatur
2694 1308 2756 1354 ut
2803 1299 3350 1358 liberorumocuram
3398 1315 3604 1376 ageret,
3649 1323 3750 1362 nec

2153 1389 2592 1460 indisciplinatos
2627 1390 2696 1446 ad
2729 1393 3034 1462 nequitiam
3071 1394 3354 1451 declinare
3418 1398 3650 1460 sineret,
3680 1417 3749 1454 ne

2152 1481 2296 1536 idem
2329 1491 2492 1553 atque
2528 1481 2646 1538 lleli
2682 1484 2760 1539 illi
2790 1486 3090 1553 accideret,
3113 1504 3177 1544 ac
3205 1489 3510 1544 liberorum
3534 1492 3752 1561 piacula

2152 1576 2271 1647 ipse
2301 1577 2514 1646 lueret;
2547 1579 2695 1648 quod
2718 1588 2773 1634 et
2809 1580 2884 1636 ita
2916 1583 3137 1638 accidit.

2231 1669 2318 1723 59.
2356 1668 2511 1735 Quod
2541 1685 2672 1724 vero
2693 1669 2820 1724 aula
2843 1671 3118 1742 dejectqu
3148 1672 3310 1728 liberi
3343 1673 3395 1726 in
3418 1673 3636 1728 Protem
3671 1689 3754 1728 m~

2153 1760 2327 1814 sulam
2350 1762 2754 1832 relegaverant,
2786 1762 2934 1817 hunc
2970 1780 3162 1819 rursus
3197 1764 3566 1820 calamitatem
3612 1765 3755 1819 sola-

459 1847 648 1902 τοῦτον
678 1845 792 1919 εἶχε
822 1848 934 1902 τῶν
962 1848 1256 1918 συμφορῶν
1289 1847 1638 1918 παραμύθιον
1669 1847 1895 1901 καὶτῶν
1932 1845 2046 1900 θλί-

2163 1851 2292 1907 tium
2321 1869 2383 1907 ac
2404 1850 2780 1908 rernmnarum
2812 1857 3309 1926 angustiarumque
3342 1857 3466 1911 lene
3498 1857 3753 1912 levamen

459 1948 606 2017 ψεων
637 1948 977 2001 ἀκεσώδυνον
1009 1948 1322 2018 φάρμακον.
1355 1939 1424 2018 ᾯ
1455 1945 1622 2014 συνῆν
1667 1947 1790 1999 τότε
1824 1945 1918 1998 καὶ
1942 1946 2048 1998 Πο-

459 2039 719 2104 λύευκτος
755 2040 987 2111 μοναχὸς
1015 2039 1435 2102 εὐλαϐέστατος,
1469 2040 1563 2091 καὶ
1585 2039 1746 2101 αὐτὸς
1772 2038 1839 2090 τά
1863 2037 2049 2091 εἰκότα

464 2131 982 2202 παραμυθούμενος·
1025 2132 1082 2194 ὃς
1123 2132 1218 2184 τοῦ
1275 2132 1617 2201 πατριάρχου
1664 2129 2049 2200 Θεοφυλάκτου

463 2224 890 2293 τελευτήσαντος
931 2224 1280 2298 πατριάρχης
1311 2224 1406 2275 ἐπὶ
1436 2223 1531 2275 τοῦ
1565 2223 1831 2292 βασιλέως
1892 2223 2050 2276 Κων-

467 2318 748 2373 σταντὶνου
780 2320 1192 2391 προχειρίζεται
1220 2318 1872 2381 Κωνσταντινουπόλεως.

541 2498 603 2564 ξ’.
653 2499 806 2553 Ἐπεὶ
848 2501 905 2555 δὲ
959 2501 1174 2564 πολλοῖς
1207 2503 1429 2574 τρόποις
1449 2502 1701 2573 βούλεται
1737 2503 1764 2554 ό
1794 2500 1923 2566 Θεὸς
1952 2499 2058 2554 σὼ-

468 2589 583 2653 ζειν
605 2591 700 2645 τὸν
724 2593 1029 2660 ἄνθρωπον,
1055 2595 1400 2666 συνεχώρησε
1431 2595 1525 2648 καὶ
1546 2595 1636 2648 τὸν
1655 2593 1878 2664 βασιλέα
1922 2593 2057 2646 Ῥω-

473 2683 642 2754 μανδν
667 2686 918 2757 ἀδοκήτῳ
963 2689 1285 2758 περιπεσεῖν
1317 2689 1596 2758 συμφορᾷ,
1652 2687 1738 2739 ἵνα
1785 2686 1853 2740 δι’
1885 2686 2086 2756 αὐτῆς

473 2778 865 2849 σωφρονισθείς
894 2780 1119 2834 καὶτῶν
1149 2780 1367 2841 οίκείων
1397 2783 1455 2833 ἐν
1492 2779 1845 2849 συναισθήσει
1877 2796 2058 2850 παρα-

474 2871 786 2940 πτωμάτων
818 2873 1106 2944 γενόμενος
1139 2873 1415 2943 σωτηρίας
1443 2873 1672 2944 ἀξιωθῇ.
1705 2869 2059 2943 Συνεχὼρησε

472 2960 580 3030 γὰρ
635 2961 1008 3032 ὲπαναστῆναι
1058 2962 1206 3033 αὐτῷ
1240 2962 1330 3015 τὸν
1384 2962 1498 3015 υἱὸν
1536 2962 1702 3015 αὐτοῦ
1767 2961 2056 3031 Στέφανον,

472 3055 660 3126 ὥσπερ
694 3055 823 3108 ποτὲ
891 3055 1196 3110 Ἀϐεσαλὼν
1236 3055 1508 3126 ἐπανέστη
1558 3053 1636 3124 τῷ
1671 3054 1858 3124 οἰκείῳ
1895 3055 2060 3124 πατρὶ

472 3146 551 3216 τῷ
579 3145 764 3200 Δαϐίδ.
798 3147 1133 3219 Συμόούλοις
1161 3144 1254 3202 οὖν
1282 3139 1438 3212 οὗτος
1469 3147 1607 3218 πρὸς
1651 3146 1810 3200 τοῦτο
1854 3147 2060 3217 χρησά-

478 3255 636 3308 μενος
665 3239 742 3311 τῷ
767 3257 826 3292 τε
857 3239 968 3294 ἀπὸ
995 3241 1246 3312 μοναχῶν
1269 3240 1535 3312 Μαριανῷ
1561 3239 1656 3294 καὶ
1679 3238 1945 3310 Βασιλείῳ
1982 3237 2060 3309 τῷ

477 3330 958 3402 πρωτοσπαθαρίῳ
1012 3330 1092 3402 τῷ
1152 3331 1459 3404 Πετεινάκῃ
1527 3332 1620 3384 καὶ
1673 3328 1930 3400 Μανουὴλ
1987 3328 2064 3400 τῷ

478 3421 784 3494 Κουρτὶκῃ,
813 3423 1132 3478 συνειδότων
1156 3423 1305 3494 αὐτῷ
1322 3425 1416 3478 καὶ
1445 3424 1552 3477 τῶν
1575 3423 1752 3476 ἄλλων
1778 3422 2062 3493 βασιλέων,

474 3514 664 3568 τοῦτον
726 3514 819 3569 τοῦ
878 3517 1146 3572 παλατίου
1201 3518 1388 3580 κακῶς
1445 3519 1728 3587 κατήγαγε
1761 3520 1857 3572 καὶ
1895 3518 1951 3571 ὲν
2000 3519 2063 3589 τῇ

478 3607 676 3681 Πρώτη
714 3609 865 3682 νήσῳ
893 3609 1144 3681 ὲξορίσας
1164 3611 1347 3683 ἔκειρε
1376 3611 1628 3681 μοναχόν.

547 3697 619 3751 α’.
660 3697 995 3771 Ὑπελείφθη
1042 3700 1136 3756 οὖν
1189 3701 1550 3771 αὐτοκράτωρ
1602 3702 2009 3766 Κωνσταντῖνος
2039 3701 2067 3752 ὁ

476 3790 667 3844 τούτου
693 3793 945 3862 γαμϐρός
964 3809 978 3822 ο
999 3793 1058 3857 ὃς
1086 3794 1403 3864 παραυτίκα
1428 3793 1640 3864 Βάρδαν
1667 3793 1760 3846 τὸν
1781 3793 1874 3847 τοῦ
1904 3795 2070 3849 Φωκᾶ

479 3886 544 3953 τῇ
569 3881 661 3936 τοῦ
696 3883 1001 3956 μαγίστρου
1041 3883 1170 3954 ἀξίᾳ
1229 3884 1501 3954 τιμήσας,
1553 3882 1730 3953 χρόνῳ
1762 3882 1944 3954 πολλῷ
1969 3883 2068 3956 τὴν

480 3978 537 4028 ἐν
573 3975 830 4045 πολέμοις
863 3976 1227 4047 ἀνδραγαθίαν
1263 3976 1702 4045 ἐπιδειξάμενον,
1746 3977 2068 4046 δομέστικον

480 4070 588 4123 τῶν
617 4070 823 4141 σχολῶν
851 4070 1281 4142 προχειρίζεται,
1307 4065 1425 4124 εἷτα
1447 4069 1748 4136 Βασίλειον,
1772 4065 1817 4139 ᾧ
1839 4071 2069 4143 ἐπίκλην

485 4165 841 4236 [Ιετεινάκης.
867 4164 1157 4234 πατρίκιον
1199 4164 1294 4218 καὶ
1325 4164 1498 4233 μέγαν
1533 4163 1942 4234 ὲταιρειάρχην.
1978 4164 2070 4235 Τῷ

481 4256 536 4310 δὲ
569 4257 662 4310 τοῦ
697 4257 884 4327 γένους
914 4257 1024 4311 τῶν
1062 4256 1346 4328 ’Δργυρῶν
1395 4255 1664 4327 Μαριανῷ
1698 4255 1769 4309 τά
1801 4256 2070 4326 μοναχικά

483 4351 759 4415 ἀποδύσας
789 4352 1080 4421 πατρίκιον
1103 4351 1199 4405 καὶ
1219 4351 1438 4422 κόμητα
1465 4349 1562 4404 τοῦ
1585 4350 1819 4404 στάϐλου
1841 4350 2074 4422 πεποίη-

459 4461 601 4509 κεν,
621 4445 883 4509 ὡσαύτως
912 4445 1007 4499 καὶ
1030 4445 1290 4518 Μανουὴλ
1317 4445 1408 4499 τὸν
1437 4444 1732 4514 λεγόμενον
1761 4444 2073 4516 Κουρτίκην

2153 1945 2407 2000 habebat.
2428 1944 2632 1999 Aderat
2654 1947 2819 2001 etiam
2837 1949 3043 2017 pariter
3060 1949 3390 2020 Polycuctus
3411 1949 3756 2005 reverendis-
3824 2003 3827 2006 .

2154 2034 2329 2090 simus
2381 2036 2709 2102 monachus,
2739 2037 2832 2107 qui
2867 2039 2983 2108 ipse
3031 2040 3260 2110 perinde
3295 2057 3358 2096 ac
3396 2057 3558 2111 quem
3609 2041 3757 2096 dice—

2157 2128 2303 2191 bam,
2336 2128 2584 2198 Sergius,
2631 2129 2849 2186 adversi
2874 2146 3035 2186 casus
3066 2133 3374 2188 molestiam
3424 2134 3760 2189 convenien-

2158 2226 2241 2274 ter
2297 2229 2537 2290 apteque
2593 2221 2859 2277 leniebat.
2935 2223 3038 2279 llic
3097 2233 3286 2293 postea
3342 2220 3755 2296 'l‘heophylacto

2064 2358 2071 2362 .
2158 2310 2417 2366 humanis
2435 2323 2694 2383 exetnpto
2719 2329 2746 2368 a
2772 2313 3134 2371 Constantino
3162 2317 3497 2387 imperatore
3524 2318 3756 2388 patriar-

2159 2402 2262 2456 cha
2284 2411 2582 2472 provectus
2611 2414 2714 2459 est.

2227 2494 2388 2564 921
2450 2495 2538 2550 60.
2594 2497 3056 2568 Quandoquidem
3113 2507 3297 2554 autem
3367 2499 3512 2555 Deus
3568 2501 3758 2557 multis

2162 2586 2342 2640 modis
2381 2587 2616 2642 salutem
2651 2587 2862 2643 homini
2897 2597 3160 2659 prtestarc
3194 2591 3508 2657 constituit,
3555 2592 3757 2647 Roma-

2161 2693 2292 2731 num
2331 2679 2727 2749 imperatorem
2763 2682 2905 2736 citra
2936 2697 3160 2737 omnem
3196 2686 3667 2754 exspectationem
3702 2685 3759 2740 in

2163 2769 2535 2825 calamitatem
2570 2771 2820 2828 incidere
2851 2774 3130 2843 permisit,
3165 2783 3227 2829 ut
3263 2775 3310 2831 is
3342 2776 3433 2831 illa
3459 2777 3761 2848 castigatus

2167 2876 2231 2914 ac
2265 2861 2332 2916 de
2360 2860 2670 2930 superioris
2722 2862 2846 2918 vita:
2881 2863 3102 2918 delictis
3152 2865 3471 2920 admonitus
3523 2868 3757 2923 salutem

2165 2962 2621 3021 consequeretur.
2656 2954 2912 3008 Permisit
2934 2971 3174 3025 namque
3208 2955 3550 3027 Stephanum
3583 2959 3760 3014 tiliam

2168 3040 2221 3095 in
2279 3057 2406 3096 eum
2449 3043 2758 3114 insurgere,
2818 3045 2898 3099 uti
2970 3046 3105 3100 olim
3165 3045 3426 3101 Absalom
3477 3049 3535 3103 in
3589 3050 3756 3104 Davi-

2169 3133 2292 3188 dem
2380 3142 2598 3204 patrem
2671 3151 2854 3190 suum.
2911 3136 3139 3192 Mariam
3189 3138 3377 3208 itaque
3428 3143 3760 3196 exmonachi

2088 3217 2130 3274 C
2167 3228 2370 3298 Argiri,
2433 3229 2730 3300 Basiliique
2783 3231 3214 3300 protospatharii
3266 3233 3576 3300 Pctinacis,
3625 3251 3761 3291 nee‘

2167 3337 2276 3376 non
2328 3321 2596 3378 Manuelis
2645 3322 2888 3380 Curticis
2950 3323 3197 3380 consiliis
3249 3325 3475 3392 abusus,
3523 3329 3763 3383 consciis

2168 3413 2334 3467 etiam
2352 3413 2585 3483 reliquis
2603 3413 3058 3484 imperatoribus,
3084 3424 3300 3485 patrem
3330 3418 3452 3472 aula
3471 3435 3758 3490 perperam

2169 3501 2508 3570 deturbavit,
2540 3503 2709 3575 inque
2741 3505 2905 3564 Prote
2946 3505 3127 3562 insula
3159 3508 3463 3579 relegatum
3501 3511 3760 3567 monachi

2170 3592 2276 3648 ritu
2314 3594 2590 3650 detondit.

2244 3687 2294 3741 1.
2331 3686 2730 3746 Constantinus
2758 3689 2947 3760 itaque
2983 3689 3217 3747 Romani
3265 3708 3437 3764 gener-
3464 3693 3766 3766 imperator

2174 3778 2400 3834 relictus
2425 3788 2530 3835 est.
2563 3780 2614 3836 Is
2627 3781 2917 3838 confestim
2947 3782 3182 3838 Bardam
3212 3784 3412 3840 Phocze
3443 3784 3618 3840 ﬁlium
3648 3801 3764 3842 mab

2171 3871 2322 3942 gistri
2351 3871 2618 3942 dignitate
2647 3879 2895 3939 auctum,
2935 3874 3144 3944 quippe
3185 3875 3338 3946 longi
3374 3878 3643 3947 temporis
3664 3893 3762 3933 ex-

2172 3961 2448 4031 perientia
2501 3962 2717 4018 bellicis
2762 3963 3105 4020 facinoribus
3153 3966 3300 4022 clara
3344 3968 3548 4037 saepius
3602 3969 3766 4026 laude

2170 4051 2422 4106 functum
2474 4060 2640 4123 atque
2692 4053 3010 4124 probatum,
3065 4055 3346 4126 legionum
3397 4056 3768 4114 domesticum

2171 4142 2438 4213 praefecit.
2490 4145 2631 4199 Tum
2679 4144 2961 4211 Basiliam,
2995 4147 3092 4202 cui
3117 4161 3422 4218 cognomen
3453 4149 3763 4217 Petinaces,

2171 4236 2466 4306 patricium
2494 4246 2647 4293 creat
2687 4253 2754 4294 ac
2782 4254 3042 4310 magnum
3086 4241 3525 4298 hetaeriarcham.
3567 4243 3768 4299 Maria-

2173 4343 2307 4382 num
2341 4328 2684 4400 Argyrorum
2741 4330 2914 4401 stirpe
2974 4340 3179 4401 satum,
3225 4333 3479 4389 detracto
3509 4337 3768 4392 monachi

2175 4420 2369 4475 habitu
2415 4421 2636 4492 patricii
2667 4422 2991 4480 decoratum
3022 4425 3233 4493 infulis,
3266 4427 3530 4483 comitem
3561 4427 3768 4484 stabuli

485 4538 775 4610 πατρίκιον
825 4539 918 4592 καὶ
974 4516 1340 4608 δρουγγάριον
1398 4537 1498 4607 τῆς
1560 4538 1786 4610 βίγλης·
1822 4538 2064 4602 οὕστινας

2177 4516 2327 4572 facit.
2355 4517 2623 4574 Similiter
2649 4533 2872 4589 quoque
2902 4519 3212 4576 Manuelem
3253 4519 3466 4576 dictum
3486 4520 3770 4577 Curticem

486 4633 635 4703 τρεῖς
656 4632 716 4685 οὐ
755 4631 893 4700 μετά
925 4629 1092 4686 πολὺν
1142 4632 1392 4701 χρόνονή
1437 4630 1532 4683 τοῦ
1560 4629 1696 4684 Θεοῦ
1729 4629 1914 4685 δικαία
1948 4631 2072 4699 κρί-

492 4740 598 4786 σις,
637 4721 721 4794 [Ρ.
752 4720 882 4793 593]
909 4721 986 4784 ὼς
1011 4722 1092 4783 εἰς
1121 4718 1357 4788 Χριστὸν
1389 4718 1598 4789 Κυρίου
1632 4718 2074 4790 παροινήσαντας

493 4815 586 4869 καὶ
607 4815 799 4886 χεῖρας
821 4812 1025 4875 ἀδίκως
1047 4810 1433 4878 ἐπιϐαλόντας,
1455 4813 1555 4880 τῆς
1579 4809 1862 4879 βασιλείας
1884 4810 2079 4881 ὀρεγοο

465 4953 478 4968 ,
496 4907 724 4977 μένους,
765 4905 1032 4976 μετῆλθεν
1050 4921 1065 4938 ο
1097 4904 1190 4957 ἐπὶ
1212 4901 1539 4956 καθοσιώσει
1569 4902 1677 4974 γὰρ
1705 4900 2082 4972 καταληφθέν-

493 5015 584 5061 τες
619 4998 881 5068 ὲκάτερος
906 4995 1086 5049 αὐτῶν
1126 4996 1384 5066 οἰκτίστῳ
1435 4994 1650 5065 θανάτῳ
1675 4993 1737 5046 τὸ
1772 4993 1872 5064 ζῇν
1904 4991 2080 5065 ἀπέρ-

494 5091 689 5162 ρηξαν.
724 5090 807 5144 Τά
841 5089 900 5142 δὲ
923 5089 1055 5160 περὶ
1093 5087 1273 5141 αὐτῶν
1301 5085 1615 5165 πλατύτερά
1643 5103 1702 5139 τε
1733 5085 1830 5140 καὶ
1860 5083 2086 5158 ἐπεξερ-

495 5179 880 5250 γαστικώτερα
933 5181 992 5233 ὲν
1043 5180 1110 5249 τῇ
1149 5178 1539 5250 προηγουμένη
1562 5177 1825 5248 ἐξηγήσει
1853 5174 2085 5246 ἐκθήσο-

501 5291 618 5344 μαι.

575 5449 820 5522 β’.Μετά
854 5450 911 5502 δὲ
968 5455 1019 5520 μ’
1060 5449 1294 5521 ἡμέρας,
1341 5451 1408 5521 τῇ
1466 5447 1546 5513 κζ’
1599 5449 1694 5502 τοῦ
1753 5447 2087 5520 Ἰανουαρίου

511 5545 700 5614 μηνὸς,
734 5542 1084 5605 ὑποπτεύσας
1114 5543 1522 5605 Κωνσταντῖνος
1557 5541 1648 5594 τὸν
1703 5543 1827 5594 τότε
1867 5540 2093 5610 βασιλέα

509 5636 783 5704 Στέφανον
822 5633 917 5687 καὶ
944 5634 1356 5688 Κωνσταντῖνον
1409 5633 1499 5686 τὸν
1533 5632 1759 5701 ἀδελφὺν
1818 5631 1983 5684 αὑτοῦ
2020 5631 2090 5701 μή

512 5745 642 5783 ποτε
673 5728 794 5784 κατ’
818 5727 984 5782 αὐτοῦ
1008 5727 1076 5780 τά
1096 5728 1258 5798 ὅμοια
1295 5723 1633 5795 πράξωνται,
1673 5728 1765 5780 καὶ
1798 5725 2094 5792 λογισάμε-

512 5839 624 5889 νος,
647 5823 780 5894 ὅπερ
811 5817 878 5892 ἦν
908 5821 1073 5886 εἰκὸς,
1109 5823 1188 5875 ὅτι
1217 5823 1262 5874 εἰ
1289 5819 1380 5874 τοῦ
1421 5820 1546 5875 ἰδίου
1587 5819 1789 5889 πατρός
1825 5819 1922 5872 οὐκ
1947 5818 2094 5886 ἐφεξ-

2179 4609 2476 4680 patricium
2519 4620 2576 4667 et
2622 4611 2984 4668 cxcubiarum
3033 4613 3424 4685 drungarium;
3473 4630 3615 4686 quos
3659 4623 3774 4670 tres

2179 4702 2348 4768 viros,
2381 4702 2538 4758 brevi
2571 4703 2863 4775 interjecto
2917 4712 3188 4775 tempore,
3214 4707 3364 4777 justa
3397 4708 3492 4762 Dei
3522 4707 3658 4762 ultio
3690 4707 3775 4761 in-

2127 4848 2145 4860 ,
2182 4805 2372 4851 secuta
2395 4804 2500 4861 est,
2552 4795 2701 4866 quod
2733 4796 2792 4850 in
2842 4794 3130 4852 Christum
3179 4797 3392 4853 domini
3444 4793 3772 4855 debacchati

2183 4894 2371 4941 essent
2400 4901 2466 4941 ac
2508 4886 2700 4957 inique
2733 4886 2789 4941 in
2823 4902 2950 4943 eum
3000 4903 3199 4943 manus
3255 4889 3594 4958 iniecissent,
3647 4906 3780 4946 cum

2188 4975 2402 5031 scilicet
2431 4975 2742 5046 imperandi
2781 4977 2957 5034 libido
2993 4993 3091 5034 eos
3113 4978 3449 5035 incessisset.
3475 4979 3779 5054 Majestatis

2187 5067 2336 5124 enim
2377 5069 2456 5122 rei
2503 5068 2669 5139 922
2717 5071 2928 5139 peracti
2979 5071 3296 5126 miserando
3339 5087 3571 5142 prorsus
3626 5074 3778 5130 exitu

2189 5161 2387 5216 horum
2421 5162 2660 5232 quilibet
2689 5161 2859 5216 vitam
2891 5163 3393 5234 finiere.C:eterum
3419 5182 3542 5237 quae
3561 5167 3629 5222 ad
3658 5169 3781 5225 illos

2192 5262 2441 5325 spectant
2479 5253 2658 5309 fusius
2684 5255 3083 5326 operosiusque
3117 5271 3411 5327 exsequar,
3436 5259 3531 5315 ubi
3556 5275 3621 5316 ex
3650 5277 3784 5333 pro-

2193 5348 2340 5404 fesso
2364 5365 2478 5403 rem
2513 5363 2636 5402 sum
2661 5357 3006 5404 narraturus.

2262 5442 2317 5495 2.
2357 5442 2490 5496 Post
2541 5441 2662 5495 dies
2706 5439 3090 5512 quadraginta,
3145 5441 3394 5498 Januarii
3453 5447 3658 5502 mensis
3693 5446 3783 5501 die

2197 5534 2434 5604 septimo
2468 5550 2636 5604 supra
2661 5533 3010 5604 vigesimum,
3045 5544 3344 5606 suspectos
3391 5539 3603 5594 habens
3634 5539 3783 5595 Con-

2199 5629 2482 5683 stantinus
2505 5627 2848 5696 Stephanum
2873 5629 3266 5698 imperatorem
3293 5630 3523 5702 ejusque
3555 5631 3784 5687 fratrem

2199 5716 2641 5782 Constantinum,
2708 5733 2779 5772 nc
2839 5718 3062 5788 quando
3118 5719 3172 5773 in
3234 5733 3291 5774 se
3352 5735 3574 5790 quoque
3633 5721 3785 5791 paria

2201 5816 2572 5875 attentarcnt;
2605 5825 2667 5865 ac
2695 5824 2892 5867 secum
2933 5820 3214 5884 reputans,
3249 5813 3396 5883 quod
3440 5821 3496 5870 ct
3520 5829 3617 5883 par
3643 5823 3784 5876 erat.
