4128 6480
370 364 478 429 983

1106 369 1431 433 GEORGII
1468 374 1816 438 MONACHI
1859 378 2053 438 VITIE
2105 382 2664 452 RECENTIORUM
2704 392 2909 457 IMPP.

3535 402 3643 468 98$

368 492 468 534 eos
493 477 587 548 qui
611 491 714 533 nec
737 479 874 549 patri
900 482 1280 551 pepercissent
1304 485 1452 540 haud
1481 485 1586 541 sibi
1630 488 1959 558 parcituros,

2071 512 2248 567 σαντο,
2282 501 2399 565 πῶς
2448 504 2612 558 αὐτού
2643 507 2940 578 φείσονται,
2996 512 3252 578 ἑστιάσας
3280 515 3502 582 αὐτοὺς,
3541 516 3645 588 ήδη

371 569 627 627 convivio
648 578 903 641 acceptos
929 573 1154 644 jamque
1181 590 1385 631 mensae
1405 578 1813 645 accumbentes,
1834 594 1958 634 cum

373 664 556 719 adhuc
585 663 639 717 in
667 680 761 719 ore
788 650 947 719 cibus
964 673 1130 733 esset,
1149 667 1568 737 perTornicios,
1586 685 1727 739 quos
1743 680 1958 736 vocant,

372 764 429 811 ct
458 755 763 810 Marianum
798 757 1094 826 patricium
1126 774 1192 814 ac
1225 760 1468 832 reliquos
1497 761 1553 815 in
1594 777 1711 817 rem
1739 772 1961 833 paratos

374 847 591 919 arripit,
623 848 860 919 aulaquc
917 850 1162 923 dejectos
1219 851 1275 905 in
1331 852 1528 907 vicinis
1585 853 1710 907 urbi
1762 853 1959 909 insulis

372 939 705 994 clericorum
737 940 847 994 ritu
877 939 1148 997 detondit.

443 1119 498 1193 5.
566 1118 724 1173 Haud
770 1118 845 1173 ita
884 1128 1028 1189 post,
1092 1119 1367 1175 invisendi
1423 1120 1599 1191 patris
1661 1123 1959 1193 impetrata

372 1188 555 1275 venia,
586 1211 640 1265 in
688 1211 922 1266 insulam
971 1211 1190 1265 Protem
1235 1227 1468 1279 venere;
1512 1228 1623 1282 quo
1664 1224 1961 1284 conspecto

372 1300 630 1355 monachi
669 1301 886 1367 habitu,
944 1301 1281 1357 intolerabili
1325 1303 1480 1357 luctu
1512 1305 1756 1375 correpti
1808 1316 1957 1360 sunt.

372 1392 588 1458 Quibus
617 1402 774 1462 pater
789 1383 1210 1464 collabrymatus
1233 1395 1311 1448 ait
1336 1415 1350 1451 :
1381 1394 1546 1449 Filios
1572 1398 1727 1467 genui
1750 1405 1799 1450 et
1814 1397 1962 1451 exal-

374 1487 501 1551 lavi,
536 1486 638 1556 ipsi
671 1502 793 1540 vero
835 1496 1143 1556 spreverunt
1185 1505 1288 1543 me.
1350 1488 1443 1543 Sic
1485 1488 1685 1544 deinde
1739 1490 1960 1560 relegati

372 1584 521 1640 sunt,
555 1576 874 1645 Stephanus
917 1568 1144 1647 quidem
1202 1578 1257 1632 in
1279 1579 1671 1634 Prwconcsum
1700 1596 1713 1640 ;
1746 1595 1775 1633 a
1803 1582 1962 1635 Proe-

370 1682 572 1722 coneso
624 1668 881 1723 Rhodum
955 1671 1385 1737 transtulerunt,
1438 1670 1566 1727 inde
1624 1672 1959 1743 Mitylenem.

367 1759 793 1815 Constantinum
824 1775 957 1816 vero
1011 1761 1317 1829 Tcneddm,
1356 1763 1594 1832 indeque
1637 1763 1959 1847 Samothra-

367 1853 543 1917 ciam;
576 1852 670 1906 ubi
701 1861 759 1907 et
780 1853 1143 1909 rebellionem
1184 1855 1348 1925 923
1396 1856 1621 1911 molitus
1653 1872 1682 1910 a
1716 1854 1961 1911 custodi-
1991 1849 2040 1909 B

368 1945 475 2000 bus
500 1953 730 2000 necatus
759 1954 865 2000 est.
900 1946 1220 2001 Michaelem
1253 1947 1638 2019 Christophori
1671 1948 1964 2021 imperato-

368 2037 656 2161 ‘ris'ﬁlium
692 2037 957 2093 detractis
1002 2038 1384 2109 imperialibus
1444 2039 1644 2095 calceis
1700 2038 1964 2094 clericum

392 2116 520 2161 ectt.

392 2116 520 2164 'ecit.

444 2287 499 2344 4.
528 2286 871 2359 lmperalore
926 2290 1177 2344 Romano
1228 2290 1285 2344 in
1333 2288 1513 2344 insula
1539 2288 1749 2352 exsule,
1783 2286 1965 2340 Theo-

370 2378 664 2450 phylactus
698 2380 1017 2450 patriarcha
1062 2390 1120 2437 et
1177 2381 1544 2451 Theophanes
1597 2370 1866 2451 patricius
1904 2396 1968 2437 ac

371 2472 664 2527 accubitor
688 2473 987 2528 consilium
1011 2473 1280 2539 inierunt,
1316 2483 1380 2528 ut
1423 2474 1733 2528 Romanum
1779 2473 1835 2527 in
1865 2487 1964 2526 au~

372 2566 487 2621 lam
503 2565 855 2621 reducerent.
888 2567 1078 2635 quue
1112 2581 1240 2620 cum
1262 2566 1383 2635 ipso
1414 2566 1820 2620 communicato
1837 2579 1969 2619 con-

371 2658 500 2714 silio
524 2673 591 2715 ac
622 2658 681 2713 in
710 2658 1039 2714 sententiam
1076 2668 1386 2729 pertracto,
1419 2665 1792 2727 opportunum
1827 2664 1966 2710 tem-

374 2766 480 2821 pus
519 2751 816 2821 captabant
875 2767 987 2821 quo
1054 2752 1330 2806 molitioni
1391 2752 1556 2805 ﬁnem
1598 2750 1967 2821 imponerent.

380 2842 734 2912 Deprehensa
793 2852 980 2898 autem
1027 2844 1432 2915 conjuratione,
1466 2843 1772 2912 delatisque
1820 2841 1969 2898 Con-

372 2932 620 2988 stantino
650 2933 992 3003 imperatori,
1030 2935 1125 3004 qui
1161 2935 1285 3005 ejus
1330 2943 1589 2990 auctores
1640 2950 1705 2989 ac
1757 2933 1965 2989 conscii

371 3025 578 3091 forent,
618 3026 674 3081 in
702 3040 800 3082 eos
829 3027 1239 3083 animadvertit.
1290 3027 1369 3083 Ac
1401 3018 1793 3098 TheOphanem
1841 3026 1967 3097 qui-

373 3117 505 3171 dem
555 3117 848 3187 patricium
907 3119 1105 3174 exsilio
1161 3118 1465 3189 relegavit;
1495 3118 1793 3190 Georgium
1836 3134 1970 3174 vero

2067 592 2122 642 ὲν
2144 594 2208 661 τῇ
2236 594 2480 667 τραπέζῃ
2510 597 2927 670 καθεζομένους,
2962 604 3042 657 ἔτι
3076 604 3177 675 τῆς
3200 606 3456 676 βρώσεως
3478 608 3647 677 οὔσης

2064 684 2121 736 ἐν
2147 686 2224 756 τῷ
2254 688 2481 758 στόματι
2513 691 2694 746 αὐτῶν
2713 734 2729 760 ,
2762 696 3088 766 ἀνήρπασαν
3117 700 3342 765 τούτους
3379 703 3431 754 οἶ
3473 720 3532 754 τε
3561 703 3642 754 λε·

2064 776 2286 845 γόμενοι
2317 780 2590 851 Τορνίκιοι
2638 785 2730 836 καὶ
2760 785 2788 837 ὁ
2816 788 3103 857 πατρίκιος
3159 789 3437 861 Μαριανὸς
3469 791 3565 842 καὶ
3600 790 3649 842 οἱ

2062 868 2241 922 λοιποὶ
2264 870 2313 922 οἱ
2340 872 2475 943 πρὸς
2496 873 2654 929 τοῦτο
2682 877 3096 948 ἡτοιμασμένοι,
3129 882 3225 934 καὶ
3251 881 3348 935 τοῦ
3384 882 3647 935 παλατίου

2062 962 2469 1028 καταγαγόντες
2532 963 2631 1016 καὶ
2691 965 2750 1017 ἐν
2790 969 2909 1029 ταῖς
2970 966 3402 1039 πλησιαζούσαις
3462 972 3648 1039 νήσοις

2064 1058 2260 1121 αὐτοὺς
2288 1059 2701 1131 περιορίσαντες
2727 1061 3021 1133 κληρικοὺς
3049 1064 3369 1135 ἀπέκειραν.

2134 1146 2203 1219 γ’.
2234 1152 2368 1206 Μετ’
2395 1152 2574 1222 ὀλίγον
2602 1151 2697 1208 οὖν
2745 1156 3102 1226 αἰτησάμενοι
3154 1157 3244 1211 τὸν
3271 1158 3403 1211 ἴδιον
3432 1159 3648 1228 πατέρα

2067 1243 2368 1298 θεάσασθαι
2398 1247 2455 1298 ἐν
2481 1248 2547 1317 τῇ
2570 1246 2770 1318 Πρώτῃ
2803 1249 2936 1320 νήσιγ
2984 1250 3373 1319 παρεγένοντο,
3403 1251 3496 1304 καὶ
3522 1250 3650 1303 τού⁴

2064 1351 2156 1387 τον
2208 1336 2266 1389 ἐν
2298 1335 2377 1406 τῷ
2439 1338 2718 1409 μοναχικῷ
2785 1341 3027 1411 σχήματι
3084 1341 3412 1412 θεασάμενοι
3464 1342 3651 1395 πένθει

2066 1429 2476 1499 κατεσχέθησαν
2523 1432 2804 1502 ἀφορήτῳ.
2862 1427 2957 1496 Οἷς
3008 1434 3433 1506 ἐπιδακρύσαςό
3465 1435 3651 1506 πατὴρ

2066 1520 2198 1590 ἔφη·
2248 1521 2420 1590 Υἱοὺς
2484 1523 2791 1593 εγέννησα
2832 1527 2930 1580 καὶ
2972 1527 3212 1596 ῦψωσα,
3269 1526 3439 1581 αὐτοὶ
3485 1527 3551 1581 δέ
3575 1545 3652 1596 με

2065 1613 2392 1681 ἠθέτησαν.
2424 1610 2537 1670 Εἴθ’
2570 1615 2741 1681 οὕτως
2772 1618 3168 1691 ἐξωρίσθησαν,
3201 1623 3229 1673 ὁ
3252 1622 3351 1691 μὲν
3380 1620 3653 1690 Στέφανος

2068 1706 2147 1769 είς
2174 1707 2564 1777 Προικόνησον,
2592 1708 2701 1762 ἀπὸ
2728 1707 2785 1763 δέ
2816 1710 3183 1782 Προικονήσου
3210 1713 3289 1774 εἰς
3322 1712 3523 1777 Ῥόδον,
3545 1711 3653 1764 ἀπὸ

2067 1799 2121 1852 δέ
2162 1798 2343 1853 Ῥόδου
2374 1802 2453 1863 είς
2480 1802 2823 1872 Μιτυλήνην,
2868 1803 2895 1856 ὁ
2918 1803 2972 1856 δὲ
3004 1805 3414 1868 Κωνσταντϊνος
3438 1807 3515 1868 εἰς
3548 1804 3652 1856 Τέ-

2068 1893 2236 1959 νεδον,
2290 1895 2502 1949 ἐκεῖθεν
2542 1896 2620 1959 είς
2654 1897 3043 1969 Σαμοθρᾴκην,
3079 1899 3136 1952 ἐν
3219 1900 3314 1953 καὶ
3356 1898 3661 1970 ἀνταρσίαν

2069 1987 2375 2058 μελετήσας
2424 1989 2577 2059 παρά
2626 1988 2734 2042 τῶν
2764 1991 2927 2043 αὑτὸν
2983 1991 3365 2060 φυλασσόντων
3415 1991 3654 2060 ἐσφάγη.

2066 2080 2287 2151 Μιχαὴλ
2318 2080 2375 2133 δέ
2424 2080 2515 2133 τὸν
2564 2081 2658 2135 τοῦ
2695 2082 3070 2153 Χριστοφόρου
3132 2084 3248 2136 υἱὸν
3275 2083 3343 2136 τὰ
3397 2082 3655 2154 βασιλικὰ

2067 2172 2259 2226 πέδιλα
2284 2172 2619 2243 ἀφελόμενος
2645 2173 2908 2245 κληρικὸν
2940 2174 3264 2245 πεποίηκεν.

2136 2262 2198 2320 δ’.
2233 2266 2425 2329 Ὄντος
2448 2266 2505 2319 δὲ
2532 2265 2629 2320 τοῦ
2677 2266 2946 2337 βασιλέως
2988 2266 3274 2338 Ῥωμανοῦ
3304 2268 3361 2321 ἐν
3392 2269 3458 2338 τῇ
3485 2267 3661 2337 νήσῳ,

2067 2358 2100 2410 ὀ
2119 2358 2469 2429 πατριάρχης
2498 2359 2877 2428 Θεοφύλακτος
2899 2358 2992 2413 καὶ
3020 2359 3301 2429 Θεοφάνης
3325 2361 3353 2413 ὁ
3372 2360 3661 2431 πατρίκιος

2070 2449 2163 2503 καὶ
2199 2449 2698 2520 παρακοιμώμενος
2728 2450 2922 2522 βουλὴν
2954 2451 3349 2506 ἐϐουλεύσαντο
3374 2450 3515 2504 ὥστε
3548 2451 3658 2505 πά·

2069 2543 2153 2596 λιν
2177 2544 2235 2596 ἐν
2272 2542 2351 2613 τῷ
2404 2543 2653 2615 παλατίῳ
2704 2544 2894 2598 τοῦτον
2944 2546 3212 2613 ἀγαγεῖν
3246 2548 3312 2617 ἢν
3358 2546 3453 2600 καὶ
3512 2543 3664 2615 αύτῷ

2072 2637 2641 2708 ἁνακοινωνησάμενοι
2671 2638 2766 2692 καὶ
2791 2637 3237 2709 παραπείσαντες
3266 2638 3473 2704 τοῦτον,
3507 2638 3664 2691 ἐκαι-

2073 2728 2379 2799 ροσκόπουν
2430 2729 2562 2783 πότε
2617 2729 2793 2800 πέρας
2830 2732 2898 2801 τῇ
2927 2730 3154 2802 τοιαύτῃ
3177 2730 3340 2803 βουλῇ
3372 2730 3657 2784 ἐπιθῶσιν;

2084 2820 2237 2874 Ἐπεὶ
2267 2821 2324 2874 δὲ
2353 2820 2421 2875 τὰ
2465 2823 2566 2893 τῆς
2625 2823 2824 2894 βουλῆς
2855 2824 3115 2896 ἐφωράθη
3168 2825 3262 2881 καὶ
3303 2824 3664 2897 κατεμηνύθη

2050 2915 2472 2988 ,Κωνσταντίνῳ
2517 2916 2757 2987 βασιλεῖ,
2806 2919 2934 2982 τοὺς
2962 2920 3260 2989 συνεργοὺς
3282 2919 3487 2990 ταύτης
3514 2920 3670 2990 ήμύ-

2071 3022 2223 3059 νετοσ
2276 3008 2368 3061 τὸν
2430 3009 2531 3077 μὲν
2564 3009 2673 3077 γὰρ
2719 3010 3013 3080 πατρίκιον
3058 3010 3341 3081 Θεοφάνην
3376 3011 3666 3083 ἐξώρισεν,

2072 3101 2163 3154 τὸν
2189 3100 2247 3153 δὲ
2276 3099 2772 3171 πρωτοσπαθάριον
2803 3103 2899 3156 καὶ
2931 3102 3238 3175 πιγκέρνην
3267 3102 3544 3174 Γεώργιον
3569 3103 3665 3157 καὶ

375 3209 884 3279 protospatharium
910 3225 976 3265 ac
1015 3210 1365 3281 pincernam,
1406 3226 1511 3266 nec
1542 3226 1653 3266 non
1702 3211 1969 3266 Thomam

2075 3194 2279 3264 Θωμᾶν
2308 3194 2669 3266 πριμικήριον
2693 3194 2878 3267 δείρας
2913 3195 3007 3249 καὶ
3035 3195 3341 3267 κουρεύσας
3370 3196 3465 3251 καὶ
3497 3182 3669 3266 μέσον

375 3301 754 3370 primicerium
799 3302 1131 3359 verberibus
1173 3304 1438 3359 subactos
1485 3303 1859 3375 detonsosque
1909 3318 1973 3359 ac

373 3408 473 3462 per
519 3394 759 3450 mediam
802 3395 999 3451 urbem
1037 3410 1240 3466 pompa
1270 3395 1581 3461 traductos,
1611 3397 1687 3452 ita
1719 3397 1773 3451 in
1825 3398 1972 3454 exsi-

372 3486 513 3541 lium
542 3487 715 3543 misit.

451 3579 506 3634 5.
543 3579 732 3635 Mense
781 3580 1100 3647 Decembri,
1149 3580 1455 3636 indictione
1508 3589 1685 3646 sexta,
1745 3581 1970 3652 quidam

374 3670 606 3725 insidias
635 3671 813 3726 moliti
846 3681 975 3727 sunt
1006 3672 1273 3728 adversus
1290 3672 1715 3729 Constantinum
1740 3674 1978 3745 impera-

375 3772 581 3825 torem,
607 3761 715 3815 hoe
749 3761 988 3816 consilio
1015 3772 1072 3815 ut
1098 3761 1445 3832 Stephanum
1472 3762 1866 3833 imperatorem
1909 3779 1977 3819 ex

377 3851 583 3928 insula,
610 3850 707 3906 ubi
737 3851 955 3922 agebat,
992 3852 1049 3906 in
1080 3852 1348 3922 palatium
1393 3851 1752 3907 reducerent.
1785 3854 1976 3908 Delata

373 3942 743 3999 Constantino
798 3945 1183 4016 coniuratione
1235 3959 1335 4015 per
1384 3944 1727 4009 Michaelem,
1812 3960 1975 4014 quem

373 4035 723 4092 Diabolinum
757 4044 977 4101 vocant,
1019 4040 1200 4107 captis
1229 4036 1532 4108 imperator
1577 4035 1673 4107 qui
1703 4038 1978 4107 coniurati

373 4136 581 4193 essent,
610 4128 737 4184 aliis
781 4144 945 4185 nares
970 4143 1246 4198 auresque
1271 4127 1578 4199 praescidit,
1619 4126 1759 4181 alios
1783 4126 1979 4181 intole.

376 4220 549 4276 rando
573 4221 867 4277 verberum
895 4223 1149 4277 cruciatu
1173 4220 1537 4283 exanimatos,
1564 4218 1845 4288 asinisque
1872 4217 1977 4271 im-

374 4316 588 4387 positos
634 4331 701 4371 ac
733 4332 835 4387 per
872 4316 1113 4372 mediam
1147 4315 1344 4371 urbem
1378 4312 1745 4385 ignominiose
1782 4313 1972 4367 tradu—

374 4417 499 4465 ctos
524 4408 721 4463 exsilio
762 4408 1051 4478 relegavit.

446 4498 615 4570 924
638 4499 691 4554 9.
718 4498 921 4565 Quinta
964 4499 1179 4555 decima
1223 4498 1354 4553 Julii
1392 4498 1618 4563 mensis,
1674 4496 1985 4551 indictione

377 4598 554 4656 sexta,
585 4589 822 4645 moritur
842 4591 1129 4649 Romanus
1160 4590 1482 4659 imperator,
1512 4589 1567 4643 in
1593 4588 1771 4644 insula
1806 4602 1972 4658 quam

379 4682 603 4737 Protem
652 4692 874 4737 vocant.
918 4682 1049 4754 Ejus
1098 4682 1334 4738 cadaver
1370 4683 1424 4737 in
1477 4681 1674 4736 urbem
1712 4680 1970 4745 relatum,

381 4776 439 4831 in
464 4775 617 4832 illius
638 4776 949 4847 depositum
968 4776 1306 4832 monasterio
1333 4784 1436 4831 est.

2073 3285 2178 3355 τῆς
2198 3285 2405 3347 πόλεως
2423 3284 2800 3356 θριαμϐεύσας
2823 3285 2998 3350 οὓτως
3016 3287 3287 3360 ὑπερορίᾳ
3308 3288 3667 3359 παρέπεμψε,

2146 3376 2208 3433 ε’.
2246 3378 2566 3450 Δεκεμϐρίῳ
2598 3379 2655 3432 δὲ
2702 3380 2855 3451 μηνὶ,
2890 3379 3223 3443 ίνδικτιῶνος
3258 3378 3333 3447 ς’,
3371 3380 3669 3451 ἐπιϐουλήν

2075 3488 2221 3535 τινες
2249 3471 2393 3526 κατὰ
2423 3471 2519 3524 τοῦ
2556 3472 2825 3543 βασιλέως
2857 3460 3271 3530 Κωνσταντίνου
3301 3474 3663 3547 ἐμελέτησαν,

2081 3566 2397 3637 βουλόμενοι
2426 3567 2518 3621 τὸν
2553 3567 2784 3638 βασιλέα
2814 3569 3088 3639 Στέφανον
3125 3571 3184 3623 ἐν
3212 3569 3291 3641 τῷ
3323 3570 3573 3641 παλατίῳ
3602 3570 3668 3623 ἐκ

2077 3660 2179 3730 τῆς
2203 3662 2367 3729 νήσου
2397 3662 2647 3728 ἀγαγεῖν.
2678 3660 2761 3733 [Ρ.
2792 3660 2918 3733 594]
2948 3662 3163 3731 Ταύτης
3207 3658 3305 3716 οὖν
3335 3661 3671 3733 μηνυθείσης

2078 3753 2179 3822 τῆς
2201 3750 2497 3822 ἐπιϐουλῆς
2542 3753 2941 3824 Κωνσταντίνῳ
2987 3754 3076 3807 διὰ
3102 3754 3324 3825 Μιχαὴλ
3353 3753 3447 3807 τοῦ
3476 3753 3663 3807 Διαϐο-

2079 3848 2225 3901 λίνου
2255 3845 2570 3917 λεγομένου,
2598 3848 2724 3911 τοὺς
2771 3847 3093 3912 ἐπιϐούλους
3133 3849 3418 3921 κρατήσας
3450 3850 3479 3901 ὁ
3509 3848 3668 3918 βασι-

2080 3940 2207 4004 λεὺς
2232 3938 2342 3992 τῶν
2374 3937 2476 4011 μὲν
2500 3938 2597 4002 τὰς
2629 3942 2782 4011 ῥῖνας
2816 3945 2911 3993 καὶ
2936 3940 3006 3994 τὰ
3055 3934 3169 3993 ὦτα
3220 3940 3512 4011 ἀπέτεμεν,
3544 3940 3669 4003 τοὺς

2079 4033 2137 4089 δὲ
2170 4032 2365 4104 δαρμῷ
2421 4033 2683 4105 ἀφορήτῳ
2723 4033 2986 4097 ὑπέϐαλε,
3032 4033 3128 4087 καὶ
3176 4034 3319 4091 ὄνοις
3341 4032 3670 4096 ἐπικαθίσας

2080 4126 2171 4181 διὰ
2209 4126 2379 4196 μέσης
2409 4124 2508 4193 τῆς
2540 4124 2747 4186 πόλεως
2782 4124 3154 4196 ἐθριάμϐευσε
3184 4124 3281 4178 κα)⁵
3309 4124 3496 4197 ἐξορίᾳ
3523 4140 3666 4195 παρ-

2084 4222 2318 4293 έπεμψε.

2160 4499 2233 4562 ς’.
2268 4496 2736 4568 Πεντεκαιδεκάτῃ
2784 4495 2989 4568 Ἰουλίῳ
3027 4496 3187 4568 μηνὶ,
3222 4494 3554 4556 ίνδικτιῶνος
3588 4495 3665 4557 ς’,

2094 4590 2378 4661 Ῥωμανδς
2423 4591 2451 4643 ὁ
2498 4588 2753 4660 βασιλεὺς
2787 4591 2845 4642 ἐν
2877 4592 2943 4660 τῇ
2991 4589 3190 4659 Πρώτη
3217 4588 3367 4657 νήσῳ
3396 4584 3622 4657 τελευτᾷ
3647 4597 3662 4613 ⁸

2084 4683 2182 4736 καὶ
2228 4680 2289 4733 τὸ
2319 4679 2481 4751 σῶμα
2510 4681 2677 4734 αὐτοῦ
2707 4682 2764 4733 ἐν
2810 4682 2875 4751 τῇ
2908 4679 3063 4733 πόλει
3111 4678 3463 4749 διακομισθὲν
3511 4678 3569 4731 ἐν
3598 4677 3671 4746 τῇ

2086 4773 2254 4827 αὑτοῦ
2291 4774 2534 4845 ἁπετέθη
2572 4777 2728 4845 μονῇ.

784 5060 924 5121 Huc
962 5078 1154 5139 usque
1203 5059 1532 5137 Francisci
1576 5056 1933 5137 Combcﬁsii
1976 5054 2169 5117 editio
2202 5055 2603 5134 Scriptorum
2641 5061 2788 5133 post
2828 5050 3286 5129 Theophanem.

1763 5367 2194 5394 W
