4128 6416
376 388 3531 436 W

855 584 1935 770 JOSEPHUE

2085 585 3141 769 GENESIUS

1702 982 2317 1100 NOTITIA

1114 1211 1347 1283 (Fannia.
1380 1210 1697 1265 Bibliotheca
1734 1206 1918 1264 Crwca
1946 1209 2037 1265 ed.
2074 1207 2289 1275 llarles,
2327 1214 2457 1263 tom.
2488 1208 2599 1273 Vll,
2656 1224 2709 1279 p.
2739 1207 2888 1279 550.)

1962 1392 2033 1406 ﬁ

447 1539 623 1607 Quem
656 1536 941 1605 Josephum
996 1539 1274 1595 Genesium
1308 1539 1415 1594 viri
1457 1538 1605 1594 docti
1638 1538 1934 1610 appellant,
1968 1536 2015 1592 is
2041 1536 2110 1590 ab
2164 1549 2276 1589 uno
2308 1540 2648 1590 memoratur
2676 1534 2888 1591 Joanne
2944 1534 3181 1605 Scylitze
3250 1532 3305 1587 in
3363 1534 3633 1603 prooemio

365 1626 641 1682 Historiae.
666 1626 773 1681 Sed
806 1627 861 1680 in
888 1642 992 1681 ms.
1027 1627 1278 1700 Scylitzae
1310 1626 1576 1699 distingui
1606 1627 1910 1696 Josephum
1957 1640 2022 1680 ac
2056 1624 2381 1688 Genesium,
2415 1632 2573 1678 notat
2603 1622 2860 1677 Labbcus
2886 1622 2986 1693 (a),
3022 1622 3118 1687 ita,
3167 1630 3227 1676 ut
3265 1622 3376 1676 duo
3423 1623 3635 1677 fuerint

366 1716 615 1771 historiae
654 1713 860 1784 Cpolit.
897 1715 1198 1784 scriptores
1223 1715 1452 1780 diversi,
1477 1730 1621 1769 unus
1646 1714 1921 1784 Josephus
1943 1713 2295 1785 Byzantinus,
2332 1721 2387 1767 et
2407 1712 2547 1766 alter
2574 1710 2844 1767 Genesius
2865 1711 3215 1780 Byzantinus.
3251 1712 3320 1765 At
3349 1712 3520 1776 enim,
3550 1721 3631 1775 ut,

364 1803 546 1874 patria
574 1803 899 1874 Byzantium
934 1803 1106 1859 fuisse
1149 1803 1474 1869 Genesium,
1526 1818 1793 1874 perquam
1834 1810 1919 1856 est
1951 1802 2251 1866 incertum,
2280 1799 2413 1855 licet
2456 1799 2814 1871 Byzantinam
2860 1799 3150 1853 historiam
3198 1799 3500 1867 scripserit,
3555 1799 3634 1853 sic

362 1892 666 1962 Josephum
712 1891 993 1946 diversum
1017 1907 1046 1945 a
1081 1891 1318 1946 Genesio
1353 1892 1497 1961 apud
1534 1890 1808 1962 Scylitzen
1837 1889 2073 1953 laudari,
2108 1903 2253 1959 aegre
2282 1887 2417 1943 mihi
2449 1888 2777 1959 persuadeo.
2818 1886 3097 1956 Quidquid
3128 1902 3259 1939 vero
3295 1888 3387 1949 sit,
3434 1886 3633 1955 Lipsia:

363 1980 423 2035 in
456 1980 631 2050 patria
654 1995 776 2035 mea
807 1990 1067 2035 servatur
1093 1980 1147 2034 in
1174 1980 1512 2035 bibliotheca
1546 1979 1775 2035 Paulina
1803 1977 1975 2033 codex
1998 1978 2263 2047 antiquus
2305 1975 2762 2031 membranaceus
2786 1974 3007 2029 Graecus
3030 1973 3275 2027 Historia:
3305 1974 3632 2037 Cenesiana’.

360 2070 517 2140 jussu
552 2067 903 2123 Constantini
930 2068 1390 2139 Porphyrogeniti
1422 2067 1763 2138 compositae,
1793 2074 1849 2122 et
1880 2082 1968 2121 res
2001 2066 2202 2136 imper.
2259 2066 2518 2135 quinque.
2554 2063 2718 2119 CPol.
2757 2063 2945 2117 Leonis
2977 2063 3218 2128 Armcni,
3274 2064 3367 2133 qui
3403 2079 3454 2117 a.
3490 2062 3626 2117 Chr.

362 2156 470 2211 8l5
498 2156 667 2227 coepit
701 2156 997 2226 imperare,
1028 2155 1304 2210 Michaelis
1333 2155 1510 2221 Balbi,
1562 2152 1847 2227 Theophili,
1882 2154 1979 2209 filii
2006 2152 2301 2217 Michaelis,
2345 2162 2402 2208 et
2451 2151 2641 2206 Basilii
2689 2151 3014 2215 Macedonis,
3047 2165 3097 2204 a.
3134 2150 3258 2215 889,
3313 2151 3429 2205 Kal.
3474 2150 3631 2207 Mart.
3704 2188 3705 2191 η

366 2244 641 2309 defuncti,
675 2244 1223 2314 comprehendentis.
1258 2245 1339 2299 Ex
1372 2245 1480 2299 hoc
1507 2244 1632 2299 cod.
1672 2243 1887 2312 collegii
1921 2241 2140 2297 Paulini
2193 2239 2549 2295 bibliotheca:
2580 2239 2738 2295 acad.
2790 2239 3091 2308 Lipsiensis
3130 2255 3288 2309 pagg.
3319 2238 3388 2293 77
3437 2238 3491 2292 in
3537 2238 3633 2293 fol.

367 2341 679 2400 constante,
710 2334 797 2387 vir
823 2333 971 2387 doct.
1010 2333 1095 2388 Jo.
1124 2333 1374 2388 Andreas
1409 2334 1605 2388 Bosius
1634 2334 1746 2405 jam
1781 2332 1994 2403 pridem
2029 2330 2186 2385 illius
2233 2328 2537 2384 editionem
2590 2344 2790 2399 parare
2822 2345 2880 2384 se
2913 2329 3243 2399 significavit
3293 2329 3347 2382 in
3398 2328 3633 2383 diatriba

359 2420 440 2476 De
464 2421 759 2476 testimonio
793 2417 946 2475 Flav.
982 2419 1200 2491 Iosephi
1238 2419 1311 2473 De
1334 2419 1547 2476 Christo
1582 2422 1682 2489 (b).
1708 2420 2108 2491 Apographum
2132 2420 2435 2475 Bosianum
2492 2435 2616 2474 cum
2646 2419 2911 2474 brevibus
2942 2420 3144 2491 Thom.
3178 2419 3445 2485 Reinesii,
3498 2434 3638 2489 quo-

360 2526 489 2564 cum
525 2509 724 2564 Bosius
756 2508 892 2563 illud
925 2508 1459 2573 communicaverat,
1489 2510 1640 2564 notis
1667 2518 1924 2563 servatur
1952 2509 2094 2564 lenae
2124 2510 2179 2563 in
2216 2509 2354 2564 bibl.
2387 2509 2544 2579 publ.
2582 2510 2737 2563 acad.
2775 2509 2865 2563 cui
2892 2509 3070 2564 libros
3105 2525 3236 2564 suos
3267 2509 3357 2563 ille
3391 2509 3638 2563 moriens

359 2598 584 2667 legavit,
616 2612 684 2652 ex
724 2612 835 2667 quo
862 2596 1083 2652 Genesii
1112 2596 1417 2652 editionem
1446 2597 1649 2651 deinde
1682 2598 1902 2652 molitus
1939 2597 2042 2652 fuit
2088 2598 2336 2667 ejusdem
2371 2597 2527 2652 acad.
2566 2597 2846 2667 professor
2882 2598 2988 2653 cel.
3025 2596 3302 2668 Georgius
3353 2596 3635 2652 Schubar-

361 2695 474 2752 tus,
507 2693 570 2740 ut
591 2685 1058 2740 memorantActa
1078 2684 1285 2739 erudit.
1325 2686 1476 2755 Lips.
1512 2702 1560 2740 a.
1613 2686 1772 2750 1685,
1807 2702 1862 2756 p.
1897 2688 2020 2742 441.
2075 2685 2240 2741 Aliud
2282 2687 2660 2757 apographum
2699 2702 2824 2741 cum
2878 2686 3075 2741 iisdem
3138 2686 3384 2741 Reinesii
3428 2686 3637 2740 nolulis

359 2780 545 2828 servat
581 2772 921 2827 bibliotheca
963 2764 1196 2828 senatus
1224 2772 1377 2843 Lips.
1403 2773 1624 2827 Novum
1653 2774 1819 2827 etiam
1851 2790 1915 2829 ac
1949 2774 2232 2843 singulare
2260 2776 2506 2829 studium
2543 2774 2781 2829 Genesio
2828 2775 2880 2828 in
2918 2776 3099 2830 lucem
3149 2774 3491 2844 proferendo
3536 2775 3637 2827 im-

362 2860 557 2931 pendit
586 2860 829 2931 praeclari
853 2860 939 2915 vir
971 2860 1176 2931 ingenii
1204 2869 1261 2916 et
1296 2876 1531 2931 magnas,
1568 2876 1734 2931 supra
1765 2870 2006 2927 aetatem,
2038 2862 2328 2929 doctrinae,
2370 2863 2672 2919 Godfridus
2704 2864 3032 2934 Wagnerus,
3084 2863 3411 2933 Lipsiensis,
3444 2871 3635 2932 pastor

359 2948 429 3001 ad
461 2948 517 3004 S.
553 2948 784 3003 Joannis
814 2964 827 3012 ;
864 2947 984 3012 sed,
1022 2949 1116 3003 illo
1149 2948 1475 3004 ﬂorentibus
1510 2948 1672 3003 annis
1701 2948 1998 3017 exstincto,
2027 2953 2197 3007 etiam
2246 2952 2349 3008 ista
2382 2968 2509 3024 spes
2541 2952 2608 3021 (c)
2641 2952 2959 3016 decollavit,
2997 2952 3072 3006 ita
3098 2960 3160 3007 ut
3193 2951 3372 3020 palma
3404 2950 3520 3003 hazc
3548 2951 3635 3003 in-

362 3045 516 3106 tegra
545 3036 737 3091 relicta
773 3036 845 3091 sit
876 3037 997 3091 viro
1022 3038 1388 3107 priestantiss.
1424 3037 1695 3093 Godfrido
1731 3037 1977 3104 Oleario,
2037 3040 2133 3111 qui
2189 3040 2517 3110 scriptorem
2570 3040 2750 3103 illum,
2803 3056 2869 3094 ex
2909 3039 3100 3094 eodem
3162 3038 3350 3093 codice
3407 3037 3635 3093 Paulino

357 3124 695 3195 descriptum
731 3133 786 3179 et
815 3125 1070 3180 versione
1096 3142 1160 3181 ac
1190 3128 1338 3181 notis
1369 3142 1400 3181 a
1433 3142 1493 3182 se
1531 3127 2023 3199 illustratum,jam
2059 3130 2116 3182 in
2149 3129 2370 3185 scriniis
2419 3128 2608 3193 habet,
2650 3137 2706 3183 et
2742 3127 2993 3198 proxime
3021 3127 3204 3197 praelis
3230 3126 3632 3181 commissurus

360 3222 447 3267 est
476 3213 572 3282 (ά).
604 3213 828 3277 Versus,
881 3213 1089 3282 quibus
1116 3213 1388 3270 Genesius
1422 3230 1552 3271 suos
1589 3216 1835 3288 quinque
1866 3217 2165 3271 Βασιλειῶν
2205 3217 2382 3272 libros
2441 3216 2807 3273 Constantino
2844 3215 3324 3289 Porphyrogenito
3357 3215 3542 3280 offert,
3575 3213 3631 3267 hi

359 3301 517 3372 operi
550 3301 913 3372 praeﬁguntur
945 3318 959 3355 :

1287 3413 1412 3486 1'th
1458 3412 1517 3479 ἐξ
1550 3413 1793 3485 ἱστορίας
1821 3415 2049 3486 τελέσας
2084 3414 2269 3486 βίϐλον
2291 3414 2367 3479 ὡς
2392 3414 2712 3481 ἐκέλευσας,

1348 3484 1719 3556 Αὐτοκράτορ,
1745 3485 2022 3556 μελέταις
2050 3484 2143 3540 καὶ
2160 3486 2429 3556 καμάτοις
2460 3486 2741 3556 μεγάλοις,

1293 3555 1500 3628 Ἐνμσοὶ
1524 3555 1698 3628 δῷρον
1727 3555 1921 3626 ἔθηκα,
1953 3558 2101 3621 ὅπως
2128 3555 2477 3626 ἐγνωσμένον
2507 3559 2617 3628 εἴη,

1365 3624 1460 3679 Ἐκ
1489 3624 1905 3695 φιλοδεσποτήίας
1937 3624 2192 3682 συντεθὲν
2248 3624 2399 3681 ἐκήτε
2434 3624 2625 3682 πόθοι).

434 3772 544 3827 llos
562 3785 778 3837 versus,
806 3785 839 3824 a
878 3768 1161 3840 Wagnero
1192 3783 1319 3824 cum
1358 3766 1540 3823 Caveo
1597 3769 2057 3837 communicatos,
2086 3781 2142 3825 et
2176 3769 2245 3825 ab
2280 3785 2349 3825 eo
2396 3770 2653 3842 vulgatos
2708 3770 2762 3824 in
2805 3779 2959 3840 parte
2995 3770 3165 3825 altera
3208 3770 3408 3824 IIistor.
3470 3770 3613 3826 littcr

359 3858 459 3915 SS.
491 3856 603 3913 EE.
642 3859 710 3914 ad
750 3874 800 3913 a.
824 3858 950 3925 910,
974 3858 1049 3912 ita
1086 3865 1373 3925 utcunque
1405 3857 1664 3910 transtuli
1709 3874 1724 3911 :

1287 3942 1605 4003 Historiam,
1638 3944 1796 4012 jussu
1831 3960 2014 4013 quam,
2068 3943 2252 3998 Catsar
2296 3959 2509 4014 magne,
2537 3951 2715 4014 tuapte

1501 4014 1705 4082 l‘erfeci
1763 4016 1905 4067 curis
1938 4023 2096 4075 atque
2128 4014 2307 4066 labore
2328 4016 2500 4083 gravi,

1286 4081 1437 4136 Hanc
1470 4084 1561 4137 tibi
1588 4081 1726 4137 dona
1751 4086 1886 4153 fero,
1911 4093 2093 4136 notum
2125 4086 2191 4137 sit
2230 4091 2288 4135 ut
2317 4081 2579 4150 omnibus,
2603 4084 2706 4136 ista

1482 4154 1627 4209 Nutu
1659 4156 1860 4225 scripta
1886 4162 2000 4217 tuo,
2027 4162 2078 4208 te
2106 4155 2348 4225 cupiente
2376 4154 2497 4225 legi.

434 4267 715 4338 Leguntur
744 4277 802 4323 et
823 4266 914 4321 alii
945 4282 1144 4321 versus
1176 4265 1414 4337 Olympii
1460 4264 1749 4336 cujusdam
1787 4264 1855 4319 ad
1885 4264 2185 4342 voluminis
2216 4265 2446 4331 calcem,
2479 4263 2573 4335 qui
2603 4264 2747 4318 mihi
2778 4279 2887 4318 non
2919 4262 3191 4348 videntur.
3228 4260 3300 4317 ad
3332 4262 3627 4319 Genesium

362 4354 641 4426 pertinere
675 4354 767 4425 (e),
795 4352 890 4409 sed
927 4352 997 4407 ad
1034 4353 1303 4409 Joannem
1326 4353 1645 4422 quemdam,
1687 4352 2039 4418 historicum,
2072 4354 2321 4425 Scylitzre
2351 4354 2543 4409 itidem
2588 4352 2895 4417 laudatum,
2929 4361 2985 4408 et
3035 4352 3194 4423 cujus
3226 4366 3365 4422 opus
3399 4351 3628 4406 fortasse

360 4444 493 4497 olim
530 4441 769 4498 Genesio
799 4440 853 4495 in
882 4439 1007 4495 cod.
1040 4438 1192 4509 Lips.
1230 4455 1337 4495 ms.
1359 4439 1700 4505 adhaerebat,
1732 4449 1922 4509 postea
1949 4439 2018 4493 ab
2049 4456 2117 4496 eo
2145 4451 2461 4512 separatum
2489 4441 2676 4513 periit.

1854 4549 2089 4606 NOTAE.

430 4646 509 4714 ta)
521 4644 658 4701 Vide
674 4643 956 4698 Labbeum
971 4642 1025 4697 in
1040 4637 1386 4710 Protreptico
1396 4641 1466 4714 ad
1480 4639 1755 4714 bist._Byz.
1776 4640 1908 4714 μμ
1924 4682 1936 4694 .

356 4710 516 4773 Alius
539 4731 705 4786 porro
732 4714 1023 4786 Genesius,
1054 4714 1217 4786 cujus
1244 4710 1498 4786 meminit
1529 4710 1932 4786 Sidonius__l_ib.

358 4804 435 4853 ιν,
469 4781 558 4857 ειρῖ
589 4788 644 4840 6.
673 4784 831 4857 Alius
866 4781 1160 4857 Genesius,
1196 4782 1779 4857 presbyter,_scrip_tor
1798 4781 1940 4837 Vitae

357 4851 740 4925 S.’Génovefae
766 4855 1019 4925 virginis,
1052 4862 1113 4908 ut
1140 4851 1464 4925 praeteream
1492 4851 1762 4925 Genesius
1785 4866 1934 4925 mar;

358 4938 530 5000 tyres,
591 4920 1217 5000 quorumjmemoriam
1276 4923 1560 4978 celebrant
1618 4920 1799 4977 Latini
1870 4923 1943 4977 25

356 4995 587 5056 Kuaust.
628 5005 684 5053 et
723 4998 785 5053 11
812 4995 1037 5051 Octobr.

432 5016 440 5053 l
483 5016 587 5053 uss.
628 5016 684 5053 et
723 5016 785 5053 ιι
812 5016 1037 5051 υοιουτ.

432 5016 504 5137 (ᾗ)
528 5068 725 5125 Bosius
750 5066 830 5121 De
855 5067 1151 5137 testimonio
1178 5063 1347 5137 Elavii
1369 5063 1602 5137 Iosephi,
1633 5062 1749 5137 Ion.
1775 5064 1933 5130 1675,

355 5134 561 5210 capjﬁ,
580 5156 702 5209 pag.
727 5139 818 5192 21.
842 5136 1166 5210 TheOphanis
1186 5134 1633 5210 Chronographiaz
1664 5134 1936 5204 Augustad

357 5204 743 5265 itu—m'codicEtn
775 5216 899 5261 ante
934 5204 1137 5277 aliquot
1165 5222 1334 5258 annos
1370 5221 1489 5257 cum
1524 5204 1660 5277 edito
1716 5222 1932 5275 compa-

354 5283 618 5345 rabimus,
651 5278 804 5348 cujus
847 5294 943 5348 ape
973 5273 1093 5331 eum
1131 5273 1650 5348 scriptorem_multo
1684 5273 1933 5329 emenda-

355 5354 564 5415 tiorem,
597 5345 792 5403 alicubi
814 5356 861 5401 et
882 5345 1197 5417 pleniorem,
1228 5345 1518 5416 completis,
1541 5345 1723 5417 quibus
1741 5348 1937 5417 passim

356 5361 564 5415 tiorem,
597 5361 792 5403 alicubi
814 5361 861 5401 et
890 5361 1197 5417 pleniorem,
1228 5361 1518 5416 complens,
1531 5361 1723 5469 gamus
1741 5362 1935 5414 passim

356 5422 584 5491 fmdatus
611 5418 945 5491 est,lacunis
974 5418 1197 5491 aliquot,
1232 5432 1341 5468 una
1370 5432 1489 5491 cum
1554 5416 1752 5491 .eorgio
1796 5414 1935 5487 Syn-

357 5485 492 5545 cello
526 5499 575 5543 et
625 5490 898 5559 utriusque
941 5485 1337 5559 continuatore,
1381 5485 1621 5559 Genesio,
1647 5486 1746 5537 huc
1775 5485 1939 5559 usque

356 5562 556 5615 inedita
580 5556 864 5631 paucisque
877 5559 1048 5631 etiam
1076 5556 1552 5631 eruditissimorum
1576 5557 1808 5631 uirorum
1827 5558 1933 5610 visc

359 5640 545 5685 uotove
570 5624 809 5685 dabimus
831 5626 1143 5697 aliquando,
1177 5635 1283 5697 etc.
1310 5624 1625 5697 Descripsit
1645 5624 1735 5697 ille
1761 5625 1938 5681 Gene-

358 5703 503 5755 sium
558 5718 607 5755 a.
679 5700 833 5754 1652.
888 5695 1045 5752 FAnn.
1114 5696 1253 5750 Add.
1304 5695 1539 5749 Morbof.
1600 5695 1752 5764 Poly.
1812 5697 1932 5749 hist.

360 5771 572 5836 λίπει-,1,
626 5772 826 5841 cap.'7,
864 5769 951 5831 11,
1009 5767 1101 5823 ubi
1126 5767 1466 5836 plura,qu:c
1519 5765 1711 5821 Bosius
1765 5767 1936 5823 edcn—

2043 4644 2113 4699 da
2180 4644 2284 4698 sibi
2342 4653 2736 4715 pr0posuerat,
2790 4658 2958 4713 opera
3024 4652 3425 4715 memorantur.
3462 4642 3630 4697 lim.

2120 4719 2192 4785 (c)
2239 4714 2713 4781 Quemadmodum
2772 4723 2827 4785 et
2883 4729 3009 4783 spes
3058 4714 3319 4768 editionis
3384 4714 3634 4776 Genesii,

2045 4784 2385 4856 promissaaa
2424 4785 2714 4853 Ludolpho
2753 4784 3007 4856 Kustero.

2117 4856 2194 4926 (ά)
2234 4856 2350 4909 Nec
2382 4866 2561 4912 tamen
2605 4852 2934 4926 prosperum
2998 4852 3202 4926 habuitl
3246 4860 3503 4926 eventum
3542 4852 3633 4926 id

2044 4922 2360 4991 consilium,
2404 4926 2532 4980 licet
2554 4922 2773 4980 Ol'eario
2799 4924 3038 4979 excitato
3064 4924 3132 4978 ab
3169 4922 3388 4977 Oudino
3423 4924 3477 4974 in
3509 4923 3626 4976 sin—

2043 4997 2219 5067 gulari
2260 4997 2393 5067 diss.
2448 4996 2512 5049 dc
2566 4995 2788 5049 adversa
2840 4996 3054 5064 fortuna
3087 4994 3330 5067 AJosepho
3374 4992 3633 5067 ﬂeuesio,

2043 5064 2276 5121 historiae
2311 5066 2622 5136 Byzantina:
2651 5068 2895 5135 scriptori
2918 5065 3094 5136 quoad
3116 5066 3307 5136 operis
3318 5064 3599 5136 editionem
3611 5104 3631 5124 ,,

2044 5138 2252 5191 inserta
2298 5132 2418 5206 ejus
2474 5132 2852 5191 Commentar.
2906 5132 2974 5190 de
3003 5136 3059 5190 S.
3104 5132 3159 5189 S.
3196 5134 3352 5206 8.15.
3387 5142 3519 5206 tom.
3556 5132 3623 5206 lt,

2042 5222 2098 5277 p.
2141 5206 2265 5261 455.
2301 5204 2420 5276 sqq.
2452 5217 2509 5261 et
2538 5206 2906 5277 emendatius,
2933 5204 3633 5277 epheme_ridibus._inscri-

2043 5273 2173 5346 ptis,
2211 5273 2441 5332 Histoire
2495 5278 2716 5346 critique
2747 5276 2809 5329 de
2857 5276 2911 5329 la
2966 5273 3188 5345 Républ.
3246 5275 3344 5346 des!
3392 5273 3630 5346 Lettirt’sr.’

2045 5344 2178 5402 tom.
2202 5347 2317 5410 XV,
2346 5364 2400 5400 n.
2430 5348 2483 5401 5.
2504 5344 2803 5410 Olearium,
2828 5344 3106 5401 mortuum
3130 5346 3184 5399 d.
3214 5345 3278 5397 10
3302 5344 3438 5397 Nov.
3466 5344 3629 5406 1715,

2043 5427 2153 5471 act.
2196 5418 2285 5482 13,
2321 5419 2479 5487 plura
2503 5418 2609 5470 alia
2642 5416 2925 5470 editurum
2964 5417 3154 5477 fuisse,
3201 5415 3297 5487 sed
3356 5430 3463 5467 non
3500 5429 3628 5487 per-

2042 5486 2261 5551 fecisse,
2295 5483 2462 5541 tradit
2493 5487 2864 5543 Crun‘dmann.
2902 5487 2954 5541 in
2981 5486 3205 5540 Miscell.
3227 5484 3375 5554 Lips.
3402 5492 3532 5537 tom.
3554 5483 3625 5548 ll,

2044 5573 2098 5627 ιι.
2139 5558 2240 5612 757
2279 5573 2361 5626 sq.
2398 5557 2564 5611 ΗΑιιι.

2117 5629 2185 5695 le)
2215 5628 2287 5681 Ab
2315 5628 2424 5681 alia
2455 5646 2615 5681 manu
2639 5630 2906 5698 ascriptos
2939 5628 3108 5682 fuisse
3139 5626 3258 5689 hos,
3294 5640 3451 5698 quos»
3471 5632 3619 5698 attu-

2047 5698 2110 5769 lit
2129 5693 2435 5769 Fabricius,
2462 5709 2517 5752 ct
2545 5701 2679 5756 alios
2697 5693 2934 5769 Olympii
2958 5715 3167 5762 versus,
3197 5693 3415 5751 notatur
3442 5696 3495 5748 in
3530 5693 3625 5749 cd‘.

2050 5768 2273 5823 Veneta.
2312 5767 2479 5822 Hann.
