4128 6430
528 371 634 433 9η
1754 375 2140 437 JOSEPHUS
2187 376 2590 437 GENESIUS.
2859 349 2862 352 ’
3705 377 3814 436 ass

1506 483 1742 554 Λῲστων
1766 485 1914 555 ἀνὴρ
1949 485 2193 554 ἄριστος,
2227 486 2302 547 ὡς
2331 486 2443 551 ἐγὼ
2475 485 2663 556 κρίνω,

1491 556 1769 626 Γεωργίου
1805 573 1886 619 τε,
1913 557 2080 626 φημὶ,
2115 558 2210 609 καὶ
2242 557 2550 626 Θεοφάνους

1500 625 1624 697 Τῶν
1654 625 2065 696 χρονογράφων,
2093 627 2120 678 ὃ
2160 643 2229 697 τε,
2254 627 2311 697 δὲ
2328 626 2423 679 τοῦ
2449 625 2630 696 βίϐλου
2661 625 2728 696 (f)
2763 626 2951 697 Πατὴρ

1502 696 1757 778 ’.Ιωάπςιης
1784 697 2126 778 σοιιςαύτης,
2148 696 2554 778 φιλθδςξξμόνων
2583 699 2658 778 (ρ)

1514 767 1570 818 Ὀ
1601 766 1710 818 τῶν
1753 766 2033 836 προέδρων
2061 766 2295 835 πρῶτος.
2322 767 2460 820 ἀλλὰ
2488 769 2585 820 καὶ
2615 768 2782 836 θύτης

1492 837 1936 907 Διοκαισαρείας,
1965 837 2066 906 τῆς
2100 836 2446 908 Ἀναζάρὸης
2480 837 2646 890 πάλαι
2679 839 2778 908 (Ιι).

1589 949 1653 1003 In
1678 949 1888 1019 optimis
1932 958 2007 1002 est
2031 949 2282 1018 Optimus,
2325 966 2406 1002 me
2430 949 2614 1018 judice

1583 1021 1885 1090 (Georgium
1923 1019 2397 1090 Tltcophanemque
2420 1019 2658 1090 intelligo

1599 1089 2064 1162 Chironographos)
2092 1091 2390 1162 praesentis
2435 1089 2698 1162 auctor'et
2741 1101 2892 1162 pater

1597 1161 1740 1216 Libri
1778 1159 2032 1221 leaunes,
2067 1159 2403 1230 diligentiam
2438 1160 2602 1215 Deum

1588 1232 1709 1304 Flos
1740 1230 1832 1284 ille
1861 1231 2066 1304 primus
2099 1231 2392 1304 primulum
2423 1239 2583 1302 atque
2612 1234 2882 1304 episcopus
2929 1241 2946 1255 ·

1583 1301 1952 1366 Dioctesarew,
1981 1301 2134 1354 dieue
2151 1301 2452 1356 Anazarba:
2473 1301 2654 1358 antea.

533 1399 540 1406 ’
604 1413 709 1466 Pro
735 1411 965 1468 λοίσθων
996 1415 1063 1485 (i)
1097 1413 1296 1486 scripsi
1315 1415 1540 1487 λῴστων
1568 1426 1625 1472 et
1649 1416 1704 1470 in
1729 1423 1933 1485 quarto
1961 1429 2127 1468 versu

2180 1429 2272 1480 pro
2305 1415 2461 1483 φίλου
2492 1415 2768 1488 δαιμόνων
2815 1415 2904 1472 vel
2948 1416 3190 1470 Eduardi
3252 1414 3520 1470 Bernardi
3563 1413 3632 1483 (ἱ)
3689 1415 3810 1482 φίλε

529 1499 823 1571 δαιμόνων,
857 1502 1028 1557 malui
1061 1503 1481 1575 φιλοδαιμόνων.
1513 1504 1656 1559 Sane
1693 1505 1875 1558 virum
1907 1503 2062 1573 pium
2088 1518 2159 1559 ne

2183 1518 2254 1557 no
2290 1502 2642 1558 Christianus
2672 1504 2831 1559 facile
2868 1504 3089 1559 vocabit
3129 1505 3286 1573 φίλον
3331 1503 3627 1571 δαιμόνων,
3669 1502 3813 1555 faci-

528 1589 640 1645 lius
673 1589 1055 1664 φιλοδαεμονα,
1088 1609 1188 1664 pro
1217 1591 1474 1664 φιλοοέῳ,
1511 1593 1643 1648 licet
1682 1602 1738 1648 et
1808 1593 1915 1647 hoc
1948 1591 2158 1646 rarissit

2182 1609 2292 1646 tum
2335 1593 2407 1647 sit
2441 1592 2496 1646 in
2533 1593 2980 1648 Christianorum
3040 1593 3288 1663 scriptis,
3335 1608 3462 1647 cum
3498 1592 3812 1646 dmmonum

531 1677 867 1732 vocabulum
898 1678 954 1733 in
985 1680 1140 1734 Novo
1171 1680 1531 1737 Testamento
1553 1697 1772 1750 semper
1804 1680 1871 1735 de
1903 1679 2062 1734 malis
2087 1680 2299 1751 angelis
2332 1680 2658 1750 accipiatur,
2698 1680 2846 1750 quod
2888 1681 2957 1735 ab
3008 1681 3270 1746 llomero,
3325 1682 3556 1736 Platone
3585 1689 3644 1735 et
3689 1682 3816 1735 aliis

530 1765 774 1822 ethnicis
809 1767 1182 1838 scriptoribus
1212 1771 1416 1840 passim
1468 1769 1697 1840 ponitur
1723 1785 1821 1839 pro
1884 1769 2013 1822 diis.
2050 1768 2332 1824 Hactenus
2363 1769 2668 1824 FABRICIUS.
2701 1771 2898 1824 Postea
2963 1770 3156 1840 Steph.
3196 1771 3490 1841 Berglerus
3518 1787 3584 1825 ex
3615 1769 3812 1824 eodem

527 1853 653 1906 eod.
682 1854 835 1924 Lips.
873 1855 1171 1926 descripsit
1204 1857 1500 1912 Genesium
1532 1857 1840 1927 Latineque
1867 1856 2060 1922 vertit,
2115 1857 2233 1926 ipso
2287 1866 2425 1912 teste
2460 1857 2512 1910 iu
2563 1858 2797 1925 epistola
2825 1857 2890 1911 ad
2927 1857 2976 1912 J.
3013 1859 3077 1912 A.
3134 1858 3472 1923 Fabricium,
3530 1859 3584 1912 in
3647 1858 3816 1928 hujus

532 1942 671 2004 Vita,
709 1958 740 1996 a
773 1944 1037 1998 lleimaro
1059 1946 1286 2015 scripta,
1320 1963 1374 2015 p.
1408 1947 1535 2011 2'25,
1565 1945 1659 2000 ubi
1685 1947 1851 2002 etiam
1884 1945 2298 2012 animadvertit,
2337 1945 2715 2016 apographum
2743 1946 2868 1999 cod.
2903 1961 3025 1999 esse
3063 1945 3115 1998 in
3140 1947 3419 2000 senatoria
3447 1945 3812 2009 bibliotheca,

527 2031 732 2085 factum
761 2049 789 2086 a
825 2034 985 2088 Bosio
1008 2052 1201 2104 parum
1229 2038 1408 2107 perite
1436 2046 1493 2093 et
1520 2037 1656 2092 satis
1697 2037 2044 2107 negligenter
2075 2055 2088 2102 ;
2148 2036 2476 2103 scriptorem
2532 2049 2665 2088 vero
2716 2049 2838 2089 esse
2891 2034 3202 2093 horridum,
3273 2034 3566 2098 incultum,
3611 2033 3812 2104 judicii

525 2129 806 2187 egentem.
835 2121 1065 2176 Addidit
1098 2125 1150 2176 in
1184 2125 1430 2193 margine
1461 2133 1622 2180 notas
1651 2124 1963 2186 breviores,
1998 2132 2055 2176 ut
2087 2123 2358 2178 ineditmn
2391 2137 2494 2176 suo
2539 2131 2789 2190 tempore
2817 2137 2846 2175 e
2881 2121 3124 2174 tenebris
3173 2122 3479 2176 vindicaret
3534 2121 3672 2190 ipse,
3725 2122 3812 2177 vel

523 2206 574 2260 J.
613 2207 891 2263 Burcardo
919 2211 1210 2266 lilenkenio
1239 2214 1628 2282 epitularetur,
1668 2214 1762 2283 qui
1833 2213 1992 2277 illud,
2022 2209 2424 2265 commentario
2452 2225 2481 2262 a
2517 2225 2575 2262 se
2613 2208 2974 2273 illustratum,
3037 2207 3271 2278 adjectis
3334 2209 3458 2263 aliis
3503 2208 3816 2264 CPoIitanae

525 2295 776 2351 historia:
798 2299 1192 2369 scriptoribus,
1222 2310 1483 2371 tanquam
1515 2303 1967 2373 supplementum
2009 2299 2262 2370 corporis
2295 2297 2581 2368 Byzantini
2623 2296 2732 2350 luci
2763 2295 3002 2366 publicae
3031 2311 3306 2365 exponere
3362 2305 3654 2362 statuerat,
3680 2313 3813 2351 nar-

527 2394 686 2438 rante
719 2386 976 2456 Theoph.
1004 2387 1204 2458 Sigel'r.
1258 2390 1467 2460 [layero
1521 2392 1576 2444 in
1629 2391 1795 2444 Thes.
1848 2389 2014 2459 epist.
2069 2387 2121 2442 la
2178 2386 2450 2441 Croziano
2479 2393 2611 2437 tom.
2637 2384 2681 2447 l,
2717 2401 2838 2454 pag.
2877 2387 2967 2438 50.
3008 2386 3068 2440 V.
3107 2385 3406 2438 Burmanni
3437 2384 3492 2451 2,
3531 2385 3687 2454 praef.
3741 2387 3812 2440 ad

524 2472 811 2542 AristOph.
849 2475 1261 2544 Berglerianum
1299 2494 1422 2547 pag.
1467 2478 1518 2543 8,
1553 2496 1636 2547 sq,
1661 2480 1979 2532 Burmanno
2011 2476 2182 2540 enim,
2225 2471 2406 2541 (quod
2435 2471 2658 2540 quidem
2689 2472 2735 2525 is
2767 2472 2983 2534 reticet,
3010 2471 3028 2543 )
3065 2471 3198 2525 illud
3227 2472 3647 2543 Bcrglerianum
3674 2487 3814 2542 apo-

528 2553 800 2632 graphum
825 2561 1127 2618 donaverat
1165 2562 1382 2629 Saxius,
1415 2566 1602 2634 quiid
1651 2566 1851 2636 Lipsizn
1883 2566 2013 2618 olitn
2049 2572 2290 2625 emerat;
2321 2562 2464 2616 unde
2495 2562 2769 2632 intelliges
2803 2563 2908 2616 cel.
2943 2563 3092 2617 Saxii
3119 2563 3288 2618 verba
3321 2563 3374 2615 in
3405 2562 3604 2617 Onom.
3640 2563 3708 2628 ll,
3751 2575 3810 2633 p.

530 2649 654 2712 M9,
678 2650 731 2702 id
762 2650 942 2703 inutili
963 2653 1197 2722 quadam
1239 2653 1560 2709 liberalitate
1585 2673 1684 2709 sua
1717 2655 1979 2708 aliorsum
2006 2651 2297 2706 exsulasse.
2347 2650 2647 2705 Enimvero
2677 2666 2779 2704 nec
2811 2651 3106 2720 Bergierus
3136 2666 3238 2704 nec
3278 2651 3602 2705 Menkenius
3627 2652 3815 2706 emisit

528 2753 671 2806 opus
704 2740 757 2791 in
788 2739 990 2795 lucem.
1014 2739 1218 2796 Contra
1244 2743 1516 2812 posterior
1542 2743 1936 2798 secundarium
1962 2739 2220 2796 fortassis
2248 2738 2528 2808 quoddam
2559 2738 2942 2809 apographum
2967 2739 3183 2792 Veneto
3228 2738 3418 2807 operis
3470 2739 3813 2808 redemptori

529 2816 1014 2882 transcribendum
1045 2829 1199 2883 dedit
1225 2849 1238 2896 ;
1287 2830 1382 2884 sed
1413 2831 1595 2886 editor
1624 2831 1869 2885 Venetus
1897 2831 1949 2884 in
1980 2828 2194 2899 prmfat.
2220 2826 2376 2881 brevi
2407 2825 2681 2881 Menkenii
2703 2825 2930 2894 quidem
2965 2825 3356 2880 liberalitatem
3391 2827 3674 2895 praedicat,
3713 2827 3814 2882 sed

526 2913 664 2967 nihil
699 2915 932 2981 addidit,
965 2917 1067 2972 nisi
1101 2934 1276 2988 pauca
1305 2920 1416 2984 illa,
1445 2929 1499 2974 ut
1527 2937 1657 2973 novo
1675 2919 1921 2987 beneficio
1949 2916 2215 2988 praeclara
2244 2917 2360 2987 ejus
2394 2916 2737 2988 (Menkenii)
2775 2918 2827 2969 in
2860 2912 3244 2985 rempublicam
3276 2914 3437 2967 littcr.
3475 2916 3663 2968 merita
3692 2933 3813 2971 ma-

527 3004 605 3072 gis
635 3003 984 3058 elucescerent
1017 3023 1034 3060 :
1063 3007 1202 3061 nihil
1240 3008 1407 3078 igitur
1431 3009 1499 3062 de
1539 3008 1732 3063 codice
1763 3008 1996 3078 ejusque
2022 3005 2360 3076 apographo,
2391 3004 2532 3058 nihil
2563 3004 2634 3059 de
2680 3003 2868 3057 studio
2902 3011 2958 3058 et
3011 3004 3270 3057 versione
3315 3003 3560 3073 Bcrgleri
3587 3020 3600 3066 ς
3667 3004 3810 3058 nihil

527 3087 595 3142 de
621 3089 768 3143 notis
797 3091 1082 3161 subjectis,
1118 3108 1254 3161 quas
1277 3108 1472 3147 omnes
1497 3101 1781 3148 auctorem
1811 3093 2014 3155 habere
2045 3094 2384 3165 Berglerum,
2419 3094 2524 3148 sibi
2555 3110 2621 3148 ex
2651 3093 2772 3163 ejus
2802 3092 3146 3162 autographo
3175 3091 3421 3162 patuisse
3453 3092 3622 3146 tradit
3654 3092 3810 3146 Bur-

528 3191 786 3235 mannus.
809 3178 984 3245 Quam
1015 3182 1338 3247 oscitanter,
1375 3198 1541 3251 quam
1567 3182 1806 3251 turpiter
1838 3182 2017 3253 egerit
2037 3183 2222 3238 editor
2246 3183 2509 3246 Venetus,
2543 3182 2735 3252 plures
2787 3181 2900 3251 jam
2942 3179 3276 3245 docuerunt,
3326 3188 3491 3248 atque
3545 3178 3631 3232 Fr.
3681 3178 3815 3234 Otto

529 3264 780 3320 Menken.
814 3267 869 3320 in
902 3268 1026 3322 Vita
1052 3269 1227 3338 patris
1253 3269 1363 3332 sui,
1396 3270 1619 3339 praeﬁxa
1645 3271 1796 3324 illius
1822 3268 2042 3325 dissert.
2069 3271 2402 3325 academicis
2431 3286 2555 3340 pag.
2593 3270 2684 3322 47.
2744 3269 2797 3322 ἰη
2845 3275 2974 3320 nota
3017 3267 3262 3335 graviter
3309 3275 3647 3334 conquestus
3701 3276 3810 3332 est,

530 3353 802 3409 Venetum
829 3356 1102 3411 editorem
1145 3359 1320 3428 patris
1348 3357 1623 3413 Menkenii
1647 3359 2046 3427 amplissimam
2089 3357 2491 3429 praefationem,
2532 3373 2639 3426 qua
2667 3365 2723 3410 et
2763 3356 2943 3410 Vitam
2988 3355 3210 3409 Genesii
3235 3363 3292 3409 et
3322 3354 3446 3408 cod.
3501 3370 3604 3408 ms.
3640 3355 3812 3409 ratio—

532 3459 659 3497 nem
695 3452 1076 3510 enarraverat,
1103 3447 1271 3516 prazlo
1299 3447 1412 3518 jam
1444 3456 1715 3518 paratam,
1740 3446 1889 3502 haud
1917 3456 2272 3518 exspectare;
2303 3446 2400 3501 sed
2422 3445 2609 3515 potius
2638 3445 2956 3498 inornatum
2989 3449 3158 3511 atque
3199 3441 3400 3496 inutile
3438 3457 3580 3511 opus
3613 3459 3816 3513 prope-

531 3539 722 3584 ranter
747 3532 1072 3586 extrusisse.
1096 3534 1276 3602 Atque
1316 3536 1421 3588 cel.
1466 3534 1663 3588 Saxius
1695 3537 1734 3588 Ι.
1766 3550 1815 3589 c.
1862 3535 2128 3600 Venetus,
2183 3535 2283 3596 ait,
2337 3548 2632 3603 operarum
2679 3529 3002 3600 redemptor
3035 3530 3275 3602 -—hunc
3327 3530 3629 3586 Genesium
3679 3520 3813 3586 reli-

530 3620 659 3687 quis
688 3619 856 3672 XXll.
894 3620 1148 3676 Historia:
1173 3622 1486 3691 Byzantina:
1529 3624 1918 3691 scriptoribus,
1946 3640 1976 3677 a
1999 3641 2057 3679 se
2088 3625 2358 3693 repetitis,
2399 3625 2495 3678 sed
2521 3624 2712 3677 multis
2741 3624 3177 3676 contaminatum
3217 3623 3452 3687 mendis,
3488 3623 3638 3677 velut
3666 3625 3810 3679 rude

529 3715 587 3759 et
624 3705 907 3776 inelegans
949 3708 1326 3774 corollarium,
1365 3710 1582 3764 addidit
1631 3712 1876 3765 Venetiis
1907 3712 2064 3775 1755,
2097 3713 2216 3779 fol.,
2273 3731 2381 3785 qua
2412 3715 2481 3770 de
2507 3730 2567 3768 re
2623 3713 2714 3767 Fr.
2763 3713 2892 3766 Otto
2943 3712 3194 3766 Menkeu.
3244 3728 3355 3764 non
3403 3709 3564 3763 modo
3598 3711 3652 3762 in
3689 3710 3807 3763 Vita

532 3793 710 3864 patris
736 3797 846 3860 sui,
880 3795 975 3850 sed
1001 3796 1169 3850 ctiam
1208 3797 1264 3850 in
1287 3798 1643 3852 adnotatione
1672 3799 1737 3853 ad
1784 3800 2000 3855 litteras
2040 3800 2187 3858 Guil.
2220 3803 2387 3858 Cavei
2419 3803 2474 3856 in
2524 3802 2676 3856 Misc.
2709 3801 2859 3870 Lips.
2884 3799 3042 3853 novis
3075 3799 3183 3853 vol.
3221 3799 3262 3864 l,
3292 3807 3435 3868 part.
3466 3812 3525 3861 ιι,
3559 3813 3680 3867 pag.
3707 3797 3811 3851 548

532 3896 616 3950 sq.
656 3881 840 3946 editis,
881 3884 1078 3938 acerbe
1111 3885 1385 3953 queritur,
1424 3883 1708 3957 Joaeplius,
1735 3887 2012 3958 inquiens,
2041 3889 2311 3958 (lenesius,
2353 3891 2680 3961 Byzantinus
2727 3890 2976 3958 scriptor.
3004 3890 3057 3941 in
3118 3904 3178 3941 εο
3211 3886 3626 3956 ίηῙείίσὶδ-ςίηηιδν
3673 3887 3813 3955 quod

533 3979 647 4039 post
667 3971 878 4027 doctiss.
913 3979 986 4026 tot
1007 3974 1242 4027 virorum
1269 3991 1425 4028 curas
1456 3977 1511 4028 in
1537 3978 1778 4046 impurus
1804 3977 2126 4033 Venetorum
2159 3998 2346 4035 manus
2378 3979 2584 4043 incidit,
2631 3978 2769 4033 unde
2800 3977 3155 4031 miserrimum
3195 3977 3249 4029 in
3285 3975 3499 4028 modum
3536 3975 3811 4043 deforma—

531 4069 613 4113 tus
644 4068 768 4112 ante
798 4078 994 4130 paucos
1017 4079 1186 4116 annos
1226 4064 1372 4116 exiit.
1423 4064 1790 4121 Vitiosissime
1820 4076 2002 4121 autem
2049 4069 2193 4138 typis
2233 4067 2456 4122 Venetis
2479 4066 2794 4134 descriptos
2819 4081 2964 4130 esse,
3006 4063 3238 4117 Andrea:
3270 4061 3495 4132 Buttigii
3525 4102 3540 4127 ,
3572 4061 3812 4132 diligen-

532 4149 734 4205 tissimi
757 4150 888 4204 olim
925 4151 1062 4205 bibl.
1094 4152 1336 4207 Paulin:e
1366 4154 1615 4209 custodis
1648 4185 1715 4194 ——
1745 4157 2081 4225 exemplum,
2118 4155 2267 4225 quod
2303 4169 2472 4224 penes
2500 4169 2609 4219 me,
2642 4152 2709 4207 ad
2743 4151 2954 4208 codicis
2987 4151 3136 4205 illius
3167 4150 3478 4220 Lipsiensis
3511 4149 3675 4205 fidem
3703 4149 3811 4204 de-

530 4253 642 4293 nuo
673 4239 1020 4311 castigatqm,
1048 4239 1352 4296 clarissime
1382 4241 1747 4298 demonstrat.
1790 4243 2068 4300 Hactenus
2107 4243 2328 4300 Saxius.

627 4569 667 4642 f)
699 4568 811 4642 Τῆς
840 4565 899 4642 δὲ
923 4566 1226 4642 τῆςῇβεὸλφυ
1249 4576 1430 4642 exstat
1451 4570 1506 4623 in
1534 4568 1622 4621 ed.
1645 4565 1877 4642 Veneta.
1907 4566 2075 4623 llam.

1865 4608 1877 4622 .
1907 4566 2075 4623 llam.
2374 4567 2598 4642 Ἰωάννῃ
2627 4566 2898 4642 σοι-λάϐε,
2927 4566 3066 4642 φίλῳ
3093 4566 3491 4642 καξμᾷᾳιμόνῳν

623 4635 678 4710 ἐν)
706 4638 832 4710 Φίλε
869 4635 1228 4710 δαῴὀνωνίίιι
1259 4640 1350 4694 ed.
1390 4640 1616 4696 Veneta.
1651 4639 1726 4694 In.

2379 4639 2438 4691 Ὀ
2459 4635 3135 4710 τῶφπροέδρωνίπρῶῒος,
3160 4637 3295 4710 ᾁλλὰ
3319 4638 3414 4710 xui.
3440 4635 3608 4710 06m;

627 4699 680 4778 li)
710 4709 887 4762 Πάλαι
917 4699 1075 4763 abest
1102 4709 1192 4764 ed.
1219 4712 1446 4764 Veneta.
1479 4710 1552 4764 In.

2367 4699 2823 4777 Δηῖοκαισάρειὰς
2847 4699 2956 4776 τῆξ
2989 4699 3332 4777 Ἀναζὰρὸης
3365 4699 3573 4778 (supple
3597 4699 3693 4773 εἷ).

602 4777 669 4851 (ἰ)
697 4779 923 4842 Λοῖσθος
956 4781 1157 4850 legitur
1185 4780 1241 4835 in
1269 4781 1358 4835 ed.
1393 4780 1618 4835 Veneta.
1642 4781 1733 4835 ln.
2366 4778 2744 4851 Residuorum,
2767 4780 2848 4832 uir
2869 4780 3085 4851 optime,
3118 4787 3172 4830 ut
3203 4794 3294 4848 ego
3317 4777 3521 4851 judico,

604 4849 668 4922 (j')
703 4853 767 4907 V.
805 4849 1109 4922 Caveuu’tl.
1139 4866 1188 4904 c.
1237 4862 1295 4906 et
1325 4854 1448 4922 Act.
1481 4851 1642 4906 erud.
1682 4851 1832 4922 Lips.
1869 4867 1918 4906 τι.
1951 4851 2108 4907 1699.
2371 4850 2680 4922 Georgiique
2713 4850 2828 4902 dico
2857 4857 3016 4918 atque
3035 4849 3381 4922 Theophanis,

529 4941 586 4994 p.
613 4914 735 4978 Ῑ60.
760 4922 910 4994 Alter
941 4921 1192 4994 Oudiuus
1214 4921 1474 4994 emendat
1510 4941 1550 4994 :7
1682 4992 1691 4994 4
1749 4914 1766 4922 ’
2368 4914 3143 4994 Qhronographorum,huncce
3173 4914 3391 4994 librum,
3431 4914 3611 4979 Pater,

669 4993 888 5046 Λοιπῶν
913 4993 1054 5062 ἀνὴρ
1097 4991 1340 5062 ἄριστος,
1369 4993 1444 5054 ὡς
1464 4993 1576 5061 ἐγὼ
1600 4992 1790 5063 κρίνω,

2363 4985 2688 5063 ζοᾳηηὶὶὶίξῖ
2717 4991 2891 5060 accipe
2910 4997 2958 5063 et
2989 4990 3158 5042 amico
3173 4985 3431 5063 caelitum,

676 5064 949 5130 Γεωργὶου
967 5055 1034 5115 re
1063 5055 1207 5131 coqui
1240 5055 1335 5117 καὶ
1361 5055 1692 5132 Θεοφᾶνουξ,
1777 5055 1786 5058 ν

2361 5061 2462 5132 Qui
2491 5055 2841 5132 proedrorum
2867 5060 3066 5132 primus
3093 5057 3182 5110 sed
3211 5064 3259 5110 et
3296 5055 3542 5110 sacerdos

675 5128 806 5185 Τῶν
827 5128 1238 5204 χρονογράςρὼν,
1268 5134 1426 5205 τήνδε
1457 5128 1558 5204 ’ἑῆς
1599 5135 1805 5205 βίϐλου,
1835 5135 2035 5204 Πάτερ,
2217 5155 2225 5163 “

1484 5128 1558 5204 ῖῆς
1599 5135 1805 5205 βίϐλου,
1835 5135 2035 5204 Πάτερ,
2217 5155 2225 5163 ε
2358 5128 2703 5186 Dioclcsarea:
2724 5128 3019 5184 Auazarba:
3042 5143 3114 5182 es.
