4128 6434
385 381 489 446 989
1847 386 2015 450 NOTJ

2032 388 2182 452 TIA.
3427 471 3431 475 η
3482 358 3489 364 ’
3556 398 3661 460 993

392 536 647 556 ’,κ
677 539 3617 573 Ή-φ--ο--ι-Μ--η-κα

1087 701 1730 798 PREFATIO
1813 706 1941 797 CA
1961 702 2242 797 κοιλ
2322 705 2957 812 .LACHMANI

1696 881 1810 946 (Ed.
1832 885 1995 936 Bona.
2031 885 2336 950 anni185l).

1967 1040 2040 1069 Ε

449 1155 673 1216 Genesii
703 1155 1150 1216 historiae-codex
1185 1173 1329 1212 unus
1347 1166 1528 1213 exstat
1548 1157 1875 1228 Lipsiensis,
1903 1159 2232 1229 paginarum
2254 1158 2344 1223 Π,
2376 1156 2574 1213 formae
2613 1158 2888 1224 maximae,
2915 1157 3090 1214 editio
3124 1157 3256 1214 item
3289 1176 3395 1216 una
3426 1161 3658 1225 Veneta,

377 1262 432 1302 a.
474 1245 634 1310 1755,
669 1244 760 1300 cui
795 1241 985 1299 addita
1023 1252 1108 1299 est
1135 1244 1217 1300 St‘.
1260 1245 1506 1316 Bergleri
1542 1246 1930 1316 interpretatio
1981 1246 2177 1302 Latina
2201 1255 2259 1301 et
2293 1247 2582 1302 annotatio
2615 1245 2762 1319 (vid.
2795 1247 3018 1303 Fabric.
3073 1247 3334 1313 Harlesii,
3396 1250 3504 1304 vol.
3540 1250 3659 1314 Vll,

379 1353 438 1406 p.
465 1333 624 1404 552).
665 1333 796 1388 Mihi
827 1340 1030 1403 praeter
1067 1333 1448 1403 apographum
1481 1333 1745 1389 editionis
1796 1335 2020 1392 Venetae
2063 1335 2478 1407 imperitissime
2543 1335 2750 1392 factum
2788 1336 3007 1392 traditae
3039 1346 3170 1392 sunt
3199 1335 3261 1394 E.
3293 1338 3569 1392 Wunderi
3592 1339 3656 1394 V.

377 1422 465 1478 Cl.
497 1419 718 1477 schedaa
743 1420 948 1490 quibus
977 1419 1282 1476 editionem
1310 1436 1436 1475 cum
1469 1421 1660 1476 codice
1687 1437 1883 1491 magna
1923 1422 2208 1494 diligentia
2240 1424 2501 1480 contulit.
2538 1424 2652 1479 Hac
2675 1424 2976 1481 collatione
3004 1426 3079 1480 ita
3105 1441 3240 1480 usus
3271 1441 3415 1494 sum,
3452 1436 3514 1481 ut
3534 1427 3660 1481 edi-

380 1508 552 1564 tionis
582 1509 804 1563 Veneta‘.
839 1523 1062 1563 errores
1085 1523 1217 1562 raro
1243 1507 1552 1563 indicarem
1579 1508 2020 1580 (V),plerosque
2059 1511 2240 1586 (erant
2289 1519 2474 1567 autem
2525 1527 2666 1581 pene
2714 1499 3032 1580 innumeri)
3087 1513 3251 1568 tacite
3303 1513 3659 1585 corrigerem.

375 1599 560 1654 Verba
576 1599 866 1668 scriptoris
894 1598 1028 1654 satis
1044 1606 1302 1653 accurate
1327 1597 1595 1664 distinxi,
1624 1600 1926 1654 emendare
1957 1615 2070 1654 non
2101 1600 2238 1654 satis
2267 1600 2464 1670 potui:
2494 1599 2684 1654 curavi
2723 1606 2904 1654 tamen
2930 1607 2991 1654 ut
3014 1601 3421 1656 emendationis
3448 1601 3661 1656 instru-

379 1697 626 1744 mentum
649 1696 901 1758 paratum
935 1695 1104 1743 esset.
1148 1687 1338 1758 Itaque
1360 1686 1570 1743 codicis
1603 1687 1915 1757 Lipsiensis
1937 1688 2275 1756 scrip-turam
2306 1687 2417 1756 (L),
2447 1687 2670 1756 quoties
2701 1686 2770 1740 ab
2800 1702 2864 1741 ea
2904 1687 3279 1742 recedendum
3331 1704 3453 1744 esse
3499 1689 3658 1744 vide-

381 1787 560 1842 retur,
597 1791 665 1831 ex
698 1775 947 1831 editione
981 1775 1191 1830 Veneta
1262 1773 1348 1828 vel
1405 1790 1473 1829 ex
1524 1773 1799 1828 Wunderi
1843 1774 2068 1829 schedis
2107 1775 2370 1829 annotavi
2421 1792 2433 1827 :
2475 1774 2896 1830 eme‘ndationes
2941 1775 3207 1846 Bergleri,
3261 1775 3305 1831 si
3346 1776 3665 1846 probabiles

377 1873 587 1930 essent,
631 1863 857 1918 nomine
881 1864 1002 1935 ejus
1043 1861 1324 1917 interdum
1359 1861 1456 1916 sed
1495 1877 1622 1916 raro
1653 1863 1874 1934 adjecto
1909 1862 2015 1933 (Β),
2059 1863 2148 1918 vel
2190 1863 2376 1932 recepi
2413 1863 2500 1917 vel
2543 1863 2975 1918 commemoravi
3013 1879 3209 1919 :meas
3249 1865 3385 1919 tanti
3433 1882 3544 1920 non
3577 1867 3659 1920 fa-

377 1953 490 2019 cio,
521 1961 640 2006 uta
669 1951 1038 2022 Berglerianis
1083 1950 1524 2019 distinguendas.
1553 1950 1834 2004 duxerim.
1884 1950 2081 2006 Neutri
2123 1958 2376 2005 nostrum
2419 1950 2684 2021 injuriam
2737 1949 2934 2005 fecerit
2973 1952 3069 2020 qui
3120 1953 3304 2006 omnia
3359 1953 3414 2006 in
3459 1954 3662 2023 quibus

390 2043 508 2096 haec
527 2040 704 2095 editio
741 2055 772 2094 a
801 2039 996 2095 codice
1021 2039 1210 2093 dill‘ert
1236 2038 1497 2108 Berglero
1521 2038 1865 2108 ascripserit.
1895 2037 2070 2108 Hujus
2091 2037 2532 2103 emendationes,
2577 2052 2715 2107 quas
2749 2038 2973 2108 quidem
3009 2055 3169 2095 veras
3221 2056 3342 2096 esse
3376 2050 3660 2110 putarem,

378 2127 571 2183 curavi
600 2143 668 2182 ne
701 2128 904 2182 iterum
937 2127 993 2181 in
1015 2127 1136 2197 ejus
1163 2125 1621 2180 annotationibus
1660 2135 2005 2194 ponerentur
2040 2144 2052 2179 :
2085 2128 2475 2182 annotationes
2500 2133 2729 2181 caeteras
2767 2134 2982 2181 tantum
3036 2143 3147 2182 non
3202 2145 3398 2183 omnes
3451 2130 3657 2183 retinui

375 2225 436 2271 et
459 2226 730 2287 quantum
764 2215 885 2269 ﬁeri
918 2215 1102 2285 potuit
1141 2213 1433 2268 emendavi
1465 2230 1480 2266 :
1512 2223 1672 2268 erant
1709 2214 1858 2268 enim
1891 2213 2365 2285 negligentissime
2422 2229 2720 2284 expressaa.
2765 2214 2970 2268 Earum
3019 2231 3148 2284 pars
3197 2217 3301 2270 sub
3360 2226 3512 2272 textu
3575 2217 3659 2271 vel

377 2305 843 2377 interpretatione
879 2303 1074 2357 Latina
1098 2303 1281 2372 posita
1309 2311 1432 2358 erat
1467 2317 1482 2355 :
1524 2301 1624 2357 has
1655 2301 1722 2357 ad
1752 2303 1872 2357 loca
1903 2319 2003 2358 sua
2029 2302 2319 2370 revocavi;
2361 2302 2879 2372 interpretationem
2909 2304 3147 2371 correxi,
3176 2303 3272 2360 sed
3303 2312 3363 2358 ut
3389 2306 3524 2360 satis
3556 2305 3659 2358 ba-

377 2396 570 2450 berem
596 2394 731 2448 vitia
760 2392 1014 2462 graviora
1042 2391 1262 2446 tollere.
2693 2384 2703 2394 '

448 2481 651 2537 Libros
681 2479 906 2536 Genesii
933 2496 1061 2534 cum
1101 2467 1357 2548 plerique
1388 2479 1481 2548 qui
1524 2477 1594 2533 de
1619 2493 1686 2533 eo
1713 2478 1886 2534 locuti
1935 2488 2065 2534 sunt
2111 2479 2361 2550 quinque
2395 2495 2518 2536 esse
2569 2479 2837 2546 dixerint,
2903 2481 3188 2535 sciendum
3231 2489 3315 2536 est
3366 2497 3491 2535 eum
3532 2496 3663 2534 sane

373 2572 622 2642 quinque
651 2568 931 2640 βασιλείας
974 2577 1346 2638 pertractasse
1375 2611 1390 2633 ,
1430 2565 1530 2622 sed
1573 2583 1604 2622 a
1647 2567 1914 2623 Michaele
1959 2567 2029 2622 ad
2064 2568 2331 2624 Basilium
2366 2569 2578 2640 p.113,
2623 2569 2696 2624 ita
2736 2569 3086 2625 transiluisse
3147 2578 3205 2624 ut
3244 2569 3392 2624 illius
3449 2569 3664 2624 obitum

374 2669 434 2715 et
473 2673 890 2728 moresprope
921 2657 1230 2722 omitteret,
1291 2671 1402 2710 non
1447 2656 1642 2710 eadem
1695 2655 1916 2711 ratione
1971 2671 2138 2726 quam
2191 2657 2249 2712 in
2299 2658 2482 2713 tribus
2535 2657 2820 2728 prioribus
2867 2667 2924 2712 et
2976 2657 3030 2712 in
3083 2660 3203 2728 ipso
3253 2658 3458 2713 Basilio
3509 2673 3668 2714 secu-

380 2765 469 2804 tus
503 2756 609 2804 est.
1269 2805 1284 2816 _
2851 2804 2865 2812 _

445 2837 722 2893 Caeterum
763 2834 987 2890 Genesii
1038 2848 1242 2889 nomen
1271 2831 1455 2891 codici
1493 2829 1769 2902 Lipsiensi
1803 2832 2093 2902 praeﬁxum
2139 2844 2268 2885 esse
2323 2828 2567 2883 traditur
2625 2846 2638 2882 :
2695 2829 2972 2900 Joseplins
3020 2829 3294 2884 Gcnesius
3353 2838 3541 2884 utrum
3594 2830 3664 2884 ab

377 2927 596 2982 Joanne
638 2923 876 2996 Scylitza
907 2924 1092 2978 dictus
1142 2922 1333 2986 fuerit.
1395 2921 1704 2977 dubitatur.
1757 2920 1865 2976 Sed
1922 2919 1977 2974 in
2040 2920 2148 2974 ﬁne
2207 2915 2419 2972 codicis
2457 2917 2764 2986 Lipsiensis
2802 2917 2920 2971 lucc
2981 2917 3187 2986 scripta
3235 2924 3478 2982 exstant,
3543 2933 3666 2986 qua:

373 3031 445 3069 ex
495 3014 743 3070 editione
778 3013 986 3070 Veneta
1041 3011 1134 3082 (p.
1168 3013 1271 3081 62)
1320 3011 1580 3075 exhibeo,
1614 3010 1723 3064 nisi
1775 3009 1924 3080 quod
1956 3009 2035 3064 ibi
2061 3009 2267 3063 legitur
2297 3007 2544 3071 Λοῖστος,
2580 3005 2701 3072 sed,
2750 3015 2812 3062 ut
2863 3004 3184 3061 Wunderus
3243 3013 3502 3072 testatur,
3552 3021 3665 3062 non

377 3111 552 3160 recte.

1807 3241 1881 3295 Ab
1911 3239 2021 3294 alia
2056 3256 2239 3293 manu.

1374 3351 1601 3416 Λοῖσοος
1628 3351 1770 3423 ἀνὴρ
1797 3353 2023 3422 ἄριστος
2055 3349 2502 3423 ὼςᾼὲγὼμκρίνω,

1375 3423 1649 3492 Γεωργίου
1677 3421 1760 3484 “re,
1796 3421 1964 3491 φημὶ,
2007 3423 2103 3474 καὶ
2132 3421 2463 3492 Θεοφάνους,

1385 3491 1507 3544 Τῶν
1534 3495 1944 3562 χρονογράφων.
1976 3493 2152 3562 Τῆσδε
2196 3495 2296 3560 τῆς
2327 3491 2509 3559 βίϐλου
2536 3491 2720 3561 Πάτερ

1388 3565 1643 3635 Ἰωάννης
1672 3582 1753 3617 σοι
1786 3563 2009 3632 ταύτης,
2041 3563 2161 3632 φίλε
2196 3563 2491 3635 δμμόνων,

1382 3635 1440 3684 Ὀ
1471 3635 1581 3687 τῶν
1600 3632 1897 3706 ’προέδρων
1924 3636 2164 3706 πρῶτᾳς.
2201 3632 2340 3706 eam
2366 3637 2462 3686 καὶ
2495 3632 2664 3703 θύτης

1383 3703 1792 3775 Διοκαισαρείας
1821 3707 1917 3774 τῆς
1957 3703 2324 3774 Ἀναζάρ6η;.

1607 3838 1970 3893 ΟΛΥΜΠΙΟΣ
2019 3843 2063 3890 0
2123 3839 2408 3892 ΟΛΥΜΟΣ

1375 3953 1536 4022 Λιμῷ
1554 3953 1794 4023 τακήσῃ,
1828 3950 2032 4021 βρῶσις
2058 3951 2263 4022 ὀρνέων
2287 3951 2369 4023 sor

1375 3967 1536 4022 Λιμῳ
1554 3967 1794 4023 τακησῃ,
1828 3967 2032 4038 Ρρωσές
2058 3967 2263 4022 ορνεων
2287 3967 2396 4075 εσὲ

1365 4025 1462 4086 Ὃς
1489 4023 1752 4092 ἐξέκυψας
1774 4026 1831 4075 ὲν
1859 4025 2000 4091 ἀρχῃ
2036 4024 2135 4084 τὰς
2171 4023 2358 4090 μεμὸρ
2396 4039 2494 4092 νας

1361 4096 1468 4147 Καὶ
1503 4091 1693 4162 κέρδος
1722 4093 1881 4162 ἔσχες
1907 4092 2113 4161 πλῆρες
2148 4091 2566 4162 κακοϐουλίαςκ

1353 4163 1462 4217 Τοῦ
1487 4159 1748 4232 γρὰφέως
1773 4159 1872 4233 τὴν
1909 4159 2099 4232 κλῆσιν
2118 4159 2474 4230 ἐξαφανίσας.

1150 4311 1221 4368 Ab
1255 4307 1366 4364 alia
1392 4322 1580 4370 manu,
1608 4305 1805 4375 partim
1831 4314 1973 4367 ante,
2008 4310 2207 4374 parum
2234 4313 2349 4374 post
2376 4305 2621 4359 ultimam
2651 4305 2872 4360 lineam.

1378 4419 2516 4565 etsgoiﬁgoﬁ’gggy
2550 4490 2842 4562 (scriptum
2870 4491 3056 4562 συμε).

451 4623 601 4680 Ideni
649 4620 966 4677 Wundcrus
1007 4619 1144 4675 alios
1201 4617 1369 4672 etiam
1419 4631 1618 4671 versus
1667 4613 1888 4670 additos
1933 4628 2054 4668 esse
2116 4611 2320 4677 refert,
2376 4612 2473 4667 sed
2527 4612 2600 4666 ita
2653 4611 2892 4682 scriptos
2937 4619 2998 4666 ut
3059 4612 3276 4685 singula
3325 4612 3491 4668 verba
3545 4611 3651 4686 legi

378 4727 496 4770 non
529 4709 761 4783 possint.
