4128 6448
521 530 598 540 -οοισ
610 528 1728 541 mm

499 394 590 459 99'
1636 425 1644 434 -
1763 392 2082 453 JOSEPHI
2139 391 2433 453 GENESI.
3682 381 3790 445 9‘32

1272 698 2094 904 JOSEPHI
2203 694 2988 859 GENESII

1960 979 2314 1040 HISTORIA

951 1168 1101 1258 DE
1221 1166 1603 1260 REBUS
1736 1119 3306 1260 CONSTANTINOPOLITAN/IS.

1623 1613 2447 1737 ΒΑΣΙΛΕΙΩΝ
2522 1605 2651 1732 A’
2679 1605 2744 1732 ⁸.

1363 1837 1571 1891 ΠΕΡΙ
1642 1837 1808 1890 ΤΟΥ
1893 1835 1992 1889 ΕΞ
2070 1837 2439 1892 ΑΜΑΛΠΚ
2509 1837 2942 1894 ΛΕΟΝΤΟΣ.

1653 2041 2060 2131 REGUM
2147 2043 2510 2130 LIBER
2618 2041 2652 2128 Ι

1742 2233 1838 2287 DE
1879 2231 2109 2288 LEONE
2133 2231 2558 2288 AMALEKITA.

511 2417 648 2491 1-3
682 2417 1005 2487 Historiam,
1027 2417 1188 2490 jussu
1216 2433 1405 2488 quam,
1441 2417 1626 2472 Caesar
1649 2434 1872 2490 magne,
1897 2425 2090 2489 tuopte
2125 2426 2143 2483 Δ

2268 2417 2382 2487 Τὴν
2408 2414 2468 2479 ἐξ
2497 2413 2742 2484 ἱστορίας
2774 2412 3004 2477 τελέσας
3033 2412 3226 2484 βίϐλον
3254 2415 3331 2479 ὡς
3357 2414 3676 2483 ἐκέλευσας,

795 2511 1008 2567 Perfeci
1039 2512 1192 2566 curis
1227 2518 1392 2580 atque
1419 2511 1608 2564 labore
1636 2511 1813 2581 gravi,

510 2603 666 2659 llanc
699 2603 797 2658 tibi
823 2603 968 2658 dona
1018 2603 1158 2669 fero,
1195 2612 1388 2658 notum
1425 2603 1497 2658 sit
1543 2612 1604 2659 ut
1654 2603 1936 2672 omnibus,
1997 2604 2105 2660 ista-

757 2696 904 2752 Nutu
943 2696 1149 2766 scripta
1187 2704 1303 2762 tuo,
1337 2705 1392 2751 te
1421 2697 1682 2766 cupiente
1716 2697 1849 2768 legi.

581 2787 788 2844 Rerum
818 2791 951 2845 olim
985 2798 1267 2862 gestarum
1293 2791 1561 2845 memoria
1585 2791 1877 2848 maximam
1906 2808 2100 2848 revera

511 2883 809 2938 utilitatem
838 2882 1081 2938 all'erens
1108 2882 1176 2937 ad
1209 2882 1572 2938 scribendum
1596 2884 1801 2939 excitat
1850 2885 1978 2940 illos
2005 2885 2100 2955 qui

508 2987 575 3027 ea
602 2971 904 3042 attingunt.
939 2970 1120 3039 Quare
1154 2980 1210 3027 et
1253 2987 1356 3042 ego
1390 2988 1540 3027 nunc
1585 2973 1868 3028 scribendi
1905 2973 1959 3028 in
2012 2990 2102 3030 me

510 3064 697 3119 studio
728 3065 796 3119 de
839 3065 928 3121 his
956 3065 1333 3121 diversimode
1359 3075 1637 3136 suscepto,
1667 3059 1892 3122 cum'ex
1923 3069 2105 3123 homi-

511 3156 678 3211 nibus
702 3155 794 3225 qui
833 3164 966 3210 tunc
999 3157 1259 3212 vixerunt
1302 3158 1712 3228 quodammodo
1742 3161 1951 3230 gnaris,
1987 3169 2100 3215 tum

512 3265 579 3304 ex
601 3256 833 3318 vagante
857 3247 1000 3303 fama
1018 3248 1275 3314 edoctus,
1300 3249 1367 3303 ad
1394 3249 1498 3305 hoc
1516 3258 1795 3306 certamen
1816 3251 2100 3319 descendi,

513 3341 716 3411 partim
750 3340 794 3396 si
830 3355 1050 3412 possem
1085 3341 1153 3395 ιιι]
1191 3341 1405 3412 aliquid
1461 3343 1617 3398 utilis
1650 3359 1680 3398 a
1711 3343 1953 3414 posteris
2006 3360 2104 3400 co-

513 3435 728 3506 gnosci,
759 3435 960 3504 partim
983 3445 1045 3491 ut
1071 3435 1209 3490 mihi
1243 3435 1348 3506 ipsi
1372 3436 1522 3492 hunc
1550 3437 1794 3492 fructum
1820 3453 2105 3508 caperem,

515 3535 709 3596 utpote
737 3527 856 3582 [nec
878 3527 1044 3583 etiam
1069 3527 1124 3599 4
1153 3527 1543 3584 administrare
1571 3529 1763 3600 jussus
1787 3546 1816 3584 a
1840 3529 2106 3587 Constan~

521 3621 640 3675 tino
683 3620 1046 3690 imperatore,
1099 3635 1224 3675 cum
1269 3621 1451 3676 omnis
1503 3622 1793 3692 elegantia:
1855 3624 2106 3681 studioso

517 3720 717 3767 natura
761 3721 818 3768 et
870 3713 1148 3779 instituto,
1205 3723 1322 3768 tum
1379 3714 1781 3784 imperatorum
1830 3725 2108 3788 quotquot

2343 2509 2713 2579 Αὐτοκράτορ,
2748 2507 3003 2578 μελέταις
3034 2509 3129 2563 καὶ
3160 2511 3432 2582 καμάτοις
3497 2512 3789 2582 μεγάλοις,

2289 2605 2378 2659 Ἐν
2407 2602 2490 2657 σοὶ
2526 2600 2700 2674 δῶρον
2727 2600 2922 2671 ἔθηκα,
2950 2601 3100 2666 ὅπως
3134 2604 3481 2676 ἐγνωσμένον
3510 2606 3596 2677 εῐη

2358 2696 2453 2748 Ἐκ
2479 2693 2894 2765 φιλοδεσποτίας
2916 2695 2938 2725 ²
2969 2693 3228 2748 συντεθὲν
3261 2695 3325 2749 ἐκ
3351 2713 3410 2748 τε
3444 2695 3633 2753 πόθου.

2291 2787 2356 2842 Ἢ
2386 2785 2493 2842 τῶν
2526 2785 2698 2839 πάλαι
2741 2782 3139 2856 πεπονημένων
3182 2784 3477 2854 διὰληψις³
3532 2787 3806 2858 μεγίστην

2205 2881 2379 2945 ὅντως
2432 2878 2702 2950 ὠφέλειαν
2750 2875 3079 2950 παριστῶσα
3131 2878 3259 2940 τοὺς
3313 2878 3809 2949 ὲπειλημμένουςδ

2205 2974 2388 3042 αὐτῆς
2420 2971 2560 3044 πρὸς
2581 2969 2804 3044 γραφὴν
2845 2969 3029 3023 αὐτῶν
3062 2968 3422 3038 διανίστησιν.
3459 2970 3623 3024 Ὅθεν
3645 2970 3803 3041 κάγὼ

2205 3065 2302 3122 νῦν
2335 3064 2435 3137 τὴν
2470 3081 2537 3117 πε
2547 3063 2603 3135 pi.
2629 3062 2834 3116 τούτων
2860 3062 3145 3136 γραφικὴν
3175 3063 3415 3132 σπουδὴν
3440 3065 3804 3136 πολυτρόπως

2206 3159 2575 3230 ἀνῃρημένος,
2601 3156 2666 3210 ἐκ
2698 3173 2756 3210 τε
2783 3156 2893 3210 τῶν
2913 3155 3032 3209 τότε
3058 3154 3408 3226 βεϐιωκότων
3429 3158 3521 3210 καὶ
3537 3159 3806 3229 ἀμωσγὲ-

2208 3269 2326 3315 πως
2346 3253 2367 3282 ⁵
2397 3247 2624 3304 ἐἰδότων
2657 3248 2721 3301 ἔκ
2745 3265 2804 3300 τε
2849 3249 3044 3318 φήμης
3074 3246 3239 3318 δῆθεν
3267 3246 3588 3320 δραμούσης
3626 3251 3804 3320 ὴκου..

2207 3337 2484 3408 τισμένος,
2510 3338 2590 3400 είς
2617 3336 2769 3390 τόνδε
2799 3335 2890 3390 τὸν
2918 3335 3108 3404 ἀγῶνα
3134 3337 3521 3409 παρώρμημαι
3543 3339 3585 3404 ⁸,
3611 3339 3671 3392 τὸ
3701 3341 3820 3411 μὲν

2211 3431 2265 3484 sl’
2296 3447 2414 3493 πως
2440 3429 2580 3501 πρός
2603 3447 2656 3483 τι
2686 3428 2970 3502 λυσιτελὴς
2992 3430 3014 3463 ⁷
3033 3433 3146 3494 τοῖς
3173 3431 3469 3502 μετέπειτα
3495 3432 3804 3504 διοφθείην,

2209 3525 2271 3576 τὺ
2311 3521 2368 3575 δὲ
2431 3523 2526 3576 καὶ
2571 3521 2796 3593 ἐμαυτῷ
2827 3521 3031 3576 ⁸τοῦτο
3075 3521 3447 3595 καρπώσοιμι,
3484 3525 3581 3579 ᾰτε
3626 3523 3813 3581 ταῦτὰ

2212 3629 2278 3681 γε
2301 3615 2395 3666 καὶ
2422 3613 2700 3684 διαιτῆσαι
2728 3614 3206 3686 προστεταγμένος
3229 3616 3365 3687 πρὸς
3383 3617 3804 3671 Κωνσταντίνου

2213 3703 2308 3757 τοῦ
2360 3703 2794 3774 αὐτοκράτοροςγ
2837 3704 3016 3768 ἄλλως
3059 3722 3121 3758 τε
3171 3705 3462 3775 φιλοκάλου
3495 3707 3594 3778 τὴν
3639 3707 3814 3778 φύσιν»

519 3820 763 3874 unquam
801 3804 958 3860 fuere
990 3805 1334 3873 doctissimo,
1400 3806 1513 3862 ﬁlio
1555 3807 1758 3864 Leonis
1813 3809 1964 3865 illius
2017 3788 2143 3865 sa-1

2211 3793 2309 3850 καὶ
2353 3795 2452 3866 τὴν
2483 3795 2829 3868 προαίρεσιν,
2873 3796 2970 3851 καὶ
3011 3797 3122 3850 τῶν
3152 3797 3373 3852 πώποτε
3410 3798 3678 3869 βασιλέων
3709 3799 3800 3853 λο-

519 3895 854 3966 pientissimi
885 3910 1107 3966 semper
1157 3897 1502 3953 memorandi
1534 3898 1906 3969 imperatoris,
1951 3909 2012 3955 ut
2042 3917 2110 3956 ea

518 4004 642 4058 quae
673 3987 921 4043 nondum
972 3997 1162 4044 essent
1218 3990 1418 4044 tradita
1468 3990 1613 4046 libro
1663 3992 1930 4049 historico
1982 3994 2110 4050 inde

516 4078 590 4134 ab
648 4079 983 4135 insanientis
1041 4079 1099 4134 in
1151 4079 1437 4150 impietate
1485 4080 1688 4138 Leonis
1741 4083 1998 4154 imperio,
2047 4085 2114 4140 il-

518 4173 625 4229 lius
648 4172 991 4240 Amalekitaa,
1024 4181 1081 4228 et
1114 4172 1379 4244 deinceps
1405 4175 1838 4244 perscriberem.

587 4353 747 4406 Anno
793 4350 1050 4406 secundo
1110 4349 1329 4421 imperii
1391 4351 1674 4406 Michaelis
1712 4354 1901 4424 generi
1939 4353 2105 4410 Nice-

517 4445 703 4515 pliori,
739 4460 769 4498 a
822 4445 1031 4499 mundo
1065 4445 1524 4499 autem‘condito
1584 4445 1764 4501 sexies
1816 4447 2112 4504 millesimo

517 4538 911 4593 trecentesimo
931 4539 1199 4594 vicesimo
1226 4537 1492 4603 secundo,
1519 4539 1821 4594 indictione
1853 4541 2111 4610 septima,

521 4638 655 4699 post
703 4629 911 4685 illatam
943 4630 1157 4686 cladem
1212 4631 1479 4685 Romanis
1507 4647 1537 4684 a
1573 4629 1820 4690 Crumno
1854 4647 2112 4702 supremo

517 4720 661 4776 duce
699 4721 1084 4791 Bulgarorum.
1119 4722 1304 4777 Leone
1350 4732 1482 4777 tunc
1505 4721 1766 4792 praefecto
1811 4721 2110 4778 Orientali-

520 4814 644 4880 bus,
679 4814 772 4884 qui
806 4816 861 4869 in
893 4817 1151 4870 conﬂictu
1194 4817 1322 4871 belli
1353 4832 1463 4870 non
1493 4815 1768 4880 adfuerat,
1801 4815 1898 4870 sed
1939 4831 2110 4885 pravo

517 4905 755 4960 consilio
808 4915 1122 4960 recesserat
1159 4921 1284 4959 cum
1314 4921 1413 4960 sua
1462 4904 1700 4974 legione,
1759 4905 2110 4961 occasionem

517 4999 822 5054 observans
850 4999 1152 5055 invadendi
1181 4999 1420 5069 imperii,
1449 4998 1637 5070 fugere
1682 4998 1988 5070 imperator
2012 4999 2112 5054 Mi-

518 5091 676 5146 chael
709 5091 838 5146 inde
875 5092 1230 5162 compellitur
1255 5106 1384 5146 eum
1416 5091 1632 5162 reliquo
1663 5091 1848 5148 adhuc
1873 5091 1980 5147 sibi
2009 5107 2110 5162 po-

517 5181 674 5250 pulo.

2211 3891 2505 3960 γιωτάτου,
2565 3891 2685 3944 υἱοῦ
2715 3890 2946 3956 Λέοντος
2994 3891 3090 3945 τοῦ
3131 3892 3412 3961 πανσόφου
3467 3893 3809 3964 ἀειμνήστου-

2213 3985 2468 4049 ἄνακτος,
2495 3984 2571 4048 ὡς
2595 3983 2661 4038 ἂν
2686 3983 2756 4038 τὰ
2798 3985 2873 4055 μὴ
2908 3984 3323 4057 παραδεδομένα
3354 3985 3522 4057 βίϐλῳ
3557 3988 3621 4058 τῇ
3660 3987 3807 4040 icto-

2216 4077 2387 4150 ρούσῃ
2417 4076 2526 4130 ἀπὸ
2552 4076 2655 4147 τῆς
2679 4077 2820 4130 κατὰ
2849 4077 3176 4132 δυσσέϐειαν
3200 4077 3606 4149 φρενοϐλασοῦς
3624 4078 3796 4131 Λέον-

2209 4184 2303 4231 τος
2335 4166 2614 4238 βασιλείας
2647 4167 2744 4221 τοῦ
2773 4167 2836 4233 ἐξ
2877 4169 3125 4241 Ἀμαλὴκ
3154 4172 3248 4224 καί
3287 4170 3525 4242 καθεξῆς
3553 4172 3802 4242 ἀναγρά-

2212 4260 2462 4334 ψωμαιθ.

2296 4352 2385 4406 Ἐν
2417 4353 2528 4406 ἔτει
2558 4352 2604 4424 β’
2641 4352 2919 4425 βασιλείας
2948 4353 3171 4427 Μιχαὴλ
3200 4354 3454 4426 γαμὸροῦ
3480 4354 3806 4428 Νικηφόρου

2211 4445 2306 4499 τοῦ
2363 4446 2650 4517 βασιλέως,
2703 4447 2979 4518 κοσμικῆς
3035 4447 3092 4500 δὲ
3147 4447 3380 4510 κτίσεως
3417 4447 3617 4517 ,ςτκβ’,
3679 4445 3810 4499 ίνδι-

2212 4541 2401 4592 κτιῶνι
2453 4537 2524 4605 ζ’,
2564 4539 2658 4592 ἐπὶ
2698 4539 3052 4610 συμϐάσηςίθ
3098 4540 3272 4610 ἥττης
3319 4537 3614 4605 Ῥωμαίοις
3653 4538 3810 4607 παρὰ

2213 4631 2522 4703 Κρούμμου
2553 4633 2649 4686 τοῦ
2679 4633 2926 4705 ἀρχηγοῦ
2945 4633 3273 4702 Βουλγάρων
3309 4631 3411 4704 (l),
3435 4631 3662 4695 Λέοντός
3679 4647 3742 4698 γε
3763 4630 3808 4661 ¹·¹

2211 4726 2521 4795 τηνικαῦτα
2562 4727 3002 4799 στρατηγοῦντος
3032 4727 3143 4780 τῶν
3185 4725 3577 4790 Ἀνατολικῶν,
3622 4725 3696 4794 μὴ
3737 4726 3808 4795 τῇ

2215 4821 2501 4892 συμπλοκῇ
2521 4821 2615 4875 τοῦ
2644 4823 2883 4893 πολέμου
2903 4839 2970 4875 πε
2982 4823 3294 4893 ριτυχόντος
3322 4819 3427 4894 (2),
3456 4819 3594 4873 ἀλλὰ
3617 4835 3810 4872 σκαιο-

2214 4909 2420 4974 6ούλως
2459 4911 2920 4983 ὑποχωρήσαντος
2955 4914 3053 4966 σὺν
3088 4913 3166 4981 τῷ
3215 4911 3307 4966 ὑπ’
3337 4913 3498 4966 αὐτὸν
3533 4910 3804 4980 τάγματι,

2211 5003 2806 5073 καιροφυλακοῦντοςη
2880 5003 2980 5074 τὴν
3029 5005 3131 5074 τῆς
3183 5004 3466 5074 βασιλείας
3530 5002 3805 5066 ἐπίθεσιν,

2215 5095 2393 5163 φυγὰς
2423 5096 2451 5148 ὁ
2479 5095 2734 5166 βασιλεὺς
2787 5097 3012 5168 Μιχαὴλ
3045 5096 3296 5153 ἐντεῦθεν
3341 5095 3670 5159 καθίσταται
3712 5096 3812 5148 σὺν

2218 5185 2298 5252 τῷ
2328 5185 2739 5257 περιλειφθέντι
2769 5187 2922 5258 αὐτῷ
2945 5186 3082 5258 λαῷ.
3816 5185 3827 5247 ἑ

1831 5293 2070 5352 VARUE
2111 5297 2412 5354 LECTIUN
2421 5300 2525 5355 ES.

594 5392 609 5423 ¹
643 5389 824 5470 ΙῖιδσιηΖ
854 5389 1157 5470 Βασιλειῶν
1189 5401 1378 5470 a'_om.
1516 5396 1536 5425 ⁸
1567 5391 2014 5470 φιλρδεσςποτείας
2051 5395 2113 5452 L.
2155 5468 2163 5470 _
2191 5397 2528 5470 {arpoolpuov
2558 5413 2744 5470 margo
2775 5398 2838 5470 L.
2897 5398 2918 5429 ⁸
2940 5399 3368 5470 ἐπιλειμμένους
3394 5397 3456 5452 L..
3517 5399 3538 5430 ⁸
3561 5395 3808 5470 ἀμοσγέο

520 5477 639 5535 πως
671 5461 732 5515 L.
806 5462 1220 5535 “arapoppqpat
1249 5463 1311 5518 L.

521 5533 564 5562 "
596 5532 1134 5604 καιροφυλακοῦντος
1159 5535 1221 5600 L,
1254 5533 1825 5607 καιροφυλακτοῦντος
1858 5532 1926 5588 ν.

1414 5467 1433 5495 "
1475 5463 1752 5542 λυσιτελὲς
1783 5463 1943 5542 L._"
1972 5468 2181 5536 ὲμαυτὸ
2211 5463 2296 5522 [μ’
2345 5471 2368 5502 ⁸
2402 5463 2791 5541 ἆναγράψόμαι
2821 5469 2882 5526 L.
2953 5471 3004 5501 ¹⁰’
3025 5463 3412 5542 ἐπισυμὸάσης
3443 5470 3505 5524 L.

3584 5465 3806 5522 ιιτει..

1683 5647 1926 5704 STEPll.
1958 5647 2304 5705 BERGLERI
2345 5646 2580 5702 ΝΟΤΑι.

597 5737 676 5874 μζ
705 5738 781 5792 Dc
807 5738 914 5794 hoc
952 5738 1098 5793 bello
1130 5739 1325 5796 Noster
1357 5741 1495 5795 infra
1533 5757 1582 5809 ιι.
1630 5742 1711 5797 l2.

619 5805 656 5858 2
702 5806 985 5866 Cedrenus
1013 5812 1203 5874 etiam,
1238 5829 1292 5874 [ι.
1332 5814 1437 5869 485
1461 5813 1593 5868 edit.
1635 5815 1705 5869 Pa

619 5805 676 5874 2)
702 5806 985 5866 Cedrenus
1013 5812 1203 5877 etiam,
1238 5829 1292 5882 p.
1332 5814 1437 5869 185
1461 5805 1593 5868 edit.
1635 5815 1804 5870 Paris.
1845 5823 1896 5870 et
1924 5813 2100 5902 Ziona-

2220 5758 2328 5816 ras,
2366 5759 2418 5812 p.
2453 5741 2553 5795 1‘27
2584 5740 2718 5816 edit.
2757 5741 2931 5798 Paris.
2992 5744 3151 5816 culpa
3185 5743 3389 5801 Leonis
3428 5746 3603 5802 victos
3635 5746 3816 5803 fuisse

2217 5813 2496 5868 Romanos
2527 5812 2776 5868 tradunt.
