4128 6414
359 298 467 363 993

353 504 414 556 ἓν
451 520 503 556 τι
549 504 716 572 μέρος
751 502 1079 573 προσϐαλὼν
1130 502 1460 573 Βουλγάροις
1490 506 1751 571 γενναίως
1809 524 1944 560 κατ-

353 594 676 665 ηγωνίζετο,
731 595 807 658 ὡς
872 595 1084 647 ἐνθένδε
1139 595 1408 667 μεγίστην
1464 598 1799 651 ἁποίσασθαι
1855 598 1944 651 εῦ-

352 691 543 741 κλειαν
564 707 577 721 υ
627 691 654 742 6
696 690 752 742 δὲ
802 689 1055 758 βασιλεὺς
1081 690 1180 758 τὴν
1209 690 1348 761 πρὸς
1376 691 1724 763 ὑποστροφὴν
1760 692 1946 763 τρίϐον

351 783 658 852 ἐστήριξεν,
691 781 800 834 τῶν
830 782 1091 852 ὑπηκόων
1116 783 1347 837 πλεῖστα
1377 784 1837 854 καταιτιώμενος,
1861 785 1939 849 ὡς

351 870 428 940 μὴ
474 872 917 941 πεφροντικότων
968 872 1079 924 τῶν
1141 874 1436 943 ἐγγράφων
1503 876 1684 944 ὅρκων
1738 877 1941 944 αὐτῶν,

348 963 486 1015 ἀλλὰ
518 964 985 1034 προσχωρούντων
1008 967 1087 1028 είς
1110 966 1444 1029 διαστάσεις,
1474 968 1531 1033 ἐξ
1560 961 1747 1037 ὧνπερ
1776 964 1942 1039 ἧτται

351 1056 766 1127 συμϐαίνουσιν,
804 1057 1117 1127 προστάξας
1169 1057 1245 1129 τῷ
1301 1060 1493 1112 Λέοντι
1548 1059 1685 1129 μετὰ
1719 1060 1813 1113 τοῦ
1847 1062 1940 1113 ὑπ’

348 1150 515 1204 αὑτὸν
547 1149 959 1221 στρατεύματος
995 1151 1101 1216 ἔξω
1130 1151 1515 1222 προσεδρεύειν
1572 1154 1673 1221 τῆς
1725 1153 1937 1217 πόλεως

343 1242 432 1295 διὰ
458 1241 556 1311 τὴν
591 1242 824 1312 μερικὴν
858 1242 1023 1295 αὐτοῦ
1054 1243 1191 1314 πρὸς
1219 1243 1561 1314 Βουλγάρους
1586 1246 1933 1315 καθυπερτέο

353 1351 538 1404 ρησιν,
574 1335 654 1398 είς
678 1335 739 1386 τὸ
775 1334 848 1405 μὴ
875 1334 1101 1397 τούτους
1125 1335 1471 1407 ὀλιγανδρίας
1504 1338 1599 1390 καὶ
1641 1338 1937 1406 φυγαδείας

357 1429 681 1499 Ῥωμαῖκῆς
704 1429 960 1483 τοσοῦτον
992 1430 1181 1483 λοιπὸν
1212 1430 1524 1500 ὑφορᾶσθαι
1545 1432 1609 1485 ¹³.
1660 1434 1780 1503 Ἀφ’
1806 1426 1883 1485 ὧν
1909 1434 1937 1486 6

346 1520 739 1590 στρατιωτικὸς
776 1521 1036 1590 σύλλογος
1087 1523 1458 1594 κατελοιδόρει
1516 1524 1613 1578 τοῦ
1673 1524 1939 1595 βασιλέως

345 1613 627 1681 ἀφέλειαν,
661 1614 757 1665 καὶ
795 1613 1021 1667 ἔκλυτον
1050 1614 1242 1668 τοῦτον
1273 1616 1665 1686 ἐπεψηφίζετο,
1704 1616 1798 1668 καὶ
1845 1616 1936 1668 τὸν

348 1704 657 1777 στρατηγὸν
681 1704 886 1759 Λέοντα
913 1704 1219 1776 συμφώνως
1247 1709 1326 1771 είς
1349 1706 1629 1776 βασιλείαν
1666 1709 1933 1780 προέκρι-

1708 301 1982 361 REGUM
2026 305 2169 365 LIB.
2206 306 2252 367 Ῐ.

440 413 530 475 Ὠς
559 411 615 464 δέ
658 428 803 475 τινες
835 410 1045 483 ἔφησαν
1079 411 1182 482 (5),
1224 411 1302 464 ὅτι
1351 411 1511 483 μύνος
1552 416 1578 465 6
1620 414 1774 467 Λέων
1819 417 1943 469 καθ’
1974 428 2018 479 Α

3528 309 3641 380 θοι

2123 420 2189 473 Ut
2225 434 2354 471 vero
2391 422 2643 475 nonnulli
2674 422 2827 477 aiunt
2862 442 2875 477 :
2909 424 3071 481 Solus
3098 425 3211 481 Leo
3260 443 3368 482 una
3398 430 3637 498 quadam

2052 519 2209 581 parte
2237 527 2526 582 aggressus
2550 514 2817 585 Bulgaros
2840 524 3064 572 strenue
3106 517 3546 591 depugnaverat,
3575 534 3638 578 ut

2051 602 2180 657 hinc
2206 604 2499 657 maximam
2536 615 2845 675 reportaret
2891 609 3120 678 gloriam
3162 629 3176 663 :
3206 611 3509 681 imperator
3536 630 3636 668 au-

2051 702 2158 747 tem
2180 694 2250 747 ad
2302 696 2693 750 revertendum
2746 697 2851 751 iter
2906 699 3187 769 ingressus
3247 710 3351 765 est,
3387 702 3640 757 subditos

2047 784 2349 853 plurimum
2375 786 2630 856 culparis,
2662 789 2821 858 quasi
2876 806 2986 844 non
3035 802 3323 847 curassent
3366 794 3636 865 scriptum

2040 877 2453 948 jusjurandum,
2487 880 2580 933 sed
2605 881 2827 936 abirent
2849 883 2902 937 in
2933 883 3159 939 dissidia
3189 902 3256 939 ex
3284 888 3485 957 quibus
3513 890 3632 943 cla—

2045 969 2143 1023 des
2165 971 2459 1036 exsistunt,
2488 973 2644 1041 jusso
2672 972 2861 1029 Leone
2922 990 3048 1029 cum
3085 992 3186 1031 suo
3204 979 3449 1033 exercitu
3478 990 3632 1035 extra

2046 1062 2244 1117 urbem
2291 1064 2590 1132 excubare,
2633 1067 2762 1135 quia
2796 1066 2915 1137 ipse
2945 1084 3043 1137 pro
3072 1079 3229 1141 parte
3257 1086 3355 1125 sua
3382 1072 3634 1143 Bulgaris

2045 1156 2303 1224 superior
2336 1157 2386 1227 5
2415 1158 2630 1222 fuisset,
2667 1174 2736 1213 ne
2764 1158 2853 1214 isti
2892 1160 3005 1231 jam
3048 1162 3116 1217 de
3142 1163 3409 1219 Romanis
3442 1165 3636 1235 pauci-

2044 1248 2176 1301 tatis
2202 1256 2259 1301 et
2288 1248 2601 1319 fugacitatis
2625 1250 2943 1321 opinionem
2977 1254 3205 1309 nimiam
3248 1258 3631 1327 conciperent.

2043 1337 2201 1393 Unde
2232 1337 2437 1392 factum
2476 1348 2535 1393 ut
2560 1340 2815 1397 militaris
2865 1344 3167 1399 multitudo
3202 1356 3493 1402 accusaret
3525 1349 3630 1402 im-

2041 1431 2317 1498 peratoris
2352 1431 2790 1501 simplicitatem,
2821 1449 2886 1489 ac
2937 1436 3103 1491 nimis
3159 1439 3453 1493 remissum
3486 1438 3630 1495 eum

2034 1523 2329 1592 judicaret,
2386 1524 2695 1595 ducemque
2748 1526 2989 1582 Leonem
3032 1546 3138 1584 una
3181 1546 3315 1586 voce
3349 1532 3415 1587 ad
3449 1533 3629 1603 impe~

2044 1615 2193 1670 rium
2248 1616 2501 1687 eligeret.
2538 1618 2638 1672 Illo
2677 1628 2862 1673 autem
2915 1622 3189 1690 profunda
3248 1624 3630 1682 sollicitudine

2040 1725 2161 1765 sese
2190 1712 2558 1767 contrahente
2587 1712 2655 1767 ad
2694 1711 2898 1767 famam
2950 1716 3264 1779 electionis,
3301 1725 3363 1770 ut
3396 1717 3527 1772 olim
3570 1720 3625 1773 in

343 1814 453 1851 νεν.
484 1798 590 1849 Τοῦ
616 1798 674 1852 δὲ
712 1797 980 1866 ἀχλυώδει
1035 1801 1246 1871 ἀγωνίᾳ
1275 1800 1371 1853 καὶ
1404 1800 1573 1871 πολλῇ
1610 1801 1924 1869 συμπεσόν-

2038 1812 2207 1874 ponte
2254 1806 2437 1861 Julius
2490 1807 2692 1874 Caesar,
2735 1810 2966 1863 Michael
3024 1810 3366 1865 Amoriensis
3414 1811 3629 1867 occisu-

341 1904 434 1949 τος
496 1889 631 1958 πρὸς
679 1889 838 1959 λόγον
892 1890 992 1960 τῆς
1037 1892 1403 1961 ἀναρρήσεως
1438 1889 1555 1961 (4),
1588 1890 1772 1953 καθώς
1803 1907 1935 1944 ποτε

343 1982 490 2035 κατὰ
533 1982 785 2053 γέφυραν
813 1984 979 2037 Γαΐου
1030 1983 1125 2037 τοῦ
1172 1983 1473 2054 Καίσαρος,
1511 1984 1732 2054 Μιχαὴλ
1786 1983 1815 2036 6
1874 1983 1934 2047 ἐξ

355 2075 616 2147 ’Λμορίου
669 2077 992 2148 ἀναιρήσειν
1048 2076 1238 2131 τοῦτον
1292 2076 1720 2147 διεμαρτύρατο,
1756 2077 1804 2129 εί
1854 2075 1930 2145 μὴ

334 2168 512 2240 ταύτῃ
573 2170 889 2225 κατάθοιτο.
952 2172 1064 2224 Καὶ
1120 2170 1219 2242 τὴν
1264 2170 1365 2240 μὲν
1414 2169 1712 2223 κατάθεσιν
1760 2169 1928 2221 αὑτοῦ

339 2260 501 2327 μόνον
533 2259 757 2331 ἀπῄτει,
783 2262 885 2332 τὴν
912 2262 969 2315 δὲ
999 2262 1161 2333 μέχρι
1190 2263 1291 2331 τῆς
1330 2262 1542 2325 πόλεως
1593 2261 1689 2315 καὶ
1745 2261 1926 2315 αὐτῶν

2040 1912 2166 1950 rum
2199 1898 2491 1954 alIirmavit
2533 1901 2640 1956 nisi
2679 1904 2732 1956 in
2764 1917 2885 1955 eam
2920 1904 3253 1966 consentiat,
3294 1919 3359 1957 ac
3409 1903 3623 1958 solum-

2038 1988 2204 2043 modo
2231 2005 2565 2048 consensum
2601 1995 2722 2065 ejus
2742 1995 3058 2064 expetebat,
3086 1997 3376 2052 introitum
3404 2014 3538 2053 vero
3562 1998 3623 2053 in

2034 2081 2232 2136 urbem
2262 2091 2320 2137 et
2351 2083 2406 2137 in
2432 2084 2605 2154 ipsam
2636 2088 2845 2157 regiam
2872 2087 3087 2143 facilem
3111 2105 3169 2145 se
3194 2090 3467 2147 facturum
3496 2110 3623 2163 pro-

2033 2170 2218 2236 misit;
2257 2174 2405 2243 quod
2438 2184 2495 2231 et
2524 2191 2582 2232 re
2614 2176 2731 2247 ipsa
2766 2180 3074 2248 prazstitum
3122 2181 3193 2236 ab
3228 2183 3348 2253 ipso
3382 2193 3437 2240 et
3458 2200 3622 2239 exer-

2030 2263 2166 2318 citu.

333 2353 445 2406 τῶν
493 2354 845 2424 βασιλείωνίδ
878 2356 1085 2409 εῐσοδον
1118 2356 1341 2426 ποιῆσαι
1374 2355 1567 2427 ῥᾳδίαν
1620 2355 1914 2427 ὑπέσχετο,
1956 2354 2083 2427 ἥτις
2116 2357 2197 2420 είς
2232 2356 2396 2430 ἔργον
2438 2362 2572 2433 παρ’
2603 2361 2770 2416 αὐτοῦ
2825 2362 2919 2416 τοῦ
2988 2366 3399 2438 στρατεύματος
3468 2386 3622 2425 τετε·-

336 2451 549 2506 λείωτο.

407 2546 520 2617 Πρὸ
539 2547 581 2577 ’⁸
610 2544 667 2598 δέ
689 2562 751 2612 γε
781 2543 1009 2611 τούτων,
1038 2546 1318 2615 γενομένῳ
1343 2544 1421 2616 τῷ
1449 2544 1661 2615 βασιλεῖ
1693 2546 1917 2617 Μιχαὴλ

332 2638 566 2708 πλησίον
596 2638 697 2708 τῆς
726 2638 935 2701 πόλεως
966 2638 1065 2708 (5),
1127 2639 1368 2708 συναντᾷ
1412 2638 1595 2709 τούτῳ
1647 2639 1787 2709 ἀνήρ
1835 2656 1919 2702 τις

331 2730 444 2783 τῶν
474 2730 783 2801 ἐπισήμων,
834 2730 937 2798 τὴν
977 2728 1086 2782 τῶν
1115 2728 1314 2798 τειχῶν
1368 2728 1699 2799 κηδεμονίαν
1751 2746 1916 2782 πεπι-

334 2824 654 2892 στευμένος,
695 2819 805 2874 τῶν
847 2819 1209 2883 Ἐξαϐουλίων
1239 2822 1301 2873 ἑκ
1332 2820 1545 2887 γένους,
1576 2819 1818 2887 ἀφοσιῶν
1848 2819 1917 2873 τὰ

333 2912 500 2980 ἔθιμα
562 2912 793 2982 βασιλεῖ,
846 2911 941 2964 καὶ
1001 2914 1066 2983 τῇ
1117 2912 1377 2983 δυστυχίᾳ
1448 2912 1917 2980 συναλγυνὸμενος

330 3005 664 3059 ἐπυνθάνετὸ
691 3022 755 3073 γε
786 3005 899 3076 (6)·
952 3023 971 3056 ι
1005 3005 1101 3070 Τίς
1132 3004 1196 3058 ἂν
1251 3006 1360 3075 εἴη,
1407 2998 1452 3058 ὦ
1488 3006 1746 3070 δέσποτα,
1805 3007 1914 3057 τῶν

328 3097 784 3170 στρατηγούντων
846 3098 1030 3162 ὲαθεὶς
1060 3100 1119 3151 ἐν
1156 3097 1234 3169 τῷ
1278 3098 1542 3169 ἐπιλοίπῳ
1603 3099 1850 3170 στρατῷ;
1890 3119 1909 3151 ι

341 3189 402 3242 ’0
433 3189 489 3242 δέ
524 3206 694 3261 φησι’
757 3209 776 3241 ‹
810 3190 963 3244 Λέων
1008 3192 1036 3243 6
1083 3189 1176 3244 τοῦ
1229 3196 1281 3244 α’
1334 3190 1569 3261 θέματος
1614 3190 1922 3262 ἐξηγούμε-

328 3299 422 3345 νος
451 3282 549 3354 (7),
589 3281 728 3354 ἀνὴρ
760 3283 1020 3353 ἀγχίνους
1050 3284 1143 3337 καὶ
1184 3282 1478 3353 εὐθύτητος
1513 3285 1851 3355 ὲξεχόμενος.
1896 3306 1915 3338 ι

348 3376 408 3428 Ὀ
442 3376 498 3429 δὲ
538 3376 748 3446 ἀντέφη
778 3375 1095 3440 ἀλυσιτελὲς
1138 3375 1278 3431 εἶναι
1310 3379 1359 3430 εί
1395 3372 1559 3447 μόνος
1614 3379 1708 3432 τοῦ
1744 3380 1921 3433 τοιού-

328 3479 424 3516 του
451 3463 786 3533 καθηγοίτο.
841 3482 860 3515 ι
900 3464 1022 3535 δίχα
1072 3465 1219 3531 τινὸς
1255 3466 1364 3520 τῶν
1416 3467 1525 3521 σῶν
1552 3468 1771 3524 οἰκείων
1813 3470 1919 3524 ὑπ-

328 3554 561 3624 ηρετῶν.
601 3574 620 3608 ι
685 3556 792 3611 Τοῦ
837 3557 894 3610 δὲ
949 3558 1217 3628 βασιλέως
1287 3560 1439 3613 ούδὲν
1494 3561 1603 3616 τῶν
1657 3564 1919 3619 ἐναντίων

327 3647 787 3720 ὑφορωμένουη,
840 3650 1206 3721 ἀπολογισμοί
1255 3669 1401 3715 τινες
1455 3654 1589 3723 παρ’
1645 3655 1809 3709 αὑτοῦ
1839 3655 1919 3728 τῷ

337 3742 667 3812 Ἐξαόουλίῳ
697 3743 1138 3814 προύτίθεντο¹⁷,
1182 3745 1258 3808 ὡς
1293 3745 1368 3816 μὴ
1395 3748 1754 3819 τυραννήσειν
1784 3750 1916 3803 ποτὲ

325 3834 804 3905 βουληθησομένου
859 3835 955 3888 τοῦ
1016 3836 1272 3898 Λέοντος.
1320 3836 1510 3907 Ἀπῄει
1562 3838 1856 3908 τοιγαροῦν
1888 3842 1917 3892 ὁ

321 3926 687 3998 αὐτοκράτωρ
739 3926 874 3998 πρὸς
938 3927 1005 3980 τὰ
1068 3925 1319 3996 βασίλεια
1370 3930 1430 3980 ού
1467 3928 1608 3997 μετά
1639 3929 1775 3982 πολὺ
1811 3929 1911 4001 (8),

323 4022 423 4074 καὶ
453 4024 485 4091 ὴ
519 4020 617 4074 τοῦ
650 4021 919 4092 τυράννου
953 4019 1183 4083 Λέοντος
1214 4020 1518 4090 ἀνάρρησις
1544 4019 1910 4090 διηγγέλλετο.

322 4114 472 4184 Ιῐρδς
499 4114 658 4167 τοῦτο
701 4113 795 4167 τοῦ
833 4112 1101 4183 βασιλέως
1160 4112 1383 4182 Μιχαὴλ.
1440 4113 1909 4182 δυσχεραίνοντος,

322 4208 605 4279 παρῄνουν
659 4208 802 4271 τινὲς
862 4207 1013 4279 αὐτῷ
1072 4207 1205 4260 πᾶσι
1256 4206 1481 4276 τρόποις
1539 4205 1618 4276 τῷ
1664 4206 1913 4278 τυράννῳ

322 4302 571 4374 στερρῶς
601 4300 1028 4366 ἀντιτάξασθαι·
1067 4302 1094 4353 6
1125 4300 1181 4353 δὲ
1230 4299 1490 4370 γαλήνιος
1518 4298 1594 4352 ὢν
1622 4302 1688 4369 τῇ
1718 4298 1912 4372 γνώμῃ

2096 2544 2203 2601 Sed
2238 2545 2559 2616 priusquam
2598 2544 2717 2603 hate
2749 2547 3177 2617 perﬁcerentur,
3225 2567 3348 2606 cum
3371 2552 3481 2622 jam
3516 2552 3623 2607 im-

2028 2646 2257 2707 perator
2288 2638 2519 2692 Michael
2556 2639 2885 2695 accessisset
2916 2640 2983 2695 ad
3027 2640 3245 2707 urbem,
3298 2645 3542 2698 occurrit
3568 2643 3619 2699 ei

2026 2729 2112 2782 vir
2140 2728 2367 2797 quidam
2395 2744 2462 2781 ex
2485 2727 2791 2793 nobilibus,
2826 2731 3093 2785 moenium
3128 2747 3318 2786 curam
3352 2733 3457 2787 sibi
3491 2749 3624 2788 con-

2024 2818 2289 2874 creditam
2330 2818 2562 2882 habens,
2594 2833 2626 2873 e
2658 2819 2865 2875 familia
2919 2821 3348 2888 Exabuliorum,
3380 2835 3589 2881 consue

2024 2912 2095 2965 tis
2117 2909 2314 2965 ofﬁciis
2361 2925 2491 2981 erga
2552 2912 2944 2981 imperatorem
2992 2914 3302 2986 defungens
3342 2932 3407 2971 ac
3439 2933 3618 2988 super

2024 3002 2335 3057 calamitate
2364 3003 2690 3067 condolens,
2724 3006 3140 3076 quzerehatque.
3171 3026 3190 3058 ι
3231 3007 3334 3074 Qui
3359 3025 3425 3063 ex
3455 3009 3617 3064 duci-

2024 3093 2129 3147 bus
2150 3105 2298 3149 esset
2321 3084 2552 3149 rei’ictus
2588 3095 2642 3149 in
2668 3098 2971 3152 exercitu.»
2996 3099 3134 3152 Tum
3162 3100 3275 3166 ille,
3308 3118 3326 3151 ι
3358 3101 3493 3167 Leo,
3526 3103 3613 3158 in-

2023 3186 2164 3256 quit,
2198 3187 2380 3257 primo
2419 3188 2649 3243 themati
2706 3190 3021 3259 praefectus,
3069 3191 3154 3245 vir
3192 3191 3506 3248 industrius
3558 3204 3615 3249 et

2019 3279 2254 3349 justitia:
2293 3280 2575 3335 addictus.
2606 3300 2623 3330 ›
2658 3282 2793 3337 Atis
2815 3284 3036 3353 negavit
3062 3299 3184 3339 esse
3205 3287 3519 3341 consultum
3553 3299 3616 3343 ut

2028 3371 2076 3425 is
2100 3372 2255 3426 solus
2280 3372 2331 3427 ei
2359 3373 2437 3428 rei
2471 3374 2679 3444 praesit,
2734 3394 2751 3426 ι
2781 3375 2989 3446 absque
3030 3376 3216 3447 aliquo
3265 3378 3617 3448 imperatoris

2022 3462 2222 3517 intimo
2262 3463 2541 3519 ministro.
2581 3484 2598 3515 ι
2652 3466 2926 3521 Caeterum
2965 3467 3265 3536 imperator
3313 3468 3454 3522 nihil
3506 3469 3611 3523 ad—

2022 3554 2170 3608 versi
2206 3556 2498 3625 suspicans
2536 3557 2703 3610 etiam
2752 3557 2996 3611 rationes
3040 3557 3303 3627 quasdam
3333 3574 3613 3629 propone-

2020 3646 2136 3711 bat,
2161 3651 2317 3718 quasi
2356 3664 2640 3719 nunquam
2696 3650 3044 3720 tyrannidem
3077 3658 3225 3706 esset
3254 3650 3615 3707 aﬂ'eclaturus

2020 3740 2241 3811 6Leo.
2298 3742 2703 3812 Ahihatigitur
2758 3744 3062 3812 imperator
3114 3744 3170 3798 in
3224 3744 3451 3814 regiam,
3512 3761 3615 3799 nec

2021 3834 2196 3887 multo
2224 3843 2350 3902 post
2393 3834 2506 3888 Leo
2536 3835 2841 3904 imperator
2867 3836 3182 3890 declaratus
3222 3837 3608 3891 nuntiabatur.

2018 3924 2151 3978 Eam
2192 3942 2308 3979 rem
2349 3943 2492 3997 aegre
2534 3926 2746 3982 ferente
2780 3928 3045 3982 Michaele
3095 3927 3454 3996 imperatore,
3486 3944 3613 3981 sua-
3694 3948 3697 3951 λ

2018 4017 2229 4072 dehant
2256 4020 2305 4073 ei
2330 4021 2551 4089 quidam
2580 4032 2641 4074 ut
2666 4020 2927 4074 omnibus
2952 4019 3132 4073 modis
3165 4030 3398 4091 tyranno
3429 4020 3609 4074 ﬁrmi—

2019 4117 2104 4162 ter
2136 4123 2257 4162 sese
2284 4118 2610 4178 opponeret.
2638 4109 2707 4163 At
2740 4110 2830 4163 ille
2871 4125 2997 4163 cum
3020 4118 3169 4164 esset
3192 4108 3394 4178 placidi
3430 4108 3606 4162 animi

2016 4217 2120 4256 nec
2152 4200 2422 4272 sanguine
2461 4201 2749 4271 gauderet,
2793 4200 3021 4255 arcebat
3048 4216 3245 4255 omnes
3298 4199 3467 4263 caede,
3508 4200 3607 4255 Dei

2016 4294 2278 4348 mandato
2311 4310 2466 4364 aequa
2507 4304 2691 4350 mente
2734 4294 3127 4364 acquiescens;
3179 4293 3317 4347 adeo
3354 4291 3607 4346 utetiam

322 4395 422 4447 καὶ
457 4394 553 4463 οὐχ
580 4393 896 4464 αἱμοχαρὴς
926 4391 1022 4461 τὴν
1056 4390 1402 4461 προαίρεσιν,
1435 4390 1668 4459 ἀπεῖργε
1702 4390 1909 4451 πάντας

2031 4389 2318 4458 ιυοιυιιθιη
2353 4405 2421 4443 ex
2451 4388 2759 4443 domestico
2809 4386 3144 4451 ministerio,
3177 4385 3606 4449 Exarchontem,

323 4488 665 4559 μιαιφονίας,
697 4487 773 4557 τῷ
803 4485 897 4537 τοῦ
925 4484 1062 4537 Θεοῦ
1107 4483 1496 4553 προστάγματι
1548 4481 1911 4552 εὐγνωμόνως

320 4578 757 4646 ὲπικλινόμενος,
792 4577 885 4627 καὶ
908 4573 1165 4627 τοσοῦτον
1190 4573 1330 4626 ὥστε
1363 4574 1457 4626 καί
1489 4590 1613 4627 τινα
1648 4573 1749 4642 τῆς
1777 4590 1909 4626 κατ-

312 4670 552 4727 οικιδίου
586 4667 892 4741 θεραπείας
916 4664 1085 4719 αὑτοῦ
1112 4664 1221 4734 (9),
1256 4665 1346 4717 τὸν
1387 4663 1736 4735 Ἐξάρχοντα,
1771 4667 1917 4718 στεῖ-

2023 4478 2368 4533 mitteretad
2399 4479 2642 4533 Leonem
2695 4494 2821 4533 cum
2874 4476 3183 4548 insignibus
3232 4475 3607 4546 imperatoris,

2018 4572 2450 4642 hortareturque
2481 4581 2738 4627 senatqu
2766 4571 2987 4625 obviam
3025 4572 3075 4625 ei
3114 4572 3218 4637 ire,
3240 4586 3309 4624 ne
3340 4569 3449 4623 ulla
3476 4584 3606 4623 san-

2026 4664 2210 4735 guinis
2257 4663 2547 4719 christiani
2594 4672 2750 4734 gutta
2816 4661 3197 4718 ell‘underctur
3282 4661 3366 4717 sui
3418 4675 3611 4718 causa.

1616 4776 1848 4831 VARI/li
1890 4774 2294 4863 LECTlONES.

390 4900 436 4932 “
469 4897 791 4969 ὑφωρᾶσθαι
813 4896 877 4953 L.
957 4895 1002 4928 “’
1030 4892 1323 4967 βασιλειῶν
1349 4891 1412 4948 L.
1499 4892 1542 4923 ¹³
1580 4892 1718 4961 πρὸς
1745 4893 1806 4949 L.
1887 4891 1974 4947 "t‘.

1990 4895 2312 4966 φωρομένου
2347 4894 2407 4949 L.

2490 4895 2532 4927 ”
2561 4895 2891 4967 προύτίθετο
2922 4892 2985 4950 L.

1484 5010 1729 5067 STEPH.
1766 5012 2115 5070 BERGLERI
2155 5015 2387 5082 NOTAE,
2426 5024 2443 5029 ’

397 5139 579 5217 (5)_l)c
609 5139 715 5217 hac
741 5137 1116 5217 discrepantia
1145 5138 1314 5207 hujus
1342 5137 1589 5217 historia:
1613 5135 1903 5217 et_§lir9n.

314 5206 443 5289 posit
469 5210 723 5280 'l‘heoph.
758 5210 874 5264 sive
919 5206 1371 5274 Continuatores,
1406 5224 1460 5279 p.
1496 5206 1585 5272 10,
1627 5207 1762 5262 edit.
1801 5208 1906 5262 Pa—

318 5298 397 5335 Γιὸ

394 5350 470 5423 (4)
500 5350 649 5407 Mera
708 5350 992 5406 simulatio
1036 5350 1160 5405 fuit.
1196 5351 1461 5414 Zonaras,
1508 5348 1723 5419 p.128.
1774 5348 1911 5403 edit.

316 5423 496 5477 Paris.

394 5494 468 5563 (5)
501 5493 806 5561 Cedrenus,
856 5508 913 5563 p.
950 5492 1075 5560 484,
1106 5492 1243 5549 edit.
1282 5494 1458 5549 Paris.
1513 5492 1900 5549 Continuator.

315 5564 456 5618 edit.
494 5566 668 5619 Paris.

416 5634 465 5704 6)
494 5636 685 5690 Potius
716 5651 773 5687 τε
806 5648 907 5704 pro
938 5652 1024 5703 γε.

414 5706 465 5775 7)
500 5705 743 5775 Apparet
807 5705 1046 5774 primum
1084 5705 1267 5762 thema
1315 5706 1484 5761 fuisse
1512 5705 1571 5758 τὸ
1618 5705 1893 5758 Ἀνατολι-

316 5778 436 5841 κόν,
477 5777 768 5842 ()ricntule,
806 5792 930 5831 nam
985 5793 1038 5847 p.
1096 5778 1131 5830 σί
1181 5778 1472 5831 dicebatur
1517 5776 1897 5833 Orientalibus

2051 5140 2327 5197 rmfectus.

2128 5156 2141 5193 ι
2310 5182 2327 5196 .

2013 5156 2320 5282 ξπῗξιῖριξῗεῖ
2372 5228 2431 5267 se
2475 5213 2583 5268 fert
2619 5221 2675 5268 et
2714 5210 2809 5265 τοῦ
2848 5213 2968 5282 μετ’
2994 5212 3055 5265 οὐ
3086 5209 3244 5275 πολύ,
3277 5216 3336 5263 ut
3374 5207 3603 5280 quidem

2014 5280 2215 5354 BoSius
2237 5283 2552 5353 descripsit.
2581 5280 2974 5354 quamvisjnon
3004 5282 3138 5336 satis
3152 5289 3455 5354 appar-cute
3481 5282 3599 5354 τοῦ,

2015 5366 2119 5405 nec
2144 5353 2283 5408 adeo
2321 5349 2500 5410 locum
2534 5349 2773 5409 habente
2798 5353 2927 5419 hic;
2987 5362 3043 5406 et
3096 5354 3156 5405 οὐ
3188 5349 3395 5423 piat-‘06
3437 5351 3598 5423 πολύ,

2018 5424 2336 5497 utaliusin
2392 5426 2640 5497 margine
2665 5424 2903 5497 B_osiani.
2940 5425 3051 5497 Nec
3081 5422 3207 5497 hoc
3233 5432 3467 5497 rectum.
3511 5422 3599 5497 Ἐκ

2059 5492 2194 5547 riori
2246 5496 2353 5565 legi
2405 5492 2614 5565 posset,
2687 5494 2937 5565 βασίλεια
2990 5494 3155 5548 αὐτοῦ
3199 5494 3318 5565 μετ’
3341 5494 3401 5546 ού
3435 5493 3595 5547 πολύ.

2059 5508 2194 5547 rtort
2246 5507 2353 5565 legi
2405 5507 2614 5565 posset,
2687 5507 2937 5565 βασίλεια
2990 5507 3155 5548 αὑτου
3199 5507 3317 5564 μετ’
3341 5507 3401 5546 ού
3435 5507 3595 5547 πολυ.

2012 5507 2123 5643 gos
2171 5566 2451 5635 posterius
2507 5568 2817 5622 retinemus
2868 5566 3149 5621 levissima
3214 5564 3355 5619 facta
3417 5573 3601 5617 muta-

2012 5641 2181 5690 tione.

2078 5704 2153 5778 (9)
2179 5706 2392 5763 Mallem
2411 5708 2595 5775 αὐτόν,
2629 5719 2687 5765 et
2721 5710 3008 5779 praemisso
3038 5714 3333 5763 commate.
