4128 6440
445 309 556 372 995

1756 296 2073 362 JOSEPHI
2111 293 2425 355 GENESII

3622 285 3729 351 996

448 421 632 487 Quare
667 432 807 472 uxor
831 417 951 487 ejus
987 415 1254 486 Procopia
1298 412 1520 468 invidia:
1552 410 1791 467 stimulis
1831 407 2034 478 agitata

2146 403 2229 456 λαι
2259 403 2395 472 πρὸς
2432 400 2636 454 Λέοντα
2693 396 2831 466 μετά
2874 397 2966 450 καὶ
3011 395 3124 466 (10)
3183 393 3482 465 βασιλικῶν
3521 396 3728 466 συμϐό-

450 517 628 564 lertur
660 507 865 562 dixisse
893 525 906 561 :
941 525 958 558 ι
978 505 1273 577 Indignum
1302 520 1430 560 sant
1461 505 1507 558 si
1537 501 1752 575 tyranni
1784 516 1922 554 uxor
1948 498 2036 552 in-

450 600 586 654 duat
613 598 939 661 modolium,
981 617 1000 652 ›
1057 598 1283 652 Baream
1327 613 1448 651 eam
1505 596 1818 650 nominans.
1851 590 2037 644 Atille

451 690 710 761 prudenti
768 705 1028 744 sermone
1079 704 1201 742 cam
1250 687 1498 742 refutans
1535 686 1717 740 dixit:
1766 701 1783 733 ι
1826 682 2037 735 Bonum

448 789 534 834 est
562 779 782 834 Domini
815 779 1155 833 voluntatem
1183 778 1338 847 sequi
1365 794 1429 832 ea
1459 793 1580 846 qua:
1611 775 1768 831 ﬁunt.
1805 794 1821 826 ι

2146 497 2274 556 λων,
2313 491 2620 563 προτρέψαι
2651 506 2709 542 τε
2747 491 2842 543 καὶ
2866 488 2966 560 τὴν
3008 487 3316 558 σύγκλητον
3342 486 3566 541 ἀπιέναι
3593 489 3732 557 πρὸς

2147 587 2247 657 τὴν
2272 585 2465 638 τούτου
2489 584 2820 654 ἀπάντησιν,
2846 582 2922 646 ὡς
2958 582 3034 653 μή
3065 598 3188 634 τινα
3229 579 3420 650 ρανίδα
3458 581 3727 648 Χριστια⁴

2149 676 2301 730 νικοῦ
2328 676 2560 746 αἵματος
2590 674 2885 746 ἐκχεθῆναι
2909 671 3075 726 αὑτοῦ
3102 673 3287 725 ἓνεκα.
3331 671 3451 740 Ἐφ’
3480 672 3590 743 ὅτῳ
3633 673 3734 742 τὴν

2148 762 2342 821 ἐαυτοῦ
2412 766 2525 836 (11)
2593 765 2842 836 γαμετὴν
2897 763 3215 837 Προκοπίαν
3272 762 3733 834 ζηλοτυπήσασαν

447 873 689 928 τοιοῦτον
735 874 946 926 εἰπεῖν·
982 892 1001 924 ι
1033 872 1218 924 Δεινόν
1251 889 1316 940 γε
1368 871 1561 934 δεινὸν,
1599 869 1694 920 ἐὰν
1732 869 1765 938 ἡ
1814 864 1911 920 τοῦ
1978 861 2249 932 τυράννου
2327 858 2562 927 σύζυγος
2613 857 2847 922 Λέοντος
2907 856 3194 930 περιϐάλοι
3238 860 3330 914 τὸν
3403 856 3667 927 μοδίολον,
3708 874 3725 904 ν

449 967 671 1036 Βάρκαν
692 968 865 1036 αὐτὴν
889 968 1207 1037 ὀνομάσασα
1237 965 1372 1033 (12).
1417 965 1474 1017 'U
1532 965 1590 1018 δὲ
1632 964 1836 1034 ταύτην
1883 961 2173 1032 φρονίμοις
2225 956 2406 1026 λόγοις
2462 954 2954 1025 ἀποκρουσάμενος
3035 957 3293 1027 είρηκενο
3368 974 3387 1010 ι
3428 954 3608 1010 Καλὸν
3663 956 3732 1024 τῇ
3819 1041 3822 1044 ρ

449 1067 547 1121 τοῦ
574 1064 783 1134 Κυρίου
811 1063 1032 1132 δοκήσει
1069 1060 1399 1115 συνέπεσθαι
1428 1061 1499 1113 τά
1527 1059 1810 1129 γινόμενα.
1847 1077 1865 1109 ›

521 1161 696 1215 Porro
730 1172 855 1212 cum
875 1158 984 1227 jam
1016 1164 1283 1226 tyrannus
1308 1154 1654 1224 pervenisset
1681 1168 1781 1223 per
1801 1154 2038 1206 Auream

451 1262 669 1322 portam
708 1250 774 1304 ad
817 1248 1186 1303 Praecursoris
1231 1246 1408 1302 aedem
1455 1262 1623 1317 quam
1679 1245 1909 1302 Studius
1948 1260 2043 1299 ex-

2218 1140 2325 1196 Τοῦ
2359 1141 2414 1194 δὲ
2441 1141 2705 1212 τυράννου
2753 1141 2867 1211 (13)
2898 1140 3298 1206 καταλαϐόντος
3344 1142 3433 1196 διὰ
3457 1142 3557 1212 τῆς
3582 1107 3784 1214 X116?“

2143 1238 2244 1307 σῆς
2274 1235 2450 1308 πύλης
2495 1237 2586 1289 τὸν
2633 1236 2728 1290 τοῦ
2792 1237 3112 1316 Προδρόμου
3143 1239 3271 1290 ναὸν
3307 1237 3366 1290 ὃν
3409 1237 3664 1308 ἐδείματο
3689 1238 3733 1270 ³⁸

454 1346 676 1409 struxit,
737 1341 897 1397 multi
949 1357 1017 1396 ex
1047 1350 1242 1396 senatu
1269 1357 1334 1396 ac
1385 1341 1789 1412 propemodum
1847 1353 2037 1394 omnes

2146 1329 2409 1393 Στούδιος,
2443 1329 2629 1382 πολλοὶ
2655 1330 2756 1401 τῆς
2779 1329 3076 1401 γερουσίας
3110 1329 3145 1400 ἢ
3183 1331 3279 1382 καὶ
3318 1329 3506 1399 σχεδὸν
3538 1329 3728 1384 ᾶπαν-

452 1437 807 1487 accesserunt
840 1429 908 1484 ad
945 1445 1095 1495 eum,
1128 1439 1297 1500 atque
1334 1433 1612 1501 stipantes
1640 1444 1749 1485 una
1781 1444 1906 1483 cum
1942 1444 2037 1499 po-

2146 1440 2229 1486 τες
2258 1422 2573 1496 προσῄεσαν
2593 1423 2634 1455 ¹⁹
2686 1421 2856 1493 αὐτῷ,
2916 1422 2976 1476 ὃν
3005 1423 3100 1477 καὶ
3131 1420 3558 1491 δορυφοροῦντες
3592 1424 3733 1493 μετὰ

450 1525 582 1594 pulo
612 1523 912 1578 comitante
937 1521 994 1576 in
1019 1522 1226 1592 regiam
1255 1521 1632 1577 deduxerunt.
1676 1521 1911 1590 Jamque
1952 1519 2036 1573 in-

448 1628 672 1682 gressus
717 1619 847 1666 ante
883 1620 1083 1666 aeratas
1139 1611 1454 1667 consistens
1506 1611 1658 1666 fores
1699 1609 1756 1665 in
1793 1610 1918 1665 loco
1947 1626 2038 1665 r0-

2142 1513 2238 1567 τοῦ
2301 1515 2676 1584 συνεπομένου
2711 1513 2871 1584 ὄχλου
2925 1515 3038 1578 τοῖς
3084 1513 3382 1584 βασιλείοις
3415 1515 3729 1582 ἀπήγαγον.

2146 1607 2254 1660 Καὶ
2313 1605 2377 1677 δὴ
2426 1603 2613 1658 είσιὼν
2667 1605 2763 1658 καὶ
2813 1605 2919 1675 πρὸ
2944 1605 3053 1657 τῶν
3088 1605 3446 1676 χαλκηλάτων
3501 1604 3734 1668 ἐπιστὰς

451 1703 623 1757 tundo
646 1711 702 1758 et
733 1703 1128 1774 porphyretico
1172 1718 1452 1758 marmore
1501 1712 1782 1768 contecto,
1837 1703 2037 1774 gratias

2151 1699 2335 1753 πυλῶν
2372 1697 2506 1771 (id),
2555 1699 2650 1751 ἐπὶ
2679 1699 2756 1769 τῷ
2778 1699 2822 1730 ²⁰
2864 1700 2985 1753 κατ’
3019 1699 3345 1768 ἐπιφάνειαν
3386 1699 3635 1770 κυκλικῷ
3673 1717 3734 1752 τε

448 1803 674 1850 acturus
708 1794 918 1851 Christi
950 1796 1049 1851 Dei
1076 1797 1255 1851 nostri
1289 1797 1402 1851 illic
1429 1796 1676 1866 imagini,
1701 1795 1820 1850 sive
1849 1810 2037 1850 revera

2146 1793 2242 1846 καὶ
2268 1791 2673 1863 περιπορφύρῳ
2711 1793 2992 1866 μαρμάρῳ
3021 1793 3162 1862 (15),
3181 1791 3346 1863 εὐχὴν
3376 1793 3738 1864 χαριστήριον

448 1891 566 1944 sive
603 1890 788 1958 specie
813 1899 998 1955 tenus,
1024 1890 1180 1944 exuit
1202 1897 1415 1945 vestem
1444 1891 1494 1960 7
1521 1906 1631 1960 qua
1655 1890 1894 1944 amictus
1921 1897 2037 1944 erat

2146 1885 2444 1938 ἀποδώσων
2483 1884 2563 1955 τῷ
2593 1886 2774 1938 ἐκεῖσε
2806 1884 3046 1955 Χριστοῦ
3075 1884 3168 1938 τοῦ
3204 1885 3338 1938 Θεοῦ
3364 1887 3732 1955 είκονίσματι,

449 1980 656 2050 gemini
699 1979 902 2035 coloris
927 1980 1072 2035 rosei
1119 1980 1304 2051 aquila
1342 1981 1610 2050 insignem
1643 1983 1850 2052 (quam
1892 1980 2037 2036 colo-

2146 1977 2257 2030 εἴτε
2321 1976 2558 2048 ἀληθείᾳ
2621 1978 2730 2030 είτε
2775 1978 3154 2047 προσχήματι,
3215 1977 3595 2032 ἐκδιδὺσκεται
3633 1978 3734 2048 τὴν

451 2072 606 2126 bium
629 2073 928 2127 vernacula
975 2088 1112 2128 voce
1152 2071 1496 2143 appellant),
1544 2073 1783 2127 solutam
1815 2071 2040 2141 cingulo

449 2165 758 2219 secundum
791 2181 1006 2221 morem
1026 2166 1140 2237 jam
1161 2165 1294 2220 olim
1316 2180 1347 2219 a
1371 2164 1610 2220 ducibus
1657 2165 2038 2226 observatum,

449 2263 614 2324 atque
647 2255 877 2310 Michael
910 2272 1138 2311 suorum
1170 2256 1508 2326 equisonum
1550 2255 1820 2326 primario
1852 2256 2034 2325 palam

451 2348 640 2405 tradit.
676 2349 774 2403 illo
811 2357 998 2404 autem
1025 2365 1148 2403 eam
1174 2349 1470 2405 confestim
1521 2349 1814 2412 induente,
1845 2347 1904 2403 id
1941 2363 2040 2417 pro

449 2442 636 2496 omine
665 2441 1010 2511 adipiscendi
1042 2450 1167 2512 post
1187 2442 1434 2496 Leonem
1469 2441 1689 2511 imperii
1715 2449 2036 2510 reputatum

450 2543 538 2586 est
587 2530 658 2585 ab
710 2531 1171 2600 intelligentibus.
1230 2531 1505 2585 Prazterea
1553 2529 1768 2584 inloco
1796 2529 2038 2599 quodam

451 2621 600 2674 circa
639 2620 929 2690 palatium,
970 2620 1059 2674 cui
1089 2635 1290 2674 nomen
1330 2619 1509 2689 Scyla,
1560 2619 1797 2675 Michael
1835 2617 2040 2673 Leonis

452 2712 624 2767 vestis
649 2729 801 2767 oram
827 2713 968 2783 pede
1005 2729 1264 2783 premens
1317 2713 1560 2783 turpavit
1605 2730 1618 2766 :
1667 2712 1942 2766 incertum
1972 2728 2040 2766 ex

453 2805 816 2873 protervitate
843 2806 897 2860 id
930 2805 1150 2872 fecerit,
1188 2822 1262 2860 an
1289 2804 1640 2876 providentia
1673 2805 1861 2860 divina
1884 2805 2036 2860 futu-

453 2912 573 2950 rum
603 2907 1082 2966 pralmonstrante.
1119 2898 1276 2964 Quod
1315 2915 1440 2952 cum
1466 2897 1736 2953 sensisset
1765 2897 1902 2962 Leo,
1957 2914 2038 2952 re-

450 2988 746 3043 bellionem
777 2991 846 3045 ab
875 3007 942 3046 eo
977 2991 1032 3045 in
1059 3007 1118 3046 se
1148 2992 1417 3046 orituram
1447 2991 1710 3060 conjecit.

2145 2069 2350 2138 ἐσθῆτα
2386 2071 2452 2139 ἢν
2487 2069 2824 2138 ἐπεϐέϐλητο
2861 2071 2919 2123 ἐν
2967 2069 3092 2122 δυσὶ
3115 2070 3158 2102 ³⁸
3193 2070 3485 2140 ροδοειδέσι
3517 2072 3734 2140 χροιαῖς

2142 2163 2468 2227 ἀετίζουσαν
2519 2162 2671 2235 (16),
2743 2162 2812 2234 ἣν
2864 2163 3114 2217 κολόϐιον
3139 2166 3204 2234 τῇ
3265 2164 3522 2234 ἐγχωρίῳ
3577 2165 3736 2234 ῥήσει

2143 2255 2672 2325 προσονομάζουσιν,
2706 2257 2806 2309 καὶ
2862 2257 3070 2325 ταύτην
3121 2255 3418 2326 ἀνειμένην
3449 2253 3736 2324 ζωστῆρος

2141 2347 2284 2401 κατά
2343 2347 2406 2399 τὸ
2461 2345 2702 2400 ἔκπαλαι
2738 2346 2980 2417 τηρηθέν
3035 2345 3159 2409 ἔθος
3187 2347 3300 2409 τοῖς
3333 2343 3736 2415 στρατηλάταις

2143 2439 2238 2492 καὶ
2270 2437 2495 2509 Μιχαὴλ
2518 2438 2628 2492 τῶν
2659 2439 2826 2492 αὑτοῦ
2876 2438 3198 2509 ἱπποκόμων
3230 2438 3546 2509 πρωτάρχῳ
3578 2453 3740 2506 περι-

2143 2533 2330 2602 φανῶς
2361 2531 2695 2586 ὲπιδίδωσιν.
2757 2530 2866 2585 Τοῦ
2909 2533 2966 2586 δὲ
2995 2532 3202 2603 ταύτην
3233 2529 3472 2600 ἐξαυτῆς
3499 2529 3737 2583 ἀναϐαλ-

2142 2624 2375 2695 λομένου
2431 2626 2512 2688 εἰς
2542 2623 2732 2678 οἰωνὸν
2770 2624 2910 2695 μετά
2944 2625 3151 2678 Λέοντα
3197 2622 3489 2695 βασιλικῆς
3546 2621 3740 2676 ἐπιϐά-

2146 2735 2284 2780 σεως
2316 2719 2429 2780 τοῖς
2467 2718 2633 2771 είδόσι
2674 2717 2972 2786 λελόγιστο.
3003 2717 3142 2787 Περὶ
3167 2717 3224 2769 δέ
3263 2733 3386 2770 τινα
3412 2715 3508 2769 τοῦ
3559 2713 3738 2768 παλα-

2140 2811 2256 2864 τίο·.›
2288 2810 2468 2882 χῶρον
2497 2805 2558 2864 οὗ
2590 2810 2888 2880 ἐπώνυμον
2919 2809 2989 2863 τά
3018 2809 3200 2863 Σκῦλα
3218 2810 3286 2873 ’⁸,
3317 2809 3345 2862 ὁ
3374 2807 3599 2884 Μιχαὴλ
3624 2806 3730 2877 τῆς

2139 2903 2367 2972 ἐσθῆτος
2407 2902 2500 2956 τοῦ
2545 2903 2777 2966 Λέοντος
2813 2901 2874 2956 τό
2927 2902 3099 2973 ἄκρον
3149 2901 3407 2956 ἐπιϐάσει
3466 2900 3704 2970 καθύϐρι

2143 3011 2233 3048 σεν
2260 2996 2398 3065 (17),
2423 2995 2534 3049 εἴτε
2566 2998 2631 3050 ἐκ
2653 2997 2989 3068 προπετείας
3016 2995 3176 3049 τοῦτο
3207 2994 3737 3065 καταπραξάμενος,

449 3080 558 3133 εἴτε
587 3083 688 3152 τῆς
720 3083 835 3137 ἄνω
875 3084 1144 3152 Προνοίας
1175 3084 1236 3138 τὸ
1271 3084 1467 3154 μέλλον
1531 3084 2046 3156 προχαραττούσης.
2107 3089 2195 3142 Ἑν
2221 3091 2570 3162 συναισθήσει
2618 3091 2676 3144 δὲ
2742 3090 2935 3144 τούτου
2993 3091 3148 3146 Λέων
3199 3090 3494 3161 γενόμενος
3540 3105 3738 3144 νεωτεο

451 3177 646 3248 ρισμόν
676 3196 796 3232 τινα
823 3180 934 3251 (18)
982 3182 1112 3253 παρ’
1141 3182 1309 3236 αὑτοῦ
1345 3181 1565 3237 ἔσεσθαι
1596 3181 1790 3235 ἑαυτὸν
1821 3183 1872 3219 ’³
1899 3183 2205 3240 οίωνίσατο.

516 3269 749 3340 Jamque
781 3273 986 3341 regiam
1037 3273 1288 3344 ingresso
1339 3273 1548 3338 Leone,
1605 3289 1735 3328 mox
1785 3274 2037 3329 crinibus

2213 3278 2326 3332 Καὶ
2388 3279 2452 3351 δὴ
2516 3283 2635 3343 τοῖς
2689 3282 2822 3336 εἵσω
2873 3278 2996 3334 ’τῶν
3042 3280 3331 3351 βασιλείων
3383 3280 3740 3349 χωρήσαντος

446 3361 700 3417 detonsis
748 3363 984 3419 Michael
1032 3365 1341 3435 imperator
1370 3374 1427 3420 et
1454 3367 1574 3438 ejus
1599 3381 1738 3420 uxor
1777 3382 1888 3420 una
1912 3380 2040 3421 cum

446 3452 660 3517 liberis,
685 3457 966 3526 supplices
1014 3457 1361 3513 miserabiles
1413 3458 1470 3513 in
1511 3459 1756 3514 oratorio
1796 3459 2030 3514 sanctis-

447 3544 602 3600 simae.
632 3546 902 3616 Deiparze,
948 3549 1096 3617 quod
1132 3551 1343 3605 Pharos
1377 3550 1606 3616 dicitur,
1663 3551 2034 3621 apparebant,

446 3637 807 3693 clementiam
839 3642 1134 3710 quamdam
1169 3644 1276 3699 sibi
1309 3653 1629 3714 expetentes
1667 3662 1680 3699 :
1718 3654 1886 3715 atque
1941 3646 2036 3700 ille

449 3729 711 3797 precibus
741 3729 918 3787 ﬂexus
949 3734 1117 3788 vitam
1142 3735 1227 3790 eis
1281 3736 1694 3792 concedendam
1743 3738 2037 3810 judicavit,

449 3823 729 3894 mittitque
757 3826 1079 3883 Michaelem
1105 3829 1160 3884 in
1192 3831 1472 3900 quoddam
1511 3833 1936 3898 monasterium,
1977 3840 2042 3887 ut

447 3916 526 3970 ibi
576 3917 880 3972 solitariam
914 3922 1082 3975 vitam
1133 3938 1356 3978 omnem
1401 3924 1672 3994 reliquam
1700 3925 1901 3994 exigat.
1936 3923 2040 3978 Cui

445 4010 745 4078 quotannis
773 4011 892 4066 auri
917 4012 1269 4083 largitionem
1295 4014 1386 4071 die
1426 4017 1856 4087 quodamcerto
1891 4031 2038 4086 prae-

2143 3371 2397 3435 Λέοντος,
2434 3372 2642 3437 εὐθέως
2696 3373 2795 3437 τὰς
2847 3373 3042 3444 τρίχας
3069 3374 3392 3442 κειράμενοι
3419 3369 3645 3440 Μιχαήλ
3677 3387 3740 3424 τε

2142 3465 2170 3518 ὁ
2211 3464 2467 3534 βασιλεὺς
2511 3466 2605 3518 καὶ
2652 3467 2686 3535 ἡ
2734 3465 2927 3519 τούτου
2959 3483 3023 3534 γε
3057 3464 3312 3527 σύνευνος
3371 3465 3469 3518 σὺν
3520 3463 3735 3528 παισὶν,

2143 3561 2324 3615 ἱκέται
2361 3561 2590 3617 ἐλεεινοί
2646 3561 2725 3628 τῷ
2781 3561 2894 3631 (19)
2949 3561 3229 3632 εὐκτηρίῳ
3262 3559 3398 3629 οἴκῳ
3433 3559 3530 3628 τῆς
3565 3561 3739 3630 ὑπερ-

2143 3653 2306 3720 αγίας
2338 3651 2606 3704 Θεοτόκου
2657 3651 2718 3714 ὃς
2759 3651 2939 3722 Φάρος
2997 3649 3432 3719 κατονομάζεται
3486 3648 3738 3702 δείκνυν-

2141 3760 2234 3796 ται
2267 3742 2400 3812 (ΞΟ),
2431 3741 2721 3812 εὐμενείας
2742 3743 2788 3773 ³⁸
2834 3741 2980 3805 τινὸς
3026 3739 3305 3808 ἀξιοῦντες
3334 3743 3542 3810 τυχεῖν.
3586 3740 3646 3795 Ὀ
3677 3740 3734 3794 δὲ

2140 3838 2207 3906 τῇ
2249 3835 2563 3904 δυσωπήσει
2626 3834 2922 3906 ἐπιπειθὴς
2953 3832 3198 3903 γεγονὼς
3237 3833 3422 3888 ἄνεσιν
3459 3833 3605 3902 ζωῆς
3637 3833 3737 3885 αὐ-

2142 3931 2256 3992 τοῖς
2313 3929 2658 3992 ἐδικαίωσεν,
2715 3929 2929 3998 πέμπει
2980 3945 3041 3980 τε
3095 3927 3188 3980 τὸν
3235 3925 3456 3996 Μιχαὴλ
3507 3925 3564 3978 ἓν
3629 3942 3740 3978 τινι

2143 4040 2310 4094 φροντ
2327 4021 2557 4092 ιστηρίῳ
2584 4022 2850 4076 διατελεῖν
2873 4019 2952 4092 τῷ
2979 4020 3117 4091 μονή
3129 4037 3210 4090 ρει
3237 4018 3338 4089 βίῳ
3369 4017 3703 4089 συμφρασσό

1746 4202 1984 4258 νΑιιιιΕ
2020 4203 2428 4261 LECTIONES.

543 4338 566 4370 ⁸
588 4339 828 4417 ἐδήματο
860 4339 925 4396 L.
1017 4342 1352 4417 ’,προσίεσαν
1471 4416 1474 4417 ν
1503 4344 1550 4376 ὀ
1584 4343 1688 4416 τῷ)
1717 4344 1777 4396 τὸ
1819 4343 1882 4399 i).
1968 4347 2010 4377 “
2047 4347 2104 4398 ἐν
2133 4346 2277 4417 δυσὶ)
2322 4363 2431 4400 imo
2465 4345 2698 4417 ἔνδυαιν.
2778 4346 2822 4375 ²²
2862 4341 3066 4397 σκύλλα
3098 4341 3158 4395 L.
3233 4342 3279 4374 ³³
3311 4349 3404 4396 aut
3433 4341 3512 4405 είς
3539 4340 3736 4394 ἐαυτὸν

446 4408 731 4480 legendum
765 4421 872 4477 est,
905 4420 999 4465 aut
1028 4408 1228 4482 ἐαυτῷ.
1269 4415 1427 4485 Αὑτῴ
1453 4408 1690 4485 8)ἰιιοιῖιι
1719 4417 1922 4483 logotli.
1948 4432 2002 4486 p.
2024 4416 2130 4470 60").
2165 4419 2226 4471 (j.
2257 4408 2302 4452 ίθ
2332 4417 2580 4488 είμενίας
2613 4416 2672 4470 L.

1601 4570 1846 4627 STEPll.
1881 4571 2223 4628 BERGLERI
2253 4573 2482 4630 ΝΟΤᾹΞ.

520 4700 632 4777 (lii)
692 4701 840 4777 Loco
881 4702 978 4758 καὶ
1030 4704 1203 4776 magis
1238 4705 1539 4777 quadraret
1583 4705 2027 4777 articulusf'rd'w.
2067 4712 2109 4766 D
2136 4707 2240 4762 nisi
2269 4707 2421 4762 dicas
2457 4704 2889 4777 equitiae/intem.
2919 4704 3193 4777 subsidio
3236 4703 3328 4758 hic
3358 4703 3511 4777 venit
3541 4703 3766 4777 Conti-‘

444 4775 550 4848 Ea
579 4774 736 4828 fuere
764 4775 1044 4848 ἁλουργὶς,
1083 4774 1405 4848 κοκκοϐαιρῆ
1441 4777 1636 4848 πέδιλα
1678 4785 1736 4831 et
1767 4776 2027 4848 διάδημα.

439 4845 679 4901 Cedren.
715 4861 769 4914 p.
793 4845 917 4912 485,
936 4848 1072 4902 edit.
1099 4847 1276 4900 Paris.
1308 4847 1376 4900 de
1405 4847 1598 4902 eadem
1623 4857 1717 4901 re.‘

517 4915 628 4984 (11)
659 4915 1038 4990 Splcecismus,
1067 4917 1175 4971 nisi
1211 4931 1310 4990 pro
1337 4917 1530 4990 ἐαυτοῦ
1556 4917 1920 4990 ἰοθαεΑαὺτοῦ.
1969 4917 2030 4972 In

439 4987 631 5058 Grzeco
677 4986 834 5058 deest
856 4987 1097 5054 λέγεται,
1147 4987 1297 5058 quod
1349 4987 1588 5044 habetur
1618 4986 1675 5042 in
1697 4987 2028 5046 Continuat.

438 5074 493 5128 p.
523 5057 621 5128 712,
641 5057 736 5110 ubi
761 5056 829 5111 de
853 5059 1047 5112 eadem
1081 5056 1177 5112 re.
2005 5075 2009 5078 '

537 5127 622 5198 12)
655 5128 941 5198 Cedrenus
958 5129 1278 5198 caeterique.

541 5197 624 5269 15)
657 5197 966 5269 Cedrenus,
998 5215 1054 5269 p.
1080 5197 1206 5267 485,
1231 5201 1368 5256 edit.
1407 5201 1585 5255 Paris.

481 5267 622 5340 ~(illi)
651 5267 974 5340 Continuat.
1001 5267 1062 5340 ρ.
1103 5271 1189 5333 12,
1223 5272 1360 5326 edit.
1389 5271 1563 5326 Paris.

512 5339 848 5414 (l_5)_Dee_st_
876 5339 1286 5414 substantivium
1342 5342 1881 5414 [μαρμάρῳμῐίιώθῑ
1920 5358 2028 5414 7co-

437 5407 781 5479 dei}.'Apud
816 5408 1145 5484 Symeonem
1179 5407 1581 5484 Logot'liet'am,
1603 5407 1700 5481 qui
1733 5416 1876 5470 solet
1915 5413 2029 5468 No-

441 5489 617 5555 strum
635 5479 979 5555 quandoque
1001 5479 1341 5555 exscribere,
1376 5491 1461 5555 est
1495 5479 1794 5555 μαρμάρῳ,
1816 5502 1873 5554 p.
1901 5484 2029 5548 ιίοῖ,

438 5550 575 5605 edit.
606 5550 834 5626 _Paris..
868 5551 1034 5626 ἐντῷ
1068 5553 1190 5606 κατ’
1258 5550 1588 5622 ἐπιφάνειαν
1616 5550 1626 5554 ’
1651 5550 1897 5626 κυκλικῴ
1934 5557 2028 5608 καὶ

436 5621 707 5691 πορφύρῳ
750 5621 1052 5691 μαρμάρινα

534 5675 968 5762 1Β)’Ϋεέιὶεῗίῖῖηέ
992 5675 1170 5757 ἀετός,
1194 5695 1378 5762 aquila
1414 5697 1735 5751 vocabatur.
1771 5696 2021 5751 Graecum

437 5759 762 5822 ἀειίζουσαν
795 5761 1029 5818 obscure
1074 5759 1281 5819 dicitur
1335 5779 1390 5822 et
1443 5768 1528 5821 vix
1576 5776 1756 5837 potest
1789 5769 2019 5838 exprimi

603 5127 624 5409 ἓ

2134 4789 2288 4832 nuat.
2331 4794 2384 4846 p.
2407 4773 2648 4832 laedit.
2677 4776 2852 4830 Paris.
2878 4776 2971 4830 ubi
3001 4777 3070 4830 de
3095 4775 3286 4830 eadem
3313 4791 3371 4846 re
3393 4773 3548 4828 ἀετὸν
3575 4774 3738 4846 τοῦτο

2135 4844 2386 4903 καλοῦσι.
2408 4847 2644 4918 Symeon
2672 4847 2804 4918 Log.
2838 4863 2937 4918 p_ro
2972 4844 3495 4918 ﬁeriCousaviltabet
3534 4844 3737 4918 ἐκλάμ-

2136 4936 2368 4982 πουσαν,
2540 4918 2668 4974 402.
2716 4891 2886 4973 editi'
2922 4891 3120 4971 Paris.‘
3160 4916 3570 4987 Ἐκδιδύσκεται
3633 4891 3734 4985 τῇ

2135 4991 2343 5058 ἐσθῆτα
2370 4986 2798 5058 ἢνίὲπεϐέϐλητο
2829 4987 3122 5056 ῥοδοειδέσι
3177 4988 3369 5058 χρόαις
3410 4986 3733 5058 ἐκλάμπους

2139 5057 2490 5128 aav.Nempe
2514 5061 2633 5114 sine
2657 5061 2714 5110 ἐν
2739 5059 2891 5111 δυσὶν
2921 5061 3111 5122 etiam,
3145 5057 3294 5127 quod
3323 5057 3377 5111 in
3409 5057 3731 5125 Nostroest,

2135 5146 2237 5186 nec
2271 5133 2406 5184 satis
2425 5138 2654 5200 apparet
2686 5145 2977 5200 quorsum.

2139 5271 2182 5326 Ρ
2210 5202 2321 5281 (1.7)
2344 5196 2582 5255 Cedren.
2610 5217 2666 5270 p.
2689 5196 2796 5254 285
2810 5199 2948 5253 edit.
2979 5197 3167 5266 Paris;
3189 5199 3437 5254 Zonaras
3473 5196 3570 5252 118
3591 5197 3729 5252 edit.

2184 5288 2314 5324 aris.

2184 5288 2314 5324 al'IS.

2223 5341 2424 5413 (l8)7F.
2447 5341 2653 5396 excidit
2677 5343 2778 5404 είς.
2805 5340 2954 5412 Sym.
2981 5339 3115 5411 Log.
3149 5356 3199 5410 p.
3230 5340 3336 5413 402
3379 5339 3514 5413 edit.
3551 5339 3730 5413 Paris.

2139 5413 2208 5469 de
2235 5411 2450 5467 eadem
2509 5427 2589 5473 re,
2619 5411 2988 5480 νεωτερισμόν
3020 5429 3141 5463 τινα
3197 5412 3328 5480 παρ’
3351 5411 3518 5464 αὐτοῦ
3563 5412 3731 5479 (male

2140 5485 2240 5552 ibi)
2277 5485 2563 5551 παραυτά;
2601 5483 2708 5536 hoc
2735 5483 2874 5539 alias
2906 5482 3146 5552 dicatur)
3180 5480 3402 5535 ἔσεσθαι
3423 5482 3595 5551 αὐτῷ.

2246 5555 2328 5611 19)
2363 5554 2420 5607 F.
2449 5554 2657 5609 excidit
2689 5555 2769 5608 ἐν.

2213 5623 2326 5694 (20)
2373 5626 2698 5680 Continuat.
2737 5641 2792 5695 p.
2851 5626 2938 5688 15,
2997 5631 3054 5678 et
3083 5623 3322 5679 Cedren.
3361 5641 3418 5694 p.
3449 5623 3553 5679 485
3589 5623 3726 5678 ed-it.

2132 5698 2308 5752 Paris.
2339 5725 2407 5735 -ι
2441 5698 2792 5750 Δείκνυνται
2829 5697 2932 5749 Ἰσ.
2959 5697 3227 5749 δύνονται.
3263 5696 3574 5751 REINEsws.
3605 5695 3729 5750 Non

2135 5770 2323 5839 inepte
2350 5767 2603 5836 quidem,
2634 5768 2729 5822 sed
2765 5777 2970 5838 prmtcr
3002 5768 3420 5844 necessitatem,
