4128 6422
307 280 415 345 997

1651 291 1796 351 ΗΕΘ
1811 293 1914 354 UM
1955 293 2098 353 LIB.
2143 294 2186 351 Ι.

3479 301 3584 366 998

305 413 468 467 μενον
491 396 536 426 ’⁸
567 394 701 467 (2|).
732 389 776 464 ᾧ
811 396 929 450 κατ’
961 396 1081 462 ἔτος
1114 402 1319 470 χρυσοῦ
1352 402 1562 476 δωρεὰν
1601 409 1741 460 κατά
1768 427 1887 462 τινα

1994 411 2196 464 stabat.
2259 411 2493 466 Uxorem
2570 419 2753 466 autem
2812 414 2931 484 ejus
2977 421 3034 468 et
3095 413 3302 473 liberos
3357 432 3582 488 separa-

299 491 649 560 npo’iecjtiav
707 491 1091 561 ὲδαψιλεύετο”
1150 494 1251 565 τὴν
1297 496 1354 548 δὲ
1399 499 1648 569 γαμετὴν
1694 502 1889 555 καὶτὰ

297 583 471 636 τέκνα
498 582 688 636 τούτου
721 584 1029 656 διέστησεν,
1057 586 1116 653 ἐξ
1141 580 1216 640 ὧν
1240 589 1329 642 τὸν
1347 591 1605 659 Ἱγνάτιον
1634 595 1890 665 εὐνουχέᾳ

298 674 625 746 κατέκρινεν
660 675 795 746 (22).

382 768 472 831 Ὠς
501 769 558 820 δὲ
585 769 694 822 τῶν
727 768 1008 838 βασιλείας
1031 773 1200 842 ἡνιῶν
1229 776 1258 828 ὁ
1289 777 1444 830 Λέων
1469 777 1732 847 ἐδράξατο
1749 779 1886 850 (25),

295 862 366 914 τὰ
419 879 605 934 μεμυη
617 863 752 932 μένα
799 863 1083 936 Βαρδανίῳ
1118 865 1194 938 τῷ
1224 869 1503 941 πατρικίῳ
1523 912 1538 936 ,
1644 871 1889 943 Τοῦρκος

297 954 612 1025 ἐπίκλησις,
647 955 773 1026 περὶ
800 958 968 1011 αὐτοῦ
998 960 1078 1022 είς
1103 961 1222 1029 φῶς
1250 961 1611 1018 διανέκυπτεν
1643 964 1779 1034 (24).

371 1041 543 1112 Οὗτος
581 1049 712 1116 γοῦν
776 1050 806 1102 ὁ
853 1050 1171 1121 Βαρδάνιος,
1209 1055 1299 1108 ὅτε
1331 1056 1425 1109 τοῦ
1460 1059 1559 1128 τῆς
1594 1053 1889 1128 Ἀνάτολῆς

297 1141 550 1210 ἐξηγεῖτο
605 1140 862 1210 θέματος,
897 1142 1189 1212 βασιλειῶν
1225 1147 1338 1218 (25)
1373 1147 1514 1218 ἄγαν
1547 1149 1634 1204 διὰ
1667 1151 1890 1222 φροντί-

295 1231 386 1294 δος
441 1234 498 1283 ἐν
522 1230 703 1302 ἐαυτῷ
755 1228 900 1303 εἶχεν
952 1235 1202 1290 ἐπίθεσιν
1257 1237 1400 1292 ὥστε
1459 1241 1562 1310 τῆς
1610 1241 1892 1310 βασιλείας

298 1323 774 1392 ἐπιλαμϐάνεσθαι
794 1341 807 1356 ·
841 1326 964 1381 ὅθεν
993 1313 1200 1399 ταύτην
1234 1332 1458 1403 μοναχῷ
1482 1333 1594 1387 τῶν
1626 1335 1891 1405 ἐπειλημ-

300 1415 481 1485 μένων
499 1417 546 1447 ²⁶
607 1417 974 1488 προγνώσεως
1025 1425 1518 1495 περιεσκεμμένως
1569 1427 1891 1496 προσανετί-

297 1507 406 1572 Οει,
441 1509 542 1574 τὴν
575 1509 864 1582 διατριϐὴν
899 1515 1220 1587 ποιουμένῳ
1251 1517 1393 1588 πρός
1421 1536 1546 1572 τινα
1590 1520 1768 1591 χῶρον
1795 1520 1888 1573 τοῦ

295 1601 646 1674 Φιλομηλίου,
717 1605 1012 1678 συνίστορα
1067 1609 1164 1662 τοῦ
1226 1611 1473 1665 τοιούτου
1519 1613 1891 1685 βουλεύματος

299 1697 641 1766 κεκτημένος
670 1697 764 1751 τὸν
799 1699 1008 1754 Λέοντα
1045 1701 1182 1772 (26),
1238 1704 1407 1776 ἄνδρα
1436 1706 1650 1771 πολλοῖς
1683 1708 1890 1777 ἐμπρέ-

1995 502 2113 565 vit,
2176 517 2243 556 ex
2303 503 2509 572 quibus
2572 504 2843 575 lgnatium
2903 506 3257 563 castrandum
3311 507 3579 566 eondem-

1993 596 2163 648 navit.

2063 779 2119 848 8
2154 777 2223 833 Ut
2245 792 2380 832 vero
2416 778 2632 848 imperii
2660 778 2904 833 habenas
2928 779 3124 847 tenuit,
3163 781 3425 850 praedicta
3453 781 3557 836 Bar
3601 767 3608 797 ί

1993 869 2159 923 danio
2194 870 2452 940 patricio,
2504 869 2595 925 cui
2636 870 2853 926 Turcus
2886 885 3214 942 cognomen,
3266 873 3376 943 jam
3405 874 3458 927 in
3493 875 3581 927 lu-

1994 977 2114 1016 cem
2137 963 2518 1032 emergebant.

2068 1054 2176 1108 lstc
2220 1069 2462 1123 namque
2521 1052 2854 1118 Bardanius,
2927 1069 3051 1108 cum
3111 1053 3294 1109 adhuc
3339 1054 3583 1110 Orientis

1996 1145 2223 1200 themati
2256 1145 2552 1214 praafectus
2585 1154 2757 1209 esset,
2809 1145 2969 1201 valde
3003 1146 3232 1216 cupiens
3261 1147 3376 1201 licri
3406 1147 3551 1217 impc
3572 1177 3584 1186 -

1993 1247 2167 1301 rator,
2204 1238 2549 1292 invasionem
2602 1237 2999 1303 meditabatur,
3036 1247 3098 1292 ut
3138 1241 3435 1308 imperium
3485 1255 3582 1294 ca-

1994 1341 2265 1401 pesseret.
2297 1331 2456 1386 Unde
2487 1331 2634 1385 hanc
2659 1346 2772 1384 rem
2802 1332 3077 1385 monacho
3108 1333 3329 1386 cuidam
3351 1333 3580 1387 habenti

1994 1424 2402 1494 praescientiam
2461 1424 2782 1479 futurorum
2831 1425 3136 1494 aperiebat,
3198 1425 3468 1479 habitanti
3527 1426 3583 1479 in

1993 1515 2235 1584 quodam
2287 1515 2410 1570 loco
2461 1515 2809 1581 Philomelii;
2861 1515 3143 1570 conscium
3199 1516 3582 1587 hujuscemodi

1995 1606 2216 1662 consilii
2272 1607 2490 1662 habens
2537 1607 2779 1662 Leonem
2838 1608 3026 1674 istum,
3080 1609 3258 1662 virum
3301 1609 3412 1680 jam
3467 1619 3583 1664 tum

1995 1698 2187 1752 multis
2221 1699 2586 1768 conspicuum
2625 1699 2974 1754 fortitudinis
3007 1699 3408 1770 praerogativis,
3433 1700 3582 1754 virili

297 1787 478 1856 ψαντα
537 1791 921 1863 γενναιότητος
973 1797 1414 1866 προτερήμασιν,
1473 1799 1731 1869 ἀνδρικὸν
1790 1801 1888 1870 τὴν

1996 1792 2248 1861 trucique
2282 1801 2509 1862 aspectu
2544 1803 2712 1862 atque
2740 1793 2954 1858 habitu,
2995 1793 3186 1847 mediae
3223 1793 3419 1855 aetatis.
3473 1793 3559 1846 ior
3593 1821 3597 1828 -

295 1881 422 1950 ὄψιν
444 1883 540 1936 καὶ
573 1884 926 1954 βλοσυρωπδν
944 1888 988 1919 ⁸⁷
1007 1888 1068 1941 τὸ
1101 1889 1458 1960 κατάστημα,
1490 1891 1760 1962 μεσήλικα
1794 1891 1888 1944 καὶ

297 1973 593 2043 εὐάμιλλον
611 1975 658 2007 ’⁸
693 1977 836 2047 (27),
875 1976 1225 2050 ἐκτραφέντα
1247 1999 1306 2035 τε
1329 1982 1423 2047 τοῦ
1446 1982 1612 2036 αὑτοῦ
1651 1983 1888 2053 θέματος

295 2066 390 2118 ἐπί
439 2083 546 2120 τινι
595 2068 746 2139 τόπῳ
799 2069 972 2140 Πίδρᾳ
1023 2073 1565 2146 προσονομαζομένῳ
1594 2076 1730 2146 (28),
1791 2075 1889 2129 σὺν

295 2159 451 2230 αὗτῷ
477 2160 537 2213 δὲ
572 2162 666 2214 κα)¹
697 2163 922 2234 Μιχαὴλ
944 2167 1034 2219 τὸν
1065 2166 1125 2230 ἐξ
1168 2167 1428 2239 Ἀμορίου
1455 2170 1817 2240 τυγχάνοντα,
1844 2162 1889 2237 ᾧ

291 2249 355 2302 τὸ
385 2250 483 2318 τῆς
512 2250 766 2321 γλώττης
802 2252 1138 2324 παράσημον
1161 2257 1460 2327 ἐγεγένητο
1488 2258 1626 2330 (29),
1670 2259 1790 2329 μεθ’
1813 2253 1889 2312 ὧν

295 2339 394 2393 καὶ
413 2340 618 2411 Θωμᾶν
648 2341 739 2394 τὸν
773 2343 883 2397 ἀπὸ
912 2344 1110 2416 λίμνης
1139 2345 1442 2418 Γαζουροῦ,
1502 2349 1596 2401 καὶ
1633 2351 1800 2403 αὐτὸν
1830 2349 1891 2415 ἐξ

306 2434 612 2503 Ἀρμενίων
662 2435 726 2488 τὸ
772 2438 930 2506 γένος
979 2440 1316 2508 κατάγοντα,
1348 2440 1486 2494 ἃ).λὰ
1525 2441 1633 2513 μὴν
1671 2444 1769 2497 καὶ
1797 2445 1894 2497 ἀν-

292 2523 470 2593 δρεῖον
501 2525 596 2577 καὶ
634 2525 1280 2598 πολυπραγμονέστατον.
1313 2532 1420 2585 Τοῦ
1454 2527 1550 2585 οὖν
1583 2532 1888 2603 Βαρεανίου

295 2617 620 2686 προσιόντος
652 2636 717 2687 γε
747 2619 826 2690 τῷ
851 2621 1160 2690 μονάζοντι,
1195 2624 1375 2677 πάντα
1406 2624 1542 2695 πρὸς
1575 2626 1740 2678 αὑτοῦ
1773 2627 1885 2697 (50)

292 2711 360 2763 τὰ
411 2710 513 2778 τῆς
564 2711 802 2774 διανοίας
858 2713 1342 2782 ἁνακαλύπτεσίξιιι
1376 2717 1694 2786 βουλήματα
1729 2717 1889 2787 λέγει

291 2821 383 2855 ται
416 2805 552 2873 (51),
601 2807 696 2858 καὶ
757 2805 1016 2860 τοσοῦτον
1044 2807 1186 2861 ὥστε
1237 2809 1683 2879 προαγγελϐἧναι
1735 2811 1886 2881 αὐτῷ

292 2896 390 2946 καὶ
453 2893 553 2966 τὴν
614 2895 935 2964 περιουσίας
965 2898 1262 2968 ἀφαίρεσιν
1313 2901 1405 2952 καὶ
1454 2899 1553 2970 τὴν
1586 2900 1886 2972 ὀφθαλμῶν

293 2981 566 3050 πήρωσιν.
605 2981 812 3036 Τούτου
855 2983 910 3036 δὲ
935 2985 1048 3055 (52)
1083 2986 1177 3039 ἐπὶ
1209 2989 1321 3050 τοῖς
1353 2989 1708 3059 προρηθεῖσιν
1729 2993 1772 3022 ³³
1810 2993 1886 3056 ὡς

1994 1891 2103 1938 tem
2140 1884 2548 1955 educatumque
2581 1885 2635 1939 in
2670 1885 2918 1956 ejusdem
2972 1886 3233 1940 thematis
3283 1885 3584 1940 Orientalis

1991 1976 2232 2045 quodam
2264 1978 2384 2033 loco
2413 1978 2578 2033 Pidra
2610 1979 2781 2040 dicto,
2813 1993 3050 2048 eumque
3071 1993 3138 2032 co
3171 1989 3227 2034 et
3261 1977 3582 2032 Michaelem

1991 2065 2395 2130 Amerienscm,
2425 2059 2510 2124 cui
2536 2069 2739 2139 lingnze
2763 2070 2899 2123 illud
2930 2071 3128 2124 vitium
3157 2069 3363 2134 inerat,
3387 2068 3586 2123 simul-

1991 2177 2101 2232 que
2139 2177 2267 2216 cum
2304 2163 2390 2216 his
2428 2162 2698 2217 Thomam
2729 2178 2760 2215 a
2790 2163 2992 2232 palude
3013 2163 3229 2218 Gazura
3257 2163 3581 2227 oriundntn,

1990 2263 2048 2308 et
2103 2254 2285 2323 ipsum
2334 2270 2513 2325 genus
2570 2270 2733 2308 suum
2763 2255 3132 2310 deducentem
3178 2271 3244 2310 ex
3285 2256 3582 2320 Armeniis,

1991 2346 2088 2398 sed
2116 2346 2308 2400 itidem
2332 2347 2514 2400 virum
2557 2354 2847 2401 strenuum
2896 2357 2952 2401 et
2987 2345 3147 2401 valde
3188 2347 3408 2416 agilem.
3450 2347 3584 2401 Bar-

1992 2436 2368 2508 danioitaque
2406 2439 2708 2495 accedente
2757 2440 2823 2494 ad
2877 2440 3234 2503 monachum,
3269 2455 3464 2496 omnes
3513 2441 3584 2494 ab

1997 2532 2106 2585 isto
2134 2530 2306 2583 animi
2339 2530 2939 2601 cugitationes,omnia
2969 2531 3202 2585 consilia
3240 2531 3585 2601 deprehensa

1990 2631 2046 2678 et
2075 2623 2293 2678 detecta
2322 2623 2495 2678 fuisse
2528 2623 2707 2700 aiunt,
2752 2625 2892 2678 adeo
2923 2632 2983 2678 ut
3004 2625 3072 2678 ab
3100 2640 3167 2678 eo
3213 2624 3474 2694 praedicta
3505 2623 3585 2677 illi

1990 2712 2159 2767 fuerit
2189 2715 2360 2767 etiam
2407 2729 2577 2783 epum
2627 2716 2867 2783 privatio
2920 2724 2975 2768 et
3013 2717 3302 2770 oculorum
3345 2731 3585 2770 excmca-

1991 2804 2090 2859 tio.
2124 2804 2305 2874 Super
2349 2807 2437 2860 his
2466 2815 2526 2860 ut
2567 2807 2796 2860 minime
2845 2808 3107 2876 jucundis
3143 2807 3581 2877 indignahnndo,

1990 2912 2117 2953 cum
2149 2897 2518 2952 nihilominus
2551 2907 2848 2953 consuetas
2879 2914 3071 2968 preces
3103 2899 3358 2962 fudisset,
3394 2900 3583 2953 abitus

1989 2998 2239 3060 paratu’r.
2276 2988 2701 3044 Addttcentibus
2725 2999 2911 3044 autem
2934 2989 3204 3043 ministris
3229 2991 3284 3060 9
3309 2991 3358 3044 ei
3381 3006 3579 3059 equos,

291 3074 355 3126 οὐ
386 3074 692 3142 Ουμήρεσιν
726 3077 1160 3146 ἐπασχάλλοντος
1181 3079 1246 3144 ³ο,
1277 3081 1427 3146 ὅμως
1453 3082 1519 3133 τὰ
1556 3083 1759 3154 συνήοη
1784 3084 1886 3156 τῆς

1992 3082 2114 3138 illos
2142 3083 2519 3150 conspicatus,
2559 3098 2774 3137 summa
2829 3099 2953 3137 cum
3000 3083 3354 3137 festinatione
3398 3083 3582 3136 redire

289 3167 464 3237 εὐχῆς
491 3168 936 3240 ἀπολειψαμένου
953 3171 1018 3235 ³¹,
1073 3172 1139 3223 τὰ
1168 3172 1269 3240 τῆς
1300 3172 1706 3243 ὑποχωρήσεως
1736 3177 1885 3246 αὐτῴ

1992 3176 2145 3250 jubet
2170 3175 2526 3232 Dardanium.
2557 3175 2737 3244 Atque
2764 3175 2896 3229 huic
2957 3191 3082 3230 cum
3137 3191 3332 3246 magna
3391 3175 3578 3228 laniiia

292 3259 762 3329 παρευτρέπιστο.
819 3261 1362 3333 ΙΙροςκομισαμένων
1406 3265 1448 3295 ³²
1483 3266 1595 3333 (55)
1655 3267 1710 3318 δὲ
1776 3268 1885 3320 τῶν

290 3351 820 3421 ἐξυπηρετουμένων
856 3353 1055 3416 ἵππους
1095 3353 1266 3424 αὐτῷ,
1324 3355 1554 3419 τούτους
1589 3358 1616 3408 ὁ
1650 3358 1886 3428 μοναχος

293 3536 387 3589 τὸν
433 3537 731 3608 Βαρδάνιον
765 3537 898 3609 (54).
938 3537 1029 3607 Τῷ
1062 3538 1117 3591 δὲ
1173 3539 1315 3609 μετὰ
1368 3541 1703 3612 περιχαρίας
1749 3541 1885 3594 ἁνα-

294 3627 600 3698 κάμψαντι,
634 3629 710 3692 ὼς
740 3630 1116 3700 προσδοκῶντι
1147 3631 1255 3684 τῶν
1278 3633 1639 3702 καταθυμίων
1667 3633 1816 3703 αὐτῷ
1835 3651 1886 3687 τι

289 3721 670 3790 οἰωνισθῆναι,
721 3722 1034 3776 τούναντίον
1081 3723 1247 3777 αὐτοῦ
1295 3724 1406 3777 τῶν
1446 3725 1680 3778 ἐλπίδων
1725 3726 1888 3782 πάλιν

293 3813 464 3882 φησὶν
519 3814 548 3865 ὁ
590 3812 896 3884 Θεοπρόπος
949 3814 1126 3884 ἁνήρ·
1167 3834 1184 3865 ι
1227 3816 1414 3886 Μηδέν
1479 3833 1562 3868 σοι
1614 3817 1747 3886 περὶ
1790 3816 1886 3870 τοῦ

295 3908 745 3979 σκαιωρήματος,
775 3907 802 3960 ὂ
828 3910 892 3978 τῇ
924 3909 990 3978 σῇ
1023 3908 1237 3979 διανοίᾳ.
1285 3909 1470 3972 καλῶς
1525 3910 1638 3979 (55)
1687 3909 1762 3980 μὴ
1795 3912 1886 3962 ἐν-

1987 3269 2317 3332 “revertenti,
2361 3277 2418 3322 ut
2466 3269 2559 3338 qui
2591 3269 2927 3339 opinabatur
2977 3284 3043 3323 ex
3075 3269 3247 3322 animi
3303 3269 3595 3342 sententia

1987 3351 2492 3431 evenissc'aliquod
2526 3362 2844 3431 augurium,
2874 3370 3075 3431 prtetcr
3106 3377 3258 3432 spem
3289 3361 3410 3430 ejus
3444 3360 3581 3414 dicit

291 3443 506 3497 ἀπιδὼν
531 3445 672 3514 μετὰ
700 3445 964 3516 πλείστης
987 3446 1250 3511 ἐπείξεως
1284 3447 1600 3502 ὑπονοστεῖν
1631 3465 1887 3520 παραινει
1945 3517 1952 3528 υ
1984 3453 2070 3506 vir
2099 3453 2324 3507 divinus

1986 3546 2234 3599 animum
2273 3553 2427 3599 tuum
2464 3559 2575 3599 non
2605 3544 2751 3598 bene
2786 3545 3036 3607 incessit,
3085 3557 3251 3597 curae.
3285 3541 3419 3595 Nam
3455 3549 3580 3593 tuo-

2367 3472 2380 3506 :
2433 3472 2450 3502 ι
2493 3452 2570 3506 Ne
2599 3452 2672 3506 sit
2697 3451 2792 3505 tibi
2827 3451 2972 3506 istud
3003 3450 3374 3520 propositum,
3430 3447 3579 3517 quod

1994 3652 2141 3699 rum,
2169 3645 2229 3689 ut
2257 3637 2369 3706 jam
2407 3635 2545 3700 dixi,
2578 3635 2865 3689 oculorum
2893 3647 2949 3689 et
3002 3633 3252 3688 omnium
3305 3632 3583 3686 bonorum

1994 3730 2210 3785 subibis
2240 3728 2610 3798 privationem
2644 3745 2658 3780 :
2692 3727 2928 3781 istorum
2975 3734 3161 3780 autem
3185 3725 3456 3785 virorum,
3487 3722 3584 3791 qui

1995 3837 2171 3891 equos
2198 3821 2265 3875 ad
2323 3829 2481 3874 tuum
2515 3818 2890 3872 ministerium
2949 3817 3322 3876 adduxerunt,
3371 3813 3586 3882 primus

1996 3911 2225 3980 quidem
2284 3917 2341 3964 ct
2398 3908 2678 3964 secundus
2711 3907 2964 3963 diadema
3019 3905 3330 3978 gestabunt,
3388 3900 3585 3955 tertius

1577 4004 1816 4060 VARle
1850 4005 2260 4061 LECTIONES.

293 4172 470 4226 θείσιν

299 4243 485 4313 μένων
510 4243 573 4298 L.

365 4103 416 4135 ﬂ
443 4101 937 4226 συῖφορασάμενον
970 4101 1028 4157 L.
1112 4103 1160 4136 ⁸⁸
1189 4102 1584 4173 ἐπιλημμένων
1617 4101 1702 4167 L._
1758 4103 1806 4136 ³⁷
1839 4103 2224 4175 βλοσσυρωπὺν
2265 4103 2325 4157 Ιι.
2399 4105 2443 4138 ’⁸
2462 4103 2723 4172 εὐάμιλον
2754 4102 2816 4160 L.
2845 4075 3100 4167 εὐόμιλον
3135 4099 3200 4153 ν.
3305 4098 3350 4129 '9
3381 4111 3583 4165 προρε-

365 4173 470 4226 ίσιν
563 4215 579 4226 .
622 4175 1019 4226 ποοὸὸ-τιθεῖοιν
1053 4173 1119 4226 V.
1215 4174 1261 4206 ³ο
1295 4173 1698 4226 ἐπασγάλοντος
1739 4173 1802 4226 L.
1873 4177 1917 4206 ³¹
1950 4175 2378 4226 ἁποληώααένου
2434 4174 2497 4226 L.
2551 4173 2971 4226 ἀποληψομένου
3018 4169 3079 4225 V.
3175 4169 3218 4201 “
3247 4182 3581 4226 προκομισαο

563 4169 580 4240 ζ
622 4169 1019 4247 προρρηθεῖσιν
1053 4173 1119 4230 V.
1215 4174 1261 4206 ³ο
1295 4169 1698 4246 ἐπασχάλοντος
1739 4173 1802 4228 L.
1840 4169 1917 4206 ’³¹
1950 4169 2378 4246 ἀποληψαμένου
2434 4174 2497 4238 L,
2551 4169 2971 4246 ἀποληψομένου
3018 4169 3100 4240 γ.,
3175 4169 3218 4201 ³¹
3247 4182 3581 4238 προκομισαο

1476 4332 1722 4398 STEPH,
1750 4335 2094 4391 BERGLERI
2139 4337 2375 4393 NOTAE.

367 4431 480 4511 (2i)
523 4433 644 4511 '_Io‘.
702 4430 1224 4511 συμπερασάμενον.
1253 4433 1564 4511 Remulus.
1599 4430 1791 4483 Posset
1813 4437 1895 4511 to:
1928 4433 1975 4489 ι)

292 4500 485 4568 Ιει-ὲιιῑ,
522 4503 565 4557 si
594 4503 860 4558 sensisset
890 4501 1184 4555 Reinesius
1213 4501 1742 4571 συμπερασὸμενον·
1789 4500 1884 4554 sed

293 4575 532 4646 propius
576 4574 736 4628 abest
789 4574 1312 4642 συμφυρασὸμενον,
1365 4581 1422 4626 ut
1456 4589 1564 4626 una
1592 4571 1662 4626 ibi
1702 4586 1886 4625 versa-

296 4657 469 4701 retur.
1573 4696 1580 4705 .

369 4715 482 4787 (22)
513 4713 570 4787 ln
597 4713 758 4787 Cont.
794 4729 851 4782 p.
900 4713 968 4766 15
995 4712 1132 4766 edit.
1175 4712 1352 4787 Paris.
1392 4712 1706 4787 Eustratius
1745 4711 1888 4765 ﬁlius

294 4783 582 4842 Michaelis
637 4785 844 4840 dicitur
881 4791 1155 4838 castratus
1214 4783 1408 4838 fuisse.
1469 4783 1630 4836 Alius
1699 4795 1887 4835 autem

293 4859 555 4921 Nicetas,
603 4863 798 4926 postea
851 4852 1206 4926 lgnatius_in
1255 4851 1589 4926 nion’atcitatu
1638 4861 1886 4916 vocatus,

294 4928 440 4982 forte.
459 4929 588 4997 quia
604 4923 924 4997 praefuisset
948 4925 1078 4997 olim
1109 4923 1365 4979 lcanatis.
1396 4923 1635 4997 cedi-en.
1677 4936 1886 4997 antem,

297 5016 353 5068 p.
396 4993 500 5053 483
524 4993 663 5051 edit.
695 4996 871 5051 Paris.
902 5005 959 5049 et
985 4995 1248 5068 lortaras.
1302 5009 1373 5068 ι).Δ
1409 4993 1512 5068 128
1542 4993 1679 5047 edit.
1711 4993 1886 5047 Paris.

296 5064 775 5140 Theophylaetum
806 5076 1005 5140 vocant
1035 5065 1316 5140 illumqu
1354 5064 1458 5117 fuit
1480 5071 1754 5140 castratus

370 5133 482 5212 (25)
517 5133 842 5195 Continuat.
901 5137 1026 5191 init.
1063 5151 1136 5206 p.,
1173 5133 1503 5192 5.7Zonoras
1528 5151 1584 5204 p.
1617 5134 1720 5188 128
1750 5133 1884 5188 edit.

296 5210 476 5266 Paris.
1318 5263 1324 5268 .

372 5281 486 5354 (24)
515 5281 596 5336 Ita
623 5295 729 5336 ms.
762 5279 898 5354 gum
945 5279 1142 5354 Bosins
1169 5291 1464 5348 perperam
1496 5273 1890 5354 descripsisset

296 5347 714 5416 διανέκλυπτεν,
764 5351 1061 5406 Reinesius
1103 5347 1334 5406 anttotat
1367 5365 1460 5418 γρ.
1498 5347 1884 5418 διανέκυζῑῖξνν

298 5424 651 5495 promicuere,
707 5424 760 5478 in
794 5421 1083 5495 lucem,__in
1119 5416 1889 5495 apertum'enzersere_._blclius

299 5487 556 5548 i’ortassis
583 5493 970 5557 ἐξανέκυπτεν.
995 5492 1122 5547 Haec
1147 5487 1257 5546 ille.
1293 5489 1399 5544 Sed
1434 5491 1506 5543 ita
1529 5487 1800 5558 quidlibet
1821 5501 1889 5540 ex

297 5565 555 5635 quolibet
608 5563 798 5628 facias,
835 5563 1218 5635 inhaerendum
1274 5560 1522 5635 vestigiis
1551 5561 1884 5635 litterarum,

297 5628 377 5702 (ξι,
406 5635 451 5689 si
484 5635 615 5704 quid
650 5634 995 5693 mutandum,
1033 5635 1141 5704 leg.
1172 5633 1236 5702 δὴ
1276 5628 1582 5685 άνὲκύπτεν
1624 5631 1658 5684 i.
1697 5645 1748 5684 c.
1783 5628 1886 5700 ἤδη

298 5708 631 5767 ἀνέκοπτεν,
655 5706 778 5772 jam
802 5705 1156 5772 emergebant.

375 5777 487 5850 (25)
514 5777 875 5845 Partieipttm,
910 5785 967 5827 ut
997 5774 1420 5844 37:03szan

2077 4431 2188 4504 (26)
2227 4432 2302 4486 Ita
2367 4430 2637 4504 loquitur,
2685 4429 2843 4504 quasi
2903 4441 3069 4504 nunc
3099 4424 3341 4504 primum
3371 4422 3580 4503 faciens

1992 4498 2338 4559 mentionem
2401 4498 2628 4557 Leonis.
2693 4498 2886 4570 itaque
2944 4498 3134 4554 addidi
3179 4498 3338 4551 istum
3377 4505 3433 4550 et
3460 4498 3583 4562 jam

1994 4585 2104 4632 tum
2115 4616 2126 4627 .

2066 4645 2177 4718 (27)
2194 4645 2482 4718 βαι-ἰρι-ιιιῐι
2505 4642 2785 4718 εὑάμιλον,
2815 4639 2961 4711 quod
2996 4638 3135 4718 nihil
3168 4637 3436 4718 est..lllud
3468 4637 3580 4708 [εὐ-

1996 4709 2209 4789 ὁμὶλον]
2231 4709 2360 4789 este
2382 4709 2626 4789 Beinesii
2647 4709 2988 4789 conjectura,
3009 4711 3130 4765 sine
3156 4709 3326 4789 dubio
3361 4724 3578 4789 verum.

1993 4779 2130 4843 Nam
2167 4779 2241 4842 iia
2275 4788 2344 4842 de
2393 4787 2578 4840 Leone
2634 4793 2690 4837 ct
2723 4779 3042 4837 Continuat.
3080 4797 3135 4850 p.
3184 4779 3239 4847 5,
3267 4779 3334 4833 de
3359 4779 3580 4845 eodem,

1994 4860 2210 4912 ἀστεῖον
2241 4861 2297 4910 ἐν
2334 4861 2450 4919 ταῖς
2481 4855 2719 4924 ὁμιλίαις
2743 4852 3027 4907 δοκοῦντα.

2071 4930 2181 4995 (28)
2212 4929 2531 4985 Continuat.
2569 4926 2692 4995 init.

2071 4955 2160 4995 (ΖΟ
2212 4955 2531 4985 ιιυιιιιιιυίιι.
2570 4955 2692 4979 "tu.

2069 4955 2181 5070 (29)
2215 5000 2346 5055 Scil.
2381 4997 2610 5068 τραυλὸς
2637 4991 2724 5066 ἦν.
2767 4995 3079 5070 Rstsssws.

2068 5065 2180 5141 (50)
2207 5071 2284 5125 lta
2317 5065 2603 5141 scriptum,
2633 5065 2743 5120 non
2775 5065 2962 5120 αὐτόν.

2067 5139 2185 5213 (51)
2222 5143 2358 5194 Ζοιι.
2393 5157 2448 5209 p.
2482 5139 2600 5213 128.

2066 5211 2177 5282 (52)
2208 5213 2370 5282 Cont.
2411 5225 2466 5279 p.
2505 5211 2558 5263 5.

2208 5231 2488 5354 ἓὲἓέίιεῑίξε
2505 5231 2736 5354 0tantum
2777 5293 2969 5354 prose
2981 5275 3218 5354 precibus
3243 5273 3578 5354 impetratis.

1992 5344 2315 5426 goittiiiuat.
2351 5369 2405 5422 p.
2440 5351 2496 5411 5,
2551 5351 2649 5426 καὶἶ
2704 5344 3022 5426 πρὸςθεξν
3045 5348 3208 5416 εὐχὰς
3236 5344 3577 5426 ’ἱκετηρίουςτ

1993 5423 2240 5496 Petierat
2297 5417 2371 5496 ut:
2396 5420 2653 5496 monachi
2689 5417 2956 5488 precibus
2990 5419 3153 5472 liceat
3199 5417 3249 5471 ei
3288 5417 3579 5496 consequi

1995 5494 2312 5563 imperium.
2341 5493 2447 5548 Sed
2482 5493 2528 5547 is
2562 5499 2774 5563 tantum
2802 5498 3097 5545 consuetas
3123 5493 3401 5558 promisit.

2067 5561 2177 5637 (54)
2208 5565 2344 5637 Ζοιι.
2378 5565 2435 5637 in
2470 5563 2656 5618 Leone
2678 5561 3018 5637 REINESIUS._
3223 5628 3234 5637 .
3350 5626 3366 5637 ι
3391 5624 3417 5637 η

2067 5569 2157 5636 (54
2208 5569 2344 5619 Ζοιι.
2378 5569 2435 5618 in
2470 5569 2656 5618 Leone
2678 5569 2988 5616 limassws.

2064 5569 2178 5708 (55)
2212 5636 2289 5689 Ita
2320 5635 2615 5708 scriptum,
2644 5647 2770 5687 cum
2798 5632 3136 5704 oportuisset
3178 5628 3252 5700 μὴ
3277 5624 3458 5691 καλῶς
3482 5633 3582 5683 aut

1995 5705 2179 5778 potius
2208 5708 2268 5760 οὐ
2297 5705 2498 5769 καλῶς.
