4128 6450
498 300 606 363 999
1582 264 1587 265 ί
1784 290 2096 352 JOSEPHI
2136 264 2450 350 GENESlI
3058 323 3065 329 -
3150 328 3157 331 τ
3627 286 3767 353 1000

500 418 687 466 autem
723 417 936 466 tantum
965 404 1423 461 acclamationem
1460 412 1797 460 consecutus
1850 422 1973 459 mox
2009 407 2091 460 in-

2197 406 2433 477 έσκηψε,
2476 402 2937 472 πεφροντισμένον
2984 402 3143 455 ἔστω.
3176 401 3296 453 Τῶν
3349 400 3454 471 γὰρ
3515 401 3643 468 σῶν⁹
3689 403 3769 467 ὡς

508 503 712 559 teribit.
751 521 767 552 ι
804 501 974 570 Igitur
1026 498 1333 553 Bardanius
1381 498 1449 551 ad
1490 498 1609 552 haec
1665 514 1791 553 eum
1850 500 2091 569 graviter

2195 500 2373 569 ἔφθην
2396 497 2566 550 εἰπών
2598 514 2701 559 σοι,
2735 494 2999 565 ὀμμάτων
3034 493 3129 546 καὶ
3174 492 3273 561 τῆς
3300 493 3594 561 ὑπάρξεως
3626 494 3767 548 ὑπο-

506 593 885 665 ingemuisset,
914 606 1069 645 suam
1101 590 1270 644 animi
1296 589 1692 660 cogitationem
1724 590 1895 644 Leoni
1924 598 2091 658 atque

2195 592 2367 661 στήσῃ
2399 590 2499 658 τὴν
2530 587 2884 659 ἀλλοτρίωσιν
2911 586 3061 657 (56);
3094 587 3142 638 οἱ
3183 585 3239 638 δὲ
3284 586 3411 649 τοὺς
3454 586 3653 648 ἵππους
3684 603 3768 638 σοι

505 685 797 750 Michaeli,
871 699 1090 738 necnon
1145 683 1393 746 Thomte,
1457 682 1571 736 suis
1618 682 1905 746 ministris,
1963 699 2087 736 eum

2194 684 2329 753 πρὸς
2378 681 2682 751 ὑπηρεσίαν
2741 679 3163 750 ὲπικομίσαντες
3217 678 3432 746 ἄνδρες,
3483 678 3688 730 τούτων
3740 678 3770 729 6

504 778 743 847 quadam
791 775 1195 832 contumeliosa
1256 775 1311 828 in
1376 775 1708 829 monachum
1778 774 2091 831 invectione

2194 775 2412 843 πρῶτος
2459 775 2553 827 καὶ
2600 776 2627 826 ὁ
2675 775 2793 843 μετ’
2824 773 2985 826 αὑτὸν
3013 772 3580 842 διαδηματοφορήσει,
3620 774 3713 823 και
3740 770 3770 820 6

503 869 813 939 aperiebat,
843 868 1035 924 dicens
1059 866 1446 938 hujuscemodi
1480 866 1727 936 quasdam
1765 884 1778 921 :
1825 867 1935 922 «Tu
1967 868 2092 937 qui-

512 960 660 1027 dem,
695 961 827 1027 Leo,
866 959 1099 1029 imperio
1123 960 1329 1029 potitus
1352 959 1590 1012 Thomas
1618 969 1801 1013 autem
1825 959 2092 1013 acclama-

510 1062 622 1117 tus,
655 1068 684 1107 a
714 1052 980 1106 Michaele
1011 1050 1440 1114 interficiemini,
1475 1050 1571 1120 qui
1605 1050 1721 1119 ipse
1777 1050 2091 1106 servabitur

509 1142 567 1197 in
602 1144 834 1213 imperio
860 1144 1021 1213 plane
1048 1142 1359 1196 incolumis.
1399 1161 1416 1193 ι

509 1236 604 1289 καί
637 1253 780 1297 τινος
800 1235 890 1287 ἐπὶ
914 1233 1008 1286 τοῦ
1040 1234 1275 1303 μοναχοῡ
1309 1233 1633 1306 ὑϐριστικῆς
1660 1236 2081 1306 προσοχθήσεως
2121 1237 2429 1307 παρεδήλου
2468 1238 2602 1309 (57),
2636 1239 2862 1305 φάσκων
2917 1238 3097 1292 τοιάδε
3146 1239 3259 1310 (58)
3282 1256 3298 1271 ⁸

510 1331 691 1396 Λέων,
732 1330 1061 1401 βασιλεύσας
1106 1330 1204 1385 καὶ
1253 1331 1428 1401 Θωμᾷ
1460 1331 1793 1403 ἀναρρηθεὶς
1836 1333 1985 1402 παρὰ
2039 1333 2259 1404 Μιχαὴλ
2347 1334 2767 1404 φονευθήσεσθε,
2818 1333 2983 1387 αὑτοῦ

512 1427 568 1478 ἑν
595 1428 659 1494 τῇ
703 1423 945 1495 βασιλείᾳ
976 1425 1195 1488 πάντως
1220 1427 1524 1495 ἀπήμονος.
1561 1446 1579 1478 ›

581 1519 722 1573 Hinc
746 1519 1051 1575 Bardanius
1067 1522 1254 1575 animo
1282 1522 1425 1576 male
1449 1522 1681 1577 allectus
1704 1523 1760 1577 in
1787 1523 2088 1579 demanda-

513 1620 627 1664 tum
669 1610 775 1664 sibi
803 1610 985 1665 thema
1018 1628 1278 1668 reversus
1322 1629 1449 1668 cum
1483 1630 1584 1668 suo
1610 1616 1857 1671 exercitu
1881 1624 1936 1671 et
1969 1615 2091 1686 qui-

2191 868 2377 938 τρίτος
2420 867 2696 937 ἐπιτυχὼν
2724 868 3083 939 ἀναρρήσεως
3122 867 3331 936 ταχέως
3359 865 3574 934 θανάτῳ
3604 882 3772 917 κατα-

2191 960 2587 1029 στραφήσεται.
2628 980 2645 1010 ι
2692 961 2749 1013 Ὀ
2778 956 2869 1013 οὖν
2903 959 3195 1030 Βαρδάνιος
3227 958 3363 1029 πρὸς
3405 956 3581 1011 ταῦτα
3607 958 3773 1026 χαλε-

2191 1053 2309 1114 πῶς
2335 1051 2647 1122 ἀνοιμώξας
2676 1052 2746 1105 τά
2776 1053 2871 1106 τοῦ
2898 1051 3158 1121 λογισμοῦ
3198 1050 3361 1104 αὑτοῦ
3386 1049 3463 1119 τῷ
3488 1067 3547 1103 τε
3577 1049 3770 1102 Λέοντι

2191 1146 2285 1198 καὶ
2314 1145 2533 1215 Μιχαὴλ
2555 1147 2648 1199 καὶ
2681 1145 2872 1215 Θωμᾷ,
2922 1146 3034 1207 τοῖς
3073 1142 3176 1196 ὑπὸ
3217 1145 3374 1213 χεῖρα
3402 1139 3598 1211 τούτῳ,
3632 1142 3771 1211 μετὰ

3393 1256 3411 1289 ί
3447 1240 3519 1292 Σὺ
3575 1238 3692 1306 μὲν,
3724 1230 3771 1289 ὧ

3060 1350 3125 1402 γε
3197 1332 3769 1402 διαφυλαχθηοομένου

2289 1522 2571 1575 Ἐντεῦθεν
2619 1519 2915 1589 Βαρδάνιος
2943 1517 3084 1571 κατὰ
3116 1518 3294 1588 ψυχὴν
3337 1517 3645 1587 χαλεπήνας
3676 1519 3773 1571 καὶ

2197 1616 2276 1677 εἰς
2299 1615 2359 1668 τὺ
2386 1612 2874 1684 ἐγκεχειρισμένον
2909 1610 3057 1681 αὑτῷ
3094 1611 3237 1681 θέμα
3269 1611 3505 1664 ἐπανιὼν
3540 1611 3634 1664 σὺν
3658 1614 3773 1674 τοῖς

510 1702 747 1756 busdam
778 1703 902 1758 aliis
932 1704 1052 1773 ejus
1079 1707 1407 1776 arrogantiae
1460 1708 1626 1764 sociis
1682 1717 1875 1763 contra
1919 1709 2091 1780 impe-

2199 1708 2290 1761 ὑπ’
2316 1709 2463 1777 αὑτῷ
2500 1707 2883 1778 στρατοπέδοις
2903 1703 2997 1757 καί
3021 1721 3163 1759 τισιν
3185 1705 3365 1768 ἄλλοις
3392 1704 3657 1773 ὁμόφροσι
3674 1704 3773 1772 τῆς

512 1805 726 1849 rantem
755 1803 885 1849 tunc
920 1794 1289 1866 Nicephorum
1321 1816 1461 1855 vano
1486 1802 1720 1856 consilio
1751 1802 1807 1855 in
1836 1802 2091 1875 Bithynia

2196 1800 2518 1864 ἀλαζονείας
2564 1798 2730 1852 αὑτοῦ
2776 1800 2919 1853 κατὰ
2962 1798 3057 1853 τοῦ
3104 1796 3405 1867 τηνικαῦτα
3454 1794 3771 1864 Νικηφόρου

512 1896 690 1941 castra
714 1887 890 1957 ponit.
916 1886 1036 1953 Quo
1073 1889 1263 1945 audito
1293 1891 1640 1963 Nicephorus
1662 1896 1895 1953 collecto
1939 1910 2095 1951 exer-

511 1980 625 2034 citu
660 1980 889 2035 minime
924 1984 1351 2047 contemnendo,
1378 1986 1527 2040 hunc
1558 1996 1750 2041 contra
1777 1986 1928 2042 illum
1964 1988 2093 2042 mit-

514 2071 600 2125 tit.
630 2071 732 2125 Hic
762 2072 1114 2141 expeditione
1143 2075 1235 2128 illa
1272 2078 1502 2131 territus
1531 2078 1811 2134 submittit
1838 2094 1898 2133 se
1918 2079 2093 2149 impc-

512 2164 706 2225 ratori,
731 2173 996 2234 expetens
1013 2167 1466 2223 certiﬁcationem
1499 2171 1671 2225 veniae
1699 2188 1711 2224 :
1745 2187 1907 2242 quam
1936 2172 2094 2227 facile

510 2254 858 2323 adipiscitur,
913 2274 1012 2327 per
1071 2260 1256 2315 crucis
1302 2262 1520 2332 signum
1574 2265 1679 2334 ιο
1737 2266 2092 2320 securitatem

510 2358 865 2412 consecutus,
911 2350 1400 2423 obedientiamque
1426 2364 1667 2425 praestat,
1721 2358 2095 2412 condemnans

512 2454 571 2493 se
592 2439 774 2508 ipsum
815 2441 885 2494 oh
942 2441 1182 2505 facinus,
1210 2454 1269 2499 ut
1294 2446 1349 2499 in
1379 2447 1581 2502 Proteu
1618 2448 1851 2504 insulam
1883 2451 2093 2521 relega-

515 2538 692 2595 retur,
712 2532 765 2584 in
794 2532 1117 2601 przediolum
1142 2535 1211 2589 ab
1241 2536 1481 2605 ipsemet
1520 2541 1765 2596 studiose
1790 2543 2091 2598 excultum.

513 2620 704 2690 Neque
737 2622 811 2676 ita
869 2624 1045 2678 multo
1098 2635 1341 2696 tempore
1392 2631 1598 2700 elapso,
1644 2632 1863 2701 quidam
1895 2649 1961 2689 ex
1990 2634 2095 2706 Ly-

514 2713 731 2779 caonia,
773 2714 888 2768 sive
914 2717 1140 2785 proprio
1166 2733 1328 2785 ausu,
1381 2721 1498 2775 sive
1545 2722 1906 2792 imperatorio
1955 2741 2095 2781 con-

514 2820 676 2859 sensu
730 2816 787 2860 et
840 2806 1077 2876 placito,
1139 2810 1254 2865 sive
1325 2813 1475 2882 quod
1532 2814 1713 2871 eidem
1776 2817 2093 2887 imperatori

513 2894 827 2964 Nicephoro
857 2901 1076 2965 placere
1100 2911 1389 2968 cuperent,
1422 2902 1757 2959 Dardanium
1782 2907 1966 2961 subito
2004 2907 2094 2962 in-

508 2986 724 3040 vadunt
743 2987 904 3057 eique
921 2990 1109 3046 oculos
1129 3006 1352 3058 eruunt,
1380 3002 1546 3064 atque
1563 2996 1630 3051 ad
1654 2999 1945 3054 ecclesiam
1968 3016 2094 3056 eon-

511 3078 726 3149 l‘ugiunt
759 3089 1009 3151 petentes
1043 3083 1277 3138 veniam.

531 3356 541 3364 ·
580 3341 736 3396 Tunc
765 3351 947 3397 autem
972 3360 1095 3400 cum
1122 3348 1327 3403 seditio
1369 3368 1397 3405 a
1429 3352 1705 3409 Bardanio
1731 3360 2088 3425 conﬂaretur,

511 3428 622 3485 Leo
651 3431 741 3485 ille
768 3448 834 3485 ex
870 3424 1150 3491 Armeniis
1179 3446 1347 3508 atque
1386 3442 1628 3512 Assyriis
1681 3448 1750 3501 ad
1794 3424 2092 3518 imperato-4

511 3537 632 3575 rem
674 3523 987 3591 deﬁciebat,
1043 3528 1244 3586 deinde
1298 3542 1356 3588 et
1412 3536 1641 3592 Michael
1699 3539 2088 3599 Amoriensis:

512 3611 703 3681 illique
734 3612 1126 3672 fmderatorum
1149 3623 1497 3690 praefecmra,
1528 3628 1659 3684 huic
1680 3634 1896 3689 comitis
1925 3638 2093 3692 curiae

510 3703 752 3772 dignitas
802 3707 1068 3765 defertur.
1125 3713 1362 3769 Thomas
1390 3732 1522 3773 vero
1551 3720 1716 3774 etiam
1749 3723 1801 3777 in
1829 3727 2092 3794 periculis

513 3808 615 3847 suo
640 3794 863 3849 domino
906 3796 1067 3851 ﬁdem
1100 3803 1374 3869 praestitit.
1418 3806 1709 3877 luterjeeto
1744 3810 1873 3866 dein
1906 3815 2090 3884 aliquo

511 3892 783 3953 tempore,
814 3885 948 3950 Leo,
978 3904 1101 3943 cum
1125 3902 1272 3947 esset
1306 3893 1671 3952 Orientalium
1716 3901 1828 3956 dux
1861 3906 2090 3960 secundi

510 3976 744 4039 ordinis,
787 3989 975 4034 contra
1005 3982 1309 4041 lsmaelitas
1331 3999 1558 4044 strenue
1582 4007 1695 4046 rem
1725 3996 1885 4064 gerit,
1924 4006 2089 4067 atque

409 4110 415 4117 .
508 4067 579 4121 ab
611 4070 944 4137 imperatore
974 4074 1261 4141 Michaele,
1290 4078 1384 4133 illo
1428 4083 1521 4150 qui
1571 4093 1697 4152 post
1742 4086 2088 4144 Stauracium

509 4159 843 4229 imperavit,
893 4165 1189 4222 decoratur
1242 4172 1606 4240 patriciorum
1640 4180 1977 4248 amplissima
2007 4183 2090 4237 di-

506 4251 739 4320 guitate.

2198 1892 2460 1961 βασιλέως
2514 1892 2927 1962 ματαιοφρόνως
2968 1894 3026 1945 ἐν
3068 1890 3294 1960 Βιθυνίᾳ
3350 1887 3777 1960 στρατοπεδεύε-

2193 2002 2305 2037 ται.
2342 1983 2476 2054 Περὶ
2507 1983 2712 2037 τούτων
2751 1987 2778 2037 6
2810 1983 3063 2053 βασιλεὺς
3094 1981 3401 2050 διακηκοὼς
3434 1982 3525 2033 κα).
3556 1980 3773 2041 συνθεὶς

2197 2076 2459 2146 στρατιὰν
2480 2076 2524 2108 ³³
2550 2076 2830 2144 ἀξιόλογον
2862 2076 3012 2145 αὑτῷ
3042 2076 3363 2145 ἐπαφίησιν.
3404 2073 3462 2126 Ὀ
3494 2074 3549 2126 δὲ
3577 2076 3643 2143 τῇ
3674 2075 3773 2125 ἐκ·

2197 2168 2458 2239 στρατείᾳ
2482 2168 2877 2236 καταπλαγεὶς,
2898 2166 3201 2238 ὑποκλινὴς
3220 2165 3296 2236 τῷ
3323 2164 3535 2235 βασιλεῖ
3561 2164 3774 2232 γίνεται

2197 2258 2427 2322 ἐξαιτῶν
2480 2259 2688 2329 ἐγγύην
2716 2258 2987 2329 ἀφέσεως,
3045 2258 3142 2312 καὶ
3176 2257 3241 2327 δὴ
3269 2256 3475 2326 ταύτης
3523 2254 3774 2321 ἀξιοῦται

2199 2348 2395 2420 ῥᾳδίως
2448 2350 2527 2421 τῷ
2570 2349 2848 2419 σταυρικῷ
2873 2348 2986 2419 (39)
3023 2348 3278 2418 συμδόλῳ
3306 2348 3366 2400 τὸ
3396 2348 3634 2415 ἀσφαλὲς
3682 2349 3775 2400 ἐν-

2197 2440 2523 2509 εγκάμενος,
2573 2440 2669 2493 καὶ
2723 2440 3014 2510 πειθαρχεῖ
3067 2438 3259 2492 ἑαυτὸν
3307 2439 3651 2508 κατακρίνων
3693 2438 3776 2508 τῷ

2194 2530 2437 2603 δράματι
2476 2532 2952 2604 παραπεμφθῆναι
2982 2534 3040 2585 ἐν
3065 2533 3217 2602 νήσῳ
3245 2534 3314 2602 τῇ
3341 2530 3453 2603 (40)
3472 2531 3666 2602 Πρώτη
3691 2532 3774 2594 είς

2194 2622 2286 2675 τὸν
2315 2624 2443 2693 παρ’
2474 2623 2639 2677 αὐτοῦ
2671 2623 2853 2675 ἐκεῖσε
2902 2622 3334 2693 φιλοπονηθέντα
3365 2623 3554 2692 ἀγρόν.
3604 2621 3776 2676 Οὔπω

2192 2714 2251 2767 δέ
2287 2714 2482 2767 πολλοῦ
2510 2715 2703 2785 χρόνου
2741 2713 3139 2784 διεληλυθότος,
3170 2714 3279 2767 τῶν
3308 2717 3371 2768 ἐκ
3406 2714 3710 2778 Λυκαονίας
3727 2715 3775 2747 ³⁸

2195 2806 2339 2868 τινὲς
2387 2804 2522 2876 (il),
2576 2806 2689 2859 εἴτε
2741 2805 3303 2875 ἀπαυθαδιαζόμενοι,
3354 2806 3465 2859 εἴτε
3517 2806 3777 2877 βασιλείῳ

2198 2897 2588 2966 συνευδοκήσει
2621 2896 2758 2967 (42),
2789 2897 2897 2950 εῐτε
2934 2897 3029 2951 καὶ
3069 2897 3217 2966 αὐτῷ
3246 2896 3325 2966 τῷ
3358 2896 3568 2965 βασιλεῖ
3595 2897 3777 2967 Νικη-

2197 2987 2351 3057 φόρῳ
2380 2988 2577 3058 ἀρέσαι
2637 2986 2978 3057 βουλόμενοι,
3029 2987 3107 3056 τῷ
3154 2987 3437 3057 Βαρδανίῳ
3489 2986 3775 3056 αἰφνιδίως

2118 3076 2164 3136 C
2198 3080 2532 3133 ἐπιτίθενται
2586 3081 2681 3133 καὶ
2739 3079 3008 3151 πηροῦσιν
3048 3079 3215 3134 αὐτοῦ
3264 3082 3390 3144 τοὺς
3437 3080 3773 3149 ὀφθαλμοὺς,

2195 3173 2289 3225 καὶ
2335 3174 2400 3243 τῇ
2455 3174 2725 3245 ἐκκλησίᾳ
2774 3174 3088 3245 προσῄεσαν
3139 3172 3417 3237 ἀξιοῦντες
3479 3173 3773 3245 συγχώρη-

2196 3283 2277 3317 σιν
2312 3265 2444 3335 (103).

2275 3357 2547 3428 Ὀπηνίκα
2579 3356 2724 3411 δὲτὰ
2748 3358 2848 3427 τῆς
2886 3356 3131 3420 στάσεως
3163 3356 3315 3426 παρά
3350 3354 3441 3408 τοῦ
3473 3354 3774 3425 Βαρδανίου

2192 3452 2534 3521 ἐπεφυσίωτο
2564 3450 2700 3521 (Η),
2733 3450 2890 3505 Λέων
2938 3453 2966 3503 6
3015 3450 3072 3515 ἐξ
3106 3448 3410 3519 Ἀρμενίων
3442 3447 3537 3501 καὶ
3574 3449 3775 3500 ’Λσσυ-

2194 3541 2324 3611 ρίων
2353 3542 2431 3607 τῷ
2465 3542 2677 3612 βασιλεῖ
2714 3543 3031 3615 προσεῤῥύη
3055 3583 3068 3607 ,
3102 3540 3221 3597 εἶτα
3270 3544 3363 3596 καὶ
3408 3541 3626 3614 Μιχαὴλ
3657 3542 3685 3595 6
3712 3542 3775 3610 ἐξ

2204 3631 2459 3702 ’Λμορίου
2515 3635 2653 3703 (45),
2717 3628 2790 3687 ὧν
2811 3635 2856 3666 ³⁸
2908 3637 2937 3687 6
2990 3635 3089 3702 μὲν
3149 3635 3246 3705 τὴν
3301 3634 3472 3687 τῶν³⁸
3521 3633 3776 3702 φοιδερά-

2192 3740 2300 3775 των
2326 3723 2391 3787 ³⁷,
2429 3725 2456 3774 ό
2485 3724 2541 3775 δὲ
2570 3723 2667 3793 τὴν
2691 3725 2929 3796 κόμητος
2954 3727 3154 3796 κόρτης
3179 3724 3353 3796 ἀρχὴν
3380 3725 3768 3795 ἐγχειρίζεται·

2192 3814 2395 3885 Θωμᾶς
2429 3814 2486 3867 δέ
2518 3816 2613 3868 καὶ
2641 3816 2806 3887 μέχρι
2856 3816 3120 3870 κινδύνων
3145 3817 3224 3887 τῷ
3258 3818 3372 3887 ἰδίῳ
3402 3818 3641 3889 δεσπότῃ
3667 3818 3772 3885 ἀφ·-

2190 3908 2334 3958 οσιοῖ
2360 3905 2429 3960 τὰ
2474 3906 2576 3976 τῆς
2616 3908 2876 3972 πίστεως.
2929 3908 3219 3978 Προϊόντος
3271 3909 3327 3961 δέ
3377 3926 3521 3970 τινος
3554 3910 3771 3978 χρόνου,

2191 3996 2347 4048 Λέων
2397 3997 2752 4066 χρηματίσας
2794 4000 2903 4053 τῶν
2961 3998 3322 4053 Ἀνατολικῶν
3362 4000 3775 4069 ὑποστράτηγος

2196 4086 2340 4139 κατά
2374 4087 2480 4139 τῶν
2497 4089 2855 4160 Ἰσμαηλιτῶν
2886 4090 3136 4159 μεγάλως
3165 4090 3773 4160 ἀνδραγαθίζεταιμϐ),

2193 4177 2288 4231 καὶ
2320 4178 2457 4249 πρὸς
2489 4179 2584 4233 τοῦ
2618 4180 2885 4251 βασιλέως
2954 4183 3173 4252 Μιχαὴλ
3215 4181 3310 4235 τοῦ
3360 4183 3497 4252 μετά
3525 4182 3775 4251 Σταυρά-

2194 4288 2310 4323 κιον
2331 4274 2559 4339 τιμᾶται
2587 4272 2665 4344 τῷ
2695 4274 2801 4327 τῶν
2835 4276 3138 4346 πατρικίων
3167 4275 3579 4345 μεγαλοπρεπεῖ
3611 4273 3777 4341 ἀξιώ-

2196 4380 2328 4433 ματι
2360 4364 2496 4437 (47).

579 4434 686 4489 Istc
722 4443 906 4490 autem
937 4437 1169 4493 Michael
1223 4441 1460 4509 puellam
1518 4444 1756 4502 habebat
1792 4452 2084 4519 quamdam

2198 4430 2207 4433 Ἴ
2263 4430 2535 4519 Οὗτος,δέ
2592 4459 2813 4527 Μιχαὴλ
2866 4458 3159 4529 παιδίσκην
3202 4460 3465 4531 ἐκέκτητο
3522 4463 3773 4515 κατοικί-

506 4540 757 4589 vernam,
813 4541 912 4595 per
954 4544 1117 4596 quam
1185 4532 1414 4601 spiritus
1459 4535 1725 4605 Pythonis
1784 4556 1885 4610 per
1938 4545 2089 4600 vices

2197 4546 2389 4613 διον³⁸,
2430 4548 2553 4602 καθ’
2581 4551 2646 4620 ἣν
2681 4550 2935 4613 Πύθωνος
2965 4550 3181 4621 πνεῦμα
3214 4551 3303 4604 ἐπί
3333 4567 3484 4615 τινας
3524 4570 3778 4622 περιτρο-

1776 4679 2007 4737 VARIA‘J
2046 4685 2453 4745 LECTIONES.

581 4753 628 4783 ³³
663 4757 952 4825 στρατείαν
983 4759 1046 4814 L.
1121 4762 1489 4831 ³³λυκαωνίας
1509 4766 1571 4822 L.
1614 4772 1685 4833 "5
1710 4768 1809 4845 ὧν]
1841 4773 1915 4827 ὢν
1942 4776 2004 4830 L.

509 4823 712 4879 κείδιον
736 4826 795 4880 L.

584 4844 712 4879 ιοιον
736 4844 795 4880 Ia.

2112 4781 2156 4811 ³⁶
2180 4782 2279 4851 τὴν
2307 4785 2415 4836 τῶν
2443 4783 2503 4848 Β,
2522 4786 2620 4856 τῆς
2637 4786 2746 4840 τῶν
2774 4785 2836 4839 L.
2922 4785 2966 4818 ⁸⁷
2996 4785 3338 4857 φοιϐεράτων
3374 4787 3434 4841 L.
3515 4786 3558 4816 ³⁸
3587 4802 3773 4839 κατοιο

1620 4984 1863 5043 STEPll.
1899 4989 2244 5047 BEllGLERI
2278 4992 2511 5050 NOTAE.

574 5088 688 5162 (ξϐ)
720 5090 853 5162 Ζοη.
885 5108 938 5162 p.
967 5093 1087 5148 128.

574 5160 687 5232 (ζῇ)
716 5160 962 5232 ῼοηιξι).
1001 5166 1053 5226 5,
1085 5164 1139 5219 in
1171 5167 1211 5221 1³.

574 5230 687 5303 (ξε-ι
715 5230 875 5303 eum.
898 5230 951 5303 β.
993 5236 1043 5289 6.

497 5371 527 5421 δ
552 5300 680 5420 0(59)
709 5301 869 5357 Cont.
898 5300 962 5374 'p.
999 5306 1055 5372 6,
1106 5308 1313 5365 dicitur
1364 5310 1534 5368 fuisse
1572 5315 1809 5383 χρυσοῦν
1860 5318 2084 5387 σταυρί-

534 5388 548 5421 ι
583 5389 631 5421 ν.

534 5387 609 5421 ιον
619 5410 631 5422 .

500 5440 687 5563 sago)
720 5441 819 5497 MS-
865 5443 933 5514 τῆ
972 5447 1026 5499 ἆυ
1059 5446 1185 5504 Haec
1219 5451 1381 5507 Prote
1430 5450 1608 5507 insula
1642 5462 1725 5509 est
1766 5455 2081 5513 Proconne-

573 5582 684 5655 (41)
712 5582 872 5639 Cont.
902 5601 955 5655 p.
988 5588 1039 5641 7.

711 5654 1089 5733 liotestetiam
1122 5660 1219 5733 οὑν
1253 5662 1561 5733 εύδοκήσει.

570 5722 683 5791 (45)
710 5722 871 5779 Com.
924 5741 979 5795 ι).
1021 5727 1068 5789 '7,
1117 5730 1192 5799 τῷ
1216 5730 1309 5783 τοῦ
1338 5722 1473 5787 Θεόῦ
1515 5737 1919 5806 προσφεύγουσι
1952 5739 2079 5809 θείῳ

2194 5115 2310 5186 και
2326 5116 2547 5186 μεγάλῳ
2569 5115 2703 5186 ναῷ.

2266 5184 2731 5267 (ἑὲὶςρηίιτρέθ-
3096 5257 3108 5267 .
3314 5262 3325 5267 ,
3421 5259 3432 5267 ,

2266 5256 2654 5330 (άῦλνὶἀειυς
2704 5257 2974 5315 excidisse
3024 5257 3120 5312 καὶ
3150 5268 3277 5315 ante
3304 5262 3332 5313 6
3364 5259 3484 5330 μέν.
3522 5288 3586 5298 -
3615 5256 3773 5330 {hic}

2192 5324 2269 5398 I‘ta
2299 5324 2589 5398 scriptum.
2624 5326 2954 5398 chuiritur
2980 5331 3100 5397 τήν,
3137 5338 3198 5383 ut
3236 5332 3289 5384 in
3342 5324 3503 5385 Cont.
3532 5324 3773 5381 -ἰιιοιὶ

2192 5394 2470 5460 ὄερὰτων,
2514 5396 2581 5471 a_d
2637 5394 2783 5464 quod
2822 5394 3115 5454 Reinesius
3144 5422 3157 5454 ι
3189 5401 3543 5471 φοιδεράτων,
3598 5400 3771 5471 lende:

2191 5475 2459 5602 Eatorgm.
2522 5467 2692 5521 Error
2717 5485 2785 5524 ex
2834 5467 3284 5539 pronuntiatiOne
3319 5467 3432 5526 fere
3478 5470 3647 5524 simili
3672 5470 3767 5523 τοῦ

2256 5543 2311 5587 et
2391 5545 2565 5591 ortus.

2256 5543 2311 5587 et
2343 5543 2370 5586 δ
2391 5545 2565 5591 ortus.

2397 5606 2557 5678 Qout.
2583 5625 2636 5678 p.
2672 5611 2723 5663 7.

2284 5676 2368 5746 47)
2403 5676 2536 5732 Zon.
2564 5676 2617 5732 in
2644 5679 2826 5735 Leone
2852 5680 3002 5735 Arm.
3034 5682 3337 5738 REINESIUS.
