4128 6434
367 304 503 373 1001

1737 301 2006 364 REGUM
2042 300 2189 361 LIB.
2224 299 2270 361 Ι.

3493 293 3630 358 1002

370 418 479 481 πὰς
508 414 834 488 διενήργητο
890 415 1025 489 (48).
1058 416 1219 479 Ἦτις
1262 413 1426 480 ὀξέως
1480 414 1539 467 ὲν
1578 414 1763 484 χωρίῳ
1782 414 1823 444 ³³
1878 412 1951 465 λι-

2072 408 2407 480 )perabatur.
2466 406 2596 475 Quae
2644 406 2830 462 statim
2861 414 3026 477 atque
3062 406 3117 461 in
3154 407 3337 463 locum
3384 409 3479 479 qui
3520 408 3630 464 Bu—

366 507 521 577 θίνῳ,
554 504 583 559 ὂ
626 506 736 579 (49)
777 507 1090 561 Βουκολέων
1143 503 1650 578 προσαγορεύεται,
1701 520 1948 575 προσχω-

369 595 545 672 ροῦσα
573 598 913 670 διαπρυσίως
949 599 1134 669 φωνὴν
1185 598 1479 669 ἐκεκράγει
1513 599 1650 669 πρὸς
1684 596 1912 668 βασιλέα
1933 614 1945 626 ·

376 711 395 743 ι
440 690 710 755 Κάτελθε,
764 692 1015 755 κάτελθε,
1078 689 1355 763 ὑποχώρει
1400 691 1508 744 τῶν
1561 688 1880 759 ἀλλοτρίων.
1924 707 1942 739 ι

370 781 481 835 Τοῦ
516 781 647 850 γοῦν
700 782 948 835 τοιούτου
989 783 1465 853 προσφωνήματος
1496 780 1755 844 πολλάκις
1787 779 1950 833 ἐκλα-

371 874 630 944 ληθέντος
678 876 706 928 6
756 875 1014 945 βασιλεὺς
1050 875 1279 938 εἰκότως
1307 873 1684 943 καταπλαγεὶς
1711 871 1808 927 καὶ
1845 873 1947 925 οὐκ

372 966 595 1019 ἔλαττον
626 965 966 1037 ὑποπτήξας,
1016 966 1414 1034 κοινολογείται
1448 964 1561 1036 (50)
1596 964 1725 1034 περί
1760 963 1950 1017 τούτου

371 1059 618 1128 Θεοδότῳ
646 1058 1204 1128 σπαθαροκανδιδάτῳ
1241 1058 1350 1130 (Si)
1373 1059 1467 1112 καὶ
1486 1058 1674 1128 οἰκείῳ
1702 1056 1950 1127 γνωστῷ,

370 1149 453 1220 τῷ
480 1149 584 1219 υἱῷ
606 1150 825 1221 Μιχαὴλ
855 1150 1145 1220 πατρικίου
1175 1151 1271 1205 τοῦ
1302 1150 1438 1223 πρὸς
1465 1150 1656 1220 γένους
1686 1150 1954 1220 Μελισσηο

374 1242 489 1308 νοῦ,
526 1237 586 1297 οὗ
619 1243 680 1296 τὸ
711 1241 957 1314 εὔφημον
988 1245 1347 1316 Κασσιτηρᾶς
1365 1243 1673 1315 διηκούετο,
1695 1243 1770 1309 ὡς
1793 1243 1954 1315 εἴπερ

374 1337 674 1406 ὲγκάτοχον
699 1337 923 1407 γένηται
962 1336 1023 1391 τὸ
1052 1338 1310 1407 κοράσιον
1361 1337 1496 1409 (52),
1543 1337 1600 1391 ἔν
1647 1354 1755 1391 τινι
1789 1354 1957 1391 κατα-

377 1430 530 1497 σχεῖν
562 1429 781 1491 πάντως
834 1429 983 1501 οἰκίᾳ
1017 1430 1112 1483 καὶ
1137 1429 1516 1501 διερευνᾶσθαι
1552 1432 1645 1483 καὶ
1676 1428 1788 1502 (55)
1818 1430 1956 1501 φρά-

378 1519 496 1584 ζιιν
522 1520 666 1583 τίνος
707 1520 846 1592 αὕτη
881 1524 1119 1593 ὑπάρχει
1148 1525 1182 1593 ἡ
1228 1524 1377 1578 οίκία
1423 1524 1517 1577 καὶ
1544 1524 1737 1577 τούτου
1767 1523 1956 1576 ὁποῖον

376 1612 438 1664 τὸ
470 1611 749 1684 γνώριμον
808 1612 939 1687 (54).
981 1616 1094 1685 Τῆς
1138 1616 1195 1668 δὲ
1245 1615 1671 1686 ἀνακαλυψάσης
1707 1616 1803 1685 τὴν
1834 1616 1954 1667 ὲπι-

2057 503 2252 559 coleon
2284 502 2488 557 dicitur
2507 501 2852 566 accessisset,
2877 500 3020 555 clara
3065 516 3201 557 voce
3253 502 3525 558 clamabat
3562 505 3630 558 ad

2060 592 2502 663 imperatorem:
2557 610 2574 641 ι
2632 589 2935 657 Descende,
2994 591 3093 660 ιι
3141 591 3437 659 descende,
3498 592 3634 648 cede

2057 689 2272 744 alienis.
2305 708 2323 741 ι
2361 686 2644 759 Ejusmodi
2675 684 3095 755 compellatione
3117 684 3317 754 saepius
3346 684 3636 740 enuntiata

2060 782 2361 851 imperator
2407 780 2607 835 meritb
2648 778 2949 835 exterritus
2990 793 3093 832 nec
3122 777 3476 832 mediocriter
3507 791 3640 831 con-

2059 884 2341 931 sternatus
2374 873 2710 945 colloquitur
2744 889 2869 929 cum
2898 872 3186 928 Theodoto
3229 872 3638 942 spathariorum

2062 968 2379 1035 candidato,
2438 967 2636 1023 intimo
2686 966 2947 1021 familiari
3007 980 3132 1031 suo,
3195 963 3310 1018 filio
3358 963 3642 1019 Michaelis

2062 1059 2303 1131 patricii,
2326 1059 2547 1132 generis
2571 1057 2875 1125 Melisseni,
2911 1057 3002 1114 cui
3048 1064 3479 1128 cognomentum
3521 1062 3641 1109 erat

2061 1152 2387 1220 Cassiteras,
2415 1162 2476 1207 ut
2523 1151 2615 1206 ubi
2659 1150 2847 1207 furere
2879 1150 3115 1221 coeperit
3146 1149 3329 1221 puella
3378 1147 3435 1202 in
3459 1146 3642 1217 aliqua

2063 1246 2230 1301 domo
2269 1245 2496 1300 omnino
2536 1244 2874 1310 detineatur,
2925 1244 3434 1315 interrogeturque,
3473 1250 3535 1296 ut
3560 1238 3645 1296 in-

2063 1337 2211 1392 dicet
2244 1336 2403 1407 cujus
2427 1350 2491 1391 ea
2525 1335 2597 1391 sit
2626 1335 2824 1390 domus
2856 1340 2913 1390 et
2944 1349 3196 1404 quaenam
3231 1333 3384 1389 illius
3415 1333 3487 1388 sit
3517 1348 3647 1404 pro-

2064 1430 2182 1500 pria
2214 1439 2361 1484 nota.
2390 1431 2520 1495 Quae
2544 1445 2669 1485 cum
2691 1429 2992 1485 detexisset
3020 1444 3223 1483 nomen
3262 1428 3555 1499 quaesitum
3589 1437 3648 1483 et

2066 1530 2251 1575 notam
2282 1521 2581 1591 propriam,
2619 1521 2786 1592 jussit
2811 1537 2937 1577 eum
2973 1530 3220 1592 tempore
3249 1528 3564 1591 opportuno
3588 1522 3647 1577 in

2066 1631 2248 1670 arcem
2282 1616 2458 1682 abire,
2495 1616 2588 1670 ubi
2627 1618 2679 1672 ei
2715 1618 3003 1673 oceursuri
3034 1626 3222 1672 essent
3253 1616 3363 1671 duo
3396 1616 3524 1683 viri,
3576 1634 3647 1674 ex

378 1703 722 1776 ζητουμένην
768 1707 960 1777 κλῆσιν
1015 1710 1109 1760 καὶ
1140 1709 1488 1780 χαρακτῆρα,
1547 1706 1959 1778 προτρέψασθαι

2072 1709 2268 1780 quibus
2292 1708 2340 1764 is
2368 1710 2462 1780 qui
2499 1710 2648 1765 mulo
2694 1709 2965 1765 insideret
2992 1710 3411 1781 imperatorium
3446 1710 3646 1767 solium

378 1814 445 1866 γε
462 1798 508 1830 ⁸ο
536 1797 649 1871 (55)
702 1798 850 1870 αὐτῷ
882 1802 1156 1873 εύκαὲρως
1208 1800 1351 1855 κατὰ
1402 1800 1502 1871 τὴν
1532 1800 1829 1872 ἀκρόπολιν
1862 1801 1963 1869 ἅφ-

381 1890 613 1960 ἶχθαιδί,
641 1890 762 1944 καθ’
787 1894 854 1961 ἢν
895 1893 1240 1963 συγκυρῆσαι
1280 1890 1373 1945 δύο
1399 1891 1601 1962 ἄνδρας
1635 1890 1771 1964 (56),
1805 1889 1863 1954 ἐξ
1888 1883 1963 1943 ὧν

380 1982 609 2053 ἡμιόνου
661 1986 688 2038 ό
732 1985 1000 2057 ἐπιϐάτης
1050 1985 1126 2057 τῷ
1156 1984 1424 2056 βασιλικῷ
1477 1985 1651 2055 θρόνῳ
1699 1983 1963 2055 ὀχηματί-

385 2092 550 2131 σειεν.
607 2077 716 2131 Καὶ
740 2077 808 2131 τὰ
842 2078 941 2148 μὲν
992 2081 1091 2149 τῆς
1148 2075 1503 2147 ἐξεστηκυίας
1536 2075 1783 2143 τοιαῦτα,
1817 2075 1885 2129 τὰ
1907 2074 1964 2128 δὲ

382 2169 485 2239 τῆς
511 2170 603 2224 τοῦ
637 2169 900 2240 βασιλέως
948 2172 1240 2243 ἀκρισειας
1276 2171 1388 2243 (57)
1420 2170 1562 2225 κατὰ
1591 2170 1650 2223 τὸ
1684 2169 1832 2233 εἰκὸς
1869 2170 1967 2220 ιπ-

385 2260 924 2335 εξεργαστικώτερα,
988 2261 1076 2318 οἷα
1138 2266 1269 2336 περὶ
1312 2266 1412 2335 τῆς
1462 2263 1628 2317 αὐτοϋ
1682 2262 1967 2333 βασιλείας

385 2354 846 2426 ὲμμεριμνῶντος
875 2354 1010 2428 (58).
1048 2355 1525 2428 Ἀκριϐολογηθεὶς
1553 2355 1661 2427 γὰρ
1838 2353 1969 2423 παρ’

386 2446 559 2500 αὑτοῦ
604 2447 633 2499 6
674 2446 930 2512 Θεόδοτος
964 2449 1281 2521 ἀπηνήνατο
1323 2448 1399 2519 μὴ
1438 2447 1738 2516 ἐγνωκέναι
1800 2445 1969 2517 μηδὲν

384 2536 497 2589 τῶν
540 2537 693 2609 παρὰ
733 2539 834 2606 τῆς
887 2538 1172 2603 Πυθωνίας
1190 2538 1234 2569 ⁸³
1263 2537 1729 2610 φληναφουμένων
1748 2555 1761 2568 ·
1792 2534 1970 2589 ἀπιὼν

388 2626 451 2682 δὲ
495 2629 633 2699 πρὸς
688 2629 780 2685 τὸν
813 2629 1175 2701 διωρισμένον
1225 2630 1403 2702 χῶρον
1463 2630 1540 2693 ὡς
1575 2628 1973 2700 προδιήγγελτο

391 2720 678 2786 ἐθεάσατο,
730 2722 829 2776 καὶ
881 2721 975 2774 τὸν
1022 2721 1194 2792 ἄνδρα
1223 2719 1337 2792 (60)
1373 2719 1817 2792 προσλαϐόμενος
1856 2718 1972 2788 ἅμα

390 2810 544 2882 αὐτῷ
571 2811 793 2867 ἄπεισιν
840 2814 897 2866 ὲν
924 2809 1003 2883 τῷ
1032 2812 1145 2883 ναῷ
1172 2811 1388 2866 Παύλου
1420 2810 1513 2864 τοῦ
1542 2810 1869 2865 ἀποστόλου.
1914 2812 1971 2863 ἐν

390 2903 546 2979 ᾧπερ
576 2906 831 2980 ὀρφανῶν
884 2909 952 2961 τὰ
1000 2907 1139 2979 πρὸς
1175 2906 1498 2977 ἀποτροςρὴν
1525 2906 1881 2977 τεταμίευται
1906 2904 1968 2959 ³³.

392 3000 505 3053 Καὶ
557 3001 735 3054 ἐκεῖσε
769 3000 1067 3072 συνθήκαις
1115 2999 1379 3070 ἀλλήλους
1437 2998 1971 3068 κατεγγυησάμενοι,

2065 1819 2476 1860 conscensurus
2525 1812 2693 1859 esset.
2749 1804 2829 1859 Ac
2851 1803 2923 1859 de
2949 1813 3146 1858 emotae
3188 1802 3412 1873 quidem
3443 1804 3648 1859 mentis

2066 1896 2248 1968 puella
2281 1912 2367 1951 res
2399 1896 2473 1951 ita
2506 1896 2672 1951 habet
2700 1914 2713 1951 :
2747 1896 3098 1968 imperatoris
3125 1906 3309 1952 autem
3334 1895 3647 1967 iniquisitio

2067 1990 2267 2045 merito
2296 1989 2399 2045 fuit
2430 1989 2725 2054 curiosior,
2782 1999 2977 2061 utpote
3009 1990 3077 2045 de
3110 1989 3342 2060 imperio
3398 1990 3647 2047 solliciti.

2068 2082 2445 2153 Interrogatus
2492 2082 2640 2137 enim
2691 2082 2761 2137 ab
2816 2098 2883 2137 eo
2943 2081 3262 2138 Theodotus
3328 2082 3647 2154 diligenter,

2068 2177 2289 2247 negavit
2318 2176 2706 2258 sequidquam
2737 2176 3042 2247 intelligere
3074 2192 3263 2231 eorum
3292 2192 3413 2246 quae
3442 2177 3647 2248 Pytho-

2070 2266 2193 2320 nica
2222 2276 2526 2338 nugaretur
2554 2284 2565 2319 :
2601 2280 2792 2320 verum
2822 2263 2961 2319 abiit
3000 2264 3053 2318 in
3081 2264 3415 2334 przelinitum
3441 2264 3649 2327 locum,

2075 2365 2134 2411 ut
2180 2365 2520 2426 praeceptum
2548 2355 2753 2423 fuerat,
2779 2364 2836 2411 et
2860 2355 3150 2427 spectavit.
3201 2357 3381 2426 Atque
3428 2354 3653 2410 homine

2071 2461 2375 2519 assumpto,
2400 2450 2518 2505 abit
2551 2465 2660 2504 una
2690 2465 2815 2505 cum
2843 2464 2911 2504 eo
2936 2448 2991 2502 in
3024 2448 3289 2518 templum
3336 2448 3491 2503 Pauli
3518 2463 3653 2518 apo—

2072 2539 2221 2603 stoli,
2256 2538 2348 2594 ubi
2380 2532 2755 2611 orphanorum
2789 2540 3052 2594 alimenta
3078 2546 3450 2594 asservantur.
3478 2538 3657 2609 Atque

2074 2630 2151 2686 ibi
2176 2640 2469 2702 postquam
2512 2631 2804 2688 conventis
2831 2641 2888 2688 et
2926 2630 3105 2701 pactis
3132 2645 3252 2686 sese
3288 2630 3659 2685 constrinxis—

2073 2733 2216 2786 sent,
2248 2740 2416 2779 ausus
2448 2732 2533 2779 est
2563 2722 2735 2780 Leoni
2763 2723 2889 2778 talia
2918 2723 3105 2778 dicere
3138 2739 3153 2778 :
3196 2741 3214 2774 ι
3248 2721 3329 2777 Ex
3359 2722 3547 2777 divina
3578 2722 3662 2777 vi-

2076 2814 2231 2869 sione
2260 2814 2327 2869 de
2356 2824 2408 2871 te
2441 2816 2578 2870 mihi
2610 2814 2830 2887 cognita
2860 2824 2988 2870 sunt
3017 2812 3273 2879 maxima,
3322 2830 3444 2884 quae
3490 2815 3661 2869 etiam

2076 2917 2344 2962 eventura
2378 2917 2549 2975 sunt;
2592 2907 2739 2963 unde
2758 2906 2853 2963 ﬁet
2878 2916 2937 2962 ut
2964 2906 3335 2962 Romanorum
3365 2907 3661 2978 imperium

2075 3015 2349 3069 capessas.
2391 3021 2408 3052 ι

393 3090 589 3160 θαρρεῖ
626 3088 735 3161 (61)
793 3090 928 3160 πρὸς
977 3091 1067 3143 τὸν
1097 3088 1304 3143 Λέοντα
1356 3090 1383 3142 ὁ
1435 3088 1688 3151 Θεόδοτος
1741 3086 1969 3141 τοιαῦτα
2015 3089 2160 3159 ἐρεῖν
2203 3090 2350 3162 (62),
2400 3093 2474 3155 ὡς
2519 3111 2536 3144 ι
2578 3090 2674 3146 Ἐκ
2709 3090 2859 3156 θείας
2904 3091 3153 3163 ὁράσεως
3191 3094 3343 3164 ’περὶ
3403 3092 3498 3147 σοῦ
3571 3109 3665 3164 μοι

394 3184 717 3251 διέγνωσται
812 3181 1045 3252 μέγιστά
1103 3197 1162 3235 τε
1219 3181 1312 3234 καὶ
1356 3179 1770 3251 ἀποϐησόμενα,
1816 3177 1885 3233 δι’
1934 3174 2009 3233 ὧν
2045 3180 2145 3251 τῆς
2211 3181 2501 3253 Ῥωμαίων
2563 3183 2783 3247 πάντως
2857 3183 3155 3255 ἡγεμονίας
3190 3183 3236 3217 ⁸⁸

397 3297 551 3344 σειας
579 3278 713 3350 (65).
741 3296 760 3330 ι

3358 3190 3662 3257 μεταποιή-

469 3373 886 3446 Συμὸεὸηκότος
911 3372 1023 3443 (64)
1065 3371 1121 3425 δὲ
1158 3370 1400 3441 πολέμου
1444 3370 1649 3443 μεταξὺ
1684 3368 1966 3441 Ῥωμαίωι

2155 3369 2258 3439 12
2292 3368 2425 3425 Orto
2452 3374 2634 3422 autem
2660 3366 2805 3423 bello
2837 3368 2981 3423 inter
3009 3368 3289 3424 Romanos
3345 3379 3401 3425 et
3464 3369 3666 3443 Bulga-

396 3472 494 3527 καὶ
526 3468 875 3539 Βουλγάρων,
904 3469 999 3521 κα),
1030 3466 1123 3520 τοῦ
1149 3465 1246 3537 μὲν
1277 3465 1456 3519 αὐτῶν
1484 3462 1729 3536 ἀρχηγοῦ
1758 3461 1983 3533 Κρούμ-

400 3576 505 3630 μου
535 3559 838 3627 φάσκοντος
866 3554 1212 3609 ἀναδίδοσθαι
1243 3553 1289 3587 ιδ
1325 3554 1436 3625 (65)
1475 3555 1601 3617 τοὺς
1630 3552 1984 3624 προσφυγόνο

398 3668 498 3714 τας
529 3648 880 3720 Βουλγάρων,
903 3646 1166 3710 ὡσαύτως
1192 3646 1249 3699 δὲ
1278 3646 1375 3700 καὶ
1402 3645 1715 3716 Ῥωμαίων,
1744 3645 1836 3697 ἐπὶ
1862 3642 1985 3697 τού-

394 3759 512 3806 τοις
566 3740 594 3796 6
643 3739 897 3813 βασιλεὺς
948 3739 1265 3811 συμϐαίνων
1316 3735 1408 3811 ἦν,
1441 3739 1545 3793 κάν
1598 3741 1714 3802 τοῖς
1765 3739 1985 3804 πολλοῖς

396 3833 512 3889 τῶν
549 3833 892 3905 μεγιστάνων
920 3833 954 3903 ὴ
980 3830 1206 3901 τοιαύτη
1241 3830 1445 3897 γνῶσις
1468 3831 1588 3884 λίαν
1611 3830 1984 3897 ὲστασιάξετοέ

400 3926 505 3995 οὐχ
530 3924 729 3996 ἥκιστα
757 3924 813 3977 δὲ
834 3922 930 3976 καὶ
946 3922 1257 3993 Θεοκτίστῳ
1286 3923 1574 3992 μαγίστρῳ
1592 3922 1705 3991 (66)
1721 3939 1736 3954 ο
1762 3922 1892 3993 παρ’
1911 3916 1985 3975 ὧν

403 4017 766 4087 ἀσυμφωνίας
818 4013 1266 4085 συντελεσθείσης
1305 4012 1445 4085 πρὸς
1488 4013 1840 4084 ἐναντιότητα
1875 4031 1986 4083 χω-

406 4111 594 4183 ροῦσιν
644 4113 969 4184 ἀμφότεροι.
1021 4090 1501 4181 Ἐκστρατεύουσί
1528 4106 1818 4179 τοιγαροῦν
1849 4106 1987 4161 Ῥω-

409 4205 561 4276 μαῖοι
583 4222 644 4259 τε
676 4206 771 4261 καὶ
801 4204 1102 4276 Βούλγαροι
1130 4203 1253 4257 κατ’
1267 4201 1533 4274 ἀλλήλων,
1556 4200 1650 4255 καὶ
1676 4198 1987 4271 πολεμικῆς

2087 3478 2199 3527 ros,
2229 3472 2395 3532 atque
2422 3460 2653 3516 istorum
2692 3460 2833 3546 duge
2867 3460 3128 3516 Crummo
3163 3463 3476 3532 postulante
3508 3465 3668 3521 reddi

2088 3556 2453 3627 Bulgarorum
2511 3552 2843 3626 transfugas,
2888 3554 3143 3610 similiter
3179 3563 3235 3610 et
3272 3553 3668 3622 Romanorum,

2088 3650 2142 3704 in
2178 3665 2244 3704 ea
2272 3648 2573 3719 imperator
2600 3646 3002 3712 consentiebat,
3033 3645 3137 3701 etsi
3172 3662 3202 3699 a
3238 3646 3518 3717 plerisque
3555 3662 3671 3702 ma-

2090 3747 2317 3812 gnatum
2360 3740 2453 3794 illa
2498 3739 2618 3809 ejus
2677 3737 2950 3795 sententia
3014 3735 3172 3791 valde
3220 3735 3684 3807 impugnabatur,

2091 3833 2369 3903 praecipue
2395 3846 2425 3884 a
2454 3829 2776 3886 Thcoetisto
2803 3828 3086 3899 magistro.
3120 3829 3165 3882 A
3219 3828 3424 3897 quibus
3471 3830 3675 3900 rejeeta

2094 3922 2459 3980 conventione
2496 3922 2554 3975 in
2585 3919 2818 3975 dissidia
2873 3919 3081 3973 abeunt
3119 3920 3365 3989 utrique.
3417 3919 3677 3973 Educunt

2093 4015 2279 4084 itaque
2301 4010 2580 4067 exercitus
2611 4007 2845 4064 Romani
2872 4017 2928 4063 et
2959 4007 3202 4079 Bulgari,
3242 4008 3499 4078 factoque
3538 4024 3675 4063 con-

2093 4120 2262 4160 cursu
2285 4103 2483 4158 bellico
2514 4102 2753 4157 vincitur
2793 4116 3022 4171 prorsus
3070 4102 3353 4156 Romanus
3375 4102 3675 4166 exercitus,

2093 4196 2281 4252 divina
2318 4195 2690 4268 providentia,
2719 4203 2781 4250 ut
2835 4193 3079 4261 videtur,
3116 4194 3279 4249 aliter
3330 4194 3551 4250 volente
3585 4210 3677 4251 res

1678 4313 1916 4371 VARUE
1978 4313 2382 4371 LECTIONES.

468 4440 513 4472 ιο
539 4440 702 4511 χώρῳ
750 4439 811 4492 L,
861 4507 893 4511 _
923 4439 971 4471 ιθ
1001 4435 1089 4509 γε]
1112 4453 1171 4491 τε
1204 4436 1268 4491 L.
1358 4438 1399 4473 ⁸¹
1452 4434 1698 4506 ὁᾳῆχθαι
1761 4432 1822 4490 L.

402 4511 450 4543 “
478 4507 829 4566 ἀποδὶδοσθαι
860 4507 919 4561 Β.

1940 4433 1985 4466 ι’
2038 4413 2298 4497 πυθονίας
2353 4431 2414 4485 L.

2528 4430 2574 4462 ⁸³
2600 4428 2950 4500 τεταμείεται
3001 4424 3063 4481 L.
3140 4425 3187 4458 “
3236 4425 3563 4497 ἠγεμονείας
3617 4425 3680 4480 1,.

1596 4594 1851 4651 STEPH.
1892 4592 2235 4651 BERGLERI
2257 4592 2497 4649 NOTAE.

475 4697 586 4772 (48)
612 4696 741 4753 Haec
769 4697 932 4772 aliter
958 4704 1129 4765 atque
1154 4692 1323 4772 aliter
1348 4690 1514 4746 Cont.
1546 4707 1600 4762 p.
1634 4691 1723 4745 14.
1748 4691 1995 4745 Zonaras
2025 4694 2073 4755 ι)

401 4786 461 4842 p.
485 4764 776 4842 '150_seq..
804 4764 1093 4842 Cedrentns
1119 4781 1175 4834 p.
1196 4764 1346 4842 _485.

474 4840 588 4910 (49)
616 4830 1012 4910 Ita-scriptum,
1049 4830 1159 4909 non
1190 4835 1271 4910 ρς,
1294 4848 1399 4888 nec
1446 4832 1497 4910 ό.
1534 4830 1821 4910 Cedrenus
1870 4832 1907 4885 1.
1942 4846 1993 4888 c.

402 4901 675 4965 rationem
708 4901 951 4963 nominis
1003 4905 1255 4976 exponit,
1290 4919 1412 4976 quae
1444 4901 1664 4976 inepta_
1689 4903 1931 4976 videtur.
1966 4910 1974 4961 ε

2177 4689 2291 4759 (57)
2329 4688 2522 4747 Potius
2554 4686 2932 4759 dxpt6gbcegtq.

2177 4755 2292 4899 (58)
2320 4759 2558 4815 Cedren.
2585 4755 2644 4828 p.
2673 4757 2797 4813 486.
2825 4756 2962 4811 Zon.
2999 4772 3054 4826 p.
3096 4755 3221 4811 151.

2199 4830 2287 4895 59)
2319 4830 2439 4885 Non
2470 4837 2717 4899 apparet,
2745 4827 2877 4897 quid
2913 4827 3005 4899 hic
3046 4827 3157 4899 γάρ
3185 4826 3221 4880 1⁵ε

2199 4830 2287 4895 59)
2319 4830 2439 4885 Non
2470 4825 2717 4899 apparet,
2745 4827 2877 4897 quid
2913 4825 3014 4899 hic
3046 4827 3157 4899 γάρ
3185 4825 3368 4899 faciat.
3402 4855 3471 4899 -_—_-
3498 4826 3576 4899 Ita
3626 4835 3684 4882 et

2062 4926 2065 4927 ν
2105 4893 2221 4971 ipse
2275 4893 2394 4955 haec
2433 4893 2640 4962 narrat,
2679 4893 2883 4954 ut'vix
2931 4893 3160 4970 intelligi
3192 4897 3386 4967 possit.
3417 4893 3682 4951 Versione

500 4981 613 5051 (50)
645 4983 957 5051 Κοινολ....
986 4971 1322 5045 bin—novato.
1346 4971 1692 5029 Cedrenusl.
1724 4987 1775 5027 c.
1803 4973 1998 5026 eadem
2106 4982 2289 5051 tamen
2313 4971 2432 5051 μῃί
2468 4985 2713 5051 sensum.

402 5051 524 5107 fere
553 5050 742 5106 verba.

471 5120 584 5193 (51)
613 5118 1047 5193 Spathariorum
1073 5113 1418 5193 candidatus.
1446 5111 1528 5193 {id
1566 5111 1716 5166 hunc
1739 5108 1999 5167 Theodo—

403 5184 684 5267 tut'n_sun't
715 5189 962 5267 epistolae
981 5186 1193 5267 ali-quot
1222 5184 1424 5267 libotii.
1453 5184 1764 5267 llam-emus.

473 5262 587 5329 (52)
638 5251 765 5314 Hac
812 5259 979 5313 etiam
1014 5251 1178 5310 aliter
1235 5254 1399 5310 Cont.
1458 5256 1543 5309 M.
1574 5251 1718 5308 Zon."
1762 5267 1818 5322 p.
1864 5251 1985 5307 151.

401 5329 570 5387 Cedr.
595 5346 651 5387 ι).
684 5329 811 5385 486.

449 5331 570 5386 edr.
595 5346 651 5386 υ.
684 5331 811 5385 486.

479 5346 977 5484 (lgflllgllgm'hoc
1011 5396 1106 5484 καὶ
1140 5396 1294 5468 [ante
1325 5393 1581 5466 φράζειν]
1611 5393 1850 5450 abesset.
1899 5392 1990 5448 Sic

404 5469 811 5538 intelligeretur
832 5469 908 5532 ὡς
933 5469 1185 5538 φράζειν.

493 5535 683 5611 54)“Ῑιει
707 5556 816 5596 scr.
846 5535 1067 5611 mallem
1102 5535 1412 5611 γνώρισμα.

493 5544 583 5611 54)
605 5544 683 5598 Ita
707 5556 816 5596 scr.
846 5544 1067 5593 mallem
1102 5544 1412 5608 γνώρισμα.

466 5544 581 5685 (55)
606 5613 679 5685 Te
712 5611 911 5685 melius
927 5607 1556 5685 αρεεεθιμ-ςἉφῆχθᾳι.
1582 5608 1659 5665 Ita
1686 5604 1976 5675 scriptum,

401 5678 529 5740 cuin
551 5678 781 5738 deberet
812 5680 1063 5750 ἀφῖχθαι,
1090 5687 1184 5732 aut
1211 5678 1575 5747 ἀφικνεῖσθαι.

461 5752 575 5826 (56)
608 5751 880 5822 Loquitur
911 5750 1002 5804 hic
1028 5750 1231 5817 inepte.

613 5848 880 5906 PATBOL.
930 5843 1048 5901 Gn.
1096 5842 1257 5902 CIX.

2179 5042 2290 5113 (60)
2314 5036 2327 5040 ⁷
2348 5040 2574 5113 Nempe
2594 5040 2865 5113 Leonem.
2918 5040 3067 5113 Symp.
3104 5036 3256 5113 ‘Log.
3310 5051 3368 5113 Ρ.
3401 5038 3513 5113 4ρῆ
3531 5053 3549 5113 ε
3580 5037 3685 5113 'fbv

2101 5106 2306 5166 Λέοντα
2329 5106 2773 5182 προσλαϐόμενος
2795 5106 3341 5179 ἄπεισίνζὲνιτῷναῴ
3367 5108 3459 5160 τού
3498 5106 3682 5176 Ἀγίου

2102 5182 2338 5236 Παύλου.
2367 5190 2478 5236 etc.

2153 5183 2338 5242 αύλου,
2367 5190 2478 5236 etc.

2175 5253 2288 5322 (6|)
2318 5251 2458 5307 Male
2482 5251 2627 5323 apud
2659 5250 2895 5323 Logoth.
2931 5249 3178 5323 θαρρεῖν.

2167 5320 2279 5388 (62)
2303 5322 2443 5377 Male
2466 5320 2695 5378 verbum
2722 5320 2826 5375 fut.
2854 5330 3024 5390 temp.
3046 5320 3113 5374 ’h.
3143 5320 3179 5373 ι.
3207 5320 3471 5390 positum.

2166 5393 2277 5462 (63)
2310 5394 2389 5448 lta
2422 5393 2571 5448 clare
2597 5392 2886 5462 scriptum.
2975 5460 2984 5462 _
3354 5421 3357 5425 -

2167 5457 2281 5533 (64)
2306 5462 2614 5527 Cedrenus,
2647 5457 2858 5532 p.186,
2895 5460 2989 5517 ubi
3014 5468 3140 5529 apta
3173 5468 3258 5515 est
3302 5457 3579 5519 transitio.
3610 5457 3686 5513 De

2095 5533 2205 5589 hoc
2241 5533 2387 5587 bello
2414 5534 2632 5595 Noster,
2653 5549 2709 5595 ῃ.
2744 5533 2798 5587 4.

2160 5603 2273 5675 (65)
2292 5602 2445 5675 WZon.
2479 5620 2537 5673 p.
2568 5599 2692 5675 126,
2730 5604 2784 5657 in
2815 5601 2949 5675 fine.
2990 5599 3216 5656 Contin.
3250 5616 3304 5675 p.
3345 5599 3397 5656 8.

2153 5670 2264 5745 (66)
2290 5674 2358 5729 Et
2388 5690 2417 5727 a
2448 5670 2784 5744 patriarcha.
2810 5673 2937 5729 Vid.
2967 5681 3179 5726 auctor.
3216 5670 3311 5726 cit.

3215 5829 3287 5893 32
