4128 6434
424 324 555 393 1011

1732 331 2051 390 JOSEPIII
2094 331 2405 393 GENESII

3574 330 3712 395 1012

414 445 638 501 rissime
664 440 1160 497 animadvertebat.
1206 442 1398 513 Itaque
1426 457 1553 497 cum
1588 449 1740 497 certo
1765 442 2004 513 quodam

2111 441 2356 496 ἀδικοῦσι
2391 441 2613 505 δικαίως
2661 442 2904 511 ἐπαχθὴς
2933 440 3050 510 (56)
3089 434 3178 512 ἦν,
3211 440 3351 494 ὥστε
3388 439 3530 494 κατὰ
3566 459 3693 493 τινα

425 549 670 607 tempore
719 534 1079 606 egrederetur
1135 537 1359 606 palatio,
1400 537 1482 591 vir
1521 537 1743 607 quidam
1771 536 2005 591 accessit

425 628 492 683 ad
540 610 666 683 eum
714 629 1126 685 accusationem
1174 629 1472 685 instituens
1525 628 1671 698 quod
1721 644 1819 683 sua
1865 644 2006 681 uxor

423 722 653 789 abrepta
700 719 897 775 fuisset
949 737 980 776 a
1026 720 1263 791 quodam
1308 730 1588 786 senatore,
1651 721 1809 792 cujus
1856 728 2006 775 tanta

421 822 570 866 esset
602 810 829 866 licentia
854 822 914 867 ut
944 826 1139 866 secure
1172 811 1479 867 detinuerit
1514 827 1633 866 eam
1665 812 1829 882 longe
1865 820 2003 867 tem-

423 918 580 981 pore,
626 902 1063 986 idque.facinus
1106 919 1164 957 se
1194 904 1262 958 ad
1295 904 1451 958 urbis
1484 903 1804 973 praefectum
1846 904 2006 959 detu-

422 995 580 1061 lisse,
639 1010 824 1066 neque
873 1002 1057 1051 tamen
1106 995 1197 1065 jus
1255 1010 1415 1049 suum
1472 1004 1851 1049 consecutum.
1910 995 2008 1051 llis

424 1086 630 1142 auditis
676 1087 980 1157 imperator
1015 1090 1201 1141 statim
1236 1085 1456 1141 cuidam
1486 1100 1555 1142 ex
1586 1086 1861 1143 ministris
1891 1088 2007 1143 suis

425 1179 709 1235 mandavit
757 1187 815 1235 ut
865 1181 920 1234 in
950 1179 1132 1235 reditu
1168 1167 1546 1236 accusatorem
1578 1196 1685 1235 una
1713 1196 1839 1235 cum
1868 1197 2007 1252 prae-

426 1269 571 1325 fecto
620 1286 806 1326 coram
840 1286 898 1326 se
936 1271 1177 1327 sisteret.
1218 1270 1355 1326 Cum
1387 1271 1554 1342 igitur
1582 1288 1838 1328 reversus
1861 1283 2008 1329 esset

426 1364 768 1433 imperator,
826 1365 1043 1434 jussum
1098 1364 1220 1435 ejus
1273 1373 1401 1420 aetu
1451 1365 1570 1433 ipso
1617 1365 2003 1421 exhibebatur.

426 1460 604 1526 Atque
634 1457 701 1512 ad
725 1466 1103 1512 accusatorem
1129 1469 1384 1529 prompto
1401 1460 1585 1515 animo
1613 1461 1775 1515 dicit:
1798 1480 1815 1513 ι
1845 1462 2006 1529 Quae-

426 1564 550 1605 nam
594 1558 679 1605 est
701 1551 845 1605 actio
874 1550 963 1605 illa
1001 1566 1164 1621 quant
1188 1551 1521 1608 instituisti?
1558 1572 1576 1604 ›
1616 1552 1711 1608 Ille
1744 1568 1878 1608 vero
1916 1553 2009 1608 iis-

423 1643 548 1697 dem
584 1642 845 1698 utcbatur
877 1642 1128 1699 vocibus.
1184 1645 1357 1699 Porro
1390 1660 1517 1700 reus
1556 1645 1671 1715 ipse
1702 1646 2005 1701 conﬁteba-

424 1745 515 1788 tur
553 1735 765 1791 crimen
811 1745 871 1790 ut
921 1737 1149 1791 minime
1182 1736 1436 1801 dubium,
1461 1738 1743 1809 judexque
1774 1739 2003 1794 delatio-

422 1842 549 1882 nem
582 1828 648 1883 ad
668 1844 726 1883 se
758 1828 957 1884 factam
989 1831 1372 1894 attestabatur,
1410 1832 1663 1901 quamvis
1694 1834 2006 1888 exsecutio-

421 1934 549 1973 nem
582 1930 777 1975 contra
807 1936 963 1975 reum
993 1938 1103 1976 non
1131 1921 1373 1977 fecisset.
1390 1922 1587 1978 Statim
1616 1938 1748 1995 ergo
1762 1924 2005 1995 judicem

421 2012 647 2082 quidem
675 2023 735 2068 ut
761 2014 1129 2085 negligentem
1154 2014 1210 2069 in
1232 2016 1358 2086 jure
1382 2015 1825 2072 administrando
1853 2018 2008 2073 exuit

421 2119 654 2160 munere
680 2122 694 2159 :
756 2105 913 2160 illum
944 2116 1128 2161 autem
1160 2107 1257 2176 qui
1292 2106 1553 2162 adulterii
1578 2108 1864 2164 convictus
1888 2120 2009 2165 erat

421 2195 727 2252 secundum
759 2197 909 2268 leges
956 2199 1195 2269 punivit.
1258 2199 1529 2270 Pleraque
1564 2209 1747 2256 autem
1789 2202 2007 2273 negotia

422 2289 477 2342 in
540 2287 811 2344 Lausiaco
858 2291 950 2360 jus
999 2290 1196 2345 dicens
1246 2290 1561 2348 decidebat.
1621 2293 2008 2350 Amanuenses

421 2376 586 2432 etiam
641 2379 878 2437 adscivit
925 2380 1431 2450 praestantissimos,
1472 2383 1676 2451 quibus
1720 2384 2007 2456 consigna-

423 2468 631 2523 tionem
683 2486 1050 2540 expensarum
1111 2472 1534 2540 committebat;
1585 2474 1756 2531 duces
1785 2492 2007 2546 quoque

423 2560 652 2617 bellicos
675 2578 741 2619 ac
772 2563 1155 2633 magistratus,
1185 2566 1455 2635 optimum
1479 2582 1777 2637 quemque,
1815 2570 2009 2638 princi-

421 2658 707 2733 pue.tales
737 2658 831 2728 qui
874 2658 1200 2716 muneribus
1226 2660 1455 2716 minime
1489 2676 2005 2733 corrumperentur,

422 2748 540 2813 ipse
568 2748 736 2802 etiam
767 2749 967 2819 opibus
997 2751 1424 2823 haudquaquam
1466 2754 1770 2824 subjectus.
1820 2754 2007 2811 Haere-

421 2854 545 2896 seos
579 2841 800 2897 interim
845 2859 957 2899 sum
999 2844 1166 2901 nimis
1209 2846 1314 2917 19
1333 2847 1633 2904 vehemens
1664 2861 1785 2905 erat
1806 2866 2009 2921 propu-

419 2940 635 3001 gnator,
679 2933 751 2989 ita
782 2942 843 2989 ut
880 2937 1085 2992 multos
1123 2938 1466 2996 orthodoxos
1502 2941 1807 2998 crudeliter
1845 2959 2008 2999 vexa—

421 3030 524 3076 ret.
577 3021 814 3079 Volebat
845 3035 1029 3082 autem
1055 3029 1279 3100 elegans
1299 3030 1472 3086 videri
1499 3032 1554 3086 in
1587 3032 1857 3099 canendo,
1881 3048 2007 3090 cum

424 3122 605 3171 tamen
659 3116 941 3175 incondite
991 3129 1048 3176 et
1100 3122 1433 3181 inconcinne
1482 3124 1697 3181 boaret.
1744 3125 1903 3193 Quod
1950 3136 2008 3182 et
2035 3162 2077 3222 ο

422 3208 602 3278 ipsum
642 3207 699 3265 in
733 3210 915 3268 Pharo
947 3215 1306 3272 memorabile
1342 3218 1603 3288 apparuit
1640 3218 1707 3274 iis
1744 3235 1866 3290 quae
1899 3220 2003 3291 ipsi

421 3308 689 3357 eventura
721 3313 883 3360 erant
907 3300 1148 3375 psalmus
1175 3304 1475 3365 crocitanti-
1501 3329 1515 3365 :
1562 3312 1792 3381 praeibat
1820 3324 2005 3369 autem

422 3391 793 3459 psallentibus
850 3398 1185 3470 quandoque
1241 3410 1481 3473 tuncque
1545 3406 1780 3461 maxime
1859 3407 2006 3462 into-

421 3497 583 3549 unus,

602 3676 857 3751 Sprevere
879 3687 1074 3739 summi
1102 3696 1293 3743 cuncta
1315 3707 1497 3744 amore
1527 3693 1805 3766 principis.

422 3789 466 3843 Α
498 3804 611 3859 quo
648 3805 775 3845 cum
811 3792 926 3863 ipse
954 3794 1114 3867 longe
1141 3796 1380 3867 abesset,
1427 3800 1672 3857 divinam
1704 3804 2005 3861 vindictam

424 3890 617 3951 aperte
647 3883 753 3939 sibi
802 3887 1032 3943 attraxit
1080 3889 1188 3946 hoc
1234 3890 1459 3963 hymno,
1508 3895 1870 3965 praedictione
1907 3914 2008 3968 per

423 3975 570 4031 hanc
591 3990 994 4036 consummata.

493 4068 766 4141 Tempore
815 4081 1003 4128 autem
1043 4074 1160 4131 htec
1204 4092 1509 4149 praegresso
1559 4080 1789 4138 Michael
1838 4084 2008 4137 Amo-

424 4158 625 4215 riensis
667 4160 995 4219 fortitudine
1028 4180 1093 4220 ac
1141 4169 1519 4239 praerogativis
1567 4173 1883 4240 proﬁciens,
1938 4175 2009 4229 ob

422 4268 588 4322 quam
619 4262 676 4310 et
712 4257 1101 4312 excubitorum
1141 4260 1359 4316 cohorti
1392 4263 1682 4332 pmfectus
1721 4275 1863 4330 erat,
1906 4266 2013 4321 cri-

423 4345 571 4402 mine
614 4347 757 4404 laesa:
785 4350 1093 4422 majestatis
1126 4352 1412 4409 incusatus
1459 4354 1565 4410 fuit
1595 4376 1606 4411 :
1655 4357 1751 4427 qui
1792 4372 1917 4412 cum
1950 4373 2009 4414 se

2035 1799 2082 1858 B

2110 533 2499 605 νενομισμένον
2531 534 2722 604 καιρὸν
2774 534 2964 587 τούτου
2996 533 3231 597 ἐξιόντος
3270 534 3365 586 τοῦ
3411 532 3705 597 παλατίου,

2111 629 2256 700 ἀνήρ
2285 645 2369 692 τις
2392 627 2623 699 προσῄει
2652 628 2698 659 ⁸⁰
2730 628 2878 697 αὐτῷ
2911 627 3172 697 ἐγκλησιν
3200 627 3606 697 ἐνστησάμενος
3632 626 3710 687 ὼς

2111 720 2306 774 τούτου
2341 720 2402 774 τὸ
2442 720 2663 790 γύναιον
2700 722 2927 791 ἁρπαγῇ
2964 720 3076 790 (57)
3130 719 3513 791 συγκεκύρηκε
3559 718 3713 791 παρὰ

2112 832 2260 877 τινος
2292 813 2403 867 τῶν
2443 811 2847 883 συγκλητικῶν,
2879 814 3029 875 ὅστις
3054 811 3236 881 εἴληχε
3264 813 3534 882 τοσαύτης
3560 810 3714 864 ἐλευ-

2114 903 2305 976 θερίας
2336 903 2413 967 ὼς
2458 906 2753 973 κατασχεῖν
2803 902 2974 972 αὐτὴν
3007 901 3177 963 ἀδεῶς
3222 902 3314 953 ἐπὶ
3367 900 3557 971 χρόνον
3604 918 3711 953 πο-

2109 997 2206 1051 λύν
2241 997 2351 1067 (58)
2375 1010 2388 1025 '
2429 1015 2446 1048 ι
2483 996 2651 1066 Ἑμοῦ
2684 995 2740 1048 δέ
2768 996 2897 1064 περί
2927 1010 2990 1063 γε
3025 993 3219 1047 τούτου
3252 992 3350 1047 καὶ
3374 992 3451 1063 τῷ
3481 992 3711 1064 ἐπάρχῳ

2110 1089 2584 1157 διεγκαλέσαντος,
2605 1088 2757 1141 οὐδέν
2789 1104 2880 1157 μοι
2906 1086 3016 1139 τῶν
3042 1086 3177 1157 πρὸς
3204 1086 3485 1157 ἐκδίκησιν
3506 1086 3600 1137 ἐπε
3613 1085 3710 1154 ραι

2109 1203 2258 1239 νατο.
2291 1204 2307 1236 ι
2350 1186 2406 1238 '0
2434 1183 2564 1251 γοῦν
2590 1182 2843 1253 βασιλεὺς
2878 1181 3087 1235 τούτων
3120 1179 3434 1242 ἐνωτισθεὶς
3462 1177 3571 1231 τινὶ
3598 1177 3711 1231 τῶν

2110 1277 2462 1347 θεραπόντων
2509 1275 2677 1339 ὀξέως
2714 1273 3050 1345 προσέταξεν
3102 1276 3159 1328 ἐν
3191 1275 3256 1344 τῇ
3306 1271 3560 1340 ἐπανόδῳ
3614 1272 3709 1324 τὸν

2111 1369 2512 1440 ἐγκαλούμενον
2553 1370 2650 1423 σὺν
2691 1369 2811 1438 ἅμα
2851 1368 2932 1440 τῷ
2983 1368 3209 1438 ἐπάρχῳ
3243 1366 3382 1419 κατὰ
3413 1364 3709 1434 πρόσωπον

2111 1458 2277 1512 αὑτοῦ
2314 1459 2799 1530 παραστήσασθαι.
2836 1458 2944 1511 Τοῦ
2984 1453 3077 1511 οὖν
3110 1458 3513 1528 αὐτοκράτορος
3549 1455 3707 1524 ἐνδη-

2114 1552 2391 1622 μήσαντος
2422 1551 2482 1604 τὸ
2507 1551 2765 1605 κελευθὲν
2787 1553 2868 1616 είς
2901 1551 3101 1624 πρᾶξιν
3133 1550 3457 1624 παρίστατο.
3494 1549 3602 1602 Καὶ
3628 1548 3708 1619 τῷ

2109 1645 2209 1716 τὴν
2243 1644 2506 1715 ἔγκλησιν
2554 1644 2914 1715 ποιησαμένῳ
2954 1634 3189 1711 ἐτοίμῗως
3233 1643 3367 1713 φησί
3399 1642 3549 1714 (59)’
3591 1662 3608 1692 ι
3640 1640 3707 1694 Τί

2108 1736 2170 1789 τὸ
2195 1736 2339 1791 κατὰ
2373 1738 2431 1789 σέ
2465 1736 2948 1807 δραματούργημα
2972 1736 3013 1767 ⁸¹
3039 1755 3053 1800 ;
3085 1755 3103 1788 ι
3128 1737 3240 1789 Καὶ
3270 1737 3297 1789 ό
3327 1735 3426 1805 μὲν
3454 1736 3572 1797 ταῖς
3608 1732 3708 1785 αύ-

2111 1832 2232 1892 ταῖς
2278 1829 2547 1901 ἐκέχρητο
2581 1829 2830 1900 ρήσεσιν,
2872 1829 2901 1880 ὁ
2930 1828 2986 1881 δὲ
3030 1826 3572 1898 ἐγκληματιζόμενος
3610 1827 3707 1878 ἁν-

2110 1921 2383 1992 ωμολόγει
2419 1922 2478 1974 τὸ
2504 1921 2760 1991 ἔγκλημα
2781 1920 2857 1982 ὡς
2875 1920 3383 1991 ἀναμφισϐήτητον,
3402 1920 3497 1973 καὶ
3529 1919 3556 1970 ὁ
3584 1922 3709 1971 ἐτοι-⁹

2111 2010 2243 2083 στὴς
2274 2012 2385 2083 (40)
2419 2013 2485 2081 τῇ
2519 2010 2811 2064 καταθέσει
2844 2008 3268 2079 συνεμαρτύρει,
3300 2009 3347 2060 εί
3372 2006 3466 2059 καὶ
3502 2004 3575 2075 μὴ
3606 2005 3707 2073 τὴν

2109 2105 2465 2170 ὑπεξέλευσιν
2496 2103 2642 2158 κατὰ
2674 2103 2767 2157 τοῦ
2800 2102 3137 2170 κακακρίτου
3166 2100 3458 2168 πεποίητο.
3494 2096 3704 2150 Αὐτίκα.

2108 2202 2200 2254 τὸν
2228 2200 2325 2271 μὲν
2350 2197 2615 2268 δικαστὴν
2641 2197 2715 2260 ὡς
2739 2196 3077 2267 ἁφερέπονον
3104 2192 3196 2245 τοῦ
3219 2191 3428 2245 δικαίου
3454 2188 3705 2259 διέστησε

2108 2296 2207 2363 τῆς
2238 2292 2440 2365 ἀρχῆς,
2467 2291 2560 2344 τὸν
2587 2290 2645 2343 δέ
2674 2292 2742 2361 τῇ
2778 2291 2995 2360 μοιχείᾳ
3028 2285 3307 2340 ἐαλώκότα
3334 2283 3477 2337 κατὰ
3507 2282 3705 2351 νόμους

2110 2385 2514 2454 ἐτιμωρήσατο.
2542 2380 2625 2435 Τὰ
2656 2380 2828 2435 πλείω
2860 2381 2917 2433 δὲ
2948 2379 3057 2433 τῶν
3075 2377 3448 2449 διοικημὰτων
3472 2377 3528 2428 ἐν
3556 2376 3599 2406 ⁸⁸
3626 2372 3705 2445 τῷ

2110 2474 2412 2534 Λαυσιακῶ
2470 2472 2833 2544 χρηματίζων
2877 2472 3096 2542 διήνυεν
3144 2468 3257 2539 (41)
3285 2508 3299 2533 ,
3345 2465 3705 2535 ὑπογραφέας

2111 2566 2595 2640 προσκαλούμενος
2624 2563 2735 2617 τῶν
2762 2563 3024 2636 ἀρίστων,
3052 2558 3132 2626 οἷς
3163 2560 3384 2635 γραφὴν
3410 2557 3517 2611 τῶν
3551 2555 3704 2608 ἐκδόο

2112 2678 2249 2714 σεων
2311 2660 2708 2731 ἐπετέτραπτο,
2770 2654 3158 2727 προσεποιεῖτό
3213 2670 3272 2705 τε
3326 2649 3705 2724 στρατηλάτας

2109 2755 2204 2807 καὶ
2254 2751 2525 2821 ἄρχοντας
2573 2750 2684 2803 τῶν
2719 2750 3017 2817 ἀξιολόγων
3049 2746 3202 2817 (42),
3256 2742 3431 2806 ἄλλως
3482 2758 3540 2795 τε
3577 2738 3705 2802 τοὶς

2109 2844 2352 2914 ἀδωρίαν
2398 2841 2835 2913 ἐξησκημένους,
2867 2839 3030 2903 αὐτὸς
3067 2839 3166 2909 οὐχ
3193 2838 3373 2909 ἥττων
3401 2835 3446 2866 ⁸³
3482 2830 3702 2904 χρημά-

2109 2953 2220 2989 των
2251 2933 2633 3005 καθεστηκὼς,
2680 2931 2783 2987 κᾶν
2817 2931 2912 2985 ἐπὶ
2959 2931 3021 2984 τὸ
3069 2930 3272 3001 μᾶλλον
3315 2926 3584 2999 αίρέσεως
3616 2921 3700 2975 ατ-

2109 3042 2247 3088 τιος,
2287 3023 2363 3088 ὡς
2389 3025 2484 3078 καὶ
2531 3022 2823 3083 πλείστους
2873 3021 2983 3073 τῶν
3014 3017 3315 3089 όρθοδόξων
3356 3011 3704 3082 ποινηὶατεῖν

2109 3118 2170 3171 ἐν
2197 3116 2462 3187 ὠμότητι.
2504 3110 2614 3167 ’Ἦν
2643 3113 2700 3167 δέ
2731 3113 2845 3185 (4³5)
2894 3111 3179 3181 φιλότιμος
3212 3108 3375 3171 πάνυ,
3402 3104 3504 3159 κᾶν
3526 3104 3573 3135 ⁸⁸
3609 3121 3703 3156 σο-

2113 3210 2283 3282 ϐαρὺν
2310 3208 2528 3279 ἐμσοῶν
2562 3207 2657 3260 καὶ
2700 3205 3053 3276 κακόρυθμος
3093 3204 3229 3273 (4.1).
3266 3202 3331 3254 Ὀ
3358 3199 3404 3231 ⁸⁵
3434 3198 3527 3251 καὶ
3561 3196 3704 3249 κατὰ

2113 3306 2205 3358 τὸν
2228 3302 2324 3358 τοῦ
2354 3301 2535 3373 Φάρου
2560 3301 2688 3355 ναὸν
2709 3300 2805 3354 καὶ
2826 3299 2944 3352 τόδε
2969 3295 3245 3367 γνώριμον
3267 3290 3569 3363 διεφαίνετο
3591 3290 3705 3351 τοῖς

2116 3396 2566 3467 ἐπελευσομένοις
2609 3393 2760 3463 αὐτῷ
2813 3391 3119 3462 ψαλμῳδῶς
3149 3387 3262 3459 (45)
3292 3382 3701 3457 λαρυγγίζοντι.

2129 3487 2360 3557 Ἐξῆρχε
2411 3485 2519 3556 γὰρ
2554 3484 2664 3537 τῶν
2714 3481 3027 3554 ψαλλόντων
3085 3478 3277 3544 ἐνίοτε,
3324 3476 3415 3530 καὶ
3467 3473 3702 3546 μάλιστα

2115 3579 2236 3632 τότε
2269 3579 2401 3647 (46),
2429 3576 2623 3647 φωνῶν
2652 3593 2667 3609 ⁸

2226 3690 2310 3757 Τῷ
2341 3688 2760 3754 adrnirawa
2787 3687 3203 3757 ἑξεςραύλισαν
3228 3687 3391 3749 πόθῳ
3419 3684 3555 3756 (Ην

2114 3802 2244 3877 οὖγε
2286 3804 2631 3875 διολισθήσας
2682 3803 2792 3876 ἄρα
2843 3802 2941 3874 τὴν
2988 3801 3141 3856 θείαν
3173 3801 3331 3871 δίκην
3382 3796 3698 3870 περιφανῶς

2115 3900 2468 3956 ἐπεσπάσατο
2516 3896 2592 3970 τῷ
2632 3897 2809 3969 ὕμνῳ,
2849 3896 3189 3968 προφητείας
3219 3894 3390 3966 ταύτῃ
3427 3894 3539 3966 (48)
3574 3910 3702 3945 συν-

2115 3990 2486 4060 τελεσθείσης.

2188 4083 2406 4135 Τούτων
2427 4080 2485 4133 es
2514 4079 2709 4151 χρόνου
2732 4078 2842 4150 (49)
2871 4078 3016 4143 τινὸς
3047 4073 3565 4149 προδεδραμηκότος
3595 4072 3701 4126 Μι-

2116 4174 2257 4245 χαὴλ
2282 4174 2309 4226 ό
2358 4172 2419 4237 ἐξ
2459 4170 2717 4242 Ἀμορίου
2767 4172 2881 4233 τοῖς
2913 4171 3035 4224 κατ’
3081 4168 3333 4240 ἀνδρείαν
3372 4165 3701 4236 προκόπτων

2119 4270 2177 4321 ἐν
2199 4268 2603 4339 προτερήμασι,
2628 4263 2757 4334 παρ’
2780 4262 2808 4317 ὃ
2824 4262 2870 4295 ⁸⁸
2891 4264 2985 4316 καὶ
3010 4262 3071 4316 τὸ
3096 4262 3205 4315 τῶν
3234 4259 3560 4325 ἐξκουὸίτων
3585 4257 3698 4328 (ὕῦ)

2120 4359 2452 4414 πεπίστευτο
2481 4358 2789 4426 σύνταγμα,
2809 4354 3030 4426 διαϐολῇ
3060 4353 3438 4416 καθοσιώσεως
3466 4349 3699 4419 ἐπισκή-

1737 4466 1963 4527 ῪᾹΒΙΑΞ
2005 4472 2300 4531 LECTION
2308 4474 2413 4528 ES.

504 4557 551 4589 '°
580 4556 795 4629 προσίει
821 4555 883 4613 L.
941 4559 984 4590 ⁸¹
1018 4559 1538 4633 δραμματούργημα
1570 4562 1629 4616 L.
1713 4564 1757 4594 ⁸¹
1789 4564 1848 4616 ἐν
1881 4580 1993 4621 om.
2028 4565 2090 4621 1..
2164 4567 2208 4605 ⁸³
2225 4561 2386 4636 ἧττον
2417 4563 2477 4619 L.
2559 4565 2606 4596 ”
2627 4552 2731 4617 κᾶν
2763 4563 2826 4625 Β,
2878 4564 2973 4617 καὶ
3001 4561 3061 4621 ι..
3137 4562 3183 4592 ⁸⁸
3210 4560 3261 4632 ὃ]
3293 4553 3336 4629 ᾧ
3368 4557 3431 4613 L.
3493 4560 3540 4592 ⁸⁸
3565 4560 3698 4628 παρ’

422 4651 527 4715 se,
567 4642 763 4720 παρίἶ)
820 4650 886 4709 L.

1622 4722 1873 4781 STEPH.
1917 4726 2266 4787 BERGLERI
2297 4728 2533 4788 NOTAE.

496 4814 612 4896 (ὅθ)
662 4813 848 4896 Sc_liol.
927 4814 1381 4886 ἰπαχθηνότατος.
1436 4814 1602 4872 Cedr.’
1660 4818 2001 4887 ἐπαχθέστα-
2033 4825 2075 4881 1)
2177 4822 2290 4896 (Η)
2321 4822 2559 4896 Cedren.
2593 4826 2629 4880 1.
2658 4839 2706 4880 c.
2751 4822 3054 4896 ἆρρυθμος.
3097 4822 3223 4896 _Vid.
3256 4821 3460 4896 Zonar.
3488 4837 3544 4891 p.
3572 4821 3697 4896 151·

422 4885 516 4949 τος
544 4886 614 4941 de
639 4885 855 4941 eodem.

490 4955 605 5032 (3])
636 4955 859 5011 Ita.ms.
902 4955 1196 5032 Reinesius
1229 4963 1411 5010 tamen
1466 4961 1757 5015 annotavit
1788 4979 1878 5030 γρ.
1906 4962 2000 5032 ἀρ·

425 5026 668 5096 παγῆναι
702 5034 902 5096 praater
924 5026 1335 5081 necessitatem.

636 5095 985 5178 Q01:tin._.p._
1012 5097 1281 5178 19,.Zon.
1332 5113 1395 5178 p._
1432 5099 1694 5178 l52,__i_sti
1738 5102 2005 5159 breviter.

427 5166 543 5239 Sed
564 5166 1077 5239 Cedrenus'iisdem
1104 5166 1219 5223 fere
1243 5168 1431 5223 verbis
1457 5184 1512 5239 p.
1539 5169 1665 5224 491.

519 5238 607 5307 59)
634 5236 868 5307 Cedren.
905 5253 959 5307 p.
994 5236 1118 5292 491.

523 5306 727 5382 10)1ιὲ
779 5306 1072 5382 scriptum.
1126 5307 1421 5382 Reinesius
1463 5310 1691 5366 adnotat
1721 5328 1734 5364 :
1762 5331 1854 5382 γρ.
1932 5315 2012 5367 διο

430 5376 797 5455 καστῄςε-Νεο
824 5378 987 5455 aliter
1011 5378 1302 5455 legendum
1338 5395 1412 5455 _ex
1454 5376 1816 5455 sequentibus
1840 5394 2011 5455 patet.

498 5447 613 5524 (μ)
641 5447 1396 5524 Οοηεηκατᾲ-τδλαυσιακὸν
1435 5447 1825 5524 ἐγκαθήμενος
1925 5458 2009 5510 19.

426 5517 599 5596 Cedr.
626 5534 681 5590 p.
731 5518 832 5573 491
888 5518 1048 5596 addit
1082 5520 1365 5590 τρικλίνῳ.
1433 5522 1523 5577 Ἐν
1570 5517 1677 5594 τῷ”
1708 5517 2009 5596 Λαυσιακῴ

427 5588 735 5659 καθήμενος
758 5588 1039 5659 τρικλίνῳ.

411 5670 418 5713 τ
491 5659 604 5732 (42)
630 5659 767 5732 Z_on.
799 5674 856 5729 p.
900 5659 1038 5732 152.
1065 5660 1303 5717 Cedren.
1336 5678 1391 5732 p.
1426 5664 1551 5720 491.

495 5728 615 5809 (ιὸ)
636 5728 874 5809 Cedren.
898 5745 951 5800 p.
981 5730 1105 5797 491,
1141 5728 1507 5805 ἐφιλοτιμεῖτο
1539 5735 1595 5789 δὲ
1626 5733 1720 5791 καὶ
1751 5737 1881 5807 περὶ
1912 5736 2007 5809 τὴν

426 5798 619 5850 ἐαυτοῦ
641 5800 848 5868 φωνήν.

2183 4893 2298 4965 (45)
2326 4894 2462 4949 Male
2494 4896 2585 4950 hic
2616 4892 3039 4951 etiam'verbum
3089 4892 3193 4948 fut.
3224 4893 3495 4965 temporis
3518 4894 3703 4961 posuit

2112 4964 2327 5019 auctor.
2356 4965 2629 5035 Loquitur
2651 4974 2835 5020 autem
2881 4971 3198 5034 portentose
3222 4964 3323 5017 hic
3354 4972 3569 5035 auctor,
3596 4980 3701 5019 nec

2114 5035 2298 5090 minus
2335 5034 2616 5091 incondite
2644 5052 2807 5106 quam
2831 5035 2985 5106 illum
3009 5044 3261 5106 cantasse
3288 5034 3441 5106 dicit.

2182 5106 2296 5172 (t6)
2319 5106 2555 5161 Cedren.
2591 5104 2804 5176 p.'49l,
2832 5105 2928 5159 ubi
2968 5104 3114 5176 idem
3144 5121 3341 5176 versus
3364 5104 3586 5176 citatur.

2192 5177 2304 5246 (47)
2336 5178 2415 5232 Ita
2436 5188 2489 5230 et
2515 5174 2660 5247 apud
2687 5176 2886 5229 Zonar.
2921 5191 2975 5246 p.
3007 5175 3128 5239 154,
3159 5174 3252 5247 sed
3288 5175 3394 5243 leg.
3431 5174 3509 5244 τῷ
3543 5175 3703 5247 πάντξ

2133 5244 2389 5312 ἄνακτος,
2429 5244 2565 5311 etc.;
2592 5248 2634 5301 si
2665 5262 2792 5300 vera
2834 5244 3132 5301 est'versio
3167 5263 3179 5298 :
3213 5244 3466 5316 Sprevere
3507 5245 3703 5299 δαηιωὶ

2121 5326 2311 5371 cuncta
2375 5334 2557 5372 amore
2597 5317 2867 5386 principis.
2903 5316 3247 5371 Suntautem
3276 5317 3444 5386 verba
3474 5316 3701 5378 cantici.

2122 5388 2190 5441 de
2226 5403 2336 5456 quo
2374 5385 2691 5456 expressius
2744 5386 2978 5441 Cedren.
3028 5404 3083 5456 p.
3130 5386 3250 5441 191.
3305 5385 3567 5443 Οιελιιιυε
3606 5395 3702 5443 aut

2121 5457 2332 5513 Bosws.
2361 5458 2508 5514 Nihil
2549 5474 2689 5527 opus
2724 5459 3027 5513 tnutatione
3054 5458 3178 5512 ista.

2194 5528 2307 5597 (48)
2341 5528 2416 5582 Ita
2435 5528 2724 5597 scriptum,
2757 5544 2866 5581 non
2899 5528 3123 5597 ταύτης.

2190 5599 2303 5669 (49)
2327 5599 2526 5653 Zonar.
2563 5616 2614 5666 p.
2658 5598 2785 5669 I32,
2810 5598 2973 5652 Cedr.
3002 5601 3057 5668 p'.
3088 5600 3182 5652 49!
3246 5599 3367 5655 init.

2184 5668 2297 5739 (5'0)
2331 5670 2435 5735 Qui
2482 5669 2616 5723 alias
2660 5668 2954 5739 Foederati,
2992 5679 3049 5725 ut
3088 5671 3191 5725 hac
3241 5672 3295 5726 in
3331 5690 3386 5729 re
3420 5688 3514 5726 eos
3540 5679 3701 5728 vocat

2112 5737 2479 5795 Continuator
2504 5756 2555 5810 p.
2584 5740 2644 5793 ‘2!
2686 5737 2804 5793 init.
