4128 6462
438 373 575 442 1015
1740 376 2056 437 JOSEPHI
2102 377 2417 441 GENESII
3591 368 3729 436 1016

432 500 570 549 dere
604 500 661 548 et
708 490 984 549 abducere
1036 492 1089 546 in
1127 492 1315 563 palatii
1355 492 1639 553 balneum,
1667 490 2024 561 pithecioque

2154 491 2496 549 ιπατπιστῶν
2526 493 2552 545 ὁ
2583 490 2840 563 βασιλεὺς
2890 488 3244 556 ὲγκελεύεται
3286 485 3450 541 αὐτὸν
3478 486 3600 540 ταῖν
3629 501 3727 555 χε-

431 587 676 644 vinctum
701 598 756 642 et
777 596 941 642 conto
970 587 1301 659 applicatum
1328 601 1606 661 apponere
1637 586 1749 656 igni
1781 583 2023 644 fornacis

2154 586 2250 637 >οῖν
2302 582 2563 637 λαϐέσθαι
2596 581 2694 635 καὶ
2744 581 3056 648 ἀπαγαγεῖν
3106 579 3186 642 εἰς
3214 577 3275 630 τὸ
3316 576 3411 630 τοῦ
3456 575 3727 629 παλατίου

434 680 897 739 consumendum.

506 950 645 1006 Cum
703 951 1054 1021 imperatoris
1100 952 1313 1023 jussum
1361 950 1439 1004 sic
1472 958 1852 1020 perageretur,
1904 963 2028 1018 spe-

438 1053 590 1098 ctare
646 1060 769 1114 qua:
808 1044 994 1099 futura
1040 1051 1229 1099 essent
1276 1042 1452 1097 voluit
1491 1041 1813 1110 imperator.
1851 1040 2029 1095 Simul

441 1146 628 1192 autem
684 1136 878 1193 eodem
925 1153 982 1192 se
1037 1135 1271 1191 contulit
1297 1138 1541 1205 Augusta
1581 1133 1894 1189 Theodosia
1925 1133 2030 1186 im-

444 1228 691 1299 provisa,
726 1230 838 1293 illa,
872 1228 1435 1299 inquam,Arsaberis
1470 1226 1602 1291 ﬁlia,
1633 1225 1849 1297 patricii
1883 1224 2033 1280 illius

445 1329 503 1375 et
536 1320 850 1390 quaestoris,
881 1319 1140 1376 incusans
1176 1320 1526 1390 imperatoris
1555 1317 1935 1373 carniﬁcinam
1979 1324 2036 1370 et

444 1412 781 1475 barbariem,
821 1412 1079 1490 quodque
1124 1412 1219 1466 Dei
1277 1412 1442 1466 timor
1471 1411 1521 1465 ei
1550 1411 1713 1480 plane
1745 1425 1854 1464 non
1890 1415 2036 1462 esset

451 1504 627 1569 cordi,
676 1520 779 1559 nec
824 1514 1173 1559 revereretur
1204 1504 1349 1558 diem
1391 1504 1595 1557 festum
1626 1516 1735 1570 quo
1766 1500 2032 1556 contami-

448 1597 596 1653 natis
632 1597 887 1653 manibus
917 1598 1082 1651 vellet
1111 1594 1354 1652 divinam
1393 1594 1841 1651 communionem
1894 1591 2034 1647 reci-

448 1702 606 1761 pere.
660 1687 1077 1758 Consiliumque
1124 1688 1172 1743 ei
1233 1687 1399 1744 dabat
1454 1697 1515 1742 ut
1572 1687 1663 1741 ille
1717 1691 2039 1740 servaretur

450 1780 736 1835 inclusus:
774 1780 901 1844 dein
934 1780 1013 1834 sic
1048 1780 1103 1841 in
1135 1781 1255 1854 ejus
1285 1779 1425 1834 facta
1447 1777 1678 1833 ulterius
1704 1775 2037 1847 inquiratur,

2134 675 2402 746 λουτρὸν,
2455 673 2713 745 πιθήκιόν
2785 689 2845 725 τε
2892 670 3184 742 δεσμῆσαι,
3219 668 3424 738 ἑνεῖραί
3481 684 3542 720 τε
3592 666 3734 739 πρδς

2137 771 2327 822 κοντὸν
2370 769 2466 823 καὶ
2497 768 2575 840 τῷ
2626 766 2926 839 καμινιαίῳ
2986 764 3123 836 πυρὶ
3174 762 3542 833 παρατιθέναι
3595 759 3734 816 ἀνά-

2136 861 2297 931 λωμα
2340 862 2477 932 (67).

2212 956 2318 1009 Τοῦ
2344 956 2401 1009 δὲ
2428 953 2706 1026 βασιλικοῦ
2737 952 3110 1021 διατάγματος
3151 948 3271 1019 (68)
3301 948 3446 1003 οὕτω
3468 945 3741 1018 προὸισα-

2144 1047 2383 1110 σθέντος,
2422 1045 2723 1099 θεάσασθαι
2745 1043 2807 1096 τὸ
2832 1039 3297 1111 τελεσθησόμενον
3353 1037 3741 1110 προτεθύμητο

2143 1139 2416 1211 βασιλεύς.
2445 1138 2779 1208 Συνηντήκει
2806 1136 2861 1189 δὲ
2891 1133 3040 1205 αὐτῷ
3079 1135 3113 1203 ἠ
3147 1131 3438 1202 Αὑγοῦστα
3479 1130 3742 1183 Θεοδοσία

2142 1233 2460 1305 ἁσάμϐαλος
2498 1232 2543 1263 θ’
2580 1229 2715 1300 (69),
2761 1228 2823 1285 τὸ
2853 1226 2949 1285 τοῦ
2989 1225 3253 1297 Δρσαϐὴρ
3303 1226 3598 1295 πατρικίου
3645 1222 3742 1276 καὶ

2143 1326 2503 1395 κοιαίστωρος
2541 1321 2859 1393 θυγάτριον,
2935 1318 3032 1373 τοῦ
3097 1317 3365 1386 βασιλέως
3419 1313 3741 1383 κατηγορῆ-

2147 1437 2237 1472 σον
2272 1418 2383 1491 (70)
2412 1415 2725 1488 μιαιφονίαν
2756 1413 2851 1467 καὶ
2878 1411 3286 1484 βαρϐαρὸτητα,
3330 1408 3425 1461 κα)⁸
3459 1406 3578 1477 μηδ’
3604 1406 3743 1468 ὅλως

2143 1512 2205 1567 τὸ
2236 1511 2332 1565 τοῦ
2362 1509 2498 1565 Θεοῦ
2527 1510 2645 1573 δέος
2674 1507 2865 1561 τοῦτον
2906 1505 3052 1577 ἔχειν
3104 1502 3419 1573 ἐγκάρδιον,
3464 1500 3559 1553 καὶ
3599 1496 3743 1550 κατά

2149 1607 2318 1679 μηδὲν
2343 1604 2724 1677 ἠρυθριακότα
2757 1600 2974 1673 ἡμέραν
3007 1599 3106 1668 τὴν
3139 1597 3492 1667 ἑορτάσιμον,
3518 1594 3638 1647 καθ’
3671 1592 3744 1662 ῆν

2147 1699 2495 1771 κεχραμένας
2542 1696 2644 1760 τὰς
2695 1697 2886 1766 χεῖρας
2924 1689 3166 1764 ᾑρῆσθαι
3219 1688 3268 1723 ⁸³
3315 1688 3427 1757 (71)
3458 1686 3555 1757 τὴν
3588 1684 3744 1738 θείαν

2148 1788 2434 1845 κοινωνίαν
2462 1786 2829 1853 εἰσδέξασθαι,
2860 1778 3402 1852 συμϐοώευσόμενόν
3421 1794 3480 1832 τε
3514 1776 3606 1828 τὸν
3635 1775 3746 1829 Μι-

448 1882 618 1944 atque
674 1873 840 1935 etiam
906 1874 960 1929 in
1033 1874 1214 1929 socios
1285 1870 1754 1943 conspirationis,
1813 1885 1878 1924 ac
1926 1878 2042 1923 tum

2154 1882 2287 1953 χαὴλ
2312 1880 2618 1951 τηρηθῆναι
2679 1876 3096 1936 κατάκλειστον,
3156 1871 3259 1926 εἶθ’
3311 1868 3489 1933 οὕτως
3516 1867 3585 1921 τά
3619 1862 3745 1920 κατ’

450 1965 677 2021 demum
758 1980 935 2037 poenae
1016 1965 1362 2036 subjiciatur.
1431 1962 1826 2035 Hujuscemodi
1883 1961 2049 2017 dictis

450 2059 727 2131 perceptis
778 2059 1082 2130 imperator
1130 2059 1396 2130 praecepit
1444 2074 1598 2112 reum
1636 2057 1882 2118 liberum
1928 2071 2050 2111 esse

451 2150 509 2203 in
566 2165 808 2221 praesens
843 2164 870 2204 ο
926 2149 1233 2219 supplicio,
1278 2163 1618 2219 uxoremque
1653 2147 1734 2207 sic
1773 2147 2051 2202 allocutus

452 2250 582 2297 est:
628 2242 722 2303 :0
760 2241 981 2308 mulier,
1028 2257 1205 2295 meam
1253 2240 1478 2311 quidem
1522 2241 1762 2296 animam
1820 2239 1890 2293 ab
1948 2239 2045 2293 illo

452 2332 727 2403 supplicio
770 2333 939 2388 hodie
980 2333 1226 2387 liberasti
1261 2350 1275 2387 :
1331 2333 1498 2388 etiam
1531 2332 1643 2386 vita
1690 2347 1775 2387 me
1805 2330 1916 2391 cito
1943 2328 2053 2389 for-

454 2432 601 2480 tasse
665 2424 932 2494 privabis.
987 2425 1069 2478 Tu
1119 2439 1251 2479 vero
1305 2434 1361 2480 et
1401 2423 1566 2479 liberi
1620 2422 1879 2480 videbitis
1919 2420 2052 2491 quid

453 2524 785 2573 eventurum
838 2517 930 2572 sit.
968 2537 987 2571 ι
1024 2516 1205 2587 Atque
1259 2517 1314 2571 in
1356 2518 1464 2572 hoc
1494 2517 1741 2572 futurum
1778 2516 2050 2587 praedixit.

456 2608 590 2663 Erat
614 2609 760 2663 enim
796 2608 847 2664 ei
876 2625 941 2663 ex
972 2608 1211 2679 quodam
1257 2608 1603 2679 aenigmatico
1646 2609 1787 2663 libro
1838 2617 2055 2677 tempus

458 2699 566 2778 22
593 2713 704 2768 quo
733 2697 1151 2753 interﬁciendus
1182 2706 1332 2754 esset
1358 2706 1700 2770 compertum
1734 2713 1833 2769 per
1857 2697 2053 2768 imagi-

457 2807 586 2847 nem
645 2790 964 2868 declarante
1024 2792 1169 2847 inter
1222 2792 1269 2846 X
1326 2799 1383 2847 et
1421 2793 1464 2844 Φ
1533 2791 1749 2845 litteras
1800 2790 2054 2863 jugulum

458 2884 642 2941 leonis
677 2883 867 2938 bestiae
896 2884 1080 2955 gladio
1106 2883 1452 2947 transﬁxum,
1503 2882 1618 2937 sive
1662 2882 1809 2936 inter
1844 2878 2054 2936 Christi

458 2978 811 3041 nativitatem
844 2984 901 3031 et
930 2976 1077 3031 diem
1126 2974 1323 3045 φώτων
1368 2975 1447 3046 (id
1478 2984 1562 3031 est
1586 2971 2053 3045 Epiphaniorum)

460 3068 642 3140 ipsum
683 3069 1077 3139 interemptum
1103 3068 1169 3123 iri
1205 3067 1467 3127 helluinis
1488 3068 1740 3123 moribus
1761 3066 2054 3139 praaditum

460 3161 727 3229 Leonem.
782 3161 924 3229 Quin
958 3170 1014 3216 et
1043 3176 1248 3217 nomen
1278 3162 1398 3232 ejus
1424 3160 1516 3231 qui
1545 3168 1693 3216 esset
1731 3174 1858 3213 eum
1883 3159 2056 3216 inter-

2151 1975 2313 2029 αὑτὸν
2351 1974 2594 2034 πλείονος
2626 1972 2809 2042 τυχεῖν
2843 1966 3179 2029 ἀνετάσεως,
3211 1964 3304 2017 καὶ
3334 1963 3462 2026 τοὺς
3487 1976 3747 2014 κεκοινω-

2150 2067 2383 2137 νηκότας
2407 2065 2454 2097 ⁸⁸⁵
2480 2063 2630 2132 αὐτῷ
2656 2062 2751 2116 τοῦ
2779 2059 3149 2128 συνθήματος,
3194 2054 3287 2109 καὶ
3322 2051 3629 2123 τηνικαῦτα
3656 2069 3744 2104 τι·-

2155 2133 2387 2229 μωρίαις
2412 2153 2743 2223 ὑπάγεσθαι.
2770 2151 2893 2205 Τῶν
2919 2146 3011 2205 οὖν
3032 2147 3290 2204 τοιούτων
3307 2133 3482 2215 λόγων
3502 2143 3748 2216 ὲπῃσθη-

2155 2252 2313 2323 μένος
2339 2251 2367 2303 ὁ
2399 2248 2657 2319 βασιλεὺς
2692 2244 2997 2317 προσέταξε
3040 2243 3134 2296 τὸν
3182 2239 3484 2295 ὑπεύθυνον
3525 2237 3744 2291 ὲλευθευ

2154 2344 2340 2417 ριάσαι
2398 2342 2499 2410 τῆς
2552 2340 2803 2410 αὐθώρου
2863 2337 2910 2371 ⁸³
2982 2333 3386 2403 ὑπεξελεύσεως
3447 2330 3582 2403 (72),
3646 2330 3746 2382 καὶ

2151 2435 2378 2490 τοιαῦτα
2408 2436 2475 2505 τῇ
2506 2434 2720 2502 γαμετῇ
2752 2430 3093 2499 προσφωνεῖ·
3132 2447 3151 2480 ι
3184 2422 3256 2482 Ὦ
3288 2425 3449 2495 γύναι
3477 2426 3612 2494 (7³5),
3645 2421 3746 2493 τὴν

2156 2530 2255 2601 μὲν
2288 2527 2428 2597 ἐμὴν
2452 2525 2632 2596 ψυχὴν
2661 2524 2759 2595 τῆς
2788 2523 2998 2576 ἐκεῖθεν
3027 2521 3269 2591 σήμερον
3301 2519 3460 2589 δίκης
3499 2515 3747 2585 ἀπήλλα-

2154 2623 2271 2690 ξας,
2304 2620 2398 2674 καὶ
2428 2619 2529 2688 τῆς
2562 2617 2708 2686 ζωῆς
2745 2633 2811 2687 με
2841 2614 3125 2683 συντόμως
3164 2611 3294 2675 ἴσως
3320 2611 3607 2681 στερήσεις
3628 2625 3643 2638 °
3677 2609 3745 2662 σὺ

2153 2714 2209 2767 δὲ
2235 2713 2331 2767 καὶ
2351 2713 2421 2764 τὰ
2452 2710 2619 2765 τέκνα
2637 2709 2796 2780 ἡμῶν
2820 2705 3082 2762 Θεάσεσθε
3105 2706 3155 2738 ⁸⁸
3183 2704 3244 2759 τὸ
3271 2703 3704 2772 ἀποϐησόμενον.
3721 2719 3741 2752 ι

2154 2805 2268 2861 Καὶ
2300 2806 2359 2859 ἐν
2383 2803 2558 2873 τούτῳ
2587 2802 2649 2856 τὸ
2695 2801 2888 2871 μέλλον
2914 2798 3198 2869 ἀπέφησεν
3246 2797 3291 2829 ’⁷
3324 2796 3463 2867 (74).
3496 2790 3607 2848 Ἦν
3635 2793 3749 2864 γὰρ

2156 2897 2307 2968 αὐτῷ
2322 2896 2386 2951 ἐκ
2401 2913 2545 2959 τινος
2575 2893 2914 2965 συμϐολικῆς
2936 2891 3119 2962 βίϐλον
3136 2889 3164 2944 ὁ
3180 2887 3535 2958 ἀναιρέσιμος
3555 2884 3749 2956 χρόνος

2158 2988 2532 3061 μεμυημένος.
2560 2986 3050 3056 αἱνιγματιζούσης
3082 2980 3286 3052 μεταξὺ
3312 2979 3410 3032 τοῦ
3431 2996 3491 3031 τε
3521 2996 3553 3047 χ
3579 2977 3677 3029 καὶ
3707 2993 3747 3044 φ

2156 3081 2269 3135 τῶν
2300 3079 2582 3151 στοιχείων
2628 3078 2728 3148 τὴν
2777 3074 3107 3131 κατακλεῖδα
3139 3073 3359 3135 λέοντος
3408 3070 3574 3140 θηρὸς
3603 3067 3749 3138 ξίφει

2159 3171 2670 3243 διαπερονηθεῖσαν,
2700 3170 2821 3241 ἤτοι
2852 3167 3057 3239 μεταξὺ
3090 3166 3134 3200 ⁵⁸
3158 3163 3395 3236 Χριστοῦ
3425 3166 3523 3233 τῆς
3553 3162 3751 3230 γεννή-

460 3256 715 3310 fecturus
763 3270 831 3310 ex
894 3253 1170 3309 insomnio
1223 3252 1491 3307 divinitus
1522 3250 1770 3305 immisso
1820 3250 2050 3305 editum.

2163 3282 2301 3329 σεως
2340 3265 2435 3318 κα)¹
2473 3262 2582 3317 τῶν
2624 3262 2827 3316 Φώτων
2867 3260 3028 3314 αὑτὸν
3060 3256 3413 3330 ἀναιρεθῆναι
3440 3255 3532 3308 τὸν
3564 3252 3752 3323 θηριό-

462 3345 692 3403 Viderat
741 3344 889 3401 enim
944 3344 1108 3414 paulo
1155 3354 1282 3399 ante
1337 3341 1712 3413 patriarcham
1768 3340 2054 3395 Tarasium

463 3436 859 3509 praedicantem
896 3437 1146 3491 ominosa
1187 3443 1242 3489 et
1281 3434 1478 3489 audaci
1525 3449 1659 3487 voce
1690 3432 1913 3488 malitiae
1940 3434 2061 3504 ejus

464 3530 807 3596 mercedem,
848 3529 917 3583 ab
949 3543 1129 3597 eoque
1167 3527 1492 3581 Michaelem
1529 3525 1822 3596 quemdam
1860 3525 2062 3583 acriter

466 3622 691 3688 incitari
748 3620 817 3675 ad
865 3619 1316 3675 interﬁciendum
1365 3619 1578 3686 ipsum;
1634 3617 1730 3686 qui
1768 3616 2059 3687 imperanti

469 3713 867 3783 obtemperans
920 3710 1288 3782 percussisset
1327 3708 1842 3779 praecipitatumque
1890 3710 2060 3764 semi-

469 3815 755 3872 mortuum
784 3804 1120 3876 reliquisset.
1138 3803 1510 3872 Experrectus
1536 3803 1722 3872 itaque
1740 3803 2063 3875 ingentique

470 3913 676 3968 pavore
711 3906 904 3968 captus
931 3896 1114 3961 visum
1151 3894 1287 3950 illud
1338 3909 1453 3950 suae.
1488 3895 1645 3949 uxori
1696 3895 2059 3951 indicaverat.

469 3991 609 4057 Item
657 4006 725 4044 ex
781 4006 848 4047 eo
901 3989 1130 4055 sciebat,
1193 3989 1341 4060 quod
1390 3990 1600 4045 dictum
1637 3991 1688 4045 ei
1738 3992 1919 4047 fuerat
1966 4007 2066 4062 per

470 4084 769 4158 patricium
796 4084 1129 4147 Bardanium
1148 4100 1178 4147 ο
1207 4084 1478 4141 monacho
1508 4084 1603 4140 illo
1637 4085 1692 4140 in
1711 4086 2059 4151 Philomelio,

470 4186 530 4232 et
563 4176 710 4246 quod
727 4177 960 4232 vestium
976 4177 1096 4244 ejus
1116 4177 1348 4239 alteram
1377 4176 1495 4246 ipse
1522 4176 1800 4243 induerat,
1826 4178 2059 4233 alterius

470 4278 775 4331 extremam
803 4285 956 4325 oram
976 4269 1306 4327 calcaverat.
1326 4268 1585 4328 Ceterum
1606 4269 1768 4340 papia
1789 4270 2063 4325 accersito

472 4363 1009 4435 illum(Michaelem)
1032 4363 1427 4427 asservandum
1457 4364 1513 4419 in
1541 4365 1780 4435 quodam
1803 4366 2063 4423 cubiculo

2159 3374 2358 3429 τροπον
2395 3357 2637 3410 Λέοντα·
2674 3355 2735 3409 οὐ
2786 3353 2895 3425 μὴν
2926 3352 3065 3406 ἀλλὰ
3121 3352 3215 3405 καὶ
3264 3350 3457 3419 κλῆσις
3502 3346 3613 3419 (75)
3652 3344 3751 3398 τοῦ

2160 3447 2551 3520 ἀναιρήσοντας
2569 3447 2634 3499 ὲκ
2658 3442 3313 3516 θεοπέμπτουζόνείρατος
3334 3439 3595 3511 (ἑωράκει
3620 3434 3753 3504 γοῦν

2162 3541 2267 3612 πρὸ
2297 3539 2495 3611 μικροῦ
2556 3538 2670 3609 (76)
2698 3538 2789 3592 τὸν
2841 3535 3190 3607 πατριάρχην
3229 3532 3502 3604 Ταράσιον
3547 3528 3747 3597 δυσφη-

2165 3634 2370 3706 μοῦντα
2406 3632 2545 3702 μετά
2574 3631 2896 3703 παρρησίας
2922 3629 3023 3699 τῆς
3070 3626 3272 3689 κακίας
3313 3622 3479 3678 αὐτοῦ
3508 3622 3578 3676 τά
3634 3618 3749 3674 ἐπί.

2160 3744 2341 3799 χειρα,
2365 3726 2502 3795 πρός
2534 3725 2658 3779 τινά
2709 3741 2769 3777 τε
2802 3722 3022 3794 Μιχαὴλ
3054 3718 3346 3791 αὐστηρῶς
3377 3714 3743 3787 παρακελευό-

2166 3838 2327 3892 μενον
2347 3819 2625 3873 ἀναλῶσαι
2658 3816 2844 3882 αὒτὸν,
2881 3815 2940 3879 ὃς
2969 3814 3045 3886 τῷ
3068 3814 3462 3885 προστάττοντι
3497 3806 3748 3877 εὐπειθή-

2163 3929 2262 3976 σας
2293 3930 2359 3980 γε
2393 3911 2647 3981 ἕπληξεν,
2675 3907 2923 3983 ἡμιθανῆ
2972 3924 3031 3960 τε
3089 3905 3399 3978 κρημνίσας
3443 3899 3750 3956 κατέλιπεν.

2168 4004 2437 4071 Ἔξυπνος
2490 4005 2555 4073 δὴ
2587 4005 2832 4071 γεγονὼς
2860 4001 2958 4055 καὶ
2990 3998 3175 4069 πολλῷ
3229 3995 3516 4065 συσχεθεὶς
3539 3992 3755 4061 δείματι

2163 4095 2226 4149 τὸ
2252 4095 2450 4167 ὀραθὲν
2497 4097 2565 4166 τῇ
2601 4094 2707 4165 ἰδίᾳ
2745 4093 2963 4163 γαμετῇ
3024 4086 3455 4162 παρεδήλωσεν),
3493 4082 3756 4143 ὡσαύτως

2164 4188 2223 4242 δὲ
2256 4188 2369 4258 (77)
2398 4188 2494 4241 καὶ
2520 4190 2584 4241 ὲκ
2606 4186 2702 4240 τοῦ
2740 4185 2997 4258 ῥηθέντος
3035 4182 3183 4252 αὐτῷ
3209 4180 3299 4235 διὰ
3328 4178 3422 4233 τοῦ
3460 4175 3758 4247 πατρικίου

2170 4280 2468 4353 Βαρδανίου
2488 4281 2642 4351 παρά
2660 4278 2754 4332 τοῦ
2775 4281 2833 4332 ἐν
2848 4276 2929 4348 τῷ
2944 4274 3257 4346 Φιλομηλίῳ
3275 4270 3598 4344 μονάζοντος
3617 4268 3710 4336 (78
3716 4281 3758 4337 ),

2170 4372 2234 4426 ἐκ
2257 4391 2315 4427 τε
2332 4375 2431 4444 τῆς
2458 4372 2887 4445 μεταμφιάσεως
2911 4370 3008 4423 καὶ
3033 4367 3340 4430 ἐπιϐάσεως
3358 4365 3466 4420 τῶν
3488 4362 3757 4433 ἐσθήτων.

1746 4502 1986 4560 VARle
2021 4506 2437 4564 LECTIONES.

537 4624 583 4696 ’ἦ
617 4619 934 4696 ἀσύμῦαλος
953 4619 1041 4696 _L._
1096 4618 1421 4696 “ﬁpsioOgt
1443 4618 1514 4696 L._
1663 4622 2120 4687 κξκοινωνικότας
2156 4622 2220 4677 L.
2308 4625 2354 4657 ⁹⁵
2380 4623 2654 4696 σὺθιώρου
2688 4624 2750 4678 L.
2832 4626 2877 4656 νε
2904 4622 3171 4679 θεάσασθε
3202 4621 3265 4678 L.
3341 4622 3386 4653 ’⁷
3417 4619 3759 4689 ἀπετοίδασε

474 4689 759 4749 Cedrenus
791 4709 843 4761 p.
872 4690 978 4753 492
1012 4690 1073 4745 D.
1142 4689 1189 4725 ⁸⁸
1223 4689 1427 4760 μεταξὺ
1450 4691 1654 4749 addidi.

1604 4844 1607 4847 .
1649 4789 1893 4847 STEPH.
1934 4790 2280 4848 BERGLERI
2324 4794 2558 4849 NOTIE.

553 4884 1018 4975 (9⁷),ίῖῗηίξητηνιξ
1056 4881 2056 4975 ??:..Z.‘Z‘3:-E'.i.3_2jfﬁd£:-Et.€92:
2095 4889 2139 4943 Π
2165 4906 2220 4975 Ρ·
2254 4887 2380 4970 Ξθδν
2411 4890 2568 4975 Edil-
2604 4888 2780 4954 Ρίπίςη
2812 4889 2869 4975 ‘1‘
2915 4886 3108 4975 9349'“
3141 4900 3202 4967 '9
3235 4881 3475 4975 bibe?"
3519 4880 3762 4975 σὲμῗῗιῒ

480 4952 792 5081 ξδέιιῦεὲῐλοε.
831 4971 887 5026 p.
908 4954 1037 5019 406,
1064 4961 1231 5022 atque
1252 4952 1358 5009 iate
1384 4963 1701 5023 postremus
1730 4952 1916 5021 Nostri
1947 4956 2064 5019 fere

504 5044 514 5061 "
553 5045 579 5081 Γ
622 5045 637 5081 l
677 5067 690 5081 .

481 5042 690 5083 VGI'DIS.

552 5097 668 5171 (ιβ)
702 5097 899 5171 ιίιιοιηε

554 5164 670 5237 (69)
704 5170 783 5224 Ita
803 5168 1094 5237 scriptum.
1121 5164 1418 5239 Reinesius
1439 5167 1748 5233 annotavit,
1768 5168 1864 5239 Γρ.
1885 5168 2067 5239 ἀσθμ-

481 5236 703 5302 ϐουλοςο
739 5236 1055 5295 inconsulto
1104 5238 1253 5294 enim
1289 5236 1520 5307 impetu,
1552 5253 1655 5293 nec
1690 5236 1949 5310 prmviso,
1978 5236 2067 5295 in-

482 5310 627 5365 vasit
655 5312 1070 5376 imperatorem.

557 5380 672 5450 (70)
710 5383 818 5449 Γρ.
852 5380 1265 5450 κατηγορῆσαντ
1290 5378 1603 5450 RErNESIus.

557 5448 671 5522 (71)
699 5448 828 5507 Haec
862 5448 1208 5506 commodius
1228 5448 1449 5505 Contin.
1481 5463 1538 5518 p.
1564 5450 1656 5518 9.2,
1692 5449 1827 5505 Zon.
1861 5467 1915 5522 p.
1948 5454 2068 5516 t52,

481 5521 649 5581 Cedr.
682 5538 739 5581 ι).
773 5521 897 5576 491.

529 5537 649 5578 cur.
682 5538 739 5578 Ι).
773 5537 897 5576 431.

563 5538 649 5575 ur.
682 5538 739 5592 p.
773 5538 897 5576 om.

560 5592 673 5663 (72)
708 5593 787 5664 Ita
823 5594 1113 5664 scriptum,
1147 5610 1254 5649 non
1289 5594 1711 5661 έπεξελεύσεως.

555 5662 668 5735 (75)
706 5662 869 5735 Cont.
899 5662 953 5735 p;
982 5664 1074 5729 22,
1128 5664 1292 5735 Cedr.
1355 5681 1409 5735 p.
1450 5665 1575 5731 492,
1607 5664 1740 5719 Zon.
1776 5680 1832 5735 ρ.
1866 5664 1987 5729 132,
2019 5672 2074 5718 et

482 5733 669 5806 Nostri
699 5733 1077 5806 _verbis"SymA.
1100 5734 1255 5806 _Log.
1285 5753 1339 5805 p.
1356 5733 1493 5797 ⁷406,

556 5804 667 5873 (74)
698 5804 777 5858 lta
805 5820 937 5876 scr.,
967 5804 1064 5876 sed
1092 5804 1330 5862 fortasse
1360 5806 1539 5861 fuerat
1561 5806 1821 5876 primitus
1843 5806 2071 5875 ἀπεφοί-

489 5875 642 5942 6ασε,
676 5882 736 5927 ιιι
788 5874 933 5947 apud
984 5874 1144 5931 Cont.
1188 5892 1243 5947 p.
1287 5877 1379 5933 22.
1409 5906 1481 5919 -
1532 5874 1692 5953 Apud
1728 5876 1877 5950 Sym.
1934 5874 2065 5949 Log.

2168 4952 2347 5027 λικῆς,
2374 4961 2466 5014 ubi
2502 4961 2557 5014 in
2604 4952 2778 5029 marg.
2814 4956 3263 5029 Eup6ul}taxﬁg.
3288 4952 3524 5029 Cedrcn.
3555 4967 3611 5021 p.
3632 4952 3760 5029 {9-5,

2168 5021 2369 5093 Zonar.
2406 5047 2459 5100 p.
2501 5032 2626 5092 155,
2673 5021 2806 5100 item
2834 5021 2984 5099 Sym.
3026 5026 3160 5096 Log.
3193 5021 3511 5100 hi_c_etiam,
3559 5030 3620 5075 ut
3654 5021 3761 5100 No.

2168 5092 2302 5156 Ster.
2324 5092 2583 5157 Nostram
2608 5092 2908 5155 lectionem
2939 5112 3051 5153 non
3085 5092 3220 5166 puto
3250 5093 3475 5166 falsam,
3507 5092 3762 5166 quamvis

2168 5171 2531 5240 Σιϐυλλιακῆς
2563 5170 2787 5241 probari
2817 5170 2993 5239 possit
3020 5162 3101 5223 εί
3127 5164 3291 5241 cont.
3323 5181 3377 5234 p.
3411 5162 3505 5227 2'2,
3540 5174 3597 5241 et
3621 5162 3763 5241 aliis

2167 5243 2467 5301 annotatis.
2490 5232 2582 5298 Sic
2613 5232 3170 5312 συμϐολαιωσάμενος
3186 5232 3387 5291 Noster
3408 5234 3595 5304 posuit
3620 5232 3761 5287 infra

2172 5315 2357 5453 p.372.)
2396 5384 2475 5439 Ita
2506 5381 2777 5453 scriptum
2806 5378 2933 5453 sine
2966 5377 3228 5453 articulo:

2246 5442 2357 5521 (‘763
2392 5454 2555 5510 Cont.
2587 5442 2641 5524 p'.
2665 5452 2758 5518 ea,
2791 5450 3026 5521 Cedr.p.
3050 5448 3175 5513 495,
3206 5448 3343 5503 Zon.
3367 5462 3423 5517 p.
3454 5446 3576 5510 135,
3608 5442 3760 5515 Sym.

2172 5524 2305 5597 L03.
2346 5541 2400 5595 p.
2437 5524 2565 5579 407.

2246 5596 2359 5667 (77)
2398 5594 2723 5667 [inperfecta
2764 5592 2965 5667 oratio,
3007 5588 3115 5643 nisi
3163 5586 3388 5657 aliquod
3408 5584 3663 5667 uerbum
3696 5599 3763 5639 ex

2174 5656 2559 5738 superiority-us
2609 5666 2716 5719 ἀπὸ
2769 5661 2950 5717 κοινοῦ
2978 5656 3274 5723 sumatur,’
3297 5670 3357 5713 ut
3404 5656 3509 5712 feci
3546 5656 3601 5710 in
3632 5671 3761 5710 ver-

2179 5756 2363 5881 em???)
2392 5809 2552 5883 Cont.
2588 5805 2773 5883 p125,
2805 5802 2985 5883 Cedr._
3013 5818 3068 5883 p.
3090 5801 3230 5883 έ95,
3273 5799 3409 5883 βου.
3463 5793 3675 5883 ρκίὶξιι,
3704 5803 3764 5855 et

2182 5866 2376 5945 iisdem
2408 5866 2613 5949 quibus
2638 5866 2837 5935 Noster
2871 5866 3057 5931 verbis
3089 5873 3239 5938 Sym.
3272 5870 3405 5936 Loq.
3439 5866 3494 5931 ti.
3522 5866 3652 5924 406.
