4128 6412
363 351 499 418 1οΠ

1736 356 2008 418 REGUM
2046 358 2194 420 LIB.
2223 358 2273 419 Ι.

3515 362 3650 428 1018

384 462 549 539 σμως
607 466 721 540 (79)
756 467 1269 541 μετακαλεσάμενος
1308 469 1400 524 τὸν
1458 470 1694 538 παπίαν,
1756 472 1946 526 τοῦτον

2056 488 2241 528 eorum
2263 472 2357 544 qui
2390 474 2655 545 palatium
2680 482 2909 530 verrunt
2942 474 3252 532 tradiderat
3286 477 3649 549 compedibus

355 560 617 630 ἀσφαλῶς
674 564 862 634 τηρεῖν
920 563 1056 633 πρός
1087 582 1140 618 τι
1190 562 1399 633 οἴκημα
1442 564 1553 618 τῶν
1584 564 1646 618 τὸ
1676 564 1943 620 παλάτιον

358 652 670 725 σαρούντων
735 654 1000 709 ἐκδέδωκε
1031 696 1046 721 ,
1108 655 1491 727 σιδηροπέδαις
1556 657 1942 728 ἀσφαλισάμε-

2048 565 2318 628 vinctnm,
2347 582 2581 637 quarum
2614 567 2823 621 clavem
2854 568 2911 623 in
2952 567 3192 622 interula
3213 583 3310 622 sua
3344 570 3645 639 repositam

2049 660 2325 723 servabat,
2358 661 2497 715 nulli
2525 661 2617 715 alii
2647 677 2769 719 eam
2798 660 3163 717 concredens.

355 759 444 807 νος
479 742 614 813 (80),
641 737 716 799 ὧν
745 744 846 818 τὴν
871 744 1056 799 κλεῖδα
1088 746 1147 798 ὲν
1174 744 1253 817 τῷ
1291 744 1569 819 ὕπενδύτῃ
1601 746 1768 801 αὑτοῦ
1839 745 2104 800 ἀπόθετον
2154 749 2491 821 διεφρούρει,
2544 750 2654 803 τῶν
2714 750 2892 806 ἄλλων
2959 753 3149 824 μηδενὶ
3208 750 3417 825 ταύτην
3482 764 3650 806 πεπι-

357 834 626 899 στευκὼς.

432 926 568 998 Περὶ
587 926 721 996 γοῦν
765 926 876 1000 (81)
922 929 1249 1002 νυκτερινὴν
1303 929 1456 1001 ὥραν
1487 930 1948 997 ἀπαναστὰςζτοῦ

354 1022 615 1087 κοιτῶνος
656 1022 687 1076 ὁ
741 1023 998 1094 βασιλεὺς
1051 1024 1151 1088 τὰς
1178 1025 1504 1095 άπαγούσας
1536 1027 1674 1098 πρὸς
1723 1024 1949 1106 τὴνντυῦ

355 1114 563 1168 παπίου
588 1116 793 1187 σκηνὴν
821 1117 1004 1181 πάσας
1036 1117 1209 1189 θύρας
1235 1118 1508 1185 εὐσθενῶς
1543 1120 1914 1190 κατὴδάφισεν
1933 1135 1947 1149 ⁸

353 1203 425 1278 ἦν
458 1208 571 1277 γάρ
594 1208 856 1280 εύσθενὴς
881 1211 1024 1262 πάνυ
1059 1213 1151 1264 καὶ
1177 1212 1600 1283 θρασυκάρδιος.
1627 1215 1738 1267 Καὶ
1765 1211 1950 1266 εἰσιών

355 1318 419 1369 γε
454 1301 868 1371 καταλαμϐάνει
891 1303 982 1356 τὸν
1013 1305 1239 1375 Μιχαὴλ
1263 1305 1374 1376 (82)
1396 1308 1475 1369 εἰς
1495 1308 1593 1375 τὴν
1617 1307 1710 1361 τοῦ
1744 1307 1950 1360 παπίου

356 1391 548 1462 κλίνην
580 1393 934 1459 καθεύδοντα,
962 1397 1141 1466 χαμαὶ
1169 1396 1225 1449 δὲ
1252 1398 1349 1450 τὸν
1378 1398 1588 1452 παπίαν
1618 1398 1955 1469 παρευναζό-

360 1501 547 1554 μενον.
572 1486 682 1539 Καὶ
703 1487 836 1556 περ).
860 1487 952 1540 τὸν
979 1489 1201 1559 Μιχαὴλ
1229 1490 1410 1561 κύψας
1434 1492 1660 1564 παλάμῃ
1686 1492 1756 1546 τὰ
1781 1494 1954 1566 στήθη

356 1576 524 1631 αὐτοῦ
570 1579 946 1650 διηκρίϐαζεν,
1000 1583 1189 1636 ὁποίαν
1222 1584 1414 1655 ἀφίησι
1449 1586 1647 1655 ῥοπὴν,
1678 1604 1953 1658 μεριμνη-

356 1668 513 1740 τικὴν
563 1669 608 1701 ⁹⁹
658 1670 1043 1742 ἢάμέριμνον.
1107 1675 1197 1737 Ὠς
1236 1677 1291 1728 δὲ
1321 1675 1509 1729 τοῦτον
1536 1679 1634 1747 τῆς
1670 1678 1818 1749 άφῆς
1876 1680 1950 1751 μὴ

356 1764 743 1835 ὲπῃσθημένον
776 1770 793 1798 ⁸
833 1767 1077 1835 συνέγνω
1112 1768 1247 1839 (85),
1281 1771 1422 1822 πάνυ
1466 1770 1833 1840 ἐτεθαυμάκει
1858 1773 1950 1825 ἐπὶ
1987 1809 2025 1862 Β

356 1858 424 1925 τῇ
449 1855 729 1924 ἀφρόντιδι
756 1855 923 1910 αὐτοῦ
981 1859 1303 1928 ἀφυπνὼσει
1339 1861 1476 1930 (84),
1531 1862 1795 1916 διανεύων
1849 1866 1949 1935 τὴν

359 1946 554 1999 ἑαυτοῦ
611 1949 855 2020 κεφαλὴν
903 1951 999 2004 καὶ
1063 1951 1282 2021 χαλεπὰ
1337 1954 1797 2025 τεκμαιρόμενος,
1855 1957 1950 2009 καὶ

358 2039 577 2106 διεξιὼν
614 2042 872 2112 μεγάλως
901 2044 966 2113 τῇ
997 2043 1143 2114 χειρὶ
1180 2044 1294 2115 (85)
1326 2045 1466 2099 κατὰ
1498 2045 1593 2100 τοῦ
1626 2049 1832 2101 παπίου
1859 2050 1952 2102 τὸν

359 2133 533 2203 θυμὸν
585 2135 1140 2206 συμϐολαιωσάμενος
1197 2138 1533 2208 ἀμφοτέροις
1590 2140 1691 2212 τὴν
1720 2140 1951 2212 ἀπειλὴν

356 2230 742 2303 ὲπερρίπιζεν.
780 2231 893 2303 (86)
920 2232 1110 2287 Ταῦτα
1152 2233 1517 2304 προσεδρεῦον
1551 2238 1571 2267 ³
1618 2234 1696 2306 τῷ
1734 2236 1954 2307 Μιχαὴλ

357 2322 675 2395 εὐνουχικδν
751 2324 1044 2397 παιδάριον
1112 2324 1299 2395 κρύφα
1365 2325 1611 2390 τεθέατο,
1667 2328 1805 2398 ὅπερ
1860 2329 1954 2381 τὸν

357 2415 594 2469 εἰσιόντα
647 2416 871 2487 βασιλέα
924 2418 1025 2472 οὐκ
1078 2419 1299 2474 ἄλλοθεν
1358 2420 1390 2489 ἢ
1446 2418 1552 2471 ἀπὸ
1591 2418 1703 2473 τῶν
1743 2419 1953 2489 βασιλι-

357 2507 471 2561 κῶν
524 2508 636 2579 (87)
698 2510 761 2562 ὲκ
793 2508 995 2563 κόκκου
1052 2511 1289 2564 πεδίλων
1319 2512 1338 2542 ³
1373 2511 1671 2579 διέγνωκεν
1719 2512 1825 2565 ὑπὸ
1851 2511 1950 2582 τὴν

358 2603 551 2674 κλίνην
571 2603 815 2675 ύςρέρπον
838 2602 860 2635 ⁸
893 2605 1047 2674 (ἐκεῖ
1064 2605 1173 2675 γὰρ
1207 2606 1284 2675 τῷ
1312 2604 1527 2675 βασιλεί
1545 2605 1951 2675 διεκέκρυπτο)·

360 2694 501 2766 μετά
533 2694 666 2764 γοῦν
687 2695 788 2757 τὴν
825 2695 1015 2766 ἄφιξιν
1043 2696 1159 2767 (88)
1192 2696 1287 2750 τοῦ
1324 2697 1593 2767 βασιλέως
1643 2697 1721 2769 τῷ
1752 2716 1810 2752 τε
1841 2700 1956 2770 ίδίῳ

358 2787 596 2862 δεσπότῃ
634 2788 881 2861 Μιχαὴλ,
946 2788 1087 2842 ἀλλὰ
1121 2788 1228 2860 μὴν
1257 2789 1352 2843 καὶ
1398 2790 1477 2859 τῷ
1501 2790 1705 2862 παπίᾳ,
1740 2790 1957 2845 ἅπαντα

370 2880 429 2934 τά
462 2880 850 2951 συμὸεόηκότα
875 2881 1131 2963 διέλεξεν.
1164 2881 1383 2935 Τούτων
1410 2883 1683 2952 κατήκοος
1712 2883 1958 2951 γεγονὼς

369 2976 624 3034 ἐπαπίας
658 2975 754 3029 καὶ
783 2975 1010 3046 ἀμέτρῳ
1049 2974 1160 3046 (89)
1209 2975 1570 3046 κατασχεθεὶς
1604 2977 1822 3047 δείματι
1861 2977 1958 3030 σὺν

366 3068 511 3139 ιύτῷ
542 3067 765 3136 Μιχαὴλ
803 3066 1003 3137 βουλὴν
1031 3066 1267 3138 δοκίμην
1296 3066 1777 3131 ἐπισκευάζουσιν.
1812 3070 1956 3140 [lpo-

2123 947 2261 1004 Cum
2311 948 2478 1020 igitur
2506 957 2673 1003 noctu
2702 947 2839 1003 hora
2869 948 3093 1004 circiter
3132 948 3291 1007 tertia
3313 947 3642 1004 surrexisset

2054 1040 2121 1096 de
2156 1040 2328 1097 cubili
2371 1042 2699 1111 imperator,
2752 1056 2945 1097 omnes
2991 1042 3189 1112 januas
3228 1057 3352 1111 quae
3381 1040 3447 1095 ad
3470 1040 3643 1111 papiae

2055 1133 2374 1189 cubiculum
2436 1133 2706 1188 ducerent
2757 1132 2956 1189 validis
3005 1133 3222 1189 viribus
3252 1133 3644 1204 dejecitzerat

2055 1226 2204 1280 enim
2262 1226 2422 1282 valde
2477 1226 2741 1282 robustus
2783 1237 2841 1283 et
2898 1229 3203 1283 animosus.
3248 1228 3643 1297 ingressusque

2054 1319 2288 1374 offendit
2319 1319 2642 1375 Michaelem
2667 1321 2771 1391 23
2807 1320 2860 1375 in
2884 1321 3057 1391 papias
3085 1320 3232 1375 lecto
3250 1319 3640 1383 dormientem,

2054 1411 2273 1482 papiam
2305 1420 2487 1466 autem
2520 1411 2673 1465 humi
2703 1412 3023 1467 cubantem.
3061 1410 3139 1468 Ac
3170 1410 3422 1466 Michaeli
3458 1410 3641 1465 inten-

2054 1511 2165 1567 tus,
2215 1518 2382 1557 manu
2416 1502 2725 1573 exploravit
2762 1503 2881 1574 ejus
2911 1512 3108 1574 pectus
3143 1503 3293 1573 quali
3331 1512 3482 1557 motu
3523 1519 3640 1558 mo-

2052 1604 2283 1661 veatur,
2330 1612 2465 1651 num
2504 1596 2729 1652 solliciti
2777 1612 2847 1651 an
2896 1596 3099 1651 securi.
3168 1596 3238 1654 Ut
3277 1606 3461 1651 autem
3513 1612 3641 1652 eum

2056 1687 2551 1742 contrectationem
2594 1686 2823 1742 minime
2862 1686 3100 1741 sensisse
3158 1685 3453 1747 intellexit,
3484 1686 3642 1743 valde

2054 1777 2360 1833 admiratus
2384 1776 2488 1832 fuit
2516 1777 2663 1847 quod
2692 1786 2799 1832 tam
2827 1792 3021 1831 secure
3043 1776 3309 1832 dormiret
3337 1796 3349 1831 :
3382 1794 3641 1832 movens-

2056 1887 2165 1941 que
2211 1879 2380 1941 caput
2416 1880 2473 1926 et
2524 1870 2711 1941 gravia
2752 1870 3035 1934 minitans,
3071 1871 3326 1941 interque
3352 1871 3643 1941 egredien-

2058 1964 2189 2017 dum
2221 1978 2414 2018 manus
2443 1963 2738 2035 agitatione
2770 1963 3016 2018 animum
3050 1964 3249 2018 iratum
3273 1980 3401 2035 erga
3425 1964 3641 2034 papiam

2058 2055 2331 2121 iudicans,
2387 2055 2637 2126 utrisque
2688 2056 2868 2111 minas
2912 2055 3227 2111 intentavit.
3287 2054 3413 2112 Haec
3457 2057 3642 2111 omnia

2055 2150 2305 2205 assidens
2318 2148 2571 2205 Michaeli
2601 2164 2741 2219 puer
2774 2149 3066 2205 eunuchus
3081 2166 3148 2204 ex
3174 2149 3396 2205 occulto
3425 2158 3643 2220 specta«

2056 2248 2231 2305 verat,
2268 2240 2364 2311 qui
2412 2240 2813 2311 ingredientem
2852 2241 3244 2311 imperatorem
3276 2257 3387 2296 non
3415 2242 3645 2298 aliunde

2056 2332 2162 2387 nisi
2187 2348 2253 2387 ex
2287 2331 2563 2387 coccineis
2598 2332 2800 2387 calceis
2832 2342 3186 2403 cognoverat,
3240 2333 3344 2388 sub
3380 2334 3644 2389 lectulum

2055 2434 2322 2494 reptans:
2369 2422 2446 2479 ibi
2475 2425 2623 2478 enim
2659 2422 3022 2479 absconditus
3046 2425 3432 2495 imperatorem
3462 2425 3645 2480 latuit.

2058 2515 2247 2585 Itaque
2274 2523 2401 2585 post
2430 2512 2668 2577 abitum,
2697 2513 2925 2585 domino
2956 2529 3056 2569 suo
3084 2513 3362 2575 Michaeli,
3400 2530 3503 2569 nec
3537 2530 3646 2568 non

2059 2607 2256 2677 papize,
2315 2606 2498 2661 omnia
2545 2621 2667 2675 quae
2724 2605 3060 2660 accidissent
3104 2604 3390 2660 narravit:
3444 2604 3647 2674 quibus

2059 2699 2266 2753 auditis
2314 2699 2507 2768 papias
2542 2707 2708 2767 atque
2738 2696 2967 2752 Michael
3004 2712 3208 2767 pavore
3245 2696 3486 2767 correpti
3510 2708 3648 2751 eon-

2054 2789 2246 2863 ‘silium
2280 2788 2559 2859 quoddam
2593 2788 2699 2843 sibi
2732 2788 2867 2843 utile
2897 2788 3114 2842 ineunt.
3146 2788 3382 2842 Simulat
3416 2787 3649 2850 Michael

2063 2882 2218 2936 valde
2277 2881 2382 2935 sibi
2429 2895 2577 2936 curto
2630 2895 2754 2937 esse
2824 2888 2886 2933 ut
2920 2880 3120 2933 anima:
3160 2879 3409 2949 qumdam
3460 2877 3649 2933 debita

2061 2973 2227 3029 alicui
2277 2989 2345 3028 ex
2379 2972 2653 3043 religiosis
2685 2970 2929 3042 aperiret
2959 2986 3059 3040 per
3089 2968 3385 3040 quemdam
3420 2984 3648 3023 suorqu

2064 3066 2443 3121 ministrorum
2477 3065 2802 3132 fidissimum
2846 3064 3225 3119 Theoctistum
3252 3103 3265 3119 .
3324 3062 3418 3131 qui
3459 3070 3650 3129 postea

376 3159 652 3223 οασίζεται
686 3159 799 3231 (90)
828 3162 856 3212 ό
892 3157 1118 3230 Μιχαὴλ
1168 3158 1278 3213 τῶν
1305 3159 1449 3213 κατά
1476 3159 1658 3231 ψυχὴν
1706 3161 1954 3232 ὀφλημά-

2061 3157 2261 3212 illustri
2282 3157 2549 3228 dignitate
2578 3156 2794 3227 patricii
2825 3154 2895 3210 ab
2918 3169 2985 3209 eo
3012 3161 3243 3209 ornatus
3268 3151 3376 3207 fuit
3404 3166 3649 3220 curaque

376 3270 468 3306 ρων
499 3253 520 3285 ⁸
551 3252 690 3322 ἄγαν
715 3252 1018 3322 κεκτῆσθαι
1041 3250 1128 3305 διά
1158 3252 1466 3321 φροντίδος,
1514 3253 1590 3316 ὡς
1619 3253 1685 3307 ἄν
1714 3271 1819 3306 τινι
1845 3254 1955 3307 τῶν

374 3344 574 3417 ιῦαγῶν
621 3347 827 3410 ταύτας
890 3343 1002 3415 (91)
1035 3343 1292 3397 ἀνάθοιτο
1339 3343 1430 3397 διά
1480 3361 1627 3407 τινος
1681 3343 1788 3397 τῶν
1851 3345 1954 3399 ὑπ-

378 3435 747 3505 ηρετουμένων
780 3433 930 3505 αὐτῴ
954 3434 1280 3496 πιστοτάτου
1328 3433 1676 3499 Θεοκτίστου,
1705 3435 1763 3499 ὃς
1807 3435 1946 3505 μετὰ

398 3526 534 3580 αὔτα
554 3525 631 3598 τῷ
650 3527 746 3580 τοῦ
781 3527 1077 3599 πατρικίου
1108 3527 1463 3603 περιϐλέπτῳ
1503 3526 1766 3599 τετίμητο
1790 3526 1956 3593 ἀξιώ-

387 3637 493 3674 ιατι
521 3620 614 3674 καὶ
642 3620 741 3691 τὴν
759 3621 850 3674 ἐπὶ
870 3619 964 3673 τοῦ
995 3618 1277 3689 βασιλικοῦ
1301 3621 1554 3691 καλάμου
1578 3619 1955 3691 ἐγκεχείριστο

386 3711 646 3784 πρόνοιαν,
669 3712 738 3765 δι’
763 3705 826 3766 οὗ
848 3711 1164 3775 κανίκλειος
1187 3708 1471 3777 ἐδοξάζετο
1498 3711 1633 3783 (92),
1669 3711 1755 3780 ἐφ’
1786 3703 1830 3781 ᾧ
1860 3713 1956 3767 καὶ

381 3807 430 3858 τὰ
460 3805 557 3874 τῆς
606 3804 934 3876 ἐπιτροπίας
965 3804 1059 3858 τοῦ
1090 3803 1321 3875 Μιχαὴλ,
1357 3802 1434 3868 ὡς
1483 3803 1789 3874 εὐγνώμονι
1829 3804 1953 3858 ἐσε-

404 3896 585 3951 ιίωτο.
621 3896 733 3969 (95)
766 3897 902 3950 Τότε
937 3895 994 3950 δὲ
1032 3895 1095 3947 τὸ
1134 3895 1275 3948 κατὰ
1313 3895 1415 3964 τὴν
1444 3895 1661 3964 αἴτησιν
1690 3895 1790 3964 τῆς
1823 3912 1957 3966 προ-

406 3989 581 4053 άσεως
612 3991 784 4062 πέρας
810 3990 1096 4061 ἀπήρτητο
1122 3984 1410 4056 βασιλικῆς
1438 3987 1502 4045 ἐκ
1524 3984 1840 4049 διατάξεως,
1859 3985 1955 4040 καὶ

397 4083 423 4133 ‘2
457 4082 786 4155 σκαιώρημα
806 4084 886 4146 είς
914 4082 1076 4152 ἔργον
1103 4077 1446 4151 προέϐαινεν,
1474 4076 1585 4148 (9i)
1634 4078 1949 4149 Ἀκριδολο-

2059 3250 2255 3307 calami
2304 3249 2647 3321 imperatorii
2697 3248 2749 3303 ei
2801 3246 3153 3311 demandata,
3186 3243 3333 3299 unde
3382 3243 3651 3298 caniclius

2057 3344 2339 3409 audiebat,
2403 3352 2567 3413 atque
2617 3351 2679 3395 ut
2737 3339 3010 3395 benevolo
3065 3347 3325 3392 curatura
3365 3335 3651 3389 Michaelis

2056 3434 2238 3489 eidem
2252 3433 2431 3489 fuerat
2444 3433 2662 3488 collata.
2679 3432 2835 3486 Tunc
2849 3444 2982 3501 ergo
3000 3427 3307 3484 secundum
3329 3427 3648 3496 petitionem

2056 3533 2356 3596 praetextus
2389 3525 2538 3579 illius
2571 3524 2696 3579 linis
2728 3522 3005 3593 pendebat
3047 3521 3116 3575 ab
3151 3517 3506 3590 imperatoris
3542 3516 3652 3588 24

2057 3617 2431 3682 ordinatione,
2460 3624 2515 3673 et
2549 3633 2676 3671 mox
2706 3615 3000 3671 consilium
3028 3612 3083 3668 in
3113 3621 3301 3667 actum
3339 3608 3654 3665 deduceba-

2058 3721 2169 3768 tur.
2245 3711 2461 3783 Quippe
2515 3709 2815 3780 diligenter
2881 3706 3194 3761 collocutus
3238 3702 3472 3759 Michael
3524 3716 3652 3757 cum

2060 3804 2381 3859 Theoctisto
2410 3803 2549 3856 clam
2577 3800 2849 3856 certiores
2884 3797 3071 3852 reddit
3098 3795 3401 3866 participes
3424 3792 3655 3849 insidia-

2057 3911 2179 3948 rum
2210 3894 2278 3950 de
2304 3893 2523 3948 occulto
2553 3892 2812 3953 consilio,
2854 3889 3207 3956 minaturque
3230 3900 3289 3939 se
3315 3882 3653 3951 coniuratio—

2062 4002 2188 4042 nem
2224 3985 2597 4040 indicaturum
2642 3979 2987 4052 imperatori,
3048 3978 3093 4032 si
3144 3977 3555 4048 aggressionem
3594 3973 3652 4027 iu

2058 4096 2306 4152 praesens
2335 4078 2727 4134 iutermittant.

380 4176 671 4249 (τισάμενος
703 4176 811 4249 γάρ
843 4174 922 4247 τῷ
949 4175 1261 4245 Θεοκτίστῳ
1289 4174 1318 4227 ὁ
1341 4171 1567 4243 Μιχαὴλ
1600 4170 1668 4224 τὰ
1691 4172 1791 4241 τῆς
1822 4172 2145 4238 ἐπιθέσεως,
2214 4175 2307 4228 καὶ
2356 4169 2803 4243 διαπορθμεύσας
2875 4165 3305 4239 κρυφιομύστως
3361 4164 3475 4222 τοῖς
3561 4177 3656 4213 κε-

1640 4309 1873 4367 VARIZE
1911 4310 2327 4370 LECTIONES.

464 4456 510 4490 κ
547 4452 946 4525 μεριμνατικὴν
979 4451 1041 4509 L.
1104 4453 1143 4525 _‘
1174 4448 1579 4525 ξπαισθημέπίος)
1637 4447 1699 4505 L.
1770 4454 1790 4484 ¹
1829 4452 2210 4524 προσεδρεύων
2266 4452 2328 4509 L.
2391 4453 2413 4484 ³
2448 4450 2699 4524 πεδήλων
2725 4449 2791 4505 L.

370 4516 384 4546 ⁸
414 4516 559 4584 fert:
580 4516 802 4597 κὴλῖδας
826 4516 955 4580 τῶν.
983 4523 1132 4580 conf.
1160 4524 1379 4579 Coutin.
1491 4520 1583 4573 24.

2883 4446 2903 4480 δ
2939 4444 3189 4517 ύφέρπον
3215 4438 3278 4506 Β,
3318 4437 3558 4510 ἐφέρπον
3592 4436 3654 4491 L.

1570 4631 1653 4688 ST
1663 4629 1815 4685 EPll.
1851 4628 2198 4685 BERGLERI
2232 4628 2469 4687 ΝΟΤίΕ.

438 4778 550 4849 (79)
588 4777 652 4832 In
695 4776 1037 4833 contrarium
1067 4773 1253 4845 posuit
1290 4784 1484 4828 auctor
1514 4772 1658 4826 hanc
1692 4765 1941 4838 particu—
1970 4766 2024 4826 D
2122 4766 2235 4841 (87)
2271 4766 2431 4823 Cont.
2464 4781 2519 4836 p.
2552 4763 2644 4828 24,
2677 4764 2742 4817 ὲκ
2785 4761 2896 4815 τῶν
2937 4759 3201 4831 φοινικῶν
3231 4758 3385 4883 δεῖνα
3420 4772 3658 4825 φοινικι.

438 4865 472 4883 η
528 4858 585 4883 ιη
620 4848 722 4883 alia
756 4846 1005 4883 ηιιωιὶσηη
1054 4874 1126 4883 .-.
1155 4844 1293 4883 Πηηι
1354 4861 1386 4883 n
1437 4844 1507 4883 99.
1535 4850 1592 4883 pl.
1631 4841 1735 4883 23:
1770 4836 1940 4883 Cedr.
2053 4839 2187 4883 κῶν)
2218 4838 2617 4883 ωωοασάιιενοε
2651 4831 3040 4883 ὑποδημάτων.
3073 4841 3128 4883 et
3149 4829 3223 4883 CB
3277 4845 3319 4882 Γ.
3353 4844 3387 4883 D
3435 4827 3561 4881 494.
3584 4854 3656 4868 --

362 4836 496 4913 lam,
528 4836 589 4903 ut
620 4848 726 4903 alia
756 4846 1029 4917 quaedam.
1054 4836 1126 4887 -ἒ-
1155 4844 1316 4917 Cont.
1346 4861 1407 4917 7p.
1437 4844 1508 4897 22
1535 4850 1592 4896 et
1613 4836 1736 4917 _25;
1770 4836 1940 4917 Cedr.,

2053 4829 2187 4907 κῶν)
2218 4829 2617 4909 ξριυρασάμενος
2651 4829 3040 4909 ὑποδημάτων,
3073 4841 3128 4885 et
3145 4829 3223 4909 βε

3277 4845 3319 4882 r.
3353 4844 3387 4898 p
3435 4827 3656 4898 49L;—

620 4895 1406 4991 Béﬁi‘i's'léi'ﬁbmeif'dnicii;
1434 4895 1735 4971 custodem,
1756 4904 1950 4977 palatii
2053 4895 2334 4993 Scriptum
2377 4895 2644 4987 πεδῄλων.
2678 4895 2890 4959 Monuit
2935 4899 3233 4957 Reinesius
3268 4895 3659 4953 de‘emenda-

364 4991 743 5129 s‘ﬁgillicagzt.
764 5075 822 5131 ι).
877 5057 951 5113 22
972 5057 1099 5114 init.
1123 5088 1195 5100 -—
1218 5056 1455 5114 Cedren.
1500 5071 1557 5127 ι)-
1590 5052 1720 5117 492’
1746 5049 1952 5104 zona“

365 5150 423 5205 Ρ.
446 5132 747 5274 (ἒςῗῖῗᾮοηι.
784 5217 836 5271 p.
861 5201 956 5265 25,
983 5198 1146 5274 Cedr.
1172 5200 1218 5274 1.Δ
1246 5215 1323 5262 c.,
1349 5197 1553 5274 Z_onar.
1582 5212 1636 5266 p.

444 5264 554 5343 (82)
591 5264 869 5342 Scriptum
911 5264 1336 5341 ὲπαισθημένον.
1371 5268 1555 5338 Supra
1671 5264 1763 5326 21,
1807 5269 1960 5315 recte

369 5363 495 5403 cum
525 5352 845 5411 augmento.

369 5399 556 5501 ξιὲὂ)
588 5399 751 5469 ἄὸηι.
778 5429 831 5483 p.
855 5412 928 5465 25
955 5413 1009 5465 in
1038 5410 1353 5477 ﬁne,Cedr.
1379 5426 1435 5479 p.
1459 5406 1586 5472 495,
1608 5404 1745 5459 Zon.
1775 5399 1962 5472 p.135

368 5486 747 5623 ιηὲῗῗῖἰοηῐ.
782 5570 837 5623 p.
877 5553 966 5619 24,
997 5552 1094 5623 lin.
1130 5555 1183 5613 1,
1219 5550 1389 5623 δεινὸν
1414 5547 1659 5623 ἐνσείων.
1698 5622 1703 5623 γ
1847 5616 1857 5623 _
1898 5516 1903 5520 ⁸

465 5562 554 5621 84)
585 5562 747 5609 Cont.
782 5570 837 5623 p.
877 5562 966 5619 24,
997 5562 1094 5607 ιιη.
1130 5562 1183 5613 1,
1219 5562 1389 5604 δεινὸν
1414 5562 1659 5603 ενσειων.

404 5562 789 5729 ε(8ξ)ἓριιατ.
827 5627 866 5679 ι.
911 5639 961 5679 c.
997 5622 1096 5694 τὴν
1129 5622 1299 5694 ὀργὴν
1334 5621 1603 5691 ὑπεδήλου
1644 5622 1712 5693 τῇ
1743 5616 1954 5690 κινήσει

368 5714 807 5839 τηξὸέῖιὲύῖιλίιι,
826 5765 936 5839 24,
964 5764 1102 5839 ἀλλά
1123 5780 1207 5827 τις
1219 5763 1347 5839 ῃτῶν
1372 5760 1699 5839 προκρίτων,
1732 5768 1867 5826 etc”
1899 5766 1960 5815 ut

370 5852 431 5898 et
456 5832 626 5896 Cedr.
655 5853 710 5907 p.
741 5835 866 5892 494.
891 5835 968 5892 De
996 5834 1193 5891 eodem
1219 5834 1353 5890 Zon.
1392 5849 1445 5904 p.
1486 5832 1606 5888 154.

2057 4977 2208 5034 tione
2238 4981 2293 5034 in
2332 4977 2610 5049 margine._
2674 5046 2686 5049 _
3075 5042 3087 5049 _
3288 5048 3293 5049 ί
3404 5036 3416 5049 ,

2127 5051 2241 5122 (88)
2279 5050 2417 5105 Male
2454 5042 2642 5122 posuit
2665 5046 2818 5122 hanc
2842 5059 3041 5122 vocem
3074 5042 3517 5122 iuncontrarium
3557 5052 3658 5122 aut

2057 5108 2310 5187 ctor,'ut
2357 5108 2527 5190 supra
2570 5118 2820 5172 ἀπόλωλε
2872 5130 2972 5186 pro
3020 5113 3272 5166 ἀπώλεσε
3307 5120 3366 5167 et
3418 5108 3661 5164 inferius

2058 5192 2485 5261 διαπεφόνηκεν.

2139 5264 2251 5330 (89)
2292 5258 2430 5316 Ζόιι.
2462 5277 2517 5330 p.
2550 5258 2673 5330 154,

2135 5324 2247 5404 (90)
2280 5324 2508 5404 pontii-1.
2539 5346 2595 5399 p.
2618 5328 2709 5394 24,
2737 5326 2904 5404 Gedr.
2932 5342 2990 5397 p.
3028 5324 3158 5381 494.

2132 5398 2243 5473 (91)
2278 5403 2355 5456 lta
2390 5398 2680 5473 scriptum,
2707 5398 2903 5451 ταῦτα.
3230 5463 3243 5473 _
3545 5459 3557 5471 ε

2132 5460 2247 5542 (92)
2283 5460 2527 5542 Αρριιιοὶ
2576 5460 2710 5525 hinc
2755 5483 2823 5523 ex
2868 5474 3047 5538 parte,
3095 5463 3381 5536 quodnam
3434 5460 3661 5516 cauiclii

2060 5544 2299 5602 ollieinm
2326 5543 2515 5597 fuerit.

2136 5616 2247 5687 (95)
2284 5613 2450 5669 Cedr.
2478 5628 2536 5684 ς».
2572 5610 2699 5666 494.
2743 5608 2974 5666 lnsolite
3003 5606 3273 5679 loquitur,
3310 5614 3372 5659 ut
3408 5601 3662 5675 plerum-

2071 5703 2200 5760 que.

2142 5756 2258 5831 (96)
2298 5754 2461 5816 Cedr.
2492 5754 2528 5809 ι.
2558 5771 2609 5808 c.
