4128 6434
497 325 633 390 1019

1776 329 2092 390 JOSEPHI
2143 329 2419 391 GENESI
2432 328 2456 386 Ι

3617 324 3756 413 mae

476 446 863 515 κοινωνηκόσιν
916 444 1063 515 αὑτῷ
1101 446 1195 513 τῆς
1227 447 1446 514 ἐνέδρας
1480 446 1702 516 βαθεῖαν
1734 447 2040 518 διάσκεψιν,
2073 448 2490 519 ὲπισχυρξζεται
2550 446 2671 500 κατ’
2722 445 2904 499 αὐτῶν
2962 445 3062 515 τὴν
3141 443 3425 498 κοινωνίαν
3500 446 3753 515 φωρᾶσαι

473 536 552 607 τῷ
586 536 800 599 ἄνακτι,
847 537 957 608 (95)
989 539 1147 607 εἴπερ
1198 540 1643 607 καταμελήσειαν
1676 542 1801 609 ἄρτι
1832 540 1934 610 τῆς
1969 542 2365 611 ἐγχειρήσεως.

549 626 685 679 iiinc
731 626 1013 680 communi
1062 626 1297 682 consilio
1336 644 1451 682 rem
1490 630 1561 684 ita
1588 630 1955 696 constituunt,
1995 639 2055 686 ut
2086 629 2137 689 Α

474 720 612 773 clam
651 720 1112 775 intrarentnoctu
1165 737 1263 790 per
1310 721 1611 776 eburneam
1656 732 1909 792 portam,
1964 725 2056 778 ubi

475 811 585 863 Deo
611 810 801 864 laudes
830 820 1247 874 consecrantur,
1281 812 1604 867 simulantes
1634 829 1690 867 se
1716 816 2054 881 sacerdotes,

475 902 578 955 sub
606 902 855 956 vestibus
884 902 1096 973 gladios
1129 902 1413 968 habentes,
1435 903 1561 958 dein
1589 905 1668 959 sic
1691 905 1756 959 ad
1777 906 2055 962 dexteram

474 1002 688 1062 partem
723 994 1065 1048 declinarent
1093 994 1586 1064 imperatoremque
1601 996 2053 1066 aggrederentur.

475 1084 649 1139 Vetus
679 1086 827 1139 enim
863 1085 1083 1154 quidam
1110 1084 1288 1139 fuerat
1314 1101 1433 1140 mos
1460 1093 1519 1139 ut
1552 1087 1873 1143 sacerdotes
1901 1100 2057 1143 extra

474 1179 681 1246 regiam
717 1178 784 1232 de
811 1186 969 1231 nocte
1004 1185 1385 1247 exspectarent
1427 1194 1601 1248 usque
1640 1180 1707 1234 ad
1741 1180 2052 1245 introitum,

476 1271 570 1338 qui
618 1269 760 1337 ipsis
790 1268 934 1323 circa
988 1285 1242 1323 auroram
1276 1278 1397 1325 erat
1427 1271 1710 1327 definitus.
1772 1272 2057 1343 Tanquam

476 1360 790 1415 sacerdotes
835 1360 1019 1429 itaque
1061 1361 1331 1430 conjurati
1390 1361 1865 1432 ingrediebantur,
1910 1365 2058 1419 veris

476 1453 857 1507 sacerdotibus
887 1453 1126 1522 adjuncti
1165 1453 1417 1509 comites.
1465 1454 1539 1509 Ac
1569 1455 1890 1511 sacerdotes
1929 1456 2056 1525 qui—

474 1545 595 1599 dem
634 1544 914 1598 intrabant
956 1544 1011 1598 in
1059 1546 1403 1610 oratorium;
1443 1546 1518 1599 illi
1551 1556 1735 1601 autem
1764 1563 2057 1601 remanen-

474 1645 556 1690 tes
579 1637 630 1688 in
656 1636 775 1689 loco
800 1635 1062 1698 obscuro,
1098 1635 1154 1689 in
1182 1637 1401 1691 insidiis
1434 1636 1700 1699 latebant,
1722 1645 1781 1692 ut
1809 1648 2056 1707 tempore

473 1737 785 1796 opportuno
840 1726 1273 1796 aggrederentur
1337 1728 1747 1797 imperatorem.
1812 1728 2055 1783 Instante

472 1830 658 1873 autem
704 1821 973 1875 matutino
1016 1818 1221 1890 hymno
1260 1820 1578 1889 imperator,
1624 1828 1682 1873 ut
1710 1821 1943 1887 solebat,
1997 1838 2057 1876 se

472 1912 527 1964 in
578 1911 843 1980 templum
892 1911 1127 1966 confert.
1190 1912 1429 1981 Tempus
1458 1913 1634 1981 ipsum
1675 1929 1770 1982 per
1797 1929 2053 1969 auroram

473 2005 735 2074 detegens
770 2004 1123 2057 insidiatores
1145 2005 1397 2065 acuebat.
1444 2004 1547 2058 nisi
1582 2005 1810 2060 audacia
1859 2022 2055 2077 aggre-

472 2091 741 2145 dientium
798 2092 1086 2148 victoriam
1140 2094 1456 2147 excitasset.
1542 2092 1846 2149 Confestim
1908 2096 2056 2151 enim

471 2182 722 2239 fervente
799 2184 1178 2253 praecipitique
1245 2184 1475 2239 audacia
1531 2186 1742 2256 gladios
1802 2188 2059 2243 manibus

471 2282 744 2340 tenentes,
782 2291 811 2330 a
863 2292 1028 2345 scopo
1077 2278 1399 2333 aberrantes
1435 2278 1489 2332 in
1535 2279 1882 2334 sacerdotum
1922 2297 2059 2349 pne-

470 2367 673 2422 l'eetum
751 2370 962 2439 gladios
1040 2370 1358 2433 intentant,
1431 2372 1580 2426 hunc
1622 2381 1880 2441 putantes
1937 2390 2058 2429 esse

474 2460 893 2528 imperatorem,
921 2460 1026 2531 25
1062 2476 1128 2514 ex
1181 2462 1365 2515 oblato
1412 2473 1543 2517 tunc
1579 2463 1710 2532 ipsis
1741 2464 1935 2519 habitu
1966 2464 2060 2520 de-

473 2550 640 2619 cepti.
668 2549 805 2605 Cum
847 2553 994 2604 enim
1026 2562 1172 2606 esset
1207 2553 1386 2607 hiems
1436 2555 1726 2616 acerrima,
1762 2556 2060 2625 imperator

473 2641 712 2696 habebat
763 2642 816 2695 in
868 2644 1045 2712 capite
1073 2653 1321 2697 erectum
1356 2654 1753 2716 tegumentum,
1796 2648 1861 2701 ad
1895 2664 2055 2702 eum-

472 2733 597 2785 dem
660 2734 882 2787 modum
938 2744 993 2789 et
1049 2736 1402 2790 sacerdotum
1465 2737 1679 2791 ordinis
1728 2738 2054 2808 praefectus;

474 2821 619 2875 unde
644 2823 930 2877 accidebat
966 2833 1025 2878 ut
1078 2824 1349 2895 conjurati
1396 2826 1624 2879 omnino
1677 2826 1826 2880 hunc
1874 2825 2059 2880 adori-

474 2923 687 2967 rentur.
756 2912 861 2980 Qui
922 2924 1075 2970 tanto
1148 2916 1357 2985 impetu
1430 2915 1594 2971 simul
1672 2916 2058 2972 invadentium

472 3007 803 3075 perterritus
878 3009 1239 3063 vehementer
1312 3010 1640 3065 exclamavit
1708 3011 1877 3064 alium
1934 3028 2058 3067 esse

475 3095 911 3166 imperatorem,
991 3100 1058 3153 ad
1130 3116 1294 3169 quem
1364 3099 1629 3171 impetum
1701 3101 2056 3157 direxissent.

472 3188 820 3259 Quapropter
843 3199 899 3246 et
930 3199 1095 3261 caput
1124 3192 1352 3247 nudavit
1393 3202 1673 3263 tamquam
1702 3194 2055 3249 manifestum

2244 630 2526 686 Ἐντεῦθεν
2557 629 2738 700 κοινὴν
2772 627 2967 699 βουλὴν
2991 628 3492 697 ἐπισκευασάμενοι
3515 629 3747 683 τοιῶσδε

2162 722 2224 774 τὸ
2264 724 2573 795 ἐγχείρημα
2608 721 2976 785 συντιθέασιν,
3005 721 3361 790 παρεισδῦναι
3392 723 3501 791 (96)
3540 723 3755 792 νύκτωρ

2159 816 2248 869 διὰ
2275 817 2370 885 τῆς
2401 815 2761 883 ὲλεφαντὶνης
2786 814 2982 886 πύλης,
3013 814 3139 867 καθ’
3169 814 3199 867 ὃ
3224 814 3289 867 τὰ
3313 815 3411 884 τῆς
3444 814 3757 882 δοξολογίας

2159 906 2279 976 Θεῷ
2302 907 2597 976 ἁφιέρωτο,
2618 906 2694 970 ώς
2730 908 2897 977 ἱερεῖς
2932 904 3433 975 ὑποκριθησόμενοι
3466 910 3575 969 τοῖς
3597 908 3756 959 ἐπεν-

2158 997 2363 1064 δύμασι
2415 996 2542 1067 ξίφη
2578 1013 2638 1048 τε
2693 993 2974 1065 λαθραίως
3012 995 3032 1025 ⁸
3066 994 3178 1063 (97)
3208 992 3598 1066 χειρισόμενοι,
3652 982 3755 1045 εἷθ’

2158 1088 2332 1151 οὕτως
2367 1087 2505 1157 πρὸς
2537 1087 2700 1158 μέρος
2733 1087 2794 1140 τὸ
2816 1086 2990 1151 δεξιὸν
3015 1084 3349 1154 ποιήσασθαι
3387 1084 3486 1154 τὴν
3516 1082 3755 1135 ἀπάνευ-

2162 1198 2247 1232 σιν
2283 1182 2377 1234 καὶ
2410 1178 2694 1232 ἐπιθέσθαι
2722 1178 2801 1250 τῷ
2837 1178 3069 1249 βασιλεῖ.
3097 1176 3209 1245 (98)
3257 1176 3492 1237 Παλαιὸς
3526 1175 3634 1245 γάρ
3668 1192 3755 1236 τις

2159 1272 2324 1335 τύπος
2343 1271 2781 1342 διεδεδραμήκει,
2801 1271 2958 1334 ἐκτὸς
2981 1271 3089 1324 τῶν
3111 1269 3400 1339 βασιλείων
3426 1268 3552 1329 τοὺς
3586 1270 3755 1337 ἱερεῖς

2159 1362 2315 1415 νυκτὶ
2339 1362 2725 1430 διακαρτερεῖν
2755 1360 2916 1430 μέχρι
2944 1361 3042 1427 τῆς
3074 1358 3207 1428 πρὸς
3228 1357 3426 1428 ὄρθρον
3449 1356 3754 1427 διωρισμέ-

2159 1472 2255 1524 νης
2284 1454 2470 1516 αὐτοῖς
2500 1453 2878 1507 εἱσελεύσεως.
2930 1452 3015 1515 Ὠς
3052 1452 3219 1521 ἱερεῖς
3261 1448 3383 1501 ὅθεν
3427 1450 3474 1501 οἱ
3510 1447 3753 1500 στασιῶ-

2157 1565 2247 1600 ται
2278 1544 2531 1616 εἱσῄεσαν
2565 1546 2608 1610 ⁷,
2643 1546 2753 1606 τοῖς
2786 1542 3042 1611 ἀληθέσιν
3088 1541 3377 1611 ἑπόμενοι·
3439 1540 3532 1591 καὶ
3561 1539 3608 1589 οἱ
3654 1538 3756 1607 μὲν

2162 1640 2325 1709 ἱερεῖς
2357 1636 2683 1707 εἱσήλθοσαν
2718 1635 2796 1704 τῷ
2828 1633 3105 1704 εὐκτηρὶῳ
3138 1632 3273 1702 ναῷ,
3315 1630 3431 1701 (99)
3464 1631 3515 1683 οἱ
3556 1630 3611 1684 δὲ
3651 1649 3752 1684 πε-

2161 1729 2528 1802 ριλειφθέντες
2588 1727 2819 1795 ζοφώδει
2884 1726 3049 1797 χώρῳ
3119 1723 3424 1795 λεληθότως
3485 1724 3507 1755 ⁸
3582 1740 3727 1793 προσ

2160 1825 2406 1894 ήδρευον,
2458 1820 2534 1891 (1)
2576 1820 2650 1882 ὡς
2682 1818 2747 1872 ἂν
2773 1818 3049 1888 εὐκαίρως
3076 1815 3374 1868 ὲπὶθωνται
3404 1812 3482 1883 τῷ
3517 1812 3749 1883 βασιλεῖ.

2162 1914 2268 1967 Τοῦ
2294 1914 2350 1967 δὲ
2375 1913 2599 1985 ὀρθρίου
2640 1910 2812 1982 ὕμνου
2838 1908 3149 1973 ἐνστάντος,
3191 1909 3266 1980 (2)
3298 1908 3435 1979 πρὸς
3464 1908 3524 1960 τὸ
3560 1908 3753 1970 eamea;

2084 1971 2131 2029 Β
2160 1971 2421 2077 καταίρειι
2445 1971 2702 2074 βασιλεὺς
2737 2002 2813 2072 τῷ
2843 2002 2977 2072 ναῷ.
3019 2001 3084 2054 Ἥ
3112 1971 3231 2072 ώρα
3252 1971 3439 2071 ’τῇυέιρ
3467 1998 3752 2070 παρέθηγε

2159 2100 2249 2153 τὸν
2274 2099 2426 2169 λόχον
2450 2095 2875 2169 δημοσιεύουσα,
2926 2096 2973 2147 εἱ
3005 2094 3082 2165 μὴ
3114 2094 3290 2163 τόλμα
3324 2094 3400 2162 (5)
3430 2092 3540 2144 τῶν
3574 2094 3765 2144 ὲπιτιυ

2160 2191 2405 2258 θεμένων
2456 2190 2547 2243 τὸν
2601 2187 2868 2259 θρίαμϐον
2926 2185 3304 2258 ἀνερρίπισεν.
3379 2184 3586 2238 Αὐτίκα
3642 2185 3754 2254 γὰρ

2160 2281 2334 2346 ζέοντι
2382 2281 2478 2333 καὶ
2540 2279 2692 2350 τομῷ
2731 2279 2923 2346 θάρσει
2954 2277 3205 2349 ξιφήρεις
3236 2276 3387 2347 παρὰ
3418 2276 3511 2329 τὸν
3548 2276 3755 2330 σκοπὸν

2160 2371 2696 2443 ὲναυτομολήσαντες
2738 2370 2814 2443 (4)
2846 2371 2987 2423 κατὰ
3020 2371 3114 2422 τοῦ
3141 2369 3247 2422 τῶν
3301 2370 3490 2440 ἱερέων
3521 2368 3753 2437 ἐξάρχου

2158 2464 2227 2518 τὰ
2256 2463 2385 2534 ξίφη
2417 2463 2758 2534 προέτειναν,
2829 2461 2919 2512 τὸν
2957 2460 3183 2531 βασιλέα
3236 2459 3425 2511 τοῦτον
3484 2458 3755 2528 ὑπάρχειν

2160 2556 2483 2619 εἰκάσαντες
2503 2555 2567 2606 ὲκ
2591 2551 2684 2606 τοῦ
2708 2553 2830 2607 τότε
2862 2551 3270 2622 προσπεσόντος
3304 2551 3585 2621 σχήματος
3615 2549 3756 2602 ἁπο-

2160 2646 2527 2718 πλανηθέντες
2544 2661 2557 2674 ’
2585 2644 2662 2716 (5)
2684 2644 2955 2715 χειμῶνος
2978 2644 3085 2714 γὰρ
3107 2640 3443 2713 δριμυτάτου
3477 2640 3753 2710 καθεστη·

2160 2738 2317 2800 κότος
2344 2738 2371 2791 ό
2413 2736 2511 2807 μὲν
2566 2734 2821 2804 βασιλεὺς
2881 2732 3025 2786 κατὰ
3055 2731 3153 2801 τὴν
3209 2730 3451 2801 κεφαλὴν
3481 2731 3757 2799 ἐκέχρητο

2158 2826 2532 2898 διανεστηκότι
2558 2825 2903 2895 καλύμματι,
2941 2825 3033 2877 τὸν
3066 2824 3228 2877 αὐτὸν
3262 2822 3320 2875 δὲ
3355 2822 3376 2853 ⁹
3413 2821 3615 2893 τρόπον
3655 2821 3757 2875 καὶ

2157 2921 2186 2972 ό
2222 2919 2315 2973 τοῦ
2362 2920 2470 2973 τῶν
2522 2919 2716 2991 ἱερέων
2744 2917 3053 2985 καταλόγου
3105 2914 3527 2985 προηγούμενος
3551 2930 3562 2940 '
3601 2914 3658 2981 ἐξ
3689 2907 3753 2967 οὗ

2162 3010 2480 3065 συνεδαινεν
2531 3011 2701 3073 ὅντως
2738 3012 2852 3072 τοῖς
2882 3006 3210 3069 στασιώταις
3236 3006 3279 3037 ¹⁰
3305 3004 3426 3059 κατ’
3460 3004 3624 3058 αὐτοῦ
3652 3004 3753 3075 τὴν

2159 3103 2475 3173 ἐγχείρησιν
2532 3101 2931 3165 ἐπιδείξασθαι.
2998 3100 3095 3161 Ὃς
3125 3101 3192 3168 τῇ
3247 3096 3420 3169 ἀθρόᾳ
3472 3098 3612 3167 φορᾷ
3641 3097 3754 3149 τῶν

2159 3195 2555 3265 ἐπιτιθεμένων
2586 3195 2959 3260 καταπλαγεὶς
2993 3192 3223 3261 σφοδρόν
3274 3192 3569 3260 ἀνεϐόησεν
3593 3233 3609 3256 ,
3632 3192 3755 3244 ἓτε-

472 3280 739 3336 indicium
797 3283 1106 3351 (calvitiem
1166 3285 1314 3339 enim
1369 3285 1682 3355 habebat),
1752 3301 1821 3340 ne
1889 3287 2055 3342 ictum

2172 3306 2262 3358 ρον
2286 3287 2361 3357 (6)
2389 3282 2528 3340 εἶναι
2561 3286 2650 3339 τὸν
2685 3285 2932 3355 βασιλέα,
2959 3283 3096 3355 πρὸς
3144 3284 3201 3335 ὃν
3234 3282 3330 3354 τὴν
3359 3282 3535 3354 ὁρμὴν
3559 3282 3752 3379 ἁ-πῃώ-

472 3382 700 3443 propter
733 3374 1151 3430 similitudinem
1184 3378 1508 3432 attraheret.
1540 3378 1731 3447 Itaque
1762 3378 2059 3449 imperator

2170 3398 2361 3453 ρησαν.
2392 3383 2482 3433 Διὸ
2521 3380 2615 3433 καὶ
2665 3379 2767 3449 τὴν
2816 3378 3063 3447 κεφαλὴν
3120 3377 3519 3446 ἀπεγύμνωσεν
3550 3370 3636 3427 οἶα
3673 3375 3753 3441 (7)

472 3464 754 3534 ingressus
804 3467 860 3520 in
913 3467 1359 3537 propitiatorium
1410 3469 1591 3526 fuerat
1621 3512 1634 3533 .
1710 3482 1875 3542 atque
1930 3473 2059 3528 inde

2160 3473 2473 3542 καταφανὲς
2498 3471 2791 3542 γνώρισμα
2837 3471 3214 3541 (φαλάκρωμα
3254 3469 3363 3540 γὰρ
3392 3467 3542 3537 αὐτῷ
3597 3484 3754 3536 περι-

470 3569 637 3608 cruce
662 3565 758 3609 aut
803 3559 1109 3611 secundum
1154 3560 1291 3614 alios
1321 3568 1514 3615 catena
1558 3562 1786 3617 turibuli
1817 3574 2054 3633 arrepta,

2164 3566 2393 3633 ἕστατο),
2447 3565 2537 3617 ἵνα
2574 3563 2647 3634 μὴ
2696 3564 2795 3632 τὴν
2820 3564 2994 3633 τομὴν
3020 3566 3083 3616 ὲκ
3122 3562 3216 3615 τοῦ
3243 3561 3598 3631 παρεὶκοντος
3640 3561 3763 3611 ἐπι⁵

473 3644 775 3701 destitutus
820 3648 943 3702 aliis
985 3650 1054 3703 ad
1086 3650 1496 3706 defendendum
1535 3654 1724 3716 armis,
1778 3670 2059 3725 opponere

2160 3660 2441 3714 σπάσοιτο.
2471 3657 2547 3727 (8)
2582 3656 2794 3709 Οὐκοῦν
2824 3657 2852 3708 ὁ
2892 3654 3149 3725 βασιλεὺς
3183 3656 3353 3725 εἰσῄει
3404 3653 3481 3723 τῷ
3527 3653 3751 3720 ἱλαστη-

475 3748 537 3792 se
580 3737 821 3792 volebat.
882 3740 987 3795 Sed
1037 3745 1219 3795 statim
1275 3753 1440 3814 atque
1472 3746 1689 3816 agnitus
1715 3745 1818 3801 fuit
1867 3763 1897 3801 a
1928 3764 2057 3818 per-

2162 3751 2261 3822 ρὶῳ
2307 3745 2620 3819 περιτυχὼν
2669 3748 2733 3812 ¹¹,
2774 3747 2869 3799 καὶ
2900 3745 3093 3800 τούτου
3146 3746 3237 3799 τὸν
3286 3745 3516 3815 σταυρόν
3550 3744 3581 3815 ἢ
3614 3742 3751 3795 κατά

473 3830 815 3895 eussoribus,
869 3831 956 3885 isti
998 3848 1122 3888 eum
1182 3834 1378 3906 gladiis
1429 3837 1799 3893 conciderunt
1833 3854 2057 3896 crucem

2157 3857 2309 3903 τινας
2347 3837 2445 3908 τὴν
2477 3838 2573 3891 τοῦ
2605 3838 2970 3909 θυμιατηρίου
3024 3837 3347 3908 κρεμάθραν
3382 3834 3745 3908 δραξάμενος,

476 3934 529 3972 .ιι
587 3921 843 3977 manibus
903 3934 1205 3991 tenentem,
1263 3936 1323 3981 ut
1373 3942 1438 3981 ea
1491 3928 1683 3983 saltem
1739 3929 1909 3984 ictum
1961 3931 2059 3985 de-

2158 3931 2441 4003 ὲξαπορῶν
2478 3931 2552 4003 (9)
2581 3948 2734 3994 τινος
2782 3930 3125 4003 ἀμυντηρὶου
3176 3930 3433 4001 ὀργάνου,
3461 3927 3753 3992 ἀντιτάξα-

469 4012 722 4080 pelleret.
808 4013 926 4081 Qua
981 4016 1049 4071 de
1105 4034 1269 4071 causa
1326 4019 1490 4073 etiam
1518 4020 1583 4074 ad
1627 4021 1937 4090 'quemdam
1994 4037 2059 4075 ex

2161 4025 2285 4078 σθαι
2318 4023 2563 4092 ἔμελλεν.
2597 4024 2790 4094 Ὅμως
2840 4022 2953 4095 (10)
3013 4023 3333 4092 καταφανὴς
3392 4024 3435 4053 ¹¹
3461 4019 3755 4090 γενόμενος

472 4106 911 4172 percussoribus,
971 4108 1247 4178 ingentem
1305 4110 1605 4175 hominem,
1654 4111 1750 4181 qui
1805 4128 1975 4165 unum
2006 4120 2059 4167 et

2160 4118 2272 4180 τοῖς
2300 4114 2466 4169 αὑτὸν
2487 4114 2999 4185 διαχειρισομένοις,
3029 4116 3141 4185 (ll)
3172 4113 3419 4182 αὑθωρδν
3465 4116 3576 4177 τοῖς
3608 4112 3744 4179 ξίφεν

472 4193 763 4249 dimidium
804 4212 833 4250 a
865 4205 1073 4252 statura
1103 4198 1366 4269 Gigantea
1405 4201 1810 4270 appellabatur,
1839 4203 2059 4258 locutus

2166 4226 2250 4261 σιν
2281 4207 2641 4279 ὲκερμάτιζον
2691 4207 2926 4277 σταυρὸν
2959 4207 3015 4259 ὲν
3053 4206 3211 4277 χερσὶ
3263 4206 3585 4274 κατέχοντα,
3613 4203 3752 4255 ὥστε

472 4293 577 4350 est,
609 4286 869 4357 adjurans
916 4304 1016 4357 per
1059 4287 1114 4342 id
1166 4290 1313 4360 quod
1369 4291 1592 4345 tenebat
1640 4290 1762 4363 (per
1792 4292 2059 4363 crucem).

2170 4296 2345 4370 τούτῳ
2379 4315 2444 4367 γε
2477 4296 2523 4328 ⁸⁸
2558 4296 2659 4365 τὴν
2678 4296 2854 4368 τομὴν
2880 4296 3340 4367 ἀποπέμψασθαι.
3373 4292 3480 4359 1rH;
3511 4294 3623 4366 (12)
3656 4295 3750 4364 χά-

1760 4405 1997 4462 νΑιιιιιΕ
2036 4406 2449 4465 LECTIONES.

578 4514 599 4544 ⁸
634 4516 1083 4599 ξίφειιλαθραίως
1116 4537 1173 4573 τε
1211 4520 1271 4574 L.
1367 4522 1405 4599 ‘7
1436 4521 1677 4599 εξσίεσαν
1702 4520 1762 4599 L.
1850 4522 2177 4599 θλεληθότος
2214 4525 2277 4580 L.
2324 4530 2345 4559 ⁹
2368 4527 2447 4599 δὲ]
2482 4528 2546 4597 δὴ
2577 4526 2636 4580 L.

476 4584 515 4614 “
552 4584 842 4657 περιτυχὸν
871 4584 931 4643 Ιιζ
1013 4589 1054 4621 ¹²
1083 4592 1417 4659 καταφανεὶς
1453 4590 1514 4644 L.
1592 4593 1634 4623 ³³
1664 4592 1855 4645 τούτου
1881 4609 1943 4659 γε
1965 4584 2025 4647 L.

1654 4682 1899 4739 STEPH.
1928 4683 2274 4740 BERGIJSRI
2297 4681 2529 4739 NOTJE.

689 4772 849 4829 Cont.
877 4790 935 4845 p.
974 4774 1047 4830 ει
1094 4775 1242 4842 init.,
1290 4775 1488 4832 Zonar.
1542 4778 1664 4840 154.
1719 4779 1869 4851 Sym.
1914 4764 2130 4851 Logfl)
2160 4782 2366 4851 κλήρου
2392 4779 2657 4851 ἔπαρχον.

473 4844 723 4921 μίξει.-
880 4844 885 4845 ί
972 4916 1025 4921 μ
1086 4916 1185 4921 __
1568 4914 1571 4917 ν
1761 4844 1777 4851 '
1997 4844 2023 4851 '
2230 4844 3148 4921 (3)com.'p'.a.t.eedr.p.494.

2732 4526 2775 4556 ‘°
2803 4523 3133 4587 στασιώταις
3174 4525 3231 4589 Β,
3266 4524 3638 4595 στρατιώταις
3689 4525 3754 4581 ι..

683 4914 847 4990 gent.
879 4931 935 4985 p.
960 4916 1239 4990 f2_t_,Cedr.
1270 4933 1327 4986 p.
1361 4916 1487 4990 494.
1547 4914 1571 4990 ς
1628 4989 1636 4990 7
2230 4912 2305 4990 (6)
2341 4920 2504 4974 Cedr.
2628 4920 2756 4973 494.

567 4983 657 5059 9?)
690 4985 827 5059 ζοη.
862 4983 916 5055 p.
954 4987 1075 5059 154,
1109 4983 1293 5059 Com;
1314 5003 1367 5058 p.
1393 4987 1484 5059 ‘24,
1528 4988 1691 5045 Cedr.
1725 5007 1779 5059 p.
1820 4992 1945 5047 494.
2230 4983 2307 5058 (7)
2339 4990 2501 5059 Cont.
2617 4991 2708 5043 24.

471 5126 512 5176 C
543 5054 657 5175 (:38)
690 5055 858 5180 (Intrati
906 5072 962 5126 p.
996 5058 1084 5123 24,
1118 5057 1239 5121 έθος
1269 5054 1336 5127 ἦν
1386 5058 1464 5128 τῷ
1508 5060 1694 5131 κλήρῳ
1714 5054 1738 5127 ,“
1761 5072 1871 5118 etc.
1930 5063 2053 5118 Vid.
2158 5130 2181 5185 Γ
2337 5056 2500 5114 Cont.
2537 5054 2585 5113 l.
2614 5074 2663 5115 c.
2710 5059 2877 5114 Cedr.
2923 5078 2983 5131 p.
3031 5058 3137 5113 494
3192 5060 3249 5113 in
3304 5060 3434 5126 fine,
3466 5071 3526 5114 ιιι
3555 5061 3751 5115 Noster

517 5144 566 5177 ι’(
592 5142 633 5178 r.
672 5142 723 5192 Γ.
865 5166 875 5177 .
2180 5149 2295 5187 ere.

552 5195 833 5274 (99)]ηη.
869 5199 1088 5274 p.131;
1145 5269 1159 5274 _
2231 5204 2306 5274 (9)
2343 5203 2457 5257 Le.
2497 5200 2728 5274 penitus
2770 5203 3096 5270 desperans.
3132 5199 3443 5254 Rstxssws.
3490 5200 3624 5271 lmo,
3665 5201 3751 5255 in-

2152 5270 2340 5342 quam.
2381 5272 2606 5342 penitus
2633 5270 2953 5342 destitutus.

548 5264 625 5474 (Ιξ
663 5265 825 5320 Cont.
851 5264 908 5337 p.
934 5268 1024 5331 24,
1050 5268 1211 5325 Ccdr.
1238 5287 1294 5341 p.
1327 5270 1452 5325 494.
2152 5264 2340 5342 quam.
2371 5264 2606 5396 rpeni-tus
2633 5264 2977 5353 destitutus._
3141 5339 3153 5351 _
3480 5342 3492 5353 '
3612 5264 3621 5271 ⁷
3699 5342 3707 5351 _

548 5335 604 5405 (2
656 5336 790 5389 Zon.
825 5354 883 5407 p.
928 5338 1051 5393 151.
2227 5342 2341 5411 (10)
2422 5342 2635 5394 butttur
2683 5341 2787 5397 hac
2837 5341 3109 5412 particula
3142 5355 3197 5392 ιιι
3250 5350 3593 5396 contrarium
3654 5341 3707 5395 ιιι

548 5406 603 5470 (3
662 5407 738 5460 lta
766 5406 885 5461 sine
915 5417 1019 5463 art.
1048 5410 1102 5474 ἡ,
1131 5410 1225 5474 qui
1253 5410 1472 5464 videtur
1498 5410 1794 5474 absorptus
1823 5428 1853 5466 a
1887 5428 2051 5474 [ιι-ωε.
2152 5412 2344 5474 etiam,
2392 5426 2604 5474 ponens
2639 5425 2739 5474 pro
2792 5413 2950 5466 ἀλλά.
2995 5441 3065 5452 -—
3108 5410 3474 5474 Κίιταφανὴς
3504 5413 3707 5474 γενόμε

548 5335 625 5412 (ᾖ)
656 5336 807 5412 _Zon._
825 5335 883 5407 p1
928 5338 1068 5412 13%.
1214 5335 1251 5412 ξ’
1327 5410 1338 5412 _
1535 5410 1544 5412 _
2170 5335 2185 5342 ’
2227 5342 2341 5411 (10)
2371 5335 2635 5396 Ᾱὺυιὶιιιι·
2683 5341 2787 5397 hac
2837 5341 3109 5412 particula
3141 5339 3197 5392 in
3250 5342 3593 5412 contrarium
3654 5341 3749 5397 hic

547 5406 738 5481 (5)_l_ta
766 5406 895 5481 sine?
915 5417 1019 5463 art.
1048 5410 1102 5477 ἡ,
1131 5410 1225 5480 qui
1253 5410 1472 5481 videtur
1498 5410 1794 5481 absorptus
1823 5428 1853 5466 a
1887 5428 2051 5481 praec.
2152 5406 2344 5475 etiam,
2392 5426 2604 5481 ponens
2639 5425 2739 5480 pro
2792 5406 2950 5466 ἀλλά.
2995 5441 3065 5452 -——
3108 5410 3474 5477 Καταςρανὴς
3504 5413 3747 5479 γενόμε-

478 5480 576 5543 μή.
626 5475 718 5531 Sic
773 5480 937 5551 paulo
981 5475 1111 5535 ante
1148 5475 1214 5533 ἂν
1257 5480 1528 5535 excidisse
1565 5475 1786 5535 videtur
1828 5475 2056 5551 propter
2154 5499 2282 5549 νος.
2318 5475 2416 5537 Est
2444 5475 2812 5537 soloecismus.
2849 5483 2905 5537 Si
2936 5482 3215 5537 scribatur
3266 5475 3560 5551 καταφανῆ
3593 5475 3747 5549 γενό-

478 5562 643 5621 prtec.
660 5550 1019 5621 _7ra.pé0qysv.
1934 5550 1945 5551 ί
2161 5569 2339 5621 μενον,
2374 5560 2524 5607 recte
2559 5552 2750 5606 habet.

548 5616 624 5686 (4)
656 5618 698 5672 1.
735 5616 799 5694 e._
833 5616 898 5694 in:
933 5635 1098 5694 unum
1128 5628 1401 5694 currentes
1428 5662 1445 5694 ,ν
1489 5629 1691 5694 euntes.
1736 5622 2046 5694 BElNESIUS.
2162 5616 2171 5621 ’
2233 5624 2348 5694 (ll)
2382 5622 2546 5694 Com.
2585 5638 2618 5694 p
2672 5623 2765 5677 24.

477 5686 637 5765 (tum.
665 5705 715 5765 [ι.
736 5690 826 5765 2.ςέ
855 5691 1285 5765 εἰσπηδήσαντες
1317 5691 1812 5765 tepores—Cede
1843 5710 1895 5763 p.
1924 5695 2050 5755 494.
2234 5686 2348 5764 (I2)
2386 5693 2461 5765 Ita
2504 5686 2793 5765 scriptum,
2828 5699 2886 5746 ut
2918 5691 3189 5746 referatur
3224 5692 3290 5746 ad
3344 5691 3549 5765 topﬁgg
3586 5701 3644 5745 ut
3675 5692 3753 5765 ad

479 5755 568 5805 τὸν
601 5755 694 5808 τοῦ
729 5759 931 5829 κλήρου
963 5755 1190 5830 ἔξαρχον
1224 5755 1403 5825 vocat;
1433 5762 1592 5818 Cont.
1628 5778 1681 5831 p.
1712 5763 1802 5829 ‘24,
1840 5755 1931 5819 τὸν
1956 5766 2051 5818 τοῦ
2163 5755 2526 5820 avertendum
2556 5755 2725 5818 ictum
2751 5778 2860 5819 non
2883 5770 3095 5819 tantum
3135 5779 3361 5818 crucem
3401 5755 3752 5824 adhibuerit,
