4128 6412
299 323 434 399 1021

1677 336 1950 399 REGUM
1996 340 2144 402 LIB.
2188 340 2235 400 Ι.

3453 345 3592 411 1022

293 462 381 515 ριν
405 442 541 519 πρός
565 463 688 501 τινα
717 445 824 500 τῶν
851 445 1153 516 μιαιφόνων
1176 491 1191 513 ,
1229 449 1583 521 ὑπερμεγέθη
1612 454 1799 526 ἄνδρα,
1832 451 1876 521 ᾧ

1994 455 2091 510 Sed
2160 456 2426 511 immitem
2485 473 2673 515 vocem
2712 501 2726 517 .
2794 460 2860 514 ad
2900 462 3216 532 exemplum
3270 464 3588 518 Antimachi

289 539 350 590 τὸ
380 535 440 589 ἓν
465 536 558 590 καὶ
595 536 767 606 ἥμισυ
808 537 949 591 κατά
981 537 1041 591 τὸ
1062 537 1370 606 γιγάντειον
1395 541 1439 573 ¹⁸
1465 541 1580 611 (15)
1607 560 1712 613 προ
1725 561 1883 597 ςωνο-

292 628 495 698 μάξετο
527 626 782 696 μέγεθος,
832 626 1213 698 ἐπεφθέγξατο
1268 631 1417 701 ὅρκῳ
1440 632 1790 703 περιδεσμῶν
1820 629 1883 687 οἶ)

289 719 605 774 ἐπελάϐετο.
650 718 790 785 Ἀλλ’
813 720 1132 790 ἀμείλικτον
1161 720 1271 775 ὅπα
1293 723 1438 777 κατά
1470 724 1598 787 τοὺς
1628 725 1888 797 Ἀντιμά-

290 832 385 886 χου
420 814 617 876 παῖδας
646 813 953 884 διήκουσεν,
977 814 1301 869 ἀντειπόντα
1332 815 1446 884 (1.1)
1475 817 1714 887 ἐνόρκως
1735 818 1888 891 αὐτῷ

296 905 496 976 μηκέτι
532 904 850 975 βιώσεσθαι.
907 905 1017 957 Καὶ
1070 905 1276 970 εὐθέως
1308 906 1421 979 (15)
1459 910 1526 979 τῇ
1569 910 1890 964 κατακλεῖδι

292 998 394 1067 τὴν
423 997 638 1068 σπάθην
670 997 860 1063 καθεὶς
882 997 981 1073 τὴν
1004 1000 1165 1069 χεῖρα
1196 999 1512 1067 διέσπασεν,
1540 1000 1684 1054 ὥστε
1713 1004 1807 1057 καὶ
1830 1005 1890 1058 τ’)

293 1090 589 1162 σταυρικὸν
624 1091 812 1162 σχεδόν
859 1109 913 1145 τι
946 1092 1116 1162 κέρας
1161 1092 1531 1162 διακοπῆναι·
1583 1091 1685 1149 εἷθ’
1715 1096 1890 1160 οὕτως

287 1183 454 1236 αὑτὸν
484 1181 578 1238 καὶ
612 1185 712 1253 τῆς
744 1182 984 1253 κεφαλῆς
1014 1184 1384 1253 ἀπετείχισεν.
1418 1186 1557 1240 Κατ’
1585 1187 1755 1255 αὐτὴν
1774 1188 1890 1261 (16)

290 1275 348 1328 δὲ
364 1274 465 1344 τὴν
494 1274 645 1344 ὦραν
674 1275 826 1346 φωνή
855 1292 938 1338 τις
962 1274 1193 1346 ἀερόθεν
1228 1276 1462 1345 ἐνήλατο
1490 1280 1891 1351 ποντοποροῦσι

291 1367 561 1431 ναυτίλοις
614 1368 678 1433 ¹⁸,
724 1368 799 1431 ὼς
834 1368 985 1421 Λέων
1010 1368 1037 1420 ὁ
1068 1366 1324 1437 βασιλεὺς
1372 1369 1501 1439 τῇδε
1540 1369 1892 1440 διαπεφώνη-

1985 544 2273 612 liliorum,
2334 548 2590 614 audivit,
2659 567 2784 604 eum
2841 554 3063 621 juratus
3119 554 3169 609 ci
3225 556 3591 626 responderet

1984 636 2133 693 haud
2170 640 2409 708 amplius
2459 643 2758 697 victurum.
2835 645 3145 715 Statimque
3203 647 3349 702 idem
3408 649 3590 718 gladio

1987 730 2270 786 clavicultc
2303 733 2544 804 impacto
2577 751 2800 790 manum
2832 740 3164 806 amputavit,
3213 739 3289 794 ita
3328 750 3388 794 ut
3419 741 3588 796 etiam

1988 824 2173 879 crucis
2204 840 2377 880 cornu
2430 827 2545 882 fere
2591 827 2897 884 dissectum
2931 830 3126 887 fuerit.
3176 832 3313 887 Dein
3352 833 3432 887 sic
3461 850 3588 888 eum

1992 914 2170 984 capite
2240 918 2539 972 truncavit.
2602 918 2808 975 Eadem
2864 932 3048 977 autem
3121 923 3255 977 hora
3319 940 3425 978 vox
3484 926 3593 995 26

1987 1007 2241 1075 quartlam
2294 1024 2358 1064 ex
2427 1026 2553 1065 aere
2618 1012 2865 1081 percutit
2929 1014 2985 1067 in
3046 1015 3183 1069 mari
3266 1016 3590 1086 navigantes

1986 1108 2185 1155 nautas
2216 1102 2506 1169 quosdam,
2535 1103 2776 1159 Leonem
2796 1104 3190 1175 imperatorem
3219 1123 3285 1163 ea
3315 1108 3545 1179 periisse
3573 1128 3585 1161 :

1989 1192 2084 1260 qui
2120 1193 2538 1251 considerantes
2555 1197 2703 1266 quod
2732 1197 3046 1265 audierant,
3071 1210 3128 1254 et
3154 1212 3375 1256 noctem
3400 1211 3590 1271 postea

1990 1294 2048 1339 et
2076 1285 2270 1341 horam
2297 1287 2351 1342 iu
2388 1287 2633 1343 animum
2672 1300 3021 1355 revocantes,
3064 1292 3358 1347 veritatem
3392 1291 3595 1363 deprc-

1997 1376 2336 1434 henderunt.

291 1480 389 1517 κεν
418 1461 562 1533 (17)⁶
592 1463 641 1515 οἳ
678 1461 1057 1531 συμϐαλόντες
1085 1462 1129 1494 ⁸⁵
1158 1462 1259 1535 τὴν
1296 1462 1469 1535 ἀκοὴν
1503 1464 1603 1536 τήν
1630 1482 1688 1518 τε
1714 1465 1886 1521 νύκτα
1920 1472 2060 1540 μετὰ
2089 1474 2247 1528 τοῦτο
2303 1477 2400 1530 καὶ
2453 1476 2601 1541 ὥραν
2632 1477 2757 1531 καθ’
2789 1478 3021 1542 ἑαυτοὺς
3090 1480 3447 1551 ὲννοήσαντες
3514 1483 3580 1534 τὸ

298 1556 503 1626 ἀληθὲς
528 1554 896 1625 διειλήφασιν.

364 1653 693 1716 κτείναντες
726 1651 783 1707 δὲ
804 1652 994 1707 τοῦτον
1042 1654 1092 1707 οἱ
1128 1655 1386 1723 φονευταὶ
1433 1656 1679 1726 ἀνηλεῶς
1705 1658 1763 1709 έν
1791 1659 1881 1713 εύ-

2060 1658 2198 1714 Cum
2258 1668 2446 1715 autem
2502 1675 2631 1715 eum
2702 1676 3062 1731 percussores
3106 1663 3486 1729 occidissent,
3538 1667 3592 1721 iu

294 1744 524 1799 λοειδέσι
573 1744 774 1817 χώροις
804 1748 917 1809 τοῖς
962 1746 1102 1816 πρὸς
1145 1746 1206 1800 τὸ
1238 1747 1458 1818 δέξιμον
1511 1751 1890 1819 ἀπαγαγόντες

2000 1752 2216 1807 cloacas
2241 1760 2296 1806 et
2332 1752 2681 1822 receptacula
2712 1750 2961 1807 sordium
2985 1753 3228 1808 delatum
3262 1766 3591 1825 posuerunt,

294 1838 618 1902 κατέθεσαν,
679 1838 828 1902 ὅπως
887 1839 981 1893 ἐπὶ
1012 1839 1188 1911 βραχὺ
1245 1842 1430 1894 ὲκείσε
1486 1843 1888 1913 προσμένοιεν·

294 1930 503 2001 εἴχοντο
537 1930 645 2001 γὰρ
669 1930 1116 2001 χρειωδεστέρων
1148 1934 1451 2004 φροντίδων
1475 1935 1523 1988 οἱ
1556 1935 1635 2005 τῷ
1667 1936 1890 2006 Μιχαὴλ

296 2020 685 2091 συναράμενοι,
709 2020 851 2073 ὥστε
878 2020 1069 2076 τοῦτον
1103 2022 1206 2093 μὲν
1226 2023 1323 2094 τῆς
1354 2024 1582 2096 εἱρκτῆς
1608 2025 1890 2090 ἐξελέσθαι

293 2115 390 2168 καὶ
423 2114 731 2185 ἁναρῤῆσαι
760 2116 930 2168 πᾶσιν
964 2116 1346 2187 αὐτοκράτορα
1388 2116 1639 2187 βασιλέα,
1669 2117 1726 2181 ὃς
1751 2117 1890 2170 διαι-

290 2207 451 2276 τήσοι
480 2205 548 2261 τὰ
574 2207 711 2278 πρὸς
743 2207 835 2261 τὸν
880 2208 1072 2278 καιρὸν
1102 2209 1530 2278 κατεπείγοντα,
1588 2210 1891 2278 ἀσφαλείας

291 2295 521 2367 δεούσης
551 2297 1005 2369 ξὰπαιτουμένης,
1037 2298 1107 2368 ἥν
1155 2299 1367 2370 ταχέως
1419 2299 1719 2371 εἰργάσατο
1750 2301 1886 2372 (18).

295 2390 404 2443 Καὶ
443 2389 532 2441 διὰ
580 2389 688 2447 τῶν
724 2389 945 2449 Σκύλων
983 2392 1023 2422 ⁸⁸⁷
1064 2390 1327 2460 ὲλκυσμῷ
1352 2391 1419 2445 τὸ
1478 2392 1640 2464 σῶμα
1673 2393 1891 2464 λυγρῶς

294 2481 718 2545 καταικίσαντες
750 2481 946 2553 καὶτῷ
978 2483 1301 2554 ἱπποδρόμῳ
1330 2501 1555 2556 παραγυ
1567 2484 1889 2555 μνώσαντες

294 2575 389 2627 καὶ
422 2572 705 2645 ὑποζυγίῳ
739 2575 1178 2645 μετεωρίσαντες
1209 2575 1303 2629 ἐπὶ
1342 2576 1525 2646 πάσης
1551 2577 1652 2646 τῆς
1682 2577 1889 2645 λεωφό-

296 2682 393 2735 ρου
426 2667 794 2736 προήνεγκαν,
824 2661 942 2720 εἶτα
971 2667 1307 2737 ἐμϐαλόντες
1345 2670 1481 2722 αὐτὸ
1504 2670 1585 2723 ἐν).
1616 2670 1657 2702 ¹⁸
1690 2669 1884 2741 πλοίῳ,

300 2755 418 2827 (19)
460 2756 554 2811 καὶ
603 2757 702 2827 τὴν
759 2757 992 2828 σύμϐιον
1047 2760 1145 2812 σὺν
1204 2761 1320 2823 τοῖς
1364 2759 1633 2831 τέσσαρσι
1682 2760 1888 2814 τούτων

301 2848 475 2909 παισὶ,
534 2844 828 2919 Συμϐατίῳ
887 2848 1001 2919 (20)
1047 2849 1127 2918 τῷ
1176 2850 1274 2903 καὶ
1338 2850 1803 2920 μετονομασθέντι
1845 2853 1887 2886 ¹⁹

302 2942 695 3012 Κωνσταντίνῳ
728 2940 872 2996 κατά
898 2942 959 2995 τὸ
986 2941 1274 3012 στέψιμον,
1304 2943 1575 3015 Βασιλείῳ
1621 2945 1720 2998 καὶ
1745 2944 1888 3016 Γρη-

299 3037 468 3108 γορίῳ
513 3038 630 3109 ἅμα
663 3037 952 3110 Θεοδοσίῳ,
1010 3038 1144 3110 περὶ
1180 3037 1283 3109 τὴν
1316 3037 1552 3110 Πρώτην
1580 3040 1747 3110 νῆσον
1772 3040 1887 3110 (21)

306 3131 693 3204 παρέπεμψαν.
724 3132 962 3185 Κάκεῖσε
982 3131 1091 3186 τῶν
1121 3133 1335 3187 παίδων
1371 3132 1744 3188 καταθλαδίαν
1774 3151 1896 3187 ποι-

308 3223 396 3294 ,ὴν
427 3222 983 3293 περιστοιχουμένων,
1004 3224 1032 3276 ὁ
1058 3222 1342 3286 Θεοδόσιος
1358 3223 1457 3292 τῆς
1480 3223 1630 3299 ζωῆς
1663 3224 1896 3289 ἀπεζεύ-

304 3320 430 3375 Ξατο
461 3315 538 3348 ²⁰·
572 3315 668 3369 καὶ
702 3314 1049 3387 ἀμφοτέρους
1099 3313 1201 3386 τῆς
1235 3319 1624 3387 προσηκούσης
1668 3316 1892 3387 κηδείας

304 3409 563 3480 ὴξίωσαν.

371 3495 538 3564 Οὗτος
553 3501 633 3564 δὲ,
661 3499 738 3563 ὥς
762 3498 897 3568 φασί
920 3516 1086 3563 τινες,
1107 3501 1200 3554 καὶ
1226 3500 1334 3571 πρὸ
1356 3501 1450 3555 τοῦ
1483 3503 1582 3573 τῆς
1614 3500 1893 3573 βασιλείας

317 3592 659 3649 ,πιλαὸέσθαι
690 3592 794 3661 τῆς
824 3591 1127 3656 δυσσεϐοῦς
1148 3592 1415 3663 αἱρέσεως
1447 3593 1649 3665 εἴχετο.
1683 3595 1776 3648 Διὸ
1802 3598 1896 3649 καὶ

321 3685 445 3741 εατὰ
475 3686 537 3740 τὸ
588 3685 775 3756 ἔθιμον
807 3684 908 3755 τῆς
962 3683 1085 3737 καθ’
1145 3685 1296 3754 ἡμᾶς
1336 3685 1601 3750 εὐσεὸοῦς
1657 3685 1896 3751 πίστεως

307 3778 606 3842 ετείλαντος
637 3778 775 3849 πρὸς
827 3775 991 3831 αὐτὸν
1019 3776 1340 3847 Νικηφόρου
1401 3776 1499 3830 τοῦ
1550 3779 1896 3849 πατριάρχου

338 3874 463 3944 ὃμον
487 3870 575 3926 διά
629 3886 790 3925 τινων
833 3866 1142 3938 ἀρχιερέων
1198 3860 1584 3937 ἐγγράψασθαι
1616 3867 1715 3938 τὴν
1739 3869 1898 3921 εὐσέ-

320 3968 475 4029 ἐιαν,
509 3962 619 4035 (2‘).)
658 3959 1118 4031 καταπράξασθαι
1144 3959 1304 4014 τοῦτο
1320 3959 1668 4014 διανεὸἀλετο
1707 3962 1749 3992 ¹¹
1789 3960 1896 4025 ἕως

318 4078 368 4111 ’.ν
395 4055 547 4128 αύτῷ
586 4058 619 4128 ἠ
647 4057 745 4125 τῆς
774 4055 1057 4125 βασιλείας
1084 4052 1305 4107 ἐπέλθοι
1332 4053 1422 4108 διὰ
1448 4053 1681 4122 στέφους
1712 4071 1890 4124 μεγα-

307 4144 637 4215 ωπρέπεια·
691 4143 786 4196 καὶ
843 4141 967 4195 καθ’
994 4142 1210 4214 ἡμέραν
1243 4159 1307 4210 γε
1346 4142 1449 4213 τὴν
1486 4142 1747 4213 δευτέραν
1792 4144 1893 4214 τῆς

302 4235 466 4291 αὑτοῦ
519 4235 800 4306 βασιλείας
849 4235 1270 4307 ὲνσυνεχόμενος
1299 4233 1379 4306 τῷ
1428 4234 1699 4306 ὀρθοδόξῳ
1739 4235 1894 4306 τόμῳ

316 4328 1168 4400 ἰασημήνασθαιἁναντιρρήτως
1189 4328 1465 4383 ἀπείπατο
1496 4328 1622 4401 μηδ’
1653 4328 1791 4393 ὅλως
1814 4328 1894 4400 τῷ

2003 1852 2065 1898 ιιι
2119 1843 2423 1913 paullisper
2483 1844 2561 1899 ibi
2620 1852 2894 1901 maneret.
2971 1846 3175 1901 Intenti
3239 1848 3388 1902 enim
3433 1860 3595 1902 erant

2000 1935 2177 2006 magis
2226 1936 2559 1992 necessariis
2608 1940 2758 1995 curis
2798 1938 3086 1994 Michaelis
3134 1940 3475 2009 complices,
3536 1950 3597 1995 ut

2000 2028 2214 2084 scilicet
2255 2028 2404 2084 hunc
2451 2044 2521 2084 ex
2582 2044 2807 2086 carcere
2852 2032 3212 2097 eximerent,
3268 2045 3324 2086 et
3375 2032 3595 2101 publice

2001 2118 2391 2187 imperatorem
2431 2119 2802 2186 declararent,
2851 2122 2945 2192 qui
2982 2122 3249 2193 temporis
3292 2122 3595 2192 opportuni

1998 2211 2217 2281 copiam
2268 2211 2497 2278 faceret,
2548 2228 2675 2269 cum
2722 2216 2995 2270 securitas
3043 2231 3290 2286 congrua
3347 2215 3596 2284 require-

1999 2311 2194 2359 retur:
2241 2319 2474 2375 eamque
2525 2305 2573 2360 is
2606 2306 2718 2361 cito
2746 2307 3023 2376 prmstitit.
3093 2310 3271 2376 Atque
3315 2317 3447 2361 tunc
3494 2322 3595 2375 per

1999 2396 2157 2467 Scyla
2195 2407 2429 2454 tractum
2462 2398 2701 2454 cadaver
2751 2400 2954 2455 misere
3015 2400 3308 2465 fmdantes,
3361 2401 3417 2453 in
3444 2399 3594 2454 circo

1998 2488 2362 2555 denudatum,
2403 2492 2658 2556 jumento
2703 2490 3010 2554 sublatum,
3058 2507 3161 2561 per
3203 2506 3424 2545 onmem
3476 2491 3597 2560 pla-

2000 2589 2142 2635 team
2194 2582 2481 2647 tulerunt,
2532 2578 2725 2652 postea
2778 2582 3104 2652 impositum
3153 2581 3414 2653 navigio,
3469 2596 3595 2635 cum

1996 2674 2230 2745 conjuge
2306 2683 2363 2730 et
2438 2683 2679 2745 quatuor
2752 2675 2919 2740 ﬁliis,
2996 2674 3312 2739 Sabbatio,
3383 2674 3478 2743 qui
3541 2673 3597 2726 in

1997 2765 2426 2836 inauguratione
2479 2765 2839 2836 imperatoris
2879 2766 3283 2822 Constantinus
3351 2765 3456 2818 fuit
3508 2764 3596 2818 di-

1995 2864 2153 2922 ctus,
2207 2855 2411 2917 Basilio
2458 2854 2590 2911 item
2638 2872 2704 2912 ac
2742 2855 3015 2927 Gregorio
3044 2896 3060 2921 ,
3112 2873 3218 2911 nec
3260 2871 3369 2910 non
3415 2855 3584 2910 Theo-

1995 2948 2176 3013 dosio,
2212 2948 2269 3004 in
2296 2950 2499 3007 Proteu
2526 2949 2766 3005 insulam
2795 2951 3092 3006 miserunt.
3147 2950 3329 3018 Atque
3366 2948 3441 3002 ibi
3467 2963 3594 3001 cum

1996 3041 2330 3098 exsectionis
2378 3057 2542 3112 poena
2590 3040 2981 3108 adicerentur,
3035 3041 3384 3097 Theodosius
3426 3042 3596 3095 vitam

2000 3138 2209 3193 amisit.
2254 3137 2565 3209 Utrumque
2585 3147 2771 3193 autem
2807 3148 3152 3208 congruente
3187 3137 3474 3207 sepultura
3507 3137 3581 3190 di-

2001 3231 2153 3303 gnati
2190 3238 2340 3286 sunt.

2072 3496 2247 3550 Porro
2293 3496 2397 3551 iste
2452 3504 2599 3560 Leo,
2656 3504 2719 3550 ut
2768 3509 2996 3565 quidam
3054 3493 3376 3565 perhibent,
3427 3492 3597 3548 etiarn

1994 3598 2292 3659 antequam
2328 3587 2627 3658 imperium
2670 3596 3004 3657 capesseret,
3047 3587 3230 3657 impia:
3272 3586 3349 3640 illi
3400 3586 3595 3640 hmresi

1994 3683 2327 3739 adhaeserat.
2372 3680 2725 3751 Quapropter
2760 3680 2929 3735 etiam
2978 3696 3104 3734 cum
3155 3695 3221 3734 ex
3274 3694 3428 3734 more
3480 3678 3589 3748 27

1995 3776 2102 3847 piae
2153 3784 2360 3831 nostrae
2406 3775 2538 3831 ﬁdei
2592 3775 2945 3844 Nicephorus
3002 3774 3318 3845 patriarcha
3359 3772 3427 3828 ad
3466 3788 3597 3828 eum

1994 3870 2241 3925 misisset
2264 3867 2515 3924 libellum
2540 3882 2642 3937 per
2674 3868 2888 3937 aliquot
2924 3867 3248 3923 sacerdotes
3276 3867 3595 3937 primarios,

1997 3971 2061 4016 ut
2093 3960 2495 4032 professionem
2523 3959 2653 4014 ﬁdei
2687 3959 3043 4026 inscriberet,
3069 3959 3123 4013 id
3145 3958 3327 4015 facere
3356 3958 3595 4021 distulit,

1986 4056 2166 4109 donec
2197 4053 2503 4110 solennitas
2554 4052 3003 4125 inaugurationis
3023 4052 3265 4107 adesset.
3283 4050 3392 4107 Sed
3419 4052 3596 4106 altero

1988 4147 2081 4203 die
2115 4146 2235 4217 ejus
2289 4144 2533 4216 imperii,
2570 4160 2698 4200 cum
2744 4144 3177 4216 compelleretur
3221 4143 3291 4198 ad
3332 4143 3585 4199 subscri-

1990 4238 2235 4294 bendum
2295 4235 2611 4291 orthodoxe
2677 4236 2869 4292 libello
2903 4276 2918 4304 ,
2974 4236 3143 4307 plane
3201 4235 3428 4306 negavit
3474 4249 3598 4291 sese

1999 4330 2549 4387 accommodaturum
2625 4329 2779 4386 illius
2836 4329 3133 4389 voluntati.
3211 4328 3370 4387 Unde
3428 4329 3596 4409 etiam

1636 4440 1876 4499 VARle
1919 4442 2217 4502 LECTION
2225 4444 2330 4500 ES.

402 4557 447 4591 “
473 4557 753 4626 γιγάντιον
778 4555 840 4609 1..
896 4624 905 4626 Α
944 4555 988 4586 ¹⁵
1044 4555 1331 4626 ναυτήλοις
1376 4555 1442 4610 L.

300 4632 349 4665 η
382 4624 863 4701 μετωνομασθέντι
891 4624 952 4680 L.
1024 4627 1069 4657 ’°
1093 4625 1436 4690 ἀπετεύξατο
1473 4628 1534 4682 1..

1517 4556 1563 4587 ’⁸
1595 4555 2109 4683 asseasse

2210 4558 2252 4589 ”
2290 4556 2539 4623 σκύλλων
2561 4555 2640 4625 1..)
2713 4555 2757 4587 ¹⁸
2779 4553 3143 4625 ἐμϐάλλοντες
3193 4555 3342 4629 αὐτῷ
3386 4556 3467 4610 ἑνὶ
3529 4555 3591 4611 ι..

1489 4747 1735 4804 STEPH.
1780 4749 2126 4807 BEBGLERI
2166 4748 2398 4807 NOT/E.

294 4846 396 4902 sed
425 4854 483 4899 et
509 4844 825 4916 giganteum
860 4843 1014 4898 illum
1046 4840 1328 4916 hominem
1373 4840 1647 4916 allocutus
1691 4842 1878 4916 fuerit.
1917 4859 1961 4914 ο

295 4912 536 4973 Πιιὶιθιιῐ
554 4912 647 4971 hic
670 4929 865 4969 vocem
906 4918 1129 4985 χάριτος
1157 4922 1214 4967 et
1238 4912 1355 4975 alii,
1382 4913 1478 4967 sed
1509 4915 1688 4985 aliter.
1717 4914 1881 4985 Corn.

294 5004 355 5058 p.
388 4987 477 5053 25,
507 4988 657 5058 ὅρκῳ
696 4985 796 5058 τῆς
826 4983 1144 5055 ἐνοικούσης
1176 4986 1401 5058 χάριτος
1434 4986 1491 5035 ὲν
1526 4983 1603 5058 τῷ
1639 4984 1772 5058 ναῷ,
1798 4986 1883 5058 Auiti

293 5056 356 5113 et
389 5058 553 5113 Cedr.
586 5056 642 5128 p.
670 5056 983 5128 495,‘quasi
1015 5071 1115 5127 per
1144 5056 1379 5126 gratiam
1408 5056 1612 5126 templo
1659 5056 1883 5112 inhabi-

296 5137 511 5184 tantem
546 5128 948 5184 obsecraverit.

371 5199 485 5269 (15)
516 5200 653 5255 Mire
697 5197 897 5253 Noster
926 5197 1055 5269 haec
1075 5205 1137 5252 ut
1180 5195 1464 5269 pleraque.
1504 5194 1612 5251 Alii
1639 5196 1880 5269 plapius,

295 5280 362 5326 ut
398 5267 561 5326 Cont.
605 5285 662 5341 p.
711 5269 804 5335 25,
854 5268 1131 5341 εὐμεγέθη
1184 5267 1281 5322 καὶ
1331 5271 1675 5336 γιγανταίον.
1711 5268 1879 5324 Cedr.

294 5359 355 5413 p.
386 5340 635 5413 495,}vd
663 5341 783 5413 τινὰ
807 5340 1166 5413 γιγαπιαίον.

396 5412 484 5481 14)
512 5411 594 5467 Ita
620 5411 914 5481 scriptum,
936 5424 1065 5481 cum
1089 5408 1325 5481 deberet
1355 5409 1729 5475 ἀντειπόντος.

396 5414 462 5465 14
512 5414 594 5467 Ita
620 5414 914 5481 scriptum,
936 5424 1065 5464 cum
1089 5414 1325 5464 deberet
1355 5414 1729 5475 ἀντειπόντος.

371 5414 485 5552 hii;
523 5482 686 5537 Cont.
712 5498 768 5551 p.
797 5481 887 5552 25,
921 5480 1084 5535 Cedr.
1118 5495 1172 5552 p_.
1200 5479 1486 5552 495,7Zon.
1522 5497 1580 5550 p.
1614 5482 1739 5537 151.

524 5553 687 5609 Cont.
714 5550 770 5623 ᾗ).
797 5551 868 5608 25
899 5552 955 5606 in
985 5552 1112 5615 line,
1141 5550 1295 5622 Sym.
1316 5551 1449 5623 Log.
1477 5568 1531 5622 p.
1558 5553 1686 5618 411,
1713 5552 1877 5609 Cedr.

461 5644 512 5680 ε).

338 5665 357 5682 .
389 5623 512 5681 495.

294 5640 599 5820 ρέἆξῗιια
635 5694 922 5766 scriptum.
972 5690 1269 5748 Reinesius
1303 5701 1553 5759 annotat,
1576 5693 1673 5766 Γρ.
1700 5693 1890 5748 διαπεο

294 5785 334 5820 ω
372 5783 560 5820 νηκεν.
691 5812 708 5820 -

293 5783 560 5837 φονηκεν.
691 5812 709 5831 ,

371 5838 485 5907 (18)
540 5837 618 5894 Ita
668 5835 957 5908 scriptum,
1002 5852 1125 5893 cum
1165 5836 1391 5893 deberet
1433 5838 1788 5905 εἰργάσαντο.
1826 5868 1890 5878 —-

1988 4846 2151 4904 Cont.
2183 4845 2283 4900 lib.
2310 4860 2350 4900 ιι
2385 4843 2534 4910 ἰηίι.,
2570 4843 2736 4900 Cedr.
2761 4859 2819 4914 p.
2843 4842 2970 4909 496,
3000 4843 3203 4900 Zonar.
3234 4858 3288 4913 p.
3322 4843 3447 4899 184.

2062 4916 2174 4987 (19)
2206 4917 2369 4971 Cont.
2406 4916 2506 4971 lib.
2537 4916 2749 4987 "init.,
2772 4915 2912 4969 Zon.
2942 4914 3345 4987 p.7135,rCiedr.
3376 4929 3435 4987 ρ.
3460 4915 3592 4987 195.

1989 4984 2302 5061 Ξγιιιζῐιοεζ.
2333 4985 2866 5061 4H_.-_—-__Scriptum
2898 4985 3049 5061 αὐτῷ
3079 4986 3182 5061 ἑνί.
3208 4984 3432 5061 Notavit
3456 4986 3593 5061 Bei-

1986 5055 2198 5121 nesius,
2232 5055 2330 5129 Γρ.
2380 5057 2519 5129 αὺτὸ
2545 5056 2645 5109 ένι.
2675 5058 2853 5129 Becte
2891 5057 3042 5127 quod
3077 5056 3148 5111 ad
3185 5056 3323 5109 αὑτό
3367 5055 3591 5123 attinet,

1984 5129 2228 5198 pessime
2252 5126 2359 5183 ενι·
2392 5128 2474 5182 ἐνὶ
2507 5126 2648 5183 bene
2673 5127 2863 5182 habet.

2058 5199 2172 5268 (20)
2209 5200 2288 5257 lta
2338 5199 2635 5269 scriptum.
2682 5197 2980 5269 Reinesius
3030 5197 3346 5254 annotavit.
3372 5197 3593 5269 Σαϐϐα-

1982 5270 2104 5340 τεῳ.
2141 5271 2344 5327 Zonar.
2395 5268 2595 5341 p.135
2641 5277 2699 5325 et
2735 5268 2979 5324 Cedreu.
3018 5284 3074 5339 p.
3121 5269 3252 5332 592i,
3298 5268 3598 5338 Συμὸατίῳ

1990 5341 2154 5401 Cum.
2185 5341 2282 5397 lib.
2323 5358 2360 5397 ll
2397 5340 2525 5397 init.
2908 5368 2915 5371 ~
3230 5342 3244 5354 '

2068 5412 2179 5478 (2|)
2226 5411 2392 5467 Cedr.
2426 5411 2579 5482 πρὸς
2607 5410 2709 5482 τῂν
2740 5407 2967 5480 πρώτην
3002 5408 3364 5482 καλουμένην
3405 5412 3592 5480 νῆσον.
3658 5437 3666 5443 -

1989 5482 2301 5538 lli-:mssws.
2337 5483 2407 5553 Et
2438 5481 2585 5551 apud
2618 5481 2878 5553 Nostrum
2909 5481 3128 5553 mallem
3162 5481 3322 5553 πρός.

2062 5553 2176 5624 (22)
2212 5554 2294 5609 Ita
2321 5550 2379 5624 et
2424 5550 2801 5624 Geminuator
2833 5550 3036 5624 _Const.
3073 5550 3346 5619 Porphyr.
3401 5565 3477 5624 p._
3502 5551 3595 5615 18,

1988 5621 2165 5695 negat
2209 5621 2461 5695 proﬁteri
2500 5622 2743 5695 voluisse
2777 5622 2966 5695 ﬁdem.
2996 5622 3178 5695 LVSym.
3209 5628 3396 5675 autem
3456 5621 3594 5695 [.03.

1991 5711 2043 5765 p.
2066 5692 2543 5763 102,‘professum
2587 5692 2745 5761 dicit,
2782 5693 2860 5749 uti
2895 5703 2949 5750 et
2985 5692 3253 5763 Georgius
3281 5693 3598 5748 monachus

1994 5766 2176 5823 initio.
