4128 6434
502 348 643 414 1023

1802 350 2122 411 JOSEPIII
2160 347 2474 411 GENESII

3647 335 3779 405 1024

482 468 730 525 haeresis
784 484 897 524 suae
929 468 1214 541 adjutores
1254 450 1312 524 et
1345 470 1583 542 collegas
1611 468 1666 523 in
1697 468 1956 539 palatium
1993 484 2081 523 as-

2193 465 2414 536 τοιούτῳ
2466 460 2760 517 συνθέσθαι
2796 459 3119 532 βουλήματι.
3156 460 3321 515 Ὅθεν
3358 460 3452 514 καὶ
3497 456 3624 522 τοὺς
3670 458 3776 527 τῆς

503 561 759 630 sumpsit,
808 562 1014 617 victum
1044 562 1111 617 ad
1145 564 1338 617 luxum
1372 578 1547 632 usque
1581 562 1700 617 istis
1728 562 2086 631 peculiariter

503 656 741 727 largiens
777 674 791 709 :
844 673 1085 726 cumque
1126 666 1547 726 cooperatorem
1596 655 1648 708 in
1695 669 1792 708 sua
1835 653 2088 707 doctrina

504 747 809 803 invenisset
854 749 1167 806 Jobannem
1193 749 1632 820 grammaticum,
1683 746 1777 816 qui
1803 755 1859 800 et
1894 746 2088 800 lannes

503 856 571 896 eo
600 842 745 911 quod
808 842 1023 895 veritati
1075 842 1484 903 adversaretur,
1514 840 1661 894 hunc
1694 839 1837 892 inter
1866 837 2087 892 eosdem

505 934 806 1004 cooptavit.
863 935 1078 1000 Quibus
1124 937 1327 989 stultus
1364 934 1457 988 ille
1514 932 1764 987 desertor
1808 931 2091 985 mandavit

506 1036 568 1080 ut
618 1012 881 1079 novitiam
917 1027 1062 1081 illam
1118 1026 1277 1081 fidem
1334 1024 1773 1080 conscriberent.
1843 1023 1917 1078 Ac
1963 1029 2090 1092 post

507 1114 648 1171 duos
689 1115 906 1186 imperii
944 1116 1029 1170 sui
1082 1132 1256 1168 annos
1291 1114 1467 1183 palam
1521 1112 1806 1178 deficiens,
1853 1122 1913 1166 ut
1944 1112 2090 1167 ﬁlius

509 1207 624 1271 Cis,
648 1210 1089 1263 venerandarum
1115 1208 1413 1275 imaginum
1434 1207 1777 1262 eversionem
1797 1222 2089 1277 aggressus

507 1307 612 1355 est.
669 1301 790 1355 Mox
825 1302 989 1355 etiam
1018 1301 1085 1355 ad
1113 1317 1304 1356 omnes
1338 1300 1631 1371 episcopos
1661 1301 1903 1370 scripsit,
1939 1311 1999 1353 ut
2030 1314 2090 1353 se

507 1392 826 1462 Byzantium
851 1393 1186 1457 conferrent,
1237 1394 1431 1448 urbem
1466 1409 1496 1447 a
1524 1392 1936 1463 Megarensibus
1958 1408 2091 1445 con-

508 1484 675 1538 ditam
702 1499 767 1539 ac
824 1485 1085 1557 Byzante,
1132 1501 1257 1541 cum
1295 1484 1363 1539 ad
1412 1501 1534 1539 eam
1567 1484 1909 1540 condendam
1959 1499 2094 1538 con—

507 1574 791 1631 fluxissent.
828 1593 926 1647 per
980 1578 1256 1648 Europam
1296 1578 1550 1647 Carystii,
1578 1577 1858 1648 Mycenzei,
1895 1577 2091 1633 Corin-

509 1667 628 1733 thii,
664 1668 868 1738 aliique
908 1671 1091 1736 tnulti,
1141 1686 1267 1725 cum
1291 1671 1643 1741 philosophis
1670 1671 2088 1726 etrhctoribus.

504 1760 754 1831 Cumque
801 1762 869 1815 ad
922 1762 1319 1833 Propontidem
1361 1763 1605 1833 episcopi
1650 1762 1922 1826 venirent,
1967 1778 2091 1830 per-

2188 556 2458 628 αίρέσεως
2506 554 2658 626 αὐτῷ
2689 554 2987 624 συνεργοὺς
3025 553 3084 605 ἐν
3110 552 3189 620 τῷ
3218 553 3469 624 παλατὶῳ
3526 553 3777 607 ἀποκατ-

2193 650 2448 720 έστησεν,
2483 648 2695 701 δίαιταν
2728 648 2865 718 πρὸς
2888 646 3103 717 τρυφὴν
3123 645 3432 709 ἰδιαζόντως
3445 643 3655 705 τούτοις
3685 643 3783 694 6a-

2189 741 2610 812 ψιλευσάμενος.
2642 739 2755 810 (25)
2788 738 2923 793 Μεθ’
2952 730 3026 791 ὧν
3056 737 3151 789 καὶ
3175 736 3458 808 συνέριθον
3478 735 3579 804 τῆς
3609 733 3781 787 αὑτοῦ

2189 831 2541 894 διδασκαλίας
2581 829 2757 901 εὑρὼν
2802 829 2894 882 τὸν
2937 827 3327 898 γραμματικὸν
3371 827 3650 895 Ἰωάννην.
3689 824 3784 877 τὸν

2193 923 2731 996 καὶ’1αννῆν,(24)διὰ
2745 922 2809 975 τὸ
2820 923 2913 993 τῆς
2929 922 3186 993 ἀληθείας
3199 919 3319 975 ἀντί
3326 922 3548 992 ῤῥοπον,
3567 917 3784 980 τούτοις

2193 1013 2506 1079 συνέταξεν.
2533 1010 2627 1075 Οἷς
2655 1012 3010 1084 νεαροπρεπῆ
3040 1012 3223 1065 πίστιν
3244 1011 3568 1081 νηπιόφρων
3594 1012 3620 1062 ὁ
3647 1009 3787 1061 ἀπο-

2191 1105 2393 1174 στάτης
2428 1104 2758 1173 προστάττει
2816 1102 3264 1173 συγγράψασθαι.
3317 1102 3427 1154 Καὶ
3482 1101 3621 1171 μετὰ
3671 1100 3787 1153 δύω

2190 1195 2415 1264 χρόνους
2473 1192 2584 1263 (25)
2641 1193 2742 1263 τῆς
2796 1192 3074 1261 βασιλείας
3106 1191 3333 1261 ἀναίδην
3367 1193 3782 1261 ὰποστατήσας,

2190 1287 2442 1356 καθάπερ
2477 1287 2505 1337 ὁ
2531 1286 2645 1349 υίὸς
2670 1285 2765 1339 τοῦ
2792 1287 2895 1347 Κὶς
2913 1283 3046 1355 (26),
3076 1285 3174 1355 τῆς
3198 1284 3307 1337 τῶν
3332 1283 3613 1338 σεϐαστῶν
3638 1286 3786 1337 εἰκό-

2190 1397 2298 1431 νων
2333 1380 2733 1450 μετεποιήσατο
2756 1376 3157 1447 καθαιρέσεως,
3195 1376 3448 1429 ἐντεῦθεν
3488 1376 3583 1430 καὶ
3636 1376 3781 1446 γρά-

2190 1470 2299 1538 ψας
2334 1472 2497 1522 παντὶ
2524 1470 2811 1539 ὲπισκόπῳ
2837 1470 3123 1538 καταίρειν
3152 1469 3209 1521 ἐν
3249 1467 3534 1538 Βυζαντίῳ
3565 1467 3644 1536 τῷ
3675 1469 3783 1520 ὑπ’»

2189 1559 2496 1632 Μεγαρέων
2532 1559 2808 1613 κτισθέντι
2840 1560 2934 1613 καὶ
2971 1558 3242 1624 Βύζαντος
3266 1559 3403 1629 (27),
3444 1559 3567 1613 κατ’
3594 1559 3785 1630 Εὐρώ-

2191 1670 2301 1724 πην
2333 1653 2697 1708 συνελθόντων
2723 1656 2864 1725 ὲντῇ
2896 1653 3086 1707 τούτου
3120 1653 3389 1706 πολίσει²²
3427 1654 3782 1722 Καρυστίων,

2191 1746 2530 1818 Μυκηναίων
2558 1748 2653 1800 καὶ
2678 1747 2983 1819 Κορινθίων
3012 1747 3190 1802 ἄλλων
3212 1764 3269 1799 τε
3297 1746 3529 1811 πολλῶν,
3565 1746 3786 1815 φιλοσό-

507 1851 737 1906 missum
791 1853 901 1908 illis
954 1871 1065 1909 non
1113 1864 1198 1909 est
1237 1864 1299 1909 ut
1341 1871 1441 1926 pro
1496 1853 1897 1910 consuetudine
1935 1856 2089 1924 prius

2196 1856 2317 1908 φοις
2348 1838 2466 1909 ἅμα
2487 1840 2582 1893 καὶ
2614 1840 2864 1910 ῥήτορσι.
2900 1839 3013 1892 Καὶ
3050 1838 3113 1907 δὴ
3146 1840 3234 1891 ὅτε
3274 1839 3321 1893 οἱ
3355 1838 3648 1892 ἐπίσκοποι
3671 1842 3785 1901 τοῖς

506 1942 835 1998 accederent
866 1943 934 1998 ad
965 1945 1355 2013 patriarcham,
1411 1946 1507 2001 sed
1544 1945 1611 2001 ad
1640 1948 1818 2016 ipsum
1847 1946 2087 2016 impera-

509 2044 683 2088 torem
714 2034 1065 2091 ducebantur
1094 2046 1149 2091 et
1178 2038 1229 2091 vi
1257 2038 1435 2093 coacti
1469 2038 1833 2108 adigebantur
1864 2048 1925 2093 ut
1952 2054 2088 2094 con-

506 2128 779 2182 sentirent
820 2128 873 2181 in
926 2129 1046 2199 ejus
1104 2145 1328 2200 pravam
1376 2132 1731 2186 sententiam.
1776 2132 1857 2186 Ex
1885 2132 2091 2201 quibus

508 2218 633 2273 illos
675 2221 768 2289 qui
819 2221 871 2277 ei
916 2238 1126 2277 morem
1184 2225 1451 2294 gerebant
1500 2226 1733 2279 comiter
1765 2233 1821 2278 et
1854 2224 2089 2295 benigne

506 2311 839 2380 excipiebat,
889 2328 985 2367 eos
1039 2323 1222 2368 autem
1259 2314 1355 2383 qui
1404 2314 1791 2384 obtemperare
1835 2317 1945 2386 28
1974 2317 2094 2370 nol-

507 2402 625 2457 lcnt
661 2407 839 2458 omnis
859 2405 1079 2474 generis
1114 2407 1465 2461 contumeliis
1495 2408 1888 2473 ulciscebatur,
1926 2409 2090 2463 Chri-

508 2494 815 2549 stianorum
869 2497 1121 2566 dogmata
1166 2516 1263 2568 pro
1294 2500 1470 2555 nihilo
1494 2513 1789 2571 reputans;
1824 2504 2091 2573 quemad—

512 2587 737 2641 modum
766 2588 933 2644 etiam
967 2590 1021 2644 in
1056 2594 1209 2661 pacis
1236 2593 1541 2651 foederibus
1570 2611 1693 2651 cum
1726 2596 1938 2667 llnnnis
1976 2598 2093 2654 bzec

509 2680 883 2747 conturbavit,
942 2684 1051 2739 illis
1095 2686 1319 2754 quidem
1362 2689 1673 2744 attribuens
1707 2699 1926 2745 nostras
1963 2706 2095 2745 eon-

510 2771 855 2839 suetudines,
902 2775 1008 2830 sibi
1064 2789 1249 2833 autem
1301 2787 1358 2834 et
1402 2781 1519 2836 suis
1567 2781 1831 2852 subjectis
1870 2781 2093 2838 illorum

509 2866 886 2922 caeremonias.
926 2868 1105 2938 Atque
1138 2871 1210 2925 ob
1267 2870 1384 2927 haec
1434 2872 1664 2929 fortasse
1712 2883 1870 2930 terrae
1909 2884 2095 2931 motus

511 2956 746 3011 maxime
770 2958 1068 3022 terribiles.
1100 2962 1329 3032 luesque
1367 2973 1423 3018 et
1469 2965 1765 3031 siccitates,
1796 2977 1852 3022 et
1885 2967 2096 3022 inflam-

509 3049 782 3105 mationes
830 3053 999 3117 aeris,
1049 3064 1314 3123 praaterea
1352 3055 1656 3112 seditiones
1687 3058 1741 3111 in
1774 3059 1911 3113 urbe
1942 3060 2093 3115 omni

509 3148 565 3194 et
615 3139 822 3196 ditione
860 3142 930 3197 ab
985 3143 1143 3200 initio
1198 3147 1318 3216 ejus
1364 3146 1479 3201 Deo
1534 3147 1695 3201 invisi
1747 3149 1962 3217 imperii
1998 3166 2097 3219 per

510 3231 716 3287 multos
746 3247 922 3288 annos
950 3234 1171 3289 assidue
1201 3237 1557 3301 exstiterunt,
1586 3237 1723 3307 ipsis
1767 3239 1935 3292 etiam
1979 3240 2095 3295 ele-

511 3325 713 3377 mentis
760 3324 1176 3397 indignantibus
1216 3328 1286 3381 ob
1313 3329 1432 3399 ejus
1462 3329 1688 3384 scelera.
1728 3329 1889 3385 Tales
1934 3340 2096 3386 erant

512 3415 695 3486 impite
754 3420 877 3489 ejus
958 3421 1321 3491 cogitationes
1375 3430 1432 3477 et
1487 3424 1971 3491 machinationes,
2038 3432 2096 3481 et

513 3506 720 3561 durans
752 3524 851 3577 per
880 3526 974 3564 eas
1007 3511 1311 3566 calamitas.

585 3686 858 3740 Caeterum
901 3687 957 3741 in
998 3688 1162 3745 rebus
1185 3691 1415 3745 utilibus
1438 3692 1807 3762 suscipiendis
1829 3693 2098 3750 industria

515 3778 827 3834 incessabili
846 3790 985 3837 erat.
1014 3783 1131 3850 Qua
1156 3784 1321 3838 etiam
1351 3784 1576 3850 factum,
1600 3794 1661 3840 ut
1681 3801 1770 3856 pet
1804 3788 2098 3843 Thraciam

2191 1932 2338 1986 κατὰ
2368 1933 2543 2002 πέραν
2572 1933 2969 2003 προσήγγιζον,
3008 1932 3122 2004 (28)
3170 1932 3231 1986 οὐ
3270 1930 3416 1987 κατὰ
3443 1932 3505 1985 τὺ
3541 1932 3785 2001 εἰθισμέ-

2191 2040 2281 2077 νον
2309 2024 2807 2095 προσεντυγχάνειν
2837 2024 2882 2057 ”
2912 2021 2990 2093 τῷ
3018 2022 3337 2096 πατριάρχῃ
3373 2023 3620 2093 ἠφίεντο,
3649 2022 3786 2076 ἀλλὰ

2191 2118 2327 2190 πρὸς
2359 2118 2522 2172 αὐτὸν
2548 2118 2745 2189 ἤγοντο
2774 2119 2868 2170 καὶ
2890 2117 3117 2180 ἄκοντες
3142 2117 3482 2170 συνευδοκεῖν
3505 2116 3583 2186 τῷ
3616 2133 3786 2170 κακο-

2191 2211 2328 2282 δόξῳ
2364 2212 2677 2282 φρονήματι
2705 2210 3001 2275 ἐϐιάζοντο.
3068 2203 3170 2264 ’Ὧν
3209 2208 3321 2281 (29)
3370 2209 3497 2274 τοὺς
3546 2209 3784 2281 πειθαρ-

2192 2303 2425 2374 χοῦντας
2467 2303 2618 2374 αύτῴ
2659 2304 3049 2373 προσηκούσης
3107 2303 3260 2372 ἠξίου
3316 2303 3785 2374 φιλοφρονήσεως,

2193 2396 2322 2460 τοὺς
2356 2396 2472 2467 (50)
2507 2397 2562 2450 δὲ
2596 2396 2670 2467 μὴ
2708 2396 3066 2466 πειθομένους
3124 2396 3367 2450 αίκίσεσι
3412 2397 3786 2461 παντοδαπαῖς

2193 2488 2527 2560 διημείϐετο,
2581 2488 2650 2541 τὰ
2695 2488 3037 2558 Χριστιανῶν
3081 2488 3213 2560 παρ’
3247 2487 3402 2541 οὐδὲν
3432 2487 3787 2559 θεσπίσματα

2193 2581 2567 2652 λογιζόμενος,
2593 2582 2669 2645 ὡς
2698 2582 2860 2652 δῆθεν
2891 2579 3005 2652 (δι)
3041 2581 3135 2634 καὶ
3178 2583 3297 2645 ταῖς
3328 2581 3466 2651 πρὸς
3504 2583 3631 2643 τοὺς
3652 2580 3777 2635 Οὕν-

2196 2691 2321 2737 νους
2351 2674 2660 2743 εἰρηναίαις
2689 2673 2997 2744 συμϐάσεσι
3022 2672 3196 2726 ταῦτα
3239 2673 3516 2744 συνέχεεν,
3552 2673 3788 2739 ἐκείνοις

2202 2767 2299 2837 μὲν
2328 2767 2549 2831 ἀναθεὶς
2576 2765 2916 2837 ἐργάσασθαι
2939 2765 3010 2819 τὰ
3031 2767 3277 2837 ἡμέτερα
3322 2766 3572 2832 εἰωθότα,
3605 2764 3787 2836 ἑαυτῷ

2197 2857 2253 2911 δὲ
2288 2858 2382 2912 καὶ
2413 2860 2527 2922 τοῖς
2561 2857 2654 2911 ὑπ’
2688 2859 2857 2915 αὐτὸν
2883 2858 2951 2911 τὰ
2984 2858 3210 2911 ἐκείνων
3251 2858 3669 2929 θρησκεύμιτα.
3705 2858 3788 2911 Δι’

2199 2939 2273 2999 ὧν
2297 2950 2439 3017 τάχα
2470 2949 2688 3017 σεισμοὶ
2718 2947 3149 3018 φρικωδέστατοι
3202 2946 3382 3016 λοιμοί
3435 2964 3492 3000 τε
3523 2945 3637 3017 (52)
3690 2946 3788 3000 καὶ

2201 3039 2512 3112 αὐχμηρίαι
2542 3039 2639 3092 καὶ
2666 3038 3041 3107 ὲκφλογώσεις
3064 3038 3247 3109 ἀέρος,
3287 3039 3425 3109 πρδς
3455 3038 3664 3101 τούτοις
3690 3040 3787 3092 καὶ

2202 3130 2455 3201 ἐμφύλιοι
2481 3131 2702 3194 στάσεις
2726 3131 2870 3184 κατὰ
2900 3130 3056 3183 πόλιν
3079 3132 3171 3185 καὶ
3222 3130 3404 3200 χώραν
3440 3130 3640 3192 πᾶσαν,
3682 3131 3788 3200 ἀρ-

2146 3223 2169 3244 ’
2202 3225 2372 3295 χῆθεν
2393 3226 2492 3294 τῆς
2545 3222 2837 3295 θεομισοῦς
2873 3223 3153 3292 βασιλείας
3185 3222 3353 3277 αὑτοῦ
3386 3223 3546 3294 μέχρι
3573 3222 3791 3276 πολλῶν

2204 3318 2415 3388 χρόνων
2447 3318 2768 3388 διήρκεσαν,
2800 3316 2894 3370 καὶ
2946 3316 3126 3370 αὐτῶν
3178 3316 3287 3369 τῶν
3341 3316 3621 3385 στοιχείων
3659 3316 3777 3369 δυσ-

2204 3411 2647 3483 ανασχετούντων
2664 3408 2776 3465 οἷον
2793 3410 2986 3463 τούτου
3015 3411 3127 3473 τοῖς
3152 3414 3323 3462 κακον
3334 3409 3628 3479 ργήμασιν.
3660 3409 3789 3462 Tm..-

2203 3504 2342 3557 αὔτα
2370 3503 2438 3557 τὰ
2470 3503 2612 3557 κατὰ
2666 3502 2988 3556 δυσσέϐειαν
3024 3501 3191 3555 αὑτοῦ
3218 3503 3529 3573 ἐννοήματα
3566 3503 3660 3554 κα)⁵
3693 3518 3789 3554 τε-

2197 3597 2505 3668 χνάσματα,
2534 3598 2631 3651 καὶ
2659 3596 2874 3661 τούτοις
2894 3597 3007 3669 (3'5)
3027 3598 3084 3650 τὸ
3109 3599 3343 3667 ἐπαχθὲς
3376 3595 3693 3667 ὲγχρονίζον
3715 3596 3790 3653 ⁸⁵.

2287 3688 2449 3742 Ἀλλὰ
2479 3690 2577 3745 καὶ
2606 3689 2719 3759 (54)
2754 3689 2891 3761 πρὸς
2934 3689 3044 3742 τῶν
3073 3690 3126 3741 εί
3162 3707 3214 3743 τι
3261 3688 3683 3743 λυσιτελούντων
3705 3688 3782 3740 δι-

2201 3781 2458 3849 έγνωστο,
2527 3780 2842 3851 φιλοπονίας
2895 3782 2995 3835 οὐκ
3048 3781 3281 3852 ἔληγεν·
3338 3781 3404 3835 δι’
3436 3776 3504 3854 ἦς
3552 3780 3690 3835 κατά
3720 3795 3783 3846 γε

514 3870 1022 3943 Macedoniamque,
1082 3876 1248 3931 etiam
1279 3893 1456 3947 usque
1502 3878 1571 3933 ad
1608 3878 1745 3935 fines
1776 3890 1939 3935 terra:
1971 3882 2091 3953 Scy-

2200 3874 2424 3945 Θρᾴκην
2451 3872 2794 3928 Μακεδονίαν
2822 3891 2882 3928 τε
2914 3876 3095 3928 πᾶσαν
3119 3875 3212 3928 καὶ
3244 3874 3350 3938 ἓως
3370 3873 3482 3928 τῶν
3504 3874 3668 3944 ὁρίων
3689 3872 3787 3942 τῆς

518 3961 777 4028 tbarum,
835 3965 1037 4021 multas
1091 3966 1257 4021 urbes
1303 3966 1685 4033 instauraret,
1735 3968 1852 4038 ipse
1910 3970 2095 4024 omnia

512 4055 755 4110 lustrans
808 4072 932 4112 cum
982 4060 1317 4117 militaribus
1357 4061 1571 4131 copiis,
1621 4069 1684 4115 ut
1735 4069 1793 4117 et
1849 4061 2093 4115 hostium

515 4146 860 4204 incursiones
911 4161 1189 4207 averteret
1239 4162 1296 4205 et
1345 4153 1775 4208 instaurationes
1816 4153 1885 4207 ad
1929 4153 2095 4207 ﬁnem

511 4241 804 4298 connnode
836 4243 1175 4313 perducendi
1216 4244 1533 4301 facultatem
1566 4252 1877 4315 praestaret.

2204 3966 2429 4022 Σκυθῶν
2452 3968 2554 4037 γῆς
2588 3967 2774 4031 πόλεις
2803 3967 3161 4031 ἀνενεώσατο,
3203 3968 3366 4030 αὐτὸς
3396 3964 3641 4021 ἐπελθὼν
3694 3967 3790 4018 σὺν

2206 4058 2556 4131 στρατιώτισι
2607 4061 2652 4095 ⁸⁸
2704 4058 3001 4129 φάλαγξιν,
3057 4060 3205 4123 ὅπως
3258 4060 3356 4121 τάς
3414 4076 3475 4110 τε
3518 4056 3789 4126 πολεμίων

2204 4153 2432 4223 ἐφόδους
2458 4152 2782 4222 ὲκτρὲποιτο
2803 4152 2900 4206 καὶ
2930 4154 3050 4213 ταῖς
3069 4151 3274 4206 τούτων
3306 4153 3627 4214 ἐπισκευαῖς
3654 4166 3783 4222 παρτ

2203 4246 2316 4316 έχοι
2347 4247 2410 4299 τὸ
2436 4246 2819 4316 εύπεράτωτον
2842 4245 2976 4316 (55).

1792 4336 2025 4393 VARIIE
2068 4336 2366 4396 LEC'I‘ION
2378 4338 2480 4394 ES.

571 4433 617 4464 “
649 4432 870 4505 πολήσει
896 4432 961 4489 L.

1054 4436 1099 4469 ”
1129 4436 1589 4506 προεντυγχάνειν
1616 4434 1679 4489 V.
1760 4434 1807 4466 “
1837 4437 2167 4505 ἐγχρονίζων
2197 4435 2259 4491 L.
2322 4438 2368 4468 ³⁵
2399 4434 2769 4506 στρατιώτησι
2805 4432 2867 4487 [ι.

1635 4553 1881 4609 S'I'El’ll.
1915 4553 2260 4611 BICRGIERI
2334 4553 2573 4610 ΝΟΤᾹΞ.

586 4646 698 4718 (23)
728 4644 891 4702 Cont.
922 4663 974 4718 p.
1005 4647 1094 4702 90.

583 4717 887 4840 .Cont.
926 4717 967 4774 l.
1000 4735 1074 4784 c.,
1103 4718 1252 4791 Sym.
1297 4719 1429 4791 Log.
1456 4736 1511 4790 p.
1547 4721 1669 4822 403,
1696 4720 1897 4793 Georg.
1938 4739 2087 4777 mon.

555 4830 566 4839 .
598 4806 722 4841 θυι.
1599 4819 1603 4822 ’

512 4806 546 4859 p
585 4860 698 4918 (25’)
742 4860 981 4928 Χρὸνους
1012 4876 1111 4930 pro
1147 4862 1328 4923 annis,
1361 4861 1508 4930 quod
1559 4860 1965 4918 inconsiderate
1995 4879 2093 4917 ne-

512 4939 603 5002 gat
634 4930 1009 5002 Ritterhusius
1038 4933 1183 4986 uotis
1205 4933 1270 4986 ad
1300 4933 1661 5002 Pythagoram
1690 4933 1884 4987 Malchi
1913 4950 1964 5002 p.
1997 4935 2088 4986 2'2.

514 5001 822 5073 Reinesius.
849 5001 943 5056 Sic
970 5002 1290 5073 Eustathius
1316 5001 1616 5073 derlsmen.
1654 5004 1749 5057 lib.
1779 5021 1853 5068 γι,
1884 5001 1939 5073 ρ.
1971 5004 2086 5057 116.

513 5070 649 5143 Vide
679 5080 736 5125 et
771 5081 932 5143 notas
973 5073 1038 5125 ad
1084 5074 1215 5127 Lex.
1254 5072 1349 5126 Gr.
1383 5072 1582 5128 Suidas
1617 5075 1792 5137 Γάϊος,
1829 5070 1966 5143 μετὰ
1998 5073 2091 5127 δύο

513 5140 741 5209 χρόνους
776 5142 977 5205 ὲκστὰς
1017 5146 1114 5212 τῆς
1145 5145 1492 5212 ἀνθρωπίνης
1519 5145 1757 5212 φύσεως,
1784 5140 1892 5199 etc.
1916 5143 2091 5199 ΟιΕΛ-

512 5226 633 5285 atus
654 5219 767 5285 aut
792 5212 1003 5285 Bosms.
1026 5213 1132 5268 Sed
1165 5216 1283 5269 haec
1300 5216 1553 5285 protrita,
1587 5224 1644 5269 et
1676 5215 1815 5285 nihil
1844 5216 2051 5269 notius.

586 5282 697 5351 (26)
736 5282 918 5354 Saulis
950 5282 1377 5353 exemplumfut
1414 5286 1614 5340 Noster
1639 5284 1862 5353 quidem
1914 5286 2089 5354 ponit,

513 5368 707 5425 parum
738 5352 849 5408 huc
876 5352 1143 5423 quadrati;
1171 5356 1501 5425 explicatius
1526 5364 1582 5410 et
1620 5352 1804 5425 aptius
1844 5356 1897 5411 id
1916 5352 2094 5425 ponit

511 5422 713 5494 Georg.
740 5422 1045 5480 monachus
1070 5422 1274 5480 initioI.

588 5494 700 5563 (27)
728 5495 916 5564 Inepta
949 5496 1037 5551 hic
1075 5504 1132 5551 et
1166 5495 1552 5565 intempestiva
1580 5504 1702 5551 erat
1745 5497 2095 5566 parenthesis

514 5564 585 5647 de
607 5566 835 5620 conditu
864 5566 1132 5647 Byzantii,
1155 5577 1217 5621 ut
1222 5564 1359 5647 aliae
1387 5566 1575 5647 plures
1610 5567 1667 5620 in
1705 5564 2091 5647 sequentibus.

517 5635 772 5707 Fortasse
809 5651 876 5707 ex
906 5635 1179 5707 margine.
1216 5638 1354 5693 Cum
1391 5635 1611 5707 interim
1642 5654 1754 5692 non
1785 5635 1981 5694 aliena:
2007 5639 2095 5694 vi-

517 5706 1143 5779 deanturabauctoris
1183 5708 1346 5779 hujus
1390 5706 1636 5779 ingenio.
1676 5709 1774 5765 Est
1820 5718 2005 5764 autem
2038 5709 2094 5763 in

521 5774 622 5850 hac
642 5776 994 5850 ambiguitas.
1014 5774 1345 5850 Nam‘potnit
1368 5774 1551 5850 claudi
1574 5780 1739 5835 etiam
1762 5788 1888 5850 post
1915 5780 2088 5835 mulsi.

522 5842 698 5912 Atque
739 5842 842 5900 hoc
897 5857 1057 5914 pacto
1110 5842 1468 5917 philosophos
1508 5851 1673 5907 etiam
1725 5842 1781 5909 et
1841 5850 2092 5908 rhetoras

2127 4657 2170 4711 D
2198 4651 2599 4707 accersivisset.
2633 4649 2904 4705 Caeterum
2933 4649 2987 4703 in
3020 4648 3212 4703 ϐιτιιοο
3240 4645 3435 4701 nullibi
3456 4652 3587 4700 sunt
3607 4646 3787 4716 posita

2202 4725 2355 4793 signa
2390 4722 2810 4793 parentheseos.

2276 4791 2578 4863 (ρεγςοηι.
2617 4791 2786 4863 Ml:

2273 4861 2386 4928 (‘29;
2416 4862 2579 4917 Cedr.
2613 4878 2666 4931 p.
2697 4861 2822 4915 490.

2271 4933 2382 5003 (50)
2417 4933 2553 4987 Zon.
2589 4949 2641 5003 p.
2676 4933 2769 4985 l5l
2810 4933 2864 4986 in
2900 4932 3027 4994 line,
3067 4948 3184 5003 seq.

2272 5002 2383 5129 ἐξ)
2421 5002 2775 5058 Planittshzec
2798 5004 3163 5058 Continuator
3188 5003 3378 5058 Const.
3407 5003 3612 5072 Porph.
3634 5018 3686 5071 p.
3718 5002 3781 5059 l9

2194 5085 2246 5131 et
2272 5081 2362 5129 ‘20.

2263 5146 2379 5289 (52)
2413 5147 2563 5216 Sym.
2594 5146 2726 5215 Log.
2759 5163 2812 5215 p.
2842 5143 2966 5198 404.

2267 5218 2357 5289 (3.3
2413 5218 2625 5289 Mallem
2663 5218 2768 5289 κᾷν
2801 5214 2966 5289 τούτοί

2267 5214 2379 5288 (53)
2413 5214 2625 5271 Mallem
2663 5214 2773 5288 κᾶν
2801 5214 3029 5288 τούτων.

2272 5284 2383 5360 (54)
2412 5288 2575 5343 Cont.
2622 5302 2675 5356 p.
2713 5286 2795 5341 l9.
2827 5314 2899 5326 -—
2936 5286 3006 5339 Et
3044 5302 3121 5340 τι.
3170 5287 3246 5341 Ita
3294 5285 3588 5356 scriptum.
3637 5284 3782 5339 Puto

2228 5361 2276 5413 ῖς
2303 5375 2378 5413 τι.

2196 5378 2381 5500 “iis;
2420 5428 2500 5483 Ita
2541 5426 2830 5553 scrip‘tum.
2873 5426 3069 5483 Bosius
3119 5427 3494 5498 descripserat
3537 5425 3780 5496 εὐπερά-

2196 5516 2375 5553 τατον.
2430 5498 2613 5553 Ouare
2713 5498 2958 5553 einesins
3002 5499 3292 5553 annotavit
3338 5500 3392 5551 in
3440 5498 3561 5553 eius
3603 5512 3779 5553 mara.

2195 5498 2375 5553 τατον;
2430 5498 2613 5563 Quare
2663 5498 2958 5553 Reinesius
3002 5499 3292 5553 annotavit
3338 5500 3392 5551 in
3440 5498 3561 5567 ejus
3603 5512 3779 5567 marg.

2197 5574 2303 5641 Γρ.
2345 5569 2744 5640 εὐπορώτατον.
2790 5568 3502 5641 Quod_cum_c0ntrarium
3550 5582 3778 5641 sensum

2197 5638 2445 5712 praabeat
2478 5638 2673 5696 eorum
2722 5655 2845 5712 quae
2896 5638 3062 5693 debet
3113 5638 3299 5712 dicere
3335 5648 3548 5699 auctor,
3581 5638 3682 5712 Auti
3724 5647 3782 5691 et

2200 5708 2300 5767 ins.
2335 5712 2522 5774 lectio,
2549 5719 2703 5765 tanto
2741 5708 2906 5781 pejus
2937 5718 3040 5781 est,
3071 5709 3202 5781 quia
3240 5719 3447 5781 temere
3479 5718 3535 5763 et
3575 5708 3778 5781 frustra

2200 5783 2260 5837 fit
2289 5783 2539 5863 mutatio.
2576 5781 2723 5839 Nihil
2748 5777 3110 5837 ’m'utandum'.
3150 5780 3361 5836 Sensus
3395 5780 3595 5846 bonus,
3625 5790 3684 5834 ut
3727 5777 3784 5831 in

2201 5868 2474 5910 VBTSIOIIC.
