4128 6414
330 337 475 405 1025

1670 345 1941 406 REGUM
1979 345 2127 405 LIB.
2174 346 2255 407 II.

3464 348 3603 415 1026

392 451 502 509 Ἦν
529 455 584 510 δὲ
619 454 698 527 τῷ
730 456 871 527 γένει
894 455 1035 510 κατὰ
1064 454 1330 524 συζυγίαν
1377 455 1437 523 ἐξ
1469 457 1773 527 Ἀσσυρίων
1810 460 1904 512 καὶ

2080 461 2211 516 Erat
2233 471 2418 516 autem
2449 462 2614 516 misto
2643 478 2844 531 genere
2866 478 2931 516 ex
2964 462 3203 535 Assyriis
3233 473 3287 520 et
3326 463 3606 523 Armeniis

333 548 638 620 Ἀρμενίων
664 550 928 619 ἅναφυεὶς
955 551 1091 621 ('56),
1119 548 1227 603 τῶν
1261 549 1407 603 ίδίων
1433 549 1545 618 (57)
1571 550 1915 621 γεννητόρων

320 638 814 704 ἔπεξαναστάντων
849 642 896 673 ’⁸
926 642 1126 705 αὐτούς
1157 657 1217 693 τε
1263 643 1786 712 μιαιφονησαμένων
1821 645 1916 696 καὶ

319 731 459 802 πρὸς
487 734 602 796 τοῖς
628 732 740 786 τῶν
791 733 1099 805 Ἀρμενίων
1130 734 1355 805 χωρίοις
1388 732 1499 805 (58)
1547 734 1692 787 κατὰ
1735 751 1916 805 φυγα-

316 822 470 877 διίαν
502 824 994 896 ὲνσκηνωσάντων,
1034 825 1149 895 (39)
1203 827 1429 879 κάκεῖσε
1486 827 1579 880 τὸν
1635 828 1916 899 ἀνήμερον

318 912 466 984 θῆρα
516 919 697 969 τεκεῖν
726 919 807 950 ³⁷·
872 916 932 982 ἐξ
985 911 1062 971 ὧν
1116 919 1433 988 ὲτερογενές
1491 936 1544 972 τι
1632 921 1917 991 τεράστιον

319 1007 755 1079 κεχρημάτικεν.
792 1009 1117 1080 Ἀρμενίους
1136 1008 1195 1063 δέ
1221 1026 1388 1080 φασιν
1425 1009 1485 1077 ἐξ
1514 1011 1778 1081 Ἀρμένου
1804 1009 1918 1081 (40)

319 1098 592 1169 κληθῆναι
625 1100 721 1154 τοῦ
752 1101 861 1155 ἀπὸ
910 1101 1205 1174 Ἀρμενίου
1257 1101 1469 1167 πόλεως
1498 1102 1824 1167 Θετταλίας,
1859 1102 1918 1166 ὃς

336 1190 533 1246 Ἰάσονι
561 1194 1055 1266 συνεστράτευσεν.
1102 1194 1499 1265 Ἐκεκρατηκει
1540 1194 1654 1267 (41)
1685 1196 1744 1248 δὲ
1766 1196 1917 1249 Λέων

320 1282 424 1355 τῆς
450 1284 734 1357 βασιλείας
761 1286 805 1350 ζ’
833 1286 980 1339 ἔτεσι
1008 1285 1105 1340 καὶ
1129 1286 1265 1361 μησὶ
1286 1292 1328 1340 ε’
1355 1286 1500 1341 κατὰ
1522 1286 1661 1341 Θεοῦ
1692 1288 1917 1358 ὑψίστου

320 1375 587 1448 ιμμανῶς
616 1378 1024 1450 αὑχησὰμενος.

2016 565 2201 619 natus,
2237 555 2330 625 qui
2368 556 2424 609 in
2456 558 2714 625 preprios
2744 564 3006 625 parentes
3031 557 3450 612 insurrexerant
3477 574 3604 614 eos-

2017 666 2126 718 que
2158 650 2555 703 interfecerant
2585 658 2751 718 atque
2783 649 2836 702 in
2866 649 3255 704 Armeniorum
3295 650 3502 708 ﬁnibus
3543 652 3600 707 in

2016 742 2215 797 exsilio
2270 740 2677 803 habitaverant,
2732 741 2825 795 ubi
2875 742 3294 799 immansuetam
3332 745 3475 801 hanc
3504 747 3605 802 be-

2018 833 2182 887 stiam
2210 841 2542 902 genuerunt.
2579 831 2689 902 29
2746 834 3039 889 Armenios
3090 846 3275 891 autem
3330 840 3488 893 aiunt
3536 841 3606 894 ab

2018 926 2263 981 Armeno
2322 926 2563 995 quodam
2625 940 2829 990 nomen
2897 928 3181 997 accepisse
3225 945 3295 983 ex
3344 930 3607 988 Armenio

2016 1017 2316 1074 Thessaliae
2340 1018 2567 1089 oppido,
2603 1020 2698 1089 qni
2721 1020 2909 1075 Jasoni
2943 1021 3140 1077 luisset
3165 1038 3354 1078 eomes
3381 1026 3608 1095 expedio

2016 1111 2206 1165 tionis.
2259 1112 2463 1166 Tenuit
2506 1121 2692 1166 autem
2723 1112 2835 1168 Leo
2868 1115 3167 1183 imperium
3196 1126 3406 1186 septem
3449 1118 3611 1172 annis

2012 1208 2071 1254 et
2098 1200 2343 1269 quinque
2365 1200 2669 1266 mensibus,
2684 1215 2815 1272 erga
2841 1202 3012 1257 Deum
3040 1204 3372 1259 altissimum
3403 1206 3609 1262 furiose

2016 1292 2281 1347 insolens.

1618 1498 1852 1556 νΑιιιΑυ]
1893 1498 2300 1557 LECTIONES.

394 1612 442 1642 ’⁸
475 1610 952 1678 ἐπεξανιστάντων
978 1615 1042 1671 L.
1117 1616 1163 1648 "’
1198 1616 1470 1672 τεκόντων
1498 1616 1559 1675 Β.

1482 1733 1568 1791 ST
1578 1732 1733 1788 EPll.
1767 1728 2115 1786 BERGLERI
2156 1729 2388 1785 ΝΟΤᾹΞ.

385 1840 502 1917 (36)
555 1842 828 1914 Loquitur
875 1844 1063 1917 inepte
1110 1855 1167 1902 et
1211 1845 1555 1917 imperfecte.
1607 1846 1722 1901 Hoc
1764 1845 1904 1917 vult,
1939 1852 1980 1907 Β
2013 1844 2085 1898 bo
2117 1843 2212 1917 lib.
2244 1860 2320 1899 χι.
2352 1844 2459 1901 Sed
2486 1845 2567 1917 ab
2595 1860 2665 1900 eo
2714 1846 3032 1902 Armeniam
3065 1849 3481 1908 denominatam
3516 1855 3603 1911 in-

314 1912 809 1994 hebnisparentes
828 1912 1185 1994 cum—essent
1217 1912 1421 1994 partim
1454 1917 1667 1991 Assyrii
1702 1915 1906 1987 partim

314 1984 590 2050 Armenii,
622 2001 752 2041 suos
780 1995 1037 2056 parentes
1063 1984 1429 2055 interfecisse,
1469 1984 1582 2044 etc'.

387 2055 500 2120 (57)
532 2058 639 2123 Γρ.
672 2055 937 2127 ἀναιρυεὶς
969 2058 1090 2112 ἀντὶ
1125 2058 1235 2111 τῶν
1275 2058 1419 2112 ίδίων
1454 2061 1539 2114 vel
1571 2057 1664 2111 ἐπὶ
1693 2056 1802 2109 τῶν
1836 2056 1903 2111 ίδ.

312 2126 628 2181 Βιιαεειυε.
660 2127 827 2182 Plane
854 2138 912 2183 et
952 2127 1123 2184 intem

310 2204 487 2254 ctura:
541 2197 597 2250 in
644 2197 768 2253 loco
814 2213 968 2254 sano.
1006 2229 1077 2240 —

313 2282 464 2337 mon,
495 2284 547 2337 p.
577 2267 702 2333 502,
729 2269 854 2323 505.

386 2336 505 2414 (2’18)
531 2338 610 2414 Ita
644 2340 936 2414 scriptum.
968 2339 1182 2414 Mallem
1204 2341 1395 2414 ὁρίοις.

397 2407 513 2482 (39)
546 2409 699 2482 Sym.
731 2407 863 2482 Log.
899 2426 954 2481 p.
990 2410 1120 2468 402.

387 2478 837 2551 (40)Armenum'
882 2478 1177 2551 quemdam
1219 2483 1358 2538 urbe
1406 2482 1689 2539 Thessalia
1710 2481 1905 2537 oriun-

313 2548 450 2605 dum
481 2548 607 2605 eum
638 2550 837 2607 Jasone
866 2548 934 2607 ad
968 2552 1205 2610 Colchos
1232 2555 1521 2626 navigasse
1550 2553 1718 2608 tradit
1745 2552 1902 2608 Stra—

1202 2129 1357 2183 stivae
1389 2139 1446 2185 et
1484 2130 1686 2199 ineptae
1717 2128 1907 2199 conje-

1160 2207 1278 2255 ont.
1322 2199 1445 2256 init.
1479 2197 1656 2266 Ιίῢξι,
1702 2197 1904 2269 Georg.

1418 2723 1461 2730 υ-

2009 1914 2319 1994 cogitanter
2364 1916 2563 1971 scribit
2593 1927 2827 1994 auctor.
2871 1918 2964 1994 _lta
3004 1930 3186 1994 tamen
3234 1933 3290 1994 et
3324 1926 3415 1979 alii
3464 1942 3607 1994 quos

2011 1994 2143 2039 tunc
2171 1985 2421 2058 nondum
2452 1988 2633 2058 potuit
2660 1987 2955 2044 Reinesius
2992 1990 3201 2045 videre.
3230 1993 3384 2049 Meus
3411 1985 3599 2052 Chro-

2006 2072 2165 2140 nogr.
2201 2056 2425 2140 Graecus
2454 2056 2572 2140 ins.
2602 2074 2775 2140 genus
2802 2059 3014 2140 Leonis
3042 2064 3264 2116 Armeni
3306 2080 3335 2118 ε,
3366 2070 3606 2134 posteris

2006 2125 2249 2202 ﬁlibrnm
2285 2125 2681 2202 Sennacherio,
2721 2131 2832 2202 qui
2856 2132 3188 2202 interempto
3218 2125 3376 2202 patre
3406 2136 3458 2190 in
3491 2146 3604 2192 ter-

2005 2212 2121 2251 ram
2160 2198 2360 2252 Ararat
2388 2200 2475 2253 vel
2510 2199 2566 2253 in
2622 2198 2922 2265 llaerini,
2959 2202 2997 2257 i.
3027 2198 3165 2257 efin
3198 2198 3459 2260 nwntana
3498 2210 3601 2263 Mi-

2004 2266 2222 2344 njadis,
2252 2268 2629 2340 profugerant,
2657 2274 2728 2344 de
2762 2272 2966 2344 quibus
3003 2274 3067 2329 IV
3098 2276 3235 2344 Reg.
3268 2292 3380 2339 XIX,
3412 2278 3503 2333 ⁸57.
3534 2310 3606 2321 -

2004 2337 2158 2406 (Duze
2196 2337 2292 2393 aut
2341 2337 2453 2394 tres
2503 2357 2668 2396 voces
2702 2337 2917 2398 detrita:
2953 2343 3058 2415 legi
3111 2337 3438 2419 neﬁueunt.)
3470 2349 3605 2404 Βει-

2002 2423 2123 2464 μεθ.

2075 2479 2189 2548 (Η)
2218 2479 2298 2535 Ita
2329 2481 2620 2562 scriptum.
2650 2482 2946 2562 Reinesius
2967 2493 3151 2541 tamen
3179 2504 3266 2555 rp.
3305 2488 3603 2562 ἐπικεκρα-

2002 2549 2185 2621 τήκει,
2221 2559 2423 2621 praeter
2444 2549 2870 2609 necessitatem.

1598 2816 2185 2905 ΒΑΣΙΛΕΙΩΝ
2260 2819 2374 2903 B'.

1353 3004 1513 3059 ΠΕΡΙ
1577 3006 1719 3059 ΤΟΥ
1780 3005 1864 3058 ΕΞ

1924 3005 2237 3060 ΑΜΟΡῘΟΥ
2264 3003 2565 3059 ΜΙΧΑΗΛ.

1425 3254 1837 3344 REGUM
1924 3252 2273 3340 LIBER
2356 3250 2496 3339 Ιῐ.

1492 3452 1581 3507 DE
1602 3450 1957 3510 MICIIAELE
1984 3448 2391 3508 AMOBIENSI.

400 3690 460 3744 '0
492 3690 548 3744 δὲ
574 3688 793 3762 Μιχαὴλ
821 3690 878 3744 ἐν
906 3688 1020 3744 ἔτει
1057 3688 1232 3765 ,ςτκίγ
1282 3691 1417 3763 (42),
1472 3692 1772 3747 namnam
1820 3692 1903 3757 ιδ’,
1932 3698 1976 3756 c
2080 3690 2191 3761 30
2231 3690 2407 3744 Porro
2430 3684 2663 3742 Michael
2695 3699 2844 3742 anno
2867 3682 3060 3739 mundi
3099 3682 3280 3766 sexies
3314 3683 3611 3739 millesimo

315 3781 452 3854 παρ’
470 3780 665 3835 ἐλπίδα
688 3780 805 3853 (45)
832 3781 893 3847 ἐξ
922 3783 1149 3853 εἱρκτῆς
1176 3782 1536 3854 αὐτοκράτωρ
1568 3782 1635 3855 (ὦ
1658 3784 1754 3836 τοῦ
1779 3784 1911 3836 Dati-

316 3891 489 3943 ματος
507 3874 560 3943 !)
589 3873 951 3946 ἁνηγόρευτο,
971 3874 1050 3945 τῷ
1076 3891 1133 3927 τε
1155 3875 1421 3945 βασιλικῷ
1453 3875 1629 3946 Ορόνῳ
1648 3876 1907 3947 καθίδρυ-

312 3984 406 4020 ται
424 3965 507 4020 ἔτι
522 3968 640 4030 ταῖς
660 3966 1046 4039 σιδηροπέδαις
1065 3967 1560 4037 ὲπιδεσμούμενος·
1580 3960 1627 4036 ᾧ
1650 3968 1907 4038 προσίασι

313 4059 520 4123 πάντες
548 4060 597 4113 οί
628 4059 942 4129 ἐντυχόντες
971 4059 1109 4130 (44),
1141 4058 1317 4111 καὶτὸ
1341 4058 1506 4122 σέϐας
1530 4060 1909 4131 προσκυνητὸν

314 4153 712 4225 ἀπονέμουσιν.
770 4153 1108 4225 Παμπόλλης
1161 4148 1255 4206 οὖν
1305 4151 1454 4218 ὥρας
1484 4152 1903 4223 παρῳχηκυίας,

318 4250 415 4300 καὶ
470 4247 568 4317 τῆς
621 4245 833 4309 κλειδὸς
876 4244 1123 4318 ἀπούσης
1159 4245 1234 4318 μὴ
1300 4238 1509 4299 τούτων
1563 4243 1909 4312 ἁνεπτυγμέ-

317 4356 445 4401 νων,
501 4338 757 4409 Ἰωάννης
780 4339 807 4392 ὁ
825 4338 889 4390 ὲκ
907 4338 1100 4405 γένους
1147 4336 1509 4405 Ἐξαὸουλίων
1536 4334 1736 4389 καὶτοῦ
1786 4335 1910 4407 δρό-

320 4447 425 4501 μου
446 4429 560 4501 (45)
592 4432 719 4494 τοὺς
747 4429 942 4499 λόγους
968 4430 1277 4499 τηνικαῦτα
1324 4429 1495 4494 τιθεὶς
1519 4431 1633 4493 τοῖς
1672 4428 1907 4499 παροῦσι

316 4521 525 4595 ταύτην
570 4521 961 4594 ἑμυστολέκτει
1014 4522 1434 4593 τεταμιεῦσθαι’
1453 4521 1642 4594 ἐσθῆτι
1663 4525 1731 4594 τῇ
1761 4521 1907 4574 ἐνδο-

318 4614 469 4669 τάτω
516 4614 612 4668 τοῦ
668 4613 1058 4684 φονευθέντος,
1111 4613 1180 4667 δι’
1218 4608 1285 4686 ἧς
1320 4612 1376 4666 αἱ
1433 4613 1590 4669 πέδαι
1650 4614 1908 4668 ἀποδεδέ-

320 4723 583 4778 σμηνται.
644 4706 915 4779 Ἑϐδόμης
966 4706 1025 4761 δὲ
1071 4705 1224 4779 ὥρας
1277 4706 1625 4779 διατελούσης
1646 4707 1836 4762 ἄπεισι
1863 4708 1908 4740 ³⁸

318 4800 543 4873 Μιχαὴλ
571 4800 827 4871 βασιλεὺς
851 4799 931 4872 τῷ
961 4800 1207 4872 μεγίστῳ
1235 4800 1349 4872 ναῷ
1383 4799 1495 4872 (46)
1532 4802 1629 4855 σὺν
1658 4800 1777 4872 ἅμα
1796 4805 1909 4866 τοῖς

315 4895 606 4967 δεδρακόσι
628 4893 691 4947 τὸ
712 4894 991 4964 τόλμημα,
1005 4892 1105 4964 τῆς
1126 4892 1277 4957 θείας
1298 4892 1654 4963 τελεταρχίας
1671 4893 1909 4962 ἀξιωθῆο

319 5003 431 5050 ναι,
466 4986 591 5057 μηδ’
620 4985 760 5049 ὅλως
797 4986 935 5057 μήτε
963 4984 1041 5054 τῷ
1073 4984 1232 5057 δήμῳ
1259 4985 1621 5056 δειματωθεὶς
1655 4988 1796 5057 μήτε
1827 4987 1907 5059 τῷ

324 5080 547 5151 δείματι
576 5079 672 5133 τοῦ
698 5079 837 5133 Θεοῦ
869 5078 1334 5151 κατερυθριάσας,
1369 5077 1485 5150 (47)
1521 5078 1659 5133 ἀλλὰ
1706 5078 1909 5152 τεθαρ-

323 5172 511 5245 ρηκὼς
542 5173 779 5245 μάλιστα
807 5173 901 5227 ὲπί
931 5190 992 5228 τε
1023 5174 1138 5237 τοῖς
1172 5172 1381 5237 λοιποῖς
1409 5172 1793 5243 συναντήμασι
1814 5176 1909 5227 καὶ

2016 3782 2410 3838 trecentesimo
2464 3779 2732 3834 vicesimo
2793 3792 2964 3842 nono,
3025 3775 3331 3831 indictione
3392 3775 3613 3834 decima

2012 3883 2230 3945 quarta,
2262 3886 2466 3943 praeter
2495 3887 2651 3942 spem
2682 3885 2751 3926 ex
2790 3883 3016 3924 carcere
3065 3868 3369 3939 imperator
3408 3874 3465 3936 (ο
3492 3883 3607 3922 rem

2012 3966 2345 4035 mirandam)
2392 3964 2703 4035 appellatur
2727 3970 2785 4017 et
2825 3962 2882 4016 in
2930 3960 3293 4030 imperatorio
3323 3960 3465 4014 solio
3495 3961 3610 4014 col-

2013 4059 2228 4113 locatur
2278 4057 2463 4111 adhuc
2511 4052 2877 4125 compedibus
2910 4052 3153 4107 vinctus.
3194 4050 3275 4105 Ad
3312 4066 3479 4121 quem
3514 4067 3608 4106 ac-

2015 4152 2225 4208 cedunt
2264 4164 2459 4206 omnes
2489 4148 2585 4220 qui
2609 4147 2842 4202 aderant
2865 4153 2924 4201 et
2962 4144 3309 4200 adorationis
3336 4143 3605 4198 honorem

2012 4244 2294 4300 deferunt.
2354 4242 2524 4297 Multo
2578 4249 2766 4295 autem
2816 4237 2997 4308 spatio
3045 4237 3236 4307 elapso
3265 4250 3392 4289 cum
3434 4237 3607 4290 clavis

2011 4353 2122 4393 non
2205 4336 2425 4392 adesset
2497 4342 2555 4389 et
2612 4330 2912 4403 compedes
2972 4344 3084 4384 non
3153 4334 3342 4382 essent
3385 4326 3605 4389 solutae,

2010 4430 2294 4488 Johannes
2346 4427 2416 4483 de
2478 4425 2735 4497 prosapia
2790 4421 3224 4486 Exabuliorum,
3278 4428 3410 4473 tunc
3463 4426 3605 4472 tem-

2012 4524 2167 4595 poris
2223 4536 2423 4578 cursus
2485 4518 2698 4590 puhlici
2757 4516 3078 4588 logotheta.
3133 4514 3203 4569 iis
3242 4512 3338 4584 qui
3377 4511 3607 4567 aderant

2012 4615 2280 4675 revelavit
2335 4630 2458 4670 eam
2502 4611 2773 4668 asservari
2834 4610 2890 4665 in
2958 4610 3153 4665 intima
3212 4616 3367 4663 veste
3434 4606 3605 4661 inter-

2010 4710 2180 4767 iecti:
2237 4725 2345 4780 qua
2394 4706 2692 4778 compedes
2747 4705 2940 4760 laxatae
2992 4712 3143 4759 sunt.
3231 4700 3369 4757 Cum
3419 4709 3608 4755 autem

2014 4806 2249 4878 septima
2317 4811 2467 4859 esset
2554 4802 2689 4856 hora
2731 4842 2745 4864 ,
2833 4800 2949 4854 abit
3032 4796 3265 4852 Michael
3333 4796 3389 4850 in
3465 4804 3607 4849 tem-

2014 4900 2168 4971 plum
2277 4898 2578 4952 maximum
2681 4907 2809 4948 cum
2909 4888 3293 4961 patratoribus
3392 4887 3605 4941 facino-

2018 4989 2095 5045 ris
2116 4989 2220 5061 31
2256 5000 2319 5044 ut
2353 4987 2598 5042 divinam
2620 4985 3100 5057 inaugurationem
3123 4980 3430 5051 acciperet;
3445 4979 3608 5050 plane

2019 5100 2123 5140 nec
2175 5082 2364 5154 populi
2409 5090 2560 5136 metu
2606 5095 2710 5134 nec
2742 5079 2939 5133 timore
2978 5076 3074 5131 Dei
3126 5072 3480 5137 absterritus,
3510 5068 3608 5125 sed

2017 5176 2308 5232 conﬁdens
2352 5189 2516 5246 quam
2588 5169 2824 5226 maxime
2878 5183 3004 5223 cum
3046 5167 3168 5222 aliis
3212 5164 3506 5221 eventibus
3544 5175 3611 5216 ac

1579 5309 1812 5367 νΑιιιΑε)
1855 5310 2271 5370 LECTIONES.

394 5407 440 5439 ⁸³
474 5406 632 5463 ἄπισι
661 5406 723 5465 L.

1495 5491 1740 5551 STEPH.
1778 5491 1960 5551 BERG
1970 5493 2128 5551 LER]

400 5611 513 5707 με)
546 5614 866 5707 ξγιιιίηιιοε.
900 5630 956 5686 p.
990 5615 1094 5671 με
1121 5614 1293 5670 habet
1318 5611 1495 5682 ,gna',
1527 5613 1730 5683 Georg.
1758 5626 1911 5672 mon,

336 5687 517 5755 ςτις·’,
552 5687 609 5755 p.
642 5687 770 5742 510.

401 5704 517 5898 Ξῗέἶ
547 5704 770 5839 ἕὲιιῗιᾮξῖ
797 5756 896 5841 lib.
928 5773 966 5812 ιι
1003 5757 1153 5817 init..
1174 5756 1339 5812 Cedr.
1382 5772 1437 5827 p.
1464 5756 1589 5814 1.95.

428 5827 515 5898 ιιι)
546 5828 746 5886 Debuit
771 5829 956 5886 dicere
983 5830 1412 5898 παρατυχόντες.

428 5827 515 5901 ιιι)
546 5828 746 5886 Debuit
771 5829 956 5886 dicere
983 5830 1412 5901 παρατυχόντες.

2189 5494 2420 5553 NOTAE.

2114 5614 2203 5683 55)
2230 5614 2272 5686 Ι.
2307 5630 2359 5669 e.
2387 5614 2479 5685 qui
2508 5624 2630 5670 erat
2652 5613 2945 5684 λογοθέτης
2972 5613 3064 5668 τοῦ
3093 5614 3320 5686 δρόμοι).

2112 5681 2201 5755 46)
2241 5681 2489 5756 ϐοηιξρ.
2522 5686 2611 5749 27,
2642 5681 2808 5741 Cedr.
2840 5681 3027 5755 p.495
3067 5681 3137 5741 in'
3171 5681 3300 5751 line,
3325 5682 3463 5756 πρὸς
3513 5681 3607 5738 τὸν

2023 5755 2199 5828 μέγαν
2229 5757 2328 5828 τῇς
2361 5755 2546 5823 Ἀγίας
2576 5758 2774 5828 Σοφίας
2806 5758 2954 5828 ναόν.

2095 5828 2206 5899 (ιη
2240 5826 2402 5883 Cont.
2442 5843 2498 5896 p.
2532 5828 2622 5891 δυ,
2661 5827 2823 5882 Cedr.
2849 5827 2883 5881 l.
2915 5843 2965 5882 ς.
