4128 6460
493 395 513 457 1
525 390 626 453 02⁸1

1773 377 2084 437 JOSEPHI
2126 373 2434 436 GENESII

3628 356 3766 430 1023

496 503 797 575 praesagiis.
833 512 946 556 tum
993 514 1116 569 quae
1141 499 1189 552 ei
1225 497 1484 568 praedicta
1529 498 1748 553 fuerant
1796 495 1864 548 ab
1891 494 2087 547 Athin-

2194 492 2567 562 προρρήσεσιν
2596 489 2728 555 (i8).
2767 487 2847 540 ἔτι
2900 487 2955 541 δὲ
2994 486 3231 549 καὶτοῖς
3293 500 3767 555 προαναπεῳωνη-

490 611 632 669 gano
699 593 936 663 quodam
996 600 1142 653 vate,
1187 589 1281 657 qui
1331 590 1452 658 ejus
1517 586 1779 655 temporis
1830 584 2084 653 praefecto

492 684 777 739 orientalis
849 681 1132 740 thematis,
1182 694 1306 732 cum
1378 677 1711 730 documenta
1779 677 2083 728 multorum

491 788 790 832 eventuum
818 774 1085 836 dedisset,
1122 771 1270 825 clare
1324 770 1665 823 indicaverat
1689 767 2007 822 Michaclein
2028 777 2086 821 et

492 868 727 920 alterum
777 863 1054 933 quendam
1104 876 1170 914 cx
1216 859 1575 914 inferioribus
1617 858 1873 911 diadema
1906 865 2079 925 gesta-

495 969 704 1021 turum,
767 956 1061 1026 perspicue
1110 954 1436 1008 vaticinans.
1492 952 1675 1016 Quare
1724 951 1779 1004 hi
1826 950 2086 1019 praefecto

495 1064 708 1118 magnae
740 1064 887 1102 cura:
924 1046 1098 1107 fuere,
1132 1054 1193 1098 ut
1240 1059 1472 1113 sponsos
1514 1042 1727 1097 ﬁliabus
1758 1041 1872 1095 suis
1900 1039 2087 1094 conci-

495 1140 679 1191 liaret.
740 1136 883 1189 Huic
935 1135 1119 1203 itaque
1180 1148 1347 1202 scopo
1399 1133 1645 1186 intentus
1701 1139 1840 1186 erat.
1911 1131 2089 1199 Atque

496 1227 816 1297 aliquando,
873 1241 998 1279 cum
1061 1224 1106 1277 is
1144 1224 1239 1292 qui
1306 1239 1496 1278 curam
1553 1222 1962 1276 invitandorum
2022 1220 2088 1273 ad

498 1332 743 1370 mensam
798 1315 982 1375 habet,
1026 1327 1188 1381 quem
1226 1330 1255 1367 a
1297 1313 1536 1366 triclinio
1565 1320 1782 1376 vocant,
1812 1311 2092 1381 ingressus

498 1408 565 1460 ad
593 1423 719 1460 eum
749 1406 1219 1474 consignationcm
1269 1406 1626 1465 ostendisset,
1664 1406 1841 1459 noluit
1890 1405 2092 1458 multos

498 1500 772 1552 interesse
806 1498 1085 1561 convivio,
1109 1499 1233 1551 illos
1261 1498 1409 1552 solos
1436 1513 1625 1552 mensa
1648 1496 1925 1567 dignatus.
1954 1494 2090 1550 Cum

498 1590 666 1659 igitur
717 1589 833 1642 haec
877 1588 1153 1642 instructa
1213 1596 1358 1643 esset
1426 1588 1661 1657 tilizeque
1719 1586 2089 1651 considerent,

493 1679 651 1748 jubet
680 1692 776 1731 eos
811 1692 938 1731 cum
982 1677 1089 1730 illis
1118 1677 1299 1731 locum
1332 1691 1623 1746 occupare.
1654 1676 1757 1742 Qui
1809 1676 2093 1745 inopinato

497 1772 708 1825 honore
760 1768 1130 1837 obstupefacti
1163 1770 1493 1823 accumbere
1543 1779 1889 1823 recusarunt.
1930 1767 2000 1821 At
2049 1768 2093 1821 is

2196 583 2720 651 μένοιςἊθιγγὰνου
2753 586 2798 617 ’⁸
2854 579 3006 650 παρὰ
3061 595 3208 640 τινος
3265 578 3513 646 μάντεως
3538 575 3673 648 (49).
3706 576 3768 639 ὃς

2186 676 2263 745 τῷ
2304 675 2602 743 τηνικαῦτα
2658 672 3003 744 στρατηλάτῃ
3042 672 3086 703 ³⁰
3134 671 3227 723 τοῦ
3257 671 3364 723 τῶν
3404 668 3768 721 Ἀνατολικῶν

2186 768 2243 820 θέ
2256 782 2421 836 ματος
2455 767 2651 836 πεῖραν
2673 763 2923 826 δεδωκὼς
2964 763 3174 815 πολλῶν
3207 763 3531 815 ὰποϐάσεων
3556 759 3770 830 διετρά-

2188 877 2278 912 νου
2311 859 2403 911 τὸν
2443 858 2667 928 Μιχαὴλ
2697 857 2788 910 καί
2846 873 2968 909 τινα
3021 856 3211 922 ἕτερον
3260 854 3368 906 τῶν
3427 853 3766 922 δευτέρων³⁸

2188 950 2773 1020 διαδηματοφορήσειν,
2825 948 2935 1021 (50)
2984 947 3174 1016 σαφῶς
3226 946 3767 1016 ἀπομαντευόμενος.

2202 1043 2420 1113 Ἀμέλει
2467 1043 2693 1105 τούτους
2738 1043 2767 1094 ὁ
2817 1040 3192 1112 στρατηγέτης
3221 1039 3309 1091 διὰ
3346 1039 3620 1109 μερίμνης
3649 1033 3769 1107 εἶχε

2190 1136 2392 1204 πολλῆς
2449 1136 2599 1198 ὅπως
2629 1135 2897 1204 νυμφίους
2932 1135 3052 1193 ταῖς
3080 1129 3274 1183 ἑαυτοῦ
3299 1128 3634 1200 θυγατράσιν
3667 1129 3770 1199 ἀρ-

2194 1226 2439 1294 μόσαιτο.
2510 1226 2784 1297 Ἐξείχετο
2830 1220 2923 1277 οὖν
2968 1222 3064 1275 τοῦ
3104 1222 3349 1275 τοιούτου
3404 1220 3630 1284 σκοποῦ,
3672 1221 3771 1274 καί

2194 1335 2324 1371 ποτε
2356 1319 2452 1371 τοῦ
2491 1319 2591 1389 τὴν
2618 1319 2942 1371 ἐπιστασίαν
2994 1304 3210 1386 ἔχοντος
3245 1312 3353 1367 τῶν
3384 1316 3462 1376 είς
3491 1312 3774 1383 τράπεζαν

2191 1412 2566 1482 κεκλημένων,
2616 1412 2675 1464 ὃν
2722 1410 3039 1482 ἁτρικλίνην
3062 1410 3106 1441 ³¹
3146 1407 3468 1477 φημίςουσι,
3514 1405 3658 1459 κατὰ
3708 1406 3773 1458 τὸ

2192 1504 2311 1567 ἔθος
2339 1506 2600 1569 είσιὸντος
2629 1506 2673 1537 ³³
2702 1504 2851 1575 αὐτῷ
2900 1504 2990 1557 καὶ
3024 1501 3122 1573 τὴν
3168 1502 3386 1572 γραφὴν
3442 1499 3772 1569 ἐμφανίζον-

2192 1614 2303 1663 τος,
2346 1597 2457 1669 (Si)
2490 1598 2764 1650 ἀπείπατο
2797 1597 2906 1649 τῶν
2950 1594 3162 1648 πολλῶν
3196 1594 3295 1663 τῆς
3350 1591 3772 1652 συνεστιάσεως,

2196 1690 2433 1752 ἐκείνους
2462 1690 2516 1742 δὲ
2552 1690 2747 1759 μόνους
2782 1689 2878 1757 τῆς
2910 1686 3190 1757 τραπέζης
3233 1683 3591 1747 καταξιῶσαι.
3621 1682 3773 1736 Ταύ-

2196 1796 2295 1848 της
2322 1778 2452 1846 γοῦν
2476 1778 2982 1849 διευτρεπισθείσης
3017 1776 3242 1831 καὶτῶν
3272 1775 3433 1828 αὐτοῦ
3457 1774 3775 1844 θυγατέρων

497 1862 752 1916 nonnihil
802 1861 1049 1915 ollensus
1122 1862 1304 1931 coegit
1370 1869 1763 1931 postremoque
1821 1861 2090 1930 persuasit

2200 1872 2667 1943 συνεδριασασῶν,
2722 1873 3058 1941 προστάττει
3095 1870 3304 1932 τούτοις
3342 1868 3632 1939 δμοταγεῖς
3681 1883 3777 1935 γεεξ

499 1968 560 2007 ut
620 1953 1032 2007 accumberent.
1082 1951 1370 2007 Hilaritate
1401 1961 1588 2007 autem
1647 1960 1857 2016 exorta,
1907 1960 2090 2036 utpote

2193 1958 2379 2011 νέσθαι
2411 1960 2600 2022 αὐτάς.
2648 1959 2785 2012 mae
2818 1962 2882 2029 τῇ
2938 1959 3333 2028 ἀπροσδοκήτῳ
3391 1954 3773 2026 θαμϐηθὲντες

499 2046 635 2114 ipsis
693 2044 1003 2108 inebriatis,
1062 2045 1231 2098 tradit
1294 2045 1376 2098 eis
1428 2044 1567 2099 tilias
1621 2059 1841 2099 uxores.
1904 2044 1974 2097 At
2019 2043 2090 2097 ill'

2193 2051 2327 2120 τιμῇ
2366 2049 2466 2117 τῆς
2502 2049 2877 2114 κατακλίσεως
2932 2049 3325 2104 ἀπαναίνονται
3355 2063 3368 2077 °
3399 2048 3427 2100 ὁ
3477 2047 3533 2099 δὲ
3562 2047 3773 2099 διακεί-

497 2138 865 2192 :cstuantesad
894 2139 999 2193 hoc
1022 2139 1238 2209 jussum
1264 2139 1545 2207 paulisper
1589 2148 1857 2202 renuunt,
1885 2137 2094 2192 interea

497 2227 878 2299 indignitatem
917 2244 1071 2283 suam
1123 2239 1465 2298 reputantes,
1512 2229 1788 2299 praecipue
1838 2229 2089 2293 Michael,

495 2334 563 2371 eo
604 2319 752 2388 quod
801 2334 868 2372 ex
919 2320 1286 2388 pauperrimis
1337 2327 1483 2374 esset
1529 2328 1685 2373 ortus
1735 2328 1792 2374 et
1840 2321 2092 2374 obscura:

498 2412 663 2464 sortis
721 2412 1084 2481 parentibus:
1114 2412 1211 2466 sed
1244 2420 1424 2466 tamen
1454 2428 1665 2467 morem
1710 2422 1928 2483 gerunt,
1963 2427 2087 2467 cum

500 2511 855 2571 urgerentur.

2196 2158 2356 2211 μενος
2404 2142 2809 2213 ἐπαχθέστερον
2856 2142 3266 2212 κατηνάγκαζε,
3315 2141 3409 2193 καὶ
3454 2139 3773 2192 τελευταῖον

2197 2234 2372 2287 πείθει
2412 2234 2829 2303 κατακλιθῆναι.
2862 2234 2974 2305 (5‘2)
3024 2232 3333 2304 Διαχόσεως
3361 2232 3416 2284 δὲ
3456 2230 3769 2300 γεγονυίας,

2195 2324 2293 2377 ἅτε
2322 2325 2852 2396 κατεμφορηθέντων
2884 2325 3087 2389 αὐτῶν,
3123 2325 3401 2377 ἐπιδίδωσι
3426 2322 3637 2385 τούτοις
3673 2322 3773 2381 τὰς

2195 2414 2503 2486 θυγατέρας
2539 2417 2620 2478 εἰς
2646 2416 2913 2486 γαμετάς.
2941 2417 3005 2469 Οἱ
3036 2416 3094 2469 δὲ
3120 2416 3628 2483 κατιλιγγιάσαντες
3657 2412 3773 2483 (55)

2193 2506 2286 2557 τοῦ
2315 2504 2737 2576 προστάγματος
2761 2507 2896 2576 πρὸς
2928 2507 3026 2577 μὲν
3060 2507 3253 2577 μικρὸν
3281 2504 3774 2575 δυσανασχετοῦσιν

499 2598 556 2650 ὲν
604 2596 779 2666 τούτῳ
822 2598 881 2648 τὸ
933 2598 1063 2668 παρ’
1126 2596 1284 2660 ἀξίαν
1333 2595 1514 2649 αὐτῶν
1571 2595 1934 2665 λογιζόμενοι,
1973 2598 2068 2650 καὶ
2143 2599 2378 2669 μάλιστα
2428 2600 2649 2671 Μιχαὴλ
2702 2600 2791 2655 διὰ
2841 2600 2902 2655 τὸ
2958 2604 3024 2655 ὲκ
3089 2601 3434 2656 πενεστάτων
3498 2600 3773 2671 προῆχθαι

501 2699 594 2748 καὶ
625 2694 721 2763 τὴν
742 2694 909 2763 τύχην
939 2695 1342 2762 ἁνεπιιράντων,
1385 2692 1499 2746 ἀλλ’
1557 2693 1705 2762 ὅμως
1738 2694 2129 2764 πειθαρχοῦσιν
2152 2696 2586 2767 ἐγκελευόμενοι.

572 2790 678 2860 32
723 2789 860 2843 Cum
910 2797 1094 2842 autem
1148 2788 1453 2842 audivisset
1502 2788 1744 2843 Thomas
1776 2788 2099 2845 Michaclcm

504 2882 920 2951 imperatorem,
972 2880 1197 2935 tradunt
1230 2897 1358 2935 eum
1391 2881 1578 2935 statim
1624 2880 1983 2935 rebellionem
2011 2882 2098 2934 in-

504 2975 754 3028 stituisse
817 2974 1049 3027 conllata
1119 2972 1330 3043 ingenti
1383 2973 1669 3027 hominum
1714 2973 2093 3029 multitudine.

501 3067 585 3119 Ab
640 3066 801 3118 initio
855 3063 1004 3119 enim
1042 3062 1186 3117 inter
1219 3078 1277 3117 se
1305 3064 1572 3117 contrarii
1624 3063 1998 3118 dissidebant:
2032 3079 2096 3118 ac

501 3155 733 3209 Michael
766 3153 989 3223 quidem
1014 3162 1134 3208 erat
1168 3154 1267 3208 toti
1286 3153 1649 3207 Orientalium
1694 3155 1921 3209 themati
1946 3171 2087 3225 prte-

2282 2791 2561 2863 Ἀκηκοὼς
2590 2791 2668 2857 δὲ,
2696 2790 2769 2853 ὥς
2792 2807 2959 2861 φασιν
2985 2788 3121 2860 (54),
3156 2791 3185 2842 ὁ
3216 2787 3419 2858 Θωμᾶς
3442 2788 3533 2841 τὸν
3549 2780 3773 2858 Μιχαὴλ

2199 2884 2619 2954 βασιλεύσαντα,
2667 2884 2878 2952 ταχέως
2953 2883 3100 2955 [κατ’
3146 2881 3338 2953 αὑτοῦ]
3401 2881 3774 2952 νεωτερισμὸν

2196 2975 2624 3047 πολυάνθρωπον
2654 2975 3004 3045 ὲντυρεύεται
3029 2975 3147 3027 κατ’
3176 2973 3369 3027 αὐτοῦ.
3399 2974 3511 3044 (55)
3549 2974 3775 3026 ’Λνέκα-

2195 3070 2285 3121 θεν
2317 3067 2426 3137 γὰρ
2479 3068 2729 3138 ἀλλήλοις
2788 3067 3261 3129 ἁντιπεπονθότως
3303 3066 3574 3119 διίσταντο
3604 3082 3617 3094 ·
3653 3066 3770 3136 (56)

2195 3162 2289 3214 καὶ
2310 3162 2337 3213 ὁ
2360 3161 2457 3230 μὲν
2475 3158 2691 3231 Μιχαὴλ
2720 3158 3069 3228 παραπαντδς
3095 3156 3208 3227 (57)
3232 3157 3326 3210 τοῦ
3353 3156 3461 3209 τῶν
3498 3155 3774 3209 Ἀνατολι-

497 3249 696 3313 fectus,
734 3248 829 3302 sed
862 3264 970 3301 non
1005 3262 1197 3315 parum
1245 3246 1467 3300 invidiae
1509 3246 1801 3311 obnoxius,
1846 3262 1973 3302 cum
2017 3247 2089 3301 ob

2194 3252 2306 3305 κῶν
2332 3251 2739 3322 στρατεύματος
2791 3252 3056 3320 ἐτύγχανε
3111 3248 3442 3321 στρατηγὸς,
3469 3249 3566 3319 οὐχ
3607 3246 3774 3317 ἦττον

498 3341 730 3411 patriam
784 3357 906 3408 quae
957 3339 1396 3409 Athinganorum
1430 3339 1847 3394 multitudinem
1896 3338 2097 3405 alebat,

2197 3344 2253 3396 δὲ
2283 3344 2378 3396 καὶ
2408 3343 2695 3412 ὲπίμωμος
2737 3343 2843 3395 ἀπό
2866 3360 2925 3395 τε
2966 3342 3067 3412 τῆς
3099 3343 3356 3415 πατρίδος
3387 3342 3552 3395 αὑτοῦ
3588 3341 3776 3410 Ἀθιγ-

500 3446 562 3486 ιιι
608 3433 855 3497 videtur,
917 3440 1030 3485 tum
1057 3440 1288 3502 propter
1324 3432 1523 3502 lingum
1564 3432 1782 3497 vitium,
1821 3441 1932 3485 tum
1968 3447 2090 3485 vero

2196 3434 2374 3501 γάνων
2406 3432 2517 3503 (58)
2558 3433 2765 3502 πληθὺν
2801 3432 3196 3503 ὲκτρεφούσης,
3225 3432 3301 3495 ὼς
3332 3431 3499 3497 ἔοικε,
3535 3430 3646 3501 (59)
3675 3435 3776 3485 καὶ

497 3524 666 3576 etiam
699 3521 848 3592 quod
878 3538 990 3575 non
1031 3523 1167 3577 satis
1196 3531 1458 3576 strenuus
1484 3538 1549 3576 ac
1588 3523 1747 3577 fortis
1776 3533 2095 3593 putaretur:

500 3615 747 3668 Thomas
780 3626 975 3668 contra
1022 3614 1092 3668 ab
1146 3615 1403 3668 omnibus
1453 3614 1805 3685 diligebatur,
1840 3630 1907 3668 co
1949 3614 2094 3683 quod

500 3704 664 3758 fortis
694 3712 752 3757 et
786 3712 1072 3770 strenuus,
1106 3720 1211 3760 nec
1243 3714 1425 3760 tamen
1456 3718 1567 3759 non
1604 3705 1849 3759 urbanus
1873 3715 1930 3760 et
1960 3706 2095 3758 alla-

498 3795 632 3849 bilis
682 3805 851 3858 esset,
895 3804 1061 3864 atque
1096 3795 1153 3848 in
1186 3796 1354 3849 rebus
1388 3794 1616 3864 Optimis
1644 3796 1829 3851 Leone
1852 3812 1961 3851 non
2006 3797 2093 3849 in-

498 3887 692 3951 ferior,
730 3887 984 3956 quamvis
1002 3902 1207 3959 genere
1236 3887 1301 3942 ad
1333 3887 1564 3959 Scythas
1599 3889 1899 3957 pertinens,
1931 3898 2095 3956 atque

499 3978 729 4047 insuper
786 3993 978 4052 senex,
1033 3990 1089 4031 et
1136 3977 1192 4031 in
1244 3979 1420 4033 altero
1471 3978 1615 4047 pede
1682 3979 1931 4032 mutilus.
1990 3978 2098 4032 Iste

498 4071 689 4140 igitur,
716 4070 1025 4125 conciliatis
1056 4071 1162 4125 sibi
1192 4071 1541 4141 publicorum
1576 4071 1924 4141 vectigalium
1969 4086 2098 4124 exa-

497 4164 770 4229 ctoribus,
823 4165 1030 4232 scripto
1082 4162 1399 4220 vindicabat
1455 4164 1773 4219 exactiones
1833 4163 2083 4227 usitatas,

501 4259 648 4313 unde
708 4259 1098 4328 largitionibus
1162 4259 1220 4313 in
1279 4260 1545 4328 populum
1608 4258 1770 4312 factis
1828 4256 2082 4311 militiam

498 4355 689 4401 contra
744 4347 1068 4402 Micliaelem
1121 4348 1367 4402 roborat.
1408 4348 1581 4403 Nemo
1606 4362 1673 4402 ex
1711 4345 2085 4402 Orientalibus

2195 3523 2279 3576 διὰ
2317 3522 2376 3575 τὸ
2425 3524 2526 3591 τῆς
2580 3521 2827 3589 γλώττης
2876 3521 3170 3591 ἐλάττωμα
3223 3525 3317 3574 καὶ
3365 3520 3427 3575 τὸ
3463 3522 3537 3590 μὴ
3571 3522 3775 3584 ἱκανῶς

2193 3618 2337 3685 ἔχειν
2394 3616 2507 3667 τισὶ
2561 3616 2699 3685 πρὸς
2757 3614 3013 3683 ἀνδρείαν
3058 3614 3529 3685 νομίζεσθαι,ὁδὲ
3563 3615 3773 3683 Θωμᾶς

2192 3712 2326 3761 πᾶσι
2362 3707 2887 3779 φιλοστοργούμενος
2919 3707 3009 3760 διά
3056 3724 3117 3759 τε
3161 3707 3224 3759 τὸ
3259 3704 3617 3779 ἀνδρειὸφρον
3667 3708 3768 3759 οὐκ

2193 3802 2413 3854 ἔλαττον
2469 3802 2563 3854 καὶ
2609 3802 2825 3853 ἀστεῖον
2850 3800 2961 3872 (60)
3022 3799 3116 3853 καὶ
3167 3802 3603 3871 εὐπροσήγορον,
3669 3803 3765 3851 καὶ

2192 3893 2302 3947 τῶν
2334 3893 2447 3964 (61)
2491 3892 2783 3963 βελτίστων
2838 3895 2940 3946 οὑκ
2983 3892 3375 3962 ἐλαττούμενος
3413 3893 3657 3954 Λέοντος,
3718 3892 3767 3942 εἰ

2196 3990 2292 4041 καὶ
2331 3984 2613 4052 Σκυθίζων
2637 3989 2713 4059 τῷ
2744 3988 2917 4056 γένει,
2949 3990 3085 4059 πρὸς
3107 3988 3161 4040 δὲ
3185 3988 3279 4039 καὶ
3305 3985 3534 4055 γηραιὸς
3563 3984 3657 4049 ὣν,
3676 3982 3770 4034 τὶν

2196 4082 2335 4134 πόδα
2369 4082 2683 4152 πεπήρωτο.
2713 4076 2881 4145 Οὗτος
2911 4081 3004 4134 οὖν
3034 4080 3324 4149 κατασχὼν
3356 4078 3468 4147 (62)
3498 4078 3623 4139 τοὺς
3650 4076 3763 4127 τῶν

2189 4170 2464 4239 δημοσίων
2496 4172 2677 4241 φόρων
2710 4170 2920 4232 πάντας
2967 4171 3276 4237 ἀπαιτητὶις
3321 4168 3615 4236 ἐγγράφως
3668 4166 3767 4225 τὰς

2190 4260 2581 4329 νενομισμένας
2641 4259 3021 4330 ἀπεκληροῦτο
3071 4259 3411 4330 εἰσπράξεις,
3442 4259 3500 4324 ἐξ
3532 4251 3607 4310 ὧν
3646 4258 3767 4308 δια-

2189 4352 2358 4421 νομὰς
2395 4353 2453 4404 ἒν
2484 4351 2632 4415 λαοῖς
2663 4352 3030 4421 ποιησάμενος
3072 4350 3475 4422 στρατηγεσίας
3501 4352 3646 4402 κατὰ
3671 4347 3768 4400 τοῦ

1797 4462 2034 4519 νΑΚΙᾸΕ
2066 4465 2474 4524 LECTIONES.

568 4580 612 4609 "
635 4579 914 4648 ἀθιγγάνω
938 4577 997 4633 L.
1078 4580 1122 4610 ³⁰
1158 4579 1515 4651 στρατηλάτεε
1539 4577 1599 4632 L.
1654 4580 1695 4610 ³⁸
1714 4578 1821 4633 τῶν
1851 4579 1890 4629 Β
1912 4579 1974 4645 L,
2011 4581 2119 4636 τῶν
2142 4583 2234 4636 δύο
2259 4583 2321 4637 ν.
2364 4585 2423 4621 ι³²
2448 4583 2694 4656 ἀτρικλίν
2716 4584 2779 4639 ι..
2831 4587 2877 4617 ³³
2901 4584 3121 4638 εἰσιόντι
3150 4582 3212 4648 L,
3244 4601 3273 4637 ο
3297 4598 3458 4655 supra
3482 4603 3498 4635 ι
3536 4581 3765 4650 scripto.

1681 4673 1924 4730 STEPH.
1962 4677 2310 4736 BERGLERI
2372 4680 2603 4739 NOTIE.

566 4768 676 4839 (48)
705 4769 771 4825 Ut
795 4770 1046 4824 monachi
1081 4770 1231 4824 illius
1265 4771 1317 4823 in
1347 4770 1693 4849 Philomelio,
1721 4775 1787 4829 de
1811 4791 1920 4845 quo
1946 4775 2076 4831 init.
2111 4781 2160 4839 D

494 4841 595 4895 lib.
628 4856 667 4892 ι.

567 4908 679 4981 (49)
723 4907 888 4985 (ξομ-ι.
930 4923 987 4977 p.
1168 4908 1267 4985 τὴν
1319 4907 1416 4985 το-ῖξ
1469 4911 1788 4985 Ἀθιγγάνου
1833 4917 2079 4985 μάντεως

496 4978 726 5054 φιυζνὴν..
752 4978 873 5033 Vid.
928 4994 979 5047 p.
1037 4979 1140 5033 155
1167 4978 1327 5054 cont.
1357 4978 1711 5054 Theophanis
1739 4999 1792 5054 p.
1833 4978 1927 5049 '29,
1961 4978 2071 5038 τῶν

875 5062 984 5130 ,τις
1014 5048 1265 5137 1γνωστδς
1300 5050 1396 5137 κα).
1422 5048 1621 5137 οἰκεῖος
1647 5048 2073 5137 τῷστρατηγῷ,

494 5127 600 5173 etc.
633 5118 1258 5191 Ineptissimeloquitur
1285 5126 1341 5171 et
1361 5118 1653 5191 intricate,
1685 5118 1844 5191 quasi
1874 5118 2077 5179 Athin?-

495 5202 635 5257 gano
663 5186 825 5259 alicui
865 5186 1187 5259 praedictum
1232 5188 1399 5242 fuerit
1428 5205 1458 5242 a
1492 5200 1616 5243 vate
1644 5186 1917 5259 quodam;
1948 5213 2072 5250 cum

496 5256 647 5310 vates
679 5256 1231 5329 fueritdAthinganAus
1256 5267 1313 5329 et
1352 5256 1972 5329 p‘rwdixeritprzel‘ecto,
2016 5276 2075 5321 ut

492 5334 710 5379 constat
738 5342 803 5379 ex
847 5327 915 5381 iis
944 5344 1083 5395 quos
1110 5327 1334 5380 adduxi.
1367 5327 1518 5381 Solet
1550 5327 1731 5383 autem
1780 5349 1867 5387 res
1907 5338 2074 5390 etiam

488 5398 637 5450 leves
661 5404 965 5465 tenuesque
1009 5398 1145 5450 mire
1189 5397 1468 5451 involvere
1493 5400 1679 5454 verbis
1711 5402 2077 5461 insolentibus

488 5476 544 5519 et
577 5481 770 5520 eorum
811 5475 1111 5531 structura,
1152 5475 1213 5519 ut
1256 5467 1467 5520 scilicet
1499 5468 1731 5525 lectores
1778 5478 1946 5531 mauis
1979 5477 2077 5529 ad-

492 5493 544 5519 υι
577 5493 770 5520 curuul
811 5493 1111 5531 atrucsuru,
1154 5493 1213 5519 ιιι
1256 5493 1467 5520 acutum.
1499 5493 1731 5525 moturus
1778 5493 1864 5527 ma
1904 5493 1946 5528 t8
1979 5493 2074 5529 aa-

492 5537 753 5589 mirentur
778 5544 1081 5603 amentque,
1119 5537 1345 5589 Inversis
1376 5553 1493 5605 qum
1523 5540 1612 5592 sub
1652 5542 1819 5596 verbis
1851 5493 2074 5598 ﬂuitan-

494 5611 567 5683 tia
597 5615 840 5683 cernunt.
867 5636 933 5646 --
975 5604 1079 5669 Τῷ.
1115 5606 1191 5659 lla
1230 5604 1521 5673 scriptum,
1563 5626 1687 5663 cum
1719 5611 1947 5668 deberet
1979 5631 2073 5683 po-

496 5677 606 5728 tius
637 5676 713 5727 τό.

570 5745 679 5815 (Siti)
707 5744 868 5815 Cedr.
906 5762 957 5815 p.
988 5746 1110 5799 497.

575 5814 683 5881 (51)
708 5814 866 5867 Cont.
894 5814 944 5883 p.
982 5818 1071 5877 29,
1114 5815 1276 5868 Cedr.
1328 5832 1380 5885 p.
1419 5817 1541 5871 497.

2399 4783 2560 4856 βοτη.
2597 4802 2653 4856 p.
2696 4785 2786 4847 29,
2824 4782 2988 4856 Cedr.

2256 4849 2369 4924 (⁷55)
2396 4854 2557 4909 Cont.
2585 4849 2637 4922 ᾖ.
2684 4857 2774 4915 29.
2814 4853 2975 4924 Cedr.
3008 4849 3062 4921 β.
3096 4854 3220 4916 497,
3250 4849 3383 4905 Zon.
3416 4867 3468 4919 p.
3510 4850 3631 4913 I55,
3666 4850 3764 4919 qui

2184 4923 2395 4977 tantum
2419 4924 2487 4979 de
2518 4925 2786 4979 Michacle
2815 4923 3083 4991 loquitur.

2251 4995 2367 5065 (54)
2404 4995 2567 5050 Cont.
2631 5012 2683 5065 p.
2720 4996 2809 5055 55,
2868 4990 3027 5065 Ζοη..
3062 5009 3117 5062 p.
3160 4991 3282 5054 156,
3340 4990 3504 5047 Cedr.
3541 5006 3596 5059 p.
3632 4990 3759 5053 499,

2175 5061 2303 5125 500,
2338 5064 2533 5135 Georg.
2573 5060 2723 5121 mon.
2753 5080 2806 5135 p.
2837 5060 2958 5135 511.

2248 5135 2358 5200 (55)
2387 5132 2550 5205 Colit.
2585 5152 2637 5205 p.
2667 5135 2754 5193 55,
2780 5134 2945 5205 Cedr.
2982 5150 3034 5201 p.

2247 5205 2356 5273 (56)
2379 5204 2540 5259 Cont.
2579 5203 2630 5273 p.
2673 5207 2759 5266 55,
2784 5204 2948 5258 Cedr.
2983 5220 3035 5272 p.
3068 5203 3187 5258 500.

2246 5274 2359 5343 (357)
2383 5274 2460 5328 lta
2494 5278 2784 5343 scriptum.
2834 5276 3025 5328 Potius
3061 5274 3371 5333 διαπαντὸς.

2248 5340 2360 5413 (58)
2388 5345 2549 5398 Uont.
2586 5340 2751 5413 p.27
2802 5353 2857 5396 et
2904 5343 3179 5412 prmcipue
3209 5343 3276 5396 54
3302 5361 3315 5407 ς
3346 5341 3507 5397 Cedr.
3541 5357 3595 5411 p.
3635 5340 3761 5404 49G,

2174 5422 2230 5466 et
2266 5412 2538 5485 praecipue
2573 5412 2674 5467 500
2702 5415 2894 5485 ;7Zon._
2920 5430 2972 5482 p.
3007 5414 3129 5485 lilii.

2248 5484 2360 5551 (59)
2388 5483 2547 5537 Cont.
2592 5502 2643 5552 p.
2675 5484 2763 5545 34,
2787 5482 2953 5537 Cedr.
2987 5500 3039 5551 p.
3071 5484 3194 5535 500.

2253 5553 2364 5620 (60)
2392 5552 2553 5623 Cont.
2586 5571 2640 5623 p.
2673 5554 2761 5615 54,
2793 5552 2957 5607 Cedr.
2984 5569 3036 5621 p.
3072 5553 3195 5605 500.

2250 5624 2363 5688 (61)
2394 5622 2552 5679 Cont.
2586 5620 2647 5692 p.
2678 5625 2747 5677 5'2
2791 5624 2847 5676 in
2889 5620 3016 5679 line.
3043 5631 3097 5677 et
3133 5623 3407 5693 pra-cipue
3454 5623 3518 5676 51
3550 5638 3562 5687 ;
3590 5620 3756 5676 Cedr.

2180 5710 2231 5761 p.
2276 5694 2380 5746 199
2412 5702 2466 5747 et
2496 5694 2637 5756 500;
2668 5694 2799 5745 Zon.
2836 5710 2888 5760 p.
2928 5693 3048 5746 156.

2250 5762 2358 5833 (62)
2396 5763 2557 5818 Cont.
2595 5780 2647 5834 p.
2680 5764 2769 5827 54,
2813 5763 2975 5818 Cedr.
3009 5780 3063 5832 p.
3105 5762 3227 5817 500.

3026 4798 3079 4851 p.
3108 4780 3234 4836 497.
