4128 6416
322 345 461 410 1029

1664 339 1936 403 REGUM
1978 340 2123 401 LIB.
2170 340 2253 401 II.

3476 332 3618 397 1030

318 460 540 532 Μιχαὴλ
562 456 848 531 ἐγκρατῶς
888 454 1219 526 διατίθησιν.
1266 454 1378 525 (65)
1408 453 1594 516 Οὐδεὶς
1616 453 1670 506 δὲ
1697 455 1805 506 τῶν
1854 453 1911 517 ἐξ

2016 451 2440 523 relinquebatur
2463 464 2643 520 neque
2674 464 2738 502 ex
2768 446 3238 512 Occidentalibus,
3280 462 3387 501 non
3416 462 3481 500 ex
3515 447 3613 500 ad-

330 551 629 620 Ἀνατολῆς
653 548 1004 621 ὡρμημένων
1024 546 1455 617 ἀπελιμπάνετο,
1469 547 1589 600 οὐδὲ
1602 548 1700 617 τῆς
1716 547 1909 599 Ἐσπέ-

320 664 425 715 ρας
455 645 649 715 αὐτῆς,
681 643 742 694 οὺ
770 642 880 694 τῶν
913 641 973 708 ἐξ
1004 639 1177 693 ἐθνῶν
1225 640 1533 710 ἐπηλύδων,
1599 641 1701 694 οὐκ
1747 640 1909 693 αὐτο-

321 735 551 806 χθόνων,
608 733 670 785 οὐ
740 730 1147 801 γειτονούντων,
1188 730 1248 783 οὐ
1278 729 1377 800 τῆς
1411 729 1669 797 δουλικῆς
1716 729 1910 799 μοίρας

320 828 447 879 ὅσον
480 823 525 855 ³⁸
550 824 733 893 παρῆν
763 821 1179 892 μισοδέσποτον,
1224 820 1321 890 οὐχ
1377 819 1689 891 ὁλοκλήρων
1713 818 1909 883 ἐθνῶν,

320 918 464 972 κατὰ
500 916 793 989 διαφόρους
821 915 1049 984 καιροὺς
1078 913 1127 966 οἳ
1163 913 1264 966 οὐκ
1310 912 1462 982 αὐτῷ
1484 910 1911 983 προσεῤῥὺησαν

321 1013 417 1065 καὶ
453 1008 794 1073 συνείποντο,
827 1006 877 1059 οἱ
910 1006 1009 1076 μὲν
1033 1005 1177 1059 κατὰ
1203 1005 1329 1076 γῆν,
1357 1006 1406 1057 οί
1432 1004 1487 1057 δὲ
1513 1004 1655 1057 κατὰ
1706 1003 1911 1057 θάλασ-

323 1118 444 1163 σαν,
488 1099 594 1170 νέῳ
636 1097 813 1169 Ξέρξῃ
868 1098 973 1149 κάν
1026 1094 1348 1166 ὀμοπίστοις
1402 1094 1771 1164 ἀναφανέντι,
1835 1093 1911 1155 ὡς

322 1191 578 1245 ἐντεῦθεν
608 1190 704 1244 κα)⁸
732 1189 912 1241 πάντα
945 1186 1016 1241 τὰ
1047 1186 1265 1258 θέματα
1313 1188 1412 1240 σὺν
1437 1189 1550 1248 τοῖς
1581 1189 1912 1257 στρατηγοῖς

323 1281 648 1337 σπένδεσθαι
677 1280 854 1349 τούτῳ
886 1277 1221 1345 συνέϐαινεν,
1252 1278 1366 1350 (64)
1403 1277 1687 1332 ὐλϐιανοῦ
1724 1279 1910 1347 μόνου,

321 1375 417 1429 τοῦ
453 1374 564 1428 τῶν
600 1372 979 1445 Ἀρμενιακῶν
1009 1369 1473 1442 στρατηγοῦντος,
1498 1370 1726 1433 τούτους
1756 1387 1914 1441 περι-

321 1470 495 1529 νοίαις
550 1464 860 1527 ἐπιπειθεῖς
918 1464 1176 1532 ἄγοντος,
1231 1464 1327 1517 καὶ
1387 1463 1691 1518 Κατάκυλα
1718 1464 1763 1496 ³⁵
1818 1462 1913 1516 τοῦ

334 1557 579 1627 Ὀψικίου
610 1555 687 1627 τῷ
725 1556 936 1626 βασιλεῖ
959 1556 1182 1627 Μιχαὴλ
1210 1572 1274 1624 γε.
1311 1558 1756 1629 προσκειμένων.
1804 1552 1914 1610 Καὶ

320 1651 578 1705 τοσοῦτον
608 1648 1050 1713 ἐπολυπλασίαζε
1088 1647 1150 1702 τὸ
1185 1650 1391 1729 πλῆθος
1434 1651 1574 1704 κατὰ
1623 1650 1733 1704 τῶν
1786 1654 1915 1722 ὀμο-

324 1743 529 1813 φύλων,
582 1741 725 1795 ὥστε
756 1741 866 1811 (63)
919 1741 1173 1802 καὶτοὺς
1218 1741 1574 1812 Σαρακηνοὺς
1621 1743 1709 1795 ἐπ’
1726 1742 1912 1807 ἁδείας

323 1835 587 1888 λαϐέσθαι
623 1833 720 1887 καὶ
758 1833 937 1896 πάσας
971 1833 1170 1903 νήσους
1203 1834 1300 1886 καὶ
1353 1831 1539 1904 χώρας
1581 1835 1911 1902 καταληπε-

322 1926 474 1990 σθαι,
512 1924 609 1977 καὶ⁵
666 1920 917 1989 καθέξειν
954 1924 1091 1984 ὅλως
1140 1920 1338 1986 αὑτὰς,
1380 1923 1428 1975 εί
1459 1923 1535 1994 μὴ
1558 1922 1605 1954 ³⁸
1632 1923 1745 1993 (66)
1776 1924 1914 1993 μετὰ

322 2016 503 2071 ταῦτα
526 2014 742 2077 τούτοις
769 2014 857 2068 διὰ
900 2013 1101 2083 πολλῆς
1130 2014 1320 2084 φήμης
1376 2013 1853 2083 ἀνανταγώνιστος
1886 2018 1914 2068 ὁ

318 2108 530 2178 θωμᾶς
579 2104 899 2158 ἀνεδέδεκτο
930 2105 996 2158 ³⁷.
1031 2105 1108 2156 Δι’
1148 2104 1176 2156 ὃ
1227 2105 1322 2157 καὶ
1351 2106 1610 2175 πειρᾶται
1641 2106 1778 2176 πρὸς
1813 2106 1911 2160 αὺο

319 2202 451 2262 τοὺς
505 2196 912 2270 κηρυκεύεσθαι
952 2196 1142 2268 τρόπῳ
1194 2195 1409 2267 τοιῷδε,
1446 2196 1558 2268 (67)
1583 2197 1913 2268 πανούργως

324 2290 647 2354 ἐνδελεάσας
689 2289 828 2360 ὅπερ
885 2289 1072 2352 αὐτοῖς
1154 2287 1416 2359 βουλητὸν
1476 2291 1804 2360 ἠσμενίζετο
1846 2293 1912 2362 τῇ

321 2384 538 2439 ἐκείνου
569 2382 895 2454 παμπληθεῖ
922 2382 1155 2453 δυνάμει
1189 2383 1644 2452 καταπλαγεῖσιν.
1668 2384 1913 2455 Διαπέμ-

324 2494 489 2530 πεται
504 2475 595 2529 οὖν
618 2476 756 2545 πρὸς
777 2474 977 2538 αὐτοὺς
1003 2475 1229 2546 είρήνην
1249 2475 1717 2547 ἀνακαλούμενος,
1733 2476 1916 2548 πολλῷ

322 2568 381 2619 δὲ
415 2568 616 2637 μᾶλλον
650 2565 1024 2636 συνασπισμὸν
1059 2566 1197 2638 (68),
1224 2570 1324 2637 τῆς
1370 2566 1662 2637 βασιλικῆς
1697 2569 1917 2633 ἀνθέξε-

326 2660 452 2712 σθαι
513 2658 916 2720 ἀποπτώσεως.
966 2660 1210 2711 Ποιεῖτσιι
1261 2660 1443 2713 τοίνυν
1499 2661 1734 2725 σπονδὰς
1796 2662 1914 2733 μετ’

337 2751 682 2823 ’Λγαρηνῶν,
743 2750 950 2819 εἰδήσει
987 2749 1082 2803 τοῦ
1140 2750 1322 2803 αὐτῶν
1377 2751 1649 2822 ἀρχηγοῦ,
1702 2754 1912 2807 ἀναδεῖ-

324 2860 416 2896 ται
442 2840 555 2913 (69)
581 2843 774 2912 στέφος
810 2842 1082 2913 βασίλειον
1135 2843 1286 2913 παρά
1321 2843 1418 2895 τοῦ
1444 2844 1746 2916 ἀρχιερέως
1792 2847 1915 2898 Ἀν-

324 2935 563 3005 τιοχείας
631 2933 777 3000 Ἰὼϐ,
839 2929 959 2989 εἷτα
1015 2935 1133 3005 μετ’
1184 2935 1505 3006 Ἀγαρηνῶν
1533 2937 1673 3006 (70),
1720 2936 1911 3002 Ἰνδῶν,

324 3026 662 3094 Αἰγυπτίων.
698 3025 1019 3095 Ἀσσυρίων,
1056 3026 1275 3096 Μήδιον,
1349 3026 1638 3089 Ἀϐασίων,
1688 3028 1910 3099 Ζηχῶν,

2013 545 2173 599 venis
2219 543 2537 613 quisquam,
2582 557 2691 595 non
2729 557 2795 595 ex
2825 540 3116 610 indigenis,
3158 556 3265 592 non
3292 555 3359 593 ex
3392 539 3611 601 vicinis,

2013 653 2124 692 non
2173 652 2240 691 ea
2290 635 2357 689 iis
2395 634 2492 704 qui
2538 633 2759 688 servilis
2803 630 3159 695 conditionis,
3196 631 3242 685 si
3295 628 3388 701 qui
3436 641 3620 685 essent

2012 729 2255 785 dominis
2292 727 2519 793 infensi,
2561 725 2695 797 quin
2727 725 2965 779 diversis
3010 722 3354 793 temporibus
3390 722 3456 776 ad
3489 739 3617 777 eum

2013 820 2363 876 conﬂuerent
2416 835 2658 889 eumque
2721 826 3090 887 sequerentur
3139 824 3283 870 terra
3345 817 3616 885 marique,

2013 930 2221 969 novum
2268 913 2504 968 Xerxem
2540 913 2684 966 inter
2726 925 2860 965 suos
2889 908 3181 971 habitum;
3220 917 3281 961 ut
3324 918 3616 978 propterea

2015 1008 2202 1063 omnia
2250 1007 2494 1062 themata
2549 1012 2605 1059 et
2654 1008 2852 1058 eorum
2898 1003 3070 1057 duces
3101 1017 3227 1055 cum
3277 1001 3619 1071 copacisce-

2017 1112 2233 1165 rentur,
2270 1100 2507 1155 Olbiano
2563 1099 2702 1162 solo,
2739 1098 2833 1168 qui
2886 1105 3007 1151 erat
3048 1096 3437 1151 Armeniorum
3485 1095 3618 1160 dux,

2017 1195 2104 1248 his
2127 1209 2226 1248 sua
2280 1192 2387 1263 33
2431 1192 2656 1247 solertia
2687 1190 2977 1261 morigeris
3006 1195 3221 1250 utente,
3248 1199 3353 1241 nec
3383 1202 3489 1241 non
3521 1185 3625 1240 Ca-

2018 1287 2192 1355 tacyla
2232 1284 2438 1353 Opsicii
2474 1283 2733 1352 praefecto
2771 1282 2905 1346 suis,
2943 1290 3002 1334 ut
3030 1296 3155 1336 eum
3202 1279 3471 1333 Michaele
3514 1279 3621 1332 im-

2015 1384 2271 1445 peratore
2325 1381 2636 1428 manerent.
2667 1370 2743 1426 Ac
2774 1380 2924 1425 tanta
2960 1372 3303 1425 incrementa
3330 1368 3480 1438 capit
3522 1384 3621 1439 ap-

2014 1478 2241 1537 paratus
2285 1466 2418 1521 belli
2460 1466 2661 1525 civilis.
2715 1474 2775 1519 ut
2824 1464 2999 1519 etiam
3041 1462 3299 1518 Saraceni
3354 1461 3624 1516 auderent

2019 1559 2226 1615 insulas
2258 1574 2452 1615 omnes
2498 1566 2555 1612 et
2603 1558 2861 1627 regiones
2910 1554 3164 1626 populari
3218 1563 3276 1608 et
3322 1567 3620 1622 occupare,

2016 1662 2072 1709 et
2098 1654 2328 1708 omnino
2354 1668 2448 1707 eas
2472 1650 2718 1706 habituri
2742 1649 2995 1715 fuissent,
3025 1649 3129 1703 nisi
3158 1656 3347 1718 postea
3372 1646 3618 1699 Thomas

2020 1747 2110 1801 his
2181 1755 2413 1815 propter
2465 1760 2717 1815 magnam
2779 1743 2979 1797 famam
3026 1743 3203 1812 major
3265 1742 3417 1795 visus
3470 1746 3621 1793 essct

2016 1854 2179 1910 quam
2216 1847 2275 1894 ut
2302 1842 2350 1893 ei
2389 1855 2448 1894 se
2501 1852 2787 1907 apponere
2829 1843 3078 1907 possent.
3112 1833 3270 1900 Quod
3321 1834 3438 1903 ipse
3492 1847 3620 1886 sen-

2015 1932 2160 1985 tiens
2204 1939 2437 1985 conatur
2470 1946 2595 1985 cum
2631 1930 2713 1984 eis
2736 1944 2835 1998 per
2862 1930 3071 1999 legatos
3102 1943 3285 1997 agere,
3325 1926 3419 1981 tali
3452 1926 3617 1979 modo

2015 2034 2198 2080 astute
2232 2040 2331 2080 eos
2360 2025 2617 2080 iuescans
2648 2028 2709 2079 ut
2741 2028 3078 2093 proponeret
3108 2020 3254 2091 quod
3286 2021 3388 2090 ipsi
3417 2020 3623 2074 vellent

2013 2124 2070 2171 et
2126 2124 2414 2186 cuperent,
2473 2116 2794 2186 ingentibus
2852 2115 2974 2185 ejus
3033 2112 3211 2182 copiis
3262 2122 3318 2167 et
3375 2110 3622 2181 potentia

2014 2208 2378 2263 consternati.
2422 2207 2589 2262 Mittit
2642 2207 2812 2279 igitur
2862 2206 2928 2261 ad
2985 2208 3085 2262 eos
3131 2221 3324 2275 pacem
3387 2212 3618 2273 petens-

2016 2297 2186 2353 immo
2208 2299 2396 2368 potius
2417 2298 2763 2359 societatem,
2799 2307 2858 2351 ut
2886 2297 3289 2351 auxiliarentur
3320 2294 3622 2348 rebellibus

2018 2390 2389 2461 imperatoris.
2428 2391 2619 2460 Itaque
2650 2389 2829 2445 foedus
2861 2389 3013 2458 pacis
3044 2388 3149 2442 init
3178 2403 3303 2443 cum
3332 2386 3633 2456 Agareuisr

2017 2484 2227 2539 sciente
2252 2483 2394 2538 duce
2426 2484 2672 2544 illorum,
2697 2491 3001 2538 coronatur
3025 2497 3054 2535 a
3079 2482 3399 2552 patriarcha
3433 2481 3625 2535 Antio-

2018 2574 2157 2629 chiaa
2186 2574 2350 2639 Jobo,
2385 2573 2586 2629 deinde
2611 2588 2738 2629 cum
2784 2572 3054 2642 Agarenis
3080 2613 3093 2631 .
3124 2571 3295 2633 Indis,
3328 2571 3621 2642 Egyptiis,

2018 2667 2281 2740 Assyriis,
2322 2667 2517 2732 Medis,
2567 2665 2819 2727 Abasiis,
2858 2664 3089 2729 Zechis,
3132 2663 3339 2727 lberis,
3384 2662 3622 2727 Cabiris,

2019 2760 2251 2825 Sclavis,
2286 2758 2520 2823 Hunnis,
2554 2758 2836 2823 Vandalis,
2872 2757 3047 2817 Getis,
3080 2769 3133 2812 et
3171 2756 3433 2809 omnibus
3459 2764 3623 2825 qunt-

2016 2864 2155 2925 quot
2178 2855 2247 2909 de
2302 2852 2576 2908 Manentis
2619 2850 2989 2905 abominabili
3044 2857 3193 2904 secta
3234 2856 3413 2911 erant,
3466 2848 3625 2902 Lazis

2018 2944 2150 2999 item
2192 2952 2249 2997 et
2276 2941 2485 3005 Alanis,
2522 2956 2626 2996 nec
2649 2955 2759 2995 non
2790 2939 3019 2995 Chaldis
3043 2947 3101 2995 et
3140 2938 3441 3002 Armeniis,
3468 2938 3621 2991 aliis-

2017 3049 2127 3103 que
2155 3031 2338 3088 omnis
2360 3032 2584 3101 generis
2608 3030 2948 3093 nationibus,
2974 3030 3275 3084 multarum
3308 3028 3622 3098 linguarum

340 3119 590 3189 Ἰϐήρων,
640 3117 929 3186 Καϐείρων
946 3119 1008 3180 ³⁸,
1038 3119 1317 3185 Σκλάϐων,
1347 3118 1586 3184 Οὕννιυν,
1611 3122 1913 3201 Βανδήλων,

2020 3126 2265 3181 exercitu
2298 3125 2552 3188 collecto,
2596 3138 2818 3178 omnem
2854 3122 3137 3178 Orientem
3178 3121 3233 3174 in
3272 3134 3428 3173 suam
3468 3128 3627 3188 pote-

328 3212 532 3275 Γετῶν,
567 3211 661 3264 καὶ
718 3211 836 3263 ὅσοι
863 3212 961 3278 τῆς
999 3212 1281 3275 Μάνεντος
1321 3213 1609 3284 βδελυρίας
1638 3218 1913 3287 μετεῖχον,

326 3302 524 3368 Λαζῶν
552 3319 611 3355 τε
632 3302 728 3356 καὶ
743 3302 1007 3367 Ἀλανῶν,
1038 3304 1264 3357 Χάλδων
1280 3322 1338 3359 τε
1363 3306 1458 3359 καὶ
1474 3307 1800 3378 Ἀρμενίων,
1820 3309 1915 3363 καὶ

328 3396 536 3467 ἐτέρων
580 3394 853 3449 παντοίων
905 3395 1077 3449 ἐθνῶν
1128 3396 1573 3470 πολυθρύλλητον
1632 3417 1915 3471 πανστρα-

330 3490 450 3540 τιὰν
526 3485 1162 3557 στρατοπεδευσάμενος,
1211 3488 1430 3559 ἁπάσης
1473 3492 1573 3559 τῆς
1630 3491 1916 3563 Ἀνατολῆς

332 3582 682 3650 ἐκυρίευσεν,
714 3580 828 3651 (71)
865 3580 1177 3633 τελευταῖον
1205 3581 1395 3652 μέρεσι
1441 3586 1553 3648 τοῖς
1588 3584 1732 3639 κατά
1773 3586 1917 3658 Θρᾴ-

330 3691 434 3741 κην
489 3671 954 3743 προσεμπελάσας
1012 3672 1125 3743 (τε)
1171 3671 1449 3726 ἐλεπολεῖν
1515 3676 1575 3727 τὸ
1620 3677 1917 3740 Βυζάντιον

328 3764 651 3829 ἐκϐιάζεται
702 3762 964 3816 ἱππεῦσιν
1012 3763 1265 3827 εὑόπλοις
1310 3765 1404 3817 καὶ
1467 3766 1917 3836 πετροϐολισταῖς

327 3854 443 3912 τοῖς
476 3850 579 3903 ὑπὸ
604 3852 649 3882 ³⁹
675 3852 835 3920 χεῖρα
874 3850 987 3920 (75)
1024 3849 1234 3914 πεζοῖς,
1275 3851 1390 3920 (74)
1447 3854 1527 3905 ἔτι
1560 3856 1653 3907 καὶ
1688 3857 1912 3924 σφενδο-

325 3945 541 4005 νισταίς
576 3958 638 4011 γε
675 3944 770 3995 καὶ
799 3941 1130 4006 πελτασταῖς
1159 3942 1423 4013 ἀμέτροις
1447 3944 1912 4018 ἐπιρωννὺμενος,

328 4032 562 4104 προσέτι
590 4032 697 4103 μὴν
732 4032 825 4085 καὶ
857 4033 1296 4106 πολιορκητικοῖς
1328 4034 1430 4087 οὐκ
1472 4033 1678 4103 ὀλίγοις
1731 4040 1917 4108 τεχνάς

331 4143 504 4196 σμασι
557 4126 988 4197 κρατυνόμενος.
1049 4126 1187 4180 Μεθ’
1214 4119 1291 4181 ὧν
1343 4126 1602 4191 πολλάκις
1626 4130 1740 4192 τοῖς
1793 4130 1913 4183 κατ’

327 4219 562 4289 ἡπειρον
580 4218 787 4288 τείχεσι
868 4216 1199 4288 προσϐαλὼν
1259 4218 1543 4289 ἄπρακτος
1611 4219 1917 4291 ἀποκρούε-

327 4327 443 4378 ται,
500 4311 611 4385 (75)
677 4310 770 4365 τοῦ
824 4310 1108 4381 βασιλικοῦ
1166 4311 1359 4376 παιδὸς
1414 4311 1676 4382 Θεοφίλου
1734 4314 1917 4379 αὐτοῖς

330 4402 578 4469 ἐπιόντος
603 4403 700 4458 καὶ
732 4402 1197 4475 διαγωνιζομένου
1228 4405 1298 4459 τὰ
1347 4405 1609 4476 μάλιστα,
1636 4405 1751 4479 (76)
1779 4407 1916 4462 ἀλλὰ

2016 3226 2218 3276 statem
2242 3217 2485 3288 redegit;
2520 3223 2823 3285 postremo,
2848 3225 3138 3284 postquam
3170 3210 3425 3282 partibus
3449 3209 3625 3263 Thra-

2016 3312 2116 3367 ciae
2150 3309 2667 3381 apprOpinquasset,
2695 3305 3021 3379 Byzantium
3055 3317 3330 3372 occupare
3361 3301 3413 3354 vi
3445 3315 3617 3355 cona-

2019 3411 2128 3467 tur,
2160 3402 2444 3473 equitibus
2494 3400 2635 3455 bene
2682 3398 2914 3454 armatis
2943 3408 2999 3452 et
3032 3394 3279 3466 lapidum
3312 3392 3622 3464 jactoribus

2017 3496 2392 3567 pedestribus,
2421 3492 2803 3549 funditoribus
2826 3492 2959 3546 item
2992 3498 3051 3544 et
3093 3486 3330 3543 scutatis
3360 3485 3621 3538 innume-

2017 3586 2096 3642 ris
2143 3585 2304 3642 valde
2347 3586 2667 3648 roboratus,
2716 3584 2946 3653 insuper
2993 3587 3051 3635 et
3097 3576 3372 3633 machinis
3411 3573 3627 3629 bellicis

2016 3679 2460 3735 obsidionalibus
2524 3676 2635 3750 35,
2688 3692 2801 3731 non
2852 3673 3047 3745 paucis
3104 3672 3434 3726 instructus.
3482 3666 3622 3721 Cum

2017 3772 2219 3842 quibus
2265 3770 2471 3828 moenia
2518 3769 2676 3825 urbis
2724 3782 2921 3823 versus
2964 3763 3240 3820 orientem
3291 3774 3621 3831 aggressus,

2019 3870 2078 3917 r'e
2133 3863 2339 3917 infecta
2395 3861 2708 3930 repellitur,
2750 3852 3103 3929 imperatoris
3147 3854 3261 3907 filio
3308 3850 3624 3919 Theophilo

2018 3952 2071 4005 in
2100 3964 2197 4007 eos
2228 3953 2497 4022 impetum
2548 3950 2785 4005 faciente
2828 3956 2885 4002 et
2929 3956 3095 4016 quam
3149 3942 3387 3997 maxime
3442 3941 3623 4009 depu-

2017 4053 2240 4114 gnante,
2266 4059 2391 4099 cum
2414 4040 2653 4098 subinde
2681 4049 2736 4097 et
2761 4048 2919 4112 pater
2945 4039 3067 4109 ejus
3108 4034 3339 4091 Michael
3367 4046 3625 4104 egressus

2018 4134 2306 4191 invaderet
2350 4131 2701 4189 adversarios
2740 4130 2972 4202 proprio
3019 4128 3213 4183 Marte.
3242 4124 3400 4181 Unde
3447 4125 3501 4178 in
3528 4140 3625 4177 σιλ-

2018 4227 2195 4297 gustia
2227 4225 2587 4289 constitutus,
2615 4224 2682 4280 ad
2719 4225 2913 4279 navale
2960 4220 3212 4292 praelium
3246 4216 3621 4287 progreditur,

2020 4319 2296 4389 ingentem
2370 4316 2721 4388 navigiorum
2785 4328 3084 4370 numerum
3136 4324 3328 4365 secum
3388 4308 3621 4362 ducens.

2022 4410 2197 4479 Atque
2234 4408 2311 4464 ibi
2342 4408 2534 4464 itidem
2570 4409 2711 4464 male
2746 4423 2860 4462 rem
2892 4405 3077 4477 gerit:
3111 4403 3205 4458 illa
3250 4401 3398 4457 enim
3435 4398 3622 4454 omnia

333 4495 445 4566 μὴν
478 4495 574 4549 καὶ
601 4495 697 4549 τοῦ
725 4495 934 4565 πατρὸς
956 4495 1180 4565 Μιχαὴλ
1209 4495 1323 4549 ἔσθ’
1357 4496 1449 4549 ὅτε
1485 4498 1799 4564 ὑπεξιόντος
1820 4505 1913 4555 καὶ

2022 4502 2223 4558 bellico
2272 4503 2401 4571 igne
2440 4510 2763 4572 conSUmpta
2794 4502 2969 4555 fuere.
2997 4498 3172 4569 Cujus
3226 4494 3449 4566 quidem
3476 4492 3619 4563 ignis

328 4590 443 4650 τοῖς
475 4588 821 4651 ὑπεναντίοις
844 4585 1227 4657 ἐπιτιθεμένου
1248 4586 1586 4661 αὐτόχειρος.
1619 4591 1919 4661 (77),“Οθεν

331 4680 635 4751 ἀμηχανῶν
667 4681 695 4734 ὁ
728 4679 932 4750 Θωμᾶς
958 4677 1054 4733 καὶ
1078 4678 1172 4732 ἐπὶ
1203 4680 1516 4749 ναυμαχίαν
1554 4683 1911 4756 προέρχεται,

2025 4594 2352 4650 conficiendi
2407 4593 2807 4665 propemodum
2864 4591 2977 4660 jam
3036 4586 3268 4645 scientia
3334 4582 3621 4654 deperdita

2024 4687 2226 4752 fuerat,
2279 4696 2412 4742 tunc
2446 4697 2631 4743 autem
2680 4685 2759 4740 sic
2805 4684 2989 4739 denuo
3033 4689 3252 4752 reperta
3282 4697 3295 4734 :
3324 4677 3623 4734 Callinicus

1638 4799 1874 4858 VARUE
1930 4802 2342 4862 LECTIONES.

392 4884 711 4989 ³⁸ὄσονπερ
732 4911 801 4989 ἦν
831 4915 894 4969 Β.

332 4991 394 5051 B,
424 4990 533 5044 ἀπὸ
557 4986 620 5041 Ιι.

995 4915 1040 4947 ³⁵
1081 4911 1446 4967 κατακύλαιλ.
1513 4913 1559 4946 ³⁸
1593 4913 1693 4987 μὴ]
1709 4918 1804 4970 καὶ
1843 4917 1887 4972 Ι..
1999 4920 2044 4952 ³⁷
2067 4921 2389 4975 ἀνεδέδοκτο
2414 4920 2478 4977 ι..
2557 4920 2602 4953 ³⁸
2633 4914 2947 4989 Καϐείρων]
2985 4913 3250 4983 Σαϐήρων
3273 4910 3333 4965 L.
3407 4911 3451 4942 ”
3514 4909 3620 4964 ὑπὸ

1441 5072 1687 5128 STEPH.
1748 5072 2096 5133 BERGLERI
2179 5079 2412 5136 NOTIE.

406 5172 516 5245 (63)
546 5173 707 5245 Qont-
752 5187 807 5241 ρ·
837 5169 929 5245 ’ξιξ-
965 5168 1130 5245 (Ξείὶτ-
1166 5185 1220 5240 p-
1254 5166 1379 5245 5.0.0:

408 5237 520 5311 (64)
558 5242 719 5298 Cont.
753 5237 812 5312 p.
851 5241 950 5312 3t,
974 5238 1137 5312 Gedr.
1168 5237 1234 5311 'p.
1269 5237 1558 5312 509,103].
1601 5251 1656 5312 ρ.
1686 5237 1812 5312 157ζ

564 5312 727 5369 Cont.
757 5307 839 5383 'p.
885 5311 975 5376 '55,
1014 5307 1195 5366 Ccdrf
1241 5320 1296 5380 p.
1343 5307 1446 5367 500
1499 5308 1555 5363 in
1602 5308 1733 5373 fine,
1786 5307 1921 5364 Zon.

462 5404 494 5440 ο
538 5425 551 5439 .

378 5428 390 5439 .
432 5404 551 5440 ιοο.

334 5402 390 5455 Ρ.
415 5402 551 5524 (ait).
567 5452 841 5524 Loquitur
874 5454 1157 5520 perverse.

411 5524 522 5593 (67)
550 5524 712 5581 Ccdr.
742 5539 797 5593 p.
828 5524 954 5577 θοι.

548 5596 712 5667 (Eunt.
736 5592 811 5663 [ρ.
845 5593 935 5667 ὖξ,
968 5592 1305 5667 συμμαχίαν.

408 5660 715 5739 (ϐρλϐὁιιι.
846 5664 969 5739 ‘35,
1018 5660 1113 5719 ubi
1164 5660 1365 5739 ‘lagcg'a6
1401 5671 1529 5739 pro
1552 5661 1720 5739 31036,
1756 5660 1925 5719 Cedr.

336 5753 390 5799 ι).
416 5731 565 5799 σοι.
610 5735 706 5789 ubi
749 5731 891 5787 Ἰὼϐ.
934 5734 1070 5789 Zon.
1100 5750 1154 5804 p.
1200 5734 1327 5804 156,
1360 5731 1456 5787 ubi
1494 5731 1635 5787 Ἰώϐ.

338 5804 349 5811 ’
407 5805 521 5881 (70)
551 5806 712 5864 Cant.
741 5819 795 5873 p.
825 5805 916 5869 55,
945 5805 1112 5859 Cedr.
1140 5820 1193 5874 p.
1222 5803 1346 5859 501.

2097 5171 2211 5243 (Ἱί)
2240 5171 2407 5243 Cedr.
2444 5189 2499 5243 p.
2549 5169 2675 5243 501.

2098 5236 2211 5311 (72)
2246 5236 2471 5312 (ἔοιιιὶηζ
2515 5258 2569 5312 p.
2617 5242 2685 5297 56
2728 5250 2783 5297 et
2824 5239 2891 5295 57
2925 5238 3091 5312 plene
3126 5246 3180 5291 et
3221 5236 3465 5312 copiose.

2098 5306 2210 5381 (75)
2248 5310 2473 5384 Contin.
2501 5306 2623 5384 pag.
2662 5313 2728 5366 '57
2761 5318 2816 5367 et
2848 5306 2946 5378 58}
2978 5308 3215 5364 Cedren.
3248 5306 3306 5379 p.‘
3330 5306 3470 5373 503;
3506 5307 3617 5366 Zo-

2025 5381 2406 5513 Μῖἧιῗέοῗιῖζ
2437 5466 2491 5520 p.
2534 5454 2625 5513 ss,
2650 5450 2815 5507 Cedr.
2850 5467 2905 5522 ρ.
2933 5450 3055 5505 502.

2030 5518 2520 5662 r’.(‘7551).Cont.'p.
2566 5522 2654 5591 58,
2696 5518 2867 5579 CedrI
2914 5521 3135 5651 p.150?)
3182 5531 3237 5577 et
3283 5519 3426 5584 505;
3476 5518 3613 5576 Zon.

2101 5663 2211 5729 (76)
2246 5661 2405 5716 Cont.
2439 5679 2490 5732 p.
2519 5662 2607 5716 28.

2098 5734 2210 5803 (77)
2237 5732 2372 5787 Zon.
2414 5751 2465 5804 p.
2500 5733 2615 5788 157.
