4136 6418
307 346 446 410 1)33

1644 334 1916 395 HEGUM
1944 335 2088 394 LIB.
2133 334 2215 394 ΙΙ.

3423 330 3560 394 1034

303 456 497 526 ἀνδρὸς
546 453 729 517 ἐάλω,
781 453 848 526 ἢν
909 451 1141 506 ὑπέθετο
1199 446 1656 519 καταπράξασθαι
1705 445 1882 517 τούτῳ

1997 462 2117 502 reus
2142 446 2257 501 fuit
2303 446 2503 509 factus,
2557 444 2626 500 ad
2654 446 2799 515 quod
2852 449 3279 517 perpetrandum
3319 450 3569 507 hortatus

302 547 617 619 Νικηφόρος
663 548 691 600 ὁ
732 545 1036 617 τηνικαῦτα
1092 543 1153 596 τὸ
1203 542 1512 613 βασιλεύειν
1572 538 1779 610 λαχὼν,
1803 536 1882 609 τῷ

305 638 559 711 Βαρδάνῃ
592 636 901 707 βασκαίνων
934 637 1023 689 διὰ
1059 634 1158 706 τὴν
1215 630 1525 703 προσοῦσαν
1572 633 1885 715 καλοκαγα-

306 729 429 784 θίαν
449 726 601 799 αὑτῷ
620 743 633 757 ’
652 726 873 796 φεύγων
898 726 954 779 δὲ
982 724 1081 795 τὴν
1112 724 1205 776 ἐπὶ
1221 725 1287 794 τῇ
1321 720 1539 793 μοιχεία
1569 717 1881 790 δίκην(91),

306 822 374 892 ἢν
409 817 864 891 καταπράξασθαι
904 816 1003 887 μὲν
1036 814 1327 886 ἐπειράθη,
1354 814 1456 868 οὐκ
1511 812 1590 875 είς
1622 811 1785 882 ἔργον

307 913 518 983 προέὸη
548 913 683 984 (92),
741 913 821 974 είς
864 908 1064 979 Συρίαν
1089 908 1322 977 ἀπέδρα.
1372 907 1483 959 Καὶ
1510 903 1724 974 πρῶτον
1785 901 1887 971 μέν

306 1004 406 1074 τὴν
443 1006 520 1067 είς
569 1001 804 1072 Χριστὸν
854 1000 1152 1070 ἐξήρνηται
1214 998 1423 1059 πίστιν,
1449 997 1544 1050 καὶ
1578 994 1769 1065 χρόνον
1793 1009 1887 1046 σου

306 1096 434 1168 χνὸν
459 1097 516 1146 ἐν
551 1094 734 1156 αὐτοῖς
772 1091 1059 1162 διατρίψας
1083 1090 1217 1161 (95),
1249 1088 1383 1141 ὡσεὶ
1408 1086 1447 1140 ε’
1482 1087 1577 1140 καὶ
1606 1084 1651 1140 κ’
1680 1085 1887 1155 παρελ-

309 1187 576 1255 κυσθῆναι
598 1185 903 1250 ἐνιαυτοὺς,
927 1183 1099 1253 ψευδῆ
1144 1182 1333 1252 φήμην
1365 1178 1544 1250 ἐαυτῷ
1577 1179 1887 1249 περιποιεῖ-

310 1294 401 1331 ται
431 1278 543 1347 (91)
573 1276 987 1330 Κωνσταντῖνον
1024 1270 1161 1328 εἶναι
1195 1274 1359 1327 αὑτὸν
1391 1270 1781 1342 εἰσηγούμενος
1797 1268 1888 1323 τὸν

311 1371 542 1431 Λέοντος
596 1369 693 1421 καὶ
759 1368 1029 1437 Εἰρήνης.
1081 1359 1250 1429 Οὗτος
1286 1364 1344 1418 δὲ
1372 1362 1486 1435 (95)
1526 1364 1634 1434 ἄρα
1659 1362 1749 1416 διὰ
1791 1359 1890 1432 τὴν

316 1460 621 1532 μοχθηρίαν
652 1459 761 1513 τῶν
791 1460 1010 1531 τρόπων
1037 1458 1175 1529 μετὰ
1208 1457 1320 1511 τῶν
1350 1454 1646 1527 ὀφθαλμῶν
1677 1453 1890 1524 καὶτῆς

315 1553 593 1623 βασιλείας
639 1553 930 1625 ἐστέρηται
979 1552 1076 1606 καὶ
1126 1549 1185 1615 ἐξ
1228 1551 1536 1621 ἀνθρώπων
1593 1548 1888 1623 ἠφάνισται

318 1645 456 1711 μετὰ
493 1640 666 1712 βραχὺ
690 1641 786 1712 τῆς
810 1643 1160 1706 ἐκπτώσεως,
1204 1641 1299 1693 καὶ
1330 1642 1359 1694 ὁ
1402 1640 1555 1693 τοῦδε
1596 1638 1790 1709 νεκρὸς
1835 1636 1892 1691 ἐν

318 1751 426 1787 τινι
481 1731 759 1805 κατετέθη,
807 1733 952 1805 σορῷ
1001 1734 1122 1787 τότε
1163 1732 1273 1786 τῶν
1320 1735 1377 1787 ἐν
1419 1735 1485 1804 τῇ
1532 1729 1891 1803 βασιλευούσῃ

1986 554 2114 597 eum
2177 537 2357 591 fuerat
2411 538 2757 609 Nicephorus
2798 539 2894 593 illo
2941 548 3189 611 tempore
3247 541 3565 611 imperator,

1986 630 2222 686 Bardani
2271 630 2521 685 invidens
2565 639 2791 701 propter
2841 632 3058 686 insitam
3111 633 3162 688 ei
3209 634 3566 703 probitatem.

1988 727 2136 781 Reus
2181 733 2363 779 autem
2402 723 2581 779 factus
2617 724 2847 779 crimine
2883 724 3162 792 adulterii,
3191 726 3337 795 quod
3374 742 3571 799 perpe-

1990 827 2134 873 trare
2190 818 2414 887 quidem
2461 826 2692 872 conatus
2732 816 2931 880 fuerat,
2965 817 3062 873 sed
3111 818 3166 872 in
3227 828 3409 875 actum
3456 836 3569 877 non

1988 911 2304 975 devenerat,
2332 913 2386 966 in
2420 910 2633 981 Syriam
2676 910 2941 980 profugit.
2967 910 3046 966 Ae
3072 911 3307 981 primum
3344 913 3569 983 quidem

1987 999 2153 1055 ﬁdem
2184 1000 2240 1054 in
2272 1000 2549 1055 Christum
2570 999 2865 1069 abnegavit
2890 1016 2903 1053 :
2932 1000 3059 1055 dein
3088 1016 3213 1055 cum
3244 1002 3376 1057 satis
3408 1004 3571 1075 longo

1988 1099 2236 1161 tempore
2270 1090 2415 1146 inter
2443 1092 2595 1160 ipsos
2640 1089 2965 1153 habitasset,
3004 1090 3209 1161 elapsis
3237 1092 3349 1162 jam
3375 1080 3570 1163 viginti

1989 1185 2233 1255 quinque
2262 1184 2441 1250 annis,
2461 1183 2653 1239 falsam
2677 1182 2875 1238 famam
2895 1182 3000 1237 sibi
3021 1183 3278 1254 acquirit,
3298 1183 3573 1240 Constan-

1992 1275 2165 1332 tinum
2182 1288 2241 1329 se
2253 1272 2671 1338 essedictitans,
2692 1273 2844 1327 illum
2872 1271 3074 1328 Leonis
3091 1281 3148 1328 et
3166 1273 3355 1329 lrenes
3372 1274 3570 1331 filium.

1989 1367 2059 1419 At
2093 1365 2141 1420 is
2179 1373 2405 1435 propter
2437 1379 2651 1419 morum
2674 1364 3082 1435 improbitatem
3106 1372 3162 1420 et
3182 1366 3357 1422 oculis
3376 1377 3433 1422 et
3468 1367 3573 1423 im-

1990 1458 2147 1528 perio
2179 1458 2409 1513 orbatus
2452 1457 2651 1520 fuerat,
2702 1472 2767 1511 ac
2812 1473 2923 1512 non
2964 1458 3140 1513 multo
3165 1468 3309 1529 post,
3353 1469 3413 1514 ut
3466 1461 3572 1515 im-
3614 1450 3633 1465 ’

1991 1546 2150 1617 perio
2204 1546 2505 1612 exciderat,
2551 1561 2581 1601 e
2626 1547 2810 1602 medio
2868 1547 3118 1602 sublatus
3163 1548 3289 1613 fuit,
3340 1551 3575 1605 cadaver

1992 1645 2178 1693 autem
2210 1638 2320 1709 36
2360 1639 2480 1710 ejus
2511 1638 2694 1693 loculo
2733 1637 3052 1709 impositum
3093 1639 3148 1693 in
3190 1640 3427 1710 quodam
3472 1659 3574 1697 au-

1996 1729 2193 1800 gustali
2261 1729 2628 1800 imperatoria.
2680 1730 2856 1785 urbis.
2920 1732 3027 1787 lste
3084 1746 3219 1787 vero
3275 1734 3576 1790 sceleratus

319 1824 606 1893 σεμνείων.
665 1824 806 1878 Ἀλλ’
831 1824 925 1892 ὅγε
977 1824 1319 1894 παλαμναῖος
1369 1817 1527 1888 οὗτος
1558 1824 1698 1895 ἀνὴρ
1752 1822 1892 1895 μετά

1997 1819 2160 1875 homo
2204 1835 2329 1875 cum
2368 1820 2512 1890 apud
2540 1822 2842 1877 Saracenos
2882 1822 3115 1889 viveret,
3165 1823 3576 1894 pollicitationi-

318 1914 651 1986 Σαρακηνῶν
682 1914 881 1980 διαζῶν
916 1913 1049 1986 (96),
1086 1914 1411 1985 ὑποσχέσεσι
1463 1914 1687 1978 τούτους
1728 1915 1888 1968 ἐπαί-

321 2021 405 2075 ρει
426 2005 472 2039 ⁵⁸
502 2005 805 2076 λαμπραῖς,
863 2005 937 2067 ὼς
971 1998 1206 2076 ὑποτελῆ
1258 2005 1509 2077 ποιήσειν
1559 2006 1741 2070 αὐτοῖς
1790 2006 1892 2076 τὴν

329 2095 616 2165 Ῥωμαίων
637 2098 835 2167 ἀρχὴν,
869 2097 915 2150 εί
948 2101 1043 2150 καὶ
1069 2098 1330 2168 χρήματα
1366 2098 1527 2152 ἱκανᾶ
1581 2098 1673 2151 καὶ
1730 2101 1889 2170 στρα-

317 2188 411 2240 τὸν
473 2188 769 2259 ἀξιόχρεων
815 2190 955 2243 δοῖεν
1005 2189 1143 2259 πρὸς
1171 2188 1232 2241 τὸ
1271 2187 1432 2260 ἔργον
1465 2189 1633 2261 αύτῷ.
1667 2191 1778 2245 Καὶ
1828 2190 1893 2261 δὴ

317 2273 428 2327 τῶν
452 2276 788 2344 αἰτουμένων
821 2273 999 2347 τυχὼν
1035 2277 1392 2348 ἐκστρατεύει
1426 2280 1569 2332 κατᾶ
1607 2277 1893 2350 Ῥωμαίων

320 2365 508 2430 εὐθὺς,
540 2368 775 2420 ποιεῖται
792 2367 848 2421 δὲ
872 2368 965 2420 καὶ
993 2368 1083 2421 διὰ
1104 2368 1163 2421 τὸ
1187 2368 1417 2438 μέγεθος
1448 2368 1560 2440 (97)
1586 2369 1694 2423 τῶν
1716 2372 1896 2441 ἐγχει-

325 2458 603 2530 ρουμένων
621 2461 733 2512 υἱὸν
761 2459 1071 2530 ἀνθρώπιόν
1098 2477 1151 2512 τι
1177 2460 1587 2532 μιξοϐἀρόαρον
1616 2461 1893 2534 εὑρηκὼς,

322 2552 462 2623 μετά
494 2550 592 2621 τῆς
644 2550 881 2622 ψυχικῆς
912 2551 1024 2624 (98)
1067 2552 1407 2624 φαυλότητος
1446 2552 1543 2606 καὶ
1593 2552 1779 2616 ἀνοίας
1814 2552 1896 2607 ἔτι

318 2646 384 2718 δὴ
408 2646 504 2701 καὶ
529 2647 867 2717 δυσμορφίαν
888 2645 1136 2716 σώματος
1157 2642 1458 2717 δυστυχοῦν
1479 2647 1571 2700 καὶ
1597 2643 1769 2700 τᾶλλα
1785 2646 1897 2701 τῶν

318 2739 514 2792 τούτου
534 2755 548 2770 ο
573 2738 601 2792 ὅ
622 2738 687 2809 δὴ
702 2738 746 2769 ⁸⁷
767 2738 864 2790 καὶ
884 2737 1263 2791 Κωνστάντιον
1279 2738 1564 2810 ἐπιτρέπει
1591 2737 1894 2805 καλεῖσθαι,

321 2828 626 2900 ἀπόμοιραν
652 2846 711 2882 τε
740 2826 916 2899 τούτῳ
970 2829 1303 2901 Σαρακηνῶν
1340 2828 1747 2901 στρατεύματος
1773 2829 1897 2893 δοὺς

323 2922 421 2974 σὺν
448 2921 597 2991 αὑτῷ
619 2923 697 2983 εἰς
721 2920 789 2974 τὰ
832 2920 1116 2991 Ῥωμαίων
1148 2922 1423 2977 εἰσϐάλλει
1477 2922 1605 2994 ἢθη.
1635 2922 1785 2976 Λέων
1838 2918 1898 2975 δι

319 3011 441 3063 τότε
466 3010 659 3082 καιροῦ
702 3009 907 3064 τούτων
958 3007 1027 3083 ἦν
1059 3010 1331 3081 βασιλεὺς,
1369 3015 1398 3066 ὁ
1431 3014 1612 3086 Βάρδα
1655 3014 1754 3081 μὲν
1799 3012 1896 3067 τοῦ

1993 1910 2099 1967 bus
2142 1911 2276 1969 istos
2308 1912 2648 1979 sollicitavit,
2681 1928 2739 1969 se
2774 1912 3124 1971 tributarium
3164 1914 3273 1970 illis
3299 1914 3575 1972 facturum
3636 1912 3641 1916 ’

1994 1990 2369 2058 Romanorum
2421 2004 2739 2074 imperium,
2783 2004 2828 2059 si
2876 2014 2934 2061 et
2973 2006 3258 2076 pecunias,
3308 2016 3574 2077 quantum

1995 2091 2151 2157 satis,
2184 2084 2241 2147 et
2269 2092 2575 2147 exercitum
2618 2093 2881 2171 idoneum
2925 2094 2992 2149 ad
3032 2109 3152 2149 eam
3192 2111 3307 2150 rem
3354 2099 3406 2151 ei
3439 2113 3580 2167 pra:-

1994 2181 2180 2238 beant.
2226 2183 2295 2238 Et
2337 2199 2468 2239 ecce
2518 2184 2706 2254 petitis
2744 2185 2954 2255 potitus
3004 2200 3130 2240 mox
3170 2186 3576 2257 expeditionem

1995 2268 2229 2341 suscipit
2272 2272 2328 2326 in
2374 2272 2688 2329 Romanos:
2716 2274 2943 2345 adoptat
2986 2275 3150 2331 etiam
3202 2288 3426 2347 propter
3458 2293 3577 2333 ma-

1996 2352 2341 2432 gnitudinem
2375 2378 2562 2416 rerum
2606 2366 3010 2431 susceptarum,
3039 2364 3210 2419 ﬁlium
3251 2367 3580 2425 homuncio-

1995 2468 2124 2509 nem
2176 2454 2472 2523 quemdam
2520 2456 2956 2510 semibarbarum
2986 2467 3203 2523 nactus,
3241 2473 3367 2513 cum
3410 2463 3580 2518 animi

1997 2540 2351 2616 improbitate
2381 2555 2439 2602 et
2465 2546 2707 2602 amentia
2750 2531 2917 2603 etiam
2962 2548 3211 2618 corporis
3237 2557 3293 2605 et
3324 2549 3585 2607 deformi-

1998 2646 2108 2695 tate
2128 2648 2183 2694 et
2201 2640 2414 2695 caeteris
2441 2640 2986 2710 laborantem,atque
3016 2640 3398 2698 Constantium
3424 2644 3586 2715 jubet

1998 2729 2291 2799 appellari,
2347 2745 2586 2799 cumque
2636 2737 2849 2800 partem
2895 2730 2945 2785 ei
2982 2728 3383 2786 Saracenorum
3425 2748 3586 2788 exer—

1998 2819 2141 2875 citus
2165 2820 2502 2887 tradidisset,
2538 2836 2663 2876 cum
2694 2822 2789 2876 illo
2821 2821 2875 2875 in
2908 2822 3280 2877 Romanorum
3314 2823 3584 2880 ditionem

1999 2913 2263 2984 impetum
2310 2902 2459 2967 facit.
2502 2912 2613 2967 Leo
2655 2915 2749 2968 illo
2788 2921 3035 2984 tempore
3093 2924 3214 2969 erat
3263 2916 3583 2986 imperator,

2000 2994 2189 3061 Bardae
2233 3005 2459 3076 quidem
2503 3006 2717 3076 patricii
2762 3006 2929 3073 filius,
2960 3007 3056 3062 sed
3087 3023 3261 3076 genus
3289 3008 3498 3066 ducens
3517 3026 3586 3066 ex

322 3103 615 3172 πατρικίου
648 3101 785 3169 υἱὸς,
822 3103 879 3169 ἐξ
918 3104 1220 3173 Ἀρμενίων
1246 3104 1303 3157 δέ
1344 3104 1598 3179 κατάγων
1625 3104 1684 3158 τὸ
1717 3105 1894 3171 γένος’

2001 3101 2300 3193 Armeniis;
2334 3100 2470 3157 Cum
2498 3112 2680 3157 autem
2708 3101 2800 3156 hic
2828 3116 2938 3155 non
2964 3118 3158 3172 magna
3198 3118 3327 3158 cura
3358 3104 3584 3175 dignum

318 3195 383 3247 ού
438 3193 748 3265 πολυωρίας
798 3194 855 3248 δὲ
905 3193 1147 3259 ἀξιώσας
1190 3197 1250 3249 τὸ
1312 3197 1542 3265 ἐπιφυέν
1604 3196 1894 3268 Ῥωμαίοις

1997 3194 2336 3250 existimaret
2387 3194 2681 3248 imminens
2728 3194 2992 3248 Romanis
3040 3194 3265 3260 malum,
3304 3204 3588 3266 extempo-

319 3286 493 3342 κακὸν
536 3285 679 3359 ,(99),
750 3287 1038 3357 σχεδιάσας
1097 3288 1156 3342 δὲ
1221 3288 1423 3360 πλῆθος
1490 3290 1897 3362 στρατεύματος

322 3379 499 3451 βραχὺ
514 3377 559 3410 ⁸³
576 3380 668 3431 καὶ
684 3377 1039 3449 καθηγεμόνα
1067 3380 1403 3451 στρατιώτην
1430 3381 1629 3451 μᾶλλον
1648 3382 1678 3452 ἢ
1702 3399 1899 3453 στρατ·

322 3470 458 3538 ηγὸν
515 3468 814 3538 ἐπιστήσας
877 3469 1020 3521 κατά
1073 3468 1247 3539 Θωμᾶ
1301 3472 1641 3525 ἀποστέλλει.
1673 3474 1783 3526 Καὶ
1832 3474 1898 3548 δὴ

323 3557 438 3612 τῶν
487 3558 914 3630 στρατευμάτων
963 3560 1289 3632 ἀμφοτέρων
1322 3563 1709 3633 συμπεσόντων
1740 3566 1905 3637 ann.-

325 3650 441 3713 λοις
475 3649 617 3705 κατά
640 3667 695 3703 τι
722 3649 833 3703 τῶν
866 3652 924 3702 ἐν
946 3653 1014 3722 τῇ
1049 3653 1123 3723 ἕῳ
1153 3651 1391 3724 χωρίων,
1423 3655 1608 3708 πταίει
1642 3656 1740 3727 μὲν
1764 3659 1791 3710 ὁ
1812 3654 1903 3711 τοῦ

328 3740 592 3809 βασιλέως
666 3740 893 3811 στρατὸς
968 3743 1063 3794 καλ⁵
1117 3745 1197 3805 είς
1251 3746 1430 3816 φυγὴν
1476 3747 1769 3819 τρέπεται·
1818 3749 1907 3803 ἐπ’

322 3832 512 3898 ἀδείας
540 3832 615 3904 (1)
665 3833 722 3886 δὲ
768 3835 797 3887 ὁ
840 3834 1157 3904 ἀποστάτης
1194 3838 1485 3907 γενόμενος
1539 3840 1715 3893 πάντα
1771 3842 1908 3911 πρὸς

323 3926 619 3995 ἀνίσχοντα
646 3925 799 3997 ἥλιον
824 3926 1105 3999 ἐπιτρέχει
1145 3928 1403 4002 καὶπρὸς
1443 3930 1565 4000 βίαν
1611 3933 1679 3985 τὰ
1713 3932 1907 3985 ἐαυτοῦ

325 4020 567 4071 ποιεῖται
601 4019 839 4089 φρονεῖν.

399 4110 477 4164 Οὐ
501 4109 636 4163 πολὺ
690 4110 748 4163 δὲ
814 4109 875 4163 τὸ
921 4112 979 4164 ἐν
1016 4110 1166 4181 μέσῳ
1189 4111 1290 4181 (2),
1333 4113 1430 4167 καὶ
1463 4114 1683 4185 Μιχαὴλ
1709 4115 1912 4170 Λέοντα

328 4203 548 4275 φονεύει
570 4204 667 4257 καὶ
703 4202 803 4273 τὴν
836 4201 1112 4272 βασιλείαν
1167 4192 1469 4276 ἐκδέκεταί.
1518 4206 1575 4261 '0
1600 4208 1656 4261 δέ
1684 4225 1747 4277 γε
1783 4226 1912 4262 στα-

331 4300 565 4368 σιάρχης
596 4296 822 4367 Θωμᾶς,
876 4296 952 4362 ὡς
986 4298 1060 4369 μὴ
1103 4298 1383 4371 ἀρκούσης
1436 4300 1587 4370 αὐτῷ
1620 4302 1722 4371 τῆς
1771 4303 1911 4357 κατά

328 4388 438 4459 γῆν
476 4385 834 4458 ἐπικρατείας
898 4387 1086 4456 σχεδὸν
1132 4388 1372 4460 ἁπάσης,
1419 4392 1520 4463 ἤδη
1549 4391 1610 4443 τὸ
1658 4392 1911 4446 ναυτικὸν

1995 3288 2095 3343 rali
2144 3304 2313 3359 Opera
2366 3288 2589 3359 collegit
2625 3302 2921 3342 numerum
2972 3287 3255 3357 copiarum
3300 3290 3582 3360 exiguum.

1997 3368 2366 3449 impositoque
2395 3378 2475 3434 eis
2515 3380 2678 3445 duce,
2712 3387 2809 3433 aut
2854 3379 3108 3450 gregario
3153 3380 3339 3449 potius
3383 3381 3582 3436 militet

1998 3489 2161 3543 quam
2187 3471 2348 3538 duce,
2384 3480 2574 3527 contra
2601 3471 2866 3527 Thomam
2898 3471 3067 3526 misit.
3110 3470 3178 3527 At
3206 3473 3588 3528 concurrenti-

2002 3567 2108 3620 bus
2142 3564 2401 3635 utrinque
2440 3564 2776 3620 exercitibus
2816 3562 2961 3633 apud
2993 3563 3257 3633 oppidum
3313 3564 3591 3634 quoddam

2005 3662 2059 3715 in
2092 3654 2341 3723 Oriente,
2376 3657 2618 3712 vincitur
2643 3655 2994 3726 imperatoris
3022 3655 3298 3710 exercitus
3328 3664 3493 3726 atque
3536 3656 3591 3710 in

2005 3750 2187 3821 fugam
2231 3747 2486 3802 vertitur.
2518 3746 2767 3816 Cumque
2799 3745 2917 3800 sine
2950 3753 3100 3798 metu
3136 3754 3283 3800 esset
3316 3745 3591 3814 desertor,

2004 3858 2105 3912 per
2137 3848 2310 3895 totum
2336 3836 2616 3893 Orientem
2647 3836 3003 3907 grassabatur
3030 3849 3333 3905 omnesque
3356 3835 3409 3889 vi
3433 3852 3594 3908 coge-

2006 3935 2101 3989 bat
2133 3947 2356 3989 suarum
2386 3945 2507 3985 esse
2531 3929 2789 3999 partium.

2080 4113 2193 4168 Nec
2251 4112 2424 4168 multo
2472 4112 2765 4183 interjecto
2816 4119 3065 4181 tempore
3117 4110 3346 4165 Michael
3409 4110 3595 4165 Leone

2009 4205 2304 4261 interfecto
2336 4204 2627 4276 imperium
2663 4203 2916 4274 suscipit.
2954 4203 3219 4275 Princeps
3244 4211 3426 4257 autem
3449 4203 3595 4257 sedi-

2009 4300 2178 4356 tionis
2215 4300 2473 4361 Thomas.
2511 4305 2572 4353 ut
2603 4297 2694 4353 cui
2725 4313 2835 4353 non
2857 4305 3004 4352 esset
3045 4296 3178 4352 satis
3207 4296 3313 4368 37
3343 4295 3595 4351 obtinere

2012 4401 2215 4447 terram
2255 4390 2368 4446 fere
2417 4388 2851 4453 omnem,etiam
2886 4403 3000 4443 rem
3048 4388 3325 4443 nauticam
3374 4386 3596 4441 univer—

327 4482 480 4536 ἅπαν
504 4479 565 4533 τὺ
586 4480 691 4532 ὑπὸ
730 4475 1037 4546 Ῥωμαίους
1079 4478 1139 4533 ὃν
1163 4480 1262 4551 (5),
1296 4482 1437 4553 πλὴν
1473 4482 1566 4535 τοῦ
1625 4481 1895 4554 βασιλικοί

2012 4499 2127 4540 sam
2168 4484 2563 4549 Romanorum,
2594 4489 2822 4551 excepta
2864 4480 3038 4535 classe
3068 4480 3160 4535 illa
3189 4495 3311 4550 qua:
3355 4478 3596 4548 impera-

329 4571 643 4643 κληθέντος,
668 4569 1034 4636 ὑποποιεῑται,
1061 4571 1154 4624 καὶ
1191 4571 1325 4635 ναῦς
1365 4576 1625 4638 πλείστας
1652 4575 1727 4647 (4)
1772 4594 1902 4629 ναυ-

327 4662 588 4733 πηγήσας
643 4658 838 4728 ἐτέρας
866 4657 1015 4711 σίτου
1044 4676 1105 4712 τε
1159 4663 1568 4733 παραπομποὺς
1599 4665 1692 4717 καὶ
1724 4666 1907 4719 ἵππων

328 4755 428 4818 τάς
457 4769 519 4807 τε
548 4750 1032 4820 πολεμιστηρίους,
1067 4751 1271 4816 ταύτας
1309 4753 1450 4808 κατά
1472 4755 1678 4808 Λέσϐον
1702 4758 1912 4811 κελεύει

2011 4575 2151 4631 toria
2185 4574 2496 4639 dicebatur,
2540 4572 2598 4627 in
2639 4587 2791 4627 suam
2841 4580 3169 4643 potestatem
3223 4570 3455 4642 redegit,
3496 4586 3598 4625 na-

2013 4683 2219 4739 vesque
2263 4667 2531 4737 plurimas
2587 4664 2887 4720 fabricatus
2928 4664 3064 4718 alias
3116 4664 3301 4719 tritico
3339 4672 3395 4718 et
3440 4664 3599 4734 equis

2016 4756 2326 4829 portandis,
2358 4754 2586 4812 bellicas
2630 4754 2791 4819 item,‘
2816 4752 2961 4825 apud
3001 4752 3241 4809 Lesbum
3277 4763 3599 4823 exspectare

1609 4850 1847 4908 VARle
1878 4851 2287 4908 LECTIONES.

412 4941 459 4973 “
490 4942 703 5007 τούτοις
738 4942 946 5013 ἐξαίρει
976 4940 1037 4997 L.
1113 4942 1157 4974 ⁸⁷
1187 4941 1276 5015 δὴ]
1305 4943 1361 4999 δέ
1390 4942 1451 5000 L.
1517 4945 1563 4977 ⁵⁸
1605 4946 1663 5000 οὐ
1704 4947 1874 5015 βραχὺ
1912 4948 1974 5002 ι..

1497 5038 1743 5096 STEPH.
1777 5040 2125 5098 BERGLERI
2165 5042 2400 5099 NOTAL

468 5134 519 5205 1)
550 5132 712 5205 Cedr.
745 5150 801 5205 p.
824 5133 951 5197 499,
977 5131 1137 5205 Cont.
1160 5149 1229 5205 7p.
1264 5135 1354 5189 55.

430 5204 517 5275 92)
547 5204 696 5275 Sym.
726 5203 858 5276 Log.
888 5219 944 5273 p.
987 5203 1111 5276 412,
1136 5203 1339 5276 Georg.
1376 5204 1607 5276 Mon.ip.
1646 5206 1768 5261 511.
1811 5205 1917 5262 Sed

328 5274 605 5359 Cortuhp.
647 5275 736 5341 55,
767 5274 904 5359 πρὸς
938 5275 1065 5337 τοὺς
1099 5274 1157 5339 ἐξ
1186 5274 1388 5347 Ἅγαρ,
1424 5284 1481 5331 et
1505 5274 1667 5332 Cédr.
1700 5293 1757 5347 p.
1788 5277 1915 5343 499,

331 5346 474 5415 πρὸς
516 5346 875 5416 ’ᾼγαρηνούς.

407 5416 520 5486 (95)
545 5410 793 5486 QOn'tfp.
830 5414 925 5486 55,
947 5410 1111 5486 Gedr.
1136 5429 1193 5485 p.
1224 5415 1347 5472 499.

409 5482 522 5556 (94)
554 5482 804 5555 Contfp.
859 5482 948 5546 55,
988 5482 1154 5538 CedrI
1186 5502 1241 5554 p.
1271 5488 1395 5547 199,
1437 5486 1574 5545 Ζοη.
1664 5528 1677 5542 .
1714 5486 1816 5543 156
1857 5503 1914 5541 ιη

415 5572 468 5611 e.
504 5556 653 5614 Svm.
685 5555 818 5614 Log.
852 5569 905 5614 ι).
938 5554 1077 5614 M2;
1114 5552 1313 5614 Georg.
1344 5557 1491 5614 Mon.
1526 5574 1579 5614 ι).
1610 5504 1734 5614 ἕω.

333 5552 468 5613 ﬁne.
504 5552 653 5626 Sym.
685 5552 905 5626 Log.p.
938 5552 1313 5626 4|2;_Ge_org.
1344 5557 1491 5617 Mon.
1524 5574 1579 5626 p.

333 5574 468 5613 nne.
504 5574 653 5626 Sym.
685 5574 818 5625 ωε.
893 5593 905 5607 .
938 5574 1077 5615 uz;
1114 5574 1313 5626 ueorg.
1344 5574 1491 5617 mon.
1567 5600 1579 5613 .
1610 5574 1671 5614 at
1687 5574 1734 5613 1.

328 5625 782 5767 Ceg§)pl‘12319pe
824 5574 1216 5682 Lgmstantinus
1270 5642 1454 5683 verus.
1507 5574 1668 5687 80m.
1716 5644 1772 5699 p.
1819 5628 1910 5694 55,

409 5767 521 5838 (96)
535 5762 711 5823 —Cont.
741 5780 793 5835 p.
830 5765 920 5831 55,
949 5762 1110 5819 Cedr.
1146 5780 1198 5834 p.
1228 5766 1349 5825 «199.

630 5858 905 5917 Pri-net.
957 5855 1076 5916 Gn.
1125 5855 1292 5921 CIX.

2094 5140 2207 5211 (9‘7)
2236 5139 2398 5211 (lout.
2436 5155 2489 5209 p.
2522 5139 2611 5211 55,
2650 5139 2787 5193 Zon.
2812 5152 2867 5207 p.
2899 5136 3025 5190 157.

2089 5209 2201 5281 (98)
2241 5209 2402 5281 (ξοιη.
2434 5225 2488 5279 p.
2517 5210 2607 5281 55ζ

2093 5274 2207 5349 (99)
2252 5274 2503 5349 Οοηι.”ι).
2536 5280 2627 5349 55,
2650 5277 2908 5349 Οεάικι).
2946 5274 3070 5332 501.

2120 5342 2370 5420 1)(1ιτότ.
2414 5342 2753 5420 ρῖίὸοιίυὶή
2796 5342 2980 5420 ἀδείας
3015 5342 3212 5420 ευχςῦν.

2112 5411 2166 5482 εἰ)
2195 5420 2356 5475 Cont.
2482 5419 2573 5480 55,
2599 5419 2738 5475 Zon.
2768 5433 2823 5489 ι).
2860 5417 2984 5479 156,
3018 5411 3180 5489 Cetlr.
3230 5411 3444 5489 p._499.
3476 5411 3602 5467 500.

2096 5436 2166 5488 (‘2)
2195 5436 2356 5475 bont.
2433 5460 2446 5471 .
2482 5436 2573 5480 ao,
2599 5436 2738 5475 ιοιι.
2768 5436 2823 5489 p.
2860 5436 2984 5479 100,
3018 5436 3180 5470 heur.
3231 5436 3285 5483 μ.
3317 5436 3444 5474 ουν.
3476 5436 3602 5467 0w.

2096 5491 2174 5565 (5)
2206 5436 2571 5565 Aliimagdunt
2605 5490 2773 5545 etiam
2796 5485 3220 5565 _irn_peratlgiriam
3256 5483 3509 5565 classem;
3541 5489 3604 5538 ut

2021 5551 2188 5615 Cedr.
2214 5576 2271 5629 p.
2299 5560 2425 5622 501,
2459 5569 2515 5614 et
2537 5559 2673 5630 long.
2699 5574 2755 5630 p.
2789 5551 3004 5630 l37',get
3023 5553 3184 5610 Cont.
3205 5570 3260 5626 p.
3292 5554 3361 5610 55
3386 5552 3444 5608 in
3471 5551 3599 5617 ﬁne,

2023 5631 2119 5688 ubi
2144 5627 2293 5700 apud
2319 5631 2484 5686 istum
2518 5628 2613 5682 τοῦ
2645 5627 2966 5700 θέματικοῦ.

2094 5697 2363 5756 ίιὶὉοηι.
2396 5715 2451 5771 p.
2481 5700 2551 5756 55
2582 5701 2636 5755 in
2670 5697 2798 5754 fine.

3144 5851 3222 5909 33
