4136 6438
522 352 661 417 1035

1794 346 2108 405 JOSEPHI
2152 342 2465 406 GENESII

3575 297 3581 303 ’
3671 341 3812 405 1036

508 464 707 539 jubet:
749 462 865 533 ipse
909 469 1093 515 autem
1139 474 1266 523 cum
1307 457 1620 512 innumeris
1673 456 1849 522 copiis
1883 464 2117 525 occupat

2230 455 2409 526 μένειν
2429 452 2595 508 αὐτόν
2790 451 2819 505 6
2850 451 2905 505 δὲ
2970 450 3086 521 ἅμα
3141 453 3318 523 μυρίῳ
3356 452 3420 524 δή
3456 470 3561 506 τινι
3596 455 3812 525 στρατῷ

510 566 712 625 tretum
755 555 899 609 inter
933 551 1155 608 Sestum
1179 560 1236 605 et
1266 550 1541 622 Abydum.
1581 549 1830 618 Cumque
1862 549 2111 603 Pseudo-

510 650 908 715 constantium,
960 663 1124 718 quem
1184 645 1545 717 adoptaverat
1612 645 1668 698 iu
1727 643 1923 708 ﬁlium,
1986 658 2113 698 cum

508 745 749 814 maxima
802 740 1163 805 multitudine
1212 756 1244 794 a
1290 748 1446 809 tergo
1502 736 1840 807 reliquisset,
1888 751 1952 790 ea
1993 750 2118 805 quae

508 841 627 911 ipse
662 836 912 892 nondum
953 840 1282 906 occupasset
1319 839 1376 887 et
1407 832 1618 901 reliqua
1649 838 1835 884 essent
1866 844 2121 900 pergras-

508 932 619 987 sari
648 929 827 1003 jubet.
870 928 979 984 lste
1008 941 1178 997 porro
1208 924 1520 983 daemonum
1574 922 1803 979 monitis
1836 930 1892 977 et
1926 922 2124 977 vatici-

509 1023 623 1078 niis
668 1022 943 1093 impulsus
992 1028 1211 1090 tempus
1250 1028 1307 1073 et
1369 1017 1517 1073 diem
1569 1016 1822 1088 praedicit
1874 1014 2126 1071 convivis

510 1100 641 1171 suis
673 1130 785 1185 quo
830 1113 1244 1183 imperatoriam
1304 1111 1506 1166 urbem
1558 1118 1709 1165 esset
1749 1109 2124 1186 .ingressurus

522 1223 649 1261 cum
678 1206 853 1276 gloria
878 1202 1118 1275 quadam
1152 1199 1445 1257 ineﬂ‘abili.
1476 1202 1710 1272 Jamque
1742 1200 1984 1255 instante
2009 1209 2124 1255 sta-

513 1308 641 1356 tuto
680 1299 774 1354 illo
808 1298 920 1364 die,
961 1297 1019 1352 in
1061 1296 1283 1351 Olbiani
1326 1294 1639 1351 exercitum
1686 1293 1914 1360 incidit;
1966 1294 2126 1364 cujus

509 1393 774 1461 impetum
796 1404 923 1444 cum
952 1388 1021 1444 ad
1043 1389 1205 1443 breve
1233 1396 1449 1443 tantum
1483 1396 1705 1456 tempus
1730 1386 2122 1443 sustinuisset,

446 1474 691 1566 (‘fugam
751 1480 951 1552 arripit
1008 1479 1311 1550 statimque
1372 1478 1610 1549 capitur.
1653 1478 1897 1550 Ejusque
1958 1486 2127 1548 caput

470 1562 764 1649 iegregius
812 1575 905 1630 ille
960 1572 1233 1629 Olbianus
1282 1581 1627 1644 amputatum
1665 1571 1837 1626 mittit
1886 1569 2128 1640 impera-

508 1671 617 1727 tori
684 1666 1124 1725 Michaeli:iste
1176 1674 1371 1721 autem
1434 1664 1627 1720 rebelli
1676 1671 1733 1719 et
1796 1661 1939 1733 patri
2004 1654 2129 1716 falsi

506 1763 752 1819 nominis
783 1761 1131 1817 transmittit.
1177 1758 1289 1816 Sed
1312 1759 1360 1815 is
1396 1757 1537 1813 nihil
1578 1773 1609 1813 a
1647 1755 1932 1812 dementia
1958 1754 2125 1809 remi—

507 1856 602 1921 sit,
648 1870 843 1910 verum
890 1869 1002 1908 una
1051 1867 1179 1907 cum
1220 1852 1398 1907 classe
1442 1866 1474 1905 a
1527 1849 1709 1905 Lesbo
1756 1846 2037 1915 veniente,
2069 1853 2126 1901 et

507 1948 627 2018 ipse
657 1945 1053 2018 hippaginibus
1105 1951 1291 2009 utens,
1339 1951 1507 1999 nocte
1546 1943 1845 1998 observata
1884 1939 2064 2001 illuni,
2094 1955 2125 2007 a

508 2038 790 2093 maritimo
829 2034 1069 2109 quodam
1097 2036 1301 2109 oppido
1331 2034 1482 2106 quod
1520 2034 1589 2092 ab
1629 2034 1779 2090 illius
1806 2033 1915 2089 loci
1945 2032 2127 2087 homi-

514 2131 685 2185 nibus
753 2138 985 2185 vocatur
1050 2128 1424 2193 Horcosium,
1467 2129 1522 2184 in
1579 2129 1818 2184 diversis
1878 2127 2127 2187 Thraciae

510 2226 651 2295 locis
700 2226 843 2281 clam
889 2223 1108 2296 appulit
1171 2222 1498 2292 invenitque
1549 2220 1797 2277 Thraces
1833 2221 2126 2278 universos

524 2319 635 2373 sibi
663 2317 952 2384 addictos;
1004 2313 1260 2387 quamvis
1287 2315 1616 2384 imperator,
1647 2327 1775 2367 cum
1806 2310 1950 2367 fama
1984 2326 2128 2381 nun.,~

509 2410 676 2465 tiaret
735 2407 1005 2464 rebellem
1060 2404 1304 2460 navibus
1372 2403 1632 2475 trajicere
1710 2402 1913 2458 fretum
1979 2400 2125 2473 apud

509 2500 787 2572 Abydum,
855 2495 1167 2553 exercitum
1236 2492 1524 2566 quendam
1585 2493 1698 2577 38
1760 2493 2127 2565 perexiguum

511 2592 797 2648 eduxisset
848 2598 1043 2645 contra
1105 2603 1236 2644 eum
1286 2595 1345 2643 et
1381 2602 1449 2643 ex
1504 2587 1765 2654 omnibus
1807 2586 2128 2653 civitatibus

512 2682 803 2740 Thracicis
832 2680 998 2736 ﬁdem
1030 2679 1223 2735 auxilii
1265 2677 1566 2749 praestandi
1617 2687 1674 2732 et
1712 2678 1996 2734 societatis
2034 2694 2127 2734 ac-

512 2775 773 2845 cepisset.
818 2770 928 2827 Sed
976 2770 1099 2826 istis
1138 2783 1261 2825 eam
1319 2766 1751 2840 negligentibus,
1792 2783 1991 2839 magna
2040 2769 2126 2824 in-

512 2872 797 2922 crementa
820 2864 969 2935 capit
1008 2871 1300 2935 tyrannus,
1338 2860 1429 2916 his
1482 2860 1652 2916 etiam
1699 2861 1768 2916 ad
1815 2876 1942 2916 eum
1993 2877 2127 2917 con-

512 2958 840 3017 ﬂuentibus.
884 2958 1086 3014 Statim
1133 2957 1302 3027 igitur
1347 2955 1657 3028 imperator
1714 2956 1770 3010 in
1802 2956 1999 3011 urbem
2038 2972 2125 3012 re-

511 3054 771 3120 vertitur,
828 3060 995 3123 atque
1044 3058 1109 3106 ut
1156 3050 1368 3107 licebat
1408 3064 1474 3105 ea
1528 3048 1770 3114 firmata,
1828 3058 2125 3109 terrestres

2219 546 2641 617 καταλαμϐάνει
2701 544 2794 598 τὸν
2852 546 3057 615 μεταξὺ
3111 544 3320 616 Σηστοῦ
3351 546 3396 577 ⁸⁸
3433 546 3528 598 καὶ
3586 546 3814 599 Ἀϐύδου

2221 641 2493 713 πορθμὸν,
2526 639 2671 694 κατὰ
2692 638 2864 694 νώτου
2909 640 2967 692 δέ
3001 639 3177 693 λιπὼν
3216 640 3413 693 ἑαυτοῦ
3440 639 3514 711 (6)
3561 642 3653 694 τὸν
3676 641 3815 709 ψευν

2219 735 2649 789 δοκωνστάντιον
2697 734 2793 788 καὶ
2868 734 3169 803 ποιηθέντα
3226 733 3345 786 υἱὸν
3403 732 3522 803 ἅμα
3581 734 3817 806 μεγίστῃ

2222 828 2520 901 δυναστείᾳ
2570 828 2681 883 τῶν
2733 826 3305 900 προκατειλημμένων
3343 826 3496 898 αύτῷ
3529 827 3597 880 τὰ
3646 826 3819 881 λοιπὰ

2223 920 2595 992 καταδραμεῖν
2618 920 2928 991 ἐπιτρέπει.
2952 919 3235 988 Δαιμόνιον
3259 918 3315 970 δέ
3348 918 3426 989 (7)
3457 920 3820 990 εἰσηγήσεσιν

2223 1006 2382 1075 οὗτος
2417 1013 2512 1065 καὶ
2545 1010 2828 1083 μαντείαις
2885 1010 3132 1081 ἠγμένος
3182 1009 3378 1080 χρόνου
3434 1011 3651 1081 ἡμέραν
3705 1012 3819 1075 τοῖς

2227 1104 2535 1175 συμπόταις
2558 1104 2821 1175 προλέγει
2858 1103 2981 1158 καθ’
3021 1104 3080 1156 ὃν
3100 1106 3166 1175 τῇ
3213 1102 3571 1174 βασιλευούσῃ
3630 1104 3824 1175 προέλο

2226 1195 2308 1249 θοι
2342 1195 2496 1248 πόλει
2543 1196 2601 1249 ἐν
2630 1196 2860 1268 ἀρρήτῳ
2894 1194 3023 1266 δόξῃ
3054 1194 3193 1247 τινίο
3247 1193 3347 1265 ἤδη
3410 1192 3467 1247 δέ
3496 1193 3597 1263 τῆς
3623 1193 3826 1265 κυρίας

2229 1288 2496 1358 ἐνστάσης
2546 1286 2719 1357 αὐτῆς
2767 1286 2843 1358 τῷ
2886 1287 2994 1340 ὑπὸ
3038 1285 3131 1339 τὸν
3173 1285 3453 1339 Ὀλόιανὸν
3497 1286 3823 1355 περιπίπτει

2231 1378 2468 1451 στρατῷ,
2531 1373 2594 1433 οὗ
2644 1380 2782 1453 πρὸς
2840 1379 3013 1451 βραχὺ
3052 1378 3128 1450 μὴ
3178 1378 3420 1447 ἐνεγκὼν
3476 1377 3576 1450 τήν
3641 1379 3823 1451 ὁρμὴν

2230 1472 2427 1543 φεύγει
2457 1489 2518 1527 τε
2548 1474 2644 1527 καὶ
2667 1473 2868 1536 εὐθέως
2919 1472 3223 1527 ἁλίσκεται.
3256 1473 3368 1526 Καὶ
3421 1472 3522 1542 τὴν
3576 1470 3824 1542 κεφαλὴν

2228 1566 2394 1622 αὐτοῦ
2448 1567 2477 1620 6
2529 1570 2776 1637 γενναῖος
2836 1566 3132 1628 Ὀλϐιανδς
3186 1564 3435 1637 ἐκτεμὼν
3491 1565 3701 1636 πέμπει
3743 1564 3824 1637 τῷ

2234 1660 2449 1733 βασιλεῖ
2471 1662 2695 1733 Μιχαήλ
2718 1678 2729 1691 ·
2766 1662 2794 1715 6
2825 1661 2882 1715 δέ
2908 1661 2986 1733 τῷ
3028 1660 3306 1733 στασιώτῃ
3332 1660 3537 1730 ταύτην
3564 1662 3657 1713 καὶ
3686 1659 3826 1729 ψευ-

2233 1757 2467 1828 δωνύμιρ
2499 1757 2574 1828 (8)
2607 1756 2932 1811 ἀποστέλλει
2960 1755 3154 1827 πατρί.
3203 1754 3343 1809 Ἀλλ’
3374 1748 3529 1817 οὗτος
3553 1754 3650 1824 μὲν
3667 1753 3824 1807 οὐδέν

2228 1868 2282 1904 τι
2311 1850 2411 1921 τῆς
2441 1850 2706 1914 ἀπονοίας
2736 1850 2950 1921 ἠφίετο,
2994 1848 3110 1903 ἀλλ’
3141 1848 3256 1919 ἅμα
3311 1847 3385 1918 τῷ
3417 1847 3576 1920 νηΐτῃ
3612 1844 3824 1901 Λέσϐο-

2230 1941 2323 1997 θεν
2374 1944 2566 2014 ἥκοντι
2605 1943 2821 2014 στόλῳ,
2887 1942 2982 1996 καὶ
3008 1940 3171 2003 αὐτὸς
3216 1942 3411 1995 ναυσὶν
3472 1941 3825 2009 ἱππαγωγοῖς

2228 2036 2600 2109 κεχρημένος,
2628 2034 2801 2089 νύκτα
2820 2034 3199 2105 διασκοπήσας
3221 2031 3506 2103 ἀσέληνον,
3534 2032 3599 2086 ἐκ
3637 2031 3822 2103 παρά-

2228 2128 2322 2191 λου
2353 2129 2544 2182 τοπίου
2598 2127 2742 2191 τινος
2772 2128 2799 2180 ὃ
2829 2127 2895 2197 δὴ
2942 2126 3081 2196 πρὸς
3103 2125 3211 2179 τῶν
3240 2124 3529 2197 ἐγχωρίων
3566 2122 3824 2178 καλεῖται

2260 2223 2545 2292 Ορκόσιον,
2576 2219 2849 2291 πολλαχοῦ
2882 2217 3208 2291 περαιοῦται
3232 2217 3332 2289 τῆς
3364 2217 3589 2290 Θρᾴκης
3616 2216 3820 2281 λαθὼν,

2229 2313 2408 2385 εὑρὼν
2438 2315 2489 2345 ⁵⁰
2513 2314 2577 2383 δή
2618 2313 2829 2375 πάντας
2864 2311 3085 2383 Θρᾷκας
3114 2311 3423 2383 κατηκόους
3454 2308 3624 2380 αὐτῷ,
3643 2308 3825 2363 καίτοι

2229 2405 2324 2458 τοῦ
2358 2405 2625 2476 βασιλέως
2655 2406 2753 2477 (9),
2814 2406 2904 2458 ὅτε
2951 2404 3016 2476 δή
3073 2405 3235 2477 φήμῃ
3272 2403 3609 2476 περιηγγέλη
3638 2405 3681 2435 ⁵⁸
3745 2403 3825 2467 ὡς

2229 2496 2497 2569 διαϐαίνει
2521 2497 2713 2550 ναυσὶν
2742 2499 2770 2550 6
2799 2495 3117 2566 ἀποστάτης
3168 2495 3261 2550 τὸν
3291 2494 3434 2550 κατὰ
3454 2496 3554 2564 τὴν
3589 2494 3826 2548 Ἀϐυδον

2230 2590 2331 2661 τῆς
2388 2589 2667 2663 θαλάττης
2719 2588 2991 2660 πορθμὸν,
3050 2587 3549 2662 ἐνστρατεύσαντός
3597 2606 3656 2642 τε
3701 2606 3807 2642 κατ

2236 2682 2404 2738 αὑτοῦ
2450 2682 2713 2753 ὀλιγίστῳ
2784 2680 3004 2753 στρατῷ
3051 2682 3151 2739 καὶ
3227 2683 3295 2739 ὲκ
3364 2680 3555 2736 πασῶν
3614 2680 3827 2735 πόλεων

2233 2776 2524 2848 Θρᾳκικῶν
2563 2776 2637 2841 ὼς
2672 2775 3095 2847 συμμαχήσουσι
3137 2774 3347 2847 βασιλεῖ
3381 2773 3611 2848 ’πίστεις
3638 2774 3831 2829 λαὸόνω

2228 2846 2354 2933 τος)
2413 2870 2564 2934 ὅμως
2617 2868 2824 2933 ταύτας
2882 2855 3104 2934 ἁπάσας
3140 2846 3293 2939 παρ’
3357 2846 3512 2921 θ’ύδέν
3580 2865 3827 2937 θεμένων

2229 2962 2410 3017 αὐτῶν
2436 2962 2573 3033 (10),
2604 2963 2774 3028 πολὺς
2804 2963 2831 3016 6
2855 2961 3128 3033 τύραννος
3168 2961 3435 3032 ἐγεγόνει,
3479 2962 3574 3016 καὶ
3617 2960 3829 3015 τούτων

2235 3056 2627 3127 προσρυέντων
2676 3054 2849 3128 αὐτῷ.
2904 3058 3264 3129 Παραχρῆμα
3310 3057 3338 3108 6
3392 3054 3651 3125 βασιλεὺς
3686 3054 3828 3125 πρὸς

513 3145 679 3203 simul
724 3153 783 3201 et
827 3143 1054 3199 navales
1083 3141 1311 3214 collegit
1367 3140 1560 3211 copias
1610 3155 1677 3197 ex
1719 3140 2123 3207 Orientalibus,

2230 3149 2330 3218 τὴν
2381 3149 2538 3203 πόλιν
2592 3149 2882 3203 ὑπονοστεῖ
2924 3149 3063 3221 (11),
3104 3148 3199 3202 καὶ
3257 3147 3334 3218 ὼς
3407 3147 3536 3218 ἐνῆν
3585 3148 3654 3201 τὰ
3704 3146 3828 3201 κατ’

514 3237 609 3307 qui
662 3243 787 3307 post
841 3234 1153 3291 discessum
1206 3233 1512 3289 desertoris
1558 3234 1672 3306 jam
1727 3232 2125 3303 aliquantisper

2237 3242 2411 3309 αὐτὴν
2443 3242 3082 3311 ἀσφαλέσταταδιαθεὶς,
3107 3241 3274 3307 πεζὸν
3320 3242 3438 3313 ἅμα
3491 3241 3589 3296 καὶ
3637 3258 3829 3296 ναυτι-

517 3326 810 3401 tyrannide
841 3326 1062 3383 liberati
1106 3335 1286 3382 erant.
1318 3325 1556 3382 Immisit
1593 3334 1781 3382 autem
1829 3326 2132 3397 imperator

513 3424 682 3480 etiam
725 3422 910 3495 ignem
961 3422 1226 3478 bellicum
1274 3421 1537 3488 navibus,
1571 3429 1739 3494 atque
1775 3421 2012 3478 ferream
2040 3436 2132 3477 ca—

516 3524 707 3572 tenam
763 3514 832 3569 ab
879 3529 1009 3570 arce
1041 3528 1218 3585 usque
1249 3514 1308 3569 in
1354 3515 1643 3570 castellum
1674 3530 1742 3569 ex
1776 3514 2009 3571 adverso
2037 3530 2133 3569 ex-

519 3607 723 3672 tendit,
757 3623 827 3661 ne
871 3606 1029 3661 urbis
1060 3607 1232 3663 Keras
1272 3606 1422 3677 quod
1452 3610 1689 3663 vocatur
1734 3606 1796 3673 (i.
1828 3623 1881 3661 e.
1916 3605 2127 3676 Cornu)

518 3703 590 3758 ab
646 3700 842 3756 hostili
888 3700 1064 3757 classe
1122 3699 1507 3756 infestaretur.
1552 3699 1731 3755 Porro
1776 3699 2130 3771 Gregorium,

519 3793 616 3864 qui
646 3792 778 3848 olim
811 3790 1038 3863 quidem
1064 3790 1248 3847 fuerat
1282 3789 1394 3845 dux
1426 3789 1704 3856 militaris,
1732 3789 1830 3845 sed
1865 3789 1921 3844 in
1947 3788 2131 3844 oll'en-

520 3887 737 3942 sionem
773 3883 1125 3955 imperatoris
1159 3891 1389 3937 venerat
1418 3890 1585 3953 atque
1616 3881 1688 3937 ob
1713 3881 1769 3936 id
1798 3881 1853 3936 in
1892 3880 2127 3953 Scyrum

519 3994 687 4036 unam
722 3993 791 4034 ex
832 3976 1163 4049 Cycladibus
1197 3975 1396 4032 insulis
1431 3976 1707 4047 relegatus
1737 3975 1942 4041 fuerat,
1979 3975 2130 4031 hunc

520 4063 749 4144 inquam
789 4082 985 4127 nactus
1014 4072 1290 4136 desertor,
1332 4076 1529 4142 utpote
1561 4070 1631 4126 ad
1674 4069 1857 4141 ipsum
1900 4084 1960 4125 se
1992 4084 2129 4125 con-

516 4165 812 4232 ferentem,
843 4163 1074 4235 praeli‘cit
1100 4162 1371 4221 exercitui
1420 4161 1617 4218 decem
1664 4161 1818 4217 mille
1854 4162 2125 4229 virorum,

519 4268 687 4328 atque
730 4257 880 4313 hunc
909 4270 1315 4327 praecursorem
1364 4270 1528 4310 suum
1574 4254 1847 4325 adversus
1888 4253 2130 4324 impera-

522 4349 720 4403 toriam
780 4348 976 4403 urbem
1041 4347 1251 4413 mittit,
1304 4347 1470 4401 simul
1528 4356 1715 4402 autem
1778 4356 1835 4415 et
1894 4338 2127 4401 classem

518 4441 919 4510 nauticumque
974 4440 1303 4506 exercitum,
1354 4447 1415 4493 ut
1445 4439 1610 4494 ambo
1649 4439 1846 4507 eodem
1879 4448 2126 4509 tempore

2236 3333 2398 3388 κδν⁵²
2460 3335 2804 3405 συναθροίζει
2855 3335 3086 3406 στρατὸν
3137 3335 3203 3389 ἐκ
3264 3335 3374 3390 τῶν
3404 3334 3525 3399 κατ’
3555 3335 3827 3405 ἀνατολὴν

2234 3428 2336 3500 ήδη
2368 3427 2463 3483 τοῦ
2511 3428 2825 3483 ἀποστάτου
2854 3420 3315 3499 ὑποχωρήσαντος
3336 3428 3473 3499 πρός
3501 3445 3569 3497 γε
3616 3428 3830 3499 βραχὺν

2235 3519 2490 3591 χρόνον⁸³
2509 3520 2623 3590 (12)
2660 3520 2762 3590 τῆς
2790 3518 3110 3590 τυραννίδος
3132 3518 3597 3590 ἀπηλλαγμένων.
3617 3519 3828 3590 Ἐνίησι

2234 3611 2293 3668 δὲ
2322 3611 2577 3684 βασιλεὺς
2607 3612 2702 3665 καὶ
2728 3610 2839 3683 πῦρ
2864 3611 3295 3682 πολεμιστήριον
3329 3613 3453 3675 ταῖς
3495 3611 3657 3665 ναυσὶ
3681 3612 3822 3681 (15),

2236 3707 2336 3760 καὶ
2361 3705 2459 3774 τὴν
2481 3704 2709 3776 σιδηρᾶν
2745 3706 2958 3775 σχοῖνον
2982 3704 3078 3759 ἀπ’
3128 3703 3486 3775 ἀκροπόλεως
3534 3704 3694 3773 μέχρι
3722 3704 3821 3757 τοῦ

2233 3797 2473 3869 πέραθεν
2496 3797 2762 3870 φρουρίου
2796 3797 3055 3852 διέτεινεν
3083 3796 3219 3869 (14),
3257 3798 3334 3862 ὡς
3356 3798 3423 3853 ἂν
3451 3798 3513 3852 τὸ
3544 3797 3683 3852 κατὰ
3714 3797 3820 3867 τήν

2232 3892 2393 3947 πόλιν
2449 3891 2791 3971 καλούμενον
2829 3891 3019 3963 Κέρας
3075 3890 3153 3963 μὴ
3200 3891 3265 3946 ἐκ
3313 3890 3409 3945 τού
3463 3891 3654 3947 στόλου
3710 3891 3824 3966 τῷν

2231 3983 2545 4039 ἀντιπάλων
2564 3982 2916 4054 πημαίνοιτο.
2943 3982 3246 4055 Γρηγόριον
3278 3984 3295 4054 (
3306 3982 3392 4052 15)
3414 3983 3495 4049 δέ,
3534 3982 3700 4037 πάλαι
3724 3982 3827 4053 μὲν

2231 4075 2655 4151 χρηματίσαντα
2712 4076 3024 4148 στρατηγόν
3051 4118 3066 4144 ,
3127 4076 3198 4130 δι’
3260 4075 3440 4141 αίτίας
3501 4075 3559 4129 δέ
3611 4074 3828 4147 βασιλεῖ

2230 4171 2495 4243 γεγονότα
2546 4169 2643 4225 καὶ
2699 4168 2790 4225 διὰ
2853 4170 3014 4233 τοῦτο
3065 4169 3149 4233 είς
3209 4168 3465 4238 Σκῦρον,
3527 4168 3656 4238 μίαν
3714 4169 3823 4222 τῶν

2230 4263 2532 4320 Κυκλάδων
2562 4264 2764 4334 νήσων,
2782 4260 3219 4332 φυγαδευθέντα,
3233 4260 3416 4316 λαϐὼν
3433 4260 3461 4314 6
3484 4261 3822 4331 ἀποστάτης,

2229 4350 2327 4406 ﬁse
2358 4351 2421 4421 δή
2451 4352 2930 4421 προσχωρήσαντα
2949 4349 3118 4421 αὐτῷ,
3143 4352 3445 4422 χειροτονεῖ
3471 4350 3825 4421 στρατεύμα-

2229 4458 2322 4507 τος
2350 4442 2599 4514 ήγεμόνα
2631 4442 2845 4514 μυρίων
2895 4443 3129 4515 ἀνδρῶν,
3186 4444 3282 4498 καὶ
3335 4444 3528 4499 τοῦτον
3590 4444 3822 4515 πρόδροα

519 4532 1040 4602 Constantinopolin
1068 4533 1444 4603 pervenirent.
1481 4530 1541 4586 ld
1574 4531 1724 4609 quod
1775 4530 1887 4586 cito
1926 4530 2119 4593 admo-

2231 4552 2333 4605 μον
2363 4534 2476 4605 (16)
2503 4533 2667 4588 αὑτοῦ
2714 4533 2860 4588 κατὰ
2890 4534 2991 4605 τῆς
3026 4533 3420 4605 βασιλευούσης
3472 4535 3819 4605 προπέμπει,

521 4625 655 4679 dum
702 4624 907 4679 factum
941 4624 1067 4693 fuit,
1096 4638 1223 4680 cum
1270 4625 1665 4681 convenissent
1700 4634 1842 4691 terra
1870 4626 2121 4696 marique

522 4715 597 4771 ad
631 4716 858 4787 Barbysi
911 4716 1062 4772 ﬂuvii
1118 4718 1280 4782 ostia,
1346 4732 1529 4788 neque
1570 4717 1747 4773 ferrea
1800 4716 1893 4773 illa
1928 4728 2124 4773 catena

522 4811 788 4867 valuisset
808 4809 1105 4880 prohibere
1122 4810 1422 4865 adventum
1443 4811 1665 4866 navium
1683 4810 1989 4865 hostilium.
2010 4810 2123 4867 Nec

2230 4625 2372 4689 ἀλλὰ
2494 4627 2589 4680 καὶ
2621 4626 2807 4680 στόλον
2841 4626 3110 4685 ναυτίλων
3160 4627 3393 4699 ἀνδρῶν,
3435 4627 3523 4681 ἵνα
3555 4625 3619 4696 δὴ
3650 4626 3823 4697 ἄμφω

2233 4717 2376 4771 κατὰ
2407 4716 2604 4771 ταυτὸν
2632 4718 2678 4750 ⁵⁸
2712 4718 2769 4771 ἐν
2791 4720 2859 4790 τῇ
2901 4718 3316 4773 Κωνσταντίνου
3357 4719 3605 4788 γένοιντο.
3638 4718 3821 4775 πόλει.
3900 4750 3907 4757 ο

2231 4810 2344 4865 Καὶ
2376 4809 2440 4881 δὴ
2484 4811 2679 4879 γέγονε
2730 4809 2892 4864 τοῦτο
2942 4810 3157 4880 ταχέως
3185 4811 3253 4878 ⁵⁵,
3316 4810 3668 4873 συνελθόντες
3703 4808 3817 4879 (17)

1808 4947 2051 5005 VARUE
2091 4946 2512 5004 LECTlONES.

629 5040 675 5073 δ’
696 5026 910 5094 σειστοῦ
935 5039 995 5096 L.
1150 5042 1197 5073 '°
1237 5040 1413 5111 εὑρὼν
1439 5042 1495 5095 δέ
1536 5041 1598 5094 L.

1714 5042 1759 5112 l"
1800 5042 1960 5112 φήμη
1994 5042 2349 5111 περιηγγέλει
2380 5041 2443 5095 L.

526 5113 643 5167 κῶν
670 5130 699 5165 ο
728 5128 901 5184 supra
935 5114 1130 5185 script.
1211 5113 1257 5145 ⁵³
1282 5113 1459 5184 βραχὺ
1493 5112 1687 5183 χρόνον
1715 5111 1779 5168 L.
1816 5111 1891 5144 7“
1923 5112 2046 5166 κατ’
2076 5114 2242 5166 αὑτὸν
2260 5114 2321 5167 1..

2555 5042 2600 5074 ⁵·
2633 5043 2816 5115 πεζῷν
2855 5060 2884 5095 ο
2912 5057 3078 5113 supra
3132 5042 3305 5115 script
3357 5044 3473 5115 ἅμα
3505 5043 3598 5096 καὶ
3628 5059 3820 5097 ναυτι-

2405 5114 2451 5145 ³¹¹³
2476 5114 2718 5184 ταχαίως
2754 5114 2815 5167 L.

1790 5253 2035 5316 STEPH.
2073 5255 2427 5315 BERGLERI
2466 5257 2702 5313 NOTAE.

598 5353 877 5427 (ὄλϐων.
916 5371 970 5427 p.
1008 5354 1132 5411 501.
1182 5354 1305 5411 Non
1331 5362 1561 5426 apparet
1593 5368 1703 5424 quo
1731 5354 1992 5425 respiciat
2018 5355 2118 5409 αύ-

523 5426 636 5482 τόν.
670 5426 832 5481 Cont.
868 5426 931 5495 p.
949 5427 1036 5480 56.

600 5497 677 5568 (6)
704 5496 865 5552 Cont.
902 5513 956 5566 p.
988 5498 1078 5561 56,
1117 5496 1283 5568 Cedr.
1327 5513 1384 5566 p.
1409 5496 1551 5568 750l.

594 5567 674 5640 (7)
704 5568 863 5640 Cont.
909 5584 964 5636 p.
996 5569 1085 5631 56,
1121 5567 1283 5640 Cedr.
1312 5584 1367 5637 p.
1402 5567 1528 5621 501.

599 5637 676 5711 (8)
710 5640 778 5691 Et
801 5638 893 5691 hic
920 5638 1260 5711 contrarium
1286 5643 1407 5711 ejus
1434 5638 1583 5711 quod
1610 5637 1732 5711 vult
1751 5637 1900 5711 dicit
1933 5654 1947 5691 :
1991 5655 2116 5695 nam

526 5707 649 5782 non
669 5718 844 5782 pater,
872 5707 963 5762 sed
1011 5708 1174 5782 titius;
1187 5707 1479 5782 adoptivus
1508 5710 1613 5764 fuit
1634 5709 2010 5782 ψευδώνυμος.

600 5776 878 5850 (iacent.
926 5795 979 5847 p.
1016 5779 1105 5850 56,
1136 5776 1310 5850 (ἰείη-ξ
1335 5796 1391 5850 p.
1419 5781 1545 5834 502.

601 5845 713 5915 (10)
747 5845 1002 5918 (ὶυιιῑίρ.
1035 5849 1126 5916 56,
1166 5845 1353 5904 ΟεάτῘ
1380 5868 1433 5921 p.
1467 5850 1590 5905 502.

2296 5358 2409 5426 (ll)
2440 5356 2602 5410 Cont.
2639 5372 2695 5424 p.
2724 5354 2815 5419 56,
2839 5354 3003 5411 Cedr.
3041 5369 3097 5424 p.
3126 5354 3250 5410 502.

2296 5424 2406 5497 (12)
2447 5428 2527 5481 lta
2555 5438 2703 5481 recte
2727 5442 2853 5492 ms.,
2887 5427 3075 5481 nescio
3106 5436 3290 5480 tamen
3327 5424 3452 5494 quis
3485 5425 3540 5480 in
3567 5426 3817 5497 margine

2222 5500 2441 5555 Bosiani
2472 5515 2661 5570 apogr.
2696 5500 2983 5553 annotavit
3006 5500 3126 5570 leg.
3158 5498 3389 5567 χρόνων.

2302 5571 2417 5637 (15)
2442 5568 2642 5625 Alieno
2681 5570 2799 5623 haec
2833 5569 2955 5623 loco
2987 5568 3055 5623 de
3092 5570 3238 5639 igne.

2293 5642 2406 5708 (1.1)
2437 5641 2600 5696 Cont.
2629 5658 2684 5711 p.
2720 5640 2809 5703 56,
2836 5641 2939 5705 57;
2970 5639 3134 5695 Cedr.
3163 5656 3219 5709 p.
3254 5639 3394 5705 509.;
3426 5639 3561 5694 Zon.
3598 5654 3654 5709 p.
3688 5640 3814 5696 157.

2295 5712 2406 5782 (15)
2443 5712 2603 5767 Cont.
2638 5729 2693 5782 p.
2743 5714 2832 5773 57,
2871 5712 3033 5767 ϐοάν.
3064 5728 3119 5781 p.
3153 5711 3277 5765 5022.
3714 5752 3719 5757 .

2294 5781 2407 5847 (⁷16)
2436 5782 2597 5837 Cont.
2642 5781 2697 5850 p.
2740 5783 2830 5845 57,
2856 5783 3021 5837 Cedr.
3069 5799 3124 5852 p.
3151 5781 3274 5835 50').

2294 5853 2406 5921 H7)
2436 5854 2574 5909 Ibid.
2614 5855 2701 5909 19.
2733 5850 3133 5924 Requireretur
3164 5853 3549 5908 συνελθὸντωνο
3580 5850 3675 5907 scd
3711 5865 3817 5923 pro
