4136 6420
417 379 548 447 10M

1763 390 2037 484 REGUM
2075 385 2224 458 LIB.
2253 397 2336 458 II.

400 499 504 572 ήδη
554 498 654 571 τὴν
711 499 938 573 πρώτην
999 500 1362 574 δεκαετηρίδα
1433 503 1810 576 συνεπλήρουν
1864 524 1994 579 σχε-

2100 511 2337 582 primum
2357 513 2693 571 decennium
2718 517 3006 588 implebat.
3024 517 3130 576 Sed
3151 519 3477 590 imperator,
3497 535 3692 591 quam-

399 592 488 645 δὸν
545 591 683 662 (50).
744 593 1041 665 Ἀποδοχῆς
1096 595 1154 648 δὲ
1210 594 1460 668 μεγάλης
1511 598 1540 652 ὁ
1596 597 1854 668 βασιλεὺς
1896 599 1998 670 τὴν

401 683 631 758 γνώμην
683 685 866 740 αὐτῶν
938 687 1098 753 ἀξίαν
1146 688 1191 721 ⁸⁷
1258 689 1452 762 κρίνας
1512 691 1867 761 ἀπολογεῖται
1920 693 1998 765 μὴ

399 781 602 852 χρῆναι
665 781 794 844 τούς
847 781 942 836 ἐπὶ
997 782 1254 837 τοσοῦτον
1308 785 1500 855 χρόνον
1564 785 1999 858 ὡμολογηκότας

401 872 806 942 Χριστιανικῶν
846 875 1098 946 αἱμάτων
1141 873 1443 945 ἀφέξεσθαι
1480 877 1577 931 ἐπὶ
1604 877 1683 949 τῷ
1708 878 1819 932 τῶν
1869 897 1998 933 στα-

401 968 616 1022 σιωτῶν
639 966 866 1038 πολέμῳ
889 968 958 1022 τά
988 966 1170 1033 καλῶς
1201 969 1436 1035 δόξαντα
1465 971 1802 1026 καταλύειν·
1839 973 1995 1041 φιλο-

399 1058 817 1129 φρονησάμενος
845 1058 904 1113 δὲ
937 1060 1135 1125 αὐτοὺς
1179 1062 1279 1131 τῆς
1308 1063 1624 1134 προθυμίας
1657 1063 1824 1129 ἀξίως
1857 1065 1996 1136 προς

397 1151 498 1221 τὴν
530 1150 741 1205 ἑαυτῶν
766 1153 1112 1208 ἀποστέλλει.
1175 1155 1317 1209 Ἀλλ’
1353 1148 1504 1210 οὗτοι
1537 1159 1638 1228 μὲν
1675 1161 1798 1213 κατ’
1837 1161 1996 1215 οὐδὲν

399 1243 508 1298 τῶν
537 1242 633 1298 τοῦ
665 1243 932 1315 βασιλέως
979 1247 1371 1318 φροντίσαντες
1417 1249 1595 1318 λόγων
1629 1251 1776 1308 κατά
1810 1271 1870 1307 τε
1897 1252 1994 1307 τού

396 1341 662 1414 τυράννου
695 1341 1056 1414 στρατεύουσι
1089 1343 1186 1399 καὶ
1229 1345 1310 1406 εἰς
1356 1343 1426 1399 τά
1473 1344 1767 1416 Ῥωμαίων
1797 1345 1993 1400 είσϐαο

395 1433 582 1497 λόντες
639 1434 748 1504 ήθη
801 1435 944 1489 κατὰ
993 1437 1086 1490 τὸν
1141 1436 1462 1508 Κηδούκτου
1505 1437 1619 1508 (5|)
1653 1437 1996 1508 καλούμενον

397 1523 926 1594 στρατοπεδεύονται
983 1525 1183 1596 χῶρον.
1231 1527 1439 1594 Μαθὼν
1483 1527 1543 1580 δὲ
1600 1529 1628 1580 ὁ
1675 1529 1994 1600 ἀποστάτης

395 1616 499 1685 τὴν
538 1615 661 1670 κατ’
707 1617 874 1672 αὐτοῦ
919 1618 1028 1672 τῶν
1071 1618 1406 1689 Βουλγάρων
1446 1620 1659 1690 ἔφοδον,
1689 1621 1786 1675 τοῦ
1819 1639 1993 1678 κατα-

395 1705 712 1778 λειφθέντος
758 1708 910 1781 αὑτῷ
958 1711 1214 1765 ναυτικοῦ
1273 1712 1432 1782 λόγον
1488 1714 1683 1769 οὐδένα
1727 1717 1987 1784 ποιεῖται,

395 1800 522 1854 ὅθεν
552 1801 664 1872 (52)
695 1801 761 1874 δὴ
789 1803 947 1857 τοῦτο
979 1805 1088 1858 πᾶν
1123 1803 1201 1875 τῷ
1235 1805 1449 1876 βασιλεῖ
1479 1808 1828 1880 προσχωρείο
1871 1807 1990 1878 (55)

2103 603 2188 659 vis
2238 619 2575 676 magnopere
2628 607 2975 678 probandam
3023 609 3302 681 judicaret
3353 611 3699 670 voluntatem

2102 697 2374 767 ipsorum,
2397 715 2456 754 se
2477 701 2784 768 excusavit,
2811 703 2960 759 haud
2977 717 3238 774 oportere
3267 722 3365 762 eos
3391 707 3536 763 inter
3560 724 3702 778 quos

2100 796 2438 843 conventum
2467 790 2540 846 sit
2570 800 2722 847 tanto
2750 800 2998 864 tempore
3029 795 3138 868 52
3168 797 3449 854 abstinere
3476 815 3509 854 a
3534 799 3702 856 Chri-

2100 879 2284 935 stiano
2311 881 2604 952 sanguine,
2637 895 2868 956 propter
2894 886 3189 944 rebellium
3234 889 3442 946 bellum
3481 908 3544 947 ea
3579 909 3704 964 qua:

2101 978 2253 1025 recte
2289 971 2622 1040 probassent
2661 983 2719 1031 et
2755 975 3139 1034 decrevissent
3178 981 3522 1038 rescindere.
3551 983 3702 1039 Con-

2099 1062 2265 1134 digne
2311 1080 2446 1137 ergo
2476 1082 2578 1137 pro
2611 1068 2859 1138 ipsorum
2907 1073 3352 1143 promptitudine
3390 1083 3558 1147 atque
3592 1076 3702 1132 hu-

2099 1173 2262 1212 mane
2285 1167 2549 1228 exceptos
2578 1159 2911 1231 habitosque
2942 1162 2998 1218 in
3035 1164 3274 1235 patr-iam
3306 1165 3558 1221 dimittit.
3592 1165 3703 1222 Sed

2099 1247 2212 1312 isti,
2253 1248 2395 1305 nihil
2429 1259 2691 1306 curantes
2719 1251 3076 1322 imperatoris
3107 1254 3279 1320 dicta,
3319 1254 3591 1313 adversus
3623 1265 3707 1329 ty-

2100 1356 2334 1396 rannum
2363 1341 2566 1398 infesto
2597 1346 2843 1401 exercitu
2877 1346 3330 1416 proficiscuntur,
3363 1358 3530 1420 atque
3555 1350 3704 1422 apud

2097 1432 2325 1488 Cedocti
2387 1435 2572 1491 locum
2625 1436 2698 1492 ita
2751 1438 2963 1494 dict-um
3007 1448 3188 1496 castra
3239 1450 3475 1511 ponunt.
3529 1442 3706 1499 Porro

2097 1523 2375 1591 desertor,
2407 1527 2633 1598 cognito
2657 1527 3020 1600 Bulgarornm
3050 1531 3244 1586 hostili
3284 1531 3554 1598 adventu,
3609 1549 3704 1591 re-

2095 1615 2494 1688 lictusquidem
2522 1634 2552 1674 a
2589 1635 2648 1676 se
2694 1621 2890 1676 classis
2923 1620 3194 1676 rationem
3230 1621 3400 1678 habet
3440 1621 3652 1678 nullam
3685 1641 3700 1689 ;

2096 1710 2244 1766 unde
2276 1711 2445 1768 etiam
2474 1728 2538 1768 ea
2585 1721 2696 1769 tota
2730 1714 3054 1784 imperatori
3095 1730 3155 1770 se
3203 1715 3498 1788 adjunxit:
3553 1724 3705 1773 totus

2097 1814 2283 1860 autem
2342 1807 2595 1862 terrestri
2653 1808 2926 1864 exercitui
2972 1809 3225 1865 intentus
3268 1809 3338 1864 ab
3389 1808 3700 1867 obsidenda

3563 408 3705 474 1042
3800 361 3810 371 ’
3871 471 3896 495 ,

395 1891 519 1956 ὅλος
546 1893 604 1948 δὲ
631 1893 727 1950 τοῦ
762 1894 930 1960 πεξοῦ
961 1896 1198 1968 στρατοῦ
1230 1897 1474 1967 γεγονὼς
1505 1899 1734 1972 ἀπαίρει
1777 1900 1877 1971 μὲν
1899 1898 1994 1954 τοῦ

2101 1895 2239 1951 urbe
2271 1896 2508 1951 discedit
2539 1907 2596 1954 et
2618 1899 2764 1968 apud
2790 1889 3116 1969 praedictum
3150 1899 3334 1956 locum
3369 1914 3704 1971 congressus

396 1985 788 2058 προσεδρεύειν
816 1991 882 2060 τῇ
915 1989 1092 2056 πόλει,
1125 1989 1268 2048 κατά
1290 1990 1354 2043 δὲ
1378 1990 1438 2044 τὸ
1465 1991 1760 2063 εἰρημένον
1790 1989 1994 2062 χωρίον

2100 2006 2224 2046 cum
2270 1991 2522 2062 Bnlgaris
2570 1993 2782 2064 ingenti
2829 1992 2986 2050 clade
3041 1993 3301 2060 afﬁcitur,
3360 1993 3702 2064 plurimique

395 2078 728 2150 προσϐαλὼν
777 2083 912 2144 τοῖς·
940 2083 1277 2156 Βουλγάροις
1351 2085 1496 2138 κατά
1553 2083 1758 2154 κράτος
1823 2084 1994 2156 ἡττᾶ-

2100 2099 2327 2140 suorum
2368 2085 2703 2142 occiduntur
2746 2095 2803 2142 et
2855 2096 3200 2154 cremantur,
3258 2087 3457 2159 reliqui
3514 2096 3702 2143 autem

394 2187 486 2226 ⁶ται
532 2170 665 2242 (56).
726 2173 838 2227 Καὶ
866 2173 1112 2233 πλεῖστοι
1153 2175 1262 2244 μὲν
1313 2175 1424 2251 τῶν
1471 2175 1640 2230 αὐτοῦ
1683 2175 1992 2230 κτείνονται

2100 2187 2368 2246 quantum
2417 2189 2653 2249 possunt
2711 2180 2987 2251 fugientes
3039 2180 3459 2251 disperguntur.
3517 2178 3704 2236 Multis

397 2264 496 2316 καὶ
544 2263 950 2335 πυρπολοῦνται
1005 2266 1122 2338 (55)
1176 2266 1314 2339 πρὸς
1359 2245 1596 2324 τούτων·
1637 2269 1688 2322 οἱ
1721 2267 1781 2322 δὲ
1831 2285 1992 2339 περι-

2100 2245 2282 2326 autem
2315 2245 2506 2340 spoliis
2536 2245 2799 2328 hostiumv
2817 2273 3093 2344 congestis
3127 2245 3343 2344 iiulgari
3375 2273 3430 2328 in
3464 2272 3700 2344 patriam

394 2355 714 2428 λειφθέντες
766 2358 880 2430 (56)
940 2360 1016 2425 ὡς
1097 2355 1246 2432 εἶχον
1308 2361 1538 2426 σθένους
1597 2360 1994 2416 σκεδάννυνταί

2100 2371 2482 2418 revertuntur.
3689 2371 3695 2373 ’

397 2471 525 2511 που.
590 2455 756 2511 Λείαν
825 2456 886 2516 δὲ
949 2457 1152 2530 πολλὴν
1213 2458 1324 2513 τῶν
1385 2459 1662 2530 πολεμίων
1717 2459 1767 2513 οἱ
1822 2458 2125 2530 Βούλγαροι
2155 2461 2620 2532 συμφορήσαντες
2682 2463 2818 2533 πρὸς
2891 2463 2990 2518 τὴν
3055 2464 3264 2518 ἑαυτῶν
3323 2463 3702 2536 ὑποστρέφου-

398 2565 509 2605 σιν.

469 2642 586 2698 οὐκ
628 2643 898 2716 ἀπολήγει
940 2643 1000 2698 δὲ
1041 2644 1138 2700 καὶ
1183 2643 1358 2708 οὕτως
1407 2641 1624 2716 πράξας
1668 2645 1859 2708 κακῶς
1888 2648 1990 2716 τῆς

397 2732 663 2796 ἀπονοίας
699 2736 728 2788 ὁ
753 2733 1042 2807 τύραννος,
1085 2735 1222 2790 ἀλλά
1267 2737 1397 2800 τοὺς
1436 2737 1837 2800 σκεδασθέντας
1866 2736 1990 2790 συλ-

2166 2644 2289 2699 Non
2325 2642 2535 2700 desinit
2573 2653 2782 2706 tamen,
2820 2643 3074 2714 quamvis
3109 2658 3170 2697 rc
3218 2641 3292 2697 ila
3335 2640 3480 2697 male
3527 2648 3702 2711 gesta,

2101 2745 2378 2809 tyrannus
2427 2736 2697 2793 insanire.
2737 2735 2846 2791 Sed
2883 2745 3176 2806 postquam
3219 2735 3502 2805 dispersos
3530 2734 3706 2790 colle-

396 2825 560 2893 λέξας
611 2823 761 2900 [καὶ]
805 2829 945 2899 πρὸς
995 2829 1100 2901 τήν
1151 2828 1497 2900 καλουμένην
1541 2829 1805 2884 Διάδασιν
1853 2830 1992 2900 (57),

398 2918 498 2975 ἆτε
529 2919 598 2992 δὴ
626 2920 764 2991 πρὸς
801 2920 864 2974 τὸ
912 2922 1379 2994 στρατοπεδεῦσαι
1433 2921 1614 2977 πάντα
1657 2921 1825 2977 οὖσαν
1869 2925 1994 2977 ἑπι-

399 3012 622 3084 τηδείαν
643 3012 786 3084 (58),
821 3013 911 3069 διά
949 3032 1009 3070 τε
1036 3014 1135 3088 τὴν
1159 3015 1270 3069 τῶν
1305 3016 1489 3069 ἵππων
1519 3016 1692 3087 νομὴν
1715 3017 1812 3069 καὶ
1854 3016 1996 3085 πρὸς

400 3105 504 3175 τὴν
577 3106 748 3177 ἀλλην
806 3107 999 3180 χρείαν
1062 3108 1174 3162 τῶν
1228 3107 1540 3180 ἀνθρώπων
1606 3108 1996 3180 ἀφθονωτέραν

399 3197 802 3266 τυγχάνουσαν,
842 3201 1025 3254 ἐκεῖσε
1059 3199 1355 3272 σκηνοῘηαι
1387 3200 1466 3270 τῷ
1493 3201 1725 3272 τέλματι
1758 3198 1853 3254 τοῦ
1886 3218 1996 3270 χωο

403 3290 526 3362 ρίου
581 3291 902 3365 θαρρήσας,
963 3293 1178 3349 ἐκεῖθέν
1243 3311 1306 3348 τε
1367 3292 1560 3365 ὥσπερ
1631 3293 1693 3358 ἐξ
1748 3295 1994 3366 ἀκροπό-

2097 2833 2292 2905 gisset,
2322 2829 2479 2885 ducit
2514 2828 2585 2885 ad
2612 2827 2875 2884 Diabasin
2905 2828 3090 2884 locum
3124 2828 3199 2883 ita
3234 2826 3468 2890 dictum,
3507 2825 3706 2884 castris

2100 2924 2330 2982 omnino
2365 2922 2654 2986 idoneum,
2702 2921 2922 2991 pabulis
2951 2935 3224 2991 equorum
3269 2919 3547 2988 rebusque
3580 2916 3708 2973 aliis

2101 3018 2171 3072 ad
2197 3030 2330 3071 usus
2361 3012 2654 3069 hominum
2677 3011 3142 3067 abundantiorem
3175 3027 3189 3064 :
3214 3007 3707 3064 illictabernacula

2100 3108 2282 3178 ponit,
2318 3104 2522 3176 palude
2565 3102 2717 3158 illius
2753 3101 2860 3157 loci
2891 3107 3073 3156 tutum
3101 3115 3160 3155 se
3185 3098 3304 3154 fore
3335 3105 3512 3162 ratus,
3537 3105 3707 3167 atque

2103 3197 2235 3253 inde
2265 3206 2529 3266 tanquam
2557 3207 2626 3248 ex
2655 3207 2782 3248 arce
2804 3206 2975 3246 verus
3004 3199 3295 3262 tyrannus.
3319 3186 3546 3244 crebras
3575 3185 3707 3240 facit

2104 3290 2458 3348 incursiones
2507 3285 2904 3359 proximosque
2955 3283 3112 3339 vicos
3171 3281 3448 3336 incendiis
3499 3287 3702 3335 vastat.
3781 3345 3788 3352 ι

403 3383 541 3449 λεως
574 3385 710 3456 (59),
746 3385 919 3451 ὅντως
948 3386 1216 3460 τύραννος
1253 3386 1352 3452 ὢν,
1386 3387 1590 3468 συχνὰς
1623 3389 1858 3442 ποιεῖται
1895 3403 1999 3440 κα-

2103 3383 2225 3452 Quo
2283 3382 2568 3438 intellecto
2631 3380 2935 3449 imperator
2990 3374 3100 3448 43
3157 3375 3412 3441 Michael,
3483 3373 3706 3428 modice

403 3476 688 3549 ταδρομὰς
726 3479 822 3532 καὶ
866 3479 967 3542 τὰς
1010 3465 1424 3550 πλησιαζούσας
1460 3480 1739 3550 πυρπολεῖ
1779 3479 1997 3550 κώμας.

2105 3484 2299 3534 coacto
2337 3475 2589 3531 exercitu
2631 3472 2900 3528 adversus
2945 3476 3243 3543 tyrannum
3279 3469 3335 3523 in
3380 3467 3706 3540 praedictum

410 3566 589 3639 Ὅπερ
608 3567 674 3640 δὴ
713 3568 903 3638 μαθὼν
930 3571 959 3624 ὁ
988 3569 1245 3640 βασιλεὺς
1285 3571 1528 3642 Μιχαὴλ,
1564 3572 1642 3636 ὡς
1685 3567 1802 3642 εἶχε
1831 3571 1998 3628 δυνά·

2104 3567 2290 3624 locum
2321 3563 2697 3636 proficiscitur
2724 3561 2869 3617 bene
2919 3560 3193 3616 instructa
3235 3559 3375 3623 acie,
3425 3557 3609 3612 verbis
3651 3565 3706 3611 et

411 3677 557 3730 μεως
580 3659 715 3734 (60),
744 3661 1117 3735 εὐαρίθμητον
1157 3665 1434 3734 σχεδιάζει
1468 3664 1700 3736 στρατὸν
1731 3666 1827 3720 καὶ
1857 3664 1999 3719 κατά

2101 3657 2606 3731 pollicitationibus
2645 3670 2777 3711 suos
2811 3653 3170 3710 confirmans.
3203 3650 3497 3724 Tyrannus
3540 3665 3707 3720 porro

407 3751 504 3806 τοῦ
557 3754 826 3826 τυράννου
881 3755 1018 3828 πρὸς
1061 3755 1156 3810 τὸν
1210 3757 1503 3826 εἰρημένον
1549 3757 1771 3828 ἔρχεται
1818 3756 1999 3828 χῶρον

410 3846 510 3899 σὺν
573 3848 767 3918 κόσμῳ
812 3849 1216 3920 στρατηγεσίας
1261 3850 1448 3913 παντὶ,
1501 3850 1684 3918 λόγοις
1725 3849 1820 3904 καὶ
1877 3851 2000 3914 ταῖς

406 3937 599 4004 ἄλλαις
635 3939 966 4010 ὑποσχέσεσι
1007 3941 1138 4003 τοὺς
1179 3940 1440 4003 συνόντας
1484 3943 1816 4012 ὲπιρωννύς.
1855 3941 1915 3995 '0
1945 3940 2004 3994 δὶ

407 4032 676 4102 τύραννος
709 4032 908 4104 πλήθει
943 4032 1124 4104 πολλῷ
1166 4033 1231 4105 δὴ
1261 4035 1408 4104 μάλα
1439 4034 1768 4098 ὑπαντιάζει
1797 4033 1878 4104 τῷ
1909 4033 2006 4104 βα-

411 4124 556 4178 σιλεῖ
599 4124 738 4197 (61),
787 4127 1192 4198 σχηματίζεταί
1243 4127 1355 4201 (62)
1405 4146 1465 4182 τε
1512 4127 1716 4198 φυγὴν,
1744 4125 1887 4180 ὥστε
1909 4125 2005 4180 τὸν

411 4216 508 4270 τοῦ
575 4216 841 4288 βασιλέως
897 4217 1133 4287 στρατοῦ
1191 4217 1510 4286 διαλυθῆναι
1586 4214 2002 4285 συνασπισμὸνο

411 4307 776 4380 διαμαρτάνει
808 4309 865 4364 δὲ
886 4310 980 4365 τοῦ
1014 4309 1241 4377 σκοποῦ,
1281 4313 1419 4382 μήτε
1455 4311 1555 4380 τὴν
1586 4308 1740 4373 τάξιν
1782 4306 1880 4362 τοῦ
1909 4305 2006 4377 βα-

417 4401 627 4456 σιλικοῦ
656 4403 919 4467 διαλύσας
950 4405 1209 4476 στρατοῦ,
1241 4406 1379 4476 μήτε
1413 4406 1525 4469 τοῖς
1566 4401 1761 4458 ἑαυτοῦ
1796 4417 2006 4471 συναφ-

2104 3769 2232 3810 cum
2283 3751 2495 3824 ingenti
2549 3747 2912 3806 multitudine
2958 3745 3253 3804 adversum
3296 3744 3706 3818 proficiscitur,

2103 3845 2329 3902 simulat
2354 3853 2541 3899 autem
2572 3842 2780 3914 fugam,
2808 3849 2870 3895 ut
2897 3839 3252 3910 imperatoris
3272 3839 3419 3894 acies
3447 3838 3711 3892 dissolva-

2101 3948 2192 3992 tur
2221 3954 2234 3991 :
2266 3937 2363 3992 sed
2381 3936 2451 3990 ab
2477 3935 2584 3990 hoc
2602 3949 2773 4004 scopo
2793 3932 3100 3999 aberravit,
3125 3947 3252 3987 cum
3273 3945 3376 3986 nec
3408 3931 3711 4000 imperato-

2071 4029 2183 4083 “ris
2206 4027 2490 4082 exercitus
2529 4023 2788 4080 ordinem
2825 4023 3104 4087 turbaret,
3147 4038 3251 4076 nec
3291 4022 3408 4092 ipse
3437 4036 3562 4076 cum
3594 4019 3711 4075 suis

2101 4120 2440 4189 conjungere
2461 4131 2521 4172 se
2554 4121 2762 4186 posset.
2792 4114 3007 4186 itaque,
3041 4114 3285 4170 adversae
3328 4113 3502 4184 partis
3533 4112 3713 4180 impco

2100 4219 2222 4265 tum
2271 4208 2550 4264 sustinere
2597 4221 2711 4260 non
2750 4205 2962 4268 valens,
3000 4220 3110 4274 qua
3159 4214 3379 4274 poterat
3427 4203 3710 4258 celeritate

2101 4302 2262 4373 fugit,
2291 4309 2459 4371 atque
2486 4299 2544 4353 in
2574 4296 2964 4368 Arcadiopolin
2995 4312 3122 4351 cum
3146 4295 3479 4366 quibusdam
3501 4289 3570 4350 ex
3595 4295 3712 4348 suis

2117 4394 2324 4452 evadit.
2359 4394 2532 4448 Porro
2562 4391 2882 4463 imperator,
2911 4405 3038 4446 cum
3062 4391 3355 4461 plerosque
3387 4404 3454 4444 ex
3487 4386 3710 4444 rebelli-

1727 4541 1968 4600 VARIA'I
2001 4536 2298 4596 LECTI‘ON
2309 4536 2414 4592 ES.

488 4643 538 4677 ⁸⁷
554 4643 724 4710 ἀξίως
757 4641 819 4699 Ι...

1630 4733 1878 4792 STEPH.
1907 4727 2262 4787 BERGLERI
2305 4726 2541 4784 NOTJE.

491 4839 604 4909 (50)
633 4837 794 4894 Cant.
827 4853 882 4909 p.
909 4838 1000 4903 41,
1031 4835 1198 4909 Cedr.
1224 4853 1278 4908 p.

490 4907 604 4996 (δι)
642 4903 909 4996 συνίει
941 4909 1003 4963 ιι
1042 4903 2008 4996 ίιίθέῐτῖίκέῗίίίτδῖ.ξῖἓῖ³⁰9κῖ9ιϊ.

421 4973 516 5063 ρον
549 4973 693 5061 οὕτω
722 4973 1082 5063 καλέύμεναν,
1109 4987 1164 5063 et
1193 4979 1265 5034 ita
1294 4977 1474 5063 ϐορει-
1497 4973 1662 5063 etiarn
1696 4992 1757 5063 ι)ζ

419 5044 479 5106 in
515 5051 771 5105 versione
813 5044 1090 5104 Cedat-tus.
1120 5049 1256 5103 Zon.
1289 5065 1345 5118 p.
1374 5050 1498 5113 l58,
1533 5048 1676 5101 κατά
1699 5044 1770 5100 τὰ.
1803 5044 2013 5116 Κηδού-

421 5137 574 5185 κτου,
604 5122 694 5175 ubi
721 5121 911 5176 itidem
942 5125 1125 5176 versio
1149 5119 1454 5174 Cedodum.

491 5191 609 5262 (5‘2;
643 5192 808 5247 Cont.
843 5207 899 5262 p.
930 5192 1017 5246 43.

641 5262 802 5346 gent.
1026 5261 1191 5346 Qedr.
1217 5279 1272 5334 p.
1296 5261 1424 5346 505,
1451 5261 1588 5344 Z_on.
1593 5275 1667 5346 1p.
1688 5256 1827 5346 ¹158ζ

493 5275 607 5346 (οδ)
641 5275 802 5318 uont.
828 5278 885 5332 p.
911 5275 1003 5327 ιιι,
1026 5275 1191 5348 neuti.
1217 5279 1272 5334 p.
1296 5275 1424 5324 δυο,
1453 5275 1667 5386 (tona).
1705 5275 1827 5314 ιοδ.
1998 5333 2009 5347 ⁸

424 5406 427 5407 ν
495 5332 610 5407 (54)
637 5331 799 5388 Cont.
837 5350 892 5402 p.
919 5335 1007 5396 Η,
1029 5335 1276 5407 ᾲήτταται
1309 5336 1564 5403 ίσχυρως.
1623 5329 1776 5407 βάν..
1799 5344 1855 5401 p.
1904 5332 2010 5387 505

425 5419 482 5458 In
511 5400 618 5475 fine
647 5415 716 5475 et_
734 5420 789 5473 p.
818 5400 936 5474 seq.
965 5400 1089 5459 init.
1119 5403 1219 5475 rubi
1253 5400 1483 5475 ἡττᾶται
1505 5400 1898 5475 κατὰμκράτος.

498 5474 610 5544 (55)
681 5471 1023 5530 cremantur.
1100 5471 1353 5530 Graecum
1400 5471 1808 5544 πυρπολοῦνται
1862 5473 2007 5544 apud

424 5559 522 5600 cos
553 5541 649 5614 qui
695 5545 844 5600 serio
889 5547 1218 5609 loruuntur,
1247 5545 1317 5600 de
1378 5541 1524 5614 agris
1576 5551 1632 5598 et
1686 5541 2029 5613 regionibus

427 5631 553 5671 mne
580 5615 864 5671 vastandis
901 5563 1044 5671 solet
1084 5617 1364 5671 usurpari.
1425 5614 1533 5671 Sed
1579 5628 1682 5670 nec
1735 5624 2010 5670 crematos

427 5631 553 5685 igne
580 5615 864 5671 vastandis
901 5614 1044 5672 solet
1084 5617 1364 5686 usurpari.
1425 5614 1533 5671 Sed
1579 5628 1682 5670 nec
1735 5624 2010 5686 crematos

426 5692 523 5740 aut
555 5685 876 5741 combustos
903 5687 1074 5742 fuisse
1131 5685 1307 5742 victos
1343 5686 1657 5740 verosimile
1685 5693 1770 5738 cst
1811 5703 1823 5738 :
1857 5685 2008 5741 aliud

427 5771 562 5823 ergo
589 5757 820 5812 fortasse
847 5757 1021 5812 voluit
1048 5757 1255 5813 dicere.

503 5828 614 5892 (56)
640 5828 798 5899 Com.
832 5843 888 5898 p.
922 5829 1010 5888 ιε.
1033 5827 1198 5883 Cedr.
1233 5844 1287 5898 p.
1325 5827 1449 5892 506,
1472 5827 1607 5882 Zon.
1647 5843 1700 5899 p.
1732 5827 1850 5882 l58.

501 5899 612 5967 (57)
643 5897 700 5953 Ο
723 5905 806 5955 nt.
839 5897 890 5967 ρ.
922 5901 1010 5966 ιδ,
1069 5899 1209 5954 κατά
1233 5897 1281 5952 τι
1313 5899 1514 5964 πεδὲον,
1555 5897 1813 5953 Διὶἥασιν
1863 5898 2008 5954 οὕτω

2038 4847 2084 4901 ι)
2112 4826 2477 4901 καλούμενον,
2506 4834 2566 4881 ut
2589 4834 2652 4901 c_t_
2670 4825 2834 4901 Cedr.
2873 4842 2928 4896 p.
3123 4824 3297 4880 Paulo
3335 4831 3465 4901 ante
3489 4831 3586 4901 aut
3615 4822 3710 4876 καὶ

2114 4892 2436 4952 delendum.
2465 4905 2560 4951 aut
2586 4896 2808 4967 aliquod
2843 4892 3224 4967 participium,
3253 4906 3317 4951 ut
3356 4892 3584 4964 ἀγαγών
3617 4901 3716 4948 aut

2117 4968 2322 5032 simile,
2337 4968 2568 5022 excidit.

2188 5039 2303 5108 (58)
2330 5037 2467 5109 Zon.
2500 5054 2555 5109 ρ.
2591 5038 2709 5109 158.

2192 5107 2307 5178 (59)
2332 5107 2467 5162 Ζοη.
2500 5107 2554 5178 p.
2592 5108 2713 5163 158.

2193 5173 2304 5250 (60)
2340 5178 2474 5234 Zon.
2505 5173 2560 5250 ρ.
2589 5178 2708 5233 158.
2754 5177 2914 5234 Cont.
2972 5193 3026 5247 p.
3061 5176 3152 5250 42,
3185 5184 3257 5250 et_
3290 5173 3452 5250 C_c_d_r.
3483 5191 3535 5245 p.
3582 5173 3710 5239 506,

2121 5246 2218 5310 ubi
2281 5246 2562 5314 ἀξιόλογον
2593 5251 2871 5317 συστήσας
2919 5246 3172 5317 στρατόν.
3225 5246 3331 5300 Sed
3362 5246 3570 5317 Noster
3609 5261 3712 5300 suo

2115 5334 2270 5375 more
2295 5320 2388 5375 hic
2419 5321 2588 5374 etiam
2623 5316 2966 5374 contrarium
2993 5316 3138 5373 dicit
3167 5317 3288 5388 ejus
3319 5316 3467 5388 quod
3487 5316 3713 5388 videtur

2112 5391 2356 5446 voluisse
2384 5407 2400 5456 ;
2436 5407 2562 5445 nam
2595 5389 2883 5445 debuisset
2907 5389 3139 5444 fortasse
3184 5385 3285 5441 οὐκ
3331 5385 3714 5456 εὐαρίθμητον

2114 5461 2325 5516 dicere.
2361 5460 2527 5516 Cedr.
2575 5479 2632 5532 p.
2696 5460 2800 5516 505
2854 5459 3140 5532 conjungit
3200 5459 3302 5512 οὐκ
3345 5457 3718 5532 εὐαρίθμητον

2117 5532 2368 5606 πλείσταν
2389 5541 2446 5586 et
2488 5527 2933 5606 dEtBi.oyov,_non
2960 5527 3170 5606 dehac
3203 5545 3262 5584 re
3283 5539 3492 5606 tamen.
3530 5527 3710 5606 Etiam

2112 5602 2418 5671 σχεδιάζειν
2499 5602 2850 5657 incommode
2908 5601 3214 5663 adhibuit,
3272 5598 3432 5670 quasi
3496 5598 3710 5662 subito,

2113 5688 2180 5726 cr.
2211 5682 2458 5744 tempore
2484 5682 2648 5744 atque
2685 5671 3046 5727 tumultuarie
3080 5671 3131 5726 id
3159 5671 3412 5726 fecisset.

2190 5760 2304 5827 (fil)
2334 5759 2500 5815 Com.
2533 5777 2587 5832 p.
2618 5761 2706 5814 45.

2189 5831 2299 5900 (62)
2323 5833 2482 5886 (ient.
2512 5831 2564 5903 p.
2591 5832 2679 5899 45,
2712 5831 2876 5888 Cedr.
2906 5849 2962 5903 p.
3000 5831 3129 5888 506.
