4136 6428
309 356 448 423 1049

1664 372 1937 435 REGUM
1972 375 2120 435 LIB.
2159 376 2241 437 II.

3445 384 3582 454 1050

306 475 414 532 τῶν
447 475 751 547 οἰκητόρων
782 476 952 546 αὐτῆς
996 479 1095 532 σὺν
1137 478 1421 552 ἐλευθερίᾳ
1457 484 1632 536 ποιεῖν
1654 483 1723 537 τὰ
1759 485 1896 555 Χρι-

2002 486 2383 558 Agarenorum
2440 488 2779 546 incursionis
2807 498 2863 546 et
2900 497 3323 565 expugnationis
3357 500 3577 558 urbium

308 567 541 623 στιανῶν
570 567 877 638 εἰθισμένα.
904 562 1001 622 Ὧν
1035 571 1148 639 (l2)
1179 573 1276 640 τῆς
1312 573 1614 644 ἐπιδρομῆς
1634 576 1661 627 6
1686 575 1890 646 Θωμᾶς

307 659 404 714 καὶ
434 658 689 723 ἁλώσεως
715 660 909 726 αἴτιος,
952 661 1250 731 Ἀπόχαψις
1274 664 1320 695 ⁸⁷
1369 664 1428 718 δὲ
1470 663 1608 733 (i3).
1660 659 1722 718 οὗ
1760 671 1889 731 παῖς

310 751 410 821 μὲν
445 751 657 822 Σαῖπης
690 751 977 822 ἐτύγχανε,
1014 754 1220 807 Σαῖπου
1248 755 1307 808 δὲ
1341 756 1563 821 Βάὁδελ,
1596 758 1655 822 ὃς
1694 761 1751 812 ὲν
1782 762 1891 813 Πε-

308 844 626 915 λοποννήσῳ
642 846 687 877 ’³⁸
715 845 860 899 κατά
889 864 942 900 τι
975 846 1254 916 θαλάσσης
1281 848 1577 904 κλυδώνιον
1606 852 1745 923 πρὸς
1784 853 1891 923 γῆν

309 937 407 989 σὺν
438 934 527 1004 νηῒ
556 938 621 1006 τῇ
658 937 855 991 ἑαυτοῦ
885 939 1253 1009 προσπαρεὶς,
1298 943 1356 993 ὲν
1387 942 1625 1012 ἡμέραις
1653 943 1746 997 τοῦ
1782 964 1891 1015 μα-

306 1027 534 1099 καρίτου
562 1028 792 1091 Λέοντος
815 1029 1101 1100 βασιλέως,
1133 1032 1501 1101 τηνικαῦταδὲ
1523 1037 1893 1107 στρατηγοῦν-

306 1137 397 1183 τος
428 1121 840 1175 Κωνσταντίνου
871 1121 968 1176 τοῦ
1001 1124 1414 1194 συνετόφρονος,
1456 1130 1813 1199 ὲκεκράτητο,
1847 1122 1893 1198 ᾧ

307 1213 899 1284 τεσσαρακοντάπηχυς
947 1214 993 1247 ⁸⁹
1045 1214 1158 1285 (id)
1219 1215 1279 1269 τὸ
1316 1217 1637 1289 ἐπώνυμον·
1684 1214 1894 1285 οὗτινος

308 1302 514 1357 Βαῦδελ
555 1303 729 1356 ἐτέλει
750 1304 779 1356 6
801 1306 1114 1375 Ζερκουνῆς
1142 1306 1426 1374 σύγγονος,
1462 1310 1492 1362 6
1534 1310 1640 1381 πρὸ
1672 1310 1767 1365 τοῦ
1797 1311 1894 1366 νῦν

306 1394 554 1465 ἀρχηγοῦ
580 1395 682 1464 τῆς
714 1394 942 1465 Κρήτης
972 1397 1453 1468 καθηγησάμενοςο

394 1486 481 1539 Ἐν
500 1486 673 1559 ταύτῃ
706 1486 817 1559 (15)
851 1487 910 1539 δὲ
942 1491 1009 1559 τῇ
1033 1491 1184 1559 νήσῳ
1219 1491 1488 1561 Κύριλλος
1509 1495 1538 1545 6
1568 1494 1892 1563 θαυμάσιος,

309 1581 339 1633 6
365 1579 637 1651 Γορτύνης
655 1580 700 1612 ⁹⁰
733 1582 1115 1653 ἐπισκοπήσας
1157 1584 1257 1653 τῆς
1300 1586 1533 1651 πόλεως,
1584 1588 1725 1661 ὑπὲρ
1754 1592 1798 1644 Χ
1809 1608 1892 1663 ρι-

310 1672 438 1725 στοῦ
484 1671 561 1736 ὡς
613 1673 811 1744 ἱερεῖον
844 1673 1079 1744 ἄμωμον
1122 1676 1480 1745 ἐσφαγιαστο.
1514 1672 1590 1732 Οὗ
1623 1680 1685 1733 τὸ
1711 1683 1896 1751 τίμιον

310 1758 453 1834 αἷμα
488 1764 649 1834 μέχρι
688 1764 787 1835 τῆς
808 1765 971 1837 δεῦρο
999 1769 1144 1821 κατά
1163 1785 1285 1822 τινα
1315 1769 1511 1841 χῶρον,
1541 1771 1726 1836 καθώς
1751 1774 1893 1839 τινές

311 1872 500 1925 φασιν,
540 1856 930 1920 ἀνεξάλειπτον
959 1861 1354 1931 συντετήρηται
1379 1876 1393 1894 '
1426 1862 1550 1916 καθ’
1575 1863 1635 1918 ὃν
1663 1866 1710 1917 οἱ
1735 1865 1891 1918 εύσε-
1926 1843 1969 1897 Β

309 1949 427 2011 δεῖς
456 1948 753 2017 φοιτῶντες
800 1949 898 2003 καὶ
942 1950 1103 2005 τοῦτο
1146 1954 1374 2024 σπόγγῳ
1426 1957 1895 2026 ἐναπομάττοντες

306 2040 375 2092 δι’
405 2039 570 2097 αὐτοῦ
610 2057 675 2107 γε
702 2040 848 2098 θεῖον
897 2041 1070 2116 μύρον
1098 2043 1414 2114 ὑδρεύονται
1455 2047 1551 2101 καὶ
1588 2049 1708 2103 κατ’
1739 2050 1895 2103 οὐδὲν

308 2131 585 2194 ἀλλοιοῦσι
612 2133 672 2189 τὸ
706 2133 908 2204 χρῶμα
935 2133 1031 2188 τοῦ
1063 2135 1319 2205 αἵματος.
1360 2139 1480 2193 Ἔτι
1507 2140 1565 2192 δὲ
1594 2142 1690 2194 καὶ
1727 2143 1760 2211 ή
1786 2143 1895 2195 τῶν

305 2224 595 2294 τροφίμων
649 2223 929 2280 σεϐαστῶν
984 2227 1195 2281 παίδων
1252 2230 1425 2299 αὐτῆς
1481 2231 1716 2301 ἑϐδομὰς
1779 2234 1895 2307 (16)

313 2317 453 2387 μετὰ
498 2315 706 2371 πολλῶν
733 2315 912 2372 ἄλλων
946 2322 1093 2389 ταφῇ
1123 2321 1447 2391 ἀφιέρωται,
1494 2323 1895 2393 ἀναιρεθέντων

308 2409 453 2480 ὑπὲρ
499 2409 601 2477 τῆς
654 2411 736 2474 εἰς
784 2410 1024 2481 Χριστὸν
1060 2412 1387 2469 ἀδιστάκτου
1433 2418 1527 2469 καὶ
1570 2416 1897 2487 εἰλικρινοῦς

310 2502 572 2563 πίστεως.

378 2596 492 2649 Καὶ
523 2595 586 2667 δὴ
612 2595 659 2667 (l
671 2596 722 2663 7)
749 2595 937 2650 ἔκτοτε
968 2596 1452 2668 κατακεκράτηντο
1472 2598 1540 2653 ἂν
1569 2600 1701 2669 παρ’
1735 2600 1897 2667 Ἀγα-

312 2686 496 2757 ρηνῶν
538 2687 593 2738 αἱ
625 2688 799 2757 νῆσοι,
832 2687 883 2739 εἱ
913 2686 988 2757 μὴ
1020 2686 1275 2756 βασιλεὺς
1313 2687 1535 2758 Μιχαὴλ
1564 2690 1593 2741 6
1622 2688 1683 2751 ἐξ
1727 2689 1892 2758 Ἀμο-

312 2779 431 2849 ρεου
466 2778 591 2849 ἔσχε
637 2779 1071 2849 φιλονεικότερον
1110 2779 1520 2850 ὲλευθεριάσειν
1545 2781 1750 2843 αὐτάςο
1797 2780 1896 2833 κα)⁴

308 2868 375 2948 δῇ
406 2868 768 2940 πολυωρήσας
799 2867 1092 2939 ἐνδελεχῶς
1135 2868 1406 2938 Κρατερῷ
1441 2868 1521 2939 τῷ
1546 2870 1895 2942 πρατηγέτῃ

311 2959 687 3032 Κυϐερεωτῶν
727 2960 839 3031 (l8)
882 2960 1189 3015 ἐνετείλατο
1226 2963 1406 3025 πάσας
1452 2962 1549 3025 τὰς
1595 2962 1686 3014 ὑπ’
1731 2961 1895 3014 αὐτὸν

311 3051 443 3115 ναῦς
477 3052 987 3123 παρετοιμάσασθαι
1028 3054 1123 3107 καὶ
1161 3054 1372 3125 ἀπᾶραι
1404 3055 1486 3117 εἰς
1531 3055 1761 3125 Κρήτην
1800 3054 1895 3106 καὶ

1993 576 2233 633 Thomas
2259 588 2380 633 erat
2410 595 2596 635 causa.
2646 580 2919 637 Caeterum
2969 586 3370 657 Apochapsidis
3430 591 3576 648 ﬁlius

1990 674 2111 720 erat
2145 665 2362 737 Saipes,
2395 668 2507 740 48
2532 670 2709 740 Saipa:
2731 682 2914 727 autem
2952 674 3177 740 Bahdel,
3206 679 3305 747 qui
3332 680 3387 734 in
3413 680 3575 738 Pelo-

1991 774 2236 828 ponneso
2264 767 2593 830 tempestate
2618 763 2855 832 quadam
2888 767 3058 821 maris
3087 769 3155 823 ad
3186 780 3389 827 terram
3440 789 3569 830 cum

1993 865 2127 905 nave
2145 866 2240 905 sua
2270 852 2480 917 allisus,
2519 857 2863 925 temporibus
2897 857 3045 913 beati
3080 859 3280 917 Leonis
3333 865 3574 936 impera-

1992 943 2149 1007 toris,
2183 944 2321 998 duce
2344 944 2706 1001 Constantino
2734 948 2831 1003 illo
2858 949 3158 1019 prudente,
3202 962 3396 1022 captus
3448 956 3572 1023 fuit,

1991 1036 2080 1089 cui
2118 1050 2423 1106 cognomen
2476 1040 3078 1109 τεσσαρακοντάπηχυς
3134 1042 3153 1112 (
3173 1041 3209 1096 i.
3247 1057 3299 1097 e.
3338 1045 3577 1114 quadra-

1993 1127 2143 1198 ginta
2167 1128 2481 1183 cubitorum
2507 1129 2545 1198 ).
2581 1129 2758 1200 Hujus
2786 1142 2970 1184 autem
3000 1132 3202 1186 Bahdel
3227 1142 3342 1188 erat
3367 1134 3574 1191 Zercu-

1993 1234 2094 1275 nes
2124 1219 2315 1281 frater.
2360 1219 2455 1289 qui
2488 1229 2618 1275 ante
2670 1221 2837 1275 istum
2897 1222 2992 1291 qui
3037 1239 3185 1279 nunc
3239 1234 3324 1280 est
3377 1226 3575 1282 ducem

1991 1311 2169 1368 Cretae
2187 1311 2429 1383 praefuit.

2065 1490 2237 1546 Porro
2262 1490 2321 1545 in
2360 1490 2463 1545 hac
2491 1491 2668 1547 insula
2695 1490 2932 1563 Cyrillus
2961 1492 3052 1547 ille
3081 1494 3458 1558 admirandus.
3483 1496 3580 1567 qui

1993 1582 2099 1637 fuit
2135 1581 2391 1653 Gortyna:
2418 1582 2573 1638 urbis
2627 1584 2942 1654 episcopus,
2992 1600 3095 1654 pro
3143 1585 3367 1641 Christo
3424 1589 3580 1644 velut

1994 1674 2348 1729 immaculata
2380 1673 2563 1728 hostia
2593 1673 2701 1727 fuit
2726 1674 3064 1729 immolatus.
3098 1675 3270 1746 Cujus
3299 1677 3581 1744 pretiosus

1996 1766 2220 1837 sanguis
2246 1780 2421 1835 usque
2452 1765 2520 1819 ad
2574 1766 2724 1820 hunc
2774 1766 2925 1821 diem
2978 1767 3218 1836 quodam
3253 1767 3309 1822 in
3339 1768 3484 1831 loco,
3518 1777 3582 1823 ut

1995 1858 2228 1929 quidam
2245 1858 2420 1923 aiunt,
2439 1858 2754 1913 indelebilis
2779 1866 3176 1914 conservatur:
3206 1875 3371 1928 quem
3393 1860 3579 1915 locum

1995 1951 2072 2021 pii
2127 1951 2389 2005 homines
2464 1950 2880 2020 frequentantes
2933 1951 3200 2021 illumque
3256 1952 3579 2022 sanguinem

1995 2042 2243 2113 spongiis
2272 2042 2597 2097 albicantes
2648 2058 2749 2112 per
2781 2057 2908 2097 eum
2943 2043 3192 2098 divinum
3235 2052 3580 2115 unguentum

1995 2134 2258 2189 hauriunt
2284 2142 2340 2189 et
2377 2134 2697 2189 nullatenus
2745 2135 2991 2190 colorem
3043 2138 3326 2207 sanguinis
3375 2138 3582 2193 immu-

1996 2235 2135 2281 tant.
2169 2227 2441 2281 Praeterea
2472 2227 2641 2282 etiam
2673 2228 3027 2283 alumnorum
3080 2229 3485 2293 venerabilium
3523 2237 3583 2286 et

1998 2319 2235 2372 filiorum
2262 2318 2383 2388 ejus
2420 2317 2615 2372 insulae
2645 2319 3015 2388 septenarius,
3056 2336 3181 2375 cum
3210 2321 3400 2376 multis
3430 2320 3579 2384 aliis.

1997 2411 2280 2479 sepultura
2304 2420 2665 2465 consecratus
2696 2420 2803 2474 est.
2834 2412 2929 2481 qui
2988 2412 3265 2468 interfecti
3325 2422 3453 2468 sunt
3484 2429 3583 2483 pro

1997 2503 2105 2558 fide
2131 2504 2187 2557 in
2218 2502 2499 2558 Christum
2531 2504 2842 2559 indubitata
2878 2512 2934 2559 et
2956 2520 3097 2573 pura

2068 2589 2137 2644 Et
2161 2606 2293 2646 sane
2324 2590 2514 2645 abillo
2548 2599 2797 2660 tempore
2845 2592 3179 2646 mansissent
3206 2592 3261 2646 in
3309 2600 3585 2661 potestate

1996 2681 2374 2752 Agarenorum
2406 2682 2623 2747 insulae,
2655 2683 2762 2738 nisi
2814 2682 3119 2757 imperator
3154 2683 3388 2738 Michael
3418 2685 3583 2737 Amo—

1996 2774 2198 2830 riensis
2226 2784 2517 2844 tantopere
2578 2774 2889 2830 studuisset
2935 2791 3030 2831 eas
3077 2776 3336 2831 liberare.
3394 2775 3586 2845 Itaque

1997 2882 2123 2922 cum
2157 2874 2305 2922 esset
2330 2866 2553 2923 assidue
2585 2867 2879 2929 sollicitus,
2916 2866 3146 2922 Cratero
3196 2866 3453 2936 praefecto
3479 2865 3588 2938 Cy-

1996 2960 2354 3014 bereotarum
2377 2958 2642 3029 praecepit
2671 2966 2732 3012 ut
2748 2974 2943 3015 omnes
2969 2975 3106 3029 quas
3138 2958 3242 3013 sub
3266 2974 3323 3013 se
3342 2957 3585 3014 haberet

1998 3068 2166 3109 naves
2186 3053 2491 3109 instrueret
2517 3063 2573 3107 et
2604 3053 2661 3107 in
2689 3052 2910 3108 Cretam
2942 3054 3385 3124 proficisceretur
3416 3061 3586 3123 atque

314 3145 520 3215 σπουδῇ
573 3145 726 3218 πάσῃ
775 3146 903 3209 τοὺς
948 3145 1154 3216 ταύτης
1208 3148 1501 3216 οἰκήτορας
1542 3146 1894 3216 Σαρακηνοὺς

1997 3147 2147 3202 omni
2171 3146 2356 3201 studio
2386 3145 2693 3201 Saracenos
2740 3161 2864 3200 eam
2896 3146 3273 3201 inhabitantes
3326 3145 3588 3200 extermi-

312 3238 635 3309 ὀλοθρεῦσαι
669 3238 804 3309 (19).
838 3239 933 3300 Ὃς
965 3239 1147 3292 ἐκεῖσε
1168 3239 1615 3309 παραγενόμενος
1643 3239 1739 3292 σὺν
1767 3255 1898 3291 ναυ-

317 3334 403 3388 civ
430 3331 475 3385 o'
501 3333 619 3385 κατ’
649 3331 830 3385 αὐτῶν
873 3330 1109 3402 πόλεμον
1156 3326 1289 3401 ἦρεν
1331 3330 1392 3396 ἐξ
1439 3329 1706 3399 ἀνατολῆς
1747 3329 1899 3402 ἡλίου

320 3425 480 3495 μέχρι
513 3424 614 3493 τῆς
644 3422 852 3485 δύσεως
885 3422 1022 3491 (20).
1070 3424 1223 3477 καὶ⁹¹
1255 3423 1397 3476 κατά
1436 3423 1690 3477 τοσοῦτον
1718 3424 1903 3477 αὐτῶν

316 3515 635 3584 ἐκυρίευσεν
691 3514 831 3569 ὥστε
887 3517 1096 3580 πάντας
1159 3519 1261 3571 καὶ
1329 3518 1651 3587 ἀναιρήσειν
1712 3516 1903 3586 βεϐού-

317 3607 447 3676 λητο
486 3605 623 3676 (21).
667 3606 828 3661 Ἀλλὰ
870 3608 1035 3661 κακοὶ
1073 3608 1309 3678 ἀρχηγοὶ
1340 3608 1591 3670 συνόντες
1631 3606 1778 3677 αὐτῷ
1803 3608 1906 3663 οὐκ

318 3696 594 3760 εὐϐούλως
624 3698 943 3751 ἀνέστειλαν
973 3699 1288 3769 εἰρηκότες·
1327 3718 1345 3751 ι
1388 3700 1580 3770 Ἡμεῖς
1610 3715 1674 3768 γε
1694 3701 1906 3763 πάντας

318 3790 717 3853 ύποπιὲσαντες
743 3790 879 3859 (22),
912 3790 1013 3844 οὐκ
1035 3791 1117 3844 ἔτι
1150 3792 1367 3855 πάντως
1396 3784 1543 3846 οὗτοι
1574 3792 1905 3863 τολμήσειαν

316 3882 416 3936 τοῦ
442 3883 631 3938 λοιποῦ
662 3887 800 3955 πρὸς
828 3885 974 3954 ἡμᾶς
1008 3883 1426 3949 ἀντιτάξασθαι.
1467 3884 1619 3954 Ἤδη
1651 3889 1767 3951 νὺξ
1811 3903 1903 3940 τε·

315 3975 504 4040 λέϐει,
545 3977 686 4029 κατὰ
732 3962 823 4029 τὸν
854 3976 1119 4046 ποιητὴν,
1183 3976 1413 4046 ἀγαθὸν
1458 3977 1557 4031 καὶ
1598 3980 1772 4032 νυκτὶ
1802 3996 1901 4033 πι-

319 4065 532 4120 θέσθαι
556 4066 599 4098 ⁹¹
636 4066 773 4134 (ἳὸ).
804 4066 1199 4134 Δυσπεφόρηκε
1245 4066 1353 4136 γὰρ
1384 4066 1412 4118 6
1456 4065 1605 4130 λαός.
1639 4068 1898 4138 ’Ἄγωμεν

320 4158 404 4218 εἰς
431 4156 528 4220 τὰς
554 4156 829 4227 ἡμετέρας
865 4158 1089 4227 σκηνὰς,
1117 4157 1211 4210 καὶ
1238 4158 1454 4227 πρωῖας
1480 4157 1901 4229 ὲπιλαμπούσης

318 4247 646 4319 ἀφιξώμεθα
688 4250 783 4301 καὶ
817 4248 1179 4319 κατάσχωμεν
1213 4247 1430 4312 αὐτούς.
1467 4267 1484 4300 ι
1531 4249 1643 4303 Καὶ
1688 4248 1753 4319 δὴ
1787 4251 1901 4313 τοῖς

1994 3248 2175 3294 naret.
2211 3237 2445 3310 “Qui
2480 3246 2772 3308 postquam
2810 3252 2879 3292 eo
2902 3238 3246 3307 pervenisset
3288 3252 3413 3292 cum
3462 3252 3591 3308 sep-

1998 3332 2242 3399 tuaginta
2273 3331 2530 3395 navibus,
2560 3346 2687 3385 cum
2716 3330 2825 3384 illis
2853 3330 2998 3385 bello
3030 3329 3281 3384 conﬂixit
3323 3329 3393 3384 ab
3443 3337 3571 3384 ortu

1998 3426 2129 3481 Solis
2158 3424 2224 3479 ad
2256 3438 2536 3488 occasum,
2570 3424 2968 3494 superavitque
2998 3421 3139 3477 adeo
3170 3432 3229 3476 ut
3266 3437 3463 3477 omnes
3493 3422 3585 3475 in-

2001 3519 2255 3572 terticere
2284 3516 2569 3587 cogitaret.
2630 3516 2739 3572 Sed
2799 3517 2983 3587 ignavi
3032 3516 3225 3581 duces,
3284 3516 3381 3586 qui
3428 3520 3590 3570 erant

2003 3610 2150 3679 apud
2184 3610 2389 3681 ipsum,
2421 3610 2667 3681 pessimo
2715 3611 2950 3666 consilio
2994 3620 3388 3680 represserunt
3435 3624 3589 3671 eum,

2003 3701 2299 3758 dicentes:
2338 3722 2355 3755 ι
2392 3702 2531 3758 Cum
2561 3719 2662 3759 nos
2704 3705 2997 3760 universos
3042 3703 3167 3759 illos
3204 3703 3341 3759 satis
3382 3700 3590 3778 afflixe-

2002 3795 2197 3860 rimus,
2226 3795 2370 3851 haud
2399 3798 2637 3866 amplius
2674 3797 2957 3852 audebunt
2981 3796 3253 3865 deinceps
3300 3795 3421 3849 acie
3452 3808 3590 3849 con-

2005 3886 2163 3957 gredi
2192 3904 2205 3942 :
2237 3887 2303 3941 Et
2323 3888 2445 3956 jam
2475 3903 2578 3940 non:
2610 3888 2827 3941 humida
2854 3886 2984 3940 caelo
3010 3886 3343 3955 Pracipitat,
3384 3899 3592 3939 secun-

2005 3977 2134 4031 dum
2168 3986 2407 4047 poetam,
2460 3979 2786 4049 suadentque
2835 3979 3080 4032 cadentia
3144 3976 3323 4031 sidera
3350 3992 3589 4029 somnos.

2008 4069 2335 4141 Indignatur
2379 4072 2526 4126 enim
2580 4071 2838 4141 populus.
2895 4071 3100 4125 Eamus
3126 4070 3181 4123 in
3235 4067 3593 4123 tabernacula

2008 4173 2220 4230 nostra,
2248 4172 2304 4220 et
2330 4181 2489 4221 mane
2523 4165 2879 4220 illucescente
2918 4162 3207 4220 veniamus
3258 4177 3467 4231 eosque
3492 4178 3594 4232 op-

2009 4257 2337 4325 primamus.
2371 4277 2389 4312 »
2419 4259 2598 4331 Atque
2631 4259 2717 4313 his
2740 4260 2930 4314 verbis
2960 4259 3227 4328 deceptus
3258 4258 3313 4312 in
3340 4255 3595 4310 taberna-

1617 4388 1857 4445 νΑιιιΑε
1902 4391 2315 4455 LECTIONES.

391 4486 438 4521 "
463 4489 579 4560 imo
604 4482 1005 4560 ῘΑπόχαψμτε.-
1051 4481 1479 4560 υᾼπελοπονήσω
1503 4481 1567 4537 L.
1640 4482 1686 4515 ⁸⁸
1715 4482 2301 4558 δτεσαρακοντάπηχυς
2331 4486 2393 4542 L.
2487 4487 2535 4521 ’θ
2558 4488 2617 4554 ὃς
2646 4488 2915 4560 γορτύνης
2940 4488 3003 4543 L.
3078 4489 3123 4522 ⁹¹
3164 4488 3257 4542 καὶ
3288 4495 3415 4542 ante
3449 4483 3596 4539 κατά

323 4574 435 4613 out.
460 4557 522 4613 L.
599 4559 644 4589 ⁹¹
670 4552 955 4609 πειθέσθαι
983 4553 1047 4607 L.
1091 4556 1137 4622 ζ.

1476 4665 1722 4723 STEPH.
1753 4668 2101 4727 BERGLERI
2137 4671 2365 4728 ΝΟΤιΕ.

323 4783 433 4838 que
465 4765 824 4838 divinandum
861 4764 967 4838 fuit
985 4762 1131 4833 quod
1157 4761 1418 4838 voluerit.
1452 4763 1658 4838 Nempe
1702 4764 1900 4838 viden-
1935 4769 1979 4824 D
2011 4766 2134 4820 στοῦ
2162 4768 2281 4838 τότε
2309 4765 2780 4838 μαρτυρήσαντων
2805 4763 3182 4838 itaita-266m
3219 4762 3588 4838 περιωνύμιιξν

326 4831 418 4893 ιἰιι·
441 4854 500 4893 se
526 4847 720 4907 sponte
754 4831 1082 4907 dedisse—Aea
1106 4831 1424 4907 conditione
1451 4840 1512 4885 ut
1533 4831 1776 4888 liberum
1807 4836 1905 4891 ha-

324 4909 493 4963 beant
512 4904 838 4962 eiercitium
870 4904 1173 4973 religionis.

400 4977 512 5049 (Ιῖ)
543 4978 582 5031 l.
611 4994 661 5032 e.
692 4993 938 5049 quorum,
963 4971 1085 5049 quae
1117 4982 1203 5049 est
1246 4971 1502 5049 transitio
1526 4981 1584 5027 et
1604 4974 1899 5049 connegio,

325 5042 520 5117 quales
562 5042 725 5103 istius
778 5042 1021 5102 hominis
1054 5042 1705 5117 solentesse,_ol_)_scura.
1748 5044 1898 5117 llaec

326 5112 512 5173 autem
545 5128 774 5172 monent
825 5117 1008 5171 caueri
1035 5113 1318 5169 ordientes
1355 5112 1714 5167 rebellionem
1748 5113 1900 5168 Tho-

328 5204 451 5249 mae.
479 5203 620 5249 quos
649 5188 725 5241 ibi
751 5187 1033 5241 annotavi.

402 5252 512 5329 (15)
536 5259 611 5313 De
641 5258 725 5313 his
748 5253 1175 5329 Aposchapsitljs
1198 5252 1431 5329 posteris
1456 5262 1511 5307 et
1547 5252 1768 5329 iis_qu:e
1805 5253 1903 5329 _di_-_

328 5322 417 5383 «ἤι’
458 5324 635 5397 usque
655 5328 721 5382 ad
743 5322 1077 5383 mentionem
1104 5322 1293 5395 Cyrilli
1322 5324 1577 5395 Gortynis
1608 5323 1709 5393 Ep.
1763 5324 1902 5377 nihil

326 5400 511 5455 adhuc
536 5400 739 5452 inveni.

405 5471 514 5537 (14)
547 5470 623 5524 lla
655 5467 942 5538 scriptum,
976 5466 1115 5520 forte
1148 5478 1250 5532 pro
1284 5466 1728 5535 τεσσαράπηχυς,
1759 5480 1899 5534 qua-

334 5550 465 5595 trtor
501 5540 840 5594 cubitorum.

404 5611 518 5677 (15)
554 5609 714 5663 Cont.
742 5626 796 5678 p.
825 5610 915 5667 68.
944 5608 1093 5679 Sym.
1130 5609 1262 5679 Log.
1297 5624 1352 5679 p.
1378 5605 1502 5667 M6,
1530 5604 1665 5659 Zon.
1702 5620 1759 5674 p.
1802 5604 1904 5658 159

330 5682 388 5736 in
428 5680 553 5741 fine,
584 5679 747 5734 Ccdr.
780 5696 833 5749 p.
861 5680 987 5742 510,
1016 5680 1228 5749 paucis.

411 5750 522 5818 (l6)
550 5750 711 5804 Cum.
748 5745 802 5819 p1
831 5752 921 5813 48,
948 5745 1170 5819 προσέτι
1212 5748 1339 5819 μὴν
1364 5745 1549 5819 αὐτόθι
1611 5745 1902 5819 σοροὶμκαὶ

335 5815 890 5891 τάφοιάνεγήγέρται
922 5815 1093 5874 ἄλλων
1132 5836 1187 5869 τε
1214 5815 1434 5869 πολλῶν
1455 5816 1562 5870 τῶν
1602 5815 1742 5885 ὑπὲρ
1771 5816 1903 5885 Χρι-

2016 4833 2329 4907 μαρτύρωνζ
2370 4833 2592 4907 Alii‘de
2634 4836 2723 4890 his
2778 4835 2937 4899 nihil,
2998 4848 3140 4904 quos
3186 4833 3440 4890 viderint.
3493 4834 3597 4887 Λύ-

2009 4906 2107 4977 τῆς
2141 4909 2321 4962 refero
2351 4907 2416 4961 ad
2436 4906 2697 4977 insulam.
2756 4976 2761 4977 ί
2792 4976 2799 4977 7
2844 4975 2852 4977 ᾗ
2904 4975 2914 4977 Α
2949 4918 2965 4977 _‘

2009 4972 2198 5102 b:(17)
2245 4977 2395 5049 Sym.
2434 4975 2600 5046 LogJ
2626 4992 2682 5048 p.
2707 4976 2811 5030 6H
2842 4975 3021 5040 initio,
3074 4973 3268 5029 iisdem
3316 4972 3429 5027 fere
3464 4990 3594 5028 ver-

2050 5063 2119 5102 ιε.

2080 5118 2190 5188 (18)
2216 5117 2349 5172 Ζοη.
2377 5133 2431 5187 p.
2462 5118 2585 5179 H0,
2617 5116 2770 5188 Sym.
2809 5116 2941 5188 Logi.
2980 5114 3017 5168 l.
3047 5131 3097 5188 c.
3123 5153 3135 5174 ,
3173 5114 3283 5188 ubi
3327 5113 3452 5188 τῶν
3492 5114 3595 5165 Κι-

2008 5184 2477 5259 συρῥαιωτῶνέῐιο
2508 5184 2674 5242 etiam
2703 5184 3223 5259 Cont.’l‘heopha_nis
3244 5184 3597 5254 Κιθυρραιω-

2010 5257 2126 5311 τῶν
2148 5274 2204 5328 p.
2240 5259 2329 5313 49.
2359 5258 2523 5313 Cedr.
2550 5274 2606 5328 p.
2631 5259 2755 5321 5H,
2792 5257 3210 5328 Κισυραιωτῶν.
3277 5283 3296 5328 _-

2010 5274 2204 5382 των
2240 5274 2329 5313 eu.
2359 5274 2523 5313 uear.
2550 5274 2606 5328 p.
2631 5274 2755 5321 an,
2796 5274 3210 5326 moupatwmv.
3282 5283 3296 5293 -
3359 5325 3370 5335 θ

2008 5329 2628 5453 Cegr.)Dltzgﬂsicripturn
2664 5343 2763 5399 per
2810 5326 3122 5382 o.——Cont.
3176 5342 3229 5396 p.
3265 5324 3331 5379 ιο
3361 5340 3415 5378 ιη
3450 5322 3580 5383 line.

2055 5414 2171 5451 ear.
2208 5414 2261 5457 β.
2300 5414 2424 5457 011.

2082 5413 2482 5538 δέὴρόοῗιιιῗῷ.
2513 5467 2603 5530 50.
2633 5466 2797 5523 Cedr.
2829 5483 2884 5539 p.
2915 5466 3042 5522 5n.

2083 5538 2359 5607 (21)Zon.
2392 5554 2451 5608 ι).
2487 5539 2611 5591 uo.

2105 5604 2195 5680 ἓξ)
2234 5604 2569 5680 Nominativi
2598 5625 2699 5677 pro
2727 5609 2985 5680 genitivis
3015 5604 3305 5680 absMutis.

2105 5610 2195 5672 22)
2234 5610 2569 5662 Nominativi
2598 5625 2699 5677 pro
2727 5610 2985 5680 genitivis
3015 5610 3305 5663 absMutis.

2082 5610 2196 5746 5‘25)
2231 5678 2506 5750 Scriptum
2540 5687 2699 5750 antea
2733 5680 2869 5735 vitio
2898 5680 3119 5750 gemino
3148 5675 3452 5731 πειθέσοαι.
3492 5674 3594 5732 Est

2012 5759 2193 5806 autem
2228 5764 2421 5805 versus
2448 5748 2695 5805 Homeri.
