4136 6440
558 357 696 422 1655

1895 352 2215 427 JOSEPHI
2253 367 2569 432 GENESII

3693 388 3834 454 1056

554 472 771 530 Etenim
806 473 1045 530 habebat
1071 488 1260 530 secum
1288 475 1597 532 Manuelem
1627 476 1793 532 etiam
1816 476 1971 533 illum
1989 487 2134 536 stre-

2242 485 2574 558 ὲπισυλλογῇ
2607 488 2743 559 (5'2).
2779 491 2892 546 Καὶ
2916 491 3026 565 γὰρ
3054 487 3168 566 εἶχε
3209 496 3330 565 μεθ’
3358 496 3554 553 ἑαυτοῦ
3585 504 3679 555 καὶ
3706 506 3836 559 Μα-

552 582 724 622 nuum
756 582 824 621 ex
852 567 1139 632 Armenia,
1197 569 1359 639 cujus
1411 567 1684 625 fortitudo
1750 568 2141 626 celebrabatur

552 673 653 728 per
701 673 921 714 omnem
966 658 1181 731 Syriam
1235 660 1651 739 Romanamque
1691 661 1984 726 ditionem;
2040 663 2138 719 sed

551 751 726 806 multo
761 750 937 821 magis
961 752 1139 821 pietas
1161 753 1215 806 in
1250 753 1447 817 Deum,
1476 762 1642 824 prout
1691 754 1772 809 rei
1804 755 2009 812 veritas
2037 756 2137 811 de-

551 844 820 911 clarabit;
872 858 1000 899 cum
1033 846 1127 900 illo
1161 854 1218 900 et
1269 845 1694 917 Theophobum,
1744 847 1897 916 pium
1956 849 2137 903 virum

550 936 836 1007 multaque
891 937 1183 1006 praeditum
1238 937 1385 992 virili
1435 947 1493 993 et
1555 939 1783 1008 antiqua
1841 939 2136 1008 facundia;

549 1029 1016 1099 quemadmodum
1042 1031 1171 1086 olim
1200 1030 1375 1087 Moses
1394 1031 1615 1087 Josuam
1648 1031 1821 1088 ﬁlium
1867 1034 2009 1091 Num
2059 1044 2115 1091 et

548 1120 853 1177 Chalebum
878 1131 1134 1178 strenuos
1163 1123 1313 1177 viros
1336 1139 1525 1179 secum
1559 1124 1786 1192 habuit;
1815 1142 2134 1199 quanquam

548 1214 751 1268 horum
781 1214 982 1285 pietate
1004 1214 1323 1270 Christiana
1343 1230 1455 1269 non
1487 1215 1556 1271 ad
1589 1218 1849 1287 placitum
1881 1219 1977 1275 Dei
2001 1228 2137 1275 Usus

550 1316 635 1360 est
668 1325 681 1360 :
716 1322 816 1377 per
843 1321 984 1376 quos
1033 1306 1333 1376 aliquando
1367 1307 1593 1378 quidem
1648 1309 1930 1379 Agarenos
1978 1311 2132 1379 vicit,

549 1398 848 1469 aliquando
880 1406 1065 1453 autem
1092 1400 1435 1456 calamitates
1466 1408 1523 1457 et
1556 1401 1742 1458 clades
1767 1404 2004 1474 accepit,
2033 1405 2135 1459 im-

548 1493 939 1564 pcrscrutabili
972 1494 1070 1549 Dei
1098 1493 1333 1549 consilio
1367 1495 1553 1550 omnia
1597 1496 1880 1566 sapienter
1935 1497 2135 1568 guber-

548 1588 754 1647 nantis.
792 1590 951 1647 Unde
982 1605 1107 1646 cum
1139 1590 1381 1661 Agareni
1403 1591 1701 1661 aliquando
1725 1592 1992 1650 vicissent
2026 1594 2133 1649 im-

546 1692 882 1753 peratorem,
937 1684 1389 1754 quandoquidem
1429 1685 1661 1741 victoria
1713 1687 1768 1741 in
1816 1702 1982 1769 manu
2033 1676 2131 1742 Dei

544 1784 653 1841 cst,
676 1792 820 1847 aegre
848 1776 918 1831 ab
954 1777 1062 1831 illis
1083 1778 1259 1832 evasit
1291 1777 1607 1842 incolumis,
1668 1779 1922 1848 quamvis
1969 1780 2129 1839 multi

543 1881 613 1920 cx
635 1866 816 1923 Persis
840 1876 1070 1937 propter
1097 1868 1281 1924 clades
1308 1868 1375 1922 ad
1397 1869 1676 1938 Agarenos
1700 1870 2018 1936 deficerent,
2038 1871 2133 1941 qui

546 1965 730 2011 tamen
781 1957 1040 2013 redibant
1064 1958 1134 2013 ad
1159 1959 1573 2028 imperatorem,
1622 1974 1749 2014 cum
1788 1959 1904 2030 ipse
1939 1960 2136 2017 adver-

543 2065 642 2105 sus
666 2050 854 2106 hostes
877 2050 1347 2121 proﬁcisceretur,
1384 2067 1453 2107 eo
1482 2051 1834 2122 potissimum
1855 2051 2003 2123 quod
2028 2053 2132 2124 ipsi

542 2141 839 2213 diligerent
860 2140 1282 2213 Theophobum.

613 2318 720 2390 53
743 2319 894 2375 Talis
922 2329 1109 2376 autem
1134 2329 1220 2377 est
1245 2321 1314 2376 de
1344 2320 1451 2377 isto
1487 2322 1836 2379 diversorum
1863 2325 1980 2395 'per
2009 2340 2134 2381 suc-

540 2410 850 2464 cessionem
880 2410 1101 2466 diversa
1145 2412 1497 2482 aliquatenus
1542 2416 2020 2481 commemoratio,
2070 2426 2133 2473 ut

541 2503 993 2559 accuratioribus
1041 2504 1327 2560 historicis
1377 2505 1646 2560 usitatum
1693 2508 1862 2563 etiam
1913 2507 2132 2565 diversa

543 2594 788 2649 tradere.
814 2593 1273 2665 Quandoquidem
1307 2595 1424 2652 haec
1466 2597 1745 2653 mundana
1781 2599 1838 2652 in
1884 2598 2035 2654 ﬂuxu
2075 2610 2133 2656 et

541 2684 766 2740 deﬂuxu
796 2695 947 2753 sunt,
977 2686 1146 2742 etiam
1172 2688 1431 2750 interitus
1460 2689 1747 2743 nationum
1774 2705 1873 2760 per
1917 2690 2165 2760 disper—,

539 2778 727 2834 siones
755 2778 1089 2850 quibusdam
1115 2778 1184 2834 de
1225 2780 1409 2835 causis
1451 2780 1769 2836 exsistunt:
1806 2782 1938 2837 hinc
1963 2783 2129 2838 etiam

504 2912 507 2915 η
538 2868 773 2925 Persicae
796 2871 977 2948 gentis
1004 2889 1019 2926 :
1050 2887 1173 2941 qua:
1220 2872 1352 2926 olim
1387 2872 1615 2942 quidem
1669 2874 1725 2927 in
1759 2874 2131 2930 tabernaculis

537 2960 773 3029 vixerat,
802 2962 1030 3036 pellium
1065 2962 1268 3019 amictu
1332 2964 1572 3034 inopiam
1627 2980 1782 3021 suam
1830 2976 1927 3023 aut
1995 2969 2132 3025 tole-

535 3052 774 3108 rantiam
835 3062 1145 3121 ostentans,
1199 3064 1501 3125 posteaque
1560 3057 1731 3113 rebus
1789 3057 2010 3115 fortiter
2033 3077 2130 3132 ge-

535 3142 730 3198 rendis
776 3144 967 3199 multis
1009 3144 1272 3215 gentibus
1313 3145 1594 3202 dominata
1647 3158 1788 3213 erat,
1836 3160 2001 3219 atque
2054 3152 2123 3206 ad
2155 3184 2198 3241 ο

536 3234 866 3291 insolentias
896 3251 963 3289 ex
995 3234 1240 3291 secunda
1275 3235 1496 3292 fortuna
1525 3238 1689 3303 elata,
1722 3239 1985 3313 deinceps
2013 3260 2130 3300 ma-

534 3326 714 3381 ximas
745 3326 1087 3381 calamitates
1116 3342 1379 3396 perpessa
1406 3337 1465 3382 et
1491 3328 1742 3399 dispersa
1782 3331 1907 3399 fuit,
1944 3335 2128 3404 qualia

533 3416 742 3474 ludatis
768 3417 1003 3488 aliisque
1038 3418 1295 3490 gentibus
1323 3418 1674 3476 acciderunt.
1707 3420 2129 3482 Consueverant

535 3518 720 3565 autem
745 3509 930 3565 Persae
954 3524 1085 3564 suos
1114 3525 1273 3581 reges
1298 3525 1366 3564 ex
1393 3511 1545 3581 regia
1575 3512 1748 3583 stirpe
1772 3530 1963 3570 creare
1988 3534 2002 3572 :
2031 3518 2128 3573 sed

535 3615 664 3654 cum
685 3596 851 3654 bellis
879 3597 1094 3653 crebris
1125 3606 1183 3652 et
1213 3598 1475 3664 assiduis,
1508 3600 1741 3671 aliisque
1780 3603 2041 3662 civilibus
2074 3615 2130 3661 et

537 3693 819 3748 intestinis
841 3693 1257 3749 calamitatibus
1290 3695 1440 3765 regia
1468 3694 1676 3751 familia
1718 3697 1775 3752 in
1812 3699 1993 3769 patria
2035 3700 2132 3756 de-

536 3783 779 3849 fecisset,
810 3783 1028 3854 ipsique
1059 3785 1115 3839 in
1170 3785 1446 3856 angustiis
1488 3797 1678 3843 essent
1727 3798 1786 3844 et
1833 3790 1901 3845 de
1938 3790 2130 3862 inqui-

537 3876 715 3930 rendo
739 3876 988 3944 solliciti,
1031 3875 1404 3948 significatum
1431 3885 1518 3932 est
1543 3879 1674 3949 ipsis
1706 3896 1735 3935 a
1767 3882 2004 3950 quodam
2037 3884 2132 3954 qui

536 3964 949 4022 ninistraverat
995 3965 1296 4036 aliquando
1334 3966 1555 4021 cuidam
1588 3983 1656 4022 ex
1689 3966 1758 4022 iis
1804 3969 1899 4038 qui
1953 3985 2129 4041 genus

533 4058 746 4130 regium
774 4057 1139 4131 attingebant,
1181 4073 1325 4128 saepe
1370 4058 1440 4116 ad
1481 4058 1811 4130 legationem
1861 4062 2124 4131 profectis

532 4154 1074 4226 Constantinopolin,
1103 4154 1180 4209 ibi
1205 4168 1264 4209 se
1294 4168 1423 4209 eum
1465 4154 1745 4212 invenisse
1780 4158 1872 4231 qui
1905 4170 2123 4229 quaere-

2244 580 2410 649 νουὴλ
2437 581 2529 635 τὸν
2562 584 2825 650 γεννάδαν
2845 586 2867 617 ³
2894 586 3005 640 τῶν
3060 588 3365 660 Ἀρμενίων
3387 591 3526 661 (53),
3568 587 3630 647 οὗ
3672 597 3835 662 κλέος

2242 670 2342 740 τῆς
2397 671 2649 744 ἀνδρείας
2703 677 2845 730 κοιτά
2895 679 3077 731 πᾶσαν
3120 680 3326 751 Συρίαν
3375 684 3471 737 καὶ
3517 684 3837 757 Ῥωμαϊκὴν

2243 761 2627 833 ἐπικράτειαν,
2655 767 2841 840 πολλῷ
2864 768 2921 823 δὲ
2954 771 3142 839 μεῖζον
3175 773 3268 826 κα).
3299 774 3606 841 εὐσεϐείας,
3640 778 3765 831 καθ’
3796 780 3835 834 ἃ

2241 852 2274 921 ή
2305 851 2416 905 τῶν
2447 855 2796 924 πραγμάτων
2826 859 3216 930 παραδηλὼσει
3248 862 3501 933 ἀλήθεια,
3540 867 3638 921 σὺν
3680 868 3837 939 αύτῷ

2241 945 2336 1033 κα)
2370 945 2465 998 τὸν
2493 948 2560 998 ὲκ
2596 949 2863 1019 Περσίδος
2908 950 3179 1021 Θεόφοδον
3216 954 3353 1023 (54),
3394 956 3564 1026 ἄνδρα
3601 959 3834 1033 Θεοσεδῆ

2241 1031 2338 1083 καὶ
2370 1034 2573 1103 πολλῆς
2604 1036 2866 1106 ἐχόμενον
2898 1041 3223 1112 ἁρρενωποῦ
3255 1045 3350 1098 καὶ
3380 1045 3623 1110 παλαιᾶς
3650 1031 3836 1118 λογιόέ

2237 1137 2424 1191 τητος,
2454 1122 2529 1188 ὡς
2579 1126 2747 1182 πάλαι
2791 1130 3034 1201 Μωυσῆς
3078 1132 3290 1203 Ἰησοῦν
3342 1137 3438 1190 τοῦ
3489 1139 3693 1209 Ναυὴδ
3737 1144 3835 1196 καὶ

2239 1213 2421 1268 Χάλεσ
2475 1220 2604 1283 τοὺς
2657 1223 3089 1294 γενναιὸφρονας
3122 1226 3260 1298 (55),
3309 1230 3403 1283 καὶ
3459 1231 3670 1297 τούτοις
3720 1238 3832 1307 τῇ⁸

2237 1307 2361 1396 καθ’
2397 1309 2546 1378 ἡμᾶς
2600 1313 2857 1387 εὐσεϐείᾳ
2908 1316 2970 1369 ού
3021 1317 3286 1387 θεοφιλῶς
3345 1322 3721 1396 ὲπεκέχρητο·
3760 1327 3830 1381 δι’

2236 1390 2311 1453 ῶν
2342 1399 2456 1471 (56)
2492 1403 2624 1457 ποτὲ
2676 1405 2777 1472 μὲν
2808 1407 2918 1461 τῶν
2967 1408 3027 1474 ἐξ
3067 1413 3247 1484 Ἀγαρ
3286 1390 3572 1485 κατίσχυε,
3605 1390 3737 1471 ποτε
3768 1419 3829 1473 δὲ

2237 1490 2346 1582 τῶν
2374 1493 2811 1568 δυστυχημάτων
2850 1502 3149 1571 ἀντείχετο,
3197 1505 3497 1575 ἀφράστως
3527 1508 3664 1563 Θεοῦ
3696 1528 3832 1582 προσ

2239 1580 2539 1651 μηθεύσεσι
2586 1588 2679 1640 τού
2727 1590 2904 1644 πάντα
2934 1594 3114 1662 σοφῶς
3142 1595 3490 1663 διιθύνοντος.
3526 1599 3690 1654 Ὅθεν
3719 1580 3834 1656 τῶν

2249 1672 2570 1746 Ἀγαρηνῶν
2599 1695 2730 1732 ποτε
2762 1687 3198 1751 περιγεγονότων
3221 1688 3313 1741 τοῦ
3354 1690 3641 1759 βασιλέως,
3671 1696 3799 1749 ἐπεί
3824 1726 3835 1735 -

2235 1782 2343 1836 περ
2372 1767 2496 1839 νίκη
2519 1768 2654 1824 Θεοῦ
2680 1775 2737 1825 ἐν
2765 1774 2992 1842 γούνασι
3015 1781 3217 1845 κεῖται,
3252 1783 3513 1855 καθάπερ
3535 1788 3563 1839 ὁ
3595 1788 3837 1860 ποιητὴς

2235 1857 2579 1949 ἀπεφήνατο,
2603 1864 2758 1932 μόλις
2787 1869 2915 1936 παρ’
2939 1869 3120 1924 αὐτῶν
3142 1872 3498 1937 διασέσωστο.
3525 1880 3574 1930 εί
3597 1879 3690 1932 καὶ

2236 1948 2449 2005 πολλῶν
2473 1952 2494 1983 ⁸
2540 1954 2654 2008 τῶν
2698 1956 2922 2026 Περσῶν
2952 1958 3042 2012 διά
3073 1977 3137 2028 γε
3171 1963 3269 2026 τὰς
3299 1965 3469 2036 ἥττας
3502 1971 3616 2032 τοῖς
3658 1948 3834 2039 Ἀγα-

2236 2045 2423 2115 ρηνοῖς
2442 2046 2848 2117 προσετίθεντο,
2890 2052 2994 2103 κᾶν
3024 2052 3136 2123 (58)
3178 2056 3564 2113 ὲπαλινόστουν
3584 2058 3661 2132 τῷ
3698 2062 3837 2117 ἀνα-

2233 2150 2356 2200 κτι,
2412 2136 2577 2199 αὐτὸς
2629 2140 2866 2209 ὁπηνίκα
2924 2144 3064 2211 πρὸς
3121 2147 3455 2212 ἀντιπάλους
3511 2152 3681 2225 ἐξῄει,
3726 2156 3834 2227 οὐχ

2235 2225 2435 2296 ἥκιστα
2461 2228 2539 2298 τῷ
2570 2231 2859 2300 στέργειν⁷
2893 2234 3089 2301 αὐτοὺς
3119 2238 3213 2292 τὸν
3240 2239 3531 2310 Θεδφοϐον.

2305 2318 2544 2390 Τοιαύτη
2580 2321 2692 2392 δὲή
2722 2325 2863 2377 κατὰ
2892 2325 3084 2381 τοῦτον
3110 2330 3218 2383 ἀπὸ
3243 2330 3521 2404 διαφόρων
3541 2336 3654 2402 (59)
3684 2340 3833 2393 κατά

2230 2410 2486 2482 διαίοχὴν
2514 2414 2771 2485 διάφορος
2798 2421 2940 2473 κατά
2974 2438 3025 2474 τι
3052 2424 3270 2486 πάντως
3309 2427 3827 2499 ἀπομνημόνευσις,

2231 2502 2309 2564 ὡς
2362 2507 2507 2567 τοῖς¹
2540 2506 2816 2578 ἱστοροῦσι
2883 2513 3022 2582 πρὸς
3086 2516 3475 2587 ἀκριϐολογίαν
3527 2522 3824 2587 ἐξςίθιστο.

2244 2593 2462 2665 Ἐπειδὴ
2485 2598 2551 2649 τά
2569 2599 2838 2671 ἐγκόσμια
2862 2605 3078 2668 πάντως
3101 2610 3241 2660 κατά
3270 2609 3401 2680 ῥοὴν
3422 2612 3515 2665 καὶ
3545 2614 3832 2686 ἀπορροὴν

2230 2687 2668 2759 καθεστήκεσαν,
2727 2696 2822 2748 καὶ
2850 2696 3145 2770 διαφθοραὶ
3177 2700 3198 2732 ⁸
3227 2702 3410 2769 φύλων
3444 2704 3646 2770 αἰτίαις
3707 2707 3831 2762 uel.

2230 2781 2373 2836 κατὰ
2403 2783 2704 2855 διασποράς
2737 2791 3208 2860 παρυφίστανται,
3255 2795 3380 2850 ὅθεν
3420 2799 3515 2852 καὶ
3542 2800 3638 2854 τοῦ
3678 2802 3831 2871 Περ-

2232 2876 2387 2929 σικοῦ
2422 2877 2632 2942 ἔθνους,
2668 2880 2838 2936 πάλαι
2872 2885 2974 2953 μὲν
3001 2885 3093 2940 τὸν
3128 2890 3391 2961 σκηνίτην
3438 2892 3551 2963 βίον
3588 2913 3828 2967 περιπε-

2230 2970 2533 3039 ποιημένου
2558 2972 2653 3024 καὶ
2680 2972 2860 3045 δέρεσι
2889 2977 2909 3008 ⁹
2936 2977 3079 3032 κατά
3116 2981 3443 3053 περιστολὴν
3464 2983 3563 3053 τὴν
3586 2986 3830 3056 ἀπορίαν

2228 3059 2263 3131 ἢ
2298 3061 2359 3113 τὸ
2386 3066 2637 3130 γενναῖον
2688 3065 3160 3140 ἐπιδεικνυμένου,
3194 3072 3275 3126 ἔτι
3304 3074 3362 3127 δὲ
3390 3079 3513 3140 ταῖς
3543 3078 3831 3149 ἀνδραγα-

2232 3153 2375 3218 θίαις
2404 3155 2617 3210 πολλῶν
2648 3158 2820 3212 ἐθνῶν
2844 3161 3235 3229 κυριεύσαντος
3275 3169 3336 3231 ⁶⁰,
3370 3169 3465 3225 καὶ
3500 3173 3580 3235 εἰς
3631 3189 3831 3243 παροι-

2230 3246 2352 3299 νίαν
2373 3246 2434 3312 ἐξ
2464 3249 2725 3320 εὐτυχίας
2762 3251 3044 3321 ἀρθέντος,
3077 3255 3171 3309 καὶ
3208 3258 3346 3327 μετὰ
3377 3260 3535 3314 τοῦτο
3568 3262 3635 3317 τά
3662 3264 3829 3334 μέγι-

2230 3355 2332 3393 στα
2360 3338 2796 3413 δυστυχήσαντος
2830 3345 2927 3401 καὶ
2968 3346 3392 3419 διανεμηθέντος
3424 3351 3557 3423 (60),
3588 3350 3675 3408 οἷα
3710 3361 3830 3423 τοῖς

2241 3431 2522 3499 Ἰουδαίοις
2556 3435 2651 3490 κα)⁴
2680 3436 2887 3508 ἑτέροις
2940 3438 3291 3512 συμὸέὸηκεν
3322 3444 3556 3501 ἔθνεσιν.
3594 3448 3827 3513 Ἐξείθι-

2232 3526 2400 3581 στοδὲ
2426 3529 2541 3589 τοῖς
2579 3528 2820 3599 Πέρσαις
2850 3530 2975 3594 τοὺς
3004 3532 3219 3587 ἑαυτῶν
3273 3534 3532 3604 βασιλέας
3567 3538 3632 3593 ὲκ
3664 3538 3825 3610 βασιο

2231 3614 2379 3668 λείου
2446 3617 2619 3688 φυλῆς
2682 3618 2905 3692 ὑπέχειν
2965 3621 3309 3693 ἀνάρρησιν·
3375 3626 3514 3680 ἀλλά
3564 3629 3826 3700 πολέμοις

2233 3706 2292 3759 ὲν
2314 3706 2427 3778 (61)
2458 3708 2787 3780 ἐπαλλήλοις
2810 3713 2903 3765 καὶ
2931 3715 3053 3775 ταῖς
3081 3714 3191 3766 τῶν
3224 3714 3283 3782 ἐξ
3307 3716 3589 3787 ὁμογενῶν
3614 3720 3823 3785 ’ἄλλαις

2231 3800 2552 3869 ἐπαγωγαῖς
2578 3803 2722 3859 κατά
2748 3805 2850 3876 τὴν
2877 3806 3112 3877 πατρίδα
3147 3810 3432 3875 παντελῶς
3483 3813 3581 3882 τῆς
3611 3812 3825 3884 βασιλι-

2230 3891 2335 3960 κῆς
2381 3893 2570 3964 σειρᾶς
2620 3894 2955 3967 ἐκλιπούσης
2988 3897 3124 3969 (62),
3185 3900 3245 3953 ὲν
3276 3900 3563 3974 ἀμηχανίᾳ
3599 3921 3659 3958 τε
3691 3906 3826 3976 περὶ

2230 3978 2423 4033 τούτου
2479 3982 2873 4056 διατιθεμένων
2926 3989 3020 4041 καὶ
3053 3987 3120 4041 δι’
3169 3989 3401 4062 ἐρεύνης
3428 3993 3542 4065 (65)
3583 3995 3825 4067 ἐμμερι-

2239 4070 2522 4142 μνώντων,
2558 4079 2714 4148 παρά
2754 4097 2899 4143 τινος
2934 4082 3296 4155 ὲδηλοποιήθη
3338 4086 3523 4149 αὐτοῖς
3549 4087 3657 4141 τῶν
3688 4106 3825 4144 ποτε

2233 4164 2739 4239 ύπηρετησαμένων
2767 4172 2880 4242 (64)
2912 4176 3020 4228 τιν).
3068 4174 3179 4231 τῶν
3212 4177 3355 4231 κατὰ
3385 4177 3669 4249 βασιλικοῦ
3707 4181 3821 4252 (65)

1820 4272 2076 4341 suum
2115 4272 2529 4337 LECTIONES.

603 4370 624 4400 ³
653 4366 882 4443 γεννάδα
906 4364 968 4418 1..
1005 4434 1017 4443 .
1042 4363 1066 4397 ⁵
1095 4362 1294 4443 mulis.
1332 4364 1376 4443 _'
1409 4362 1530 4443 fort.
1570 4350 1909 4443 κᾶνπούτων
1933 4370 2006 4443 τῇ
2036 4369 2326 4443 Bergierus
2353 4376 2634 4443 expressit

531 4438 612 4490 λοι
633 4438 688 4490 li.
740 4437 785 4516 _"
817 4435 891 4504 τῷ
926 4434 1177 4516 στέργειν
1208 4436 1265 4497 li,
1296 4434 1356 4487 τὸ
1388 4436 1638 4504 στέργειν
1673 4433 1736 4491 L.
1813 4433 2230 4511 ⁸διαφθοραὶᾟ,
2254 4433 2514 4516 διαφοραὶ
2564 4444 2629 4504 L.

534 4523 700 4577 supra
732 4507 807 4559 ὧν
838 4503 1066 4574 set-ipto,
1091 4503 1155 4558 L.

3636 4391 3659 4423 ‘
3689 4391 3823 4445 πολ-

2659 4375 2695 4449 i;
2727 4382 3087 4460 ῖ-λεύσέϐεια,
3123 4395 3309 4460 nostra
3333 4388 3538 4460 religio.

3210 4458 3253 4489 ¹⁰
3279 4458 3712 4529 κυριευσὰντων,
3741 4481 3814 4530 ος

2734 4451 2753 4480 ³
2781 4451 2998 4522 δέρρεσι
3036 4453 3099 4510 Ι...

1743 4595 1989 4654 ετεριι.
2010 4599 2362 4657 BERGLERI
2392 4602 2624 4664 NOTAE.
2720 4580 2725 4585 ’

603 4686 718 4758 (52)
744 4686 905 4743 Cont.
944 4688 982 4742 ι.
1020 4703 1068 4742 c.
1107 4686 1269 4742 Ccdr.
1299 4704 1353 4758 p.
1388 4689 1512 4744 2525.

603 4757 713 4831 (63)
754 4758 917 4831 (lout.
944 4759 981 4812 Ι.
1006 4774 1056 4813 c.
1083 4760 1216 4831 Zon_.
1239 4757 1443 4831 p.147,
1475 4759 1675 4829 Georg.
1718 4774 1869 4814 mon.
1901 4776 1955 4831 p.
1988 4761 2112 4817 517.

529 4828 692 4885 Cedr.
747 4846 803 4898 p.
860 4829 983 4883 523.
1024 4858 1095 4869 ~—-
1130 4828 1271 4894 Τῶνδ,
1320 4829 1397 4884 Ita
1464 4828 1754 4899 scriptum.
1824 4828 2118 4887 Priestaret

530 4901 653 4970 τόν.
682 4899 850 4954 Valde
882 4899 1164 4970 negligens
1196 4900 1594 4970 librariusfuit
1629 4900 1777 4970 circa
1803 4917 1833 4953 ο
1858 4910 1916 4958 et.
1939 4921 2001 4955 ω.

625 4969 907 5043 541Cont.
936 4968 993 5043 pl
1037 4968 1126 5024 68.
1157 4972 1320 5027 Cedr.
1363 4987 1421 5041 p.
1466 4968 1588 5024 525.
1620 4969 1822 5043 Georg.
1861 4988 2013 5027 mon.
2058 4988 2113 5043 p.

528 5041 655 5097 515.
686 5041 822 5095 Zon.
854 5042 1062 5111 p.14”.

598 5112 713 5186 (55)
760 5112 1039 5186 Scriptum
1074 5131 1123 5165 ιν
1144 5111 1261 5186 τοῦ.
1306 5113 1406 5176 Ita,
1444 5114 1688 5181 inquam,
1731 5114 1886 5169 artic.
1933 5115 1989 5169 in
2016 5131 2112 5186 ge-

528 5184 727 5245 nitivo.
771 5198 894 5237 cum
930 5183 1164 5237 deberet
1209 5184 1301 5237 τὸν
1338 5191 1565 5253 propter
1609 5196 1727 5250 seq.
1760 5186 1908 5248 τούς.
1935 5183 2107 5251 Alias,

528 5255 658 5321 quia
710 5254 963 5322 sequitur
1009 5253 1280 5324 ἐκέχρητο
1304 5294 1319 5319 ,
1370 5253 1658 5309 debuisset
1698 5254 1777 5324 τῷ
1812 5285 1883 5295 -
1920 5266 2110 5327 postea

528 5328 664 5391 τοῖς,
700 5335 809 5379 etc.

600 5397 713 5463 (56)
746 5396 822 5449 Ita
857 5395 1147 5464 scriptum,
1179 5410 1304 5450 cum
1343 5395 1528 5465 potius
1546 5394 1776 5453 deberet
1802 5396 1871 5450 δι’
1898 5398 1947 5452 ὃ.

598 5466 715 5530 (57)
751 5465 983 5536 Negligit
1005 5466 1400 5521 connexiones.

598 5538 712 5603 (58)
746 5535 863 5589 Κάν
892 5536 1141 5597 abusive,
1170 5545 1231 5590 ut
1250 5537 1471 5606 saepius.
1511 5536 1657 5605 quod
1708 5538 1846 5593 alias
1869 5535 2116 5594 efﬁceret

528 5617 585 5663 ut
610 5622 849 5678 sequens
870 5606 1205 5678 significaret
1232 5606 1531 5678 rediissem.

598 5674 713 5741 (59⁷)
745 5674 1023 5750 Monet'dc
1052 5677 1373 5750 diversitate
1394 5686 1451 5732 et
1487 5674 1648 5732 Cont.
1709 5695 1762 5746 p.
1808 5677 1897 5743 69,
1943 5694 2113 5750 expo—

530 5747 723 5818 nitque
752 5747 829 5818 uti
852 5756 908 5801 et
934 5747 1133 5818 Noster
1162 5764 1218 5818 p.
1254 5748 1374 5802 158.

606 5816 715 5879 (litt)
782 5815 1101 5885 Imperfecta
1146 5815 1361 5882 oratio,

2149 4698 2360 4785 Βχησε
2421 4701 2516 4753 καὶ
2572 4700 2897 4774 διενεμήθη,
2938 4713 3037 4760 aut
3090 4706 3345 4764 deleatur
3384 4713 3443 4767 δέ
3494 4722 3622 4785 post
3675 4716 3823 4784 ὲξεί⁴

2218 4772 2394 4823 θιστο.

2291 4837 2405 4924 (Et)
2447 4838 2622 4924 ϐου-ι...
2645 4857 2701 4912 p.
2735 4842 2842 4924 -69
2882 4846 3006 4924 init.
3058 4848 3207 4922 Sym.
3237 4849 3372 4922 Log.
3410 4870 3464 4924 p.
3492 4855 3617 4911 “5.
3644 4858 3818 4916 Cedr.

2215 4926 2274 4982 p.
2304 4908 2427 4992 _5.l5.
2453 4908 2814 4992 -_-:_‘Er3.__l_ta
2848 4908 3135 4988 scriptuni,
3163 4930 3244 4992 et
3274 4908 3459 4992 potest
3502 4908 3821 4985 ferrifS—eii

2218 4980 2439 5070 mallem
2454 4981 2598 5070 pag
2608 4984 2843 5070 nanllﬁlo
2852 5006 2917 5070 ις,
2946 4980 3197 5070 arma
3210 4980 3571 5070 Logothetam
3701 4980 3811 5055 δίὲ

2218 5052 2286 5141 (ἐρ
2311 5051 2504 5141 εξάθέι]
2527 5069 2605 5115 re,
2639 5051 2908 5141 ὄθενξτοῖς
2936 5051 3371 5141 ἀλλεὶταλλήλὸις
3414 5051 3679 5138 πολέμᾶς

2222 5121 2512 5198 βασιλικῇς
2542 5126 3118 5198 σειρᾶς-ἐκλιπούσης,
3152 5121 3267 5187 etc.

2290 5193 2407 5274 (62)
2438 5193 2597 5274 (ξοιιι.
2636 5210 2690 5263 p.
2724 5196 2829 5274 69,Δ
2850 5198 2992 5274 ita;
3013 5193 3295 5265 Ἑξέλιπον
3326 5204 3385 5257 δὲ
3416 5207 3484 5261 ἐκ
3544 5208 3656 5261 τῶν
3687 5228 3818 5264 συν-

2215 5263 2357 5347 εχῶν
2401 5263 2655 5347 πολέμων
2679 5306 2693 5327 ,
2748 5269 2841 5347 κέιὶ
2881 5270 3026 5347 ’τῇδε
3058 5263 3311 5347 *κάκεῖσε
3336 5263 3819 5347 μετασκηνώσεων

2216 5332 2480 5422 ύπρᾳτῶν,
2498 5335 2840 5422 -ξᾼγαρηνῶν
2876 5332 3229 5412 ἐλαυνόμενοι
3267 5332 3469 5418 οίδτῆς
3527 5332 3818 5422 βασιλικῆς

2216 5402 2412 5473 φυλῆς.
2442 5402 2601 5475 Ζοη.
2625 5402 2680 5475 p.
2718 5402 2844 5467 H7.

2290 5474 2405 5551 (62⁷))
2434 5473 2715 5551 §criptum
2744 5479 3029 5551 διερεύνης
3061 5500 3169 5539 una
3196 5502 3353 5542 voce.

2289 5544 2595 5668 gmfont.
2661 5564 2716 5618 p.
2772 5544 2861 5605 69.
2946 5544 3081 5608 Zon.
3134 5572 3187 5625 p.
3245 5558 3366 5613 147.
3415 5559 3688 5631 Loquitur
3724 5568 3813 5619 (ιι-ο

2217 5627 2464 5671 conutte.

2259 5687 2403 5773 _t(iS)
2435 5687 2712 5773 scriptum
2741 5691 2918 5773 βασις.
2943 5696 3253 5773 requiritur
3279 5699 3589 5769 βασιλικοῦ,
3617 5718 3817 5773 quam-

2220 5757 2303 5813 vis
2327 5757 2590 5829 βασιλέως
2620 5757 2872 5818 excusari
2903 5757 3095 5834 possit.

1446 5818 1550 5873 nisi
1614 5817 1827 5889 legatur
1884 5818 2110 5873 ὲδυττύ-
2222 5887 2239 5899 ‘
