4136 6500
473 321 611 388 1063

1792 318 2115 380 JOSEPHI
2147 316 2464 377 GENESII

3607 306 3743 374 1064

466 436 749 495 Amastrin
776 406 1164 506 occupassent,
1199 447 1384 504 regem
1436 430 1746 497 declarant,
1771 439 1832 485 ut
1868 430 1936 485 ah
1968 431 2064 484 illo

2174 430 2268 501 τῆς
2299 429 2558 498 τοιαύτης
2582 427 2684 497 γῆς
2713 426 3158 496 ὲγκρατήσαντος
3191 424 3515 496 άγορεύεται
3554 425 3665 497 (12)
3692 427 3749 480 ἐν

467 536 829 586 renovaretur
856 527 1151 582 Persarum
1180 523 1547 580 consuetudo.
1573 523 1744 578 Porro
1770 522 1886 592 ipse
1915 538 2060 593 aegre

467 625 652 680 ferens
681 635 875 677 eorum
909 628 1193 685 conatum,
1231 617 1493 688 quoniam
1535 632 1644 670 non
1675 632 1745 670 ex
1776 615 2060 670 voluntate

469 733 568 774 sua
610 716 898 787 agebatur,
931 712 1383 784 reprehendebat
1408 725 1601 765 eorum
1650 708 1866 763 facinus
1891 708 2062 763 vehe-

470 822 686 867 menter
712 810 1049 872 lamentans,
1076 821 1257 876 eoque
1285 806 1407 874 ipso
1437 803 1665 858 ﬂectere
1693 803 1916 856 illorum
1946 801 2066 855 ani-

471 917 592 958 mos
628 900 870 964 volebat,
895 896 1334 965 obsecrabatque
1358 903 1415 947 et
1450 891 1680 962 cogebat
1714 899 1775 943 ut
1816 889 2064 943 benevo-

470 993 700 1049 lentiam
754 988 1112 1060 imperatoris
1162 985 1268 1041 sibi
1326 983 1461 1053 ipsis
1515 980 1965 1044 reconciliarent,
2010 987 2068 1033 et

471 1081 945 1155 quemadmodum
993 1095 1051 1134 re
1085 1094 1214 1132 vera
1276 1082 1657 1144 comparatum
1704 1072 1795 1136 sit,
1843 1084 2065 1125 causam

470 1176 605 1232 facti
637 1174 743 1230 sibi
776 1189 845 1229 ne
879 1170 1288 1226 adscriberent.
1321 1167 1424 1233 Qui
1452 1166 1540 1219 his
1571 1163 1779 1218 auditis
1808 1162 2069 1232 despera—

474 1271 627 1325 tione
681 1268 852 1338 capti,
897 1279 1003 1319 nec
1061 1262 1248 1317 minus
1307 1259 1520 1312 furioso
1569 1255 1809 1327 quoda’m
1858 1254 2069 1323 impetu

473 1361 761 1425 concitati,
793 1371 1144 1428 nequaquam
1191 1355 1312 1425 ejus
1360 1351 1605 1406 consilio
1659 1349 2071 1418 obtemperant.

473 1454 744 1511 Caterum
777 1466 903 1506 cum
943 1448 1321 1519 Theophobus
1356 1446 1495 1500 clam
1527 1442 1770 1498 misisset
1800 1439 2069 1511 quosdam

2163 522 2492 592 κατασχέσει
2534 538 2592 573 τε
2644 518 2895 586 Σινώπης
2930 518 3033 590 τῆς
3079 518 3285 581 πόλεως
3332 519 3365 589 ἢ
3410 520 3552 573 κατά
3598 537 3752 585 τινας

2176 613 2540 683 Ἀμάστριδος
2578 612 2868 681 γεγονότες
2922 611 3152 681 βασιλέα
3198 612 3563 682 κηρύττουσιν
3611 614 3752 684 (15),

2164 703 2239 767 ὡς
2269 706 2332 757 ἐκ
2361 703 2552 757 τούτου
2581 705 2675 757 καὶ
2706 704 2774 755 τά
2802 692 3029 773 Περσῶν
3055 703 3392 767 καινίζεσθαι
3419 704 3531 775 (14)
3562 704 3753 775 ἔθιμα.

2165 796 2341 859 Αύτὺς
2373 795 2429 847 δὲ
2462 796 2579 866 (15)
2616 795 2901 865 δυσφόρως
2950 794 3091 864 ἔχων
3134 794 3271 866 πρὸς
3316 796 3377 849 τὸ
3421 798 3755 868 ἐγχείρημα,

2167 885 2257 945 οἷα
2289 890 2364 960 μὴ
2409 890 2551 944 κατὰ
2577 887 2805 958 γνώμην
2847 888 2999 959 αὐτῷ
3042 888 3433 958 πεπραγμένον
3464 889 3531 954 ³³,
3570 890 3758 942 αἰτίαν

2168 982 2354 1046 αὐτοῖς
2382 981 2728 1052 προσέπλεκε
2751 978 2841 1032 τοῦ
2872 978 3246 1049 τολμήματος,
3274 981 3465 1042 δεινῶς
3485 981 3762 1049 ἀπολοφυ-

2172 1075 2397 1145 ρόμενος
2428 1074 2470 1105 ³⁸
2497 1073 2586 1126 διὰ
2610 1072 2771 1125 τοῦτο
2842 1073 2978 1143 (16),
3036 1072 3415 1125 κατεδυσώπει
3460 1072 3504 1104 ³⁸
3547 1073 3759 1137 αὐτοῖς,

2174 1166 2385 1218 ἱκέτευέ
2413 1182 2472 1217 τε
2524 1163 2620 1217 καὶ
2686 1164 2936 1228 ἐϐιάζετο
2965 1163 3027 1215 τὸ
3076 1164 3306 1233 εὐμενὲς
3345 1162 3611 1233 βασιλέως
3640 1165 3758 1236 (17)

2171 1256 2528 1320 ὲξιλεοῦσθαι,
2557 1257 2652 1309 καὶ
2681 1255 2868 1324 ὥσπερ
2901 1254 3013 1325 ἔχοι
3040 1256 3100 1307 τὸ
3126 1255 3348 1326 ἀληθὲς,
3377 1254 3453 1327 μὴ
3471 1255 3618 1326 αὑτῷ
3640 1258 3764 1309 ἑπι-

2172 1349 2403 1418 γράφειν
2447 1348 2538 1402 τοῦ
2590 1347 2937 1410 τελεσθέντος
2991 1348 3192 1401 αἰτίαν.
3232 1347 3297 1401 Οἳ
3324 1348 3501 1401 ταῦτα
3539 1347 3763 1419 8:113:00-

2170 1440 2418 1507 τισμένοι
2450 1439 2492 1469 ³⁷
2526 1437 2838 1506 ἀπογνώσει
2890 1455 2949 1490 τε
3002 1436 3358 1508 συσχεθέντες
3383 1437 3485 1490 οὐκ
3537 1438 3763 1491 ἔλαττον

473 1547 544 1601 ad
591 1546 1004 1615 imperatorem,
1058 1550 1115 1596 et
1148 1538 1404 1595 horribili
1440 1534 1803 1607 jurejurando
1850 1530 2070 1602 scriptis

2175 1534 2269 1586 καὶ
2297 1530 2554 1602 μανιώδει
2595 1532 2740 1601 φορᾷ
2773 1530 3200 1601 συνειλούμενοι,
3225 1530 3478 1600 οὐδαμῶς
3506 1530 3584 1601 τῷ
3615 1547 3764 1599 συμ-

474 1645 744 1708 concepto
770 1635 1139 1691 contenderet
1171 1648 1230 1687 se
1261 1630 1460 1702 patrati
1498 1626 1763 1686 facinoris
1787 1632 2070 1679 auctorem

2174 1624 2504 1695 ϐουλεύματι
2534 1622 2837 1689 πείθονται,
2892 1624 2987 1677 καὶ
3039 1624 3179 1678 κατὰ
3215 1624 3276 1677 τὸ
3309 1623 3544 1695 ἀρέσκον
3572 1624 3766 1685 αὐτοῖς

472 1746 586 1787 non
620 1730 817 1794 fuisse,
852 1728 949 1784 sed
996 1727 1292 1782 Persarum
1335 1722 1574 1779 stultitia
1605 1731 1661 1776 et
1704 1719 1873 1774 nimia
1903 1718 2070 1773 bene-

2175 1716 2609 1788 εὺτρεπίζονται.
2647 1715 2756 1769 Τοῦ
2787 1715 2843 1769 δὲ
2888 1715 3163 1785 Θεοφόῆου
3198 1715 3475 1786 λαθραίως
3524 1716 3769 1786 διαπεμ-

473 1824 717 1880 volentia
751 1792 812 1877 id?
840 1821 1015 1875 fuisse
1044 1819 1277 1883 factum,
1307 1818 1614 1886 imperator
1652 1814 1957 1867 humanum
2012 1817 2070 1864 et

2174 1808 2417 1879 ψαμένου
2452 1806 2587 1878 πρὸς
2614 1806 2840 1877 βασιλέα
2867 1806 3003 1878 (18),
3034 1807 3334 1877 ἐγγράφοις
3365 1821 3427 1858 τε
3454 1806 3549 1859 καὶ
3575 1806 3769 1877 ὅρκοις

474 1912 807 1967 clementem
838 1908 947 1980 59
985 1924 1044 1963 se
1080 1914 1325 1978 praestat,
1357 1921 1421 1960 ac
1460 1902 1821 1975 jurejurando
1855 1901 2070 1955 firmata

2174 1902 2269 1955 καὶ
2303 1898 2767 1971 φρικωδεστάτοις
2793 1900 3288 1971 ὲπισχυριζομένου
3340 1901 3413 1965 ὡς
3444 1901 3507 1955 οὐ
3534 1902 3611 1973 τῷ
3639 1905 3769 1956 τολ-

476 2007 585 2062 fide
612 2007 718 2078 ipsi
746 2006 957 2076 quique
988 2018 1115 2059 cum
1149 2003 1267 2073 ipso
1298 2009 1489 2057 essent
1516 1997 1791 2070 promittit
1827 1995 2069 2051 veniam.

474 2098 692 2167 Quibus
725 2099 863 2154 satis
895 2095 1145 2168 persuasi
1174 2103 1231 2150 et
1262 2091 1579 2157 credentes,
1609 2090 1944 2145 delictorum
1976 2102 2069 2142 ac-

475 2201 637 2262 cepta
696 2189 1050 2253 remissione,
1083 2204 1115 2243 a
1149 2187 1355 2255 Sinope
1418 2183 1557 2239 urbe
1608 2192 1706 2239 aut
1758 2180 2072 2237 Amastride

475 2282 878 2339 discesserunt.
913 2282 1160 2348 Quarum
1210 2279 1360 2334 illam
1397 2275 1625 2349 quidem
1676 2289 1881 2330 nomen
1915 2287 2074 2329 acce-

475 2376 621 2447 pisse
647 2375 844 2432 dicunt
867 2391 900 2430 a
922 2374 1128 2444 Sinopa
1157 2371 1419 2442 quadam,
1452 2382 1560 2422 una
1585 2373 1652 2423 ex
1677 2363 2075 2430 Amazonibus,

475 2481 603 2520 cum
662 2468 783 2536 ipsa
846 2480 972 2520 eam
1020 2461 1409 2526 condidisset;
1463 2458 1608 2512 hanc
1665 2465 1878 2520 autem,
1926 2455 2080 2525 prius

475 2554 773 2612 Cromnam
836 2555 1064 2618 dictam,
1128 2568 1162 2609 a
1234 2551 1469 2606 muliere
1546 2548 1786 2619 quadam
1856 2546 2078 2602 Persica

476 2645 790 2701 Amastride
836 2645 947 2700 ﬁlia
995 2644 1247 2716 Oxyartes
1304 2640 1496 2697 fratris
1550 2639 1721 2706 Darii,
1771 2654 1896 2709 qua:
1945 2652 2073 2692 cum

478 2745 651 2807 nupta
685 2747 832 2792 esset
867 2736 1130 2807 Dionysio
1161 2732 1443 2788 Heracleae
1468 2740 1724 2804 tyranno,
1753 2730 1919 2784 istum
1963 2728 2072 2785 sibi

478 2828 783 2899 subjectarn
808 2827 1001 2882 urbem
1029 2842 1059 2881 a
1086 2825 1319 2895 conjuge
1342 2839 1442 2879 sua
1470 2821 1868 2877 nominavisse.

2178 1993 2405 2065 μηθέντι
2440 1994 2661 2057 πάντως
2692 1992 2856 2055 αὐτὸς
2897 1992 3202 2064 κατῃτίωτο
3228 1991 3363 2064 (19),
3397 1996 3548 2066 παρὰ
3576 1995 3634 2047 δὲ
3661 1996 3768 2065 τῆς

2173 2087 2284 2140 τῶν
2311 2086 2538 2156 Περσῶν
2567 2085 2819 2157 εὐηθείας
2841 2085 2875 2157 ἢ
2902 2086 3215 2155 φιλευνοίας
3239 2086 3397 2139 τοῦτο
3420 2104 3487 2140 πε
3498 2088 3766 2156 πρᾶχθαι,

2175 2179 2574 2250 φιλανθρώπως
2598 2181 2626 2231 ὁ
2651 2178 2906 2248 βασιλεὺς
2928 2178 3275 2250 εὐμενίζεται
3310 2178 3408 2232 καὶ
3458 2180 3769 2249 ὲπωμότοις

2178 2270 2329 2341 αὐτῷ
2358 2288 2417 2324 τε
2450 2272 2543 2324 καὶ
2577 2272 2690 2331 τοῖς
2716 2272 2815 2325 σὺν
2843 2270 2993 2340 αὐτῷ
3032 2273 3409 2339 κατεγγυᾶται
3433 2272 3769 2326 πιστῶσεσιν

2179 2367 2376 2436 ἄφεσιν
2410 2366 2522 2436 (20)
2544 2384 2556 2397 ⁸
2593 2360 2675 2428 οἷς
2714 2364 3275 2435 πεπληροφορημένοι
3297 2368 3393 2419 καὶ
3426 2365 3536 2420 τῶν
3561 2366 3768 2435 ἐσφαλ-

2182 2459 2362 2529 μένων
2399 2457 2828 2528 προσδεξάμενοι
2873 2457 3145 2528 λύτρωσιν
3185 2457 3287 2527 τῆς
3326 2458 3621 2522 Σινὼπιδος
3654 2457 3768 2529 (21)

2181 2547 2392 2610 πόλεως
2416 2548 2449 2617 ἢ
2480 2537 2839 2618 Ἀμάστριδός
2873 2548 3219 2618 ἐξεδήμησαν
3249 2548 3387 2621 (22).
3413 2542 3513 2603 Ὧν
3541 2550 3641 2621 τὴν
3670 2552 3771 2621 μὲν

2181 2643 2375 2713 κλῆσιν
2407 2642 2754 2713 ὲξειληφέναι
2777 2642 3028 2713 Σινώπης
3059 2644 3167 2696 ἀπό
3200 2661 3348 2707 τινος
3381 2644 3491 2699 τῶν
3536 2641 3774 2715 Ἀμαζό-

2183 2751 2311 2795 νων,
2340 2733 2512 2803 αὐτῆς
2544 2733 2881 2816 δειμαμένης
2912 2734 2979 2797 ³⁸.
3017 2736 3116 2805 τὴν
3149 2735 3207 2789 δὲ
3237 2736 3297 2789 τὸ
3329 2739 3456 2805 πρὶν
3489 2738 3773 2808 Κρῶμναν

2176 2821 2580 2894 ὠνομασμένην
2625 2822 2689 2874 ἐκ
2720 2839 2865 2886 τινος
2893 2824 3153 2894 Περσίδος
3191 2825 3551 2897 Ἀμάστριδος
3600 2826 3774 2895 θυγα-

477 2920 607 2990 τρὸς
646 2918 942 2990 Ὀξυάρτου
991 2917 1223 2988 ἀδελφοῦ
1262 2918 1516 2988 Δαρείου,
1543 2916 1666 2987 ἥτις
1698 2914 2069 2987 συνοικήσασα
2112 2916 2378 2988 Διονυσίῳ
2412 2915 2489 2986 τῷ
2533 2917 2865 2989 Ἡρακλείας
2893 2919 3161 2989 τυράννῳ,
3228 2919 3320 2972 ὑπ’
3344 2921 3560 2992 ,ἐκείνῳ
3604 2922 3772 2976 οὖσαν

478 3015 578 3086 τὴν
610 3014 762 3068 πόλιν
788 3016 894 3069 ἀπὸ
918 3016 1015 3084 τῆς
1046 3017 1090 3047 ³³
1124 3014 1360 3083 συζύγου
1389 3014 1737 3084 ὠνομακέναι
1764 3013 1897 3087 (25).

552 3134 632 3189 Ac
670 3133 1052 3204 TheOphobus
1090 3134 1316 3204 quidem
1347 3151 1554 3191 rursus
1586 3136 1907 3206 imperatori
1939 3150 2070 3190 con-

2252 3132 2364 3187 Καὶ
2390 3133 2420 3184 ὁ
2457 3132 2557 3202 μὲν
2599 3131 2871 3201 Θεόφοόος
2901 3129 2979 3201 τῷ
3010 3130 3223 3200 βασιλεῖ
3250 3131 3409 3193 αὖθις
3441 3130 3682 3195 ἱλεωθεὶς
3712 3133 3773 3184 ἐν
3818 3138 3843 3161 ⁸

479 3227 702 3282 ciliatus
724 3229 779 3281 in
806 3228 989 3282 aulam
1015 3226 1332 3283 restituitur
1354 3227 1703 3298 pristinaque
1737 3227 2076 3283 benevolen—

484 3316 560 3371 tia
593 3325 652 3372 et
684 3317 936 3372 ubertate
965 3316 1192 3372 fruitur.
1245 3318 1539 3373 Persarum
1597 3327 1781 3373 autem
1818 3318 2075 3372 multitu-

483 3409 673 3465 dinem
707 3418 936 3474 tantam,
974 3410 1237 3479 quoniam
1289 3426 1467 3480 usque
1519 3411 1587 3467 ad
1624 3411 1848 3482 triginta
1902 3412 2076 3466 millia

481 3501 845 3566 excrevisset,
877 3501 1057 3556 libere
1081 3511 1137 3556 et
1169 3502 1404 3557 licenter
1450 3502 1675 3574 quidvis
1716 3517 1877 3572 agere
1910 3517 2073 3556 secu-

484 3607 716 3661 ramque
740 3608 864 3647 esse
899 3593 1220 3662 imperatori
1257 3594 1572 3649 consultum
1599 3609 1710 3647 non
1736 3594 2035 3647 videbatur
2059 3611 2073 3647 :

483 3683 720 3753 proinde
746 3685 800 3738 in
831 3684 1079 3738 Romana
1111 3685 1353 3739 themata
1386 3684 1517 3738 bina
1553 3685 1726 3738 millia
1748 3686 1817 3739 de
1851 3685 2074 3739 Persico

482 3775 737 3830 evercitu
778 3776 1165 3842 mittebantur,
1196 3785 1257 3831 ut
1295 3777 1708 3849 subjicerentur
1737 3777 1805 3833 iis
1831 3778 1928 3847 qui
1970 3793 2072 3833 suo

2174 3226 2287 3287 τοῖς
2317 3223 2612 3294 βασιλείοις
2638 3221 2951 3293 κατῴκιστο
2980 3224 3076 3276 καὶ
3104 3224 3203 3294 τῆς
3253 3224 3367 3295 (24)
3403 3223 3572 3278 πάλαι
3602 3240 3772 3294 προσ-

2173 3318 2339 3389 ούσης
2359 3316 2511 3388 αὐτῷ
2532 3318 2683 3389 παρά
2707 3317 2919 3386 βασιλεῖ
2939 3319 3327 3391 φιλοστοργίας
3352 3320 3445 3373 καὶ
3465 3318 3776 3380 εὐπαθείας

2174 3414 2469 3467 ἀπέλαυεν.
2504 3412 2732 3484 Περσῶν
2759 3414 2816 3466 δὲ
2840 3413 3073 3482 πληθὺν,
3116 3413 3205 3466 διὰ
3234 3413 3294 3467 τὸ
3323 3413 3578 3483 προϊέναι
3612 3413 3777 3482 μέχρι

2181 3507 2461 3577 μυριάδων
2489 3513 2558 3574 γ’,
2594 3508 2656 3559 οὐ
2684 3505 2893 3576 ταύτην
2941 3506 3347 3577 ἐλευθεριάζειν
3381 3506 3663 3577 συμφέρον
3690 3502 3776 3558 εἶ-

2183 3616 2272 3651 ναι
2296 3600 2341 3630 “
2367 3600 2462 3651 καὶ
2496 3600 2583 3651 ἐπ’
2624 3600 2807 3662 ἁδείας
2833 3599 3045 3667 διάγειν
3070 3598 3149 3668 τῷ
3181 3599 3396 3668 βασιλεῖ
3447 3597 3776 3665 κατεφαίνε-

2180 3706 2272 3744 το⁹
2326 3691 2579 3745 ἐντεῦθεν
2629 3695 2744 3754 τοῖς
2792 3692 3125 3762 Ῥωμαῖκοϊς
3185 3692 3388 3762 θέμασι
3418 3692 3657 3761 χιλιάσιν
3682 3690 3777 3741 ἐπὶ

2179 3780 2301 3834 δυσὶ
2332 3782 2601 3852 Περσικὸς
2626 3782 2861 3853 ἀριθμὸς
2888 3782 3257 3836 ἀπεστέλλετο
3288 3782 3394 3836 ὑπὸ
3415 3784 3575 3852 χεῖρα
3598 3780 3774 3833 τελεῖν

1761 3945 2000 4001 νΑΒΙέΕ
2042 3947 2454 4007 LECTIONES.

556 4105 603 4139 “
638 4105 1045 4177 πεπραγμένων
1086 4105 1147 4159 L.
1227 4105 1273 4139 ³⁸
1309 4107 1608 4209 ἀπωλοφυρ

556 4192 658 4209 ..ι-ηρ
691 4177 927 4209 Qun-nn"
958 4176 978 4209 1
1004 4178 1163 4209 ηιηιιιι
1228 4193 1260 4209 ιι
1311 4179 1409 4209 ᾹΩΘ
1434 4179 1474 4209 Γ
1598 4180 1608 4209 Ι

490 4176 658 4248 μένης
691 4176 928 4247 Syincou
956 4176 1186 4247 Logoth.
1227 4193 1281 4248 p.
1307 4179 1411 4233 422
1434 4179 1495 4233 C.

1598 4107 1805 4209 ξάμενος
1840 4109 1933 4209 Ιςῐ
1974 4110 2019 4142 ³⁸
2050 4111 2597 4209 ξοῐηονκαὶιξδιέσιίξπει.
2691 4115 2732 4147 ⁸⁷
2758 4114 3142 4186 διηκουσμένοι
3174 4113 3240 4167 L.
3314 4113 3359 4145 ⁸⁸
3380 4113 3550 4183 αὐτὴν
3583 4112 3779 4183 δειμα-

1648 4177 1770 4249 τῆς]
1793 4180 1887 4233 τοῦ
1912 4176 1976 4232 L.
2050 4181 2096 4212 ⁸⁸
2132 4179 2269 4235 εἶναι
2295 4184 2353 4247 Β,
2380 4178 2448 4255 ἦν
2471 4183 2534 4239 L.

1650 4317 1895 4374 STEPH.
1938 4320 2287 4376 BERGLEIU
2317 4321 2552 4378 NOTAE.

559 4456 672 4530 (12)
701 4456 779 4530 Ita
826 4456 1131 4527 scriptum,
1181 4471 1293 4511 non
1364 4456 1880 4529 προσαγορεύεται,
1929 4455 2079 4526 quod
2110 4443 2156 4501 Ι)
2185 4457 2668 4530 ρει-ΐεοιο.ῐ)οεξι
2729 4457 2878 4530 enim
2928 4458 3147 4530 λέγεται
3201 4466 3296 4512 aut
3328 4457 3530 4512 simile.
3571 4457 3771 4513 Iisdem

486 4528 609 4584 erat
632 4528 854 4582 melius.

559 4598 671 4668 (13)
705 4596 841 4668 Zon.
866 4614 922 4667 p.
958 4597 1080 4652 151.
1102 4595 1269 4652 Cedr.
1299 4613 1353 4668 p.
1384 4596 1509 4668 529.

560 4666 675 4738 (14)
729 4667 835 4738 Per
872 4666 987 4721 hoc
1030 4668 1263 4722 verbum
1301 4666 1424 4738 inon
1479 4667 1616 4723 dicit
1647 4667 1798 4738 quod
1857 4666 2081 4722 videtur

487 4736 755 4793 voluisse.
794 4736 999 4792 Saltem
1031 4736 1751 4802 ἀνακαινίζεσθαιάἰιίεέει.

565 4807 679 4881 (15)
706 4808 899 4881 Λύξρς
934 4806 1004 4860 δὲ
1027 4836 1097 4846 -
1132 4810 1208 4863 ικ.
1264 4808 1366 4861 καὶ
1414 4806 1628 4881 ἐϐιάζ.)
1674 4808 1809 4864 Zon.
1860 4823 1919 4879 p.
1954 4807 2080 4863 151.

490 4877 657 4934 Cedr.
690 4892 747 4948 p.
772 4876 895 4932 529.

567 4947 791 5019 (16)’lta
823 4947 1118 5018 scriptum,
1150 4962 1274 5002 cum
1326 4948 1514 5019 potius
1573 4947 1803 5005 deberet
1863 4948 2080 5002 τούτου.

495 5018 725 5075 Videtur
748 5026 806 5072 et
829 5019 926 5072 καὶ
962 5018 1516 5087 praetermittendum.

590 5088 681 5158 17)
718 5088 1049 5158 Requiritur
1080 5089 1241 5144 artic.
1270 5090 1389 5143 τοῦ.

592 5094 681 5225 17)
718 5094 1049 5158 Requiritur
1080 5094 1241 5144 artic.
1270 5094 1389 5143 τοῦ.

592 5159 655 5213 18
707 5158 843 5229 Zon.
872 5175 927 5229 p.
957 5158 1081 5212 151.
1112 5157 1277 5214 Cedr.
1302 5175 1360 5229 p.
1390 5160 1517 5215 529.

591 5229 678 5298 19)
708 5227 787 5299 ita
818 5227 1090 5299 scriptum
1116 5230 1172 5283 in
1219 5227 1658 5299 plusquamperf.
1706 5228 1903 5295 indic.,
1956 5244 2082 5283 cum

494 5298 682 5370 potius
708 5298 942 5370 deberet
964 5299 1020 5370 in
1044 5315 1203 5370 praes.
1222 5298 1346 5369 'opt.
1368 5298 1724 5369 καταιτιῷτο,
1750 5301 1789 5354 i.
1813 5316 1867 5354 e.
1895 5302 2087 5370 κείρει

495 5368 923 5426 insimularetur.
994 5369 1104 5425 Sed
1159 5368 1303 5425 forte
1358 5384 1516 5425 more
1581 5368 1683 5424 suo
1735 5371 1944 5426 abusus
1995 5368 2087 5426 est

497 5438 691 5511 verbo,
711 5447 786 5511 ιιι
814 5438 1091 5511 significet
1115 5439 1265 5511 quod
1294 5440 1348 5495 in
1373 5441 1632 5511 versione
1659 5441 1929 5511 expressi.

571 5507 846 5581 (21))ζοιι.
870 5507 924 5579 p.
957 5510 1074 5566 151.
1106 5507 1269 5566 Cedr.
1302 5526 1365 5581 ι).
1390 5509 1515 5565 529.

569 5578 684 5651 (21)
712 5579 791 5651 [ta
812 5578 1107 5651 scriptum.
1140 5578 1467 5651 Requiritur
1493 5580 1813 5644 Σινωπίδος.

570 5647 685 5719 (22)
715 5647 881 5722 Cedr.
902 5647 1112 5722 p_._529.
1138 5647 1287 5722 Syni.
1348 5650 1482 5721 Log.
1513 5668 1568 5721 p.
1596 5654 1723 5708 422.
1769 5654 1865 5711 Est
1888 5661 1945 5707 et
1968 5652 2087 5708 hac

498 5719 567 5772 de
593 5718 913 5793 nominibus
955 5718 1191 5793 Sinopes
1236 5732 1291 5793 et
1322 5718 1656 5780 Amastridis
1698 5724 2086 5793 intempestiva

500 5789 865 5855 parenthesis,
895 5788 1209 5857 quales‘bic
1231 5792 1439 5861 plures,
1474 5806 1738 5862 prmterea
1773 5788 1956 5848 oratio
1982 5795 2083 5847 im-

2184 4528 2302 4600 fcre
2330 4529 2516 4600 verbis
2546 4538 2601 4582 et
2621 4527 2770 4600 Sym.
2806 4528 2940 4599 Log.
2966 4529 3005 4583 l.
3044 4544 3095 4584 c.

2259 4598 2387 4670 (23)
2424 4598 2503 4652 ita
2532 4598 2762 4653 omnino
2813 4598 3106 4670 scriptum,
3153 4615 3265 4655 non
3289 4599 3599 4670 ὠνόμακεν,
3627 4598 3775 4669 quod

2184 4668 2489 4740 requiritur
2511 4680 2772 4740 (propter
2797 4668 2942 4740 ῆτιςζ
2973 4669 3185 4725 Sonant
3210 4668 3550 4724 autem—haec
3584 4668 3655 4724 ita
3706 4670 3774 4723 ad

2185 4739 2465 4813 verbum:
2493 4738 2623 4813 Quae
2647 4738 2831 4810 nupta‘
2869 4740 3125 4813 Dionysio
3165 4751 3397 4813 tyranno
3440 4740 3778 4813 huic_sufrje-

2186 4815 2325 4863 ctam
2345 4809 2526 4882 urbem
2548 4810 2701 4882 illam
2727 4829 2759 4864 a
2791 4809 3136 4882 conjuge—suo
3158 4809 3461 4865 nominasse
3489 4811 3607 4865 scil.
3629 4810 3778 4864 dici-

2190 4888 2301 4934 tur.
2333 4879 2467 4946 Quae
2491 4880 2629 4934 mira
2666 4891 2752 4935 est
2782 4879 3007 4935 fatuitas
3029 4891 3087 4936 et
3136 4882 3492 4951 perversitas,
3527 4895 3652 4935 cum
3686 4896 3777 4951 se-

2186 4960 2391 5073 quatur
2426 4951 2839 5032 Dionysiopolin
2878 4962 2974 5005 aut
3003 4950 3300 5032 Dionysius
3338 4952 3421 5021 (ut
3462 4950 3774 5073 Philippos;

2229 5031 2394 5073 ictam
2427 5020 2596 5073 fuisse
2629 5023 2847 5073 urbem.
2882 5037 2993 5073 non
3022 5024 3324 5073 Amastrin.
3368 5022 3441 5073 Ita
3470 5030 3649 5073 tamen
3705 5036 3733 5072 a

2229 5021 2394 5095 ictam
2427 5020 2596 5095 fuisse
2629 5023 2847 5095 urbem,
2882 5020 3442 5095 nonAmastrina'lta
3470 5020 3649 5075 tamen
3705 5036 3733 5072 a

2188 5091 2421 5163 verbum
2448 5100 2505 5163 et
2531 5090 2679 5163 Syni.
2704 5092 2837 5163 Log.
2868 5092 2963 5145 ubi
3005 5093 3286 5161 interpres
3320 5091 3481 5147 facile
3520 5108 3581 5147 se
3604 5105 3775 5163 expet-

2189 5161 2352 5223 divit,
2386 5160 2687 5217 deflectens
2719 5178 2749 5215 a
2781 5160 3007 5217 Graecis.
3046 5160 3171 5217 Hoc
3210 5164 3571 5225 monendum,
3630 5160 3775 5230 apud

2190 5230 2337 5303 Sym.
2366 5232 2511 5303 Log.
2535 5248 2635 5301 pro
2664 5233 2770 5284 ἀπὸ
2801 5233 2897 5285 τοῦ
2931 5231 3168 5299 συζύγου
3195 5232 3300 5302 legi
3329 5233 3439 5285 ἀπὸ
3473 5233 3573 5300 τῆς
3606 5232 3773 5294 συζύ-

2188 5302 2309 5369 γου,
2368 5302 2517 5372 quod
2563 5304 2790 5356 omnino
2832 5318 3064 5357 verum:
3115 5319 3309 5372 parum
3347 5311 3529 5357 tamen
3552 5303 3777 5372 juvatur

2188 5373 2369 5427 oratio
2392 5383 2450 5427 et
2478 5388 2695 5436 sensus,
2725 5374 2833 5428 nisi
2867 5373 2995 5441 quis
3024 5374 3345 5428 meminerit
3376 5373 3513 5428 istos
3540 5372 3774 5427 nimium

2188 5442 2497 5515 delectatos
2518 5443 2691 5515 fuisse
2721 5444 2996 5515 ponendis
3034 5443 3392 5515 nominativis
3423 5460 3541 5515 pro_
3573 5443 3776 5514 geniti—

2187 5513 2274 5568 vis
2305 5513 2593 5569 absolutis.
2620 5507 2801 5584 Atq'ue
2840 5514 2961 5569 hac
2991 5516 3073 5569 sic
3092 5507 3454 5585 accipienda}
3514 5507 3777 5585 'Hortvgg

2191 5586 2596 5654 συνοικησάσης
2621 5578 2884 5655 Διονυσίῳ
2918 5584 2995 5654 τῷ
3029 5578 3356 5652 Ἡρακλείας
3383 5586 3652 5656 τυράννῳ,

2187 5671 2279 5727 τος
2315 5657 2408 5708 ὑπ’
2435 5656 2631 5726 ἐκείνῳ
2661 5656 2869 5727 (potius
2899 5664 2955 5710 et
3000 5656 3200 5727 melius
3243 5656 3390 5724 αὑτῷ
3448 5655 3543 5710 aut
3571 5655 3781 5723 ἑαυτῷ)-

2189 5720 2356 5796 οὖσαν
2385 5727 2484 5794 τὴν
2507 5720 2804 5779 πόλιν”ἀπὸ
2830 5728 2929 5796 τῆς
2966 5725 3203 5794 συζύγου
3232 5720 3542 5791 ὠνόμακεν.

2268 5795 2381 5867 (24)
2410 5797 2485 5854 De
2520 5797 2609 5853 his
2633 5795 2794 5854 Cont.
2822 5795 3002 5868 p.777,
3026 5797 3163 5854 Zon.
3194 5814 3249 5869 p.
3277 5796 3399 5853 151.
