4136 6434
383 398 520 461 1065

1694 393 1969 455 REGUM
2001 394 2146 453 LiB.
2196 393 2309 453 IlI.

3510 391 3646 455 1066

380 513 488 566 τῶν
515 510 655 564 κατὰ
688 507 1084 581 στρατηγεσίαν
1108 509 1315 581 καιροῖς
1337 509 1449 581 (25)
1473 508 1844 577 τεταγμένων,
1873 507 1959 575 ἐφ’

2073 510 2301 580 quisque
2327 514 2573 577 tempore
2598 505 2768 561 duces
2798 505 3083 559 constituti
3107 513 3293 559 essent
3318 523 3331 560 :
3363 505 3569 574 quibus
3594 518 3653 562 et
3706 494 3709 495 ⁷

376 599 453 659 ὦν
482 603 577 657 καὶ
602 602 947 674 τουρμάρχαι
972 601 1014 631 ⁸¹
1055 602 1262 654 τούτων
1295 600 1409 672 (26)
1441 601 1757 653 ἐπιστατεῖν
1787 599 1963 670 διωρί-

376 697 551 761 ζοντο.
621 692 838 764 Ἀμέλει
890 692 982 745 καὶ
1035 692 1139 756 ἕως
1189 693 1297 746 τῶν
1330 691 1581 745 ἐνταυθοῖ
1629 689 1837 761 χρόνων
1866 688 1966 760 τὴν

375 786 752 861 προσηγορίαν
782 786 893 858 (27)
922 785 1150 857 Περσῶν
1196 787 1253 839 αί
1284 783 1393 839 τῶν
1438 783 1692 856 θεμάτων
1724 780 1966 855 τοῦρμαι

375 882 772 952 κεκλήρωνται,
808 880 892 951 ἐφ’
923 875 1005 944 οἷς
1030 879 1433 950 διεσπάρησαν.

447 974 703 1027 Τοιούτου
727 973 790 1045 δὴ
822 972 1059 1045 πέρατος
1087 971 1155 1026 τὰ
1182 971 1291 1024 τῶν
1322 970 1553 1043 Περσῶν
1579 970 1715 1034 ὅλως
1742 967 1970 1040 τετύχη-

376 1083 439 1120 κε
474 1065 612 1136 μετὰ
642 1064 741 1137 τὴν
771 1062 1061 1117 στασιῶτιν
1089 1064 1134 1094 δ’
1173 1061 1288 1134 (28)
1324 1062 1620 1116 κακόνοιαν
1654 1058 1798 1113 οὑτω
1844 1059 1966 1111 δια-

376 1157 726 1229 νεμηθέντων
753 1157 850 1209 καὶ
882 1155 1070 1226 σχεδὸν
1107 1155 1187 1217 είς
1229 1154 1537 1225 ἀφανισμὸν
1569 1152 1964 1224 χωρησάντων.

376 1250 485 1305 Τοῦ
514 1246 605 1304 οὖν
636 1250 904 1321 βασιλέως
963 1248 1326 1321 θανατηφόρῳ
1375 1247 1516 1316 νόσῳ
1572 1244 1969 1317 περιπεσόντος

376 1340 718 1411 ὑπεσμόχετό
747 1358 832 1405 τις
862 1341 1083 1408 σκοπὸς,
1112 1341 1177 1395 ἐκ
1228 1340 1467 1411 ματαίας
1492 1338 1747 1408 διαϐολῆς
1774 1354 1969 1409 χαιρεο

377 1430 587 1495 κάκων,
626 1431 765 1502 μετὰ
795 1430 895 1501 τὴν
926 1431 1186 1502 τελευτὴν
1245 1431 1411 1485 αὐτοῦ
1447 1430 1748 1495 ἐπιθέσεως
1814 1429 1970 1501 παρὰ

377 1523 652 1593 Θεοφόϐου
678 1525 775 1579 σὺν
806 1523 921 1594 ἅμα
953 1525 1193 1596 Πέρσαις
1248 1525 1387 1580 κατὰ
1419 1525 1527 1579 τῶν
1567 1524 1735 1579 αὐτοῦ
1767 1522 1972 1596 κληρο-

376 1618 558 1688 νόμων
602 1618 697 1671 καὶ
721 1617 830 1671 τῶν
859 1617 980 1671 κατ’
1007 1619 1365 1691 ἐπιτροπείαν
1413 1618 1799 1690 ἐκριπισθῆναι
1834 1616 1966 1689 (9.9).

374 1709 475 1765 Διά
525 1709 683 1763 τοῦτο
718 1712 812 1764 καὶ
840 1711 976 1782 πρὸς
1011 1714 1130 1775 ταῖς
1164 1712 1425 1783 ἐσχάταις
1477 1711 1577 1783 ἤδη
1642 1711 1838 1776 πύλαις
1874 1708 1969 1765 τοῦ

376 1802 607 1856 Θανάτου
670 1801 1035 1876 παρεστηκὼς
1096 1803 1448 1875 καθειργνύει
1488 1803 1602 1874 (50)
1657 1802 1971 1874 κευθμῶσιν

2073 600 2406 657 turmarehze
2437 600 2533 670 qui
2578 606 2882 670 praeessent
2932 598 3385 653 instituebantur.
3421 599 3490 654 Et
3522 616 3657 655 sane

2072 709 2247 763 usque
2279 692 2345 747 ad
2400 691 2519 747 haec
2566 701 2815 761 tempora
2842 706 3147 762 cognomen
3180 691 3327 748 istud
3360 692 3655 747 Persarum

2074 797 2268 841 turmae
2299 786 2455 855 quasi
2490 784 2907 841 haereditarium
2957 782 3165 840 habent
3200 784 3255 838 in
3285 784 3547 841 thematis
3588 785 3658 839 ad

2070 892 2193 947 quae
2225 875 2303 930 illi
2330 875 2566 946 dispersi
2598 885 2778 931 erant.

2143 968 2533 1041 Hujuscemodi
2564 968 2729 1024 linem
2756 977 2936 1039 coepta
2970 967 3267 1025 Persarum
3288 969 3514 1023 omnino
3539 983 3661 1023 sor-

2073 1060 2172 1116 tita
2220 1068 2369 1127 sunt,
2400 1059 2533 1128 ipsis
2596 1060 2677 1113 sic
2715 1059 2985 1130 dispersis
3014 1074 3078 1114 ac
3133 1058 3534 1129 propemodum
3591 1057 3661 1112 ad

2070 1154 2307 1209 nihilum
2336 1152 2595 1207 redactis.
2630 1150 2770 1206 Cum
2803 1152 2972 1222 igitur
3009 1152 3316 1221 imperator
3360 1152 3415 1206 in
3441 1151 3553 1223 60
3580 1151 3664 1206 le-

2072 1249 2298 1303 tiferum
2333 1246 2589 1300 morbum
2623 1244 2935 1309 incidisset,
2968 1244 3318 1300 conﬂabatur
3344 1245 3663 1299 criminatio

2069 1353 2210 1394 vana
2261 1348 2318 1394 et
2371 1338 2717 1393 calumniosa
2749 1354 2781 1392 a
2830 1336 3140 1402 malevolis,
3176 1336 3336 1406 quasi
3366 1343 3493 1407 post
3543 1337 3665 1408 ejus

2070 1438 2305 1484 mortem
2338 1430 2570 1484 rebellio
2592 1445 2623 1483 a
2650 1428 2996 1499 Theophobo
3042 1438 3101 1483 et
3125 1428 3313 1483 Persis
3340 1436 3534 1482 contra
3562 1426 3665 1482 he-

2072 1526 2233 1580 redes
2281 1526 2403 1596 ejus
2435 1534 2491 1579 et
2522 1532 2733 1580 tutores
2781 1531 2929 1579 esset
2958 1522 3275 1577 excitanda.
3315 1520 3666 1590 Quapropter

2071 1616 2130 1672 in
2161 1616 2424 1671 extremis
2450 1617 2560 1686 jam
2583 1614 2799 1669 foribus
2827 1614 3023 1670 mortis
3045 1613 3400 1674 constitutus,
3430 1610 3663 1666 missum

2073 1708 2131 1763 in
2157 1722 2421 1763 cavernas
2456 1706 2810 1762 Bucoleontis
2840 1705 3080 1761 includit
3107 1701 3532 1773 Theophobum,
3558 1716 3663 1756 no-

2072 1810 2278 1871 ctuque
2310 1801 2560 1872 capitalis
2608 1799 2866 1870 supplicii
2890 1797 3127 1869 imponit
3151 1795 3203 1850 ei
3226 1794 3687 1857 exsecutionem,

374 1896 666 1969 ἐκπέμψας
702 1897 797 1951 τοῦ
836 1897 1225 1962 Βουκολέοντος
1259 1900 1351 1952 τὸν
1390 1897 1667 1967 Θεόφοόον
1705 1896 1842 1969 (51),
1877 1897 1970 1951 καὶ

2076 1893 2234 1967 quasi
2288 1894 2651 1949 immanitatis
2725 1899 3009 1947 certamen
3068 1889 3307 1945 funebre
3362 1886 3664 1943 instituens

373 1994 532 2043 νυκτὶ
553 1990 652 2061 τὴν
682 1990 770 2044 διὰ
800 1991 1107 2060 κεφαλικῆς
1130 1991 1403 2063 τιμωρίας
1437 1989 1788 2062 περιτίθησιν
1814 1988 1965 2060 αὑτῷ

373 2080 744 2146 ὑπεξέλευσιν,
780 2077 941 2136 ἆθλον
968 2082 1364 2155 ἀπανθρωπίας
1393 2082 1654 2152 ἐντάφιον
1678 2086 1707 2137 ὀ
1736 2082 1967 2148 δείλαιος

372 2173 797 2245 ἐνστησάμενος.
862 2174 961 2228 Διὰ
988 2175 1049 2228 τὸ
1080 2172 1175 2230 οὖν
1220 2176 1492 2246 λαθραίαν
1538 2176 1823 2246 γεγονέναι
1867 2175 1967 2246 τὴν

2078 1987 2332 2059 perditus
2358 1987 2471 2042 ille.
2516 1987 2707 2057 Itaque
2737 1986 2867 2056 quia
2900 1985 3118 2040 occulte
3163 1982 3270 2038 fuit
3312 1981 3662 2042 interfectus.

2076 2081 2400 2153 percrebuit
2421 2081 2565 2136 fama
2592 2081 2738 2135 inter
2756 2080 2952 2135 Persas
2977 2092 3154 2148 usque
3176 2075 3244 2131 ad
3270 2075 3386 2130 haec
3414 2083 3667 2144 tempora

2070 2185 2309 2232 mortem
2336 2191 2449 2231 non
2478 2184 2731 2246 gustasse
2760 2171 3189 2244 Theophobum.

371 2266 538 2324 αὑτοῦ
558 2269 815 2341 τελευτὴν
843 2270 1195 2342 διαϐεϐόηται
1224 2270 1337 2344 (52)
1376 2272 1529 2344 παρὰ
1560 2272 1801 2345 Πέρσαις
1835 2272 1965 2345 ἄχρι
1985 2272 2095 2327 τῶν
2134 2267 2238 2329 ὧδε
2277 2274 2489 2345 χρόνων
2520 2272 2752 2327 θανάτου
2817 2272 2892 2343 μὴ
2942 2269 3245 2339 γεύσασθαι
3306 2268 3402 2321 τὸν
3458 2265 3664 2337 Θεόφο.

372 2363 486 2417 60v.

445 2460 507 2512 El
542 2458 636 2512 καὶ
670 2457 845 2521 ἄλλως
880 2460 1022 2523 τινες
1046 2459 1385 2530 διειλήφασιν
1410 2461 1548 2532 (55),
1595 2462 1680 2516 ὅτι
1707 2462 1804 2517 τοῦ
1836 2463 1971 2517 Θεο-

376 2551 531 2622 φίλου
565 2551 708 2605 κατὰ
732 2568 851 2605 τινα
886 2552 1244 2624 περιπέτειαν
1290 2554 1730 2626 δυστυχήσαντος
1765 2558 1822 2612 ἐν
1877 2574 1976 2612 πο-

373 2645 655 2717 λέμῳ(54)
689 2646 905 2716 εἰρήκει
934 2644 1097 2699 αὑτὸν
1121 2645 1167 2677 ⁸³
1196 2647 1225 2700 ὀ
1252 2645 1524 2714 Θεόφοόος
1563 2647 1855 2702 συνθέσθαι
1876 2649 1974 2720 μό-

372 2754 463 2790 νον
495 2736 633 2808 μετὰ
670 2736 894 2805 Περσῶν
923 2735 1329 2807 νυκτοπόλεμον
1382 2738 1497 2809 (55)
1547 2740 1644 2792 κα)⁸
1676 2741 1971 2813 συμμαχίᾳ

372 2827 506 2882 Θεοῦ
539 2830 647 2882 τῶν
679 2828 889 2899 ἐχθρῶν
914 2828 1439 2885 καταδυναστεῦσαι.
1465 2830 1554 2896 Ὠς
1578 2830 1671 2885 οὖν
1694 2832 1973 2886 ἐπέπυστο

373 2923 503 2994 περὶ
531 2920 721 2976 τούτου
749 2924 777 2974 ὁ
802 2921 1078 2991 βασιλεὺς,
1109 2922 1330 2996 ἐσείσθη
1364 2924 1458 2977 τὸν
1484 2912 1745 2997 λογισμὸν
1773 2929 1866 2981 καὶ
1891 2927 1970 2998 τῷ

375 3014 648 3084 πνεύματι
679 3015 1034 3086 ἐτετάρακτο,
1067 3016 1432 3088 ὀνειροπολῶν
1463 3019 1538 3089 μή
1569 3037 1621 3072 τι
1646 3020 1970 3090 νεωτερίσα-

2141 2464 2467 2533 Quanquam
2497 2463 2664 2518 etiam
2700 2462 2862 2518 aliter
2901 2460 3074 2531 aliqui
3122 2459 3495 2525 tradiderunt,
3534 2473 3664 2513 cum

2072 2556 2420 2628 Theophilus
2459 2571 2589 2610 casu
2641 2554 2882 2625 quodam
2918 2553 2974 2608 in
3016 2553 3164 2608 bello
3198 2568 3314 2607 rem
3364 2552 3666 2607 infeliciter

2070 2652 2354 2721 gessisset,
2404 2649 2611 2704 dixisse
2641 2648 2693 2703 ei
2736 2646 3144 2716 Theophobum
3195 2661 3254 2700 se
3307 2645 3489 2701 solum
3537 2661 3667 2700 cum

2072 2742 2257 2797 Persis
2274 2750 2608 2795 nocturnum
2629 2738 2878 2809 praelium
2897 2738 3175 2793 facturum
3200 2754 3212 2790 :
3248 2737 3386 2800 fore,
3422 2747 3484 2791 ut
3505 2739 3666 2792 auxi-

2069 2831 2241 2887 liante
2271 2830 2383 2885 Deo
2423 2830 2611 2885 hostes
2650 2837 2960 2899 superaret.
2999 2828 3154 2894 Quod
3205 2836 3267 2882 ut
3317 2827 3529 2881 audivit
3562 2828 3669 2881 im—

2080 2931 2324 2994 perator,
2372 2924 2557 2978 animo
2592 2931 2904 2978 commotus
2958 2930 3015 2977 et
3062 2930 3249 2976 mente
3302 2923 3667 2992 perturbatus

2080 3015 2204 3081 fuit,
2239 3016 2396 3086 quasi
2430 3031 2529 3086 per
2557 3030 2813 3070 somnum
2848 3015 2956 3069 sibi
3000 3015 3211 3084 ﬁngens
3252 3030 3322 3069 ne
3354 3014 3496 3069 forte
3531 3014 3665 3083 quid

375 3108 500 3161 σθαι
543 3107 786 3175 βούλοιτο
814 3124 828 3138 °
859 3107 1004 3161 οὕτω
1038 3109 1148 3179 γὰρ
1179 3109 1340 3163 αὑτὸν
1375 3110 1771 3180 φιλοϐάσκανοί
1820 3130 1967 3177 τινες

2073 3122 2342 3162 novarum
2368 3121 2555 3160 rerum
2584 3106 2631 3159 is
2655 3105 2979 3159 moliretur:
3016 3105 3090 3159 ita
3113 3104 3263 3158 enim
3288 3104 3339 3157 ei
3368 3105 3669 3174 persuade-

372 3199 726 3270 ἁνεχαίτισαν
781 3200 876 3253 καὶ
913 3200 1051 3272 πρὸς
1082 3200 1342 3255 ὑπόνοιαν
1379 3203 1574 3272 ἄλογον
1620 3203 1967 3269 ἐξεκύλισαν,

374 3293 675 3362 φάσκοντες
703 3293 776 3364 μὴ
834 3292 1128 3363 πεισθῆναι
1181 3292 1257 3364 τῷ
1286 3293 1543 3366 Θεοφόῧῳ
1578 3296 1662 3365 ἐφ’
1713 3289 1788 3351 ὧν
1816 3295 1971 3350 λυσι-

375 3384 545 3450 τελῶς
577 3385 687 3457 (56)
749 3385 1101 3451 ἐϐεὸοὑλητο,
1137 3387 1467 3443 καθοσιώσει
1520 3388 1682 3460 δῆθεν
1736 3391 1972 3462 ἐνείρον-

372 3494 466 3541 τες
486 3476 531 3509 ⁸⁸
562 3478 696 3549 (57).
722 3478 819 3540 Ὃς
840 3476 994 3547 ζήλῳ
1020 3476 1149 3549 θείῳ
1167 3479 1541 3551 πυρποληθεὶς
1568 3479 1750 3544 καθὼς
1787 3480 1970 3534 Ἥλιοὺ

373 3569 403 3620 ὁ
434 3567 721 3637 Θεσὸίτης,
760 3566 1024 3635 θεοφίλως
1054 3565 1150 3621 τοῦ
1178 3566 1448 3637 βασιλέως
1470 3570 1970 3640 κατεμϐριθεύεται

375 3663 468 3713 καὶ
493 3659 651 3724 ἄλλος
673 3658 860 3721 Φινεὲς
891 3656 1142 3729 ζηλωτὴς
1172 3659 1559 3715 ἀναδείκνυται
1589 3660 1723 3733 (58),
1752 3662 1970 3734 τέμνων

372 3752 450 3816 ὡς
478 3752 816 3825 σειρομάστῃ
845 3750 926 3821 τῷ
952 3750 1095 3822 λόγῳ
1125 3753 1224 3823 τὴν
1258 3752 1424 3806 αὑτοῦ
1455 3753 1643 3808 ἄδικον
1669 3755 1969 3827 ὑπόληψιν,

376 3845 471 3896 καὶ
513 3844 671 3896 τοῦτό
725 3858 891 3913 φησιν
943 3842 1226 3911 ἐμφανῶς,
1298 3843 1375 3907 ὼς
1427 3846 1531 3916 τὴν
1585 3846 1808 3916 ὀφειλὴν
1868 3849 1969 3917 ὑφ-

378 3938 489 4001 ἔξει
518 3937 565 3968 ⁸⁵
595 3936 706 4009 (59)
736 3935 832 3989 τοῦ
859 3935 1252 4008 Χριστιανικοῢ
1306 3938 1593 4007 τροπαίου,
1628 3941 1693 4010 ἣν
1727 3941 1803 4012 μὴ
1836 3942 1970 4006 Θεὸς

377 4032 809 4100 συγχωρήσειεν,
868 4029 962 4082 ἐπὶ
1021 4027 1232 4092 τούτοις
1285 4030 1381 4082 τοῦ
1405 4029 1672 4101 βασιλέως
1728 4035 1968 4108 ἀμετρίῖι

375 4122 550 4194 θυμοῦ
608 4122 1017 4194 χαλεπήναντος
1073 4117 1178 4193 (ἦν
1219 4122 1264 4155 ⁸⁸
1329 4123 1458 4197 γὰρ)
1504 4126 2005 4198 ὑποκεκινημένος·

374 4217 567 4288 ὀργίλῃ
589 4219 653 4288 τῇ
681 4216 852 4282 ζέσει,
880 4211 970 4271 οἶα
999 4216 1091 4271 τὸν
1118 4217 1246 4269 νοῦν
1280 4221 1399 4282 ταῖς
1432 4224 1773 4290 σωματικαῖς
1835 4239 1972 4293 καχ-

377 4308 554 4374 sitat;
588 4305 1109 4378 ὲμπαθαινόμενος),
1174 4309 1269 4362 καὶ
1299 4307 1343 4340 ⁸⁷
1377 4309 1487 4363 τῶν
1541 4310 1897 4380 συκοφαντῶν
1924 4312 1969 4343 ⁵⁸

375 4404 432 4466 ἐς
465 4401 578 4473 (40)
625 4400 687 4454 τὸ
715 4398 917 4470 ἀληθὲς
951 4399 1457 4471 ἐποικοδομοὺντων
1494 4406 1647 4475 παρὰ
1676 4405 1842 4475 φύσιν
1872 4406 1968 4476 λη-

2071 3201 2206 3254 bant
2240 3198 2493 3253 malevoli
2525 3199 2750 3269 quidam
2790 3209 2845 3254 et
2879 3198 3052 3252 invidi
3081 3211 3250 3269 atque
3296 3199 3352 3253 in
3387 3200 3666 3269 suspicio-

2071 3310 2200 3350 nem
2250 3292 2675 3363 improbabilem
2722 3291 3115 3363 conjiciebant,
3170 3291 3512 3347 afﬁrmantes
3554 3307 3665 3348 non

2072 3402 2194 3441 esse
2218 3382 2716 3453 obtemperandum
2746 3380 3090 3450 Theophobo
3118 3380 3174 3433 in
3222 3380 3332 3434 illis
3360 3395 3483 3448 qua:
3524 3394 3668 3450 prae-

2078 3490 2159 3535 ter
2190 3494 2305 3531 rem
2345 3485 2403 3531 et
2432 3475 2731 3531 utilitatem
2760 3472 3040 3539 suaderet,
3098 3472 3404 3542 majestatis
3452 3470 3669 3525 scilicet

2076 3571 2308 3626 crimine
2340 3584 2467 3623 eum
2499 3568 2866 3623 involventes.
2891 3565 2996 3631 Qui
3026 3565 3145 3620 zelo
3167 3564 3358 3619 divino
3381 3564 3664 3626 incensus,

2075 3665 2219 3720 sicut
2242 3663 2427 3717 Helias
2452 3661 2765 3725 Thesbites,
2802 3659 2889 3730 pic
2922 3668 2977 3712 et
3001 3659 3243 3729 graviter
3276 3659 3668 3727 imperatorem

2076 3758 2328 3828 increpat
2358 3757 2609 3823 alterque
2666 3753 2903 3808 Phinees
2962 3752 3167 3805 zelotes
3220 3750 3428 3813 evadit,
3474 3763 3668 3803 secans

2078 3860 2337 3920 tanquam
2383 3848 2566 3917 gladio
2623 3860 2881 3900 sermone
2932 3859 3034 3897 suo
3089 3843 3352 3913 injustam
3409 3845 3530 3913 ejus
3556 3843 3661 3913 61

2074 3942 2470 4011 suspicionem,
2496 3948 2659 4007 atque
2681 3937 2862 4005 palam
2886 3935 2992 3988 hoc
3015 3934 3303 3999 dicit,fore
3330 3941 3392 3988 ut
3415 3934 3664 3989 debitum

2078 4033 2350 4088 sustineat
2374 4029 2820 4085 Christianorum
2847 4025 3062 4095 tropaei,
3083 4025 3231 4094 quod
3254 4026 3399 4079 Deus
3428 4035 3665 4080 avertat.

2074 4126 2156 4181 Ad
2192 4126 2310 4180 haec
2336 4139 2461 4179 cum
2500 4123 2805 4191 imperator
2840 4117 3209 4174 immoderato
3238 4119 3425 4174 animo
3457 4119 3667 4175 irasce—

2074 4232 2228 4278 retur
2267 4220 2409 4292 (erat
2444 4218 2593 4273 enim
2626 4214 2959 4272 commotior
3005 4211 3273 4267 iracundo
3321 4210 3563 4273 fervore,
3605 4222 3669 4266 ut

2071 4314 2231 4384 cujus
2260 4311 2479 4365 animus
2508 4324 2573 4363 ex
2605 4307 2804 4361 vitiosa
2830 4304 3081 4375 corporis
3122 4302 3452 4359 habitudine
3484 4302 3665 4357 labem

2071 4400 2476 4473 contraheret),
2511 4396 3018 4455 calumniatoribus
3067 4396 3240 4451 etiam
3287 4409 3423 4452 vero
3470 4410 3668 4465 super—

1691 4497 1925 4555 VABUE
1963 4495 2256 4552 LECTION
2267 4495 2372 4550 ES.

444 4593 496 4666 “j
522 4592 878 4666 τμουρμᾲρχας
1054 4588 1098 4621 ⁴²
1131 4594 1441 4666 στασιώτην
1480 4596 1540 4649 ἰ..

370 4664 514 4720 κατὰ
544 4659 635 4719 Lf
664 4659 720 4696 ’⁸³
745 4659 1102 4731 συκοφαντῶν
1138 4660 1200 4714 L.

1637 4597 1683 4629 ’³
1706 4596 1870 4651 αὑτὸν
1908 4596 1970 4651 L.
2048 4596 2094 4627 “
2116 4596 2405 4667 ἐνήροντες
2435 4596 2499 4649 L.
2580 4594 2623 4627 "
2652 4592 2873 4663 ὑφέξειν
2913 4590 2975 4646 L.
3055 4588 3103 4623 “
3134 4584 3223 4661 ἦν]
3253 4590 3319 4659 ἦν
3350 4589 3413 4644 L.
3478 4590 3521 4622 ⁸⁷
3551 4591 3665 4662 καὶ]

1579 4732 1825 4788 STEPH.
1860 4731 2205 4788 BERGLERI
2239 4731 2469 4789 NOT/E.

442 4831 815 4903 (25)Katpoi';
858 4826 1538 4903 itantum__rturbat,'_nec
1593 4828 1763 4903 habet
1792 4826 1956 4903 Cont.
1994 4834 2035 4887 Ι)
2140 4828 2253 4897 (55)
2285 4827 2451 4903 Cedr.
2487 4843 2546 4897 p.
2589 4828 2720 4903 52?.
2745 4828 3058 4903 Est_autem
3084 4828 3517 4903 Δνυκτοτιςόλεμος
3570 4847 3665 4883 νυο

371 4893 747 4973 Τὶίθοῂιηηὶὲ,
774 4902 870 4971 qui
902 4904 975 4957 ita
1000 4917 1055 4971 p.
1090 4901 1157 4955 77
1184 4899 1510 4973 εᾲὺπὸλίείρα
1530 4893 1711 4973 ’τελεῖν
1736 4903 1849 4973 τοῖς
1878 4901 1959 4962 εἱς

374 4965 1144 5045 στρατηγίαντὲταγμὲνοις,
1200 4971 1289 5038 ἐφ’
1322 4965 1396 5023 ὢν
1444 4965 1553 5025 ’καὶ
1605 4970 1967 5041 τουρμὰρχας

372 5046 691 5098 ἐπιστατεῖν
715 5042 1013 5106 ἐξετίθετο.

405 5061 691 5098 πιστατειν
715 5061 1013 5106 εςετιῠετο.

449 5114 561 5185 (9.6)
592 5113 811 5185 Τούτων
838 5129 948 5169 non
993 5121 1078 5168 est
1110 5111 1511 5175 necessarium,
1558 5126 1661 5165 nec
1712 5120 1799 5165 est
1824 5112 1970 5183 apud

374 5184 539 5242 Cotit.
576 5192 638 5239 ut
663 5184 841 5239 vides.

451 5255 564 5327 (‘27)
591 5255 762 5327 _Cont.
796 5254 833 5327 l.
864 5270 917 5311 c.
954 5255 1149 5311 eadem
1179 5255 1294 5310 fere
1322 5255 1512 5310 verba.

446 5324 558 5397 (28)
589 5325 672 5380 lta
705 5325 1000 5397 scriptum,
1035 5342 1162 5381 cum
1195 5327 1432 5383 deberet
1482 5324 1835 5386 στασιώτιδα,
1874 5336 1972 5379 aut

372 5395 719 5451 στασιωτῶν.
745 5395 1031 5451 Posterius
1057 5397 1288 5451 omnino
1322 5412 1517 5451 verum
1542 5407 1771 5467 prOpter
1806 5410 1967 5467 seqq.

448 5467 563 5537 (29)
587 5467 696 5522 Pro
720 5468 1243 5537 ἐκριπισθήσεσθαι.
1265 5468 1419 5523 Solet
1441 5465 1591 5523 enim
1614 5465 1853 5522 aoristos
1876 5465 1968 5534 qui

370 5537 643 5610 praeteriti
670 5547 804 5593 sunt
830 5537 1098 5610 temporis
1124 5553 1225 5607 pro
1254 5537 1441 5593 futuro
1463 5555 1691 5609 ponere.

402 5612 405 5613 ν
446 5609 559 5678 (σο)
592 5608 730 5663 Ζοη.
765 5624 821 5678 ρ.
854 5608 979 5663 152.

448 5680 562 5749 (51)
586 5678 749 5749 Cont.
777 5694 835 5748 p.
869 5678 959 5732 8i.

448 5748 563 5822 (ὃὲ)
587 5748 750 5822 Qont.
788 5765 845 5822 p.
870 5750 960 5816 84,
996 5750 1049 5804 in
1089 5751 1217 5809 line.

443 5820 559 5893 (5.3)
584 5820 749 5893 :Fales
770 5820 951 5893 solent
980 5836 1103 5875 esse
1124 5822 1291 5893 hujus
1316 5824 1703 5893 transitiones.

443 5889 553 5963 (54)
572 5889 735 5945 Cont.
756 5905 811 5959 p.
831 5889 997 5944 ει...-
1012 5889 1230 5946 aerati.
1256 5892 1333 5948 lta
1354 5889 1644 5967 scriptum,
1669 5913 1777 5951 non
1798 5897 1966 5968 αὐτῷ.

707 5991 983 6052 Ριτιιοι.
1034 5991 1151 6054 Gn.
1203 5995 1362 6055 CIX.

2065 4902 2361 4968 κτομαχία,
2390 4914 2499 4968 qua
2518 4913 2653 4953 voce
2676 4898 2991 4955 Herodotus
3018 4898 3215 4953 utitur.

2141 4970 2254 5041 (56)
2287 4967 2517 5035 Utiliter,
2566 4985 2768 5041 nempe
2799 4985 2866 5024 ex
2910 4978 3095 5041 mente
3136 4972 3405 5036 auctoris,
3460 4967 3563 5041 sed,
3607 4978 3668 5023 ut

2069 5039 2498 5097 calumniatores
2546 5039 2845 5106 dicebant,
2889 5039 3175 5109 inutiliter,
3229 5041 3379 5111 quod
3434 5039 3664 5105 clarius,

2071 5112 2425 5175 ἀλυσιτελῶς.
2460 5113 2529 5167 Ει
2557 5113 2634 5167 ita
2666 5112 2833 5167 verti.

2141 5183 2253 5252 (57)
2287 5182 2449 5240 Cont.
2482 5199 2551 5255 p.
2572 5182 2662 5237 8L

2138 5257 2249 5324 (58)
2281 5253 2754 5323 Inepte‘abutitur
2784 5253 2927 5309 istis.

2149 5323 2262 5397 (59)
2289 5326 2561 5397 ambigue
2595 5325 2867 5395 loquitur,
2914 5324 3123 5395 duplici
3165 5323 3554 5397 ambiguitate.
3606 5336 3668 5381 ut

2072 5405 2165 5450 aut
2192 5394 2301 5450 sit:
2331 5396 2445 5467 fore
2466 5394 2539 5450 ‘ut
2573 5394 2768 5452 sentiat
2803 5405 2852 5449 et
2896 5394 3012 5451 cum
3036 5398 3294 5467 paeniteat
3327 5394 3669 5467 impedivissa

2073 5465 2813 5537 victariaerhristianorum
2863 5482 2980 5537 qua:
3021 5466 3204 5535 futura
3252 5465 3458 5535 fuisset,
3519 5481 3662 5523 aut:

2077 5538 2190 5606 fore
2226 5547 2281 5607 ut
2322 5536 2529 5593 cladem
2566 5536 2993 5594 Christianorum
3044 5541 3310 5607 patiatur,
3340 5554 3460 5607 qua:
3480 5539 3669 5595 debeat

2073 5607 2211 5679 fieri.
2248 5606 2373 5662 Sive
2403 5610 2478 5662 ita
2510 5611 2755 5679 primum
2785 5628 2797 5662 :
2835 5611 2947 5679 [ore
2971 5606 3237 5676 ut’pasnas
3264 5606 3376 5665 luat
3399 5611 3667 5679 impedita

2075 5677 2779 5751 Christfanorum—violarat,
2823 5677 2941 5751 quae
2994 5688 3110 5733 erat
3151 5680 3356 5749 futura,
3417 5677 3664 5741 deinde:

2076 5750 2189 5820 fore
2228 5758 2285 5802 ut
2314 5750 2557 5818 patiatur
2577 5750 2805 5807 cladem.
2836 5750 2951 5807 etc.

2152 5821 2260 5890 (60)
2296 5820 2691 5892 “ascriptum,
2723 5821 2820 5877 sed
2869 5838 2976 5875 una
3028 5836 3185 5877 voce.
3226 5820 3421 5892 inepte
3477 5825 3669 5880 autem

2082 5892 2350 5951 atticissat
2388 5890 2499 5958 hic,
2532 5890 2577 5944 si
2608 5892 2725 5962 ipse
2753 5892 2826 5945 ita
2847 5893 3167 5963 scripserat.

3238 5990 3314 6056 34
