4136 6434
423 333 560 397 1075

1709 321 2028 381 JOSEPHI
2067 320 2381 382 GENESII

3574 325 3712 394 107.6

417 459 543 516 quae
597 455 797 496 nomen
833 437 1045 508 accepit
1101 452 1129 490 a
1189 451 1318 490 casu
1375 431 1825 502 Bellerophontis
1880 408 2012 486 illuc

2124 429 2211 484 καὶ
2244 433 2381 504 πρὶς
2436 431 2497 485 τὸ
2529 433 2574 463 ⁷⁸
2606 432 2822 505 Ταρσοῦ
2857 433 2956 504 τῆς
2984 434 3233 502 Κίλικος,
3283 437 3404 509 ἥτις
3463 438 3540 510 (4)
3574 439 3713 495 ὠνό-

415 533 650 606 profecti
681 540 737 588 et
786 533 843 586 in
894 530 1081 600 planta
1119 527 1299 598 pedis,
1336 541 1459 596 quae
1525 523 1728 595 ταρσὸς
1781 523 2009 588 dicitur,

419 627 630 697 aliquid
667 625 837 696 passi,
871 631 967 678 aut
1001 622 1152 693 quod
1176 621 1394 674 Taurus
1421 631 1582 672 mons
1608 616 1831 672 Tersias
1858 615 2013 671 dice—

420 730 582 776 retur
615 718 900 791 primitus,
930 717 1060 788 quia
1097 715 1314 786 primus
1351 713 1591 768 siccatus
1621 710 1817 764 fuisset
1857 717 2014 780 post-

418 831 584 887 quam
615 823 762 869 terra
792 812 1002 868 diluvio
1035 814 1236 866 obruta
1269 809 1481 864 fuerat:
1508 806 1617 878 67
1649 805 1837 876 τέρσαι
1866 803 2016 858 enim

417 908 696 979 significat
731 907 963 961 siccare.
1012 905 1111 959 Est
1144 911 1330 958 autem
1385 899 1504 954 haec
1557 897 1692 952 urbs
1726 897 2013 966 depressa,

417 1000 684 1072 quoniam
741 987 958 1053 Taurus
1019 997 1180 1066 longe
1239 995 1457 1062 lateque
1514 988 1851 1059 conspicuus
1905 994 2014 1052 est,

417 1097 650 1166 ejusque
699 1092 940 1148 collibus
988 1099 1162 1160 septa.
1196 1087 1299 1142 Per
1354 1086 1497 1140 hanc
1550 1082 1790 1138 mediam
1835 1080 2017 1136 ﬂuens

417 1186 648 1258 Cydnus
700 1184 996 1240 fecundam
1036 1180 1208 1236 eflicit
1259 1188 1485 1234 terram.
1522 1175 1758 1232 Condita
1794 1173 1900 1229 fuit
1947 1172 2016 1226 ab

421 1276 810 1341 Erichthonio,
833 1279 1100 1344 occupata
1125 1271 1194 1326 ab
1219 1273 1447 1335 Orsane,
1474 1284 1585 1323 uno
1608 1284 1674 1322 ex
1701 1266 2014 1331 Titanibus,

420 1380 477 1425 et
507 1376 836 1425 restaurata.
862 1367 990 1422 Fuit
1020 1371 1205 1420 autem
1237 1364 1368 1418 olim
1397 1362 1588 1434 Cydno
1615 1359 1783 1415 ﬂuvio
1815 1358 2015 1425 insula,

422 1480 545 1535 quae
579 1463 673 1516 illo
714 1461 963 1530 undique
991 1459 1234 1513 alluente
1264 1458 1318 1512 in
1356 1457 1502 1510 hanc
1529 1455 1761 1510 formam
1793 1453 2018 1508 redacta

421 1565 524 1612 est.
556 1556 682 1612 Sive
708 1557 899 1627 potius
923 1572 953 1609 a
984 1551 1352 1609 Semiramide
1374 1550 1678 1603 instaurata
1703 1556 1760 1603 et
1787 1547 2020 1617 diligen-

423 1651 534 1706 tius
566 1650 786 1705 condita
821 1648 950 1715 fuit,
983 1649 1145 1719 cujus
1169 1644 1468 1716 imaginem
1506 1643 1673 1697 etiam
1719 1640 1831 1695 illic
1862 1640 2019 1694 aiunt

421 1743 735 1798 dedicatam
785 1740 1036 1806 Herculi,
1089 1739 1399 1793 adstantem
1449 1735 1593 1791 Nino
1647 1733 2015 1798 maritosm»;

2117 543 2322 595 μασται
2354 529 2419 598 τῇ
2446 524 2652 580 πτώσει
2677 527 3110 598 Βελλεροφόντου
3135 530 3315 604 ἐκεῖσε
3348 532 3711 604 φοιτήσαντος

2115 620 2210 672 καὶ
2263 619 2406 674 κατὰ
2439 619 2531 673 τὸν
2590 620 2794 691 ταρσὸν
2849 620 3285 694 πεπονθότος·ἢ
3342 624 3553 694 Τερσὸς
3600 627 3713 680 ἀπὸ

2115 713 2208 766 τοῦ
2243 711 2458 783 Ταῦρον
2485 713 2531 745 ⁷⁸
2555 711 2634 785 (5)
2655 713 2715 766 τὸ
2744 713 2870 784 ὄρος
2893 713 3134 785 Τερσίαν
3151 715 3452 786 κεκλῆσθαι
3473 718 3534 770 τὸ
3556 721 3710 790 πρὶν,

2116 805 2206 860 διὰ
2237 805 2298 858 τὸ
2329 806 2550 876 πρῶτον
2570 806 2952 879 ἁνικμωθῆναι
2979 807 3113 862 αὐτὸ
3168 810 3562 877 κατακλυσμοῦ
3619 810 3714 877 ἐξ·

2118 899 2495 967 υδατωθείσης
2539 900 2675 969 γῆς’
2705 900 2901 971 τέρσαι
2943 901 3053 972 γὰρ
3093 901 3154 954 τὸ
3185 901 3524 974 ἀναξηρᾶναι
3559 905 3603 935 ⁷⁷
3636 903 3714 975 (6)

2115 991 2359 1060 λέγεται.
2401 991 2672 1064 ’Υπὰρχει
2723 992 2782 1046 δὲ
2817 991 2956 1063 α’ύτη
2988 993 3322 1066 παράδυτος,
3357 993 3436 1065 τῷ
3492 996 3716 1065 ἐμφανῆ

2118 1079 2261 1138 εἶναι
2283 1084 2376 1137 τὸν
2403 1082 2621 1154 Ταῦρον
2647 1083 2744 1138 καὶ
2761 1083 2954 1138 τούτου
2973 1087 3087 1150 τοῖς
3121 1085 3381 1156 γηλόφοις
3405 1086 3714 1156 εἴργεσθαι,

2117 1173 2326 1243 ταύτης
2358 1173 2414 1228 δὲ
2431 1173 2523 1227 διὰ
2546 1173 2717 1245 μέσου
2737 1174 2949 1228 Κύδνον
2975 1175 3068 1228 τὸν
3091 1176 3342 1248 ποταμὸν
3357 1176 3616 1229 ὸδεύοντα
3635 1175 3716 1250 (7)

2120 1265 2353 1338 εὔφορον
2388 1265 2761 1338 χρηματίζειν
2786 1265 2889 1338 τὴν
2925 1265 3135 1338 χώραν.
3169 1267 3280 1322 Καὶ
3305 1269 3414 1337 μὴν
3443 1268 3551 1321 ὑπὸ
3567 1268 3720 1338 Ἐρι⁴

2121 1358 2338 1430 χθονίου
2381 1360 2616 1425 κτίσεως
2645 1360 2922 1432 ἐτετεύχεε
2958 1359 3059 1434 (8),
3092 1361 3401 1433 κατεσχέθη
3451 1361 3507 1413 δὲ
3559 1362 3719 1431 παρὰ

2134 1453 2399 1524 Ὀρσάνου
2425 1453 2544 1519 ἐνὸς
2572 1454 2683 1508 τῶν
2714 1453 2962 1524 Τιτάνων
3003 1453 3097 1508 καὶ
3119 1455 3448 1517 ἐπικτίσεως
3473 1453 3714 1524 εἴληχεν.

2119 1541 2231 1600 Ἦν
2256 1546 2313 1601 δὲ
2346 1547 2515 1602 πάλαι
2546 1546 2745 1617 Κύδνῳ
2775 1546 2854 1618 τῷ
2889 1546 3125 1618 ποταμῷ
3153 1545 3229 1619 (9)
3259 1549 3446 1618 νῆσος,
3473 1547 3596 1617 ἦτις
3620 1546 3718 1598 ὑπ’

2122 1638 2290 1692 αὐτοῦ
2327 1639 2772 1711 περικλυζομένη
2831 1641 2910 1703 εἰς
2943 1638 3042 1712 τὴν
3095 1639 3197 1694 νῦν
3231 1638 3381 1693 θέσιν
3427 1637 3715 1710 ἐλήλυθεν.

2125 1734 2247 1786 Εἴτε
2277 1731 2389 1805 (10)
2415 1732 2568 1805 παρὰ
2606 1733 2971 1804 Σεμιράμεως
2996 1732 3301 1801 ἐπισκευῆς
3335 1731 3432 1785 καὶ
3458 1730 3718 1800 οἰκισμοῦ

422 1842 614 1904 postea
642 1834 828 1888 diruta
859 1828 1462 1900 transmigrationibus,
1492 1841 1520 1881 a
1550 1825 1922 1894 Sardanapalo
1953 1839 2018 1879 ex

2126 1825 2374 1898 μείζονος
2407 1826 2731 1898 εὐτύχησεν,
2769 1825 2943 1897 αὐτῆς
2965 1843 3024 1880 τε
3051 1823 3164 1897 (11)
3193 1823 3382 1878 εἰκόνα
3411 1823 3591 1876 ὲκεῖσέ
3616 1840 3719 1892 φα-

425 1923 789 1978 fundamento
823 1938 932 1977 una
961 1937 1086 1977 cum
1113 1920 1384 1977 Anchiala
1411 1919 1597 1974 denuo
1631 1918 1875 1983 condita,
1903 1917 2019 1988 qui-

422 2015 532 2070 bus
585 2014 881 2085 inscriptio
910 2013 1054 2068 facta
1090 2028 1105 2068 :
1143 2012 1253 2066 Rex
1281 2011 1471 2067 Nim've
1513 2010 1936 2080 Anacyndaraxi
1977 2011 2016 2080 ί.

424 2122 532 2159 uno
554 2105 638 2160 die
660 2105 884 2160 Tarsum
907 2113 958 2160 et
982 2104 1301 2161 Anchialum
1322 2102 1620 2171 mdiﬂcavit.
1641 2102 1817 2158 Porro
1846 2099 2019 2157 lilium

424 2212 588 2251 suum
648 2213 1006 2253 amerumnes
1057 2197 1326 2267 prremisit
1357 2211 1551 2251 versus
1579 2195 1854 2250 orientem
1892 2211 2018 2250 cum

423 2289 661 2344 maxime
687 2289 1057 2345 orientalibus
1080 2299 1136 2345 et
1169 2288 1418 2344 strenuis
1447 2288 1667 2354 Turcis,
1701 2289 1794 2359 qui
1825 2296 1882 2343 et
1916 2287 2020 2357 ipsi

422 2381 590 2436 ricini
628 2391 809 2450 erant,
866 2383 934 2438 ad
968 2382 1162 2438 decem
1224 2381 1396 2436 millia
1446 2381 1716 2446 virorum,
1759 2381 2021 2452 adjuncto

423 2471 820 2527 Armeniorum
848 2473 1114 2526 universo
1159 2469 1432 2534 exercitu,
1476 2479 1534 2524 et
1575 2470 2020 2540 Besparacanita,

426 2565 547 2634 ipso
579 2564 750 2624 etiam
780 2563 922 2619 duce
952 2563 1183 2628 ducum,
1216 2572 1272 2616 et
1313 2561 1516 2616 Amere
1548 2570 1680 2616 tunc
1725 2561 2020 2616 Melitenen

423 2657 885 2724 administrante,
939 2657 1035 2728 qui
1094 2657 1239 2727 apud
1284 2656 1646 2711 Daximonem
1706 2659 2022 2728 congregati

425 2759 606 2806 castra
636 2758 966 2822 posuerunt.
999 2750 1056 2805 ld
1094 2749 1240 2804 enim
1279 2747 1498 2804 consilii
1541 2748 1813 2819 dederant
1853 2749 2021 2806 Amc-

427 2844 685 2898 ramnuni
739 2843 839 2915 qui
889 2857 1016 2898 cum
1068 2843 1189 2912 ipso
1240 2851 1420 2908 erant,
1453 2843 1658 2912 utejus
1709 2841 1854 2897 ﬁlius
1894 2858 2021 2898 cum

426 2931 642 2987 idoneis
669 2933 848 3003 copiis
874 2933 1034 3004 prior
1062 2933 1262 2996 exiret,
1303 2949 1322 2984 ι
1369 2931 1427 2987 Si
1454 2932 1500 2986 is
1524 2931 1746 2996 vicerit,
1785 2950 1804 2983 ι
1840 2932 2024 2988 dicen-

428 3033 532 3091 tes,
564 3045 584 3078 ι
625 3026 734 3082 erit
763 3036 820 3082 et
845 3041 1019 3098 penes
1058 3037 1112 3082 te
1142 3026 1374 3081 victoria
1404 3044 1418 3079 :
1446 3025 1534 3081 sin
1578 3025 1786 3091 minus,
1821 3026 2020 3082 saltem

426 3121 579 3176 salus
605 3130 662 3175 et
692 3121 1071 3176 incolumitas.
1111 3139 1134 3174 ι

2124 1936 2208 1971 σιν
2229 1917 2590 1988 ἀφωσιῶσθαι
2626 1918 2670 1952 ⁷⁸
2689 1918 2768 1990 τῷ
2799 1919 3082 1990 Ἡρακλεῖ,
3112 1916 3532 1990 παρισταμένην
3567 1916 3721 1987 Νίνῳ

2121 2010 2200 2082 τῷ
2229 1995 2436 2083 ταύτης
2468 2011 2624 2083 ἀνδρί
2640 2028 2653 2044 ο
2688 2011 2830 2084 μετὰ
2852 2011 2908 2066 δὲ
2932 2009 3093 2066 τοῦτο
3118 2009 3510 2082 ἐρειπιωθεῖσα
3535 2009 3580 2040 ⁷⁸
3597 2011 3721 2072 ταῖς

2127 2105 2486 2176 μετοικήσεσι
2528 2105 2681 2178 παρὰ
2737 2104 3174 2178 Σαρδαναπάλου
3224 2105 3288 2157 ἐκ
3343 2102 3563 2174 βάθρων
3622 2103 3723 2156 σὺν

2141 2198 2408 2271 Ἀγχιάλῃ
2458 2199 2796 2265 ἀνέκτισται,
2856 2197 2943 2269 ἐφ’
2992 2192 3083 2264 αἷς
3129 2197 3564 2269 ἐπιγέγραπται·
3621 2198 3725 2250 Νι-

2123 2288 2550 2358 νευὴςβασιλε
2559 2291 2627 2357 ὺς
2640 2290 3084 2360 ’Λνοκυνδοράξ
3087 2308 3159 2345 ου
3177 2289 3317 2355 παῖς
3333 2290 3404 2342 ἐν
3411 2287 3521 2358 μιῇ
3533 2287 3724 2358 ἡμέρᾳ

2131 2382 2364 2450 Ταρσόν
2397 2401 2462 2437 τε
2497 2385 2598 2437 καὶ
2629 2383 2953 2454 Ἀγχιάλην
2984 2383 3224 2453 ἔδειμεν
3254 2383 3300 2415 ⁸ο
3325 2381 3460 2454 (12).
3510 2382 3614 2435 Τὸν
3663 2381 3722 2435 δὲ

2127 2473 2257 2529 ἴδιον
2297 2475 2413 2528 υίδν
2439 2477 2466 2529 ὁ
2496 2475 2856 2548 ἀμερουμνὶμ
2908 2475 3020 2548 (15)
3057 2475 3448 2548 προεξέπεμψε
3480 2473 3623 2528 κατὰ
3661 2473 3724 2528 τὸ

2127 2567 2265 2636 πρὸς
2301 2565 2568 2639 ἀνατολὴν
2600 2569 2698 2622 σὺν
2732 2570 2849 2631 τοῖς
2874 2567 3368 2632 ἁνατολικωτάτοις
3397 2566 3507 2620 τῶν
3533 2566 3724 2637 ἀνδρι-

2127 2659 2240 2734 κῷν
2292 2659 2577 2732 Τούρκων,
2617 2661 2713 2714 καὶ
2741 2661 2928 2726 αὐτοῖς
2967 2661 3371 2730 γειτνιάζουσιν
3400 2659 3536 2734 (14),
3591 2660 3724 2732 ἄχρι

2126 2751 2385 2823 χιλιάδων
2435 2751 2489 2820 ι’,
2547 2753 2687 2826 μετὰ
2737 2755 2921 2825 πάσης
2957 2753 3060 2826 τῆς
3117 2753 3178 2820 ἐξ
3218 2754 3522 2826 ’Δρμενίων
3554 2770 3724 2824 στρα-

2124 2849 2246 2912 τιᾶς
2279 2848 2416 2920 (15),
2450 2847 2546 2902 τοῦ
2593 2865 2652 2901 τε
2691 2849 3204 2920 Βεσπαρακανίτου,
3264 2848 3364 2902 κα)⁸
3409 2846 3576 2901 αὑτοῦ
3624 2845 3724 2900 τοῦ

2126 2941 2389 3014 ἄρχοντος
2417 2942 2528 2996 τῶν
2585 2943 2890 3014 ἀρχόντων,
2923 2942 3019 2996 καὶ
3056 2943 3238 3014 Ἀμερ
3271 2941 3384 3015 (16)
3415 2939 3726 3012 τηνικαῦτα

2125 3029 2226 3101 τὴν
2255 3031 2571 3103 Μελιτηνὴν
2595 3029 2640 3063 ⁸¹
2689 3030 2996 3098 διέποντος,
3035 3031 3086 3085 οἳ
3123 3031 3266 3086 κατὰ
3312 3031 3406 3086 τὸν
3467 3031 3724 3102 Δαξιμῶ-

2125 3139 2192 3176 να
2226 3122 2273 3156 ⁸¹
2311 3124 2425 3196 (17)
2460 3123 2815 3196 συνήχθησαν
2863 3117 3493 3197 στρατοπεδευσάμενοι.
3533 3124 3724 3188 Οὕτως

427 3216 539 3286 γὰρ
573 3215 667 3269 τοῦ
706 3215 1102 3286 ἀμεραμνουνῆ
1158 3216 1210 3268 οἱ
1261 3214 1368 3268 ὑπὸ
1398 3215 1558 3287 χεῖρα
1597 3212 1797 3285 βουλὴν
1837 3213 2182 3270 συντιθέασιν
2237 3218 2372 3290 (18),
2431 3219 2523 3274 τὸν
2569 3221 2668 3291 μὲν
2723 3218 2891 3274 αὑτοῦ
2942 3222 3057 3277 υἱὸν
3129 3223 3270 3294 μετὰ
3328 3224 3723 3296 προσηκούσης

426 3306 740 3376 προεξιέναι
763 3308 1076 3378 δυνάμεως·
1115 3323 1134 3359 ι
1164 3307 1276 3362 Καὶ
1311 3309 1360 3362 εἰ
1386 3309 1486 3380 μὲν
1514 3299 1667 3372 οὗτος
1705 3309 2015 3380 νικήσειεν,
2049 3308 2204 3364 ἔσται
2235 3311 2332 3366 καὶ
2358 3314 2442 3366 σοι
2474 3315 2798 3386 νικητήριον
2824 3331 2836 3345 ·
2889 3317 2936 3370 εί
2974 3315 3030 3370 δέ
3053 3317 3129 3388 ξγε
3196 3317 3257 3371 τὸ
3307 3317 3574 3385 ἐναντίον,
3620 3318 3726 3374 κᾶν

427 3397 486 3450 τὸ
528 3399 800 3469 σωτήριον
821 3398 954 3470 (19).
1002 3416 1020 3450 ι

495 3492 610 3564 68
636 3492 732 3548 llis
763 3493 972 3550 auditis
996 3493 1346 3564 Theophilus
1369 3505 1565 3548 eorum
1596 3495 1688 3564 qui
1717 3510 1788 3548 ex
1807 3494 2018 3551 oriente

2201 3493 2388 3549 Ταῦτα
2411 3495 2672 3565 Θεόφιλος
2694 3495 3009 3568 διακηκοὼς
3028 3496 3093 3551 ἐκ
3111 3515 3168 3550 τε
3190 3495 3301 3553 τῶν
3320 3497 3590 3569 ἀνατολῆς
3609 3483 3725 3570 (20)

428 3585 646 3638 collecti
677 3597 839 3639 erant
868 3594 924 3640 ct
950 3601 1016 3640 ex
1041 3585 1354 3651 occidente,
1393 3598 1507 3639 nec
1535 3601 1649 3640 non
1698 3587 2017 3655 Persarum,

430 3685 731 3747 congregat
777 3678 1108 3733 exercitum.
1142 3678 1316 3732 Porro
1362 3691 1430 3731 ex
1467 3675 1624 3748 Syria
1664 3677 1885 3733 Manuel
1932 3694 2023 3733 re-

431 3767 631 3833 dierat,
664 3768 1073 3840 pristinamque
1105 3768 1493 3840 prmfecturam
1524 3768 1848 3824 scholarum
1879 3770 2025 3826 obti-

430 3861 622 3918 nebat.
653 3863 955 3934 Progresso
985 3871 1172 3918 autem
1202 3863 1452 3919 exercitu
1483 3861 1554 3917 ad
1599 3861 1814 3929 Anzen,
1838 3863 2025 3920 locum

430 3954 509 4010 ita
571 3953 804 4021 dictum,
857 3955 1036 4010 voluit
1087 3957 1392 4026 imperator
1447 3955 1707 4009 hostilem
1767 3965 2021 4025 spectare

431 4047 762 4102 exercitum.
803 4047 909 4113 Qui
934 4047 988 4101 in
1031 4047 1213 4103 locum
1261 4047 1560 4118 quemdam
1591 4046 1804 4102 editum
1840 4063 1872 4102 a
1906 4047 2022 4103 Ma-

430 4139 596 4196 nuele
621 4139 917 4207 adductus,
947 4140 1068 4210 ipso
1108 4141 1313 4196 intuitu
1341 4141 1581 4212 conjecit
1614 4139 2020 4197 Saracenorum

2131 3588 2536 3660 ἀγηγερμένων
2564 3589 2610 3621 ⁸³
2644 3589 2738 3642 καὶ
2784 3589 2995 3654 δύσεως
3047 3591 3142 3644 καὶ
3175 3591 3405 3663 Περσῶν
3434 3591 3726 3661 ὲπαγείρει

2133 3680 2501 3752 στρατόπεδον
2524 3695 2536 3708 ·
2561 3676 2629 3754 ἦν
2650 3681 2706 3734 δὲ
2727 3681 2834 3736 ἀπὸ
2851 3681 3058 3753 Συρίας
3073 3684 3100 3736 ὁ
3119 3681 3380 3753 Μανουὴλ
3395 3683 3591 3736 νεωστὶ
3610 3682 3726 3753 (21)

2133 3772 2474 3845 ἐξεληλυθὼς
2507 3774 2602 3828 καὶ
2649 3777 2749 3845 τῆς
2784 3775 2891 3847 πρὸ
2923 3777 3023 3846 τῆς
3065 3775 3249 3847 φυγῆς
3294 3777 3725 3848 στρατηγήσεως

2132 3866 2256 3920 τότε
2291 3866 2401 3921 τῶν
2436 3867 2643 3939 σχολῶν
2693 3867 2806 3939 (29)
2837 3868 3177 3941 προστασίας
3228 3868 3722 3940 μεταποιούμενος.

2134 3960 2425 4032 Προϊόντος
2446 3959 2538 4014 οῦν
2561 3961 2656 4014 τοῦ
2679 3961 3050 4033 στρατοπέδου
3074 3961 3219 4016 κατὰ
3246 3961 3340 4015 τὸν
3374 3960 3723 4034 Ἀνζὴν(25),

2127 4048 2274 4105 οὕτω
2320 4051 2522 4124 χωρίον
2558 4052 2930 4125 καλούμενον,
2969 4053 3256 4128 προῃρέοη
3315 4053 3344 4105 ὁ
3374 4053 3727 4124 βασιλεὺς.τδ

2128 4143 2238 4200 τῶν
2269 4143 2537 4200 ἐναντίων
2579 4145 2885 4201 θεάσασθαι
2941 4146 3261 4217 στράτευμα
3298 4147 3410 4217 (24)
3435 4163 3448 4176 ο
3485 4145 3545 4198 ὃν
3585 4145 3731 4200 κατά

1722 4279 1962 4336 νΑΙιιιΕ
2001 4280 2409 4341 LECTIONES.

502 4395 550 4426 "
577 4392 660 4462 τὸ)
695 4393 883 4462 potius
938 4392 1030 4456 τὰ,
1083 4394 1177 4446 sed
1211 4392 1365 4449 deest
1404 4394 1657 4448 verbum.

1766 4396 1811 4430 "
1850 4393 2097 4468 Ταῦρον]
2141 4396 2347 4468 ταύρου
2383 4398 2448 4452 ι..

2560 4397 2607 4428 ⁷⁷
2637 4395 3014 4466 ἀναξηράνθαι
3051 4397 3111 4453 1,.
3225 4397 3270 4428 ’⁷⁸
3295 4395 3635 4465 ἀφοσιῶσθαι
3659 4395 3725 4451 Ι...

433 4466 478 4497 "’
505 4463 879 4535 ὲρῤιπωθεῖσα
914 4462 978 4518 L.
1055 4463 1103 4496 ⁸ο
1125 4462 1327 4535 ἐδημεν
1351 4463 1416 4518 L.
1491 4465 1535 4495 ⁸¹
1573 4465 1856 4536 μελιτίνην
1881 4466 1943 4522 L.
1974 4462 1984 4465 ⁷
2020 4462 2372 4539 ⁸²¹δοξημίὒνα
2391 4468 2452 4531 L,
2477 4462 2886 4538 ΔαζημώναὙ.
2963 4468 3010 4499 ⁸³
3036 4462 3446 4538 ὰγειγερμένων
3471 4467 3530 4522 L.

1047 4563 1050 4566 ’
1645 4583 1892 4640 erpu.
1920 4584 2273 4642 BERGLERI
2303 4581 2534 4659 norm.

505 4700 582 4770 (4)
618 4700 699 4755 ita
721 4699 928 4769 scripta
948 4699 1064 4771 haec
1084 4709 1234 4755 sunt.
1269 4701 1677 4756 Parentheseos
1705 4702 1861 4771 signa
1898 4701 2020 4770 ipse
2053 4705 2098 4763 ι)
2127 4717 2183 4770 p.
2223 4701 2349 4756 550.

433 4773 562 4826 feci.
613 4770 1368 4843 Estautems’atislongaet
1419 4770 1832 4842 intempestira.
1867 4773 2017 4826 Fini-

432 4854 524 4897 tur
546 4850 747 4914 autem
788 4857 860 4914 _p.
914 4840 1018 4894 178
1044 4841 1102 4914 _[?
1147 4840 1226 4913 pf
1258 4841 1371 4914 67].
1405 4840 1613 4898 Voluit’
1641 4843 1883 4914 fortasse,
1918 4844 2018 4896 im-

432 4913 738 4982 perfectam
788 4912 1226 4984 hic_orﬁati’onem
1263 4912 1788 4984 postparenthesim
1837 4913 2022 4968 absol-

432 4981 590 5046 i'ere,
613 4985 711 5039 sed
743 4999 855 5037 non
886 4981 1038 5037 fecit.

504 5053 582 5126 (ξὶ)
611 5054 996 5126 itascriptum,
1018 5067 1146 5126 cum
1165 5053 1643 5126 deberetTaﬁpov.
1663 5054 1892 5108 Αιιιὰπὸ
1905 5052 2024 5119 τοῦ,

433 5124 668 5196 Ταῦρον.
705 5125 998 5196 ὃὶοῄδιψηι
1029 5123 1172 5180 forte
1192 5127 1326 5196 πρὸς
1350 5123 1565 5196 Ταρσὸν
1596 5126 1914 5196 legendum.

508 5195 585 5266 (6)
609 5195 686 5250 ita
717 5194 1013 5266 scriptum,
1041 5213 1173 5263 non,
1201 5194 1263 5252 ut
1301 5194 1490 5263 debet,
1515 5195 1877 5268 ἀνεξηράνοαι
1901 5211 2026 5250 cum

433 5275 752 5321 atramento.

506 5281 780 5462 $03.33;:
826 5337 1050 5408 aliquod
1097 5339 1370 5401 verbum,
1408 5345 1468 5392 ut
1500 5337 1670 5405 φασὶν
1723 5345 1818 5390 aut
1870 5337 2028 5407 ἴσμεν

555 5422 678 5462 sum
708 5424 756 5462 c.

434 5413 529 5460 aut
555 5408 756 5462 simile.

530 5477 582 5540 8)
620 5479 845 5532 Deliria.
881 5479 1031 5534 Nihil
1063 5487 1247 5548 potest
1276 5477 1394 5533 ﬁeri
1419 5478 1664 5533 stultius.

529 5549 582 5619 9)
602 5548 896 5620 Scriptum
936 5547 1220 5617 ποταμῶν.
1256 5549 1424 5604 Error
1454 5564 1519 5604 cx
1547 5565 1665 5620 seq.
1697 5547 1881 5620 νῆσος.

536 5619 617 5673 Iul
653 5619 948 5675 Pueriliter
979 5622 1277 5674 connectit.

533 5689 624 5763 11)
650 5691 860 5763 [ηομερ.
896 5692 1101 5763 Saltem
1129 5691 1363 5747 dixisset
1396 5685 1466 5763 ἦς
1493 5691 1608 5746 καί.

534 5757 622 5830 ig)
645 5757 808 5830 ςοιῑι.
839 5777 894 5830 p.
922 5762 1011 5816 78.

512 5825 623 5889 (13)
662 5827 742 5880 lta
767 5825 918 5884 nunc
951 5829 1245 5896 scriptum.
1273 5830 1412 5896 [imo
1434 5831 2015 5903 ἀμεροομνίξι..ἰ(]οίιι“.

2202 4772 2313 4840 (Mi
2341 4771 2503 4825 Cont.
2531 4786 2587 4841 p.
2619 4771 2708 4835 78,
2739 4769 2905 4825 Cedr.
2937 4785 2991 4837 p.
3019 4768 3144 4841 530.

2202 4839 2313 4909 (15)
2338 4842 2500 4897 Cout.
2534 4839 2592 4911 p.
2629 4843 2718 4904 78,
2743 4841 2908 4911 Cedr.
2941 4855 2996 4908 p.
3029 4839 3158 4911 551).

2204 4913 2315 4982 (I6)
2344 4914 2509 4967 Cout.
2536 4909 2592 4981 ᾗ).
2625 4913 2715 4973 78,
2738 4910 2912 4982 βοάν.
2939 4926 2994 4978 p.
3016 4909 3150 4982 _530.

2207 4975 2319 5055 (17)
2350 4975 2629 5055 §criptum
2654 4975 2984 5055 _60§np§ovd_
3016 4979 3154 5051 [imo
3201 4975 3540 5055 δοξημῶνα1,
3577 4979 3726 5055 apud

2132 5049 2310 5112 Cont.’
2343 5049 2705 5123 Theophanis
2759 5049 3055 5121 Δεςημάνα
3098 5065 3198 5120 per
3251 5049 3528 5115 omicrou,
3583 5049 3730 5120 apud

2126 5125 2293 5183 Cedr.
2315 5141 2370 5194 p.
2405 5122 2530 5185 530,
2568 5122 2912 5194 Δαζύμηνον.

2203 5193 2506 5266 (18)(10111.
2536 5211 2594 5264 p.
2629 5193 2724 5266 78.

2203 5197 2294 5266 (18
2343 5197 2506 5250 Cont.
2536 5211 2594 5264 p.
2632 5197 2724 5246 78.

2201 5197 2316 5335 (19)
2343 5265 2504 5321 Cont.
2540 5280 2594 5335 p.
2616 5263 2719 5335 78,
2752 5259 2916 5318 Cedr.
2952 5278 3008 5332 p.
3036 5259 3166 5319 550.

2194 5332 2307 5407 (20)
2335 5336 2497 5392 Cont.
2526 5332 2582 5407 p.
2615 5332 2705 5386 79.

2202 5403 2314 5478 (‘21)
2343 5407 2426 5478 ita
2456 5405 2766 5478 scriptum:
2785 5418 2897 5457 non
2923 5405 3143 5478 νεωστί
3162 5403 3258 5478 (ξ).

2209 5470 2322 5550 (22)
2353 5470 2706 5544 Nempe—crat
2737 5473 3087 5528 Domesticus
3111 5470 3462 5539 scholarum,
3485 5480 3545 5529 ut
3563 5470 3727 5529 Cont.

2357 5617 2438 5692 Ita
2467 5626 2523 5673 et
2561 5616 2724 5692 Cont.
2747 5631 2831 5692 Ap.
2871 5615 2960 5681 79,
3011 5614 3174 5692 {bgﬂé
3205 5616 3358 5692 3:1th
3399 5615 3493 5692 τὸν
3531 5612 3728 5692 ’ᾼ-νζῂν

2134 5684 2324 5779 086:1;
2346 5690 2532 5779 χξῖὶροχ
2593 5684 2933 5757 καλούμενον
3013 5684 3251 5754 ἐγένετο.
3331 5685 3489 5755 Apud
3558 5684 3726 5740 Cedr.

2135 5777 2188 5830 p.
2221 5757 2585 5827 550,”’Ᾱνζίν.

2208 5830 2320 5899 (24)
2353 5830 2513 5887 Cont.
2553 5847 2605 5901 p.
2640 5830 2727 5897 79,
2752 5827 2916 5884 Cedr.
2939 5843 2993 5899 p.
3027 5826 3150 5883 550.
