4136 6470
415 384 554 451 1077

1734 364 2007 447 REGUM
2046 384 2195 445 LIB.
2236 385 2352 446 nr.

3567 384 3722 451 1078‘

411 518 536 556 τινα
564 498 674 553 τῶν
719 496 1139 570 ὑπερκειμένων
1172 497 1353 553 τόπων
1398 498 1493 553 τοῦ
1519 499 1780 571 Μανουὴλ
1809 500 2003 570 προϐι-

2115 501 2413 556 exercitum
2448 500 2720 555 minorem
2751 513 2873 555 esse
2905 499 3156 555 exercitu
3185 498 3568 554 Romanorum
3598 516 3612 556 :
3641 501 3727 558 ad”

414 593 705 658 ϐάσαντος,
732 592 1111 663 στοχαστικῶς
1132 590 1247 663 (25)
1278 593 1492 646 κατεῖδε
1527 592 1760 665 στρατὸν
1782 594 1875 649 τὸν
1903 595 2007 647 Σα-

417 686 716 759 ρακηνικδν
773 685 880 739 τῶν
929 684 1219 754 Ῥωμαίων
1272 685 1556 740 ἐλάττονα.
1607 685 1755 759 Πρδς
1788 687 1849 740 ὃν
1893 704 2006 740 στο-

414 778 628 851 χασμὸν
665 777 980 832 συντίθεται
1010 777 1289 849 Μανουὴλ,
1322 777 1436 831 ἀλλ’
1472 780 1625 851 ὅμως
1652 778 1801 850 αὑτῷ
1824 781 2008 833 ἀντει-

417 874 610 943 ρήκει·
643 890 661 922 ι
708 866 781 922 Ὦ
807 870 1069 933 δέσποτα,
1101 870 1195 923 τὸν
1238 868 1287 901 “
1314 869 1403 923 ἐπ’
1435 871 1644 941 ἀμφοῖν
1671 872 1734 925 ὲκ
1764 871 2008 943 δοράτων

416 964 720 1036 καλαμῶνα
748 962 1100 1033 στοχάσθητι,
1142 961 1201 1030 ἐξ
1236 954 1297 1016 οὗ
1346 962 1533 1037 γνώσῃ
1571 962 1630 1017 τὸ
1672 964 2010 1038 καρτερώτε-

416 1077 533 1131 ρον.
568 1078 587 1112 ι
619 1056 1167 1128 Συμϐεϐουλευκότες
1192 1056 1309 1129 (26)
1339 1056 1433 1110 οὖν
1462 1058 1490 1111 ὃ
1516 1074 1576 1111 τε
1601 1057 1864 1127 Θεόφιλος
1912 1058 2010 1112 καὶ

412 1153 487 1205 οἷ’
518 1152 649 1221 περὶ
679 1151 843 1205 αὑτὸν
883 1151 1235 1220 μεγιστᾶνες,
1290 1152 1319 1205 ὁ
1378 1149 1479 1221 μὲν
1526 1151 1786 1223 Μανουὴλ
1838 1150 1933 1204 καὶ
1981 1153 2010 1205 ό

412 1243 685 1313 Θεόφοϐος
722 1241 1041 1297 ὑπετίθοντο
1102 1242 1215 1313 (27)
1259 1244 1521 1312 συνιστᾷν
1553 1242 1611 1295 ὲν
1646 1243 1805 1297 νυκτὶ
1845 1244 2011 1297 πόλε-

418 1354 539 1407 μον,
594 1336 738 1390 κατὰ
790 1336 889 1406 τὴν
950 1335 1168 1406 ἡμέραν
1219 1336 1277 1388 δὲ
1318 1334 1535 1405 ἕτεροι·
1575 1336 1626 1389 οἶ
1666 1336 1871 1406 μᾶλλον
1916 1336 2010 1389 καὶ

416 1429 851 1501 προτετίμηνται
908 1429 1044 1501 (28).
1100 1428 1260 1482 Κατὰ
1311 1428 1443 1498 γοῦν
1499 1429 1561 1483 τὸ
1624 1429 2011 1502 πρὸςηαὺριον

416 1525 708 1595 γεγονυίας
761 1523 1069 1596 προσϐολῆς
1134 1525 1186 1578 οἱ
1242 1525 1589 1595 Ἰσμαηλίται
1642 1527 1820 1598 τροπῇ
1885 1542 2012 1578 συν-

418 1618 727 1687 εσχέθησαν
783 1616 921 1690 (29),
960 1619 1081 1672 ὅθεν
1117 1620 1169 1672 οἱ
1216 1618 1452 1693 Τοῢρκοι
1518 1619 1796 1690 ὲπιμόνως
1827 1617 2012 1690 τοξείᾳ

408 1710 756 1782 χρησάμενοι
788 1710 918 1773 τοὺς
973 1710 1327 1781 Ἰσμαηλίτας
1356 1710 1795 1782 θαρσαλεότητος
1832 1708 1882 1742 ⁸⁵
1916 1710 2011 1763 καὶ

417 1802 604 1874 ίσχὺος
642 1803 993 1875 ἐπλήρωσαν,
1031 1806 1160 1869 τοὺς
1196 1805 1253 1859 δὲ
1302 1804 1615 1876 Ῥωμαίους
1646 1805 1784 1879 πρὸς
1832 1822 2012 1875 φυγα-

408 1896 559 1951 δείαν
590 1896 890 1968 ἐτρέψαντο
911 1914 925 1928 ·
960 1899 1056 1951 καὶ
1108 1898 1261 1970 μόνοι
1314 1898 1394 1970 τῷ
1444 1892 1662 1969 βασιλεῖ
1692 1900 1742 1952 οί
1771 1899 2010 1970 ἀρχηγοὶ

411 1993 521 2047 τῶν
554 1994 853 2064 ταγμάτων
875 1992 987 2067 (50)
1015 1996 1547 2069 προσεκαρτέρησαν
1582 1996 1724 2067 μετὰ
1749 1998 2010 2069 Μανουὴλ

415 2087 512 2139 καὶ
552 2087 801 2157 Περσῶν,
829 2087 924 2154 οὓς
957 2088 1145 2160 κύκλῳ
1170 2090 1682 2161 περιστοιχίσαντες
1716 2091 1826 2163 (51)
1861 2093 1910 2145 οί
1952 2092 2011 2157 ἐξ

415 2181 599 2251 Ἀγαρ
637 2179 825 2251 βιαίως
856 2184 1101 2253 συνεῖχον
1132 2182 1203 2248 ⁸⁸,
1256 2181 1359 2237 κᾶν
1394 2184 1446 2237 οἱ
1481 2183 1722 2255 Τοῦρκοι
1752 2185 1813 2238 τὸ
1850 2182 2011 2249 τοξά-

413 2272 530 2337 ζςιν
588 2273 896 2328 κεκώλυντο
928 2274 1087 2329 ὑετοῦ
1125 2293 1189 2344 γε
1222 2275 1536 2348 συμϐάντος
1569 2277 1679 2331 τῶν
1705 2295 1763 2332 τε
1801 2279 2012 2352 νευρῶν

410 2364 521 2418 τῶν
572 2365 743 2432 τόξων
770 2366 1161 2437 χαυνωθεισῶν
1209 2369 1277 2441 τῇ
1316 2368 1603 2439 ὑγρότητι.
1642 2369 1865 2440 Ἀμέλει
1903 2371 2011 2423 τῶν

421 2456 755 2528 Ῥωμαϊκῶν
778 2460 1211 2531 στρατευμάτων
1241 2461 1672 2532 πημαινομὲνων
1701 2463 1729 2515 ό
1751 2463 2014 2535 Μανουὴλ

412 2549 761 2619 διηκοὺτιστο
815 2553 884 2622 τῇ
922 2553 1276 2624 Σαρακηνικῇ
1308 2552 1421 2624 (52)
1470 2552 1686 2627 γλώττῃ
1734 2556 1871 2626 πρὸς
1911 2556 2014 2609 αὑ-

412 2645 540 2706 τοὺς
588 2642 696 2696 τῶν
749 2644 979 2714 Περσῶν
1013 2645 1139 2699 καθ’
1162 2645 1382 2716 ὁμιλίαν
1404 2645 1569 2699 οἱονεὶ
1604 2647 2011 2716 σπενδομένων,

412 2738 508 2787 καὶ
544 2734 621 2805 τῷ
651 2734 896 2805 Θεοφίλῳ
929 2736 1118 2805 φησίνο
1142 2755 1161 2789 ‹
1192 2732 1383 2806 Οἶμαι,
1407 2729 1691 2808 ὧβασιλεὺ
1718 2739 1855 2809 (55),
1874 2740 2011 2811 ὅτιὴ

426 2826 711 2899 Ῥωμαῖκὴ
726 2827 822 2882 νῦν
844 2829 1111 2900 δυσφορία
1129 2828 1203 2899 τῷ
1221 2831 1614 2902 ἀμεραμνουνῇ
1643 2832 1770 2895 τοὺς
1799 2832 2015 2904 Πέρσας

413 2922 835 2990 περιποιήσεται
866 2923 949 2985 είς
968 2923 1030 2976 τὸ
1056 2921 1348 2993 προδοῦναί
1367 2940 1425 2976 σε
1453 2922 1622 2993 αὑτῷ,
1648 2923 1709 2977 τὸ
1734 2925 1864 2996 πρὶν
1884 2927 2015 2981 ἀπο-

416 3012 649 3078 στάντας
664 3014 829 3067 αὑτοῦ
846 3013 956 3087 (54)
967 3054 979 3067 .
997 3013 1210 3068 Οὑκοῦν
1221 3014 1403 3079 καλῶς
1420 3032 1481 3070 συ
1490 3015 1907 3089 μϐουλευομὲνῳ
1923 3036 2014 3089 μοι

418 3104 655 3159 οὑνθοιο.
678 3105 887 3175 Συναγε
897 3107 975 3178 ρῶ
1005 3109 1069 3161 ἐκ
1086 3106 1181 3161 τοὺ
1202 3107 1327 3162 καθ’
1350 3108 1497 3178 ἡμᾶς
1521 3110 1933 3180 στρατεύματος
1951 3110 2014 3164 τὸ

2113 610 2278 664 quam
2329 595 2711 665 conjecturam
2766 609 3054 649 assensum
3109 609 3272 648 suum
3332 594 3726 650 accommodat-

2110 688 2349 753 Manuel,
2375 688 2744 742 nihilominus
2777 698 2959 743 tamen
2995 688 3047 742 ei
3079 686 3377 757 respondet
3404 705 3417 740 :
3465 704 3483 738 ι
3512 686 3713 742 Consi-

2112 779 2265 842 dera,
2304 778 2550 842 domine,
2580 778 2633 833 in
2660 787 2897 848 utroque
2939 786 3183 848 segetem
3225 778 3510 832 hastarum
3538 795 3551 832 :
3580 779 3714 833 hinc

2111 888 2415 943 cognosces
2446 872 2631 927 utrius
2665 873 2737 927 sit
2770 872 2943 926 robur
2983 871 3183 941 majus.
3245 891 3263 923 ι
3319 871 3457 927 Cum
3519 883 3710 927 autem

2112 966 2257 1019 inter
2280 980 2339 1019 se
2365 964 2775 1019 consultassent
2793 964 3138 1034 TlteOphilus
3160 974 3215 1018 et
3239 963 3333 1034 qui
3356 964 3503 1019 circa
3529 968 3710 1035 ipsum

2111 1066 2270 1114 erant
2302 1068 2606 1130 magnates,
2636 1058 2855 1112 Manuel
2897 1066 2954 1113 et
2980 1056 3361 1127 Theopltobus
3402 1066 3709 1113 suaserunt

2114 1162 2176 1207 ut
2219 1159 2381 1206 nocte
2427 1151 2685 1221 prmlium
2717 1150 3117 1215 committeret,
3168 1150 3263 1205 alii
3306 1161 3366 1205 ut
3420 1150 3710 1218 interdiu;

2113 1245 2205 1315 qui
2237 1252 2293 1300 et
2337 1246 2772 1313 prrevaluerunt.
2826 1243 3017 1313 Itaque
3070 1245 3343 1313 postridie
3375 1260 3539 1299 mane
3569 1245 3714 1300 facto

2114 1333 2375 1389 conﬂictu
2412 1333 2702 1389 lsmaelitze
2728 1335 2782 1388 in
2818 1332 3001 1403 fugam
3034 1334 3206 1388 versi.
3252 1334 3467 1389 Exinde
3520 1334 3715 1391 Turcaa

2115 1424 2339 1480 assiduo
2392 1424 2719 1493 sagittarum
2773 1439 2875 1478 usu
2919 1421 3202 1478 instantes
3246 1423 3559 1479 Ismaelitas
3609 1442 3712 1479 au-
3768 1454 3781 1459 -

2115 1516 2270 1572 dacia
2317 1526 2375 1572 et
2408 1516 2624 1570 viribus
2658 1515 3053 1586 impleverunt,
3088 1516 3371 1571 Romanos
3406 1526 3601 1572 contra
3656 1519 3711 1572 in

2114 1609 2296 1683 fugam
2328 1619 2660 1665 verterunt:
2691 1609 2905 1680 solique
2931 1610 3079 1680 apud
3112 1609 3510 1679 imperatorem
3542 1610 3714 1666 duces

2115 1704 2396 1776 legionum
2447 1703 2903 1773 praetorianarum
2956 1710 3371 1768 remanserunt,
3417 1720 3543 1759 cum
3600 1704 3713 1758 Ma-

2116 1797 2279 1852 nuele
2308 1810 2372 1850 ac
2399 1794 2604 1859 Persis,
2638 1810 2780 1865 quos
2823 1794 3064 1865 Agareni
3101 1794 3423 1852 circumfusi
3468 1795 3714 1851 inclusos

2116 1890 2399 1955 tenebant,
2435 1887 2692 1959 quamvis
2728 1886 2897 1942 Turci
2942 1887 2999 1941 in
3031 1902 3136 1943 usu
3169 1888 3495 1959 sagittarum
3538 1888 3712 1960 impe-

2112 1985 2370 2041 direntur
2396 1985 2595 2057 pluvia
2632 1985 2865 2042 cadente
2908 1984 3211 2054 nervisque
3239 1998 3469 2037 arcuum
3514 1981 3712 2036 laxatis

2114 2081 2371 2135 humore.
2392 2080 2622 2135 Interim
2649 2089 2834 2136 tamen
2871 2093 2996 2134 eum
3020 2076 3254 2132 Romani
3289 2074 3402 2146 69
3434 2073 3713 2129 exercitus

2114 2172 2512 2244 allligerentur,
2559 2172 2779 2227 Manuel
2825 2170 3115 2226 audiverat
3157 2168 3354 2223 Persas
3385 2165 3711 2222 Saracenlca

2112 2267 2301 2339 lingua
2328 2267 2701 2337 colloquendo
2737 2282 2863 2321 cum
2894 2263 3004 2320 illis
3033 2263 3191 2335 quasi
3225 2261 3593 2333 paciscentes,
3632 2268 3714 2314 at-

2114 2376 2228 2430 que
2278 2361 2346 2416 ad
2402 2360 2776 2431 Theophilum
2825 2359 3003 2414 dicit:
3045 2377 3063 2411 ι
3121 2356 3378 2411 Arbitror
3423 2353 3709 2424 equidem,

2116 2454 2441 2524 imperator,
2504 2460 2839 2523 prresentem
2900 2453 3281 2507 Romanorum
3336 2449 3708 2504 calamitatem

2117 2547 2501 2602 amcramnuni
2533 2546 2735 2603 Persas
2782 2545 3196 2616 adjuncturam,
3243 2545 3311 2598 ad
3357 2542 3708 2613 prodendum

2120 2648 2173 2693 te
2210 2638 2287 2691 illi
2320 2654 2350 2692 a
2376 2653 2487 2708 quo
2533 2639 2693 2708 prius
2745 2635 3120 2692 desciverant.
3158 2634 3349 2705 Itaque
3391 2644 3544 2689 recte
3574 2633 3711 2687 mihi

2116 2731 2375 2787 suadenti
2421 2731 2777 2801 obtemperes
2820 2730 3010 2785 velim.
3059 2728 3325 2799 Colligam
3362 2726 3709 2782 delectorum

2118 2826 2355 2881 militum
2385 2825 2607 2897 globum
2635 2841 2702 2880 ex
2735 2833 2927 2878 nostro
2955 2824 3226 2887 exercitu,
3252 2822 3410 2894 cujus
3433 2836 3536 2891 ope
3561 2828 3709 2873 tuam

2117 2921 2464 2991 maiestatem
2491 2935 2559 2974 ex
2595 2916 2857 2973 hostibus
2881 2917 3139 2987 eripiam.
3180 2934 3198 2967 ι
3236 2914 3337 2969 Cui
3368 2914 3709 2983 imperator:

2126 3031 2144 3065 ‹
2176 3012 2291 3067 Hoc
2312 3019 2495 3066 autem
2523 3010 2669 3066 facto
2701 3009 2832 3081 quid
2869 3008 2963 3064 ﬁet
2991 3008 3268 3063 universre
3295 3003 3706 3060 multitudini?»

2120 3103 2253 3159 Ille:
2301 3122 2319 3155 ι
2364 3102 2408 3159 0
2440 3103 2764 3172 imperator,
2792 3100 2891 3155 tibi
2927 3098 3197 3155 divinitus
3243 3096 3470 3153 dabitur
3517 3105 3580 3151 ut
3628 3096 3713 3149 in.

415 3197 540 3251 κατ’
597 3198 828 3270 ἐκλογὴν
872 3200 1152 3271 σύστημα,
1204 3200 1273 3254 δι’
1323 3193 1384 3255 οὑ
1438 3201 1499 3257 τὸ
1555 3202 1647 3258 σὸν
1692 3203 1893 3275 κράτος
1950 3205 2010 3258 ὲκ

2122 3198 2358 3256 columis
2381 3197 2582 3253 evadas
2608 3214 2620 3251 :
2650 3194 2991 3251 multitudini
3023 3200 3208 3249 autem
3233 3201 3290 3248 et
3310 3191 3440 3263 ipsi,
3481 3189 3714 3246 utarbi—

414 3292 523 3345 τῶν
583 3292 863 3362 πολεμίων
925 3295 1204 3366 ὲξοίσομαι
1415 3315 1433 3348 ι
1473 3295 1532 3349 Ὀ
1589 3296 1644 3349 δὲ
1708 3296 1963 3366 βασιλεύς
1994 3314 2007 3328 ⁸

422 3406 441 3438 ι
479 3387 586 3439 Καὶ
623 3386 813 3441 τούτου
843 3387 889 3420 ⁸⁷
931 3388 1251 3459 γινομένου,
1309 3384 1355 3442 ὦ
1402 3388 1684 3458 Μανουὴλ,
1711 3389 1787 3458 τῷ
1814 3390 1931 3461 λαῷ
1958 3391 2012 3444 τί

420 3481 763 3552 συμϐήσεται
782 3482 923 3553 (56);
950 3503 969 3535 ι
1003 3514 1073 3524 ——
1112 3503 1129 3535 ι
1154 3479 1225 3536 Ὦ
1244 3483 1490 3553 βασιλεῦ,
1514 3484 1595 3538 σοὶ
1617 3484 1664 3515 ⁸⁸
1697 3484 1797 3554 μὲν
1827 3486 2011 3539 θεόθεν

417 3575 691 3645 παρέσται
714 3574 776 3627 τὸ
808 3573 1078 3640 σώζεσθαι
1133 3576 1270 3648 (57).
1326 3576 1355 3629 ὑ
1416 3576 1474 3630 δὲ
1515 3575 1644 3641 λαὸς
1699 3578 1794 3631 καὶ
1846 3577 2011 3642 αὑτὸς

417 3666 638 3736 ὑψόθεν,
666 3663 846 3739 οἶμαι,
874 3668 1320 3741 προνοηθήσεται
1365 3669 1501 3741 (58).
1541 3690 1559 3722 ι
1605 3670 1712 3724 Τοῦ
1748 3669 1881 3739 γοῦν
1909 3670 2011 3741 βα-

418 3758 613 3822 σιλέως
642 3760 805 3830 μόγις
837 3761 949 3816 τῶν
984 3762 1264 3833 πολεμίων
1292 3764 1611 3829 ἐκστάντος,
1642 3764 1783 3821 κατὰ
1815 3765 1871 3818 δὲ
1896 3764 2008 3835 (59)

416 3852 509 3906 τὸν
566 3853 912 3926 Χιλιόκωμον
967 3856 1448 3926 παραγεναμένου,
1516 3856 1565 3908 οἱ
1640 3857 1752 3911 τῶν
1808 3860 2010 3926 στρατ-

418 3944 640 4015 ηγετῶν
678 3945 740 3999 τὸ
791 3946 1034 4011 συνειδὸς
1100 3946 1395 4017 λιποταξίᾳ
1437 3948 1484 3978 ⁸⁸
1545 3948 1828 4012 πιέζοντες
1892 3948 2006 4019 (40)

417 4037 599 4091 ἐκεῖσε
660 4038 740 4110 τῷ
789 4038 1035 4110 Θεοφίλῳ
1084 4037 1447 4108 γονυπετοῦσι
1498 4039 1593 4091 καὶ
1637 4039 1738 4103 τὰς
1793 4039 2011 4103 σπάθας

2117 3305 2255 3356 tror,
2290 3308 2357 3348 ex
2402 3292 2513 3347 alto
2565 3290 2960 3363 prospicietur.
3030 3309 3048 3343 ι
3086 3287 3360 3345 Cmterum
3413 3295 3710 3358 postquam

2116 3387 2420 3458 imperator
2442 3400 2587 3458 aegre
2609 3400 2676 3441 ex
2697 3383 2955 3439 hostibus
2985 3390 3295 3437 recesserat
3328 3388 3493 3451 atque
3514 3394 3714 3433 versus

2113 3481 2519 3538 Chiliocomum
2568 3494 2626 3534 se
2676 3476 3011 3542 contulerat,
3043 3475 3214 3530 duces
3250 3473 3328 3528 illi
3376 3486 3517 3543 quos
3572 3485 3708 3525 eon-

2115 3576 2349 3633 scientia
2404 3574 2475 3629 ob
2532 3572 2815 3628 desertum
2855 3571 3109 3625 ordinem
3157 3569 3448 3640 premebat
3500 3566 3707 3623 ibidem

2116 3668 2430 3740 Theophilo
2460 3666 2742 3739 supplices
2772 3664 2913 3721 ﬁunt
2942 3674 3107 3735 atque
3137 3663 3403 3734 depositis
3432 3662 3628 3735 gladiis
3650 3678 3710 3719 se

2118 3764 2270 3835 ipsos
2310 3762 2379 3818 ad
2415 3768 2649 3816 mortem
2680 3758 3096 3815 condemnant:
3142 3772 3272 3827 erga
3303 3773 3446 3827 quos
3477 3756 3712 3827 impera-

2117 3864 2206 3910 tor
2258 3852 2699 3911 misericorditer
2752 3852 2988 3907 aﬂ‘ectus
3039 3865 3164 3906 cum
3195 3850 3385 3905 debito
3430 3850 3583 3903 luctu
3614 3848 3712 3903 εον

2117 3944 2422 4009 excusavit,
2481 3943 2721 3998 dicens:
2763 3961 2783 3994 ι
2835 3941 3297 4011 Quandoquidem
3349 3942 3709 3998 miseratione

2118 4037 2309 4091 divina
2339 4035 2572 4105 contigit
2600 4042 2661 4088 ut
2687 4049 2790 4103 ego
2817 4033 2984 4088 etiam
3018 4031 3242 4087 deserto
3268 4032 3469 4087 ordine
3502 4032 3709 4089 evade-

1731 4169 1972 4226 VARUE
2002 4170 2415 4227 LECTIONES.

486 4280 539 4355 ξε
558 4280 672 4353 τὸν]
689 4282 797 4355 τῶν
820 4283 880 4337 L.
958 4284 1004 4316 ⁸⁸
1034 4282 1493 4354 θαρσαλαιότητος
1520 4281 1583 4335 L.
1659 4281 1704 4313 ⁸⁸
1734 4283 2253 4355 περιστοιχήσαντες
2291 4283 2355 4337 L.
2432 4282 2475 4314 ⁸⁷
2515 4279 2733 4355 τούτου]
2760 4279 2854 4335 τοὺ
2882 4282 2943 4337 L.
3022 4283 3066 4314 ⁸⁸
3098 4281 3213 4354 σοὶ]
3241 4282 3305 4337 σὺ
3333 4281 3397 4337 L.
3476 4283 3522 4315 "
3547 4283 3706 4338 λιπο-

415 4352 580 4419 ταξία
617 4352 908 4419 πιέζοντας
935 4355 997 4410 L.

1617 4491 1862 4549 STEPH.
1898 4488 2247 4545 BERGLERI
2274 4490 2318 4545 Ν
2326 4490 2510 4547 ΟΤᾸΞ.

492 4606 795 4684 (25_)Cont.
824 4624 883 4684 p.
916 4608 1005 4684 79,
1035 4610 1127 4684 καί
1159 4628 1278 4677 πως
1309 4614 1373 4684 ἐκ
1397 4609 2004 4684 στοχασμοὺβραχὺτε-
2035 4614 2080 4670 D
2113 4611 2394 4684 σωτηρίας
2424 4612 2578 4683 μόλις
2606 4612 2808 4666 ἔδωκεν
2837 4611 3118 4683 ἀφορμάς.
3151 4613 3240 4670 Uti
3277 4610 3557 4670 etiisdem
3584 4631 3706 4671 ver-

419 4694 513 4759 ρον
565 4679 745 4733 ἐδόκει
799 4679 861 4732 τὸ
905 4680 1017 4733 τῶν
1059 4682 1397 4763 ξαρακηνῶν
1430 4679 1655 4754 πλῆθος.
1686 4679 1811 4739 Vid.
1842 4679 1999 4764 seqq.

418 4748 517 4803 tbi.
543 4746 710 4806 Cedr.
738 4765 794 4822 p.
826 4750 966 4817 550,
1000 4753 1095 4809 ubi
1139 4754 1281 4810 male
1327 4752 1628 4829 βαρύτερον
1663 4769 1764 4825 pro
1798 4753 1999 4826 βραχυ-

504 4789 517 4803 ι
544 4783 710 4806 υῦυιο
738 4783 794 4822 γε
826 4783 966 4817 νυν,
1003 4783 1095 4809 ιιυι
1139 4783 1281 4810 ιιηιιῦ
1327 4783 1628 4826 γαρυίερυν
1663 4783 1764 4825 μιν
1798 4783 2006 4826 βραχυ-

628 4890 797 4975 ροιη.
830 4908 902 4975 Ρ.
931 4892 1020 4958 79,
1043 4890 1224 4975 .Cedr;
1248 4909 1303 4964 p.
1331 4893 1457 4950 550.

511 4963 603 5034 27)
628 4963 709 5034 Ita
736 4964 1006 5034 scriptum
1036 4963 1376 5029 ὑπετίθοντο,
1408 4982 1519 5021 non
1552 4967 1891 5022 ὑπετίθεντο.

514 5033 606 5109 28)
635 5033 798 5109 Con}.
844 5033 901 5105 ᾗ).
939 5037 1028 5102 79,
1087 5034 1163 5100 ὡς
1216 5035 1310 5091 οὑν
1354 5036 1598 5108 ἔλαμψεν
1651 5038 1860 5109 ἡμέρα,
1892 5048 2001 5096 etc.

417 5103 596 5161 (Σαὼ-,⁷
611 5122 668 5175 p.
700 5104 825 5161 550.

491 5177 605 5247 (29)
636 5176 797 5252 09m.
831 5193 887 5252 p_-
926 5176 1028 5252 7_9=
1072 5177 1291 5252 Ἀλλ’,οε
1321 5176 1556 5252 τεΰρνςοι
1589 5178 1837 5252 ἐπιμόνῳ
1864 5181 2008 5251 χρώο

423 5246 827 5321 μενοιτοξξείᾳ,¹
848 5247 1013 5304 Cedr.
1046 5265 1101 5320 p.
1145 5249 1251 5305 530
1276 5268 1290 5303 :
1320 5246 1449 5303 Τῶν
1483 5249 1540 5303 δὲ
1581 5251 1625 5301 Τ
1630 5246 1846 5321 οὑρκων
1865 5246 2009 5304 ’ἔπι-

422 5318 604 5393 μόνως
630 5318 934 5393 χρωμένων
966 5318 1262 5393 τῇθτοξεία.
1290 5321 1451 5377 Cedr.
1494 5337 1551 5391 p.
1584 5318 1710 5376 551.
1745 5321 1868 5374 Τῶν
1909 5322 2008 5392 μὲν

421 5388 686 5461 Τοὺρκων
720 5388 1143 5461 ἐνιιςιιιιΑΞνοιςκα)⁸
1188 5388 1441 5464 συνεχέσι
1495 5388 1798 5463 χρωμένων
1821 5388 2012 5458 τοξεύ-

425 5476 577 5531 μασι.

493 5529 602 5674 (50)
626 5529 790 5589 Cont.
825 5550 884 5605 p.
907 5535 998 5603 79,
1030 5532 1196 5589 Cedr.
1225 5550 1280 5605 p.
1308 5533 1435 5589 5'50.

518 5602 608 5673 51)
641 5604 868 5661 Planius
920 5614 978 5661 et
1002 5606 1222 5674 plenius
1280 5604 1435 5660 Cont.

518 5602 608 5673 51)
641 5602 868 5661 Planius
920 5602 1247 5677 et'plenius—r
1280 5604 1443 5677 Gont.
1490 5621 1547 5676 p.
1590 5604 1657 5677 79
1690 5622 1705 5677 :_
1743 5604 1860 5677 Κᾶν
1895 5608 2004 5662 άπ-

423 5669 625 5748 ῴλρντό
655 5677 827 5748 ytaqu
839 5678 950 5748 uel,
981 5669 1030 5732 εἶ
1064 5676 1139 5747 μὴ
1166 5676 1263 5742 ν’ὺξ
1296 5669 1528 5748 ἐλθοῦσα
1560 5676 1655 5729 καὶ
1685 5675 1893 5748 βραχύς
1921 5695 2006 5743 τις

425 5743 631 5821 ὄμϐρος
657 5743 1076 5821 ἐπιγενόμενος
1096 5743 1208 5821 τὰς
1231 5748 1331 5821 μὲν
1361 5747 1561 5821 νευρὰς
1608 5743 1857 5821 χαλαρέις
1884 5750 2001 5821 εἰρ-

425 5816 661 5889 γάσατο,
705 5816 793 5881 αἷς
821 5816 1092 5887 ἠμύνοντο
1128 5816 1316 5889 καὶτὸ
1348 5818 1554 5889 κράτος
1594 5816 1820 5889 εἶχονοὶ
1846 5816 2003 5873 ἐναν-

2111 4681 2201 4754 bis
2232 4681 2399 4739 Cedr.
2514 4684 2642 4740 550.
2734 4722 2739 4725 -

2338 4752 2501 4811 Cant.
2550 4770 2605 4825 p.
2642 4754 2728 4821 79,
2786 4754 2842 4808 in
2891 4753 3024 4820 line,
3079 4753 3243 4812 Cedr.
3302 4772 3356 4828 p.
3394 4757 3518 4825 551,
3563 4757 3700 4813 Zon.

2206 4896 2296 4965 55)
2330 4896 2491 4952 Cont.
2525 4912 2578 4966 p.
2615 4895 2705 4950 80.

2185 4961 2296 5039 (54)
2333 4968 2496 5024 Cont.
2622 4966 2691 5021 80
2717 4983 2730 5021 :
2761 4967 2903 5038 Πρὸς
2930 4967 3030 5037 τὴν
3061 4967 3120 5033 ἐξ
3138 4961 3206 5036 ἧς
3232 4968 3554 5042 ἀπέστησαν
3591 4988 3698 5041 χωρ

2175 5041 2225 5110 ἵν
2256 5040 2521 5110 κεφαλήν.
2638 5108 2686 5110 __
2757 5106 2783 5110 Α
2840 5107 2854 5110 _
3118 5109 3125 5110 ί

2114 5054 2225 5107 ρειν
2256 5054 2521 5107 κεφαλην.

2190 5106 2500 5180 (55)(1οηὶ.
2534 5124 2592 5179 p.
2629 5108 2717 5175 80,
2744 5106 2912 5165 Cedr.
2948 5124 3006 5179 p.
3032 5109 3158 5165 53L

2188 5182 2301 5250 (56)
2335 5181 2498 5236 Cont.
2530 5195 2585 5249 p.
2623 5180 2711 5234 80.

2187 5252 2300 5321 (57)
2331 5252 2495 5307 Cedr.
2526 5267 2581 5321 p.
2615 5252 2741 5305 551.

2128 5352 2129 5355 η
2189 5322 2302 5394 (58)
2332 5322 2495 5379 Cont.
2529 5337 2583 5391 p.
2612 5322 2703 5384 80,
2727 5322 2892 5379 Cedr.
2926 5340 2979 5394 p.
3014 5324 3138 5380 551.

2212 5330 2280 5379 58
2332 5330 2495 5379 Uont.
2529 5337 2583 5391 p.
2612 5330 2703 5384 δυ,
2727 5330 2892 5379 Cedr.
2926 5340 2979 5394 p.
3014 5330 3138 5380 551.

2189 5330 2304 5466 (59)
2334 5393 2732 5466 l_ta_scriptum
2757 5434 2771 5458 ,
2840 5410 2966 5449 cum
3007 5396 3235 5451 deberet
3297 5414 3378 5449 τε.
3424 5430 3494 5437 -
3530 5397 3691 5454 Cont.

2118 5484 2172 5537 p.
2202 5464 2500 5542 ‘80,.Cedr.
2546 5464 2776 5542 p._5§t.
2814 5494 2883 5507 -—
2906 5466 2983 5520 Ita
3017 5466 3287 5537 scriptum
3312 5507 3327 5533 ,
3362 5484 3473 5523 non
3508 5485 3692 5542 παρα-

2118 5534 2436 5607 γενομένου,
2460 5543 2522 5607 ut
2550 5534 2804 5607 debebat.

2190 5606 2301 5730 (40)
2335 5607 2415 5663 Ita
2459 5605 2585 5661 duae
2625 5606 2717 5662 liae
2739 5622 2903 5663 voces
2930 5608 3148 5679 scriptae
3169 5649 3182 5671 ,
3222 5624 3349 5665 cum
3375 5608 3605 5667 deberet
3635 5612 3695 5665 τὸ

2190 5696 2266 5730 νει
2302 5679 2360 5730 ὸς
2392 5677 2743 5730 λειποταξίας
2771 5679 3089 5730 materiam.
3120 5690 3217 5730 aut
3259 5680 3444 5730 notius
3481 5682 3544 5730 τὸ
3570 5700 3695 5730 συν-

2119 5677 2360 5751 συνειᾷὺς
2392 5677 3089 5751 λειποταξίαςλπιεζούσης,
3120 5690 3217 5734 aut
3259 5680 3444 5751 potius
3481 5682 3544 5735 τὸ
3570 5700 3697 5734 συν-

2115 5749 2255 5813 ειδὸς
2292 5746 2636 5812 λειποταξίας
2670 5749 2890 5814 πιέζον,
2947 5746 3034 5805 ut:
3058 5746 3694 5808 rursus—nominativum

2114 5837 2214 5895 pro
2245 5818 2659 5895 gen_._absolu_to
2693 5821 2962 5889 posuerit,
3006 5839 3106 5894 pro
3138 5824 3228 5877 τοῦ
3262 5824 3563 5889 συνειδότος
3598 5825 3695 5895 τῆς

425 5885 552 5954 τίοι,
604 5887 791 5955 αὐτοῖς
836 5885 890 5945 δὲ
924 5890 1107 5946 ἄνεσιν
1154 5888 1251 5961 τὴν
1295 5891 1359 5943 ὲκ
1390 5885 1579 5961 ’βελῶν
1606 5885 1858 5961 ὲιτοίησεν
1885 5894 2002 5967 ’καὶ
2112 5885 2460 5957 λειπὸταξῐας
2493 5885 2793 5955 πιέζοντος.
