4136 6420
296 328 441 397 1085

1637 332 1909 395 REGUM
1953 336 2104 397 LIB.
2150 336 2261 398 ΙΙΙ.

3435 339 3579 407 1986

292 441 621 516 θρηνησάτω
653 441 680 493 ὁ
743 438 875 509 ὲμὸς
925 438 1072 502 ἄπας
1124 439 1249 504 λαὸς
1308 439 1448 511 (84),
1504 440 1889 516 ἑπολοφυρέτω

1996 457 2175 513 natus,
2228 445 2835 516 totusque'domestici
2889 448 3151 506 famulitii
3203 467 3338 522 grex
3381 454 3583 520 ululat,

297 553 365 606 με
401 533 706 604 σύγκλητος
748 536 842 586 καὶ
901 530 1125 599 σύμπαν
1159 532 1221 584 τὸ
1272 531 1411 603 πρὸς
1454 532 1758 605 θεραπείαν
1802 538 1881 590 οἰ·-

296 630 442 681 κεῖον
492 625 766 696 ἄθροισμα
820 623 1213 691 διολολυξάτω,
1303 626 1499 697 ὅτιπερ
1582 628 1768 698 κομῶν
1814 632 1881 701 τῇ

295 720 510 791 νεότητι
539 718 636 771 σὺν
671 715 993 788 εὐδαιμονίᾳ
1040 715 1284 789 τοσαύτῃ
1341 716 1467 788 ἄρτι
1524 719 1732 775 τούτων
1793 721 1885 774 ὲκ-

294 809 736 882 τειχισθήσομαι,
774 807 954 879 πολλῷ
1007 808 1065 862 δὲ
1108 809 1307 879 μᾶλλον
1370 810 1629 879 γυναικὸς
1661 812 1885 878 νεαζού-

297 922 397 974 σης
423 903 534 974 (85)
567 904 661 956 καὶ
686 902 875 966 παιδὸς
900 903 1124 973 ἀνήϐου,
1152 896 1227 957 ὧν
1247 904 1346 976 τὴν
1379 904 1637 976 στέρησιν
1668 907 1887 971 πάντως

296 1001 393 1051 καὶ
424 997 528 1068 πρὸ
578 996 837 1066 τελευτῆς
894 996 1288 1069 άποκλαίομαι,
1338 998 1437 1069 οὐχ
1483 994 1647 1072 ἦττον
1678 999 1792 1071 (86)
1830 1001 1889 1054 δὲ

295 1091 396 1161 τὴν
441 1088 620 1143 αὐτῶν
671 1088 911 1160 ἐρημίαν
962 1088 984 1120 ⁸
1028 1091 1170 1159 μετὰ
1195 1108 1258 1160 γε
1315 1090 1415 1163 τὴν
1466 1092 1633 1146 αὐτοῦ
1681 1092 1701 1124 ⁸
1756 1093 1891 1147 ἀπο-

296 1184 511 1237 δίωσιν.
572 1183 673 1236 Διά
723 1200 804 1235 τοι
861 1181 1035 1236 ταῦτα
1102 1184 1385 1255 μέμνησθέ
1445 1202 1549 1256 μου
1590 1185 1727 1255 (87),
1781 1201 1890 1239 πα-

303 1275 589 1345 ρακαλῶ,
619 1275 729 1329 τῶν
780 1274 1040 1329 τοιούτων
1086 1276 1413 1329 τελευταίων
1472 1276 1735 1348 ῥημάτων
1797 1277 1893 1331 καὶ

296 1370 398 1438 τῆς
455 1367 733 1439 ἡμετέρας
783 1369 923 1440 πρὸς
980 1369 1128 1439 ὑμᾶς
1170 1369 1517 1442 προμηθείας
1570 1370 1665 1424 καὶ
1715 1368 1892 1441 γαλη-

297 1461 523 1534 νότητος
569 1460 719 1534 (88)·
762 1454 840 1515 ὧν
890 1461 1146 1515 ἀντίδοτέ
1187 1479 1279 1535 μοι
1331 1462 1428 1535 τὴν
1477 1463 1615 1534 μετά
1662 1462 1894 1516 θάνατον

307 1550 527 1605 εὔνοιαν
576 1551 715 1623 πρὸς
800 1553 1033 1616 αὐτοὺς,
1087 1552 1280 1625 ὥσπερ
1339 1556 1435 1608 καὶ
1488 1553 1578 1607 ἐπ’
1648 1554 1774 1625 ἐμοὶ
1824 1554 1896 1608 τὰ

298 1645 399 1713 τῆς
446 1644 793 1715 εὐγνώμονος
826 1644 922 1698 καὶ
973 1645 1141 1717 ὀρθῆς
1182 1646 1477 1709 διαθέσεως
1523 1646 1895 1717 διανοούμενοι

300 1737 397 1789 καὶ
451 1737 984 1810 καταπραττόμενοι.
1043 1738 1158 1794 Οὐκ
1202 1737 1283 1791 ἔτι
1312 1737 1420 1807 γὰρ
1452 1737 1596 1808 ὑμᾶς
1630 1737 1896 1808 θεάσομαι

1987 540 2096 613 Ὶᾷ
2134 541 2282 611 quod
2326 540 2531 596 ﬂorens
2560 549 2720 596 aetate
2754 556 2818 595 ac
2865 541 3128 600 felicitate
3176 554 3327 599 tanta
3358 546 3473 615 jam
3513 546 3585 602 ab

1986 633 2109 689 istis
2162 632 2481 703 separabor,
2520 632 2807 701 multoque
2858 633 3034 703 magis
3082 634 3231 704 quod
3286 636 3355 701 ab
3411 653 3586 693 uxore

1987 724 2221 781 ﬂorente
2244 723 2470 795 ﬁlioque
2494 724 2804 795 impuberc,
2826 740 3064 795 quorum
3090 727 3362 795 jacturam
3390 729 3585 799 utique

1988 825 2046 873 et
2068 826 2197 871 ante
2226 816 2439 871 obitum
2466 808 2718 886 deplord,
2746 832 2848 871 nec
2870 817 3056 872 minus
3079 827 3261 873 autem
3291 820 3585 876 orbitatem

1989 924 2183 965 eorum
2220 918 2344 980 post
2377 924 2562 963 meum
2622 925 2652 963 e
2704 910 2820 964 vita
2875 909 3202 965 discessum.
3241 910 3589 981 Quapropter

1991 1008 2351 1066 mementote,
2387 1014 2601 1070 quaeso,
2641 998 2810 1069 hujus
2844 998 3165 1055 novissimae
3193 1000 3464 1053 orationis
3494 1016 3592 1054 no-

1993 1105 2231 1165 straeque
2249 1109 2378 1165 erga
2401 1109 2500 1149 vos
2526 1108 2673 1147 curae
2698 1100 2754 1146 ct
2776 1092 3244 1159 mansuetudinis,
3263 1108 3476 1162 proque
3504 1092 3594 1147 his

1993 1188 2211 1243 reddite
2270 1186 2409 1241 mihi
2465 1194 2591 1256 post
2624 1200 2804 1240 meam
2861 1194 3100 1240 mortem
3154 1185 3592 1242 benivolentiam

1994 1295 2123 1351 erga
2152 1278 2321 1350 ipsos,
2350 1278 2511 1349 quasi
2552 1294 2684 1349 erga
2728 1292 2815 1332 me
2848 1278 3030 1347 ipsum
3064 1278 3205 1347 grati
3238 1293 3303 1332 ac
3346 1278 3485 1332 recti
3516 1276 3596 1331 af-

1996 1372 2175 1428 fectus
2202 1370 2380 1427 ollicia
2408 1370 2740 1426 meditantes
2786 1378 2844 1425 et
2885 1369 3262 1441 perficientes.
3295 1370 3413 1424 Non
3444 1370 3592 1423 enim

1997 1465 2237 1536 amplius
2264 1480 2361 1519 vos
2384 1464 2589 1518 videbo
2614 1463 2866 1533 posthac,
2903 1479 3014 1517 non
3054 1463 3257 1518 talibus
3287 1462 3598 1517 obsecrabo

2002 1558 2224 1623 verbis,
2286 1572 2399 1611 non
2459 1556 2629 1612 tantis
2688 1556 3053 1610 commovebo
3104 1554 3320 1610 animos
3378 1563 3598 1609 vestros

1998 1649 2505 1714 adhortationibus,
2540 1665 2654 1703 non
2694 1649 3020 1704 obtestabor
3066 1663 3192 1703 cum
3245 1646 3527 1718 lacrymis.
3569 1667 3586 1697 ι

2000 1738 2131 1793 Post
2164 1737 2328 1791 talem
2359 1736 2715 1806 imperatoris
2758 1738 3158 1793 allocutionem
3189 1738 3399 1791 multus
3423 1738 3599 1808 ejnla-

297 1828 393 1883 τοῦ
447 1829 658 1895 λοιποῦ,
708 1830 769 1884 οὐ
801 1830 1067 1893 τοιούτοις
1119 1829 1579 1901 παρακαλέσομαι
1626 1830 1891 1901 ῥήμασιν,

1997 1839 2088 1883 tus
2116 1836 2173 1883 et
2204 1827 2445 1898 gemitus
2500 1836 2557 1882 et
2612 1828 2866 1898 ploratus
2910 1828 2979 1882 ab
3014 1827 3276 1883 omnibus
3304 1826 3599 1896 edebatur,

303 1922 367 1975 οὐ
435 1922 731 1987 τοσαύταις

815 1923 1214 1995 δυσωπήσομαι
1265 1925 1680 1996 παραινέσεσιν,
1738 1924 1839 1994 οὐχ
1890 1920 2156 1975 ἱκετεύσω
2216 1921 2314 1974 σὺν
2370 1920 2635 1989 δάκρυσιν
2694 1920 2830 1991 (89).
2895 1920 3154 1988 ,Τοιαῦτα
3214 1918 3604 1987 προσειπόντος

296 2021 389 2073 τοῦ
416 2020 678 2091 βασιλέως
702 2021 868 2085 πολὺς
919 2021 1155 2092 ὀδυρμὸς
1209 2021 1517 2092 στεναγμός
1566 2038 1625 2081 τε
1653 2021 1752 2075 καὶ
1778 2018 2025 2082 κωκυτὸς
2048 2017 2203 2089 παρὰ
2224 2018 2447 2071 πάντων
2474 2016 2851 2086 ἀνεπέμπετο.

370 2116 670 2184 Συγκυκῶν
727 2116 787 2170 δὲ
816 2116 1078 2187 Θεόφιλος
1118 2119 1180 2171 τὸ
1233 2119 1336 2189 τῆς
1383 2119 1667 2184 εὐσεὸείας
1719 2117 1892 2173 ἄκλυ-

299 2223 425 2260 στον
454 2206 564 2277 (90)
626 2205 866 2275 πέλαγος
910 2209 1037 2273 τοὺς
1070 2211 1126 2262 ἒν
1160 2210 1311 2281 αὐτῷ
1347 2210 1613 2275 πλέοντας
1641 2212 1895 2283 ἀκυμάν-

298 2318 409 2363 τως
436 2299 627 2365 δεινῶς
651 2300 1008 2368 ὲκλυδὼνιζεν
1033 2302 1189 2379 (91)·
1225 2306 1283 2358 ὲν
1308 2299 1389 2367 οἷς
1411 2305 1506 2358 καὶ
1535 2305 1627 2359 τὸν
1660 2306 1894 2375 σύγκελ⁸

298 2391 390 2443 λον
423 2389 645 2460 Μιχαὴλ
674 2389 776 2459 τῆς
820 2390 1306 2463 Ἱεροσολυμίτιδος
1354 2391 1375 2423 ⁸
1406 2393 1735 2466 ὁμηγύρεως
1780 2395 1894 2467 (92)

300 2483 398 2537 σὺν
460 2482 577 2553 ἅμα
624 2482 842 2545 πολλοῖς
908 2485 1182 2555 ἀσκηταῖς
1237 2486 1508 2556 φυλακαῖς
1575 2487 1897 2542 ὲναπέκλει-

299 2592 392 2628 cev
425 2575 570 2646 (95),
620 2573 742 2646 μεθ’
792 2567 868 2628 ὧν
907 2574 1191 2649 Θεοφάνην
1243 2595 1303 2631 τε
1336 2580 1433 2633 καὶ
1474 2578 1751 2650 Θεόδωρον
1773 2580 1902 2644 τοὺς

298 2669 399 2737 τῆς
463 2665 774 2737 ὀρθοδοξίας
833 2668 1214 2731 συνασπιστάς
1265 2667 1379 2741 (94)
1431 2668 1719 2732 Σκυθικῶς
1780 2671 1903 2723 ἐπι-

301 2757 668 2829 προσωπείοις
701 2759 721 2790 ⁷
751 2758 1089 2830 διεγράψατο
1121 2761 1480 2830 κεντήμασιν.
1523 2760 1785 2815 Τοιαῦται
1834 2760 1899 2833 δὴ

300 2854 397 2906 καὶ
421 2851 686 2907 τοσαῦται
712 2854 769 2907 αἱ
812 2852 957 2906 κατά
985 2855 1084 2923 τῆς
1126 2853 1411 2920 εὐσεϐείας
1457 2853 1625 2909 αὐτοῦ
1671 2854 1893 2909 θύελλαι

298 2947 707 3017 διενέσκηπτον.
748 2944 826 3001 Οὐ
885 2946 991 3017 μὴν
1048 2946 1187 3000 ἀλλὰ
1239 2947 1336 3001 καὶ
1378 2947 1652 3018 χειμῶνες
1705 2946 1892 3001 πολλοὶ

300 3038 423 3092 κατ’
455 3039 638 3109 ἀέρος,
672 3038 965 3109 δυσφορίαι
991 3056 1052 3092 τε
1104 3040 1200 3093 καὶ
1244 3038 1554 3110 αὐχμηρίαι
1601 3040 1694 3093 καὶ
1742 3056 1893 3092 σιτο-

295 3134 437 3189 δεῖαι
487 3134 551 3188 ὲκ
615 3132 973 3203 δυσκρασίας,
1023 3133 1230 3204 παλμοί
1274 3150 1336 3186 τε
1390 3134 1488 3188 καὶ
1542 3132 1896 3205 ἀναϐρασμο).

2066 2117 2209 2173 Dum
2250 2123 2435 2171 autem
2490 2113 2855 2171 conturbaret
2902 2113 3248 2183 TheOpliilus
3304 2114 3591 2185 religionis

1996 2209 2360 2279 tranquillum
2397 2222 2572 2273 mare,
2619 2206 2948 2278 navigantes
2977 2205 3033 2260 in
3060 2220 3130 2261 eo
3161 2206 3282 2262 sine
3332 2206 3598 2262 ﬂuctibus

1993 2303 2130 2357 diris
2152 2300 2611 2357 ﬂuctuationibus
2635 2298 2887 2356 exercuit
2910 2316 2923 2352 :
2948 2307 3115 2369 atque
3139 2298 3283 2353 inter
3306 2298 3409 2352 hos
3432 2299 3598 2352 etiam

1996 2395 2321 2452 Michaelem
2364 2393 2673 2466 syncellum
2720 2391 3211 2463 Hierosolymitani
3263 2400 3444 2446 cattus
3476 2405 3602 2445 cum

2002 2489 2196 2545 multis
2243 2488 2533 2543 monachis
2578 2487 2635 2541 in
2694 2500 2980 2541 carcerem
3036 2483 3285 2547 inclusit,
3342 2483 3603 2552 interque

2000 2597 2097 2637 eos
2131 2581 2530 2652 Theophanem
2579 2587 2637 2635 et
2665 2577 3051 2641 Theodorum,
3082 2575 3410 2631 orthodoxae
3464 2574 3595 2629 ﬁdei

1998 2674 2344 2737 defensores,
2378 2672 2641 2744 Scythico
2670 2686 2827 2726 more
2855 2669 2913 2723 in
2938 2667 3222 2723 frontibus
3261 2667 3599 2737 conscripsit

1998 2766 2241 2839 punctis.
2293 2766 2459 2821 Tales
2512 2774 2789 2834 tantasque
2840 2762 3101 2833 procella:
3151 2761 3273 2831 ipso
3324 2762 3605 2816 excitante

2000 2860 2267 2915 adversus
2318 2856 2643 2929 religionem
2693 2857 3042 2928 ingruerunt.
3087 2854 3233 2921 Quin
3264 2861 3321 2909 ct
3362 2854 3419 2908 in
3472 2869 3605 2909 aere

2004 2951 2218 3006 hiemes
2271 2956 2745 3019 tempestatesque
2800 2947 3198 3012 vehementes,
3250 2946 3498 3015 itemque
3549 2954 3607 3001 et

2002 3040 2303 3104 siccitates,
2328 3048 2385 3095 et
2414 3039 2653 3109 penuria
2684 3039 2764 3093 rei
2795 3037 3177 3093 frumentariae
3222 3052 3292 3091 ex
3333 3037 3608 3107 intempe-

2005 3134 2110 3199 rie,
2136 3133 2536 3189 concussiones
2566 3131 2674 3202 75
2708 3131 2953 3201 denique
3004 3140 3064 3186 et
3110 3138 3385 3186 tremores
3421 3138 3604 3194 terrae,

298 3228 401 3297 γῆς
436 3225 557 3280 καθ’
615 3226 837 3297 ἡμέραν
875 3225 986 3296 (95)
1041 3226 1142 3295 τῆς
1190 3225 1359 3280 αὐτοῦ
1419 3224 1701 3296 βασιλείας
1732 3226 1893 3295 γεγό-

2002 3225 2056 3279 in
2090 3224 2286 3279 diebus
2320 3222 2541 3293 imperii
2594 3223 2719 3293 ejus
2773 3222 3132 3285 exstiterunt,
3181 3230 3238 3276 et
3283 3221 3604 3275 summatim

297 3333 476 3382 νασιν,
501 3316 597 3369 κα).
625 3315 772 3386 φυγὴ
822 3314 1053 3368 καθόλου
1087 3315 1271 3386 παρῆν
1308 3314 1548 3369 εὐσεϐῶν
1573 3316 1631 3370 ὲν
1660 3317 1893 3386 χειμῶνι

295 3409 397 3479 τῆς
422 3407 586 3462 αὐτοῦ
616 3407 895 3470 ἀσεϐείας,
930 3407 1070 3460 κατὰ
1100 3406 1161 3460 τὸ
1189 3407 1371 3475 λόγιον
1422 3406 1561 3479 (96),
1586 3413 1681 3461 καὶ
1713 3407 1893 3461 οὐδενὶ

302 3499 505 3561 παντὸς
530 3498 816 3553 Σαϐϐάτου
848 3498 1159 3560 ἀνάπαυσις
1193 3498 1254 3563 ἐξ
1296 3499 1697 3570 ἀπανθρωπίας
1725 3497 1893 3551 αὐτοῦ

299 3588 685 3659 θυελλιζούσης
706 3588 1054 3661 Χριστιανῶν
1085 3588 1382 3658 γαληναῖον
1405 3588 1757 3660 κατάστημα.
1782 3588 1895 3642 Καὶ

296 3683 411 3752 γὰρ
472 3682 531 3735 ἐν
588 3684 704 3745 τοίς
764 3681 1028 3745 τοιούτοις
1084 3680 1253 3734 αὐτοῦ
1308 3672 1754 3751 κακοτεχνῆμασι
1805 3680 1895 3733 τὸν

310 3776 522 3846 Ἰαννῆν
589 3774 942 3846 πατριάρχην
1001 3773 1297 3844 καθίστησι
1353 3772 1494 3844 (97),
1564 3772 1897 3844 συμμύστην

299 3869 398 3924 καὶ
426 3869 745 3936 λειτουργὸν
773 3870 874 3939 τῆς
904 3867 1178 3937 κακίστης
1209 3866 1502 3937 αἱρέσεως.

378 3962 569 4024 Ὅστις
604 3961 862 4029 Θεόφιλος
903 3958 1043 4029 μετὰ
1076 3958 1334 4010 πλειόνων
1371 3958 1772 4026 ἐλαττωμάτων
1800 3959 1903 4010 ὑπ-

298 4058 538 4127 έροφρνς
570 4052 638 4127 ἧν
670 4053 805 4125 (98),
846 4052 948 4107 κᾶν
997 4052 1054 4105 ἔν
1104 4068 1213 4104 τισι
1250 4051 1359 4104 τῶν
1397 4050 1580 4105 καλῶν
1612 4052 1723 4103 εἴτε
1756 4051 1901 4105 ἑκὼν

1996 3316 2124 3388 fuga
2156 3325 2278 3373 erat
2306 3314 2525 3386 piorum
2552 3315 2610 3369 in
2647 3314 2833 3369 hieme
2863 3313 2985 3384 ejus
3031 3312 3355 3382 impietatis,
3393 3326 3594 3367 secun-

1996 3410 2129 3465 dum
2172 3410 2482 3477 oraculum,
2512 3424 2617 3465 nec
2648 3407 2748 3461 ulli
2774 3406 2974 3477 quovis
3007 3404 3253 3461 Sabbato
3284 3404 3509 3476 requies
3535 3406 3607 3460 ab

1995 3500 2117 3569 ejus
2145 3497 2512 3564 immanitate,
2534 3496 2985 3551 Christianorum
3010 3493 3371 3563 tranquillum
3394 3500 3603 3548 statum

2002 3595 2269 3649 turbante
2295 3602 2352 3647 et
2369 3592 2636 3663 jactante.
2667 3588 2886 3644 Etenim
2921 3589 3192 3660 ejusmodi
3225 3588 3606 3658 improbarum

2001 3685 2123 3755 ejus
2158 3682 2633 3739 machinationum
2680 3687 2737 3734 et
2774 3679 2829 3733 id
2863 3679 2970 3735 fuit
3009 3679 3158 3751 quod
3190 3672 3459 3735 Joannem
3508 3694 3609 3750 pa-

2005 3776 2305 3832 triarcham
2352 3774 2664 3837 constituit,
2698 3772 2913 3842 socium
2958 3781 3015 3827 et
3057 3772 3450 3828 administrum
3484 3787 3610 3842 pes—

2006 3870 2161 3924 sima:
2192 3868 2342 3921 illius
2370 3866 2620 3920 hmrcsis.

2080 3960 2230 4017 Idem
2260 3959 2610 4029 Theophilus
2645 3958 2698 4011 in
2739 3956 2998 4028 pluribus
3026 3955 3177 4009 vitiis
3204 3955 3369 4008 etiam
3411 3970 3607 4023 supcr-

2009 4052 2239 4108 ciliosus
2264 4059 2383 4107 erat
2410 4066 2477 4106 ac
2512 4049 2809 4121 superbus,
2857 4047 3111 4118 quamvis
3151 4047 3205 4103 in
3234 4046 3606 4102 laudabilibus

1604 4195 1847 4252 VARUE
1882 4195 2299 4254 LECTlONES.

372 4319 390 4349 ⁸
420 4319 601 4389 ἥττων
629 4315 692 4369 L.
771 4314 793 4347 ⁸
824 4313 1017 4385 αὐτοῦ]
1052 4311 1236 4367 αὐτῶν
1267 4311 1343 4367 L.‘
1416 4313 1436 4344 ⁸
1474 4312 1955 4384 ίεροσολυμήτιδος
1981 4310 2045 4367 L.
2122 4313 2143 4343 "
2172 4312 2265 4365 ἐπὶ
2299 4310 2639 4383 προσωπίοις
2667 4310 2733 4366 L.

1480 4429 1728 4486 STEPH.
1756 4427 2111 4484 BERGLERI
2144 4423 2389 4482 ΝΟΤᾹΣ.

373 4552 483 4622 (8t)
516 4551 698 4621 Fingit
750 4557 807 4603 et
843 4548 1211 4628 Continuator
1262 4547 1618 4629 Theophanis
1665 4547 1878 4629 oratio-
1913 4547 1956 4602 D
1987 4559 2184 4599 omnes
2218 4541 2365 4669 apud
2405 4539 2676 4626 Cont._.'p.
2720 4540 2809 4607 66,
2852 4541 2997 4611 apud
3032 4539 3186 4613 Sym.
3217 4539 3353 4612 Log.
3383 4542 3600 4628 p425.

374 4638 447 4669 m-
486 4638 650 4669 nnam
702 4620 828 4669 data
867 4634 1034 4669 onera
1082 4618 1215 4669 huic
1246 4619 1466 4669 ridetur
1504 4633 1830 4669 onnosuisse
1869 4639 1883 4669 :
1995 4613 2194 4669 Georg.
2221 4615 2247 4669 3
2274 4631 2365 4668 on.
2401 4630 2455 4669 ι).
2487 4613 2611 4668 5‘20.
2648 4611 2815 4667 Cedr.
2847 4628 2900 4669 ι).
2938 4612 3063 4666 5‘21.
3094 4612 3233 4667 Zon.
3262 4629 3316 4669 ο.
3366 4614 3489 4668 Hb.
3532 4645 3600 4653 -η-

300 4618 650 4692 nem,'quam
702 4620 841 4692 data.
867 4618 1215 4688 Opera'huic
1246 4618 1466 4692 videtur
1504 4618 1830 4692 opposuisse
1869 4639 1883 4674 :

300 4764 419 4818 haec
442 4759 672 4834 puerilis
694 4760 915 4834 videtur
934 4759 1278 4815 lamentatio.

395 4832 482 4891 85)
513 4833 677 4889 Cedr.
715 4847 770 4901 p.
805 4832 929 4886 585.

395 4845 482 4891 85)
513 4845 677 4889 uear.
715 4847 770 4901 p.
805 4845 929 4886 orso.

510 4904 763 4987 Violrante
784 4910 848 4984 et
860 4914 1131 4987 perverse
1155 4898 1525 4987 lo‘quitur.“—-
1554 4900 1773 4987 Αὐτοῦ.
1804 4903 1883 4958 lta

300 4971 592 5044 scriptum.
620 4973 948 5043 Requiritur
982 4974 1141 5041 ἐμήν.
1176 4971 1387 5039 Nempe
1426 4971 1514 5026 hic
1560 4972 1727 5026 etiam
1757 4988 1889 5029 con-

300 5047 541 5115 trarium,
565 5046 685 5115 ejus
707 5043 997 5115 quodvult
1020 5042 1175 5115 dicit,
1207 5042 1361 5115 fatali
1385 5042 1775 5112 perversitate.

395 5117 486 5185 87)
517 5113 679 5169 Cont.
717 5113 773 5185 p.
806 5114 898 5178 86,
924 5113 1086 5185 Cedr.
1116 5129 1175 5183 p.

396 5184 488 5252 88)
514 5185 677 5241 Cont.
708 5201 761 5255 p.
795 5186 886 5247 86,
917 5184 1081 5239 Cedr.
1106 5200 1162 5254 p.
1190 5184 1317 5255 5335.

376 5254 487 5324 (89)
520 5256 683 5312 Cont.
714 5254 772 5325 p.
803 5255 893 5319 86,
924 5255 1091 5309 Cedr.
1122 5271 1176 5323 p.
1212 5254 1336 5309 553.

384 5327 493 5398 (90)
532 5327 611 5381 lla
644 5327 763 5380 sine
788 5325 1115 5398 transitione
1144 5326 1229 5398 ad»
1252 5326 1357 5380 alia
1396 5328 1714 5383 revertitur.
1746 5325 1894 5394 Quo-

303 5395 484 5453 modo
506 5398 809 5469 imaginum
847 5397 1092 5469 cult_o‘res
1124 5395 1380 5469 alllixerit
1427 5398 1792 5469 Theophilus,
1827 5399 1895 5455 de

303 5484 373 5525 ea
403 5485 464 5523 re
497 5465 721 5538 copiose
753 5465 916 5538 Cont.
942 5466 1301 5537 TheOphanis
1324 5483 1380 5538 p.
1414 5470 1505 5524 62.

373 5538 484 5606 (91)
515 5536 676 5593 Cont.
719 5553 776 5608 p.
808 5536 899 5593 66.

379 5610 492 5681 (92)
521 5609 581 5683 l_n
612 5609 859 5683 margine
891 5622 994 5683 ms.
1028 5607 1251 5683 πάντων
1281 5609 1598 5683 ποθούντων
1628 5612 1897 5683 προστρέ-

301 5678 420 5753 χειν
449 5680 585 5753 πρὸς
610 5678 709 5748 τὴν
735 5678 891 5753 πόλιν
912 5679 1048 5731 ὅπου
1076 5678 1351 5753 πάναγ-.
1388 5681 1483 5735 Est
1509 5678 1774 5753 Senarius
1800 5678 1894 5737 us-

300 5750 409 5824 que
461 5750 714 5824 adﬁrmo,
746 5750 960 5819 primus
1002 5764 1210 5824 eorum
1260 5751 1463 5824 quibus
1508 5751 1716 5807 frontes
1748 5770 1898 5807 com-

304 5819 501 5895 punxit
538 5820 839 5891 imaginum
870 5819 1319 5892 _confessoribus.
1368 5822 1653 5879 Habentur
1696 5824 1897 5894 integri

300 4613 650 4692 nem,'quam
702 4620 828 4674 data
867 4618 1215 4688 opera'huic
1246 4613 1466 4671 videttir
1504 4618 1830 4687 opposuisse
1869 4639 1883 4674 :
1995 4613 2194 4685 Georg.
2221 4615 2247 4669 3

298 4708 427 4746 nam
450 4693 526 4747 ibi
550 4699 710 4775 negat
732 4706 790 4773 se
821 4688 1095 4743 facturum
1126 4687 1274 4771 quod
1305 4688 1397 4743 hic
1427 4686 1507 4755 lit,
1541 4703 1596 4758 p.
1623 4688 1715 4744 85.
1741 4689 1885 4748 Sane
1994 4686 2158 4768 Cont-
2191 4701 2247 4755 ι).

300 4764 419 4818 haec
442 4763 672 4825 puerilis
694 4760 915 4815 videtur
934 4759 1278 4815 lamentatio.
1996 4772 2050 4825 p.
2087 4756 2213 4810 5:20.

2014 4774 2050 4809 ).
2087 4774 2213 4810 DZU.

1994 5107 2173 5164 sativo
2200 5110 2345 5181 plur.
2382 5107 2531 5181 [vide
2555 5107 2718 5162 Cont.

1995 5248 2175 5308 autem
2219 5259 2277 5304 ut
2332 5248 2434 5304 rion
2479 5248 2578 5319 ﬁat

2001 5327 2146 5379 bato.

2003 5459 2196 5522 celius.
2226 5462 2377 5533 Sym.
2410 5464 2547 5533 Log.
2584 5477 2640 5531 p.
2678 5461 2807 5533 ﬁt.
2830 5459 2975 5514 Geor

2000 5537 2199 5593 eodem

2003 5624 2058 5678 p.
2092 5606 2217 5661 l50.

2274 4631 2365 4668 on.
2401 4630 2455 4682 p.
2487 4611 2815 4668 5‘25.'Cedr.
2846 4628 2900 4682 p.
2938 4611 3233 4682 521.8201).
3262 4611 3320 4681 ρ.
3366 4612 3489 4668 146.
3532 4645 3602 4653 ——-

2191 4701 2247 4755 p.
2280 4686 2374 4751 65,
2403 4681 2496 4738 ubi
2521 4682 2663 4740 fuse.
2699 4681 2857 4754 Sym.
2886 4681 3025 4754 Log.
3056 4698 3112 4752 p.
3148 4681 3253 4737 425
3287 4698 3404 4753 seq.
3434 4684 3599 4739 Cedr.

2068 4827 2178 4895 (93)
2210 4826 2252 4881 l.
2289 4843 2341 4882 e.
2367 4826 2514 4881 notis
2542 4822 2796 4879 Thraciis
2820 4823 3164 4893 compunxit,
3202 4840 3439 4894 quarum
3463 4841 3582 4895 pas-

1999 4897 2101 4951 sim
2134 4898 2281 4952 apud
2314 4905 2533 4951 veteres
2561 4895 2792 4949 mentio.

2075 4962 2188 5037 (91)
2228 4968 2390 5023 Cont.
2423 4982 2481 5035 p.
2511 4966 2599 5021 85.
2631 4965 2833 5035 Georg.
2858 4963 3005 5019 Mon.
3044 4978 3096 5037 p_.
3130 4962 3257 5037 515.

2218 5039 2297 5127 Ita
2329 5032 2597 5127 scriptum
2638 5052 2764 5127 cum
2786 5032 3281 5127 ’άξρεῖι-οιίὴμὲρας
3318 5037 3372 5091 in
3424 5039 3601 5092 Accu-

2069 5105 2173 5164 Livo
2200 5110 2345 5179 plur.
2382 5105 2531 5181 [vide
2555 5107 2718 5162 Cont.
2753 5124 2806 5177 p.
2833 5105 2947 5176 85.|

2069 5180 2180 5252 (96)
2206 5180 2438 5260 Nempe,
2470 5188 2531 5260 ut
2553 5187 2709 5260 puto,
2742 5177 2875 5232 illud
2903 5178 3101 5260 Matth.
3137 5195 3283 5260 μιν,
3306 5178 3378 5234 20
3402 5178 3607 5260 :‘Orate

2633 5250 2760 5320 fuga
2811 5258 2988 5303 vestra
3038 5251 3094 5303 in
3137 5251 3307 5304 hieme
3352 5250 3434 5305 vel
3481 5251 3603 5305 sab-

2074 5395 2185 5462 (97)
2216 5392 2379 5448 Cont.
2410 5406 2464 5459 p.
2495 5391 2584 5456 75,
2630 5398 2715 5462 est
2744 5390 2989 5462 Joapnes
3021 5388 3430 5462 Grammaticus
3463 5389 3601 5461 Syn-

2978 5476 3031 5584 ῗ
3081 5460 3230 5516 Mon.
3279 5478 3334 5531 p.
3369 5460 3599 5521 5l9z’de

3032 5545 3123 5584 02.
3174 5547 3227 5584 ι).
3274 5532 3400 5584 450.
3459 5531 3596 5584 Zon.

2275 5531 2455 5589 oanne
2482 5531 2742 5589 accurate
2783 5532 2935 5603 Sym.
2989 5531 3123 5601 Log.
3172 5547 3227 5602 p.
3274 5532 3400 5587 450.
3459 5531 3596 5587 Ζοιι.

2079 5678 2190 5744 (98)
2233 5675 2472 5731 Justitiae
2503 5674 2749 5729 studium
2772 5690 2881 5745 prae
2912 5694 2971 5733 se
3004 5678 3131 5732 tulit
3164 5695 3179 5732 :
3214 5675 3281 5729 de
3307 5690 3417 5744 quo
3433 5671 3597 5729 Cont.

2010 5767 2063 5821 p.
2098 5749 2185 5803 5i.
2226 5747 2373 5821 S_ym.
2408 5746 2615 5821 Log._p.
2653 5746 2773 5801 “6.
2818 5749 2951 5806 Zon.
2978 5766 3030 5820 p.
3074 5750 3190 5805 142.
3223 5748 3353 5802 Erat
3380 5754 3437 5801 et
3466 5759 3601 5799 con-

2009 5816 2210 5875 tinens.
2246 5816 2380 5873 Zon.
2415 5832 2466 5887 p.
2506 5816 2626 5871 M6.
