4136 6422
293 362 438 430 1089

1643 370 1918 433 REGUM
1970 373 2116 433 LIB.
2167 373 2260 435 IV.

1916 536 2015 550 _

3433 375 3568 445 1090

1462 744 1469 749 -
1523 683 2111 773 ΒΑΣΙΛΕΙΩΝ
2191 684 2272 773 Δ’
2305 676 2346 708 ’³

1381 871 1544 927 ΠΕΡΙ
1579 872 1868 942 ,ΜιΧΑηΑ
1910 872 2051 927 Tor
2098 872 2459 929 ΘΕΟΦΙΛΟΥ.

1431 1199 1840 1293 REGUM
1922 1202 2150 1290 LIB.
2226 1203 2354 1295 IV

1174 1396 1278 1452 DE
1332 1394 1799 1465 ’JIICIIAELE
1864 1393 2347 1454 TIIEOPHILI
2419 1394 2668 1452 FlLlO.

343 1721 429 1778 Τὰ
457 1718 514 1775 δὲ
550 1713 781 1787 πατρῷα
813 1712 1071 1786 σκῆπτρα
1099 1713 1158 1766 ὲν
1204 1710 1316 1766 ἔτει
1344 1719 1491 1783 ,ςτμν
1532 1711 1670 1787 (12),
1734 1712 1862 1768 ινδι-

2036 1711 2144 1783 77
2180 1709 2477 1765 Paternum
2525 1718 2713 1766 autem
2743 1708 3038 1780 imperium
3065 1725 3210 1766 anno
3254 1713 3446 1769 mundi
3478 1730 3566 1773 se.

273 1815 464 1871 κτιῶνι
535 1810 599 1879 ε’,
657 1806 917 1864 διιθύνειν
964 1805 1439 1878 καταλιμπάνεται
1488 1805 1602 1878 (15)
1652 1806 1871 1878 Μιχαὴλ

275 1909 373 1964 σὺν
401 1906 571 1979 μητρὶ
608 1900 864 1975 Θεοδώρῳ
896 1899 1170 1972 θεόφρονι,
1213 1898 1383 1953 αὐτοῦ
1416 1916 1475 1953 τε
1503 1900 1572 1955 τὰ
1604 1899 1706 1969 τῆς
1737 1902 1864 1954 ἑπι-

270 1998 543 2071 τροπείας
573 1998 601 2052 ὅ
631 2013 692 2050 τε
736 1994 1026 2067 πατρίκιος
1052 1993 1377 2057 Θεόκτιστος
1405 1992 1499 2046 καὶ
1530 1993 1793 2065 Μανουὴλ
1843 1995 1871 2048 ὁ

270 2091 773 2164 πραπομάγιστρος
810 2085 1060 2159 ἠξίωται,
1107 2078 1151 2154 ᾧ
1185 2085 1282 2140 καὶ
1312 2084 1402 2139 διὰ
1431 2085 1706 2157 μερίμνης
1739 2086 1869 2157 ὲνῆν

269 2185 335 2239 τὸ
364 2183 771 2255 φιλοδεσποτείν
800 2180 894 2234 καὶ
927 2178 1108 2248 λόγοις
1137 2176 1276 2249 πρὸς
1307 2174 1467 2229 τοῦτο
1499 2177 1596 2231 καὶ
1631 2176 1868 2247 πράξεσι

269 2275 631 2331 διατίθεσθαι.
653 2271 864 2327 Οὐκοῦν
892 2269 1060 2336 ἔξεισι
1091 2269 1234 2324 κατά
1257 2271 1349 2323 τὸν
1377 2268 1710 2340 ἱππόδρομον
1729 2269 1866 2341 (14),

268 2370 367 2425 καὶ
397 2370 575 2424 πάντα
599 2366 692 2421 τὸν
721 2366 1075 2435 ὑπασπιστὴν
1101 2362 1231 2418 λαὸν
1284 2363 1616 2434 συναγείρας
1659 2362 1757 2416 καὶ
1784 2358 1868 2427 οἷς

270 2463 647 2534 πληροφορίαν
680 2460 949 2530 ἐκέκτητο
977 2455 1345 2530 στρατιώταις
1388 2457 1459 2510 τὰ
1489 2456 1628 2529 πρὸς
1678 2456 1867 2510 εὐπεί-

268 2557 426 2612 θειαν
468 2553 619 2626 αὐτῷ
663 2552 1027 2624 συντηρῆσαι,
1069 2551 1360 2623 προοίμιον
1402 2549 1546 2604 οὑτω
1577 2549 1673 2604 τοῦ
1699 2549 1863 2619 λόγου

267 2647 703 2721 προδιατίθησιν·
748 2664 767 2697 ι
797 2644 991 2698 Οἴδατε
1016 2643 1237 2706 πάντες,
1268 2635 1313 2695 ὧ
1341 2640 1556 2710 ἄνδρες,
1606 2641 1771 2694 ὁποῖα
1793 2641 1863 2694 τὰ

268 2741 408 2813 πρὸς
438 2740 584 2810 ὑμᾶς
611 2738 711 2808 τῆς
752 2735 982 2807 ἀγάπης
1014 2734 1400 2806 γνωρίσματα,
1436 2732 1495 2786 ἕν
1522 2749 1582 2785 τε
1622 2730 1862 2803 κηδεμο-

266 2830 409 2896 νέαις
446 2832 487 2863 ¹²
517 2830 575 2886 ἔν
606 2847 666 2883 τε
694 2829 1054 2902 προστασίαις
1080 2828 1391 2898 φιλόφροσι,
1419 2827 1517 2880 σὺν
1564 2824 1683 2897 ἅμα
1730 2824 1862 2880 ταύ-

264 2940 387 2986 ταις
410 2922 506 2975 καὶ
537 2920 904 2991 εὐεργεσίαις,
959 2919 1085 2991 μηδ’
1113 2919 1248 2981 ὅλως
1277 2917 1650 2989 ἐξισταμένων
1677 2917 1857 2989 ἡμῶν.

265 3015 379 3070 Καὶ
399 3015 489 3070 διὰ
514 3014 674 3068 τοῦτο
699 3013 875 3085 χρεὼν
908 3014 1053 3084 ὑμᾶς
1116 3013 1251 3083 ἡμῖν
1299 3010 1595 3066 ἀποδοῦναι
1630 3012 1726 3074 τὰς
1761 3013 1857 3066 ἁν-

262 3108 577 3180 τιχάριτας,
609 3106 665 3161 ἔν
805 3070 980 3176 λόγων
1010 3070 1193 3159 πειθοῖ
1222 3105 1316 3159 καὶ
1343 3104 1453 3160 τῶν
1499 3103 1679 3176 ἔργων
1699 3070 1723 3135 ⁸-
1763 3104 1860 3158 καὶ
1889 3070 1937 3129 Β

262 3204 401 3272 ὅπερ
436 3200 548 3273 (i5)
581 3199 647 3255 ἂν
680 3201 814 3272 ἡμῖν
870 3198 1090 3269 αἱρετὸν
1138 3198 1507 3269 διακέκριται,
1555 3197 1717 3251 τοῦτο
1743 3198 1861 3251 ἑλέ-

266 3293 396 3348 σθαι
454 3293 833 3359 σπουδάζοιτε,
884 3293 981 3348 καὶ
1027 3293 1055 3346 ὃ
1100 3292 1197 3369 ἐὰν
1247 3292 1483 3363 ἀρέσκον
1515 3289 1651 3363 (16),
1717 3291 1859 3346 κατὰ

265 3386 505 3458 σπουδὴν
531 3386 627 3440 καὶ
649 3385 971 3457 προαίρεσιν
1002 3385 1065 3439 τὸ
1110 3385 1363 3449 εὐπειθὲς
1397 3384 1545 3456 αὐτῷ
1572 3385 1733 3456 μέχρι
1765 3385 1860 3438 καὶ

263 3475 515 3531 κινδύνου
547 3476 746 3542 παντὸς
770 3478 1164 3543 ἐπιδείξασθαι.
1203 3496 1221 3529 ι
1260 3477 1486 3542 Τούτοις
1538 3473 1632 3531 οὖν
1660 3478 1859 3541 αὐτοὺς

264 3569 607 3640 παραινέσας
644 3568 779 3641 (17),
840 3570 1190 3642 παραχρῆμα
1226 3570 1469 3635 ἅπαντες
1496 3570 1564 3624 τὰ
1591 3571 1690 3641 τῆς
1722 3571 1858 3640 ἀρε-

265 3662 454 3726 σκείας
484 3660 635 3732 αὐτῷ
663 3662 759 3714 καὶ
795 3661 1044 3733 ὑπακοῆς
1075 3663 1142 3716 δι’
1177 3664 1357 3734 ὅρκων
1393 3662 1605 3733 συχνῶν
1632 3661 1859 3733 παρετί-

263 3754 421 3820 θεντο
439 3771 452 3785 ·
475 3753 782 3825 ὴλπῐκεσαν
812 3756 919 3828 γὰρ
953 3756 1097 3809 κατὰ
1124 3755 1249 3810 νοῦν
1267 3756 1451 3828 ὄρεξιν
1471 3756 1616 3829 ἔχειν
1639 3756 1737 3828 τῆς
1761 3756 1860 3826 βα-

262 3846 473 3908 σιλείας
499 3847 590 3899 τὸν
624 3845 880 3918 Μανουὴλ
912 3846 1007 3900 καὶ
1033 3847 1122 3900 διὰ
1171 3846 1332 3900 τοῦτο
1359 3846 1584 3901 τοιαῦτα
1648 3864 1857 3902 κατεπ-

261 3942 414 4014 ᾴδειν
469 3941 649 3995 αὐτῶν
682 3942 746 4007 ¹’,
775 3943 823 3995 εἰ
853 3940 949 3995 καὶ
1003 3941 1072 3994 τὰ
1126 3941 1425 3997 ὑπεναντία
1452 3941 1665 4004 τούτοις
1722 3941 1855 4014 παρ’

260 4032 428 4088 αὐτοῦ
459 4033 799 4105 διηγόρευτο.
840 4034 1163 4104 Ἐκεκράγει
1191 4033 1301 4105 γὰρ
1329 4036 1632 4107 διαρρήδην
1653 4052 1668 4067 ο
1707 4054 1726 4087 ι
1746 4036 1856 4088 Μι-

260 4126 403 4199 χαὴλ
430 4145 487 4181 τε
518 4127 612 4180 καὶ
643 4126 924 4199 Θεοδώρας
954 4127 1025 4181 τὰ
1073 4127 1168 4199 ἔτη
1202 4129 1339 4202 πρὸς
1387 4127 1640 4183 πλεῖστον
1696 4127 1854 4183 ὁδεύ-

261 4236 428 4273 σειεν.
452 4238 471 4271 ι
541 4219 628 4282 Ὦς
655 4220 711 4273 δὲ
740 4220 943 4292 ταύτης
969 4224 1069 4294 τῆς
1096 4223 1455 4295 ἀναρρήσεως
1510 4223 1852 4297 διενήχηντο,

259 4310 617 4384 ἐπλήσθησαν
662 4313 900 4383 ἀθυμίας
932 4316 1028 4369 καὶ
1073 4315 1392 4382 πολυειδοῦς
1439 4318 1855 4390 ἐνεφορήθησαν

1974 1804 2095 1859 xies
2142 1802 2442 1859 millesimo
2473 1804 2865 1859 trecentesimo
2919 1803 3365 1876 quadragesimo,
3416 1807 3566 1863 indi-

1974 1897 2159 1953 ctione
2198 1895 2413 1966 quinta,
2453 1895 2879 1966 gubernandum
2923 1895 3263 1967 relinquitur
3306 1898 3562 1956 Michaeli

1972 1990 2247 2060 matrique
2285 1988 2592 2044 Theodorae
2622 1989 2727 2059 pia:
2754 2003 2819 2043 ac
2852 1987 3026 2055 ﬁdeli,
3064 1988 3353 2061 ipsiusque
3390 1991 3562 2047 tutela

1971 2081 2205 2154 patricio
2256 2081 2580 2136 Theoctisto
2633 2088 2689 2135 et
2748 2081 2988 2137 Manueli
3060 2080 3244 2152 primo
3297 2082 3563 2153 magistro

1972 2171 2287 2227 commissa.
2320 2169 2425 2226 Cui
2455 2170 2693 2227 Manueli
2721 2177 2781 2225 et
2826 2185 2975 2226 cura:
3000 2179 3123 2226 erat
3175 2179 3236 2226 ut
3273 2171 3561 2228 dominum

1970 2263 2251 2336 diligeret,
2282 2273 2338 2320 et
2372 2264 2561 2319 verbis
2586 2263 2858 2334 factisque
2883 2263 2953 2319 ad
2999 2279 3121 2319 eam
3152 2279 3271 2319 rem
3309 2280 3369 2321 se
3411 2279 3564 2321 com-

1952 2364 2221 2429 poneret.
2258 2357 2447 2426 Itaque
2477 2356 2837 2427 progreditur
2865 2354 2921 2410 in
2960 2355 3197 2421 circum,
3226 2356 3560 2427 cunctisque

1969 2449 2301 2507 satellitibus
2331 2448 2652 2504 convocatis
2672 2455 2730 2502 et
2749 2447 3024 2503 militibus
3045 2446 3102 2502 in
3128 2462 3267 2518 quos
3301 2447 3558 2505 ﬁduciam

1968 2542 2227 2607 habebat,
2268 2540 2434 2595 ﬁdem
2470 2547 2528 2595 et
2572 2538 2955 2595 obedientiam
3004 2554 3134 2610 erga
3170 2554 3299 2594 eum
3332 2555 3560 2595 conser-

1968 2644 2217 2700 vaturos,
2242 2633 2515 2707 ejusmodi
2546 2633 2859 2687 orationem
2905 2631 3161 2687 orditur:
3196 2650 3214 2683 ι
3249 2631 3413 2687 Scitis
3445 2647 3563 2687 om-

1966 2743 2088 2792 nes,
2125 2742 2159 2781 o
2194 2728 2322 2790 viri,
2356 2725 2539 2796 qualia
2567 2723 2742 2778 nostri
2772 2738 2902 2794 erga
2951 2738 3050 2777 vos
3089 2723 3295 2779 amoris
3344 2732 3562 2779 exstent

1966 2819 2320 2883 documenta,
2349 2817 2481 2871 dum
2513 2817 2570 2870 in
2604 2832 2736 2870 cura
2770 2831 2872 2886 pro
2897 2814 3057 2869 vobis
3086 2815 3329 2886 gerenda
3370 2824 3427 2870 et
3458 2832 3559 2886 ρος

1968 2911 2190 2967 trocinii
2235 2911 2346 2981 78
2376 2910 2639 2965 comitate
2674 2923 2799 2963 cum
2850 2907 3215 2963 beneﬁcentia
3266 2909 3560 2979 conjuncta

1966 3004 2290 3074 neutiquam
2331 3002 2514 3059 oﬂicio
2551 3002 2839 3059 desumus.
2885 3001 3239 3073 Quapropter
3268 3001 3431 3057 decet
3460 3017 3560 3056 vos

1966 3096 2128 3151 nobis
2152 3095 2360 3151 referre
2386 3094 2642 3166 gratiam,
2675 3094 2953 3150 dictorum
3007 3102 3064 3149 et
3110 3093 3384 3149 factorum
3418 3094 3557 3149 obe-

1966 3189 2175 3246 dientia
2201 3206 2214 3243 :
2257 3196 2422 3259 atque
2446 3187 2594 3258 quod
2625 3194 2815 3241 nostro
2832 3185 3045 3257 judicio
3072 3184 3335 3255 placitum
3367 3183 3556 3249 fuerit,

1965 3284 2071 3339 hoc
2096 3282 2260 3337 facite
2291 3281 2449 3337 vobis
2482 3281 2716 3351 placeat,
2752 3279 3068 3351 placitoque
3092 3277 3340 3334 studiose
3378 3285 3435 3333 et
3461 3292 3560 3331 vo-
3592 3282 3593 3285 ‘

1963 3375 2146 3431 lenter
2179 3374 2580 3441 obedientiam,
2626 3374 2796 3429 etiam
2832 3371 3067 3444 periculi
3104 3381 3265 3427 tenus
3292 3370 3557 3441 cujusvis,

1965 3468 2380 3524 accommodate
2409 3476 2465 3523 et
2497 3468 2793 3525 ostendite.
2834 3486 2852 3520 ι
2879 3466 2977 3523 His
3006 3482 3133 3523 cum
3167 3482 3265 3523 eos
3298 3466 3560 3521 adhorta-

1964 3570 2055 3617 tus
2115 3562 2334 3629 fuisset,
2371 3563 2557 3618 statim
2609 3577 2805 3618 omnes
2848 3569 3160 3633 promptam
3205 3575 3333 3632 erga
3377 3560 3557 3630 ipsum

1962 3656 2306 3712 voluntatem
2353 3666 2411 3712 et
2460 3657 2837 3713 obedientiam
2868 3654 3161 3727 multiplici
3198 3653 3560 3726 jurejurando

1964 3749 2327 3807 detulerunt:
2356 3750 2629 3821 putabant
2655 3751 2807 3806 enim
2849 3764 2979 3806 eum
3030 3750 3088 3804 in
3128 3749 3313 3805 animo
3352 3748 3559 3804 habere

1962 3844 2372 3899 affectationem
2396 3843 2637 3913 imperii,
2670 3858 2733 3897 ac
2764 3850 3062 3912 propterea
3094 3842 3222 3897 talia
3251 3843 3556 3897 incantare.

1962 3934 2071 3988 Sed
2128 3933 2469 3989 contrarium
2505 3934 2643 4003 {ipse
2701 3932 3029 3989 indicavit:
3089 3933 3348 3987 clamavit
3405 3933 3557 3989 enim

1961 4024 2108 4080 clara
2127 4041 2262 4081 voce
2287 4043 2300 4079 :
2331 4045 2349 4077 ι
2380 4025 2662 4081 Michaelis
2678 4033 2735 4080 et
2751 4024 3058 4080 Theodora:
3074 4024 3205 4079 anni
3234 4024 3555 4095 longissime

1959 4117 2267 4188 procedant
2295 4134 2310 4172 :
2340 4137 2359 4171 ›
2401 4134 2563 4189 quam
2586 4116 3041 4173 acclamationem
3069 4126 3130 4173 ut
3160 4127 3553 4189 perceperunt,

1960 4213 2183 4268 tristitia
2213 4213 2409 4283 repleti
2437 4221 2569 4268 sunt
2602 4213 2869 4283 variaque
2899 4211 3179 4268 anxietate
3210 4212 3420 4275 satiati,
3452 4214 3551 4268 sed

1962 4312 2143 4359 tamen
2172 4297 2476 4375 iussionem
2501 4304 2918 4373 impleverunt:
2951 4309 3130 4378 atque;
3156 4304 3373 4376 imperii
3424 4304 3550 4361 initi

260 4406 515 4477 θλίψεως,
543 4406 657 4461 ἀλλ’
680 4409 830 4479 ὅμως
851 4408 912 4462 τὸ
938 4412 1249 4481 προσταγὲν
1271 4411 1605 4485 ἐξεπλήρουν
1623 4426 1637 4442 ·
1667 4413 1765 4467 καὶ
1789 4414 1856 4468 τὰ

1964 4396 2104 4451 ratio
2140 4396 2284 4451 fama
2317 4396 2730 4468 divulgahatur.

255 4501 358 4570 τῆς
383 4500 812 4571 αὐτοκρατορίας
841 4500 884 4532 ³⁵
916 4501 1327 4572 διετετράνωτο.

333 4593 443 4646 Ka‘t
469 4594 537 4648 τὰ
566 4594 665 4665 τῆς
692 4595 1004 4665 ὀρθοδοξίας
1029 4598 1477 4653 ἀνακαλύπτεται
1512 4598 1624 4673 (18)
1660 4601 1854 4673 καιροῦ

255 4684 790 4754 λαϐόμενοιεὺαγοῦς
816 4689 913 4742 καὶ
939 4689 1217 4759 θεοφιλίας
1250 4692 1463 4762 ἀνδρῶν
1486 4693 1856 4765 εὐπροθέτων,

255 4777 360 4846 τῆς
385 4778 661 4850 στυγητῆς
697 4780 967 4851 αἱρέσεως
1001 4780 1111 4836 τῶν
1128 4783 1505 4855 εἰκονομάχων
1537 4783 1648 4857 (19)
1671 4786 1860 4840 διασυ-

257 4869 450 4942 ρείσης
477 4872 587 4926 ἀπὸ
611 4872 889 4945 βασιλείας
910 4874 1141 4940 Λέοντος
1160 4877 1253 4930 τοῦ
1289 4878 1660 4950 Ἀμαληκίτου
1694 4882 1858 4952 μέχρι

254 4962 466 5033 χρόνων
513 4962 626 5038 (20)
678 4963 741 5021 λ’.
772 4966 995 5036 Εἴχοντο
1024 4968 1081 5021 δὲ
1131 4970 1228 5023 τοῦ
1268 4970 1454 5035 εὐθέος
1485 4973 1693 5027 σκοποῦ
1741 4976 1849 5030 ὅτε

252 5054 600 5123 Θεόκτιστος,
640 5057 814 5123 ἄλλως
842 5076 900 5112 τε
927 5061 1021 5115 καὶ
1051 5061 1214 5128 αὐτὸς
1242 5064 1523 5137 Μανουὴλ,
1565 5069 1613 5121 εί
1643 5070 1741 5123 καὶ
1761 5071 1851 5127 διὰ

3440 4564 3476 4585 δ

2029 4621 2209 4692 Atque
2273 4624 2583 4680 orthodoxa
2648 4624 2785 4681 ﬁdes
2846 4628 3149 4696 revelatur,
3200 4632 3551 4690 occasionem

1954 4722 2117 4767 nacta
2142 4714 2287 4783 piam
2319 4727 2375 4770 ct
2417 4717 2665 4772 virorum
2698 4719 2904 4774 bonum
2960 4723 3306 4792 propositum
3341 4725 3556 4782 haben-

1957 4804 2097 4859 tium
2127 4806 2442 4877 religiosum
2472 4810 2754 4877 aﬁ‘ectum,
2786 4828 2913 4867 cum
2940 4813 3292 4870 detestabilis
3324 4817 3554 4874 heresis

1959 4897 2229 4968 imagines
2290 4904 2732 4973 oppugnantium
2788 4906 3027 4962 deducta
3060 4906 3255 4962 fuisset
3304 4910 3435 4966 inde
3482 4913 3553 4969 ab

1958 4988 2196 5059 imperio
2223 4991 2426 5049 Leonis
2457 4996 2606 5051 illius
2642 4997 2959 5056 Amalecitae
2987 5002 3055 5057 ad
3090 5005 3430 5076 trigesimum
3456 5022 3556 5060 an-

1959 5096 2117 5136 num.
2179 5083 2466 5142 Tenebant
2528 5097 2715 5145 autem
2780 5093 2886 5150 hoc
2966 5104 3182 5151 rectum
3259 5099 3551 5157 consilium

1546 5160 1779 5219 VARle
1824 5166 2123 5229 LECTION
2130 5174 2233 5230 ES.

332 5240 371 5271 ¹¹
398 5242 697 5297 Βασιλειῶν
737 5246 778 5298 δ’
811 5262 922 5301 om.
959 5245 1028 5301 L.
1110 5248 1152 5280 ¹¹
1191 5252 1583 5322 κηδεμονείαις
1610 5255 1674 5311 L.
1756 5259 1801 5295 ³³
1827 5262 2030 5337 αὐτῶν]
2062 5268 2224 5335 αὐτὸν
2251 5270 2316 5325 L.
2395 5274 2437 5305 "
2476 5276 2782 5346 θεοφιλείας
2809 5277 2874 5335 L.

1461 5350 1705 5409 STEPH.
1734 5354 2082 5417 BERGLERI
2114 5365 2349 5426 ΝΟΤᾸΞ.

477 5434 626 5517 Sym:
639 5436 793 5520 1.0g.
826 5453 878 5507 p.
908 5438 1035 5507 4‘28,
1063 5440 1231 5497 habet
1256 5444 1445 5507 ,ςτλε¹.
1474 5446 1677 5520 Georg.
1699 5450 1847 5508 Mon.

250 5519 315 5575 p.
352 5504 476 5567 526,
492 5574 497 5575 ί
513 5504 700 5575 ςτλθν.

250 5648 314 5701 ω
332 5574 634 5700 (ἐξὲιουιῃ.
671 5578 793 5633 init.
829 5580 928 5635 lib.
953 5597 1027 5635 tv.
1049 5582 1213 5638 Cedr.
1240 5599 1296 5655 p.
1322 5587 1447 5642 555.
1474 5588 1610 5645 Zon.
1638 5607 1693 5662 p.
1722 5593 1845 5660 ΗΞ,

331 5718 441 5788 (ιι)
475 5717 638 5773 Cedr.
665 5735 718 5788 p.
748 5720 870 5787 553,
901 5724 956 5778 in
988 5725 1119 5782 ﬁne.

326 5790 439 5857 (15)
473 5790 605 5844 Miro
631 5791 895 5858 loquitur.

327 5860 441 5931 uti)
478 5861 554 5914 lta
608 5861 721 5917 haec
770 5865 997 5936 scripta,
1046 5884 1154 5925 non
1204 5871 1298 5927 καὶ
1332 5876 1358 5927 ὁ
1398 5875 1494 5930 ἐὰν
1524 5878 1761 5950 ἀρέσκον
1789 5876 1846 5955 ᾖ,

1961 5466 2141 5543 potest
2176 5470 2360 5543 tamen
2396 5468 2506 5521 ἀπὸ
2534 5472 2715 5543 κοινοῦ
2744 5472 2887 5526 sumi
2916 5472 3192 5543 κέκριται.

2176 5534 2393 5613 διιτευε
2414 5541 2790 5613 nominativus
2824 5559 2925 5613 pro
2952 5530 3125 5613 genit.
3159 5530 3438 5604 absoluto.

2035 5603 2471 5685 (im-sacrarum
2543 5603 2848 5684 imaginum
2917 5603 3105 5672 cultus
3184 5618 3549 5677 instauratur.

1958 5670 2135 5730 Com.
2155 5675 2279 5733 init.
2316 5679 2412 5734 lib.
2440 5695 2512 5737 tv.

2031 5746 2146 5888 Y9?
2178 5747 2340 5805 Cedr.
2377 5767 2430 5833 p_.
2466 5752 2591 5807 554.

2055 5818 2122 5875 ὶθ
2174 5819 2215 5876 l.
2242 5836 2291 5877 ε.
2323 5824 2481 5888 ὲτων,
2519 5834 2577 5881 ut

2055 5818 2142 5875 το)
2174 5819 2215 5876 l.
2242 5836 2291 5877 ε.
2323 5818 2481 5893 ἐτῶν,
2519 5834 2577 5881 ut
2611 5840 2780 5899 supra
2817 5828 2913 5889 lib.
2950 5847 2989 5899 ι,
3025 5841 3164 5888 extr.
3189 5831 3407 5892 Bosivs.
