4136 6438
547 385 683 450 1091

1856 375 2176 438 IOSEPHI
2209 371 2526 433 GENESII

3700 338 3837 437 mea

545 494 924 558 Theoctistus,
955 508 1021 546 ac
1050 502 1320 562 praeterea
1367 491 1486 562 ipse
1517 491 1753 557 Manuel,
1785 490 1888 546 etsi
1923 489 2016 544 hic
2052 488 2138 542 in-

2249 487 2414 557 μέσου
2467 487 2614 549 τιν³ις
2650 485 3105 555 παρεμπεσόντος
3157 483 3459 540 διὼκλασεν
3494 487 3628 559 (21).
3674 483 3840 542 Ἀλλὰ

547 587 894 641 tervcnicnte
929 594 1181 654 tempore
1227 585 1468 655 quodam
1502 594 1744 639 nutaret.
1791 583 1900 638 Sed
1945 580 2140 636 incidit

546 680 602 733 in
633 679 874 748 aliquem
905 677 1187 743 morbum,
1219 677 1291 732 ob
1322 693 1487 749 quem
1515 693 1618 748 pro
1645 677 1939 748 desperato
1970 674 2141 730 habe-

543 771 745 825 batur:
788 770 843 822 in
890 770 988 825 illo
1018 769 1216 824 morbo
1262 769 1410 824 Deus
1437 770 1766 824 miraculose
1799 783 1960 839 agere
1987 767 2142 822 visus

545 869 652 925 est,
680 869 741 914 ut
770 861 824 915 in
853 861 1094 916 Ezechia
1119 860 1352 915 scilicet.
1373 859 1488 915 Hoc
1514 859 1680 930 igitur
1706 857 1901 913 morbo
1919 857 2143 913 teneba-

550 963 663 1016 tur,
690 961 746 1007 et
778 953 1138 1007 vehementer
1169 951 1556 1007 macerabatur
1588 950 1698 1021 79
1741 966 1806 1005 ac
1826 947 1984 1006 intus
2029 956 2142 1004 sla-

549 1044 780 1099 bulante
813 1052 1034 1114 torpore
1059 1043 1521 1110 mortificabatur,
1570 1050 1629 1096 ut
1676 1041 1934 1096 omnibus
1985 1041 2142 1096 vide-

553 1143 714 1190 retur
738 1144 990 1190 mortuus
1019 1151 1160 1202 esse,
1200 1135 1303 1190 etsi
1337 1135 1598 1206 exiguum
1626 1134 1962 1204 spiraculum
1993 1134 2142 1190 scin-

555 1229 763 1282 tillaret
791 1227 1059 1296 exilisque
1109 1235 1166 1281 et
1205 1225 1407 1281 debilis
1439 1241 1546 1281 vox
1582 1242 1680 1296 per
1729 1225 2019 1282 intervalla
2075 1239 2143 1280 ex

553 1321 676 1390 ipso
701 1317 1010 1374 audiretur.
1039 1317 1122 1372 Ad
1148 1317 1266 1372 hac
1297 1317 1432 1387 quid
1461 1316 1541 1383 fit,
1571 1326 1628 1374 et
1657 1333 1779 1387 qua:
1800 1317 1898 1372 Dei
1935 1315 2145 1371 machi-

552 1409 704 1462 natio
742 1409 766 1461 ?
825 1408 1044 1462 Excitat
1082 1408 1384 1464 monachos
1435 1424 1503 1463 ex
1549 1407 1732 1463 Studii
1783 1407 2139 1470 monasterio,

550 1502 701 1555 viros
753 1515 946 1556 revera
978 1501 1090 1556 Deo
1131 1509 1293 1557 notos
1343 1511 1400 1556 et
1436 1501 1666 1567 amieos,
1704 1502 1799 1571 qui
1851 1501 2145 1556 visitarent

551 1593 733 1663 ipsum
758 1593 1052 1663 postridie.
1090 1594 1359 1649 Auditum
1393 1593 1542 1648 enim
1587 1593 1771 1648 fuerat
1803 1593 1959 1664 quasi
1992 1608 2142 1648 mor-

552 1696 680 1742 tuus
704 1695 875 1754 esset,
901 1697 1394 1759 convenerantque
1424 1696 1486 1743 ut
1517 1689 1754 1760 hymnos
1799 1687 2064 1743 funebres
2091 1688 2144 1742 ei

468 1827 472 1830 .
549 1780 903 1835 accinerent:
953 1780 1100 1851 quod
1136 1797 1312 1851 usque
1353 1782 1536 1837 adhuc
1573 1781 1840 1846 fecerant,
1883 1779 2146 1850 languido

547 1879 606 1924 et
631 1869 824 1925 debili.
854 1869 1104 1942 Cumque
1147 1873 1514 1928 accessissent
1562 1872 1631 1927 ad
1661 1873 1868 1928 lectum
1917 1873 2144 1944 quidam

548 1978 616 2016 ex
646 1963 954 2029 monachis,
984 1963 1053 2018 de
1083 1964 1289 2034 quibus
1331 1964 1590 2034 superius
1620 1963 1960 2019 mentionem
2004 1963 2144 2018 feci-

548 2072 695 2120 mus,
727 2056 918 2111 confisi
949 2058 1064 2112 Deo
1095 2065 1151 2111 et
1175 2057 1399 2114 virtutis
1425 2057 1753 2129 integritati,
1776 2057 1923 2114 bono
1954 2058 2144 2112 animo

547 2165 674 2204 esse
712 2149 915 2219 jubent
945 2151 1104 2204 illum
1134 2151 1290 2221 quasi
1318 2162 1600 2206 mortuum
1634 2161 1731 2206 aut
1753 2151 1980 2222 jamjam
2022 2167 2144 2206 mo-

551 2241 816 2307 riturum,
857 2242 1111 2300 dicentes
1158 2259 1285 2299 eum
1340 2244 1773 2299 convalli-turum.
1809 2245 1880 2299 At
1931 2244 2026 2298 illo
2076 2259 2146 2299 ex

550 2335 747 2390 intimo
781 2352 984 2406 pressa:
1014 2337 1283 2408 angustiis
1315 2337 1514 2392 animae
1537 2353 1645 2393 non
1675 2337 1812 2392 nihil
1840 2338 2144 2406 reapirante

549 2441 616 2482 ac
645 2426 936 2483 dubitante
966 2445 1038 2482 an
1072 2429 1411 2498 sperandum
1443 2429 1499 2482 id
1525 2429 1633 2484 sibi
1663 2439 1832 2496 esset,
1872 2429 2148 2484 acclama-

551 2525 721 2573 runt:
757 2536 777 2569 ι
811 2518 970 2584 Quod
1019 2518 1066 2574 si
1121 2520 1403 2588 pollicitus
1450 2520 1624 2577 fueris
1657 2522 1768 2576 Deo
1828 2519 1890 2577 te
1930 2521 2147 2578 divinas

554 2609 824 2678 imagines
859 2610 915 2664 in
951 2611 1248 2680 pristinum
1287 2621 1492 2667 statum
1526 2613 1912 2668 restituturum
1955 2623 2010 2670 et
2060 2615 2146 2669 in.

552 2709 952 2764 stauraturum,
983 2701 1150 2754 vitam
1191 2701 1292 2756 tibi
1319 2702 1444 2757 laeto
1485 2702 1682 2757 nuntio
1728 2703 2143 2768 annuntiamus,

552 2806 652 2860 pro
700 2801 853 2846 certo
883 2791 1245 2848 afﬁrmantes.
1293 2814 1311 2846 ι
1344 2794 1653 2850 Abierant:
1686 2802 1853 2864 atque
1883 2797 1950 2860 is,
1999 2795 2146 2850 sicut

550 2885 1044 2950 annuntiaverant,
1065 2887 1393 2942 miraculose
1413 2886 1572 2959 quasi
1593 2887 1662 2941 ab
1683 2887 1876 2942 inferis
1894 2886 2144 2952 emersit,

551 2988 730 3033 morte
755 2979 1050 3034 liberatus.
1083 2980 1154 3036 Ut
1184 2980 1355 3051 igitur
1385 2996 1446 3036 se
1475 2981 1735 3052 cognovit
1764 2991 1962 3052 praeter
1989 2997 2143 3052 spem

549 3085 582 3124 a
613 3072 808 3126 morbo
851 3072 1222 3138 convaluisse,
1270 3089 1397 3128 cum
1457 3072 1806 3144 imperatriee
1851 3073 2144 3128 Tlteodora

551 3159 621 3216 de
650 3162 960 3218 orthodoxa
991 3162 1099 3219 fide
1125 3165 1238 3235 agit
1279 3173 1338 3220 et
1371 3165 1682 3228 contendit,
1709 3163 1966 3219 iudicans
1996 3163 2046 3218 ei
2085 3172 2146 3218 ut

549 3255 901 3310 venerabiles
937 3255 1276 3312 instauraret
1319 3257 1586 3327 imagines
1619 3257 1676 3310 in
1720 3265 1922 3310 statum
1953 3255 2146 3327 pristi-
2171 3227 2216 3289 Ο

550 3363 685 3403 num
715 3365 728 3412 ;
754 3347 1225 3416 quemadmodum
1258 3348 1326 3402 de
1355 3363 1420 3402 ea
1450 3364 1509 3402 re
1535 3348 1676 3402 forte
1698 3356 1756 3403 et
1781 3347 1884 3418 ipsi
1913 3348 2150 3418 impera-

549 3436 677 3491 trici
707 3437 1004 3492 videbatur
1030 3447 1088 3492 et
1117 3437 1392 3507 placebat,
1420 3437 1568 3507 quod
1600 3437 1790 3508 pietati
1823 3447 1879 3492 et
1907 3439 2022 3509 80
2056 3455 2146 3494 rc-

548 3529 741 3600 ligioni
769 3545 913 3585 verae
956 3531 1286 3594 adhzereret,
1325 3531 1632 3600 adjutante,
1662 3541 1722 3585 ut
1753 3532 1930 3598 aiunt,
1979 3533 2148 3588 etiam

549 3618 785 3689 patricia
818 3629 994 3674 matre
1023 3621 1146 3689 ejus
1173 3620 1566 3691 germanisque
1591 3621 1840 3692 ejusdem
1874 3623 2142 3692 patriciis:

549 3710 650 3766 sed
678 3711 768 3766 illa
806 3712 928 3767 istis
958 3713 1196 3778 obstitit,
1225 3730 1288 3768 ac
1319 3714 1553 3768 Manueli
1588 3716 1762 3770 multo
1793 3717 1990 3788 magis,
2030 3717 2148 3772 sive

550 3815 776 3874 propter
800 3814 963 3860 tantae
991 3806 1071 3860 rei
1094 3807 1480 3871 mutationem,
1504 3807 1620 3863 sive
1646 3807 1716 3862 ob
1742 3823 1988 3864 amorem
2017 3824 2148 3879 erga

552 3902 813 3952 maritum
852 3898 1088 3954 fortasse
1132 3899 1366 3954 nimium
1415 3899 1659 3958 humana
1692 3901 1900 3957 divinis
1951 3901 2148 3974 przefe-

547 4006 698 4046 rens.
737 3992 881 4045 Dixit
907 3993 1055 4048 enim
1079 3993 1148 4048 ad
1191 3993 1540 4049 Manuelem:
1579 4014 1596 4046 ι
1631 3995 1860 4051 Maritus
1900 4012 2058 4052 meus
2089 4005 2145 4052 et

549 4082 851 4153 imperator
909 4085 1081 4142 beata:
1139 4086 1440 4151 memoriae,
1473 4087 1744 4156 sapientia
1802 4086 2140 4144 sufﬁcienter

548 4171 855 4232 instructus
903 4187 1043 4243 erat,
1076 4194 1180 4233 nec
1211 4195 1338 4233 cum
1373 4178 1505 4246 quid
1541 4177 1661 4234 ﬁeri
1692 4177 1917 4235 deceret
1965 4189 2061 4235 aut
2111 4198 2142 4236 e

549 4285 610 4325 re
635 4280 783 4326 esset
813 4271 1019 4327 latebat
1045 4290 1058 4327 :
1089 4274 1371 4343 quomodo
1403 4274 1572 4346 igitur
1605 4273 1755 4328 illius
1782 4275 2139 4331 constitutio-

2247 578 2571 651 περιπίπτει
2604 580 2714 631 τινὶ
2748 580 3057 652 ἀρῤωττίᾳ,
3114 579 3181 632 δι’
3236 575 3421 651 ἧσπερ
3472 581 3796 650 ἀπέγνωστο
3822 601 3836 614 ο

2245 671 2369 724 καθ’
2412 671 2482 741 ἢν
2533 671 2667 734 Θεὸς
2716 671 3168 740 παραδοξοποιῶν
3201 672 3276 735 ὡς
3333 672 3426 725 ἐπὶ
3456 672 3551 726 τοῦ
3595 675 3842 740 Ἐζεκίου

2244 762 2446 833 δηλαδὴ
2473 761 2888 831 καταφαίνεται.
2925 761 3211 832 Συνείχετο
3247 762 3429 817 τοίνυν
3478 766 3543 834 τῇ
3573 765 3714 834 νόσῳ
3745 767 3845 820 κα).

2245 855 2496 925 χαλεπῶς
2519 854 2857 926 ἐτετρύχωτο
2887 854 2983 908 καὶ
3005 855 3292 925 ἐγκατόχῳ
3328 854 3481 926 κάρῳ
3514 855 3841 926 νενέκρωτο,

2246 945 2320 1008 ὡς
2351 947 2604 1000 ἐντεῦθεν
2634 947 2812 1000 ἐδόκει
2861 947 2996 1001 πᾶσι
3025 947 3302 1011 τεθνάναι,
3355 948 3402 999 εί
3434 946 3528 999 καὶ
3568 945 3745 1016 βραχὺ
3787 963 3842 999 τι

2247 1038 2468 1109 πνεῦμα
2500 1043 2560 1094 ὲν
2589 1041 2741 1112 αὐτῷ
2773 1041 3158 1112 ὲσπινθήριζεν
3197 1039 3420 1111 ἀμυδρὰ
3451 1057 3510 1092 τε
3545 1039 3699 1111 φωνὴ
3727 1040 3845 1094 δια-

2249 1135 2602 1204 στηματικῶς
2629 1134 2689 1198 ἐξ
2716 1133 2883 1188 αὑτοῦ
2912 1133 3218 1204 διηκούετο.
3274 1133 3418 1204 Πρὸς
3464 1132 3638 1186 ταῦτα
3667 1133 3720 1185 τί
3754 1133 3844 1200 γί-

2247 1243 2422 1292 νεται,
2477 1227 2575 1280 καὶ
2603 1225 2656 1280 τί
2689 1227 2752 1279 τὸ
2785 1227 2917 1294 περὶ
2945 1227 3098 1297 ἡμᾶς
3128 1224 3221 1279 τοῦ
3262 1225 3400 1278 Θεοῦ
3444 1224 3842 1296 μηχανούργη-

2256 1335 2368 1388 μας
2403 1318 2724 1389 Διανίστησι
2761 1322 3033 1388 μοναχοὺς
3062 1317 3172 1370 τῶν
3204 1315 3454 1370 Στουδίου
3485 1315 3619 1385 (‘22),
3645 1317 3846 1387 ἄνδρας

2245 1410 2323 1482 τῷ
2351 1410 2466 1465 δντι
2513 1410 2636 1481 Θεῷ
2690 1411 2993 1479 γνωστοϋς,
3047 1408 3528 1480 ὲπισκεψαμένους
3571 1409 3714 1463 κατὰ
3742 1411 3843 1478 τὴν

2249 1503 2542 1574 ὑστεραίαν
2569 1503 2734 1556 αὐτόν
2768 1503 2903 1574 (25).
2948 1502 3277 1574 Ἐξήκουστο
3309 1502 3418 1571 γὰρ
3484 1503 3680 1573 ὅτιπερ
3735 1505 3847 1556 ἀπ-

2265 1595 2420 1661 ε6ίω,
2443 1596 2538 1648 καὶ
2570 1597 3104 1666 συνεπεφοιτήκεσαν
3131 1596 3280 1658 ὅπως
3309 1593 3658 1665 ἐπικηδείους
3697 1595 3849 1664 αὑτῷ

2249 1685 2454 1758 ὕμνους
2489 1689 2840 1761 προσοίσειαν
2862 1705 2875 1719 ·
2907 1688 3092 1752 ὃτέως
3121 1688 3547 1758 ἐπεποιήκεσαν,
3565 1687 3850 1756 ὀλιγοδρα-

2249 1781 2423 1837 νὲοντι
2459 1782 2598 1835 κατὰ
2624 1781 2843 1855 ποίησιν
2869 1779 3004 1854 (21).
3040 1781 3151 1834 Καὶ
3173 1778 3570 1850 προσελθόντες
3594 1781 3660 1848 τῇ
3689 1779 3850 1850 κλίνῃ

2175 1856 2224 1916 Β
2251 1873 2364 1927 τῶν
2415 1873 2758 1945 μοναζόντων
2789 1875 2935 1936 τινὲς
2975 1871 3114 1944 (25),
3166 1871 3295 1942 περὶ
3338 1865 3414 1924 ὧν
3461 1869 3854 1941 ήδη“ἀνωτέρω

2258 1966 2448 2038 μνείαν
2483 1966 2835 2036 πεποιήμεθα
2868 1962 3004 2036 (26),
3036 1961 3444 2033 τεθαρρηκότες
3485 1959 3606 2031 Θεῷ
3635 1960 3728 2013 καὶ
3778 1961 3846 2030 τῇ

2252 2061 2352 2128 τῆς
2379 2060 2580 2129 ἀρετῆς
2609 2059 2907 2129 τελειότητι
2938 2055 3311 2128 ἀναθαρροὖσι
3347 2053 3445 2118 τὸν
3478 2054 3554 2116 ὡς
3579 2051 3773 2123 νεκρὸν
3814 2054 3847 2125 ἢ

2257 2152 2375 2222 μετ’
2404 2152 2586 2219 ὀλίγον
2608 2151 2892 2221 ἐσόμενον,
2923 2149 3176 2218 λέγοντες
3197 2145 3389 2200 τοῦτον
3424 2144 3855 2215 ἀναρῤωσθήσε-

2255 2244 2402 2298 σθαι.
2431 2242 2538 2297 Τοῦ
2568 2243 2624 2297 δὲ
2649 2243 2715 2296 ἐκ
2755 2238 3369 2313 βάθουςὲστενωμένης
3401 2237 3580 2308 ψυχῆς
3615 2236 3727 2308 (27)
3760 2256 3856 2302 μι-

2253 2337 2387 2408 κρόν
2441 2352 2496 2388 τι
2549 2334 2940 2404 ἀνενεγκόντος
2988 2333 3083 2387 κα).
3128 2331 3565 2400 διαπορήσαντος
3612 2330 3659 2382 εί
3691 2328 3852 2383 τςῦτο

2254 2429 2411 2483 ἐσται
2438 2429 2588 2500 αὑτῷ
2618 2430 2737 2482 κατ’
2770 2427 2984 2493 ἐλπίδα,
3008 2424 3344 2495 ἐπεϐόησαν,
3377 2422 3452 2486 ὡς
3483 2442 3500 2474 ι
3537 2423 3706 2491 Εἴπερ
3737 2423 3851 2492 (28)

2255 2521 2313 2572 ἐν
2349 2519 2641 2589 ὑποσχέσει
2667 2517 2784 2572 εστι
2817 2534 2897 2570 σοι
2925 2516 3064 2587 πρὸς
3114 2515 3248 2568 Θεὸν
3282 2513 3380 2578 τὰς
3437 2512 3588 2578 θείας
3633 2514 3852 2584 εἰκόνας

2255 2607 2399 2663 κατὰ
2424 2607 2484 2661 τὸ
2513 2609 2740 2679 ἀρχαῖον
2778 2605 3216 2674 ἀνανεώσασθαι,
3247 2606 3346 2677 τὴν
3391 2604 3537 2677 ζωὴν
3563 2603 3852 2674 εὐαγγελισ

2254 2699 2464 2772 ζόμεθα
2485 2700 2885 2772 βεϐαιούμενοι.
2927 2720 2946 2752 ι
2995 2701 3268 2772 Ἀπῄεσαν
3305 2701 3366 2765 ¹⁵,
3399 2699 3496 2753 καὶ
3531 2698 3590 2752 τὸ
3618 2698 3854 2767 εὐαγγεο

2255 2793 2438 2848 λισθὲν
2483 2795 2765 2864 συντόμως
2798 2795 3317 2864 ἐπεπραγμάτευτο,
3375 2792 3473 2846 καὶ
3527 2791 3852 2861 παραδόξως

2253 2885 2329 2950 ὡς
2349 2887 2409 2952 ἐξ
2437 2886 2565 2958 ᾆδου
2593 2889 2753 2942 ἀνέδυ
2808 2888 2902 2942 τοῦ
2945 2889 3175 2942 θανάτου
3219 2886 3576 2954 ἀπαλλαγείς.
3623 2887 3711 2950 Ὡς
3757 2882 3852 2938 οὖν

2255 2978 2448 3031 ἑαυτὸν
2492 2978 2754 3047 διέγνωκε
2810 2979 2942 3052 παρ’
2973 2979 3165 3032 ἐλπίδα
3215 2980 3315 3048 τῆς
3376 2975 3665 3038 ἀσθενείας
3709 2975 3853 3027 ἀπο-

2255 3069 2521 3140 ραῒσαντα
2547 3072 2682 3140 (99),
2708 3073 2844 3143 πρὸς
2872 3070 3196 3142 βασίλισσαν
3235 3067 3520 3139 Θεοδώραν
3549 3065 3854 3138 όρθοδόξως

2255 3163 2639 3235 διαγωνίζεται
2672 3165 2808 3237 (50),
2849 3165 3075 3238 φράζων
3108 3165 3247 3235 αὑτῇ
3274 3163 3372 3226 τὰς
3404 3161 3678 3226 σεϐαστὰς
3712 3163 3851 3213 ἀνα-

2251 3259 2516 3323 καινίζειν
2537 3259 2756 3323 εἰκόνας
2783 3257 2924 3313 κατὰ
2949 3259 3010 3312 τὸ
3040 3258 3310 3328 πρότερον
3345 3254 3481 3326 (51),
3513 3253 3694 3317 καθὼς
3716 3255 3853 3324 περὶ

2251 3351 2444 3405 τούτου
2483 3351 2626 3423 τάχα
2657 3352 2752 3404 καὶ
2777 3351 2949 3422 ταύτῃ
2999 3351 3308 3422 συνήρεσκε
3339 3347 3617 3416 θεοφιλίας
3644 3348 3688 3378 ¹⁶
3714 3364 3851 3418 γνη-

2253 3443 2376 3507 σίας
2396 3442 2695 3515 ὲξεχομένη
2723 3443 2862 3512 (52),
2904 3439 3549 3511 συνεπιλαμϐανομένης,
3586 3437 3660 3502 ὥς
3689 3455 3850 3508 φασι,

2251 3537 2345 3589 καὶ
2376 3536 2670 3608 πατρικίας
2697 3536 2797 3606 τῆς
2825 3534 3028 3606 ταύτης
3062 3534 3272 3604 μητρὸς
3320 3534 3414 3586 καὶ
3444 3531 3553 3584 τῶν
3587 3529 3854 3584 0:610:89.-

2250 3645 2367 3699 (ρων
2401 3629 2575 3698 αὐτῆς
2606 3630 2932 3698 πατρικίων.
2979 3625 3122 3681 Ἀλλ’
3172 3626 3506 3680 ἁντὲπιπτεν
3545 3623 3687 3695 αὕτη
3717 3622 3854 3677 τοὺ-

2247 3736 2362 3783 τοις
2413 3721 2507 3772 καὶ
2545 3719 2622 3790 τῷ
2655 3719 2918 3790 Μανουὴλ
2953 3719 3046 3772 ἐπὶ
3082 3716 3287 3790 μᾶλλον
3315 3716 3451 3788 (55),
3499 3716 3610 3770 εἴτε
3632 3714 3720 3768 διὰ
3750 3715 3854 3786 τὴν

2246 3814 2342 3867 τοῦ
2368 3813 2691 3883 τηλικούτου
2731 3814 3027 3884 μετάθεσιν
3061 3812 3412 3884 πράγματος,
3448 3810 3557 3862 εἴτε
3589 3810 3679 3862 διὰ
3712 3809 3850 3880 φιλ.-

2251 3907 2484 3979 ανδρίαν
2560 3907 2690 3970 ἴσως
2742 3906 3053 3979 παράλογον
3093 3904 3230 3975 (5.1),
3268 3901 3700 3974 προτιμωμένην
3732 3901 3852 3973 (55)

2244 4001 2339 4054 τοῦ
2371 4001 2508 4054 Θεοῦ
2534 4002 2602 4055 τὰ
2630 4001 2971 4071 ἀνθρώπινα.
3001 4000 3229 4070 Εἰρήκει
3264 3997 3371 4066 γὰρ
3397 3995 3535 4067 πρὸς
3563 3995 3856 4066 Μανουὴ),

2249 4096 2326 4158 ὡς
2354 4114 2372 4147 ι
2419 4096 2484 4148 '0
2509 4096 2639 4166 ἐμὸς
2681 4095 2792 4168 (56)
2841 4095 2982 4165 ἀνήρ
3037 4109 3097 4144 τε
3129 4093 3221 4143 καὶ
3250 4088 3505 4160 βασιλεὺς
3539 4088 3856 4158 μακαρίτης

2254 4189 2449 4257 σοφίας
2474 4188 2793 4260 ἀρκούντως
2840 4187 3103 4256 ὲξείχετο,
3159 4181 3253 4238 καὶ
3294 4180 3446 4234 οὐδὲν
3476 4179 3585 4234 τῶν
3618 4179 3856 4232 δεόντων

2254 4280 2407 4352 αὑτῷ
2429 4281 2703 4352 ἐλελήθει·
2758 4281 2852 4334 καὶ
2905 4278 3023 4342 πῶς
3054 4274 3164 4328 τῶν
3217 4272 3429 4346 ἐκείνου
3459 4271 3856 4343 διαταγμάτων

1838 4392 2070 4448 ἻΑΒΙΑΕ
2128 4393 2534 4452 LECTIONFS.

642 4480 684 4510 ⁸⁸
712 4487 947 4534 απίεσαν
977 4481 1041 4535 L.
1119 4483 1163 4514 ¹⁶
1191 4481 1500 4551 θεοφιλείας
1536 4483 1601 4537 L.

1716 4577 1963 4633 STEPH.
1994 4578 2343 4634 BERGLERI
2377 4581 2613 4636 NOTAE.

621 4663 732 4742 (ﬁl)
766 4664 1022 4742 C_et_1r._4p.
1051 4666 1174 4742 554.
1234 4667 1329 4742 ubi
1369 4687 1380 4721 :
1433 4669 1479 4742 6_
1509 4669 1565 4722 δὲ
1604 4671 1866 4742 Μανουὴλ
1901 4673 1993 4726 ἐπί
2027 4691 2144 4726 τινα

2257 4673 2540 4731 habuisse.

550 4737 744 4812 καιρὸν
787 4735 1033 4801 ὀκλάζων
1067 4735 1164 4812 ἦν]
1199 4738 1293 4812 ubi
1338 4739 1518 4794 versio
1553 4735 1847 4810 :Manuele
1894 4742 2147 4812 aliquan-

545 4803 661 4880 diu
689 4815 955 4880 nutante.
998 4803 1156 4880 Apud
1207 4810 1469 4880 Nostrum
1504 4807 1724 4867 videtur
1767 4814 1961 4868 deesse
1989 4803 2142 4866 ’καις

548 4876 666 4953 τιοῦ.
687 4877 856 4953 _Cont.
884 4876 1252 4953 ὶιιί-ιηῙίιξτ-ιν.
1283 4879 1450 4953 Cedr.
1487 4899 1542 4952 p.
1570 4885 1694 4938 554.
1726 4885 1862 4939 Ζοη.
1893 4900 1948 4953 p.
1983 4885 2106 4938 155.

619 4949 731 5025 (ἓξ.)
766 4947 1081 5025 Cont._iuit.
1112 4949 1209 5004 lib.
1240 4967 1312 5004 Iv.
1342 4947 1506 5005 Ccer
1544 4971 1600 5025 p.
1633 4955 1758 5020 551,
1799 4947 1908 5009 ubi'
1923 4955 2020 5024 τῆς
2047 4954 2144 5008 τοῦ

543 5017 797 5072 Στουδῖου
832 5021 1023 5090 μονῆς.

615 5091 730 5162 (25)
767 5091 845 5145 lta
870 5091 924 5144 in
953 5106 1068 5162 aor.
1106 5091 1400 5162 scriptum.
1432 5109 1558 5148 cum
1592 5095 1823 5152 deberet
1844 5097 1898 5152 in
1929 5096 2139 5152 futuro.

545 5157 916 5238 Alibi__contra
943 5161 1194 5238 futurum
1224 5157 1332 5238 pro
1366 5165 1475 5238 alio
1507 5176 1754 5235 tempore
1784 5169 1992 5238 posuit.

619 5233 744 5311 (24)
785 5231 952 5288 Cedr.
981 5233 1192 5311 λεπτῷ
1216 5231 1319 5311 ’καὶ
1371 5231 1733 5311 ἀδρανεῖς-τῷ
1765 5231 2028 5309 ἄσθματι,
2083 5257 2138 5311 p.

543 5301 844 5382 53:&___Zohn.
863 5319 939 5382 _p.
975 5301 1560 5382 155,ιιἰ)ῒλεπτῇ’καὶ
1593 5301 1818 5378 ἀδρανεῖ
1852 5301 2030 5382 ερωνῇ.

638 5374 730 5436 25)
763 5373 926 5429 Cedr.
961 5391 1014 5444 p.
1043 5376 1168 5430 534.

639 5444 908 5520 :{6}_§atis
935 5446 1143 5520 ubique
1195 5459 1428 5520 apparet
1480 5457 1732 5520 nostrum
1791 5452 1956 5507 modo
2009 5452 2140 5508 hinc

541 5515 708 5594 modo
736 5516 894 5594 illinc
924 5531 1025 5571 sua
1053 5515 1441 5594 descripsisse.
1477 5519 1642 5594 Dicit,
1664 5523 1730 5576 de
1767 5524 1957 5594 quibus
1985 5540 2142 5594 supe-

542 5590 658 5660 rius
691 5589 1011 5660 mentionem
1059 5587 1296 5656 fecimus.
1328 5607 1453 5645 cum
1489 5593 1700 5660 ipsene
1738 5587 1913 5650 verbo
1964 5587 2140 5649 inter-

542 5658 724 5734 positp
779 5657 849 5734 de
890 5658 958 5713 iis
979 5657 1212 5734 locutus
1241 5660 1410 5734 fuerit
1455 5657 1640 5716 modo.
1678 5663 1910 5720 Videtur
1952 5665 2138 5734 itaque

543 5728 794 5794 quzedam
827 5729 1118 5799 interjecta
1145 5733 1421 5797 omisisse,
1450 5742 1510 5786 ut
1533 5734 1675 5788 hanc
1701 5728 2137 5790 admonitionem

545 5805 746 5864 praeter
771 5813 887 5852 rem
909 5799 1188 5854 addiderit
1216 5813 1310 5857 aut
1339 5819 1404 5857 ex
1428 5805 1603 5858 altero
1635 5807 2002 5861 transtulerit.

647 5864 756 5934 (Ἦ)
789 5866 952 5924 Cedr.
997 5883 1048 5938 p.
1101 5871 1203 5926 554
1246 5873 1467 5928 videtur
1510 5876 1768 5932 Nostrum
1802 5894 1912 5947 prae
1962 5876 2138 5931 oculis

2352 4746 2442 4811 28)
2475 4748 2636 4802 Cont.

2351 4818 2442 4884 29)
2476 4818 2637 4874 Cedr.
2663 4836 2716 4889 p.
2745 4819 2867 4873 534.

2331 4887 2443 4954 (50)
2477 4890 2639 4945 Cont.
2665 4887 2727 4960 Vp.
2749 4889 2838 4944 93.
2868 4889 3003 4944 Zon.
3045 4904 3099 4957 p.
3128 4887 3265 4960 155.
3292 4888 3546 4960 Εοότηρ.
3577 4888 3701 4942 555.

2331 4960 2442 5033 (51)
2475 4962 2636 5017 Cont.
2671 4958 2724 5032 p.
2757 4963 2847 5022 95,
2880 4961 3045 5030 paulo
3069 4959 3252 5014 aliter.
3281 4959 3430 5031 Sym.
3469 4958 3600 5030 Log.
3636 4975 3691 5029 p.
3715 4959 3849 5016 428.

2256 5032 2456 5104 Georg.
2492 5033 2638 5088 Mon.
2678 5049 2729 5101 p.
2755 5033 2877 5086 526.

2321 5100 2433 5175 (52)
2468 5105 2594 5158 Hzec
2615 5100 2751 5157 Zdn.
2785 5119 2836 5172 p.
2865 5102 2988 5164 155,
3009 5101 3120 5157 ita:
3151 5101 3341 5175 Ταῦτα
3367 5100 3478 5172 (aut
3504 5102 3688 5171 potius
3715 5119 3849 5154 ταυ-

2246 5173 2341 5244 τὰ)
2365 5177 2459 5228 καὶ
2491 5176 2591 5243 τῆς
2638 5175 2846 5243 μητρὸς
2879 5175 3050 5241 αὐτῆς
3076 5175 3196 5244 ᾤκοιὶ
3223 5173 3658 5244 τῶνησυγγόνων
3705 5189 3850 5242 πρε-

2249 5242 2556 5300 σᾶυόντων
2584 5242 3036 5315 τῶνίπατρικίων.
3061 5242 3226 5298 Cedr.
3255 5260 3311 5313 p.
3333 5243 3460 5309 554,
3491 5245 3546 5297 in
3572 5244 3713 5297 fine:
3745 5244 3850 5312 τῆς

2247 5320 2458 5380 οἰκείας
2501 5316 2706 5387 μητρὸς
2741 5346 2809 5354 -—
2853 5315 2948 5367 καὶ
2995 5315 3104 5366 τῶν
3157 5315 3550 5384 μητραδέψων
3598 5315 3705 5366 τῶν
3739 5332 3848 5367 πα-

2246 5390 2500 5440 τοικίων.

2283 5441 2293 5458 ⁸
2327 5460 2441 5529 (55)
2475 5457 2762 5514 Cedrcnus
2783 5473 2838 5528 p.
2866 5458 2990 5518 554,
3023 5456 3267 5529 Πηλῆι.
3287 5454 3400 5509 fere
3424 5464 3484 5510 ut
3518 5457 3734 5529 Noster.

2325 5526 2439 5600 (5-1)
2473 5529 2550 5583 Ad
2573 5529 2711 5600 hanc
2735 5526 3058 5600 φιλανδρίαν
3080 5526 3387 5600 Theodorus
3411 5528 3671 5600 pertinet,
3697 5527 3844 5600 quod

2251 5595 2597 5726 api‘uEIﬁCont.
2626 5595 2764 5654 dicit
2807 5616 2862 5670 p.
2903 5598 2995 5664 95,
3026 5607 3083 5652 et
3109 5597 3256 5670 Sym.
3286 5595 3422 5667 Log.
3452 5615 3504 5667 p.
3546 5599 3670 5652 451.
3703 5595 3840 5651 Zon.

2251 5693 2302 5726 n.
2407 5709 2458 5725 ι.
3832 5698 3836 5702 .

2249 5693 2302 5746 Ρ.
2324 5693 2542 5810 (ἓὶ3115
2567 5742 3080 5814 εει-ἰριιιηιιηειιιοιη
3111 5740 3529 5814 προτιμωμένη.

2323 5816 2435 5886 (56)
2467 5813 2626 5868 Cedr.
2659 5810 2873 5883 (£3555.

2672 4765 2725 4818 p.
2757 4749 2846 4802 95.
2881 4746 3047 4802 Cedr.
3080 4763 3135 4817 p.
3174 4747 3298 4800 551.
3329 4746 3465 4800 Ζοη.
3501 4761 3556 4816 p.
3580 4745 3703 4800 155.
