  <div class='ocr_page' id='page_1' title='image "/cluster/home/n/w/nwhite01/storage/ocr_20150623/109/coo.31924054870138/555.png"; bbox 0 0 4136 6426; ppageno 0'>
   <div class='ocr_carea' id='block_1_1' title="bbox 535 376 676 444">
    <p class='ocr_par' dir='ltr' id='par_1_1' title="bbox 535 376 676 444">
     <span class='ocr_line' id='line_1_1' title="bbox 535 376 676 444; baseline -0.021 0"><span class='ocrx_word' id='word_1_1' title='bbox 535 376 676 444; x_wconf 83' lang='lat'><strong>1095</strong></span> 
     </span>
    </p>
   </div>
   <div class='ocr_carea' id='block_1_2' title="bbox 1836 374 2506 443">
    <p class='ocr_par' dir='ltr' id='par_1_2' title="bbox 1836 374 2506 443">
     <span class='ocr_line' id='line_1_2' title="bbox 1836 374 2506 443; baseline 0.007 -7"><span class='ocrx_word' id='word_1_2' title='bbox 1836 374 2152 438; x_wconf 79' lang='lat' dir='ltr'><strong>JOSEPHI</strong></span> <span class='ocrx_word' id='word_1_3' title='bbox 2191 379 2506 443; x_wconf 81' lang='lat' dir='ltr'><strong>GENESII</strong></span> 
     </span>
    </p>
   </div>
   <div class='ocr_carea' id='block_1_3' title="bbox 3672 383 3810 447">
    <p class='ocr_par' dir='ltr' id='par_1_3' title="bbox 3672 383 3810 447">
     <span class='ocr_line' id='line_1_3' title="bbox 3672 383 3810 447; baseline 0 -1"><span class='ocrx_word' id='word_1_4' title='bbox 3672 383 3810 447; x_wconf 78' lang='lat'><strong>1096</strong></span> 
     </span>
    </p>
   </div>
   <div class='ocr_carea' id='block_1_4' title="bbox 530 483 2117 568">
    <p class='ocr_par' dir='ltr' id='par_1_4' title="bbox 530 483 2117 562">
     <span class='ocr_line' id='line_1_4' title="bbox 530 483 2117 562; baseline -0.002 -15"><span class='ocrx_word' id='word_1_5' title='bbox 530 487 772 562; x_wconf 88' lang='lat' dir='ltr'><strong>conjeeit</strong></span> <span class='ocrx_word' id='word_1_6' title='bbox 807 484 1192 556; x_wconf 78' lang='lat' dir='ltr'><strong>inquisitorem</strong></span> <span class='ocrx_word' id='word_1_7' title='bbox 1232 483 1586 555; x_wconf 73' lang='lat' dir='ltr'><strong>prudentem,</strong></span> <span class='ocrx_word' id='word_1_8' title='bbox 1641 485 1752 557; x_wconf 73' lang='lat'><strong>82</strong></span> <span class='ocrx_word' id='word_1_9' title='bbox 1799 502 1896 557; x_wconf 91' lang='lat' dir='ltr'><strong>per</strong></span> <span class='ocrx_word' id='word_1_10' title='bbox 1952 505 2117 559; x_wconf 87' lang='lat' dir='ltr'><strong>quem</strong></span> 
     </span>
    </p>
   </div>
   <div class='ocr_carea' id='block_1_5' title="bbox 2221 483 3811 568">
    <p class='ocr_par' dir='ltr' id='par_1_5' title="bbox 2227 493 3811 568">
     <span class='ocr_line' id='line_1_5' title="bbox 2227 493 3811 568; baseline 0.004 -22"><span class='ocrx_word' id='word_1_11' title='bbox 2227 493 2546 566; x_wconf 73' lang='grc' dir='ltr'><strong>γεραίρεται</strong></span> <span class='ocrx_word' id='word_1_12' title='bbox 2777 495 2883 548; x_wconf 89' lang='grc' dir='ltr'><strong>Τοῦ</strong></span> <span class='ocrx_word' id='word_1_13' title='bbox 2915 495 3005 549; x_wconf 79' lang='grc' dir='ltr'><strong>οῦν</strong></span> <span class='ocrx_word' id='word_1_14' title='bbox 3047 495 3618 567; x_wconf 79' lang='grc' dir='ltr'><strong>δραματουργὴματος</strong></span> <span class='ocrx_word' id='word_1_15' title='bbox 3668 500 3811 552; x_wconf 69' lang='grc' dir='ltr'><strong>κατὰ</strong></span> 
     </span>
    </p>
   </div>
   <div class='ocr_carea' id='block_1_6' title="bbox 530 571 2113 650">
    <p class='ocr_par' dir='ltr' id='par_1_6' title="bbox 530 571 2113 650">
     <span class='ocr_line' id='line_1_6' title="bbox 530 571 2113 650; baseline 0 -12"><span class='ocrx_word' id='word_1_16' title='bbox 530 582 698 638; x_wconf 88' lang='lat' dir='ltr'><strong>etiam</strong></span> <span class='ocrx_word' id='word_1_17' title='bbox 733 571 1115 636; x_wconf 85' lang='lat' dir='ltr'><strong>ecclesiastico</strong></span> <span class='ocrx_word' id='word_1_18' title='bbox 1147 577 1463 648; x_wconf 73' lang='lat' dir='ltr'><strong>principatu</strong></span> <span class='ocrx_word' id='word_1_19' title='bbox 1485 578 1610 650; x_wconf 84' lang='lat' dir='ltr'><strong>jure</strong></span> <span class='ocrx_word' id='word_1_20' title='bbox 1635 594 1699 634; x_wconf 88' lang='lat' dir='ltr'><strong>ac</strong></span> <span class='ocrx_word' id='word_1_21' title='bbox 1727 581 1929 637; x_wconf 89' lang='lat' dir='ltr'><strong>merito</strong></span> <span class='ocrx_word' id='word_1_22' title='bbox 1961 585 2113 638; x_wconf 83' lang='lat' dir='ltr'><strong>exci-</strong></span> 
     </span>
    </p>
   </div>
   <div class='ocr_carea' id='block_1_7' title="bbox 527 671 2118 747">
    <p class='ocr_par' dir='ltr' id='par_1_7' title="bbox 527 671 2118 747">
     <span class='ocr_line' id='line_1_7' title="bbox 527 671 2118 747; baseline 0.001 -18"><span class='ocrx_word' id='word_1_23' title='bbox 527 675 632 742; x_wconf 93' lang='lat' dir='ltr'><strong>dit,</strong></span> <span class='ocrx_word' id='word_1_24' title='bbox 664 675 914 728; x_wconf 89' lang='lat' dir='ltr'><strong>incusato</strong></span> <span class='ocrx_word' id='word_1_25' title='bbox 945 671 1142 742; x_wconf 82' lang='lat' dir='ltr'><strong>magis,</strong></span> <span class='ocrx_word' id='word_1_26' title='bbox 1176 671 1430 742; x_wconf 79' lang='lat' dir='ltr'><strong>quamvis</strong></span> <span class='ocrx_word' id='word_1_27' title='bbox 1460 687 1572 727; x_wconf 91' lang='lat' dir='ltr'><strong>non</strong></span> <span class='ocrx_word' id='word_1_28' title='bbox 1625 683 1843 743; x_wconf 80' lang='lat' dir='ltr'><strong>sponte,</strong></span> <span class='ocrx_word' id='word_1_29' title='bbox 1883 675 2118 747; x_wconf 77' lang='lat' dir='ltr'><strong>largitus</strong></span> 
     </span>
    </p>
   </div>
   <div class='ocr_carea' id='block_1_8' title="bbox 525 765 2116 841">
    <p class='ocr_par' dir='ltr' id='par_1_8' title="bbox 525 765 2116 841">
     <span class='ocr_line' id='line_1_8' title="bbox 525 765 2116 841; baseline 0.001 -17"><span class='ocrx_word' id='word_1_30' title='bbox 525 766 745 824; x_wconf 87' lang='lat' dir='ltr'><strong>laudem</strong></span> <span class='ocrx_word' id='word_1_31' title='bbox 771 765 920 821; x_wconf 85' lang='lat' dir='ltr'><strong>haud</strong></span> <span class='ocrx_word' id='word_1_32' title='bbox 945 765 1322 821; x_wconf 86' lang='lat' dir='ltr'><strong>subditiciam.</strong></span> <span class='ocrx_word' id='word_1_33' title='bbox 1354 765 1599 836; x_wconf 81' lang='lat' dir='ltr'><strong>Piusque</strong></span> <span class='ocrx_word' id='word_1_34' title='bbox 1620 781 1686 821; x_wconf 90' lang='lat' dir='ltr'><strong>ac</strong></span> <span class='ocrx_word' id='word_1_35' title='bbox 1707 766 1886 824; x_wconf 78' lang='lat' dir='ltr'><strong>ﬁdelis</strong></span> <span class='ocrx_word' id='word_1_36' title='bbox 1911 770 1966 824; x_wconf 92' lang='lat' dir='ltr'><strong>in</strong></span> <span class='ocrx_word' id='word_1_37' title='bbox 1995 770 2116 841; x_wconf 81' lang='lat' dir='ltr'><strong>ejus</strong></span> 
     </span>
    </p>
   </div>
   <div class='ocr_carea' id='block_1_9' title="bbox 525 859 2117 930">
    <p class='ocr_par' dir='ltr' id='par_1_9' title="bbox 525 859 2117 930">
     <span class='ocr_line' id='line_1_9' title="bbox 525 859 2117 930; baseline -0.001 -11"><span class='ocrx_word' id='word_1_38' title='bbox 525 861 715 919; x_wconf 88' lang='lat' dir='ltr'><strong>locum</strong></span> <span class='ocrx_word' id='word_1_39' title='bbox 771 859 1154 915; x_wconf 85' lang='lat' dir='ltr'><strong>introducitur</strong></span> <span class='ocrx_word' id='word_1_40' title='bbox 1202 859 1519 930; x_wconf 84' lang='lat' dir='ltr'><strong>patriarcha</strong></span> <span class='ocrx_word' id='word_1_41' title='bbox 1566 860 1900 928; x_wconf 82' lang='lat' dir='ltr'><strong>Methodius,</strong></span> <span class='ocrx_word' id='word_1_42' title='bbox 1955 863 2010 917; x_wconf 92' lang='lat' dir='ltr'><strong>in</strong></span> <span class='ocrx_word' id='word_1_43' title='bbox 2059 879 2117 919; x_wconf 89' lang='lat' dir='ltr'><strong>se</strong></span> 
     </span>
    </p>
   </div>
   <div class='ocr_carea' id='block_1_10' title="bbox 527 940 2119 1026">
    <p class='ocr_par' dir='ltr' id='par_1_10' title="bbox 527 940 2119 1026">
     <span class='ocr_line' id='line_1_10' title="bbox 527 940 2119 1026; baseline -0.003 -15"><span class='ocrx_word' id='word_1_44' title='bbox 527 955 650 1026; x_wconf 88' lang='lat' dir='ltr'><strong>ipso</strong></span> <span class='ocrx_word' id='word_1_45' title='bbox 676 954 946 1026; x_wconf 90' lang='lat' dir='ltr'><strong>plurimas</strong></span> <span class='ocrx_word' id='word_1_46' title='bbox 969 952 1193 1023; x_wconf 88' lang='lat' dir='ltr'><strong>pietatis</strong></span> <span class='ocrx_word' id='word_1_47' title='bbox 1225 952 1520 1021; x_wconf 88' lang='lat' dir='ltr'><strong>inscriptas</strong></span> <span class='ocrx_word' id='word_1_48' title='bbox 1569 961 1730 1008; x_wconf 88' lang='lat' dir='ltr'><strong>notas</strong></span> <span class='ocrx_word' id='word_1_49' title='bbox 1760 962 1816 1007; x_wconf 87' lang='lat' dir='ltr'><strong>et</strong></span> <span class='ocrx_word' id='word_1_50' title='bbox 1842 940 1914 1008; x_wconf 64' lang='lat' dir='ltr'><strong>ei</strong></span> <span class='ocrx_word' id='word_1_51' title='bbox 1933 968 2119 1010; x_wconf 86' lang='lat' dir='ltr'><strong>carce-</strong></span> 
     </span>
    </p>
   </div>
   <div class='ocr_carea' id='block_1_11' title="bbox 528 1044 2117 1117">
    <p class='ocr_par' dir='ltr' id='par_1_11' title="bbox 528 1044 2117 1117">
     <span class='ocr_line' id='line_1_11' title="bbox 528 1044 2117 1117; baseline 0 -16"><span class='ocrx_word' id='word_1_52' title='bbox 528 1047 608 1101; x_wconf 85' lang='lat' dir='ltr'><strong>ris</strong></span> <span class='ocrx_word' id='word_1_53' title='bbox 633 1047 892 1117; x_wconf 86' lang='lat' dir='ltr'><strong>squalore</strong></span> <span class='ocrx_word' id='word_1_54' title='bbox 952 1046 1278 1116; x_wconf 87' lang='lat' dir='ltr'><strong>capillorum</strong></span> <span class='ocrx_word' id='word_1_55' title='bbox 1326 1044 1612 1099; x_wconf 88' lang='lat' dir='ltr'><strong>raritatem</strong></span> <span class='ocrx_word' id='word_1_56' title='bbox 1656 1045 1816 1115; x_wconf 90' lang='lat' dir='ltr'><strong>quasi</strong></span> <span class='ocrx_word' id='word_1_57' title='bbox 1865 1046 2117 1116; x_wconf 66' lang='lat' dir='ltr'><strong>quaedam</strong></span> 
     </span>
    </p>
   </div>
   <div class='ocr_carea' id='block_1_12' title="bbox 530 1134 2118 1209">
    <p class='ocr_par' dir='ltr' id='par_1_12' title="bbox 530 1134 2118 1209">
     <span class='ocr_line' id='line_1_12' title="bbox 530 1134 2118 1209; baseline -0.001 -15"><span class='ocrx_word' id='word_1_58' title='bbox 530 1138 767 1209; x_wconf 82' lang='lat' dir='ltr'><strong>insignia</strong></span> <span class='ocrx_word' id='word_1_59' title='bbox 810 1137 1034 1192; x_wconf 88' lang='lat' dir='ltr'><strong>virtutis</strong></span> <span class='ocrx_word' id='word_1_60' title='bbox 1082 1150 1195 1207; x_wconf 70' lang='lat' dir='ltr'><strong>prae</strong></span> <span class='ocrx_word' id='word_1_61' title='bbox 1227 1149 1286 1188; x_wconf 90' lang='lat' dir='ltr'><strong>se</strong></span> <span class='ocrx_word' id='word_1_62' title='bbox 1334 1134 1542 1190; x_wconf 80' lang='lat' dir='ltr'><strong>ferens.</strong></span> <span class='ocrx_word' id='word_1_63' title='bbox 1593 1136 1738 1191; x_wconf 85' lang='lat' dir='ltr'><strong>Huic</strong></span> <span class='ocrx_word' id='word_1_64' title='bbox 1792 1137 1989 1192; x_wconf 90' lang='lat' dir='ltr'><strong>summi</strong></span> <span class='ocrx_word' id='word_1_65' title='bbox 2028 1153 2118 1192; x_wconf 85' lang='lat' dir='ltr'><strong>sa-</strong></span> 
     </span>
    </p>
   </div>
   <div class='ocr_carea' id='block_1_13' title="bbox 529 1226 2119 1299">
    <p class='ocr_par' dir='ltr' id='par_1_13' title="bbox 529 1226 2119 1299">
     <span class='ocr_line' id='line_1_13' title="bbox 529 1226 2119 1299; baseline 0 -14"><span class='ocrx_word' id='word_1_66' title='bbox 529 1229 762 1286; x_wconf 89' lang='lat' dir='ltr'><strong>cerdotii</strong></span> <span class='ocrx_word' id='word_1_67' title='bbox 816 1243 1049 1284; x_wconf 88' lang='lat' dir='ltr'><strong>ancoras</strong></span> <span class='ocrx_word' id='word_1_68' title='bbox 1106 1226 1471 1292; x_wconf 87' lang='lat' dir='ltr'><strong>tradiderunt,</strong></span> <span class='ocrx_word' id='word_1_69' title='bbox 1529 1243 1656 1283; x_wconf 92' lang='lat' dir='ltr'><strong>cum</strong></span> <span class='ocrx_word' id='word_1_70' title='bbox 1717 1229 2119 1299; x_wconf 88' lang='lat' dir='ltr'><strong>approbatione</strong></span> 
     </span>
    </p>
   </div>
   <div class='ocr_carea' id='block_1_14' title="bbox 527 1321 2117 1392">
    <p class='ocr_par' dir='ltr' id='par_1_14' title="bbox 527 1321 2117 1392">
     <span class='ocr_line' id='line_1_14' title="bbox 527 1321 2117 1392; baseline 0.001 -14"><span class='ocrx_word' id='word_1_71' title='bbox 527 1337 742 1378; x_wconf 87' lang='lat' dir='ltr'><strong>summa</strong></span> <span class='ocrx_word' id='word_1_72' title='bbox 813 1321 1062 1376; x_wconf 87' lang='lat' dir='ltr'><strong>omnium</strong></span> <span class='ocrx_word' id='word_1_73' title='bbox 1137 1321 1526 1392; x_wconf 88' lang='lat' dir='ltr'><strong>religiosorum</strong></span> <span class='ocrx_word' id='word_1_74' title='bbox 1603 1321 1911 1385; x_wconf 85' lang='lat' dir='ltr'><strong>hominum.</strong></span> <span class='ocrx_word' id='word_1_75' title='bbox 1990 1339 2117 1379; x_wconf 92' lang='lat' dir='ltr'><strong>cum</strong></span> 
     </span>
    </p>
   </div>
   <div class='ocr_carea' id='block_1_15' title="bbox 525 1413 2116 1484">
    <p class='ocr_par' dir='ltr' id='par_1_15' title="bbox 525 1413 2116 1484">
     <span class='ocr_line' id='line_1_15' title="bbox 525 1413 2116 1484; baseline 0 -14"><span class='ocrx_word' id='word_1_76' title='bbox 525 1431 719 1470; x_wconf 90' lang='lat' dir='ltr'><strong>eorum</strong></span> <span class='ocrx_word' id='word_1_77' title='bbox 751 1413 846 1484; x_wconf 89' lang='lat' dir='ltr'><strong>qui</strong></span> <span class='ocrx_word' id='word_1_78' title='bbox 875 1414 930 1468; x_wconf 90' lang='lat' dir='ltr'><strong>in</strong></span> <span class='ocrx_word' id='word_1_79' title='bbox 979 1413 1338 1484; x_wconf 88' lang='lat' dir='ltr'><strong>imperatoria</strong></span> <span class='ocrx_word' id='word_1_80' title='bbox 1377 1414 1517 1469; x_wconf 85' lang='lat' dir='ltr'><strong>urbe</strong></span> <span class='ocrx_word' id='word_1_81' title='bbox 1562 1416 1950 1480; x_wconf 77' lang='lat' dir='ltr'><strong>versabantur,</strong></span> <span class='ocrx_word' id='word_1_82' title='bbox 2000 1425 2116 1470; x_wconf 92' lang='lat' dir='ltr'><strong>tum</strong></span> 
     </span>
    </p>
   </div>
   <div class='ocr_carea' id='block_1_16' title="bbox 524 1507 2118 1578">
    <p class='ocr_par' dir='ltr' id='par_1_16' title="bbox 524 1507 2118 1578">
     <span class='ocr_line' id='line_1_16' title="bbox 524 1507 2118 1578; baseline 0.001 -16"><span class='ocrx_word' id='word_1_83' title='bbox 524 1523 719 1563; x_wconf 90' lang='lat' dir='ltr'><strong>eorum</strong></span> <span class='ocrx_word' id='word_1_84' title='bbox 755 1507 853 1578; x_wconf 90' lang='lat' dir='ltr'><strong>qui</strong></span> <span class='ocrx_word' id='word_1_85' title='bbox 894 1507 1140 1578; x_wconf 90' lang='lat' dir='ltr'><strong>undique</strong></span> <span class='ocrx_word' id='word_1_86' title='bbox 1171 1507 1226 1562; x_wconf 94' lang='lat' dir='ltr'><strong>in</strong></span> <span class='ocrx_word' id='word_1_87' title='bbox 1264 1522 1386 1563; x_wconf 89' lang='lat' dir='ltr'><strong>eam</strong></span> <span class='ocrx_word' id='word_1_88' title='bbox 1437 1518 1836 1564; x_wconf 78' lang='lat' dir='ltr'><strong>convenerant.</strong></span> <span class='ocrx_word' id='word_1_89' title='bbox 1897 1509 2118 1564; x_wconf 81' lang='lat' dir='ltr'><strong>Etenim</strong></span> 
     </span>
    </p>
   </div>
   <div class='ocr_carea' id='block_1_17' title="bbox 524 1599 2121 1672">
    <p class='ocr_par' dir='ltr' id='par_1_17' title="bbox 524 1599 2121 1672">
     <span class='ocr_line' id='line_1_17' title="bbox 524 1599 2121 1672; baseline -0.001 -14"><span class='ocrx_word' id='word_1_90' title='bbox 524 1602 755 1658; x_wconf 82' lang='lat' dir='ltr'><strong>definito</strong></span> <span class='ocrx_word' id='word_1_91' title='bbox 800 1600 1042 1672; x_wconf 90' lang='lat' dir='ltr'><strong>quodam</strong></span> <span class='ocrx_word' id='word_1_92' title='bbox 1064 1599 1155 1656; x_wconf 91' lang='lat' dir='ltr'><strong>die</strong></span> <span class='ocrx_word' id='word_1_93' title='bbox 1179 1616 1376 1656; x_wconf 89' lang='lat' dir='ltr'><strong>eorum</strong></span> <span class='ocrx_word' id='word_1_94' title='bbox 1409 1610 1740 1668; x_wconf 86' lang='lat' dir='ltr'><strong>conventus,</strong></span> <span class='ocrx_word' id='word_1_95' title='bbox 1781 1601 1837 1656; x_wconf 91' lang='lat' dir='ltr'><strong>in</strong></span> <span class='ocrx_word' id='word_1_96' title='bbox 1871 1616 1982 1672; x_wconf 89' lang='lat' dir='ltr'><strong>quo</strong></span> <span class='ocrx_word' id='word_1_97' title='bbox 2016 1601 2121 1657; x_wconf 91' lang='lat' dir='ltr'><strong>Ec-</strong></span> 
     </span>
    </p>
   </div>
   <div class='ocr_carea' id='block_1_18' title="bbox 525 1692 2120 1760">
    <p class='ocr_par' dir='ltr' id='par_1_18' title="bbox 525 1692 2120 1760">
     <span class='ocr_line' id='line_1_18' title="bbox 525 1692 2120 1760; baseline -0.002 -8"><span class='ocrx_word' id='word_1_98' title='bbox 525 1696 694 1752; x_wconf 88' lang='lat' dir='ltr'><strong>clesia</strong></span> <span class='ocrx_word' id='word_1_99' title='bbox 737 1710 903 1750; x_wconf 89' lang='lat' dir='ltr'><strong>suum</strong></span> <span class='ocrx_word' id='word_1_100' title='bbox 956 1692 1129 1749; x_wconf 86' lang='lat' dir='ltr'><strong>decus</strong></span> <span class='ocrx_word' id='word_1_101' title='bbox 1159 1701 1218 1748; x_wconf 90' lang='lat' dir='ltr'><strong>et</strong></span> <span class='ocrx_word' id='word_1_102' title='bbox 1250 1701 1512 1748; x_wconf 90' lang='lat' dir='ltr'><strong>ornatum</strong></span> <span class='ocrx_word' id='word_1_103' title='bbox 1563 1693 1764 1760; x_wconf 89' lang='lat' dir='ltr'><strong>induit,</strong></span> <span class='ocrx_word' id='word_1_104' title='bbox 1817 1693 2120 1750; x_wconf 89' lang='lat' dir='ltr'><strong>descende-</strong></span> 
     </span>
    </p>
   </div>
   <div class='ocr_carea' id='block_1_19' title="bbox 523 1783 2112 1857">
    <p class='ocr_par' dir='ltr' id='par_1_19' title="bbox 523 1783 2112 1857">
     <span class='ocr_line' id='line_1_19' title="bbox 523 1783 2112 1857; baseline -0.003 -12"><span class='ocrx_word' id='word_1_105' title='bbox 523 1797 654 1845; x_wconf 92' lang='lat' dir='ltr'><strong>runt</strong></span> <span class='ocrx_word' id='word_1_106' title='bbox 688 1803 757 1843; x_wconf 80' lang='lat' dir='ltr'><strong>ex</strong></span> <span class='ocrx_word' id='word_1_107' title='bbox 778 1785 988 1843; x_wconf 87' lang='lat' dir='ltr'><strong>celebri</strong></span> <span class='ocrx_word' id='word_1_108' title='bbox 1017 1793 1204 1841; x_wconf 90' lang='lat' dir='ltr'><strong>monte</strong></span> <span class='ocrx_word' id='word_1_109' title='bbox 1231 1783 1483 1857; x_wconf 83' lang='lat' dir='ltr'><strong>Olympo,</strong></span> <span class='ocrx_word' id='word_1_110' title='bbox 1512 1785 1729 1842; x_wconf 79' lang='lat' dir='ltr'><strong>Athone</strong></span> <span class='ocrx_word' id='word_1_111' title='bbox 1755 1787 1885 1841; x_wconf 83' lang='lat' dir='ltr'><strong>item</strong></span> <span class='ocrx_word' id='word_1_112' title='bbox 1913 1795 1971 1841; x_wconf 90' lang='lat' dir='ltr'><strong>et</strong></span> <span class='ocrx_word' id='word_1_113' title='bbox 1997 1786 2112 1853; x_wconf 91' lang='lat' dir='ltr'><strong>lda,</strong></span> 
     </span>
    </p>
   </div>
   <div class='ocr_carea' id='block_1_20' title="bbox 2222 584 3814 659">
    <p class='ocr_par' dir='ltr' id='par_1_20' title="bbox 2222 584 3814 659">
     <span class='ocr_line' id='line_1_20' title="bbox 2222 584 3814 659; baseline 0.001 -19"><span class='ocrx_word' id='word_1_114' title='bbox 2222 587 2543 659; x_wconf 74' lang='grc' dir='ltr'><strong>κακόφρονα</strong></span> <span class='ocrx_word' id='word_1_115' title='bbox 2601 586 2830 659; x_wconf 80' lang='grc' dir='ltr'><strong>γνώμην</strong></span> <span class='ocrx_word' id='word_1_116' title='bbox 2865 584 3299 656; x_wconf 79' lang='grc' dir='ltr'><strong>ἁπελεγχθέντος</strong></span> <span class='ocrx_word' id='word_1_117' title='bbox 3346 584 3483 657; x_wconf 83' lang='grc'>(51),</span> <span class='ocrx_word' id='word_1_118' title='bbox 3527 587 3608 650; x_wconf 77' lang='grc' dir='ltr'><strong>εἰς</strong></span> <span class='ocrx_word' id='word_1_119' title='bbox 3639 585 3814 656; x_wconf 82' lang='grc' dir='ltr'><strong>θυμὸν</strong></span> 
     </span>
    </p>
   </div>
   <div class='ocr_carea' id='block_1_21' title="bbox 2223 673 3813 752">
    <p class='ocr_par' dir='ltr' id='par_1_21' title="bbox 2223 673 3813 752">
     <span class='ocr_line' id='line_1_21' title="bbox 2223 673 3813 752; baseline 0.001 -20"><span class='ocrx_word' id='word_1_120' title='bbox 2223 679 2428 750; x_wconf 86' lang='grc' dir='ltr'><strong>μᾶλλον</strong></span> <span class='ocrx_word' id='word_1_121' title='bbox 2451 679 2649 752; x_wconf 81' lang='grc' dir='ltr'><strong>ἐξῆγεν</strong></span> <span class='ocrx_word' id='word_1_122' title='bbox 2679 678 2770 732; x_wconf 73' lang='grc' dir='ltr'><strong>τὸν</strong></span> <span class='ocrx_word' id='word_1_123' title='bbox 2796 679 3033 749; x_wconf 75' lang='grc' dir='ltr'><strong>ἐταστὴν</strong></span> <span class='ocrx_word' id='word_1_124' title='bbox 3063 678 3313 749; x_wconf 73' lang='grc' dir='ltr'><strong>ἔμφρονα</strong></span> <span class='ocrx_word' id='word_1_125' title='bbox 3351 677 3489 750; x_wconf 73' lang='grc'>(52),</span> <span class='ocrx_word' id='word_1_126' title='bbox 3520 679 3588 733; x_wconf 85' lang='grc' dir='ltr'><strong>δι’</strong></span> <span class='ocrx_word' id='word_1_127' title='bbox 3615 673 3678 735; x_wconf 70' lang='grc' dir='ltr'><strong>οὗ</strong></span> <span class='ocrx_word' id='word_1_128' title='bbox 3717 681 3813 734; x_wconf 81' lang='grc' dir='ltr'><strong>καὶ</strong></span> 
     </span>
    </p>
   </div>
   <div class='ocr_carea' id='block_1_22' title="bbox 2218 767 3815 840">
    <p class='ocr_par' dir='ltr' id='par_1_22' title="bbox 2218 767 3815 840">
     <span class='ocr_line' id='line_1_22' title="bbox 2218 767 3815 840; baseline 0 -17"><span class='ocrx_word' id='word_1_129' title='bbox 2218 770 2320 840; x_wconf 82' lang='grc' dir='ltr'><strong>τῆς</strong></span> <span class='ocrx_word' id='word_1_130' title='bbox 2362 769 2831 840; x_wconf 80' lang='grc' dir='ltr'><strong>ὲκκλησιαστικῆς</strong></span> <span class='ocrx_word' id='word_1_131' title='bbox 2863 769 3220 839; x_wconf 74' lang='grc' dir='ltr'><strong>ἐπικρατείας</strong></span> <span class='ocrx_word' id='word_1_132' title='bbox 3266 767 3492 832; x_wconf 75' lang='grc' dir='ltr'><strong>ἐνδίκως</strong></span> <span class='ocrx_word' id='word_1_133' title='bbox 3524 769 3815 823; x_wconf 75' lang='grc' dir='ltr'><strong>ἐκπέπτω-</strong></span> 
     </span>
    </p>
   </div>
   <div class='ocr_carea' id='block_1_23' title="bbox 2220 859 3810 936">
    <p class='ocr_par' dir='ltr' id='par_1_23' title="bbox 2220 859 3810 936">
     <span class='ocr_line' id='line_1_23' title="bbox 2220 859 3810 936; baseline -0.002 -19"><span class='ocrx_word' id='word_1_134' title='bbox 2220 881 2339 929; x_wconf 83' lang='grc' dir='ltr'><strong>κεν,</strong></span> <span class='ocrx_word' id='word_1_135' title='bbox 2373 863 2453 936; x_wconf 81' lang='grc' dir='ltr'><strong>τῷ</strong></span> <span class='ocrx_word' id='word_1_136' title='bbox 2484 863 2922 935; x_wconf 83' lang='grc' dir='ltr'><strong>κατηγορηθέντι</strong></span> <span class='ocrx_word' id='word_1_137' title='bbox 2943 860 3143 932; x_wconf 80' lang='grc' dir='ltr'><strong>μᾶλλον</strong></span> <span class='ocrx_word' id='word_1_138' title='bbox 3172 859 3310 934; x_wconf 79' lang='grc'>(55),</span> <span class='ocrx_word' id='word_1_139' title='bbox 3333 860 3438 916; x_wconf 78' lang='grc' dir='ltr'><strong>κᾶν</strong></span> <span class='ocrx_word' id='word_1_140' title='bbox 3475 862 3552 934; x_wconf 82' lang='grc' dir='ltr'><strong>μὴ</strong></span> <span class='ocrx_word' id='word_1_141' title='bbox 3584 861 3810 930; x_wconf 68' lang='grc' dir='ltr'><strong>ἐθέλων,</strong></span> 
     </span>
    </p>
   </div>
   <div class='ocr_carea' id='block_1_24' title="bbox 2217 953 3815 1028">
    <p class='ocr_par' dir='ltr' id='par_1_24' title="bbox 2217 953 3815 1028">
     <span class='ocr_line' id='line_1_24' title="bbox 2217 953 3815 1028; baseline 0 -18"><span class='ocrx_word' id='word_1_142' title='bbox 2217 955 2608 1028; x_wconf 81' lang='grc' dir='ltr'><strong>δωρησάμενος</strong></span> <span class='ocrx_word' id='word_1_143' title='bbox 2664 955 3130 1026; x_wconf 82' lang='grc' dir='ltr'><strong>ἀπαρέγγραπτον</strong></span> <span class='ocrx_word' id='word_1_144' title='bbox 3181 953 3428 1012; x_wconf 76' lang='grc' dir='ltr'><strong>ἔπαινον.</strong></span> <span class='ocrx_word' id='word_1_145' title='bbox 3484 955 3597 1010; x_wconf 78' lang='grc' dir='ltr'><strong>Καὶ</strong></span> <span class='ocrx_word' id='word_1_146' title='bbox 3654 955 3815 1010; x_wconf 79' lang='grc' dir='ltr'><strong>εὐσε-</strong></span> 
     </span>
    </p>
   </div>
   <div class='ocr_carea' id='block_1_25' title="bbox 2220 1045 3813 1120">
    <p class='ocr_par' dir='ltr' id='par_1_25' title="bbox 2220 1045 3813 1120">
     <span class='ocr_line' id='line_1_25' title="bbox 2220 1045 3813 1120; baseline -0.001 -18"><span class='ocrx_word' id='word_1_147' title='bbox 2220 1049 2322 1118; x_wconf 76' lang='grc' dir='ltr'><strong>ϐὴς</strong></span> <span class='ocrx_word' id='word_1_148' title='bbox 2357 1047 2468 1120; x_wconf 72' lang='grc'>(54)</span> <span class='ocrx_word' id='word_1_149' title='bbox 2493 1049 2879 1117; x_wconf 76' lang='grc' dir='ltr'><strong>ἀντεισάγεται</strong></span> <span class='ocrx_word' id='word_1_150' title='bbox 2912 1047 3262 1119; x_wconf 80' lang='grc' dir='ltr'><strong>πατριάρχης</strong></span> <span class='ocrx_word' id='word_1_151' title='bbox 3282 1045 3567 1113; x_wconf 84' lang='grc' dir='ltr'><strong>Μεθόδιος,</strong></span> <span class='ocrx_word' id='word_1_152' title='bbox 3597 1047 3656 1100; x_wconf 82' lang='grc' dir='ltr'><strong>ὲν</strong></span> <span class='ocrx_word' id='word_1_153' title='bbox 3678 1049 3813 1102; x_wconf 78' lang='grc' dir='ltr'><strong>ἑαυ-</strong></span> 
     </span>
    </p>
   </div>
   <div class='ocr_carea' id='block_1_26' title="bbox 2219 1134 3812 1209">
    <p class='ocr_par' dir='ltr' id='par_1_26' title="bbox 2219 1134 3812 1209">
     <span class='ocr_line' id='line_1_26' title="bbox 2219 1134 3812 1209; baseline -0.001 -18"><span class='ocrx_word' id='word_1_154' title='bbox 2219 1138 2299 1208; x_wconf 86' lang='grc' dir='ltr'>τῷ</span> <span class='ocrx_word' id='word_1_155' title='bbox 2330 1139 2560 1192; x_wconf 85' lang='grc' dir='ltr'><strong>πλεῖστα</strong></span> <span class='ocrx_word' id='word_1_156' title='bbox 2589 1137 2659 1191; x_wconf 80' lang='grc' dir='ltr'><strong>τὰ</strong></span> <span class='ocrx_word' id='word_1_157' title='bbox 2683 1137 2827 1209; x_wconf 80' lang='grc' dir='ltr'><strong>ὑπὲρ</strong></span> <span class='ocrx_word' id='word_1_158' title='bbox 2850 1136 3144 1201; x_wconf 76' lang='grc' dir='ltr'><strong>εὐσεϐείας</strong></span> <span class='ocrx_word' id='word_1_159' title='bbox 3177 1136 3455 1206; x_wconf 73' lang='grc' dir='ltr'><strong>στίγματα</strong></span> <span class='ocrx_word' id='word_1_160' title='bbox 3484 1135 3580 1190; x_wconf 79' lang='grc' dir='ltr'><strong>καὶ</strong></span> <span class='ocrx_word' id='word_1_161' title='bbox 3613 1134 3714 1208; x_wconf 81' lang='grc' dir='ltr'><strong>τὴν</strong></span> <span class='ocrx_word' id='word_1_162' title='bbox 3741 1135 3812 1190; x_wconf 79' lang='grc' dir='ltr'><strong>δι’</strong></span> 
     </span>
    </p>
   </div>
   <div class='ocr_carea' id='block_1_27' title="bbox 2222 1222 3814 1306">
    <p class='ocr_par' dir='ltr' id='par_1_27' title="bbox 2222 1222 3814 1306">
     <span class='ocr_line' id='line_1_27' title="bbox 2222 1222 3814 1306; baseline -0.003 -22"><span class='ocrx_word' id='word_1_163' title='bbox 2222 1231 2447 1303; x_wconf 78' lang='grc' dir='ltr'><strong>εἱρκτῆς</strong></span> <span class='ocrx_word' id='word_1_164' title='bbox 2483 1228 2784 1301; x_wconf 83' lang='grc' dir='ltr'><strong>σαπρώσης</strong></span> <span class='ocrx_word' id='word_1_165' title='bbox 2803 1228 2914 1283; x_wconf 90' lang='grc' dir='ltr'><strong>τῶν</strong></span> <span class='ocrx_word' id='word_1_166' title='bbox 2941 1228 3150 1299; x_wconf 80' lang='grc' dir='ltr'><strong>τριχῶν</strong></span> <span class='ocrx_word' id='word_1_167' title='bbox 3166 1228 3400 1306; x_wconf 75' lang='grc' dir='ltr'><strong>ψίλωσιν</strong></span> <span class='ocrx_word' id='word_1_168' title='bbox 3414 1222 3506 1280; x_wconf 74' lang='grc' dir='ltr'><strong>οἷά</strong></span> <span class='ocrx_word' id='word_1_169' title='bbox 3533 1243 3655 1281; x_wconf 82' lang='grc' dir='ltr'><strong>τινα</strong></span> <span class='ocrx_word' id='word_1_170' title='bbox 3669 1227 3814 1297; x_wconf 83' lang='grc' dir='ltr'><strong>γέρα</strong></span> 
     </span>
    </p>
   </div>
   <div class='ocr_carea' id='block_1_28' title="bbox 2221 1317 3815 1391">
    <p class='ocr_par' dir='ltr' id='par_1_28' title="bbox 2221 1317 3815 1391">
     <span class='ocr_line' id='line_1_28' title="bbox 2221 1317 3815 1391; baseline -0.001 -19"><span class='ocrx_word' id='word_1_171' title='bbox 2221 1321 2694 1390; x_wconf 78' lang='grc' dir='ltr'><strong>προκομιζόμενος</strong></span> <span class='ocrx_word' id='word_1_172' title='bbox 2725 1317 2866 1391; x_wconf 87' lang='grc'>(55).</span> <span class='ocrx_word' id='word_1_173' title='bbox 2903 1319 3092 1389; x_wconf 87' lang='grc' dir='ltr'><strong>Τούτῳ</strong></span> <span class='ocrx_word' id='word_1_174' title='bbox 3135 1319 3236 1381; x_wconf 84' lang='grc' dir='ltr'><strong>τὰς</strong></span> <span class='ocrx_word' id='word_1_175' title='bbox 3279 1317 3672 1389; x_wconf 78' lang='grc' dir='ltr'><strong>ἀρχιερατικὰς</strong></span> <span class='ocrx_word' id='word_1_176' title='bbox 3718 1317 3815 1385; x_wconf 79' lang='grc' dir='ltr'><strong>ἀγ-</strong></span> 
     </span>
    </p>
   </div>
   <div class='ocr_carea' id='block_1_29' title="bbox 2222 1409 3814 1485">
    <p class='ocr_par' dir='ltr' id='par_1_29' title="bbox 2222 1409 3814 1485">
     <span class='ocr_line' id='line_1_29' title="bbox 2222 1409 3814 1485; baseline -0.003 -17"><span class='ocrx_word' id='word_1_177' title='bbox 2222 1413 2396 1485; x_wconf 86' lang='grc' dir='ltr'><strong>κύρας</strong></span> <span class='ocrx_word' id='word_1_178' title='bbox 2423 1412 2684 1466; x_wconf 78' lang='grc' dir='ltr'><strong>ἐπέδοσαν</strong></span> <span class='ocrx_word' id='word_1_179' title='bbox 2710 1413 2807 1466; x_wconf 78' lang='grc' dir='ltr'><strong>σὺν</strong></span> <span class='ocrx_word' id='word_1_180' title='bbox 2840 1411 3079 1482; x_wconf 75' lang='grc' dir='ltr'><strong>ἀποδοχῇ</strong></span> <span class='ocrx_word' id='word_1_181' title='bbox 3127 1409 3278 1482; x_wconf 81' lang='grc' dir='ltr'><strong>πάσῃ</strong></span> <span class='ocrx_word' id='word_1_182' title='bbox 3329 1409 3607 1481; x_wconf 79' lang='grc' dir='ltr'><strong>θεοφόρων</strong></span> <span class='ocrx_word' id='word_1_183' title='bbox 3631 1409 3814 1463; x_wconf 80' lang='grc' dir='ltr'><strong>ἁπάν-</strong></span> 
     </span>
    </p>
   </div>
   <div class='ocr_carea' id='block_1_30' title="bbox 2220 1499 3812 1574">
    <p class='ocr_par' dir='ltr' id='par_1_30' title="bbox 2220 1499 3812 1574">
     <span class='ocr_line' id='line_1_30' title="bbox 2220 1499 3812 1574; baseline -0.003 -18"><span class='ocrx_word' id='word_1_184' title='bbox 2220 1521 2330 1558; x_wconf 85' lang='grc' dir='ltr'><strong>των</strong></span> <span class='ocrx_word' id='word_1_185' title='bbox 2351 1502 2562 1574; x_wconf 87' lang='grc' dir='ltr'><strong>ἀνδρῶν</strong></span> <span class='ocrx_word' id='word_1_186' title='bbox 2583 1501 2718 1574; x_wconf 85' lang='grc'>(56),</span> <span class='ocrx_word' id='word_1_187' title='bbox 2745 1501 2854 1556; x_wconf 86' lang='grc' dir='ltr'><strong>τῶν</strong></span> <span class='ocrx_word' id='word_1_188' title='bbox 2887 1518 2947 1554; x_wconf 86' lang='grc' dir='ltr'><strong>τε</strong></span> <span class='ocrx_word' id='word_1_189' title='bbox 2973 1505 3039 1572; x_wconf 85' lang='grc' dir='ltr'><strong>τῇ</strong></span> <span class='ocrx_word' id='word_1_190' title='bbox 3081 1499 3313 1572; x_wconf 79' lang='grc' dir='ltr'><strong>βασιλίδι</strong></span> <span class='ocrx_word' id='word_1_191' title='bbox 3338 1502 3812 1571; x_wconf 71' lang='grc' dir='ltr'><strong>περινοστοῦντων</strong></span> 
     </span>
    </p>
   </div>
   <div class='ocr_carea' id='block_1_31' title="bbox 2222 1591 3813 1665">
    <p class='ocr_par' dir='ltr' id='par_1_31' title="bbox 2222 1591 3813 1665">
     <span class='ocr_line' id='line_1_31' title="bbox 2222 1591 3813 1665; baseline -0.003 -17"><span class='ocrx_word' id='word_1_192' title='bbox 2222 1596 2317 1648; x_wconf 75' lang='grc' dir='ltr'><strong>καὶ</strong></span> <span class='ocrx_word' id='word_1_193' title='bbox 2347 1595 2456 1649; x_wconf 89' lang='grc' dir='ltr'><strong>τῶν</strong></span> <span class='ocrx_word' id='word_1_194' title='bbox 2492 1594 2832 1665; x_wconf 78' lang='grc' dir='ltr'><strong>πανταχόθεν</strong></span> <span class='ocrx_word' id='word_1_195' title='bbox 2880 1592 3018 1665; x_wconf 70' lang='grc' dir='ltr'><strong>πρὸς</strong></span> <span class='ocrx_word' id='word_1_196' title='bbox 3049 1591 3257 1662; x_wconf 89' lang='grc' dir='ltr'><strong>ταύτην</strong></span> <span class='ocrx_word' id='word_1_197' title='bbox 3285 1591 3644 1665; x_wconf 73' lang='grc' dir='ltr'><strong>ἐληλυθότων.</strong></span> <span class='ocrx_word' id='word_1_198' title='bbox 3699 1592 3813 1646; x_wconf 76' lang='grc' dir='ltr'><strong>Καὶ</strong></span> 
     </span>
    </p>
   </div>
   <div class='ocr_carea' id='block_1_32' title="bbox 2221 1681 3813 1763">
    <p class='ocr_par' dir='ltr' id='par_1_32' title="bbox 2221 1681 3813 1763">
     <span class='ocr_line' id='line_1_32' title="bbox 2221 1681 3813 1763; baseline -0.003 -23"><span class='ocrx_word' id='word_1_199' title='bbox 2221 1685 2330 1756; x_wconf 83' lang='grc' dir='ltr'><strong>γὰρ</strong></span> <span class='ocrx_word' id='word_1_200' title='bbox 2361 1685 2502 1739; x_wconf 83' lang='grc' dir='ltr'><strong>κατά</strong></span> <span class='ocrx_word' id='word_1_201' title='bbox 2535 1685 2902 1756; x_wconf 81' lang='grc' dir='ltr'><strong>διωρισμένην</strong></span> <span class='ocrx_word' id='word_1_202' title='bbox 2937 1683 3154 1754; x_wconf 84' lang='grc' dir='ltr'><strong>ἡμέραν</strong></span> <span class='ocrx_word' id='word_1_203' title='bbox 3187 1683 3289 1756; x_wconf 86' lang='grc' dir='ltr'><strong>τῆς</strong></span> <span class='ocrx_word' id='word_1_204' title='bbox 3339 1682 3521 1737; x_wconf 80' lang='grc' dir='ltr'><strong>αὐτῶν</strong></span> <span class='ocrx_word' id='word_1_205' title='bbox 3556 1681 3813 1763; x_wconf 74' lang='grc' dir='ltr'><strong>συνελεύ-</strong></span> 
     </span>
    </p>
   </div>
   <div class='ocr_carea' id='block_1_33' title="bbox 2224 1774 3814 1849">
    <p class='ocr_par' dir='ltr' id='par_1_33' title="bbox 2224 1774 3814 1849">
     <span class='ocr_line' id='line_1_33' title="bbox 2224 1774 3814 1849; baseline 0.001 -20"><span class='ocrx_word' id='word_1_206' title='bbox 2224 1793 2361 1841; x_wconf 87' lang='grc' dir='ltr'><strong>σεως</strong></span> <span class='ocrx_word' id='word_1_207' title='bbox 2372 1776 2537 1849; x_wconf 79' lang='grc'>’(57),</span> <span class='ocrx_word' id='word_1_208' title='bbox 2560 1777 2683 1832; x_wconf 77' lang='grc' dir='ltr'><strong>καθ’</strong></span> <span class='ocrx_word' id='word_1_209' title='bbox 2705 1778 2821 1848; x_wconf 80' lang='grc' dir='ltr'><strong>ἧνή</strong></span> <span class='ocrx_word' id='word_1_210' title='bbox 2855 1775 2951 1830; x_wconf 91' lang='grc' dir='ltr'><strong>τοῦ</strong></span> <span class='ocrx_word' id='word_1_211' title='bbox 2983 1775 3121 1829; x_wconf 84' lang='grc' dir='ltr'><strong>Θεοῦ</strong></span> <span class='ocrx_word' id='word_1_212' title='bbox 3160 1774 3462 1847; x_wconf 78' lang='grc' dir='ltr'><strong>Ἐκκλησία</strong></span> <span class='ocrx_word' id='word_1_213' title='bbox 3489 1775 3589 1846; x_wconf 77' lang='grc' dir='ltr'><strong>τὴν</strong></span> <span class='ocrx_word' id='word_1_214' title='bbox 3611 1775 3814 1847; x_wconf 80' lang='grc' dir='ltr'><strong>ἑαυτῆς</strong></span> 
     </span>
    </p>
   </div>
   <div class='ocr_carea' id='block_1_34' title="bbox 523 1854 2117 1950">
    <p class='ocr_par' dir='ltr' id='par_1_34' title="bbox 523 1854 2117 1950">
     <span class='ocr_line' id='line_1_34' title="bbox 523 1854 2117 1950; baseline -0.001 -17"><span class='ocrx_word' id='word_1_215' title='bbox 523 1879 659 1949; x_wconf 91' lang='lat' dir='ltr'><strong>quin</strong></span> <span class='ocrx_word' id='word_1_216' title='bbox 693 1887 750 1934; x_wconf 90' lang='lat' dir='ltr'><strong>et</strong></span> <span class='ocrx_word' id='word_1_217' title='bbox 775 1892 842 1932; x_wconf 81' lang='lat' dir='ltr'><strong>ex</strong></span> <span class='ocrx_word' id='word_1_218' title='bbox 890 1854 1318 1947; x_wconf 77' lang='lat' dir='ltr'><strong>congregatione</strong></span> <span class='ocrx_word' id='word_1_219' title='bbox 1369 1854 1439 1932; x_wconf 75' lang='lat' dir='ltr'><strong>ad</strong></span> <span class='ocrx_word' id='word_1_220' title='bbox 1485 1877 1776 1950; x_wconf 82' lang='lat' dir='ltr'><strong>Cyminan,</strong></span> <span class='ocrx_word' id='word_1_221' title='bbox 1829 1887 2019 1949; x_wconf 89' lang='lat' dir='ltr'><strong>aperte</strong></span> <span class='ocrx_word' id='word_1_222' title='bbox 2063 1886 2117 1933; x_wconf 91' lang='lat' dir='ltr'><strong>et</strong></span> 
     </span>
    </p>
   </div>
   <div class='ocr_carea' id='block_1_35' title="bbox 2221 1854 3815 1950">
    <p class='ocr_par' dir='ltr' id='par_1_35' title="bbox 2225 1869 3815 1942">
     <span class='ocr_line' id='line_1_35' title="bbox 2225 1869 3815 1942; baseline -0.001 -18"><span class='ocrx_word' id='word_1_223' title='bbox 2225 1871 2562 1942; x_wconf 82' lang='grc' dir='ltr'><strong>εὐπρέπειαν</strong></span> <span class='ocrx_word' id='word_1_224' title='bbox 2585 1869 2988 1940; x_wconf 79' lang='grc' dir='ltr'><strong>ἀμφεσάλλετο,</strong></span> <span class='ocrx_word' id='word_1_225' title='bbox 3023 1869 3280 1924; x_wconf 88' lang='grc' dir='ltr'><strong>κατίασιν</strong></span> <span class='ocrx_word' id='word_1_226' title='bbox 3317 1869 3386 1923; x_wconf 82' lang='grc' dir='ltr'><strong>ὲκ</strong></span> <span class='ocrx_word' id='word_1_227' title='bbox 3409 1869 3507 1922; x_wconf 89' lang='grc' dir='ltr'><strong>τοῦ</strong></span> <span class='ocrx_word' id='word_1_228' title='bbox 3542 1869 3815 1940; x_wconf 85' lang='grc' dir='ltr'><strong>περιωνύ-</strong></span> 
     </span>
    </p>
   </div>
   <div class='ocr_carea' id='block_1_36' title="bbox 525 1969 2119 2042">
    <p class='ocr_par' dir='ltr' id='par_1_36' title="bbox 525 1969 2119 2042">
     <span class='ocr_line' id='line_1_36' title="bbox 525 1969 2119 2042; baseline 0 -16"><span class='ocrx_word' id='word_1_229' title='bbox 525 1973 672 2026; x_wconf 90' lang='lat' dir='ltr'><strong>clare</strong></span> <span class='ocrx_word' id='word_1_230' title='bbox 726 1985 912 2024; x_wconf 89' lang='lat' dir='ltr'><strong>veram</strong></span> <span class='ocrx_word' id='word_1_231' title='bbox 973 1969 1141 2023; x_wconf 84' lang='lat' dir='ltr'><strong>ﬁdem</strong></span> <span class='ocrx_word' id='word_1_232' title='bbox 1189 1970 1578 2040; x_wconf 68' lang='lat' dir='ltr'><strong>praedicantes,</strong></span> <span class='ocrx_word' id='word_1_233' title='bbox 1633 1971 2119 2042; x_wconf 84' lang='lat' dir='ltr'><strong>imperatoriisque</strong></span> 
     </span>
    </p>
   </div>
   <div class='ocr_carea' id='block_1_37' title="bbox 524 2059 2118 2118">
    <p class='ocr_par' dir='ltr' id='par_1_37' title="bbox 524 2059 2118 2118">
     <span class='ocr_line' id='line_1_37' title="bbox 524 2059 2118 2118; baseline 0 -2"><span class='ocrx_word' id='word_1_234' title='bbox 524 2059 1072 2116; x_wconf 84' lang='lat' dir='ltr'><strong>rcmunerationibus</strong></span> <span class='ocrx_word' id='word_1_235' title='bbox 1115 2067 1172 2114; x_wconf 89' lang='lat' dir='ltr'><strong>et</strong></span> <span class='ocrx_word' id='word_1_236' title='bbox 1209 2060 1526 2116; x_wconf 86' lang='lat' dir='ltr'><strong>honerariis</strong></span> <span class='ocrx_word' id='word_1_237' title='bbox 1559 2061 1886 2118; x_wconf 87' lang='lat' dir='ltr'><strong>decentibus</strong></span> <span class='ocrx_word' id='word_1_238' title='bbox 1935 2063 2118 2118; x_wconf 70' lang='lat' dir='ltr'><strong>aﬁecti</strong></span> 
     </span>
    </p>
   </div>
   <div class='ocr_carea' id='block_1_38' title="bbox 523 2153 2121 2227">
    <p class='ocr_par' dir='ltr' id='par_1_38' title="bbox 523 2153 2121 2227">
     <span class='ocr_line' id='line_1_38' title="bbox 523 2153 2121 2227; baseline 0 -17"><span class='ocrx_word' id='word_1_239' title='bbox 523 2155 594 2210; x_wconf 91' lang='lat' dir='ltr'><strong>ad</strong></span> <span class='ocrx_word' id='word_1_240' title='bbox 625 2170 724 2209; x_wconf 88' lang='lat' dir='ltr'><strong>sua</strong></span> <span class='ocrx_word' id='word_1_241' title='bbox 752 2153 1108 2210; x_wconf 88' lang='lat' dir='ltr'><strong>tabernacula</strong></span> <span class='ocrx_word' id='word_1_242' title='bbox 1158 2163 1512 2210; x_wconf 89' lang='lat' dir='ltr'><strong>recesserunt</strong></span> <span class='ocrx_word' id='word_1_243' title='bbox 1542 2173 1555 2209; x_wconf 91' lang='lat'><strong>:</strong></span> <span class='ocrx_word' id='word_1_244' title='bbox 1594 2154 1830 2227; x_wconf 86' lang='lat' dir='ltr'><strong>quorum</strong></span> <span class='ocrx_word' id='word_1_245' title='bbox 1864 2172 2010 2212; x_wconf 77' lang='lat' dir='ltr'><strong>verae</strong></span> <span class='ocrx_word' id='word_1_246' title='bbox 2057 2156 2121 2210; x_wconf 79' lang='lat' dir='ltr'><strong>ti-</strong></span> 
     </span>
    </p>
   </div>
   <div class='ocr_carea' id='block_1_39' title="bbox 521 2245 2119 2320">
    <p class='ocr_par' dir='ltr' id='par_1_39' title="bbox 521 2245 2119 2320">
     <span class='ocr_line' id='line_1_39' title="bbox 521 2245 2119 2320; baseline 0.001 -17"><span class='ocrx_word' id='word_1_247' title='bbox 521 2247 614 2304; x_wconf 89' lang='lat' dir='ltr'><strong>dei</strong></span> <span class='ocrx_word' id='word_1_248' title='bbox 668 2256 862 2318; x_wconf 87' lang='lat' dir='ltr'><strong>portus</strong></span> <span class='ocrx_word' id='word_1_249' title='bbox 911 2246 981 2302; x_wconf 90' lang='lat' dir='ltr'><strong>ab</strong></span> <span class='ocrx_word' id='word_1_250' title='bbox 1020 2245 1116 2302; x_wconf 90' lang='lat' dir='ltr'><strong>illo</strong></span> <span class='ocrx_word' id='word_1_251' title='bbox 1159 2256 1408 2318; x_wconf 86' lang='lat' dir='ltr'><strong>tempore</strong></span> <span class='ocrx_word' id='word_1_252' title='bbox 1437 2248 1506 2303; x_wconf 90' lang='lat' dir='ltr'><strong>ad</strong></span> <span class='ocrx_word' id='word_1_253' title='bbox 1540 2248 1691 2304; x_wconf 92' lang='lat' dir='ltr'><strong>hunc</strong></span> <span class='ocrx_word' id='word_1_254' title='bbox 1742 2264 1920 2320; x_wconf 86' lang='lat' dir='ltr'><strong>usque</strong></span> <span class='ocrx_word' id='word_1_255' title='bbox 1970 2249 2119 2306; x_wconf 90' lang='lat' dir='ltr'><strong>diem</strong></span> 
     </span>
    </p>
   </div>
   <div class='ocr_carea' id='block_1_40' title="bbox 521 2335 2118 2410">
    <p class='ocr_par' dir='ltr' id='par_1_40' title="bbox 521 2335 2118 2410">
     <span class='ocr_line' id='line_1_40' title="bbox 521 2335 2118 2410; baseline 0 -18"><span class='ocrx_word' id='word_1_256' title='bbox 521 2337 732 2394; x_wconf 79' lang='lat' dir='ltr'><strong>virtute</strong></span> <span class='ocrx_word' id='word_1_257' title='bbox 759 2336 968 2393; x_wconf 84' lang='lat' dir='ltr'><strong>Christi</strong></span> <span class='ocrx_word' id='word_1_258' title='bbox 1001 2335 1267 2392; x_wconf 91' lang='lat' dir='ltr'><strong>custoditi</strong></span> <span class='ocrx_word' id='word_1_259' title='bbox 1295 2347 1623 2408; x_wconf 86' lang='lat' dir='ltr'><strong>permanent</strong></span> <span class='ocrx_word' id='word_1_260' title='bbox 1645 2339 1990 2410; x_wconf 87' lang='lat' dir='ltr'><strong>tempestatis</strong></span> <span class='ocrx_word' id='word_1_261' title='bbox 2018 2354 2118 2394; x_wconf 81' lang='lat' dir='ltr'><strong>ex-</strong></span> 
     </span>
    </p>
   </div>
   <div class='ocr_carea' id='block_1_41' title="bbox 523 2439 731 2502">
    <p class='ocr_par' dir='ltr' id='par_1_41' title="bbox 523 2439 731 2502">
     <span class='ocr_line' id='line_1_41' title="bbox 523 2439 731 2502; baseline 0.01 -18"><span class='ocrx_word' id='word_1_262' title='bbox 523 2439 731 2502; x_wconf 87' lang='lat' dir='ltr'><strong>pertes.</strong></span> 
     </span>
    </p>
   </div>
   <div class='ocr_carea' id='block_1_42' title="bbox 598 2607 2118 2680">
    <p class='ocr_par' dir='ltr' id='par_1_42' title="bbox 598 2607 2118 2680">
     <span class='ocr_line' id='line_1_42' title="bbox 598 2607 2118 2680; baseline 0.001 -17"><span class='ocrx_word' id='word_1_263' title='bbox 598 2607 726 2664; x_wconf 68' lang='lat' dir='ltr'><strong>Haec</strong></span> <span class='ocrx_word' id='word_1_264' title='bbox 749 2608 927 2679; x_wconf 88' lang='lat' dir='ltr'><strong>prima</strong></span> <span class='ocrx_word' id='word_1_265' title='bbox 969 2614 1101 2664; x_wconf 87' lang='lat' dir='ltr'><strong>sunt</strong></span> <span class='ocrx_word' id='word_1_266' title='bbox 1131 2609 1414 2664; x_wconf 83' lang='lat' dir='ltr'><strong>Michaelis</strong></span> <span class='ocrx_word' id='word_1_267' title='bbox 1446 2624 1510 2664; x_wconf 90' lang='lat' dir='ltr'><strong>ac</strong></span> <span class='ocrx_word' id='word_1_268' title='bbox 1538 2609 1866 2676; x_wconf 87' lang='lat' dir='ltr'><strong>Theodorae,</strong></span> <span class='ocrx_word' id='word_1_269' title='bbox 1900 2609 2118 2680; x_wconf 86' lang='lat' dir='ltr'><strong>piorum</strong></span> 
     </span>
    </p>
   </div>
   <div class='ocr_carea' id='block_1_43' title="bbox 527 2700 2120 2772">
    <p class='ocr_par' dir='ltr' id='par_1_43' title="bbox 527 2700 2120 2772">
     <span class='ocr_line' id='line_1_43' title="bbox 527 2700 2120 2772; baseline -0.001 -14"><span class='ocrx_word' id='word_1_270' title='bbox 527 2702 949 2772; x_wconf 85' lang='lat' dir='ltr'><strong>imperatorum,</strong></span> <span class='ocrx_word' id='word_1_271' title='bbox 994 2700 1137 2755; x_wconf 80' lang='lat' dir='ltr'><strong>facta</strong></span> <span class='ocrx_word' id='word_1_272' title='bbox 1171 2701 1451 2771; x_wconf 69' lang='lat' dir='ltr'><strong>pmclara.</strong></span> <span class='ocrx_word' id='word_1_273' title='bbox 1499 2703 1672 2757; x_wconf 90' lang='lat' dir='ltr'><strong>Porro</strong></span> <span class='ocrx_word' id='word_1_274' title='bbox 1709 2702 1950 2758; x_wconf 86' lang='lat' dir='ltr'><strong>Joannes</strong></span> <span class='ocrx_word' id='word_1_275' title='bbox 2001 2703 2120 2758; x_wconf 80' lang='lat' dir='ltr'><strong>cui-</strong></span> 
     </span>
    </p>
   </div>
   <div class='ocr_carea' id='block_1_44' title="bbox 527 2795 2118 2866">
    <p class='ocr_par' dir='ltr' id='par_1_44' title="bbox 527 2795 2118 2866">
     <span class='ocr_line' id='line_1_44' title="bbox 527 2795 2118 2866; baseline 0.001 -17"><span class='ocrx_word' id='word_1_276' title='bbox 527 2795 653 2850; x_wconf 89' lang='lat' dir='ltr'><strong>dam</strong></span> <span class='ocrx_word' id='word_1_277' title='bbox 695 2795 1037 2850; x_wconf 78' lang='lat' dir='ltr'><strong>monasterio</strong></span> <span class='ocrx_word' id='word_1_278' title='bbox 1073 2795 1323 2850; x_wconf 89' lang='lat' dir='ltr'><strong>inclusus</strong></span> <span class='ocrx_word' id='word_1_279' title='bbox 1345 2802 1510 2864; x_wconf 87' lang='lat' dir='ltr'><strong>atque</strong></span> <span class='ocrx_word' id='word_1_280' title='bbox 1551 2795 1606 2849; x_wconf 90' lang='lat' dir='ltr'><strong>in</strong></span> <span class='ocrx_word' id='word_1_281' title='bbox 1650 2804 1808 2866; x_wconf 89' lang='lat' dir='ltr'><strong>parte</strong></span> <span class='ocrx_word' id='word_1_282' title='bbox 1839 2796 2028 2866; x_wconf 86' lang='lat' dir='ltr'><strong>templi</strong></span> <span class='ocrx_word' id='word_1_283' title='bbox 2060 2797 2118 2852; x_wconf 88' lang='lat' dir='ltr'><strong>in</strong></span> 
     </span>
    </p>
   </div>
   <div class='ocr_carea' id='block_1_45' title="bbox 525 2887 2119 2958">
    <p class='ocr_par' dir='ltr' id='par_1_45' title="bbox 525 2887 2119 2958">
     <span class='ocr_line' id='line_1_45' title="bbox 525 2887 2119 2958; baseline 0 -14"><span class='ocrx_word' id='word_1_284' title='bbox 525 2904 592 2944; x_wconf 87' lang='lat' dir='ltr'><strong>eo</strong></span> <span class='ocrx_word' id='word_1_285' title='bbox 619 2888 972 2958; x_wconf 89' lang='lat' dir='ltr'><strong>conspicatus</strong></span> <span class='ocrx_word' id='word_1_286' title='bbox 1027 2887 1334 2944; x_wconf 85' lang='lat' dir='ltr'><strong>Salvatoris</strong></span> <span class='ocrx_word' id='word_1_287' title='bbox 1382 2887 1590 2944; x_wconf 84' lang='lat' dir='ltr'><strong>Christi</strong></span> <span class='ocrx_word' id='word_1_288' title='bbox 1624 2889 1722 2944; x_wconf 74' lang='lat' dir='ltr'><strong>Dei</strong></span> <span class='ocrx_word' id='word_1_289' title='bbox 1777 2890 1956 2946; x_wconf 88' lang='lat' dir='ltr'><strong>nostri</strong></span> <span class='ocrx_word' id='word_1_290' title='bbox 1999 2906 2119 2946; x_wconf 86' lang='lat' dir='ltr'><strong>ear-</strong></span> 
     </span>
    </p>
   </div>
   <div class='ocr_carea' id='block_1_46' title="bbox 527 2967 2114 3052">
    <p class='ocr_par' dir='ltr' id='par_1_46' title="bbox 527 2967 2114 3052">
     <span class='ocr_line' id='line_1_46' title="bbox 527 2967 2114 3052; baseline 0.001 -17"><span class='ocrx_word' id='word_1_291' title='bbox 527 2980 709 3036; x_wconf 87' lang='lat' dir='ltr'><strong>nalem</strong></span> <span class='ocrx_word' id='word_1_292' title='bbox 742 2979 1058 3052; x_wconf 77' lang='lat' dir='ltr'><strong>imaginem,</strong></span> <span class='ocrx_word' id='word_1_293' title='bbox 1105 2979 1353 3050; x_wconf 82' lang='lat' dir='ltr'><strong>Deiparae</strong></span> <span class='ocrx_word' id='word_1_294' title='bbox 1384 2979 1515 3035; x_wconf 86' lang='lat' dir='ltr'><strong>item</strong></span> <span class='ocrx_word' id='word_1_295' title='bbox 1545 2988 1603 3035; x_wconf 91' lang='lat' dir='ltr'><strong>et</strong></span> <span class='ocrx_word' id='word_1_296' title='bbox 1633 2967 2114 3052; x_wconf 85' lang='lat' dir='ltr'><strong>archangelorum,</strong></span> 
     </span>
    </p>
   </div>
   <div class='ocr_carea' id='block_1_47' title="bbox 528 3070 2121 3143">
    <p class='ocr_par' dir='ltr' id='par_1_47' title="bbox 528 3070 2121 3143">
     <span class='ocr_line' id='line_1_47' title="bbox 528 3070 2121 3143; baseline 0 -17"><span class='ocrx_word' id='word_1_297' title='bbox 528 3070 782 3143; x_wconf 71' lang='lat' dir='ltr'><strong>praecipit</strong></span> <span class='ocrx_word' id='word_1_298' title='bbox 833 3086 936 3127; x_wconf 89' lang='lat' dir='ltr'><strong>suo</strong></span> <span class='ocrx_word' id='word_1_299' title='bbox 981 3070 1240 3126; x_wconf 86' lang='lat' dir='ltr'><strong>ministro</strong></span> <span class='ocrx_word' id='word_1_300' title='bbox 1279 3080 1342 3126; x_wconf 91' lang='lat' dir='ltr'><strong>ut</strong></span> <span class='ocrx_word' id='word_1_301' title='bbox 1399 3070 1726 3126; x_wconf 89' lang='lat' dir='ltr'><strong>ascenderet</strong></span> <span class='ocrx_word' id='word_1_302' title='bbox 1755 3081 1812 3127; x_wconf 91' lang='lat' dir='ltr'><strong>et</strong></span> <span class='ocrx_word' id='word_1_303' title='bbox 1847 3086 2121 3127; x_wconf 86' lang='lat' dir='ltr'><strong>veneran-</strong></span> 
     </span>
    </p>
   </div>
   <div class='ocr_carea' id='block_1_48' title="bbox 527 3163 2113 3237">
    <p class='ocr_par' dir='ltr' id='par_1_48' title="bbox 527 3163 2113 3237">
     <span class='ocr_line' id='line_1_48' title="bbox 527 3163 2113 3237; baseline 0.001 -18"><span class='ocrx_word' id='word_1_304' title='bbox 527 3165 724 3221; x_wconf 89' lang='lat' dir='ltr'><strong>darum</strong></span> <span class='ocrx_word' id='word_1_305' title='bbox 779 3164 1079 3237; x_wconf 83' lang='lat' dir='ltr'><strong>imaginum</strong></span> <span class='ocrx_word' id='word_1_306' title='bbox 1120 3163 1392 3220; x_wconf 77' lang='lat' dir='ltr'><strong>eﬂoderet</strong></span> <span class='ocrx_word' id='word_1_307' title='bbox 1413 3165 1626 3232; x_wconf 84' lang='lat' dir='ltr'><strong>oculos,</strong></span> <span class='ocrx_word' id='word_1_308' title='bbox 1683 3165 1944 3220; x_wconf 87' lang='lat' dir='ltr'><strong>dictitans</strong></span> <span class='ocrx_word' id='word_1_309' title='bbox 1967 3166 2113 3220; x_wconf 92' lang='lat' dir='ltr'><strong>haud</strong></span> 
     </span>
    </p>
   </div>
   <div class='ocr_carea' id='block_1_49' title="bbox 517 3255 2115 3328">
    <p class='ocr_par' dir='ltr' id='par_1_49' title="bbox 517 3255 2115 3328">
     <span class='ocr_line' id='line_1_49' title="bbox 517 3255 2115 3328; baseline -0.001 -14"><span class='ocrx_word' id='word_1_310' title='bbox 517 3270 585 3316; x_wconf 66' lang='lat' dir='ltr'><strong>te</strong></span> <span class='ocrx_word' id='word_1_311' title='bbox 617 3271 776 3326; x_wconf 86' lang='lat' dir='ltr'><strong>posse</strong></span> <span class='ocrx_word' id='word_1_312' title='bbox 813 3256 882 3311; x_wconf 85' lang='lat' dir='ltr'><strong>ad</strong></span> <span class='ocrx_word' id='word_1_313' title='bbox 910 3256 1020 3327; x_wconf 77' lang='lat'><strong>83</strong></span> <span class='ocrx_word' id='word_1_314' title='bbox 1050 3271 1115 3311; x_wconf 89' lang='lat' dir='ltr'><strong>ea</strong></span> <span class='ocrx_word' id='word_1_315' title='bbox 1138 3255 1383 3328; x_wconf 85' lang='lat' dir='ltr'><strong>dirigere</strong></span> <span class='ocrx_word' id='word_1_316' title='bbox 1407 3256 1696 3312; x_wconf 90' lang='lat' dir='ltr'><strong>oculorum</strong></span> <span class='ocrx_word' id='word_1_317' title='bbox 1740 3259 1915 3313; x_wconf 89' lang='lat' dir='ltr'><strong>aciem</strong></span> <span class='ocrx_word' id='word_1_318' title='bbox 1942 3275 1957 3324; x_wconf 91' lang='lat'><strong>;</strong></span> <span class='ocrx_word' id='word_1_319' title='bbox 1987 3273 2115 3312; x_wconf 91' lang='lat' dir='ltr'><strong>cum</strong></span> 
     </span>
    </p>
   </div>
   <div class='ocr_carea' id='block_1_50' title="bbox 523 3347 2117 3420">
    <p class='ocr_par' dir='ltr' id='par_1_50' title="bbox 523 3347 2117 3420">
     <span class='ocr_line' id='line_1_50' title="bbox 523 3347 2117 3420; baseline 0.001 -16"><span class='ocrx_word' id='word_1_320' title='bbox 523 3347 825 3420; x_wconf 75' lang='lat' dir='ltr'><strong>eﬂigiarius</strong></span> <span class='ocrx_word' id='word_1_321' title='bbox 849 3352 906 3404; x_wconf 88' lang='lat' dir='ltr'><strong>in</strong></span> <span class='ocrx_word' id='word_1_322' title='bbox 945 3350 1241 3420; x_wconf 78' lang='lat' dir='ltr'><strong>iuventute</strong></span> <span class='ocrx_word' id='word_1_323' title='bbox 1269 3348 1808 3404; x_wconf 83' lang='lat' dir='ltr'><strong>exsecrabilissimus</strong></span> <span class='ocrx_word' id='word_1_324' title='bbox 1857 3350 1949 3406; x_wconf 91' lang='lat' dir='ltr'><strong>ille</strong></span> <span class='ocrx_word' id='word_1_325' title='bbox 1981 3349 2117 3405; x_wconf 80' lang='lat' dir='ltr'><strong>fuis-</strong></span> 
     </span>
    </p>
   </div>
   <div class='ocr_carea' id='block_1_51' title="bbox 523 3439 2117 3513">
    <p class='ocr_par' dir='ltr' id='par_1_51' title="bbox 523 3439 2117 3513">
     <span class='ocr_line' id='line_1_51' title="bbox 523 3439 2117 3513; baseline -0.001 -16"><span class='ocrx_word' id='word_1_326' title='bbox 523 3449 628 3506; x_wconf 82' lang='lat' dir='ltr'><strong>set,</strong></span> <span class='ocrx_word' id='word_1_327' title='bbox 683 3450 849 3510; x_wconf 90' lang='lat' dir='ltr'><strong>atque</strong></span> <span class='ocrx_word' id='word_1_328' title='bbox 921 3440 1261 3494; x_wconf 89' lang='lat' dir='ltr'><strong>monasterio</strong></span> <span class='ocrx_word' id='word_1_329' title='bbox 1315 3439 1495 3510; x_wconf 88' lang='lat' dir='ltr'><strong>Sergii</strong></span> <span class='ocrx_word' id='word_1_330' title='bbox 1558 3449 1614 3496; x_wconf 89' lang='lat' dir='ltr'><strong>et</strong></span> <span class='ocrx_word' id='word_1_331' title='bbox 1662 3441 1860 3496; x_wconf 85' lang='lat' dir='ltr'><strong>Bacchi</strong></span> <span class='ocrx_word' id='word_1_332' title='bbox 1907 3453 2117 3513; x_wconf 79' lang='lat' dir='ltr'><strong>marty-</strong></span> 
     </span>
    </p>
   </div>
   <div class='ocr_carea' id='block_1_52' title="bbox 524 3531 2123 3604">
    <p class='ocr_par' dir='ltr' id='par_1_52' title="bbox 524 3531 2123 3604">
     <span class='ocr_line' id='line_1_52' title="bbox 524 3531 2123 3604; baseline 0.002 -17"><span class='ocrx_word' id='word_1_333' title='bbox 524 3548 670 3597; x_wconf 89' lang='lat' dir='ltr'><strong>rum,</strong></span> <span class='ocrx_word' id='word_1_334' title='bbox 703 3537 852 3603; x_wconf 89' lang='lat' dir='ltr'><strong>quod</strong></span> <span class='ocrx_word' id='word_1_335' title='bbox 883 3531 1316 3601; x_wconf 85' lang='lat' dir='ltr'><strong>imperatoribus</strong></span> <span class='ocrx_word' id='word_1_336' title='bbox 1360 3531 1627 3598; x_wconf 78' lang='lat' dir='ltr'><strong>dicatum,</strong></span> <span class='ocrx_word' id='word_1_337' title='bbox 1661 3534 2012 3604; x_wconf 82' lang='lat' dir='ltr'><strong>praepositus.</strong></span> <span class='ocrx_word' id='word_1_338' title='bbox 2048 3534 2123 3590; x_wconf 90' lang='lat' dir='ltr'><strong>Ut</strong></span> 
     </span>
    </p>
   </div>
   <div class='ocr_carea' id='block_1_53' title="bbox 525 3621 2119 3694">
    <p class='ocr_par' dir='ltr' id='par_1_53' title="bbox 525 3621 2119 3694">
     <span class='ocr_line' id='line_1_53' title="bbox 525 3621 2119 3694; baseline 0.001 -16"><span class='ocrx_word' id='word_1_339' title='bbox 525 3623 700 3694; x_wconf 82' lang='lat' dir='ltr'><strong>igitur</strong></span> <span class='ocrx_word' id='word_1_340' title='bbox 730 3623 786 3678; x_wconf 90' lang='lat' dir='ltr'><strong>id</strong></span> <span class='ocrx_word' id='word_1_341' title='bbox 825 3622 1045 3678; x_wconf 85' lang='lat' dir='ltr'><strong>audivit</strong></span> <span class='ocrx_word' id='word_1_342' title='bbox 1097 3621 1346 3692; x_wconf 87' lang='lat' dir='ltr'><strong>piissima</strong></span> <span class='ocrx_word' id='word_1_343' title='bbox 1378 3622 1601 3678; x_wconf 89' lang='lat' dir='ltr'><strong>domina</strong></span> <span class='ocrx_word' id='word_1_344' title='bbox 1655 3624 1969 3692; x_wconf 89' lang='lat' dir='ltr'><strong>Theodora,</strong></span> <span class='ocrx_word' id='word_1_345' title='bbox 1997 3627 2119 3681; x_wconf 80' lang='lat' dir='ltr'><strong>zelo</strong></span> 
     </span>
    </p>
   </div>
   <div class='ocr_carea' id='block_1_54' title="bbox 525 3700 2118 3785">
    <p class='ocr_par' dir='ltr' id='par_1_54' title="bbox 525 3700 2118 3785">
     <span class='ocr_line' id='line_1_54' title="bbox 525 3700 2118 3785; baseline 0.003 -16"><span class='ocrx_word' id='word_1_346' title='bbox 525 3715 730 3770; x_wconf 75' lang='lat' dir='ltr'><strong>amoris</strong></span> <span class='ocrx_word' id='word_1_347' title='bbox 759 3730 889 3785; x_wconf 85' lang='lat' dir='ltr'><strong>erga</strong></span> <span class='ocrx_word' id='word_1_348' title='bbox 927 3712 1211 3769; x_wconf 88' lang='lat' dir='ltr'><strong>Christum</strong></span> <span class='ocrx_word' id='word_1_349' title='bbox 1238 3700 1506 3770; x_wconf 81' lang='lat' dir='ltr'><strong>ardenter</strong></span> <span class='ocrx_word' id='word_1_350' title='bbox 1551 3726 1828 3771; x_wconf 88' lang='lat' dir='ltr'><strong>commota</strong></span> <span class='ocrx_word' id='word_1_351' title='bbox 1863 3717 1991 3783; x_wconf 80' lang='lat' dir='ltr'><strong>fuit,</strong></span> <span class='ocrx_word' id='word_1_352' title='bbox 2049 3718 2118 3773; x_wconf 89' lang='lat' dir='ltr'><strong>il-</strong></span> 
     </span>
    </p>
   </div>
   <div class='ocr_carea' id='block_1_55' title="bbox 524 3805 2122 3881">
    <p class='ocr_par' dir='ltr' id='par_1_55' title="bbox 524 3805 2122 3881">
     <span class='ocr_line' id='line_1_55' title="bbox 524 3805 2122 3881; baseline 0.004 -22"><span class='ocrx_word' id='word_1_353' title='bbox 524 3805 744 3875; x_wconf 73' lang='lat' dir='ltr'><strong>liusque</strong></span> <span class='ocrx_word' id='word_1_354' title='bbox 794 3805 1004 3860; x_wconf 90' lang='lat' dir='ltr'><strong>invisos</strong></span> <span class='ocrx_word' id='word_1_355' title='bbox 1049 3806 1245 3861; x_wconf 90' lang='lat' dir='ltr'><strong>oculos</strong></span> <span class='ocrx_word' id='word_1_356' title='bbox 1275 3821 1474 3862; x_wconf 89' lang='lat' dir='ltr'><strong>eruere</strong></span> <span class='ocrx_word' id='word_1_357' title='bbox 1502 3807 1725 3863; x_wconf 87' lang='lat' dir='ltr'><strong>volebat</strong></span> <span class='ocrx_word' id='word_1_358' title='bbox 1754 3828 1766 3863; x_wconf 94' lang='lat'>:</span> <span class='ocrx_word' id='word_1_359' title='bbox 1798 3810 1897 3864; x_wconf 83' lang='lat' dir='ltr'><strong>sed</strong></span> <span class='ocrx_word' id='word_1_360' title='bbox 1948 3811 2122 3881; x_wconf 88' lang='lat' dir='ltr'><strong>preci-</strong></span> 
     </span>
    </p>
   </div>
   <div class='ocr_carea' id='block_1_56' title="bbox 524 3897 2118 3974">
    <p class='ocr_par' dir='ltr' id='par_1_56' title="bbox 524 3897 2118 3974">
     <span class='ocr_line' id='line_1_56' title="bbox 524 3897 2118 3974; baseline 0.005 -23"><span class='ocrx_word' id='word_1_361' title='bbox 524 3897 632 3951; x_wconf 85' lang='lat' dir='ltr'><strong>bus</strong></span> <span class='ocrx_word' id='word_1_362' title='bbox 681 3898 1049 3968; x_wconf 89' lang='lat' dir='ltr'><strong>quorumdam</strong></span> <span class='ocrx_word' id='word_1_363' title='bbox 1101 3899 1508 3969; x_wconf 88' lang='lat' dir='ltr'><strong>prohibebatur</strong></span> <span class='ocrx_word' id='word_1_364' title='bbox 1550 3918 1564 3955; x_wconf 90' lang='lat'><strong>:</strong></span> <span class='ocrx_word' id='word_1_365' title='bbox 1619 3902 1855 3974; x_wconf 86' lang='lat' dir='ltr'><strong>proinde</strong></span> <span class='ocrx_word' id='word_1_366' title='bbox 1933 3904 2118 3959; x_wconf 87' lang='lat' dir='ltr'><strong>missis</strong></span> 
     </span>
    </p>
   </div>
   <div class='ocr_carea' id='block_1_57' title="bbox 523 3989 2117 4060">
    <p class='ocr_par' dir='ltr' id='par_1_57' title="bbox 523 3989 2117 4060">
     <span class='ocr_line' id='line_1_57' title="bbox 523 3989 2117 4060; baseline 0.004 -16"><span class='ocrx_word' id='word_1_367' title='bbox 523 3989 736 4059; x_wconf 84' lang='lat' dir='ltr'><strong>aliquot</strong></span> <span class='ocrx_word' id='word_1_368' title='bbox 771 4004 840 4045; x_wconf 79' lang='lat' dir='ltr'><strong>ex</strong></span> <span class='ocrx_word' id='word_1_369' title='bbox 869 3990 1201 4046; x_wconf 85' lang='lat' dir='ltr'><strong>satellitibus</strong></span> <span class='ocrx_word' id='word_1_370' title='bbox 1224 3990 1292 4046; x_wconf 91' lang='lat' dir='ltr'><strong>ad</strong></span> <span class='ocrx_word' id='word_1_371' title='bbox 1331 4006 1484 4060; x_wconf 89' lang='lat' dir='ltr'><strong>eum,</strong></span> <span class='ocrx_word' id='word_1_372' title='bbox 1531 3992 1790 4050; x_wconf 87' lang='lat' dir='ltr'><strong>ducentis</strong></span> <span class='ocrx_word' id='word_1_373' title='bbox 1815 3995 1970 4051; x_wconf 90' lang='lat' dir='ltr'><strong>illum</strong></span> <span class='ocrx_word' id='word_1_374' title='bbox 2016 3995 2117 4051; x_wconf 82' lang='lat' dir='ltr'><strong>lla-</strong></span> 
     </span>
    </p>
   </div>
   <div class='ocr_carea' id='block_1_58' title="bbox 523 4081 1446 4155">
    <p class='ocr_par' dir='ltr' id='par_1_58' title="bbox 523 4081 1446 4155">
     <span class='ocr_line' id='line_1_58' title="bbox 523 4081 1446 4155; baseline 0.004 -20"><span class='ocrx_word' id='word_1_375' title='bbox 523 4096 748 4153; x_wconf 82' lang='lat' dir='ltr'><strong>grorum</strong></span> <span class='ocrx_word' id='word_1_376' title='bbox 776 4082 1108 4140; x_wconf 81' lang='lat' dir='ltr'><strong>verberibus</strong></span> <span class='ocrx_word' id='word_1_377' title='bbox 1127 4081 1446 4155; x_wconf 76' lang='lat' dir='ltr'><strong>ﬂagellavit.</strong></span> 
     </span>
    </p>
   </div>
   <div class='ocr_carea' id='block_1_59' title="bbox 2226 1951 3814 2034">
    <p class='ocr_par' dir='ltr' id='par_1_59' title="bbox 2226 1951 3814 2034">
     <span class='ocr_line' id='line_1_59' title="bbox 2226 1951 3814 2034; baseline 0 -18"><span class='ocrx_word' id='word_1_378' title='bbox 2226 1980 2328 2034; x_wconf 87' lang='grc' dir='ltr'><strong>μου</strong></span> <span class='ocrx_word' id='word_1_379' title='bbox 2375 1962 2536 2034; x_wconf 70' lang='grc' dir='ltr'><strong>ὅρους</strong></span> <span class='ocrx_word' id='word_1_380' title='bbox 2574 1962 2849 2034; x_wconf 80' lang='grc' dir='ltr'><strong>Ὀλύμπου</strong></span> <span class='ocrx_word' id='word_1_381' title='bbox 2894 1961 3046 2016; x_wconf 80' lang='grc' dir='ltr'><strong>Ἀθω</strong></span> <span class='ocrx_word' id='word_1_382' title='bbox 3107 1951 3158 2016; x_wconf 86' lang='grc' dir='ltr'><strong>τε</strong></span> <span class='ocrx_word' id='word_1_383' title='bbox 3190 1962 3286 2016; x_wconf 68' lang='grc' dir='ltr'><strong>καὶ</strong></span> <span class='ocrx_word' id='word_1_384' title='bbox 3327 1961 3426 2031; x_wconf 85' lang='grc' dir='ltr'><strong>τῆς</strong></span> <span class='ocrx_word' id='word_1_385' title='bbox 3453 1961 3621 2031; x_wconf 83' lang='grc' dir='ltr'><strong>Ἴδης.</strong></span> <span class='ocrx_word' id='word_1_386' title='bbox 3674 1961 3814 2016; x_wconf 78' lang='grc' dir='ltr'><strong>ἀλλὰ</strong></span> 
     </span>
    </p>
   </div>
   <div class='ocr_carea' id='block_1_60' title="bbox 2225 2050 3812 2126">
    <p class='ocr_par' dir='ltr' id='par_1_60' title="bbox 2225 2050 3812 2126">
     <span class='ocr_line' id='line_1_60' title="bbox 2225 2050 3812 2126; baseline 0 -19"><span class='ocrx_word' id='word_1_387' title='bbox 2225 2054 2334 2125; x_wconf 87' lang='grc' dir='ltr'><strong>μὴν</strong></span> <span class='ocrx_word' id='word_1_388' title='bbox 2367 2053 2460 2106; x_wconf 80' lang='grc' dir='ltr'><strong>καὶ</strong></span> <span class='ocrx_word' id='word_1_389' title='bbox 2498 2051 2593 2106; x_wconf 88' lang='grc' dir='ltr'><strong>τοῦ</strong></span> <span class='ocrx_word' id='word_1_390' title='bbox 2639 2051 2785 2106; x_wconf 78' lang='grc' dir='ltr'><strong>κατὰ</strong></span> <span class='ocrx_word' id='word_1_391' title='bbox 2840 2053 3096 2124; x_wconf 80' lang='grc' dir='ltr'><strong>Κυμινᾶν</strong></span> <span class='ocrx_word' id='word_1_392' title='bbox 3134 2050 3246 2124; x_wconf 89' lang='grc'>(58)</span> <span class='ocrx_word' id='word_1_393' title='bbox 3297 2051 3812 2126; x_wconf 70' lang='grc' dir='ltr'><strong>συμπληρώματος,</strong></span> 
     </span>
    </p>
   </div>
   <div class='ocr_carea' id='block_1_61' title="bbox 2223 2143 3816 2216">
    <p class='ocr_par' dir='ltr' id='par_1_61' title="bbox 2223 2143 3816 2216">
     <span class='ocr_line' id='line_1_61' title="bbox 2223 2143 3816 2216; baseline 0.001 -18"><span class='ocrx_word' id='word_1_394' title='bbox 2223 2143 2542 2216; x_wconf 82' lang='grc' dir='ltr'><strong>περιφανῶς</strong></span> <span class='ocrx_word' id='word_1_395' title='bbox 2571 2144 2671 2216; x_wconf 72' lang='grc' dir='ltr'><strong>τὴν</strong></span> <span class='ocrx_word' id='word_1_396' title='bbox 2695 2143 3011 2215; x_wconf 82' lang='grc' dir='ltr'><strong>ὀρθοδοξίαν</strong></span> <span class='ocrx_word' id='word_1_397' title='bbox 3058 2144 3452 2215; x_wconf 83' lang='grc' dir='ltr'><strong>κηρύσσοντες,</strong></span> <span class='ocrx_word' id='word_1_398' title='bbox 3500 2143 3816 2214; x_wconf 80' lang='grc' dir='ltr'><strong>βασιλικαῖς</strong></span> 
     </span>
    </p>
   </div>
   <div class='ocr_carea' id='block_1_62' title="bbox 2222 2235 3814 2307">
    <p class='ocr_par' dir='ltr' id='par_1_62' title="bbox 2222 2235 3814 2307">
     <span class='ocr_line' id='line_1_62' title="bbox 2222 2235 3814 2307; baseline 0.001 -16"><span class='ocrx_word' id='word_1_399' title='bbox 2222 2254 2280 2291; x_wconf 89' lang='grc' dir='ltr'><strong>τε</strong></span> <span class='ocrx_word' id='word_1_400' title='bbox 2325 2235 2638 2307; x_wconf 77' lang='grc' dir='ltr'><strong>διαμοιὸαῖς</strong></span> <span class='ocrx_word' id='word_1_401' title='bbox 2691 2237 2786 2290; x_wconf 77' lang='grc' dir='ltr'><strong>κα).</strong></span> <span class='ocrx_word' id='word_1_402' title='bbox 2822 2236 3146 2307; x_wconf 83' lang='grc' dir='ltr'><strong>σεσασμίοις</strong></span> <span class='ocrx_word' id='word_1_403' title='bbox 3191 2236 3390 2300; x_wconf 78' lang='grc' dir='ltr'><strong>αἰσίοις</strong></span> <span class='ocrx_word' id='word_1_404' title='bbox 3451 2236 3814 2304; x_wconf 78' lang='grc' dir='ltr'><strong>ἱκανωθέντες</strong></span> 
     </span>
    </p>
   </div>
   <div class='ocr_carea' id='block_1_63' title="bbox 2223 2322 3817 2401">
    <p class='ocr_par' dir='ltr' id='par_1_63' title="bbox 2223 2322 3817 2401">
     <span class='ocr_line' id='line_1_63' title="bbox 2223 2322 3817 2401; baseline 0.001 -17"><span class='ocrx_word' id='word_1_405' title='bbox 2223 2329 2360 2400; x_wconf 71' lang='grc' dir='ltr'><strong>πρὸς</strong></span> <span class='ocrx_word' id='word_1_406' title='bbox 2391 2330 2490 2394; x_wconf 82' lang='grc' dir='ltr'><strong>τὰς</strong></span> <span class='ocrx_word' id='word_1_407' title='bbox 2535 2329 2674 2394; x_wconf 77' lang='grc' dir='ltr'><strong>ἰδίας</strong></span> <span class='ocrx_word' id='word_1_408' title='bbox 2721 2329 2930 2400; x_wconf 83' lang='grc' dir='ltr'><strong>σκηνὰς</strong></span> <span class='ocrx_word' id='word_1_409' title='bbox 2967 2327 3363 2401; x_wconf 83' lang='grc' dir='ltr'><strong>ὑπεχώρησαν’</strong></span> <span class='ocrx_word' id='word_1_410' title='bbox 3391 2322 3466 2384; x_wconf 82' lang='grc' dir='ltr'><strong>ὧν</strong></span> <span class='ocrx_word' id='word_1_411' title='bbox 3491 2330 3681 2384; x_wconf 79' lang='grc' dir='ltr'><strong>ἔκτοτε</strong></span> <span class='ocrx_word' id='word_1_412' title='bbox 3721 2334 3817 2385; x_wconf 80' lang='grc' dir='ltr'><strong>καὶ</strong></span> 
     </span>
    </p>
   </div>
   <div class='ocr_carea' id='block_1_64' title="bbox 2225 2419 3816 2493">
    <p class='ocr_par' dir='ltr' id='par_1_64' title="bbox 2225 2419 3816 2493">
     <span class='ocr_line' id='line_1_64' title="bbox 2225 2419 3816 2493; baseline 0.001 -20"><span class='ocrx_word' id='word_1_413' title='bbox 2225 2421 2387 2492; x_wconf 86' lang='grc' dir='ltr'><strong>μέχρι</strong></span> <span class='ocrx_word' id='word_1_414' title='bbox 2413 2419 2574 2491; x_wconf 87' lang='grc' dir='ltr'><strong>δεῦρο</strong></span> <span class='ocrx_word' id='word_1_415' title='bbox 2599 2421 2649 2473; x_wconf 84' lang='grc' dir='ltr'><strong>οἱ</strong></span> <span class='ocrx_word' id='word_1_416' title='bbox 2686 2422 2786 2490; x_wconf 84' lang='grc' dir='ltr'><strong>τῆς</strong></span> <span class='ocrx_word' id='word_1_417' title='bbox 2825 2419 3137 2492; x_wconf 81' lang='grc' dir='ltr'><strong>ὀρθοδοξῑας</strong></span> <span class='ocrx_word' id='word_1_418' title='bbox 3157 2420 3384 2492; x_wconf 84' lang='grc' dir='ltr'><strong>’λιμένες</strong></span> <span class='ocrx_word' id='word_1_419' title='bbox 3415 2421 3526 2493; x_wconf 83' lang='grc'>(59)</span> <span class='ocrx_word' id='word_1_420' title='bbox 3570 2421 3816 2493; x_wconf 80' lang='grc' dir='ltr'><strong>Χριστοῦ</strong></span> 
     </span>
    </p>
   </div>
   <div class='ocr_carea' id='block_1_65' title="bbox 2220 2512 3815 2586">
    <p class='ocr_par' dir='ltr' id='par_1_65' title="bbox 2220 2512 3815 2586">
     <span class='ocr_line' id='line_1_65' title="bbox 2220 2512 3815 2586; baseline 0.001 -19"><span class='ocrx_word' id='word_1_421' title='bbox 2220 2515 2450 2584; x_wconf 79' lang='grc' dir='ltr'><strong>δυνάμει</strong></span> <span class='ocrx_word' id='word_1_422' title='bbox 2487 2514 2902 2585; x_wconf 77' lang='grc' dir='ltr'><strong>φρουρούμενοι</strong></span> <span class='ocrx_word' id='word_1_423' title='bbox 2935 2512 3288 2584; x_wconf 82' lang='grc' dir='ltr'><strong>διατηροῦσιν</strong></span> <span class='ocrx_word' id='word_1_424' title='bbox 3335 2513 3644 2584; x_wconf 84' lang='grc' dir='ltr'><strong>ἀχείμωνες</strong></span> <span class='ocrx_word' id='word_1_425' title='bbox 3672 2513 3815 2586; x_wconf 86' lang='lat'><strong>(60).</strong></span> 
     </span>
    </p>
   </div>
   <div class='ocr_carea' id='block_1_66' title="bbox 2292 2605 3819 2678">
    <p class='ocr_par' dir='ltr' id='par_1_66' title="bbox 2292 2605 3819 2678">
     <span class='ocr_line' id='line_1_66' title="bbox 2292 2605 3819 2678; baseline -0.001 -19"><span class='ocrx_word' id='word_1_426' title='bbox 2292 2605 2481 2660; x_wconf 88' lang='grc' dir='ltr'><strong>Ταῦτα</strong></span> <span class='ocrx_word' id='word_1_427' title='bbox 2503 2608 2602 2676; x_wconf 74' lang='grc' dir='ltr'><strong>μὲν</strong></span> <span class='ocrx_word' id='word_1_428' title='bbox 2621 2607 2678 2660; x_wconf 73' lang='grc' dir='ltr'><strong>ἐν</strong></span> <span class='ocrx_word' id='word_1_429' title='bbox 2697 2606 2936 2678; x_wconf 85' lang='grc' dir='ltr'><strong>πρώτοις</strong></span> <span class='ocrx_word' id='word_1_430' title='bbox 2952 2605 3175 2676; x_wconf 86' lang='grc' dir='ltr'><strong>Μιχαήλ</strong></span> <span class='ocrx_word' id='word_1_431' title='bbox 3193 2623 3253 2659; x_wconf 87' lang='grc' dir='ltr'><strong>τε</strong></span> <span class='ocrx_word' id='word_1_432' title='bbox 3267 2606 3363 2660; x_wconf 78' lang='grc' dir='ltr'><strong>καὶ</strong></span> <span class='ocrx_word' id='word_1_433' title='bbox 3377 2605 3682 2676; x_wconf 77' lang='grc' dir='ltr'><strong>Θεοδώρας,</strong></span> <span class='ocrx_word' id='word_1_434' title='bbox 3705 2606 3819 2658; x_wconf 88' lang='grc' dir='ltr'><strong>τῶν</strong></span> 
     </span>
    </p>
   </div>
   <div class='ocr_carea' id='block_1_67' title="bbox 2220 2695 3815 2770">
    <p class='ocr_par' dir='ltr' id='par_1_67' title="bbox 2220 2695 3815 2770">
     <span class='ocr_line' id='line_1_67' title="bbox 2220 2695 3815 2770; baseline 0 -20"><span class='ocrx_word' id='word_1_435' title='bbox 2220 2695 2464 2750; x_wconf 79' lang='grc' dir='ltr'><strong>εὐσεϐῶν</strong></span> <span class='ocrx_word' id='word_1_436' title='bbox 2483 2695 2770 2765; x_wconf 85' lang='grc' dir='ltr'><strong>βασιλέων,</strong></span> <span class='ocrx_word' id='word_1_437' title='bbox 2793 2697 2861 2750; x_wconf 79' lang='grc' dir='ltr'><strong>τὰ</strong></span> <span class='ocrx_word' id='word_1_438' title='bbox 2883 2696 3313 2767; x_wconf 81' lang='grc' dir='ltr'><strong>κατορθώματα.</strong></span> <span class='ocrx_word' id='word_1_439' title='bbox 3331 2696 3390 2749; x_wconf 86' lang='lat'><strong>&#39;0</strong></span> <span class='ocrx_word' id='word_1_440' title='bbox 3405 2696 3461 2750; x_wconf 73' lang='grc' dir='ltr'><strong>δὲ</strong></span> <span class='ocrx_word' id='word_1_441' title='bbox 3477 2696 3815 2770; x_wconf 81' lang='grc' dir='ltr'><strong>Ἰαννῆς(61)</strong></span> 
     </span>
    </p>
   </div>
   <div class='ocr_carea' id='block_1_68' title="bbox 2221 2789 3814 2862">
    <p class='ocr_par' dir='ltr' id='par_1_68' title="bbox 2221 2789 3814 2862">
     <span class='ocr_line' id='line_1_68' title="bbox 2221 2789 3814 2862; baseline -0.001 -19"><span class='ocrx_word' id='word_1_442' title='bbox 2221 2791 2326 2843; x_wconf 73' lang='grc' dir='ltr'><strong>τιν).</strong></span> <span class='ocrx_word' id='word_1_443' title='bbox 2387 2789 2740 2862; x_wconf 79' lang='grc' dir='ltr'><strong>μοναοτηρίῳ</strong></span> <span class='ocrx_word' id='word_1_444' title='bbox 2801 2789 3223 2862; x_wconf 78' lang='grc' dir='ltr'><strong>ὲγκαθειρχθεὶς</strong></span> <span class='ocrx_word' id='word_1_445' title='bbox 3263 2790 3356 2844; x_wconf 77' lang='grc' dir='ltr'><strong>καὶ</strong></span> <span class='ocrx_word' id='word_1_446' title='bbox 3401 2792 3458 2843; x_wconf 72' lang='grc' dir='ltr'><strong>ὲν</strong></span> <span class='ocrx_word' id='word_1_447' title='bbox 3506 2790 3665 2861; x_wconf 80' lang='grc' dir='ltr'><strong>μέρει</strong></span> <span class='ocrx_word' id='word_1_448' title='bbox 3713 2790 3814 2844; x_wconf 87' lang='grc' dir='ltr'><strong>τοῦ</strong></span> 
     </span>
    </p>
   </div>
   <div class='ocr_carea' id='block_1_69' title="bbox 2181 2881 3814 2954">
    <p class='ocr_par' dir='ltr' id='par_1_69' title="bbox 2181 2881 3814 2954">
     <span class='ocr_line' id='line_1_69' title="bbox 2181 2881 3814 2954; baseline 0.001 -20"><span class='ocrx_word' id='word_1_449' title='bbox 2181 2923 2186 2934; x_wconf 87' lang='grc'><strong>.</strong></span> <span class='ocrx_word' id='word_1_450' title='bbox 2220 2882 2340 2937; x_wconf 85' lang='grc' dir='ltr'><strong>κατ’</strong></span> <span class='ocrx_word' id='word_1_451' title='bbox 2361 2884 2540 2937; x_wconf 81' lang='grc' dir='ltr'><strong>ἐκεῖνο</strong></span> <span class='ocrx_word' id='word_1_452' title='bbox 2562 2881 2690 2935; x_wconf 87' lang='grc' dir='ltr'><strong>ναοῦ</strong></span> <span class='ocrx_word' id='word_1_453' title='bbox 2724 2881 2957 2936; x_wconf 88' lang='grc' dir='ltr'><strong>κατιδὼν</strong></span> <span class='ocrx_word' id='word_1_454' title='bbox 2979 2884 3025 2915; x_wconf 71' lang='grc'>⁸⁸</span> <span class='ocrx_word' id='word_1_455' title='bbox 3053 2883 3147 2936; x_wconf 90' lang='grc' dir='ltr'><strong>τοῦ</strong></span> <span class='ocrx_word' id='word_1_456' title='bbox 3171 2884 3424 2954; x_wconf 86' lang='grc' dir='ltr'><strong>Σωτῆρος</strong></span> <span class='ocrx_word' id='word_1_457' title='bbox 3444 2882 3683 2954; x_wconf 77' lang='grc' dir='ltr'><strong>Χριστοῦ</strong></span> <span class='ocrx_word' id='word_1_458' title='bbox 3713 2884 3814 2937; x_wconf 85' lang='grc' dir='ltr'><strong>τοῦ</strong></span> 
     </span>
    </p>
   </div>
   <div class='ocr_carea' id='block_1_70' title="bbox 2220 2974 3813 3049">
    <p class='ocr_par' dir='ltr' id='par_1_70' title="bbox 2220 2974 3813 3049">
     <span class='ocr_line' id='line_1_70' title="bbox 2220 2974 3813 3049; baseline 0.001 -20"><span class='ocrx_word' id='word_1_459' title='bbox 2220 2974 2356 3029; x_wconf 85' lang='grc' dir='ltr'><strong>Θεοῦ</strong></span> <span class='ocrx_word' id='word_1_460' title='bbox 2389 2975 2546 3046; x_wconf 78' lang='grc' dir='ltr'><strong>ἡμῶν</strong></span> <span class='ocrx_word' id='word_1_461' title='bbox 2575 2977 2840 3046; x_wconf 67' lang='grc' dir='ltr'><strong>σαρκικὸν</strong></span> <span class='ocrx_word' id='word_1_462' title='bbox 2866 2979 3194 3048; x_wconf 79' lang='grc' dir='ltr'><strong>χαρακτῆρα</strong></span> <span class='ocrx_word' id='word_1_463' title='bbox 3231 2975 3367 3049; x_wconf 72' lang='lat'><strong>(6&#39;2),</strong></span> <span class='ocrx_word' id='word_1_464' title='bbox 3419 2978 3479 3029; x_wconf 84' lang='grc' dir='ltr'><strong>οὑ</strong></span> <span class='ocrx_word' id='word_1_465' title='bbox 3519 2978 3626 3049; x_wconf 83' lang='grc' dir='ltr'><strong>μὴν</strong></span> <span class='ocrx_word' id='word_1_466' title='bbox 3669 2977 3813 3032; x_wconf 67' lang='grc' dir='ltr'><strong>ἀλλὰ</strong></span> 
     </span>
    </p>
   </div>
   <div class='ocr_carea' id='block_1_71' title="bbox 2221 3065 3816 3138">
    <p class='ocr_par' dir='ltr' id='par_1_71' title="bbox 2221 3065 3816 3138">
     <span class='ocr_line' id='line_1_71' title="bbox 2221 3065 3816 3138; baseline 0.001 -21"><span class='ocrx_word' id='word_1_467' title='bbox 2221 3065 2317 3117; x_wconf 71' lang='grc' dir='ltr'><strong>καὶ</strong></span> <span class='ocrx_word' id='word_1_468' title='bbox 2348 3065 2446 3134; x_wconf 82' lang='grc' dir='ltr'><strong>τῆς</strong></span> <span class='ocrx_word' id='word_1_469' title='bbox 2492 3065 2840 3138; x_wconf 84' lang='grc' dir='ltr'><strong>Θεομήτορος</strong></span> <span class='ocrx_word' id='word_1_470' title='bbox 2883 3066 2977 3119; x_wconf 75' lang='grc' dir='ltr'><strong>κα).</strong></span> <span class='ocrx_word' id='word_1_471' title='bbox 3007 3065 3116 3121; x_wconf 83' lang='grc' dir='ltr'><strong>τῶν</strong></span> <span class='ocrx_word' id='word_1_472' title='bbox 3157 3065 3561 3137; x_wconf 83' lang='grc' dir='ltr'><strong>στρατιαρχῶν,</strong></span> <span class='ocrx_word' id='word_1_473' title='bbox 3625 3065 3816 3136; x_wconf 71' lang='grc' dir='ltr'><strong>διωρίο</strong></span> 
     </span>
    </p>
   </div>
   <div class='ocr_carea' id='block_1_72' title="bbox 2225 3159 3815 3231">
    <p class='ocr_par' dir='ltr' id='par_1_72' title="bbox 2225 3159 3815 3231">
     <span class='ocr_line' id='line_1_72' title="bbox 2225 3159 3815 3231; baseline 0.001 -20"><span class='ocrx_word' id='word_1_474' title='bbox 2225 3175 2359 3212; x_wconf 88' lang='grc' dir='ltr'><strong>σατο</strong></span> <span class='ocrx_word' id='word_1_475' title='bbox 2396 3159 2474 3230; x_wconf 81' lang='grc' dir='ltr'><strong>τῷ</strong></span> <span class='ocrx_word' id='word_1_476' title='bbox 2513 3159 2709 3213; x_wconf 80' lang='grc' dir='ltr'><strong>ἑαυτοῦ</strong></span> <span class='ocrx_word' id='word_1_477' title='bbox 2748 3161 2995 3231; x_wconf 76' lang='grc' dir='ltr'><strong>ὑπηρέτῃ</strong></span> <span class='ocrx_word' id='word_1_478' title='bbox 3043 3160 3300 3214; x_wconf 76' lang='grc' dir='ltr'><strong>διανιόντι</strong></span> <span class='ocrx_word' id='word_1_479' title='bbox 3356 3159 3467 3215; x_wconf 85' lang='grc' dir='ltr'><strong>τῶν</strong></span> <span class='ocrx_word' id='word_1_480' title='bbox 3499 3160 3815 3230; x_wconf 79' lang='grc' dir='ltr'><strong>σεεασμίων</strong></span> 
     </span>
    </p>
   </div>
   <div class='ocr_carea' id='block_1_73' title="bbox 2223 3248 3817 3322">
    <p class='ocr_par' dir='ltr' id='par_1_73' title="bbox 2223 3248 3817 3322">
     <span class='ocr_line' id='line_1_73' title="bbox 2223 3248 3817 3322; baseline 0.001 -20"><span class='ocrx_word' id='word_1_481' title='bbox 2223 3248 2448 3304; x_wconf 77' lang='grc' dir='ltr'><strong>εἰκόνων</strong></span> <span class='ocrx_word' id='word_1_482' title='bbox 2505 3250 2766 3320; x_wconf 82' lang='grc' dir='ltr'><strong>ἀνορύξαι</strong></span> <span class='ocrx_word' id='word_1_483' title='bbox 2811 3251 2880 3304; x_wconf 73' lang='grc' dir='ltr'><strong>τὰ</strong></span> <span class='ocrx_word' id='word_1_484' title='bbox 2938 3250 3186 3321; x_wconf 61' lang='grc' dir='ltr'><strong>ὄμματα,</strong></span> <span class='ocrx_word' id='word_1_485' title='bbox 3241 3252 3467 3320; x_wconf 82' lang='grc' dir='ltr'><strong>φάσκων</strong></span> <span class='ocrx_word' id='word_1_486' title='bbox 3505 3252 3817 3322; x_wconf 79' lang='grc' dir='ltr'><strong>ἀμηχανεῖν</strong></span> 
     </span>
    </p>
   </div>
   <div class='ocr_carea' id='block_1_74' title="bbox 2226 3341 3816 3416">
    <p class='ocr_par' dir='ltr' id='par_1_74' title="bbox 2226 3341 3816 3416">
     <span class='ocr_line' id='line_1_74' title="bbox 2226 3341 3816 3416; baseline 0.002 -22"><span class='ocrx_word' id='word_1_487' title='bbox 2226 3344 2363 3414; x_wconf 79' lang='grc' dir='ltr'><strong>πρὸς</strong></span> <span class='ocrx_word' id='word_1_488' title='bbox 2379 3341 2552 3398; x_wconf 88' lang='grc' dir='ltr'><strong>ταῦτα</strong></span> <span class='ocrx_word' id='word_1_489' title='bbox 2573 3342 2672 3414; x_wconf 74' lang='grc' dir='ltr'><strong>τὴν</strong></span> <span class='ocrx_word' id='word_1_490' title='bbox 2698 3342 2962 3414; x_wconf 81' lang='grc' dir='ltr'><strong>ὁρατικὴν</strong></span> <span class='ocrx_word' id='word_1_491' title='bbox 2987 3341 3377 3414; x_wconf 82' lang='grc' dir='ltr'><strong>προτείνασθαι</strong></span> <span class='ocrx_word' id='word_1_492' title='bbox 3403 3342 3656 3414; x_wconf 79' lang='grc' dir='ltr'><strong>αίσοησιν</strong></span> <span class='ocrx_word' id='word_1_493' title='bbox 3674 3341 3816 3416; x_wconf 79' lang='grc'>(65),</span> 
     </span>
    </p>
   </div>
   <div class='ocr_carea' id='block_1_75' title="bbox 2227 3436 3820 3506">
    <p class='ocr_par' dir='ltr' id='par_1_75' title="bbox 2227 3436 3820 3506">
     <span class='ocr_line' id='line_1_75' title="bbox 2227 3436 3820 3506; baseline 0.001 -18"><span class='ocrx_word' id='word_1_494' title='bbox 2227 3437 2534 3506; x_wconf 78' lang='grc' dir='ltr'><strong>εἰκονιστὴς</strong></span> <span class='ocrx_word' id='word_1_495' title='bbox 2566 3438 2629 3490; x_wconf 85' lang='grc' dir='ltr'><strong>ὲκ</strong></span> <span class='ocrx_word' id='word_1_496' title='bbox 2662 3437 2916 3506; x_wconf 76' lang='grc' dir='ltr'><strong>νεότητος</strong></span> <span class='ocrx_word' id='word_1_497' title='bbox 2962 3439 2990 3489; x_wconf 86' lang='grc' dir='ltr'>ὁ</span> <span class='ocrx_word' id='word_1_498' title='bbox 3039 3437 3478 3506; x_wconf 82' lang='grc' dir='ltr'><strong>τρισκατάρατος</strong></span> <span class='ocrx_word' id='word_1_499' title='bbox 3537 3436 3820 3503; x_wconf 84' lang='grc' dir='ltr'><strong>καθεστὼς</strong></span> 
     </span>
    </p>
   </div>
   <div class='ocr_carea' id='block_1_76' title="bbox 2229 3527 3820 3600">
    <p class='ocr_par' dir='ltr' id='par_1_76' title="bbox 2229 3527 3820 3600">
     <span class='ocr_line' id='line_1_76' title="bbox 2229 3527 3820 3600; baseline 0.002 -19"><span class='ocrx_word' id='word_1_500' title='bbox 2229 3529 2323 3581; x_wconf 74' lang='grc' dir='ltr'><strong>καὶ</strong></span> <span class='ocrx_word' id='word_1_501' title='bbox 2347 3529 2516 3597; x_wconf 74' lang='grc' dir='ltr'><strong>μονῆς</strong></span> <span class='ocrx_word' id='word_1_502' title='bbox 2552 3527 2661 3580; x_wconf 90' lang='grc' dir='ltr'><strong>τῶν</strong></span> <span class='ocrx_word' id='word_1_503' title='bbox 2693 3528 3013 3599; x_wconf 61' lang='grc' dir='ltr'><strong>ἁθλοῳόρων</strong></span> <span class='ocrx_word' id='word_1_504' title='bbox 3065 3528 3295 3599; x_wconf 82' lang='grc' dir='ltr'><strong>Σεργίου</strong></span> <span class='ocrx_word' id='word_1_505' title='bbox 3339 3529 3439 3583; x_wconf 69' lang='grc' dir='ltr'><strong>καὶ</strong></span> <span class='ocrx_word' id='word_1_506' title='bbox 3465 3529 3681 3600; x_wconf 83' lang='grc' dir='ltr'><strong>Βάκχου</strong></span> <span class='ocrx_word' id='word_1_507' title='bbox 3715 3530 3820 3598; x_wconf 73' lang='grc' dir='ltr'><strong>τῆς</strong></span> 
     </span>
    </p>
   </div>
   <div class='ocr_carea' id='block_1_77' title="bbox 2225 3619 3820 3693">
    <p class='ocr_par' dir='ltr' id='par_1_77' title="bbox 2225 3619 3820 3693">
     <span class='ocr_line' id='line_1_77' title="bbox 2225 3619 3820 3693; baseline 0.001 -20"><span class='ocrx_word' id='word_1_508' title='bbox 2225 3619 2537 3692; x_wconf 85' lang='grc' dir='ltr'><strong>βασιλεῦσιν</strong></span> <span class='ocrx_word' id='word_1_509' title='bbox 2577 3620 2691 3692; x_wconf 69' lang='grc'>(64)</span> <span class='ocrx_word' id='word_1_510' title='bbox 2731 3621 3134 3692; x_wconf 84' lang='grc' dir='ltr'><strong>ἀφωρισμένης</strong></span> <span class='ocrx_word' id='word_1_511' title='bbox 3167 3620 3514 3692; x_wconf 78' lang='grc' dir='ltr'><strong>προὸἀθμιος</strong></span> <span class='ocrx_word' id='word_1_512' title='bbox 3556 3621 3691 3693; x_wconf 81' lang='grc'>(65).</span> <span class='ocrx_word' id='word_1_513' title='bbox 3728 3622 3820 3686; x_wconf 83' lang='grc' dir='ltr'><strong>Ὠς</strong></span> 
     </span>
    </p>
   </div>
   <div class='ocr_carea' id='block_1_78' title="bbox 2220 3708 3821 3785">
    <p class='ocr_par' dir='ltr' id='par_1_78' title="bbox 2220 3708 3821 3785">
     <span class='ocr_line' id='line_1_78' title="bbox 2220 3708 3821 3785; baseline 0.001 -19"><span class='ocrx_word' id='word_1_514' title='bbox 2220 3708 2314 3768; x_wconf 79' lang='grc' dir='ltr'><strong>οὖν</strong></span> <span class='ocrx_word' id='word_1_515' title='bbox 2349 3714 2582 3768; x_wconf 78' lang='grc' dir='ltr'><strong>ἐπύθετο</strong></span> <span class='ocrx_word' id='word_1_516' title='bbox 2634 3713 2876 3785; x_wconf 80' lang='grc' dir='ltr'><strong>ταῦταῆ</strong></span> <span class='ocrx_word' id='word_1_517' title='bbox 2929 3713 3332 3785; x_wconf 77' lang='grc' dir='ltr'><strong>θεοσεόεστάτη</strong></span> <span class='ocrx_word' id='word_1_518' title='bbox 3387 3715 3648 3769; x_wconf 79' lang='grc' dir='ltr'><strong>δέσποινα</strong></span> <span class='ocrx_word' id='word_1_519' title='bbox 3692 3714 3821 3768; x_wconf 87' lang='grc' dir='ltr'><strong>Θεο-</strong></span> 
     </span>
    </p>
   </div>
   <div class='ocr_carea' id='block_1_79' title="bbox 2220 3804 3820 3879">
    <p class='ocr_par' dir='ltr' id='par_1_79' title="bbox 2220 3804 3820 3879">
     <span class='ocr_line' id='line_1_79' title="bbox 2220 3804 3820 3879; baseline 0 -20"><span class='ocrx_word' id='word_1_520' title='bbox 2220 3804 2391 3877; x_wconf 78' lang='grc' dir='ltr'><strong>δῶρα,</strong></span> <span class='ocrx_word' id='word_1_521' title='bbox 2413 3804 2563 3879; x_wconf 81' lang='grc' dir='ltr'><strong>ζήλῳ</strong></span> <span class='ocrx_word' id='word_1_522' title='bbox 2601 3808 2702 3878; x_wconf 77' lang='grc' dir='ltr'><strong>τῆς</strong></span> <span class='ocrx_word' id='word_1_523' title='bbox 2729 3808 2870 3878; x_wconf 83' lang='grc' dir='ltr'><strong>πρὸς</strong></span> <span class='ocrx_word' id='word_1_524' title='bbox 2920 3807 3160 3879; x_wconf 83' lang='grc' dir='ltr'><strong>Χριστὸν</strong></span> <span class='ocrx_word' id='word_1_525' title='bbox 3211 3808 3547 3878; x_wconf 79' lang='grc' dir='ltr'><strong>ἀγαπήσεως</strong></span> <span class='ocrx_word' id='word_1_526' title='bbox 3576 3806 3820 3868; x_wconf 80' lang='grc' dir='ltr'><strong>δισκαῶς</strong></span> 
     </span>
    </p>
   </div>
   <div class='ocr_carea' id='block_1_80' title="bbox 2222 3901 3819 3974">
    <p class='ocr_par' dir='ltr' id='par_1_80' title="bbox 2222 3901 3819 3974">
     <span class='ocr_line' id='line_1_80' title="bbox 2222 3901 3819 3974; baseline 0.002 -21"><span class='ocrx_word' id='word_1_527' title='bbox 2222 3901 2530 3973; x_wconf 76' lang='grc' dir='ltr'><strong>ἐκεκίνητο,</strong></span> <span class='ocrx_word' id='word_1_528' title='bbox 2563 3903 2816 3968; x_wconf 75' lang='grc' dir='ltr'><strong>καὶτοὺς</strong></span> <span class='ocrx_word' id='word_1_529' title='bbox 2851 3903 3020 3958; x_wconf 84' lang='grc' dir='ltr'><strong>αὐτοῦ</strong></span> <span class='ocrx_word' id='word_1_530' title='bbox 3061 3903 3328 3973; x_wconf 80' lang='grc' dir='ltr'><strong>μισητοὺς</strong></span> <span class='ocrx_word' id='word_1_531' title='bbox 3374 3903 3690 3974; x_wconf 81' lang='grc' dir='ltr'><strong>ὀφθαλμοὺς</strong></span> <span class='ocrx_word' id='word_1_532' title='bbox 3721 3904 3819 3956; x_wconf 77' lang='grc' dir='ltr'><strong>ὲκο</strong></span> 
     </span>
    </p>
   </div>
   <div class='ocr_carea' id='block_1_81' title="bbox 2231 3992 3820 4067">
    <p class='ocr_par' dir='ltr' id='par_1_81' title="bbox 2231 3992 3820 4067">
     <span class='ocr_line' id='line_1_81' title="bbox 2231 3992 3820 4067; baseline 0.001 -23"><span class='ocrx_word' id='word_1_533' title='bbox 2231 3992 2513 4063; x_wconf 77' lang='grc' dir='ltr'><strong>μοχλεύειν</strong></span> <span class='ocrx_word' id='word_1_534' title='bbox 2535 3995 2769 4065; x_wconf 83' lang='grc' dir='ltr'><strong>προτεθύ</strong></span> <span class='ocrx_word' id='word_1_535' title='bbox 2779 4012 2920 4066; x_wconf 90' lang='grc' dir='ltr'><strong>μητο</strong></span> <span class='ocrx_word' id='word_1_536' title='bbox 2952 3993 3087 4067; x_wconf 87' lang='grc'>(66),</span> <span class='ocrx_word' id='word_1_537' title='bbox 3119 3994 3224 4048; x_wconf 78' lang='grc' dir='ltr'><strong>κᾶν</strong></span> <span class='ocrx_word' id='word_1_538' title='bbox 3238 3993 3458 4065; x_wconf 83' lang='grc' dir='ltr'><strong>δεήσεσι</strong></span> <span class='ocrx_word' id='word_1_539' title='bbox 3483 3993 3640 4065; x_wconf 84' lang='grc' dir='ltr'><strong>παρά</strong></span> <span class='ocrx_word' id='word_1_540' title='bbox 3655 4011 3820 4048; x_wconf 80' lang='grc' dir='ltr'><strong>τινων</strong></span> 
     </span>
    </p>
   </div>
   <div class='ocr_carea' id='block_1_82' title="bbox 2231 4085 3821 4157">
    <p class='ocr_par' dir='ltr' id='par_1_82' title="bbox 2231 4085 3821 4157">
     <span class='ocr_line' id='line_1_82' title="bbox 2231 4085 3821 4157; baseline 0.001 -19"><span class='ocrx_word' id='word_1_541' title='bbox 2231 4085 2572 4141; x_wconf 78' lang='grc' dir='ltr'><strong>ἐκεκώλυτο·</strong></span> <span class='ocrx_word' id='word_1_542' title='bbox 2607 4088 2730 4141; x_wconf 77' lang='grc' dir='ltr'><strong>ὅθεν</strong></span> <span class='ocrx_word' id='word_1_543' title='bbox 2773 4088 2926 4151; x_wconf 77' lang='grc' dir='ltr'><strong>τινὰς</strong></span> <span class='ocrx_word' id='word_1_544' title='bbox 2951 4087 3060 4140; x_wconf 85' lang='grc' dir='ltr'><strong>τῶν</strong></span> <span class='ocrx_word' id='word_1_545' title='bbox 3107 4086 3426 4157; x_wconf 73' lang='grc' dir='ltr'><strong>δορυφόρων</strong></span> <span class='ocrx_word' id='word_1_546' title='bbox 3486 4087 3821 4156; x_wconf 78' lang='grc' dir='ltr'><strong>ἐκπέμψασα</strong></span> 
     </span>
    </p>
   </div>
   <div class='ocr_carea' id='block_1_83' title="bbox 2239 4180 3356 4254">
    <p class='ocr_par' dir='ltr' id='par_1_83' title="bbox 2239 4180 3356 4254">
     <span class='ocr_line' id='line_1_83' title="bbox 2239 4180 3356 4254; baseline 0.003 -21"><span class='ocrx_word' id='word_1_547' title='bbox 2239 4180 2374 4251; x_wconf 83' lang='grc' dir='ltr'><strong>πρὸς</strong></span> <span class='ocrx_word' id='word_1_548' title='bbox 2403 4181 2570 4236; x_wconf 79' lang='grc' dir='ltr'><strong>αὐτὸν</strong></span> <span class='ocrx_word' id='word_1_549' title='bbox 2592 4189 2635 4236; x_wconf 86' lang='grc' dir='ltr'><strong>σ³</strong></span> <span class='ocrx_word' id='word_1_550' title='bbox 2669 4180 2867 4254; x_wconf 83' lang='grc' dir='ltr'><strong>λώροις</strong></span> <span class='ocrx_word' id='word_1_551' title='bbox 2899 4181 3193 4252; x_wconf 76' lang='grc' dir='ltr'><strong>ὲμάστιξεν</strong></span> <span class='ocrx_word' id='word_1_552' title='bbox 3218 4181 3356 4254; x_wconf 89' lang='grc'>(67.)</span> 
     </span>
    </p>
   </div>
   <div class='ocr_carea' id='block_1_84' title="bbox 1833 4266 2514 4330">
    <p class='ocr_par' dir='ltr' id='par_1_84' title="bbox 1833 4266 2514 4330">
     <span class='ocr_line' id='line_1_84' title="bbox 1833 4266 2514 4330; baseline 0.013 -9"><span class='ocrx_word' id='word_1_553' title='bbox 1833 4266 2071 4324; x_wconf 66' lang='lat' dir='ltr'><strong>\‘AlilIE</strong></span> <span class='ocrx_word' id='word_1_554' title='bbox 2097 4267 2514 4330; x_wconf 84' lang='lat' dir='ltr'><strong>LECTIONES.</strong></span> 
     </span>
    </p>
   </div>
   <div class='ocr_carea' id='block_1_85' title="bbox 597 4333 1409 4391">
    <p class='ocr_par' dir='ltr' id='par_1_85' title="bbox 597 4333 1409 4391">
     <span class='ocr_line' id='line_1_85' title="bbox 597 4333 1409 4391; baseline 0 -2"><span class='ocrx_word' id='word_1_555' title='bbox 597 4335 638 4368; x_wconf 76' lang='grc'>¹⁹</span> <span class='ocrx_word' id='word_1_556' title='bbox 665 4334 861 4389; x_wconf 74' lang='grc' dir='ltr'><strong>ἐκείνω</strong></span> <span class='ocrx_word' id='word_1_557' title='bbox 891 4333 1019 4389; x_wconf 87' lang='grc' dir='ltr'><strong>ναοῦ</strong></span> <span class='ocrx_word' id='word_1_558' title='bbox 1051 4333 1314 4388; x_wconf 85' lang='grc' dir='ltr'><strong>κατειδὼν</strong></span> <span class='ocrx_word' id='word_1_559' title='bbox 1348 4333 1409 4391; x_wconf 87' lang='lat' dir='ltr'><strong>L.</strong></span> 
     </span>
    </p>
   </div>
   <div class='ocr_carea' id='block_1_86' title="bbox 1701 4421 2585 4484">
    <p class='ocr_par' dir='ltr' id='par_1_86' title="bbox 1701 4421 2585 4484">
     <span class='ocr_line' id='line_1_86' title="bbox 1701 4421 2585 4484; baseline 0.007 -6"><span class='ocrx_word' id='word_1_560' title='bbox 1701 4421 1946 4480; x_wconf 81' lang='lat' dir='ltr'><strong>STEPH.</strong></span> <span class='ocrx_word' id='word_1_561' title='bbox 1974 4422 2318 4480; x_wconf 79' lang='lat' dir='ltr'><strong>BERGLERI</strong></span> <span class='ocrx_word' id='word_1_562' title='bbox 2353 4427 2585 4484; x_wconf 64' lang='lat' dir='ltr'><strong>NOTAE.</strong></span> 
     </span>
    </p>
   </div>
   <div class='ocr_carea' id='block_1_87' title="bbox 572 4518 2878 4600">
    <p class='ocr_par' dir='ltr' id='par_1_87' title="bbox 572 4518 2878 4600">
     <span class='ocr_line' id='line_1_87' title="bbox 572 4518 2878 4600; baseline 0.001 -20"><span class='ocrx_word' id='word_1_563' title='bbox 572 4524 710 4600; x_wconf 70' lang='grc'>’(59)</span> <span class='ocrx_word' id='word_1_564' title='bbox 740 4524 790 4580; x_wconf 90' lang='lat' dir='ltr'><strong>ls</strong></span> <span class='ocrx_word' id='word_1_565' title='bbox 815 4523 1308 4600; x_wconf 49' lang='lat' dir='ltr'><strong>ititcrjogotlietas</strong></span> <span class='ocrx_word' id='word_1_566' title='bbox 1331 4521 1624 4600; x_wconf 70' lang='lat' dir='ltr'><strong>palatinos.</strong></span> <span class='ocrx_word' id='word_1_567' title='bbox 1821 4518 2026 4600; x_wconf 66' lang='lat' dir='ltr'><strong>hleurs.</strong></span> <span class='ocrx_word' id='word_1_568' title='bbox 2061 4519 2114 4574; x_wconf 91' lang='lat' dir='ltr'><strong>in</strong></span> <span class='ocrx_word' id='word_1_569' title='bbox 2147 4525 2198 4585; x_wconf 92' lang='lat' dir='ltr'><strong>D</strong></span> <span class='ocrx_word' id='word_1_570' title='bbox 2299 4526 2408 4600; x_wconf 72' lang='lat'><strong>(59)</strong></span> <span class='ocrx_word' id='word_1_571' title='bbox 2440 4529 2574 4600; x_wconf 65' lang='grc' dir='ltr'><strong>Μῖνα</strong></span> <span class='ocrx_word' id='word_1_572' title='bbox 2607 4529 2878 4600; x_wconf 87' lang='lat' dir='ltr'><strong>loquitur.</strong></span> 
     </span>
    </p>
   </div>
   <div class='ocr_carea' id='block_1_88' title="bbox 521 4590 2116 4665">
    <p class='ocr_par' dir='ltr' id='par_1_88' title="bbox 521 4590 2116 4665">
     <span class='ocr_line' id='line_1_88' title="bbox 521 4590 2116 4665; baseline -0.003 -17"><span class='ocrx_word' id='word_1_573' title='bbox 521 4590 836 4665; x_wconf 75' lang='grc' dir='ltr'><strong>λογοθέτης,</strong></span> <span class='ocrx_word' id='word_1_574' title='bbox 871 4603 926 4649; x_wconf 88' lang='lat' dir='ltr'><strong>et</strong></span> <span class='ocrx_word' id='word_1_575' title='bbox 949 4590 1342 4665; x_wconf 71' lang='lat' dir='ltr'><strong>Curopolatem</strong></span> <span class='ocrx_word' id='word_1_576' title='bbox 1371 4609 1427 4662; x_wconf 93' lang='lat' dir='ltr'><strong>p.</strong></span> <span class='ocrx_word' id='word_1_577' title='bbox 1465 4593 1533 4646; x_wconf 86' lang='lat' dir='ltr'><strong>l5</strong></span> <span class='ocrx_word' id='word_1_578' title='bbox 1575 4601 1633 4647; x_wconf 87' lang='lat' dir='ltr'><strong>et</strong></span> <span class='ocrx_word' id='word_1_579' title='bbox 1672 4591 1761 4657; x_wconf 86' lang='lat' dir='ltr'><strong>l7,</strong></span> <span class='ocrx_word' id='word_1_580' title='bbox 1801 4598 1858 4646; x_wconf 88' lang='lat' dir='ltr'><strong>et</strong></span> <span class='ocrx_word' id='word_1_581' title='bbox 1884 4590 1953 4645; x_wconf 89' lang='lat' dir='ltr'><strong>ad</strong></span> <span class='ocrx_word' id='word_1_582' title='bbox 1988 4606 2116 4646; x_wconf 86' lang='lat' dir='ltr'><strong>cum</strong></span> 
     </span>
    </p>
   </div>
   <div class='ocr_carea' id='block_1_89' title="bbox 523 4663 1471 4734">
    <p class='ocr_par' dir='ltr' id='par_1_89' title="bbox 523 4663 1471 4734">
     <span class='ocr_line' id='line_1_89' title="bbox 523 4663 1471 4734; baseline -0.006 -12"><span class='ocrx_word' id='word_1_583' title='bbox 523 4666 694 4722; x_wconf 85' lang='lat' dir='ltr'><strong>Notas</strong></span> <span class='ocrx_word' id='word_1_584' title='bbox 726 4663 983 4734; x_wconf 77' lang='lat' dir='ltr'><strong>anonymi</strong></span> <span class='ocrx_word' id='word_1_585' title='bbox 1006 4679 1064 4734; x_wconf 88' lang='lat' dir='ltr'><strong>p.</strong></span> <span class='ocrx_word' id='word_1_586' title='bbox 1101 4663 1225 4719; x_wconf 68' lang='lat'><strong>902.</strong></span> <span class='ocrx_word' id='word_1_587' title='bbox 1256 4663 1471 4718; x_wconf 83' lang='lat' dir='ltr'><strong>Bosms.</strong></span> 
     </span>
    </p>
   </div>
   <div class='ocr_carea' id='block_1_90' title="bbox 597 4734 2121 4807">
    <p class='ocr_par' dir='ltr' id='par_1_90' title="bbox 597 4734 2121 4807">
     <span class='ocr_line' id='line_1_90' title="bbox 597 4734 2121 4807; baseline -0.002 -16"><span class='ocrx_word' id='word_1_588' title='bbox 597 4735 708 4807; x_wconf 87' lang='lat'><strong>(5|)</strong></span> <span class='ocrx_word' id='word_1_589' title='bbox 735 4734 896 4807; x_wconf 78' lang='lat' dir='ltr'><strong>Cont.</strong></span> <span class='ocrx_word' id='word_1_590' title='bbox 919 4751 974 4804; x_wconf 91' lang='lat' dir='ltr'><strong>p.</strong></span> <span class='ocrx_word' id='word_1_591' title='bbox 1000 4735 1096 4807; x_wconf 53' lang='lat'><strong>94.</strong></span> <span class='ocrx_word' id='word_1_592' title='bbox 1113 4734 1276 4807; x_wconf 86' lang='lat' dir='ltr'><strong>Cedr.</strong></span> <span class='ocrx_word' id='word_1_593' title='bbox 1307 4749 1360 4807; x_wconf 71' lang='grc' dir='ltr'>β.</span> <span class='ocrx_word' id='word_1_594' title='bbox 1387 4734 1513 4791; x_wconf 76' lang='grc'>555.</span> <span class='ocrx_word' id='word_1_595' title='bbox 1531 4765 1602 4807; x_wconf 54' lang='lat'><strong>7——</strong></span> <span class='ocrx_word' id='word_1_596' title='bbox 1620 4735 2028 4804; x_wconf 80' lang='grc' dir='ltr'><strong>Δραμιιτουργ.</strong></span> <span class='ocrx_word' id='word_1_597' title='bbox 2050 4763 2121 4807; x_wconf 83' lang='lat'><strong>-_—-</strong></span> 
     </span>
    </p>
   </div>
   <div class='ocr_carea' id='block_1_91' title="bbox 523 4805 2120 4876">
    <p class='ocr_par' dir='ltr' id='par_1_91' title="bbox 523 4805 2120 4876">
     <span class='ocr_line' id='line_1_91' title="bbox 523 4805 2120 4876; baseline -0.004 -12"><span class='ocrx_word' id='word_1_598' title='bbox 523 4805 1030 4876; x_wconf 66' lang='grc' dir='ltr'><strong>ἀπελεγχθέντος.</strong></span> <span class='ocrx_word' id='word_1_599' title='bbox 1061 4805 1164 4860; x_wconf 84' lang='lat' dir='ltr'><strong>llic</strong></span> <span class='ocrx_word' id='word_1_600' title='bbox 1194 4805 1468 4876; x_wconf 83' lang='lat' dir='ltr'><strong>genitivos</strong></span> <span class='ocrx_word' id='word_1_601' title='bbox 1495 4805 1781 4860; x_wconf 89' lang='lat' dir='ltr'><strong>absolutos</strong></span> <span class='ocrx_word' id='word_1_602' title='bbox 1807 4818 1906 4873; x_wconf 89' lang='lat' dir='ltr'><strong>pro</strong></span> <span class='ocrx_word' id='word_1_603' title='bbox 1936 4805 2120 4858; x_wconf 84' lang='lat' dir='ltr'><strong>nomi-</strong></span> 
     </span>
    </p>
   </div>
   <div class='ocr_carea' id='block_1_92' title="bbox 525 4876 2121 4946">
    <p class='ocr_par' dir='ltr' id='par_1_92' title="bbox 525 4876 2121 4946">
     <span class='ocr_line' id='line_1_92' title="bbox 525 4876 2121 4946; baseline -0.003 -12"><span class='ocrx_word' id='word_1_604' title='bbox 525 4878 727 4934; x_wconf 87' lang='lat' dir='ltr'><strong>nativis</strong></span> <span class='ocrx_word' id='word_1_605' title='bbox 763 4876 920 4946; x_wconf 87' lang='lat' dir='ltr'><strong>ponit</strong></span> <span class='ocrx_word' id='word_1_606' title='bbox 953 4877 1325 4938; x_wconf 69' lang='lat' dir='ltr'><strong>solrecistiee;</strong></span> <span class='ocrx_word' id='word_1_607' title='bbox 1360 4885 1424 4930; x_wconf 89' lang='lat' dir='ltr'><strong>ut</strong></span> <span class='ocrx_word' id='word_1_608' title='bbox 1461 4876 1599 4931; x_wconf 89' lang='lat' dir='ltr'><strong>alias</strong></span> <span class='ocrx_word' id='word_1_609' title='bbox 1628 4890 1744 4930; x_wconf 88' lang='lat' dir='ltr'><strong>non</strong></span> <span class='ocrx_word' id='word_1_610' title='bbox 1777 4889 1906 4929; x_wconf 86' lang='lat' dir='ltr'><strong>raro</strong></span> <span class='ocrx_word' id='word_1_611' title='bbox 1945 4879 2121 4930; x_wconf 87' lang='lat' dir='ltr'><strong>nomi-</strong></span> 
     </span>
    </p>
   </div>
   <div class='ocr_carea' id='block_1_93' title="bbox 523 4946 1473 5017">
    <p class='ocr_par' dir='ltr' id='par_1_93' title="bbox 523 4946 1473 5017">
     <span class='ocr_line' id='line_1_93' title="bbox 523 4946 1473 5017; baseline -0.004 -13"><span class='ocrx_word' id='word_1_612' title='bbox 523 4949 741 5004; x_wconf 83' lang='lat' dir='ltr'><strong>nativos</strong></span> <span class='ocrx_word' id='word_1_613' title='bbox 763 4963 864 5016; x_wconf 91' lang='lat' dir='ltr'><strong>pro</strong></span> <span class='ocrx_word' id='word_1_614' title='bbox 893 4947 1155 5017; x_wconf 80' lang='lat' dir='ltr'><strong>gen‘itivis</strong></span> <span class='ocrx_word' id='word_1_615' title='bbox 1185 4946 1473 5001; x_wconf 73' lang='lat' dir='ltr'><strong>absolutis.</strong></span> 
     </span>
    </p>
   </div>
   <div class='ocr_carea' id='block_1_94' title="bbox 597 5014 2120 5090">
    <p class='ocr_par' dir='ltr' id='par_1_94' title="bbox 597 5014 2120 5090">
     <span class='ocr_line' id='line_1_94' title="bbox 597 5014 2120 5090; baseline -0.002 -16"><span class='ocrx_word' id='word_1_616' title='bbox 597 5019 709 5090; x_wconf 73' lang='grc'>(52)</span> <span class='ocrx_word' id='word_1_617' title='bbox 735 5014 982 5090; x_wconf 21' lang='grc' dir='ltr'><strong>βοᾼιιιξβ.</strong></span> <span class='ocrx_word' id='word_1_618' title='bbox 1009 5017 1098 5090; x_wconf 56' lang='grc'><strong>94,</strong></span> <span class='ocrx_word' id='word_1_619' title='bbox 1121 5016 1257 5090; x_wconf 71' lang='lat' dir='ltr'><strong>Ion.</strong></span> <span class='ocrx_word' id='word_1_620' title='bbox 1294 5033 1349 5088; x_wconf 89' lang='lat' dir='ltr'><strong>p.</strong></span> <span class='ocrx_word' id='word_1_621' title='bbox 1386 5017 1508 5072; x_wconf 78' lang='lat' dir='ltr'><strong>l55.</strong></span> <span class='ocrx_word' id='word_1_622' title='bbox 1528 5049 1598 5060; x_wconf 83' lang='lat'><strong><em>-—</em></strong></span> <span class='ocrx_word' id='word_1_623' title='bbox 1616 5017 1697 5073; x_wconf 84' lang='lat' dir='ltr'><strong>lla</strong></span> <span class='ocrx_word' id='word_1_624' title='bbox 1726 5014 1954 5072; x_wconf 90' lang='lat' dir='ltr'><strong>omnino</strong></span> <span class='ocrx_word' id='word_1_625' title='bbox 1981 5017 2120 5071; x_wconf 87' lang='lat' dir='ltr'><strong>scri-</strong></span> 
     </span>
    </p>
   </div>
   <div class='ocr_carea' id='block_1_95' title="bbox 521 5087 1702 5162">
    <p class='ocr_par' dir='ltr' id='par_1_95' title="bbox 521 5087 1702 5162">
     <span class='ocr_line' id='line_1_95' title="bbox 521 5087 1702 5162; baseline -0.005 -16"><span class='ocrx_word' id='word_1_626' title='bbox 521 5087 702 5162; x_wconf 59' lang='lat' dir='ltr'><strong>pturn.</strong></span> <span class='ocrx_word' id='word_1_627' title='bbox 732 5087 1028 5162; x_wconf 69' lang='lat' dir='ltr'><strong>eruisset</strong></span> <span class='ocrx_word' id='word_1_628' title='bbox 1046 5088 1137 5162; x_wconf 71' lang='grc' dir='ltr'><strong>τδν</strong></span> <span class='ocrx_word' id='word_1_629' title='bbox 1165 5087 1414 5162; x_wconf 71' lang='grc' dir='ltr'><strong>ἔμφρονα</strong></span> <span class='ocrx_word' id='word_1_630' title='bbox 1448 5090 1702 5160; x_wconf 85' lang='grc' dir='ltr'><strong>ὲταστήν.</strong></span> 
     </span>
    </p>
   </div>
   <div class='ocr_carea' id='block_1_96' title="bbox 598 5158 2118 5230">
    <p class='ocr_par' dir='ltr' id='par_1_96' title="bbox 598 5158 2118 5230">
     <span class='ocr_line' id='line_1_96' title="bbox 598 5158 2118 5230; baseline -0.003 -14"><span class='ocrx_word' id='word_1_631' title='bbox 598 5159 712 5230; x_wconf 76' lang='grc'>(55)</span> <span class='ocrx_word' id='word_1_632' title='bbox 759 5158 1037 5230; x_wconf 73' lang='lat' dir='ltr'><strong>Loquitur</strong></span> <span class='ocrx_word' id='word_1_633' title='bbox 1086 5159 1515 5230; x_wconf 15' lang='lat' dir='ltr'><strong>inconditeinec</strong></span> <span class='ocrx_word' id='word_1_634' title='bbox 1544 5158 1648 5229; x_wconf 86' lang='lat' dir='ltr'><strong>pro</strong></span> <span class='ocrx_word' id='word_1_635' title='bbox 1687 5173 1823 5212; x_wconf 88' lang='lat' dir='ltr'><strong>sano</strong></span> <span class='ocrx_word' id='word_1_636' title='bbox 1868 5158 2118 5215; x_wconf 87' lang='lat' dir='ltr'><strong>homine.</strong></span> 
     </span>
    </p>
   </div>
   <div class='ocr_carea' id='block_1_97' title="bbox 523 5226 2120 5356">
    <p class='ocr_par' dir='ltr' id='par_1_97' title="bbox 523 5226 2120 5356">
     <span class='ocr_line' id='line_1_97' title="bbox 523 5226 2120 5356; baseline -0.003 -70"><span class='ocrx_word' id='word_1_637' title='bbox 523 5226 757 5356; x_wconf 61' lang='lat' dir='ltr'><strong>Vidtlrtur</strong></span> <span class='ocrx_word' id='word_1_638' title='bbox 793 5226 1217 5286; x_wconf 78' lang='lat' dir='ltr'><strong>Constantinum</strong></span> <span class='ocrx_word' id='word_1_639' title='bbox 1268 5226 1579 5300; x_wconf 79' lang='lat' dir='ltr'><strong>intelligere</strong></span> <span class='ocrx_word' id='word_1_640' title='bbox 1621 5243 1651 5282; x_wconf 88' lang='lat' dir='ltr'><strong>a</strong></span> <span class='ocrx_word' id='word_1_641' title='bbox 1703 5243 1763 5284; x_wconf 83' lang='lat' dir='ltr'><strong>se</strong></span> <span class='ocrx_word' id='word_1_642' title='bbox 1803 5229 2120 5286; x_wconf 89' lang='lat' dir='ltr'><strong>incusatum</strong></span> 
     </span>
     <span class='ocr_line' id='line_1_98' title="bbox 524 5309 876 5356; baseline -0.003 0"><span class='ocrx_word' id='word_1_643' title='bbox 524 5317 630 5356; x_wconf 80' lang='lat' dir='ltr'><strong>mu</strong></span> <span class='ocrx_word' id='word_1_644' title='bbox 658 5316 692 5356; x_wconf 96' lang='lat' dir='ltr'><strong>o</strong></span> <span class='ocrx_word' id='word_1_645' title='bbox 725 5309 876 5355; x_wconf 88' lang='lat' dir='ltr'><strong>ante.</strong></span> 
     </span>
    </p>
   </div>
   <div class='ocr_carea' id='block_1_98' title="bbox 563 5309 876 5357">
    <p class='ocr_par' dir='ltr' id='par_1_98' title="bbox 563 5309 876 5357">
     <span class='ocr_line' id='line_1_99' title="bbox 563 5309 876 5357; baseline -0.006 0"><span class='ocrx_word' id='word_1_646' title='bbox 563 5309 692 5357; x_wconf 84' lang='lat' dir='ltr'><strong>aulo</strong></span> <span class='ocrx_word' id='word_1_647' title='bbox 725 5316 792 5355; x_wconf 90' lang='lat' dir='ltr'><strong>an</strong></span> <span class='ocrx_word' id='word_1_648' title='bbox 802 5309 876 5355; x_wconf 88' lang='lat' dir='ltr'><strong>te.</strong></span> 
     </span>
    </p>
   </div>
   <div class='ocr_carea' id='block_1_99' title="bbox 524 5319 2117 5444">
    <p class='ocr_par' dir='ltr' id='par_1_99' title="bbox 524 5319 2117 5444">
     <span class='ocr_line' id='line_1_100' title="bbox 524 5319 876 5374; baseline -0.006 -17"><span class='ocrx_word' id='word_1_649' title='bbox 524 5319 692 5374; x_wconf 69' lang='lat' dir='ltr'><strong>paulo</strong></span> <span class='ocrx_word' id='word_1_650' title='bbox 725 5319 876 5355; x_wconf 76' lang='lat' dir='ltr'><strong>ante.</strong></span> 
     </span>
     <span class='ocr_line' id='line_1_101' title="bbox 600 5367 2117 5444; baseline -0.001 -16"><span class='ocrx_word' id='word_1_651' title='bbox 600 5373 712 5444; x_wconf 74' lang='grc'>(54)</span> <span class='ocrx_word' id='word_1_652' title='bbox 753 5369 924 5444; x_wconf 87' lang='lat' dir='ltr'><strong>_C_ont.</strong></span> <span class='ocrx_word' id='word_1_653' title='bbox 989 5387 1078 5444; x_wconf 87' lang='lat' dir='ltr'><strong>p_.__</strong></span> <span class='ocrx_word' id='word_1_654' title='bbox 1098 5371 1188 5444; x_wconf 65' lang='lat' dir='ltr'><strong>9t.</strong></span> <span class='ocrx_word' id='word_1_655' title='bbox 1227 5369 1378 5443; x_wconf 83' lang='lat' dir='ltr'><strong>Sym.</strong></span> <span class='ocrx_word' id='word_1_656' title='bbox 1413 5371 1552 5441; x_wconf 87' lang='lat' dir='ltr'><strong>Log.</strong></span> <span class='ocrx_word' id='word_1_657' title='bbox 1604 5384 1658 5439; x_wconf 89' lang='lat' dir='ltr'><strong>p.</strong></span> <span class='ocrx_word' id='word_1_658' title='bbox 1719 5367 1843 5436; x_wconf 69' lang='lat'><strong>49.9,</strong></span> <span class='ocrx_word' id='word_1_659' title='bbox 1901 5385 1955 5440; x_wconf 87' lang='lat' dir='ltr'><strong>p.</strong></span> <span class='ocrx_word' id='word_1_660' title='bbox 1991 5370 2117 5426; x_wconf 73' lang='grc'>451.</span> 
     </span>
    </p>
   </div>
   <div class='ocr_carea' id='block_1_100' title="bbox 523 5441 1142 5515">
    <p class='ocr_par' dir='ltr' id='par_1_100' title="bbox 523 5441 1142 5515">
     <span class='ocr_line' id='line_1_102' title="bbox 523 5441 1142 5515; baseline -0.008 -14"><span class='ocrx_word' id='word_1_661' title='bbox 523 5441 728 5515; x_wconf 80' lang='lat' dir='ltr'><strong>Georg.</strong></span> <span class='ocrx_word' id='word_1_662' title='bbox 753 5441 902 5515; x_wconf 50' lang='lat' dir='ltr'><strong>glori.</strong></span> <span class='ocrx_word' id='word_1_663' title='bbox 931 5457 996 5515; x_wconf 88' lang='lat' dir='ltr'><strong>p._</strong></span> <span class='ocrx_word' id='word_1_664' title='bbox 1009 5441 1142 5515; x_wconf 71' lang='grc'>526.</span> 
     </span>
    </p>
   </div>
   <div class='ocr_carea' id='block_1_101' title="bbox 591 5510 2119 5641">
    <p class='ocr_par' dir='ltr' id='par_1_101' title="bbox 591 5510 2119 5641">
     <span class='ocr_line' id='line_1_103' title="bbox 591 5510 2119 5585; baseline -0.002 -13"><span class='ocrx_word' id='word_1_665' title='bbox 591 5510 706 5585; x_wconf 71' lang='grc'>(55)</span> <span class='ocrx_word' id='word_1_666' title='bbox 743 5510 950 5581; x_wconf 65' lang='lat' dir='ltr'><strong>Georg.</strong></span> <span class='ocrx_word' id='word_1_667' title='bbox 978 5511 1124 5568; x_wconf 69' lang='lat' dir='ltr'><strong>Men.</strong></span> <span class='ocrx_word' id='word_1_668' title='bbox 1161 5527 1216 5583; x_wconf 83' lang='lat' dir='ltr'><strong>p.</strong></span> <span class='ocrx_word' id='word_1_669' title='bbox 1254 5511 1379 5580; x_wconf 69' lang='lat'><strong>527,</strong></span> <span class='ocrx_word' id='word_1_670' title='bbox 1411 5511 1654 5567; x_wconf 84' lang='lat' dir='ltr'><strong>Zonaras</strong></span> <span class='ocrx_word' id='word_1_671' title='bbox 1700 5526 1754 5580; x_wconf 87' lang='lat' dir='ltr'><strong>p.</strong></span> <span class='ocrx_word' id='word_1_672' title='bbox 1802 5510 1923 5568; x_wconf 81' lang='grc'>158.</span> <span class='ocrx_word' id='word_1_673' title='bbox 1953 5511 2119 5569; x_wconf 87' lang='lat' dir='ltr'><strong>Cedr.</strong></span> 
     </span>
     <span class='ocr_line' id='line_1_104' title="bbox 615 5582 990 5641; baseline -0.016 1"><span class='ocrx_word' id='word_1_674' title='bbox 615 5585 742 5641; x_wconf 80' lang='lat'><strong>5&#39;55.</strong></span> <span class='ocrx_word' id='word_1_675' title='bbox 771 5582 828 5637; x_wconf 93' lang='lat' dir='ltr'><strong>in</strong></span> <span class='ocrx_word' id='word_1_676' title='bbox 857 5583 990 5637; x_wconf 75' lang='lat' dir='ltr'><strong>line.</strong></span> 
     </span>
    </p>
   </div>
   <div class='ocr_carea' id='block_1_102' title="bbox 570 5582 990 5651">
    <p class='ocr_par' dir='ltr' id='par_1_102' title="bbox 570 5582 990 5651">
     <span class='ocr_line' id='line_1_105' title="bbox 570 5582 990 5651; baseline -0.012 -11"><span class='ocrx_word' id='word_1_677' title='bbox 570 5582 742 5651; x_wconf 67' lang='lat'><strong>.355,</strong></span> <span class='ocrx_word' id='word_1_678' title='bbox 771 5582 828 5637; x_wconf 93' lang='lat' dir='ltr'><strong>in</strong></span> <span class='ocrx_word' id='word_1_679' title='bbox 857 5583 990 5637; x_wconf 75' lang='lat' dir='ltr'><strong>line.</strong></span> 
     </span>
    </p>
   </div>
   <div class='ocr_carea' id='block_1_103' title="bbox 525 5602 1371 5722">
    <p class='ocr_par' dir='ltr' id='par_1_103' title="bbox 525 5602 1371 5722">
     <span class='ocr_line' id='line_1_106' title="bbox 525 5602 1155 5657; baseline -0.01 -17"><span class='ocrx_word' id='word_1_680' title='bbox 525 5602 580 5657; x_wconf 86' lang='lat' dir='ltr'><strong>p.</strong></span> <span class='ocrx_word' id='word_1_681' title='bbox 615 5602 742 5651; x_wconf 70' lang='lat'><strong>500,</strong></span> <span class='ocrx_word' id='word_1_682' title='bbox 771 5602 828 5637; x_wconf 91' lang='lat' dir='ltr'><strong>In</strong></span> <span class='ocrx_word' id='word_1_683' title='bbox 857 5602 990 5637; x_wconf 82' lang='lat' dir='ltr'><strong>nne.</strong></span> <span class='ocrx_word' id='word_1_684' title='bbox 1153 5651 1155 5654; x_wconf 20' lang='grc' dir='ltr'><strong><em>ι</em></strong></span> 
     </span>
     <span class='ocr_line' id='line_1_107' title="bbox 603 5653 1371 5722; baseline -0.004 -10"><span class='ocrx_word' id='word_1_685' title='bbox 603 5657 715 5722; x_wconf 84' lang='grc'>(56)</span> <span class='ocrx_word' id='word_1_686' title='bbox 750 5653 918 5710; x_wconf 86' lang='lat' dir='ltr'><strong>Cedr.</strong></span> <span class='ocrx_word' id='word_1_687' title='bbox 955 5669 1009 5721; x_wconf 88' lang='lat' dir='ltr'><strong>p.</strong></span> <span class='ocrx_word' id='word_1_688' title='bbox 1042 5653 1166 5711; x_wconf 75' lang='grc'>556.</span> <span class='ocrx_word' id='word_1_689' title='bbox 1191 5653 1294 5709; x_wconf 86' lang='lat' dir='ltr'><strong>lin.</strong></span> <span class='ocrx_word' id='word_1_690' title='bbox 1323 5655 1371 5709; x_wconf 87' lang='lat' dir='ltr'><strong>l.</strong></span> 
     </span>
    </p>
   </div>
   <div class='ocr_carea' id='block_1_104' title="bbox 603 5663 2118 5848">
    <p class='ocr_par' dir='ltr' id='par_1_104' title="bbox 603 5663 2118 5848">
     <span class='ocr_line' id='line_1_108' title="bbox 624 5663 1371 5722; baseline -0.004 -10"><span class='ocrx_word' id='word_1_691' title='bbox 624 5663 715 5722; x_wconf 84' lang='lat'><strong>56)</strong></span> <span class='ocrx_word' id='word_1_692' title='bbox 750 5663 918 5710; x_wconf 81' lang='lat' dir='ltr'><strong>Cedr.</strong></span> <span class='ocrx_word' id='word_1_693' title='bbox 955 5669 1009 5721; x_wconf 88' lang='lat' dir='ltr'><strong>p.</strong></span> <span class='ocrx_word' id='word_1_694' title='bbox 1042 5663 1166 5711; x_wconf 71' lang='grc'>556.</span> <span class='ocrx_word' id='word_1_695' title='bbox 1193 5663 1294 5709; x_wconf 83' lang='lat' dir='ltr'><strong>lin.</strong></span> <span class='ocrx_word' id='word_1_696' title='bbox 1323 5663 1371 5709; x_wconf 85' lang='grc' dir='ltr'><strong>ι.</strong></span> 
     </span>
     <span class='ocr_line' id='line_1_109' title="bbox 603 5663 2118 5848; baseline 0.003 -71"><span class='ocrx_word' id='word_1_697' title='bbox 603 5663 908 5848; x_wconf 43' lang='grc' dir='ltr'><strong>ξὸἐέροηι.</strong></span> <span class='ocrx_word' id='word_1_698' title='bbox 939 5738 993 5793; x_wconf 92' lang='lat' dir='ltr'><strong>p.</strong></span> <span class='ocrx_word' id='word_1_699' title='bbox 1027 5723 1117 5779; x_wconf 87' lang='lat'><strong>96.</strong></span> <span class='ocrx_word' id='word_1_700' title='bbox 1153 5725 1302 5796; x_wconf 80' lang='lat' dir='ltr'><strong>Sym.</strong></span> <span class='ocrx_word' id='word_1_701' title='bbox 1335 5725 1468 5796; x_wconf 80' lang='lat' dir='ltr'><strong>Log.</strong></span> <span class='ocrx_word' id='word_1_702' title='bbox 1499 5741 1556 5797; x_wconf 89' lang='lat' dir='ltr'><strong>p,</strong></span> <span class='ocrx_word' id='word_1_703' title='bbox 1590 5725 1715 5783; x_wconf 73' lang='grc'>451.</span> <span class='ocrx_word' id='word_1_704' title='bbox 1741 5724 1938 5799; x_wconf 83' lang='lat' dir='ltr'><strong>Georg.</strong></span> <span class='ocrx_word' id='word_1_705' title='bbox 1970 5724 2118 5781; x_wconf 81' lang='lat' dir='ltr'><strong>Men.</strong></span> 
     </span>
    </p>
   </div>
   <div class='ocr_carea' id='block_1_105' title="bbox 529 5807 1475 5937">
    <p class='ocr_par' dir='ltr' id='par_1_105' title="bbox 529 5807 1475 5937">
     <span class='ocr_line' id='line_1_110' title="bbox 529 5807 1475 5937; baseline -0.003 -15"><span class='ocrx_word' id='word_1_706' title='bbox 529 5807 585 5864; x_wconf 47' lang='grc' dir='ltr'><strong>ν.</strong></span> <span class='ocrx_word' id='word_1_707' title='bbox 761 5862 1044 5932; x_wconf 85' lang='lat' dir='ltr'><strong>Scriptum</strong></span> <span class='ocrx_word' id='word_1_708' title='bbox 1070 5866 1475 5937; x_wconf 75' lang='grc' dir='ltr'><strong>κατακυμινάν.</strong></span> 
     </span>
    </p>
   </div>
   <div class='ocr_carea' id='block_1_106' title="bbox 2304 4598 3823 4672">
    <p class='ocr_par' dir='ltr' id='par_1_106' title="bbox 2304 4598 3823 4672">
     <span class='ocr_line' id='line_1_111' title="bbox 2304 4598 3823 4672; baseline 0.005 -24"><span class='ocrx_word' id='word_1_709' title='bbox 2304 4598 2416 4672; x_wconf 69' lang='grc'>(60)</span> <span class='ocrx_word' id='word_1_710' title='bbox 2469 4598 2545 4672; x_wconf 80' lang='lat' dir='ltr'><strong>Ita</strong></span> <span class='ocrx_word' id='word_1_711' title='bbox 2575 4598 2695 4655; x_wconf 56' lang='lat' dir='ltr'><strong>haec</strong></span> <span class='ocrx_word' id='word_1_712' title='bbox 2716 4601 2911 4672; x_wconf 77' lang='lat' dir='ltr'><strong>omnia</strong></span> <span class='ocrx_word' id='word_1_713' title='bbox 2952 4602 3179 4672; x_wconf 87' lang='lat' dir='ltr'><strong>scripta.</strong></span> <span class='ocrx_word' id='word_1_714' title='bbox 3209 4603 3315 4657; x_wconf 84' lang='lat' dir='ltr'><strong>Pro</strong></span> <span class='ocrx_word' id='word_1_715' title='bbox 3347 4603 3456 4658; x_wconf 90' lang='lat' dir='ltr'><strong>hoc</strong></span> <span class='ocrx_word' id='word_1_716' title='bbox 3507 4604 3692 4672; x_wconf 88' lang='lat' dir='ltr'><strong>potius</strong></span> <span class='ocrx_word' id='word_1_717' title='bbox 3738 4604 3823 4659; x_wconf 83' lang='lat' dir='ltr'><strong>le-</strong></span> 
     </span>
    </p>
   </div>
   <div class='ocr_carea' id='block_1_107' title="bbox 2223 4667 3823 4747">
    <p class='ocr_par' dir='ltr' id='par_1_107' title="bbox 2223 4667 3823 4747">
     <span class='ocr_line' id='line_1_112' title="bbox 2223 4667 3823 4747; baseline 0.006 -27"><span class='ocrx_word' id='word_1_718' title='bbox 2223 4667 2464 4747; x_wconf 80' lang='lat' dir='ltr'><strong>gendum</strong></span> <span class='ocrx_word' id='word_1_719' title='bbox 2493 4671 2850 4725; x_wconf 85' lang='grc' dir='ltr'><strong>διατελοῦσιν.</strong></span> <span class='ocrx_word' id='word_1_720' title='bbox 2872 4673 2988 4747; x_wconf 81' lang='lat' dir='ltr'><strong>_A_ut</strong></span> <span class='ocrx_word' id='word_1_721' title='bbox 3007 4667 3390 4747; x_wconf 73' lang='grc' dir='ltr'><strong>διατηροῦνται</strong></span> <span class='ocrx_word' id='word_1_722' title='bbox 3413 4667 3610 4747; x_wconf 80' lang='lat' dir='ltr'><strong>debuit</strong></span> <span class='ocrx_word' id='word_1_723' title='bbox 3633 4674 3823 4747; x_wconf 79' lang='lat' dir='ltr'><strong>dicere</strong></span> 
     </span>
    </p>
   </div>
   <div class='ocr_carea' id='block_1_108' title="bbox 2225 4743 3826 4800">
    <p class='ocr_par' dir='ltr' id='par_1_108' title="bbox 2225 4743 3826 4800">
     <span class='ocr_line' id='line_1_113' title="bbox 2225 4743 3826 4800; baseline 0.006 -10"><span class='ocrx_word' id='word_1_724' title='bbox 2225 4743 2263 4791; x_wconf 86' lang='lat' dir='ltr'><strong>i.</strong></span> <span class='ocrx_word' id='word_1_725' title='bbox 2303 4753 2354 4792; x_wconf 87' lang='lat' dir='ltr'><strong>e.</strong></span> <span class='ocrx_word' id='word_1_726' title='bbox 2387 4751 2705 4796; x_wconf 76' lang='lat' dir='ltr'><strong>servantur:</strong></span> <span class='ocrx_word' id='word_1_727' title='bbox 2759 4750 2819 4797; x_wconf 88' lang='lat' dir='ltr'><strong>ut</strong></span> <span class='ocrx_word' id='word_1_728' title='bbox 2870 4743 2962 4799; x_wconf 90' lang='lat' dir='ltr'><strong>hic</strong></span> <span class='ocrx_word' id='word_1_729' title='bbox 3015 4743 3185 4799; x_wconf 86' lang='lat' dir='ltr'><strong>etiam</strong></span> <span class='ocrx_word' id='word_1_730' title='bbox 3223 4745 3568 4799; x_wconf 86' lang='lat' dir='ltr'><strong>contrarium</strong></span> <span class='ocrx_word' id='word_1_731' title='bbox 3619 4745 3826 4800; x_wconf 82' lang='lat' dir='ltr'><strong>dixerit</strong></span> 
     </span>
    </p>
   </div>
   <div class='ocr_carea' id='block_1_109' title="bbox 2225 4808 2755 4878">
    <p class='ocr_par' dir='ltr' id='par_1_109' title="bbox 2225 4808 2755 4878">
     <span class='ocr_line' id='line_1_114' title="bbox 2225 4808 2755 4878; baseline 0.013 -17"><span class='ocrx_word' id='word_1_732' title='bbox 2225 4808 2347 4878; x_wconf 88' lang='lat' dir='ltr'><strong>ejus</strong></span> <span class='ocrx_word' id='word_1_733' title='bbox 2382 4811 2529 4878; x_wconf 91' lang='lat' dir='ltr'><strong>quod</strong></span> <span class='ocrx_word' id='word_1_734' title='bbox 2559 4813 2755 4875; x_wconf 86' lang='lat' dir='ltr'><strong>voluit.</strong></span> 
     </span>
    </p>
   </div>
   <div class='ocr_carea' id='block_1_110' title="bbox 2299 4877 3824 4957">
    <p class='ocr_par' dir='ltr' id='par_1_110' title="bbox 2299 4877 3824 4957">
     <span class='ocr_line' id='line_1_115' title="bbox 2299 4877 3824 4957; baseline 0.004 -24"><span class='ocrx_word' id='word_1_735' title='bbox 2299 4877 2410 4950; x_wconf 82' lang='grc'>(61)</span> <span class='ocrx_word' id='word_1_736' title='bbox 2435 4881 2598 4957; x_wconf 67' lang='grc' dir='ltr'><strong>(Ιοηῑ.</strong></span> <span class='ocrx_word' id='word_1_737' title='bbox 2631 4886 2816 4957; x_wconf 75' lang='lat' dir='ltr'><strong>p.__98.</strong></span> <span class='ocrx_word' id='word_1_738' title='bbox 2849 4884 3000 4957; x_wconf 84' lang='lat' dir='ltr'><strong>Sym.</strong></span> <span class='ocrx_word' id='word_1_739' title='bbox 3046 4885 3275 4957; x_wconf 10' lang='lat' dir='ltr'><strong>Log._rd.</strong></span> <span class='ocrx_word' id='word_1_740' title='bbox 3305 4885 3434 4950; x_wconf 71' lang='grc'><strong>429,</strong></span> <span class='ocrx_word' id='word_1_741' title='bbox 3461 4887 3580 4957; x_wconf 6' lang='grc' dir='ltr'><strong>,ιιὺί</strong></span> <span class='ocrx_word' id='word_1_742' title='bbox 3609 4904 3622 4940; x_wconf 89' lang='lat'><strong>:</strong></span> <span class='ocrx_word' id='word_1_743' title='bbox 3651 4887 3824 4957; x_wconf 53' lang='lat' dir='ltr'><strong>amt</strong></span> 
     </span>
    </p>
   </div>
   <div class='ocr_carea' id='block_1_111' title="bbox 2225 4954 3818 5028">
    <p class='ocr_par' dir='ltr' id='par_1_111' title="bbox 2225 4954 3818 5028">
     <span class='ocr_line' id='line_1_116' title="bbox 2225 4954 3818 5028; baseline 0.001 -22"><span class='ocrx_word' id='word_1_744' title='bbox 2225 4966 2353 5028; x_wconf 53' lang='grc' dir='ltr'><strong>τινα</strong></span> <span class='ocrx_word' id='word_1_745' title='bbox 2367 4954 2545 5028; x_wconf 63' lang='grc' dir='ltr'><strong>μονὴν</strong></span> <span class='ocrx_word' id='word_1_746' title='bbox 2569 4956 2628 5006; x_wconf 80' lang='grc' dir='ltr'><strong>ἐν</strong></span> <span class='ocrx_word' id='word_1_747' title='bbox 2653 4954 3018 5028; x_wconf 41' lang='grc' dir='ltr'><strong>τῷ-Ιςλειδίῳ.</strong></span> <span class='ocrx_word' id='word_1_748' title='bbox 3041 4954 3163 5010; x_wconf 13' lang='lat' dir='ltr'><strong>Vidi.</strong></span> <span class='ocrx_word' id='word_1_749' title='bbox 3182 4955 3566 5028; x_wconf 30' lang='lat' dir='ltr'><strong>Georg.AMon.</strong></span> <span class='ocrx_word' id='word_1_750' title='bbox 3603 4954 3659 5028; x_wconf 88' lang='lat' dir='ltr'><strong>p.</strong></span> <span class='ocrx_word' id='word_1_751' title='bbox 3693 4955 3818 5028; x_wconf 65' lang='lat'><strong>526.</strong></span> 
     </span>
    </p>
   </div>
   <div class='ocr_carea' id='block_1_112' title="bbox 2303 5020 3820 5107">
    <p class='ocr_par' dir='ltr' id='par_1_112' title="bbox 2303 5020 3820 5107">
     <span class='ocr_line' id='line_1_117' title="bbox 2303 5020 3820 5107; baseline 0.003 -31"><span class='ocrx_word' id='word_1_752' title='bbox 2303 5020 2415 5107; x_wconf 57' lang='grc' dir='ltr'>(ϐξ.)</span> <span class='ocrx_word' id='word_1_753' title='bbox 2446 5020 2855 5107; x_wconf 53' lang='grc' dir='ltr'><strong>Ζοη.“ρ.’155,</strong></span> <span class='ocrx_word' id='word_1_754' title='bbox 2891 5020 2971 5107; x_wconf 53' lang='lat' dir='ltr'><strong>i_n_&#39;</strong></span> <span class='ocrx_word' id='word_1_755' title='bbox 2993 5027 3101 5107; x_wconf 59' lang='lat' dir='ltr'><strong>{ine</strong></span> <span class='ocrx_word' id='word_1_756' title='bbox 3130 5035 3210 5107; x_wconf 69' lang='lat' dir='ltr'><strong>et</strong></span> <span class='ocrx_word' id='word_1_757' title='bbox 3231 5020 3358 5096; x_wconf 60' lang='lat' dir='ltr'><strong>seq:</strong></span> <span class='ocrx_word' id='word_1_758' title='bbox 3385 5026 3550 5083; x_wconf 91' lang='lat' dir='ltr'><strong>Cedr.</strong></span> <span class='ocrx_word' id='word_1_759' title='bbox 3601 5020 3657 5098; x_wconf 66' lang='grc' dir='ltr'><strong>ᾖ).</strong></span> <span class='ocrx_word' id='word_1_760' title='bbox 3694 5027 3820 5092; x_wconf 75' lang='lat'><strong>356,</strong></span> 
     </span>
    </p>
   </div>
   <div class='ocr_carea' id='block_1_113' title="bbox 2226 5089 3219 5164">
    <p class='ocr_par' dir='ltr' id='par_1_113' title="bbox 2226 5089 3219 5164">
     <span class='ocr_line' id='line_1_118' title="bbox 2226 5089 3219 5164; baseline 0.008 -21"><span class='ocrx_word' id='word_1_761' title='bbox 2226 5089 2736 5164; x_wconf 18' lang='lat' dir='ltr'><strong>ubiidpxayyéﬁnv,</strong></span> <span class='ocrx_word' id='word_1_762' title='bbox 2770 5096 2920 5164; x_wconf 88' lang='lat' dir='ltr'><strong>quod</strong></span> <span class='ocrx_word' id='word_1_763' title='bbox 2952 5096 3100 5150; x_wconf 84' lang='lat' dir='ltr'><strong>idem</strong></span> <span class='ocrx_word' id='word_1_764' title='bbox 3133 5103 3219 5150; x_wconf 91' lang='lat' dir='ltr'><strong>est</strong></span> 
     </span>
    </p>
   </div>
   <div class='ocr_carea' id='block_1_114' title="bbox 2227 5163 3820 5288">
    <p class='ocr_par' dir='ltr' id='par_1_114' title="bbox 2227 5163 3820 5288">
     <span class='ocr_line' id='line_1_119' title="bbox 2227 5163 3820 5288; baseline 0.005 -72"><span class='ocrx_word' id='word_1_765' title='bbox 2227 5163 2412 5288; x_wconf 43' lang='lat'><strong>55(65)</strong></span> <span class='ocrx_word' id='word_1_766' title='bbox 2462 5165 2614 5236; x_wconf 77' lang='lat' dir='ltr'><strong>Sym.</strong></span> <span class='ocrx_word' id='word_1_767' title='bbox 2673 5163 2894 5237; x_wconf 77' lang='lat' dir='ltr'><strong>Log.p.</strong></span> <span class='ocrx_word' id='word_1_768' title='bbox 2932 5167 3059 5223; x_wconf 74' lang='grc'>451.</span> <span class='ocrx_word' id='word_1_769' title='bbox 3111 5166 3250 5222; x_wconf 88' lang='lat' dir='ltr'><strong>Zon.</strong></span> <span class='ocrx_word' id='word_1_770' title='bbox 3303 5184 3359 5238; x_wconf 89' lang='lat' dir='ltr'><strong>p.</strong></span> <span class='ocrx_word' id='word_1_771' title='bbox 3412 5170 3537 5226; x_wconf 67' lang='lat' dir='ltr'><strong>15L</strong></span> <span class='ocrx_word' id='word_1_772' title='bbox 3567 5169 3728 5226; x_wconf 86' lang='lat' dir='ltr'><strong>Cedr.</strong></span> <span class='ocrx_word' id='word_1_773' title='bbox 3763 5184 3820 5239; x_wconf 87' lang='lat' dir='ltr'><strong>p.</strong></span> 
     </span>
    </p>
   </div>
   <div class='ocr_carea' id='block_1_115' title="bbox 2229 5301 3822 5498">
    <p class='ocr_par' dir='ltr' id='par_1_115' title="bbox 2229 5301 3822 5498">
     <span class='ocr_line' id='line_1_120' title="bbox 2230 5301 3822 5428; baseline 0.004 -72"><span class='ocrx_word' id='word_1_774' title='bbox 2230 5303 2414 5428; x_wconf 48' lang='grc' dir='ltr'><strong>ςὸἓθιι)</strong></span> <span class='ocrx_word' id='word_1_775' title='bbox 2444 5301 2605 5427; x_wconf 62' lang='grc' dir='ltr'><strong>(Ξὲῐιι.</strong></span> <span class='ocrx_word' id='word_1_776' title='bbox 2643 5305 2820 5388; x_wconf 52' lang='lat' dir='ltr'><strong>p.~96.</strong></span> <span class='ocrx_word' id='word_1_777' title='bbox 2861 5305 3011 5378; x_wconf 78' lang='lat' dir='ltr'><strong>Sym.</strong></span> <span class='ocrx_word' id='word_1_778' title='bbox 3066 5307 3204 5381; x_wconf 81' lang='lat' dir='ltr'><strong>Leg.</strong></span> <span class='ocrx_word' id='word_1_779' title='bbox 3259 5325 3314 5378; x_wconf 88' lang='lat' dir='ltr'><strong>p.</strong></span> <span class='ocrx_word' id='word_1_780' title='bbox 3367 5309 3495 5365; x_wconf 72' lang='grc'><strong>430.</strong></span> <span class='ocrx_word' id='word_1_781' title='bbox 3544 5311 3710 5367; x_wconf 90' lang='lat' dir='ltr'><strong>Cedr.</strong></span> <span class='ocrx_word' id='word_1_782' title='bbox 3765 5327 3822 5374; x_wconf 79' lang='grc' dir='ltr'><strong>ι).</strong></span> 
     </span>
     <span class='ocr_line' id='line_1_121' title="bbox 2229 5379 3821 5498; baseline 0.006 -72"><span class='ocrx_word' id='word_1_783' title='bbox 2229 5381 2868 5498; x_wconf 50' lang='grc' dir='ltr'><strong>ὲνώ.-ῐο²ασέ.λίἕῖιν,</strong></span> <span class='ocrx_word' id='word_1_784' title='bbox 2914 5379 3062 5435; x_wconf 86' lang='lat' dir='ltr'><strong>unde</strong></span> <span class='ocrx_word' id='word_1_785' title='bbox 3089 5379 3358 5450; x_wconf 82' lang='grc' dir='ltr'><strong>βασιλέως</strong></span> <span class='ocrx_word' id='word_1_786' title='bbox 3391 5381 3648 5453; x_wconf 83' lang='grc' dir='ltr'><strong>κληρικοι</strong></span> <span class='ocrx_word' id='word_1_787' title='bbox 3677 5382 3821 5452; x_wconf 78' lang='lat' dir='ltr'><strong>apud</strong></span> 
     </span>
    </p>
   </div>
   <div class='ocr_carea' id='block_1_116' title="bbox 2225 5447 3821 5656">
    <p class='ocr_par' dir='ltr' id='par_1_116' title="bbox 2225 5447 3821 5656">
     <span class='ocr_line' id='line_1_122' title="bbox 2230 5447 3727 5515; baseline -0.001 -17"><span class='ocrx_word' id='word_1_788' title='bbox 2230 5447 2381 5514; x_wconf 85' lang='lat' dir='ltr'><strong>Sym.</strong></span> <span class='ocrx_word' id='word_1_789' title='bbox 2418 5447 2550 5514; x_wconf 85' lang='lat' dir='ltr'><strong>Log.</strong></span> <span class='ocrx_word' id='word_1_790' title='bbox 2587 5462 2642 5515; x_wconf 88' lang='lat' dir='ltr'><strong>p.</strong></span> <span class='ocrx_word' id='word_1_791' title='bbox 2676 5447 2800 5503; x_wconf 69' lang='lat'><strong>430.</strong></span> <span class='ocrx_word' id='word_1_792' title='bbox 3090 5447 3099 5450; x_wconf 71' lang='grc'>⁷</span> <span class='ocrx_word' id='word_1_793' title='bbox 3482 5447 3516 5453; x_wconf 71' lang='grc'><strong>’⁷</strong></span> <span class='ocrx_word' id='word_1_794' title='bbox 3710 5447 3727 5452; x_wconf 86' lang='grc'><em>’</em></span> 
     </span>
     <span class='ocr_line' id='line_1_123' title="bbox 2225 5514 3821 5656; baseline 0.002 -82"><span class='ocrx_word' id='word_1_795' title='bbox 2225 5515 2412 5640; x_wconf 46' lang='grc' dir='ltr'><strong>Οθὲϋὲ)</strong></span> <span class='ocrx_word' id='word_1_796' title='bbox 2432 5514 2699 5656; x_wconf 50' lang='grc' dir='ltr'><strong>ἓοὲἑὸρ</strong></span> <span class='ocrx_word' id='word_1_797' title='bbox 2742 5519 2834 5585; x_wconf 84' lang='grc'>96,</span> <span class='ocrx_word' id='word_1_798' title='bbox 2869 5518 3194 5590; x_wconf 79' lang='grc' dir='ltr'><strong>ἡγούμενος.</strong></span> <span class='ocrx_word' id='word_1_799' title='bbox 3245 5521 3398 5594; x_wconf 89' lang='lat' dir='ltr'><strong>Sym.</strong></span> <span class='ocrx_word' id='word_1_800' title='bbox 3435 5523 3569 5595; x_wconf 85' lang='lat' dir='ltr'><strong>Log.</strong></span> <span class='ocrx_word' id='word_1_801' title='bbox 3603 5539 3660 5595; x_wconf 86' lang='lat' dir='ltr'><strong>p.</strong></span> <span class='ocrx_word' id='word_1_802' title='bbox 3692 5522 3821 5577; x_wconf 72' lang='grc' dir='ltr'><strong>ιδο.</strong></span> 
     </span>
    </p>
   </div>
   <div class='ocr_carea' id='block_1_117' title="bbox 2303 5656 3822 5734">
    <p class='ocr_par' dir='ltr' id='par_1_117' title="bbox 2303 5656 3822 5734">
     <span class='ocr_line' id='line_1_124' title="bbox 2303 5656 3822 5734; baseline 0.006 -24"><span class='ocrx_word' id='word_1_803' title='bbox 2303 5656 2415 5734; x_wconf 75' lang='grc'>(66)</span> <span class='ocrx_word' id='word_1_804' title='bbox 2443 5657 2606 5734; x_wconf 85' lang='lat' dir='ltr'><strong>C_e_dr.</strong></span> <span class='ocrx_word' id='word_1_805' title='bbox 2640 5676 2696 5731; x_wconf 91' lang='lat' dir='ltr'><strong>p.</strong></span> <span class='ocrx_word' id='word_1_806' title='bbox 2729 5659 2853 5716; x_wconf 76' lang='grc'>556.</span> <span class='ocrx_word' id='word_1_807' title='bbox 2890 5660 3092 5734; x_wconf 84' lang='lat' dir='ltr'><strong>Zonar.</strong></span> <span class='ocrx_word' id='word_1_808' title='bbox 3130 5678 3186 5734; x_wconf 92' lang='lat' dir='ltr'><strong>p.</strong></span> <span class='ocrx_word' id='word_1_809' title='bbox 3219 5662 3344 5718; x_wconf 66' lang='grc'>154.</span> <span class='ocrx_word' id='word_1_810' title='bbox 3383 5663 3534 5734; x_wconf 74' lang='lat' dir='ltr'><strong>Sym.</strong></span> <span class='ocrx_word' id='word_1_811' title='bbox 3577 5663 3712 5734; x_wconf 75' lang='lat' dir='ltr'><strong>Log.</strong></span> <span class='ocrx_word' id='word_1_812' title='bbox 3762 5679 3822 5732; x_wconf 88' lang='lat' dir='ltr'><strong>p.</strong></span> 
     </span>
    </p>
   </div>
   <div class='ocr_carea' id='block_1_118' title="bbox 2225 5727 3828 5801">
    <p class='ocr_par' dir='ltr' id='par_1_118' title="bbox 2225 5727 3828 5801">
     <span class='ocr_line' id='line_1_125' title="bbox 2225 5727 3828 5801; baseline 0.005 -22"><span class='ocrx_word' id='word_1_813' title='bbox 2225 5727 2353 5801; x_wconf 67' lang='lat' dir='ltr'><strong>§_3l,</strong></span> <span class='ocrx_word' id='word_1_814' title='bbox 2394 5729 2488 5798; x_wconf 91' lang='lat' dir='ltr'><strong>qui</strong></span> <span class='ocrx_word' id='word_1_815' title='bbox 2519 5727 2658 5801; x_wconf 58' lang='lat' dir='ltr'><strong>ipso&#39;</strong></span> <span class='ocrx_word' id='word_1_816' title='bbox 2679 5740 2804 5786; x_wconf 89' lang='lat' dir='ltr'><strong>actu</strong></span> <span class='ocrx_word' id='word_1_817' title='bbox 2827 5740 3018 5787; x_wconf 85' lang='lat' dir='ltr'><strong>erutos</strong></span> <span class='ocrx_word' id='word_1_818' title='bbox 3042 5733 3092 5787; x_wconf 86' lang='lat' dir='ltr'><strong>ei</strong></span> <span class='ocrx_word' id='word_1_819' title='bbox 3127 5727 3320 5789; x_wconf 79' lang='lat' dir='ltr'><strong>oculos</strong></span> <span class='ocrx_word' id='word_1_820' title='bbox 3345 5727 3602 5801; x_wconf 74' lang='lat' dir='ltr'><strong>affirmat,</strong></span> <span class='ocrx_word' id='word_1_821' title='bbox 3628 5727 3736 5790; x_wconf 70' lang='lat' dir='ltr'><strong>non</strong></span> <span class='ocrx_word' id='word_1_822' title='bbox 3764 5727 3828 5788; x_wconf 77' lang='lat' dir='ltr'><strong>ut</strong></span> 
     </span>
    </p>
   </div>
   <div class='ocr_carea' id='block_1_119' title="bbox 2226 5795 2802 5858">
    <p class='ocr_par' dir='ltr' id='par_1_119' title="bbox 2226 5795 2802 5858">
     <span class='ocr_line' id='line_1_126' title="bbox 2226 5795 2802 5858; baseline 0.012 -9"><span class='ocrx_word' id='word_1_823' title='bbox 2226 5795 2428 5851; x_wconf 76' lang='lat' dir='ltr'><strong>Noster</strong></span> <span class='ocrx_word' id='word_1_824' title='bbox 2454 5808 2510 5853; x_wconf 88' lang='lat' dir='ltr'><strong>et</strong></span> <span class='ocrx_word' id='word_1_825' title='bbox 2532 5796 2802 5858; x_wconf 80' lang='lat' dir='ltr'><strong>Zonaras.</strong></span> 
     </span>
    </p>
   </div>
   <div class='ocr_carea' id='block_1_120' title="bbox 2303 5868 3820 5948">
    <p class='ocr_par' dir='ltr' id='par_1_120' title="bbox 2303 5868 3820 5948">
     <span class='ocr_line' id='line_1_127' title="bbox 2303 5868 3820 5948; baseline 0.007 -28"><span class='ocrx_word' id='word_1_826' title='bbox 2303 5868 2416 5940; x_wconf 78' lang='lat'><strong>(67)</strong></span> <span class='ocrx_word' id='word_1_827' title='bbox 2455 5869 2588 5924; x_wconf 86' lang='lat' dir='ltr'><strong>Zon.</strong></span> <span class='ocrx_word' id='word_1_828' title='bbox 2617 5889 2670 5942; x_wconf 92' lang='lat' dir='ltr'><strong>p.</strong></span> <span class='ocrx_word' id='word_1_829' title='bbox 2708 5874 2828 5928; x_wconf 71' lang='lat' dir='ltr'><strong>15L</strong></span> <span class='ocrx_word' id='word_1_830' title='bbox 2862 5873 3023 5929; x_wconf 79' lang='lat' dir='ltr'><strong>Com.</strong></span> <span class='ocrx_word' id='word_1_831' title='bbox 3060 5891 3109 5946; x_wconf 85' lang='lat' dir='ltr'><strong>p.</strong></span> <span class='ocrx_word' id='word_1_832' title='bbox 3142 5877 3232 5932; x_wconf 83' lang='lat'><strong>98.</strong></span> <span class='ocrx_word' id='word_1_833' title='bbox 3259 5876 3408 5946; x_wconf 79' lang='lat' dir='ltr'><strong>Sym.</strong></span> <span class='ocrx_word' id='word_1_834' title='bbox 3436 5875 3569 5948; x_wconf 85' lang='lat' dir='ltr'><strong>Log.</strong></span> <span class='ocrx_word' id='word_1_835' title='bbox 3603 5892 3657 5947; x_wconf 88' lang='lat' dir='ltr'><strong>p.</strong></span> <span class='ocrx_word' id='word_1_836' title='bbox 3691 5873 3820 5946; x_wconf 72' lang='grc'><strong>429,</strong></span> 
     </span>
    </p>
   </div>
  </div>
