4136 6442
349 360 490 427 ῙῙΠ

1691 361 1966 423 REGUM
1998 362 2144 424 LIB.
2188 366 2286 429 IV.

3489 362 3637 435 111s

356 471 970 544 Ἐπεφιλοχρηματήκει
999 469 1112 543 (15)
1143 467 1253 539 γὰρ
1279 468 1516 538 ἀφειδῶς
1552 469 1766 525 πολλῶν
1795 488 1933 541 κτη-

2049 478 2339 542 sessiones,
2364 478 2464 535 sed
2485 486 2549 533 et
2568 479 2861 549 pretiosas,
2892 480 3177 546 ali'ectans,
3208 497 3442 561 quarum
3476 498 3628 537 como

349 567 538 638 μάτων
558 566 653 620 καὶ
677 566 786 637 μὴν
809 562 1099 635 τιμαλφῶν
1118 562 1429 634 ἐφιέμενος,
1450 555 1525 617 ὧν
1545 563 1644 635 τὴν
1666 564 1859 634 κτῆσιν
1877 564 1936 632 ἐξ

344 657 644 728 ἁναγκαίον
669 655 1157 726 προσελάμϐάνετο
1174 670 1188 685 ·
1217 654 1647 726 δπεφιλοτίμητο
1671 654 1782 725 γὰρ
1806 673 1939 727 προ-

348 745 600 816 πομπαῖς
625 744 707 808 είς
731 744 902 814 ἄκρον
934 744 1031 796 καὶ
1059 742 1479 814 σεϐασμιότησι,
1512 743 1574 797 τὸ
1593 743 1821 808 αὔθαδες
1844 746 1938 799 καὶ

344 836 665 902 ἀλαζονικὸν
685 835 1076 907 ἐπισπώμενος
1096 836 1231 908 (Li),
1257 836 1306 889 εί
1327 836 1420 890 καὶ
1451 835 1593 908 μετὰ
1612 853 1936 907 σκηνικευο-

348 930 523 1001 μένης
548 930 867 1000 φρονήσεως
890 927 990 981 καὶ
1010 927 1247 999 ἀρχικῆς
1281 928 1674 993 καταστάσεως
1693 929 1874 1000 ἥττων
1890 931 1937 963 ⁷³

343 1019 416 1096 ἦν
454 1022 565 1076 τῶν
605 1022 665 1089 ἐξ
704 1022 964 1093 ἀληθείας
1013 1021 1421 1093 βελτιωμάτων.
1459 1021 1552 1087 Ἐξ
1584 1015 1660 1077 ὧν
1691 1023 1938 1094 ἀσχέτως

344 1115 628 1170 ἐϐασιλεία
657 1114 789 1186 (15),
822 1114 1051 1186 Μιχαὴλ
1090 1113 1468 1185 ὲπαυχενίζων
1515 1116 1610 1169 τοῦ
1649 1115 1937 1186 βασιλέως,

344 1200 451 1276 ᾧτ’
473 1207 819 1279 παρορᾶσθαι
850 1207 950 1281 μὲν
971 1207 1233 1271 πολλάκις
1256 1207 1322 1262 ἐκ
1340 1226 1400 1261 τε
1421 1207 1532 1278 (16)
1557 1208 1666 1262 τῶν
1698 1208 1938 1281 συγκλη-

343 1299 516 1354 τικῶν
551 1298 851 1367 ἐξεγένετο,
882 1298 1025 1367 τάχα
1057 1298 1114 1351 δὲ
1139 1300 1234 1352 κα)⁸
1259 1299 1347 1353 διὰ
1379 1299 1440 1352 τὸ
1478 1298 1799 1353 ἁλίσκεσθαι
1823 1298 1935 1371 (17)

344 1392 697 1463 φιλοθεάμονι
726 1392 820 1446 καὶ
848 1391 1272 1463 φιλιπποδρόμῳ
1302 1391 1564 1463 προθέσει
1591 1391 1685 1445 τὸν
1729 1392 1939 1447 ἄνακτα

342 1483 411 1538 δι’
454 1483 794 1554 ἀπροσεξίαν
828 1483 941 1538 τῶν
989 1484 1319 1554 ἀμεινόνων,
1352 1482 1387 1555 ἦ
1429 1483 1594 1555 τυχὸν
1621 1484 1716 1537 καὶ
1752 1484 1941 1556 ἡλικίᾳ

342 1577 412 1647 τῇ
446 1574 638 1640 νεαζού
647 1592 717 1646 σῃ
744 1593 819 1628 πα
830 1575 1251 1647 ραριπίζεσθαι.

418 1667 494 1722 Ob
527 1668 634 1739 μὴν
651 1668 708 1723 δὲ
738 1669 949 1738 Βάρδας
975 1671 1145 1739 μόνης
1176 1669 1275 1740 τῆς
1309 1669 1588 1740 βασιλείας
1614 1672 1757 1744 ἐρῶν
1779 1673 1940 1745 ὲτυρ-

348 1759 566 1828 ϐάζετο,
586 1760 723 1813 ἀλλὰ
756 1762 852 1815 καὶ
879 1761 990 1816 τῶν
1018 1762 1118 1833 τῆς
1149 1762 1488 1833 Ἐκκλησίας
1512 1764 1806 1837 ὲγκρατεῖν
1842 1766 1942 1819 οὐκ

344 1853 585 1907 ἐπαύετο
617 1851 757 1924 (18),
787 1852 931 1907 ὥστε
960 1854 1216 1909 καθελεῖν
1258 1855 1354 1909 τοῦ
1386 1855 1785 1929 ἀρχιερατικοῦ
1814 1858 1945 1928 θρό-

345 1964 439 2002 νου
465 1946 557 2000 τὸν
586 1944 787 2016 σεμνὸν
848 1945 1117 2015 Ἱγνάτιον
1147 1947 1567 2019 διασκέψασθαι,
1602 1948 1683 2020 τῷ
1738 1950 1948 2021 ἀπεῖρ-

348 2035 479 2107 χθαί
538 2052 675 2089 ποτε
716 2037 1007 2099 κοινωνίας
1030 2036 1197 2091 αὑτὸν
1227 2039 1371 2094 κατά
1395 2057 1449 2093 τι
1474 2040 1582 2095 τῶν
1601 2041 1949 2096 ἁπευκταίων

344 2128 659 2200 ἐλάττωμα,
682 2128 711 2182 δ
741 2128 881 2202 πρὸς
938 2128 1197 2185 ὑπόνοιαν
1255 2131 1735 2204 παρενέσκηπτεν,
1774 2134 1824 2187 εί
1854 2132 1949 2186 καὶ

346 2221 675 2293 παρἀύτοῦ
726 2222 990 2286 πολλάκις
1029 2224 1088 2277 ὲν
1120 2222 1299 2296 ταύτῃ
1355 2224 1570 2295 δεχθεὶς
1607 2224 1948 2289 νουθετικαῖς

345 2332 409 2371 τε
474 2315 814 2386 συμϐουλαῖς
850 2314 926 2386 μὴ
962 2314 1213 2378 πεισθεὶς
1262 2316 1307 2348 τι
1370 2317 1570 2370 ἑαυτὸν
1625 2316 1950 2388 δοκιμάζειν

343 2410 469 2463 καθ’
499 2409 555 2463 ’ἃ-
602 2409 683 2480 τῷ
735 2409 938 2479 Παύλῳ
1004 2409 1454 2479 νενομοθέτηται,
1514 2410 1832 2476 άνευλαϐῶς
1870 2410 1949 2481 τῷ

345 2502 631 2571 ἀγιάζοντι
663 2502 918 2573 πρόσεισι
974 2502 1070 2557 κα)⁵
1121 2502 1413 2566 πολλάκις·
1450 2503 1531 2556 διὸ
1584 2504 1643 2557 ὲν
1698 2505 1800 2574 μιᾷ
1835 2504 1949 2575 (19)

346 2597 447 2666 τῆς
498 2596 794 2666 ἀδιαφόρου
878 2595 1085 2666 τόλμης
1138 2595 1587 2666 ὰπορῤαπίζεται
1648 2595 1787 2666 (20),
1855 2598 1950 2649 καὶ

346 2687 562 2742 ἀπειλεί
590 2686 711 2741 κατ’
736 2685 901 2740 αὐτοῦ
955 2685 1074 2757 μεθ’
1117 2685 1330 2757 ὕϐρεων
1388 2686 1642 2756 χαλεπῶν
1701 2687 1801 2757 τῆς
1851 2690 1950 2758 ἁρ-

346 2780 689 2851 χιερωσύνης
711 2778 873 2831 αὐτὸν
903 2776 1295 2849 καθαιρήσειν,
1334 2777 1946 2849 προσεπιθησόμενος⁷⁸

348 2867 643 2939 αἰκισμούς
669 2866 808 2938 (21).
847 2868 945 2930 Ὃς
976 2867 1095 2937 μετ’
1124 2867 1309 2935 ὀλίγον
1357 2868 1450 2921 τὸν
1481 2868 1726 2921 τοιοῦτον
1777 2868 1948 2940 ἄνδρα

344 2965 447 3036 τῆς
478 2963 680 3036 ἀρετῆς
714 2961 1035 3033 ματαιώσας
1073 2964 1185 3025 τοῖς
1234 2961 1356 3015 κατ’
1379 2961 1547 3016 αὐτοῦ
1601 2962 1948 3016 σκευασθεῖσι

343 3057 449 3127 τῆς
477 3056 774 3127 ἐκκλησίας
802 3055 1126 3125 καθίστησιν
1175 3053 1457 3125 ἔκϐλητον,
1513 3054 1605 3109 τὸν
1661 3056 1800 3127 μετὰ
1833 3055 1946 3128 (22)

2038 570 2387 643 parationem
2419 571 2735 627 necessario
2788 572 3156 641 suscipiebat:
3192 572 3448 629 studebat
3476 574 3625 627 enim

2039 678 2258 736 pompae
2301 678 2653 734 summopere
2683 673 2739 719 et
2768 662 3208 734 magniﬁcentiae,
3257 665 3627 735 arrogantiam

2038 769 2095 815 et
2123 757 2325 813 fastum
2347 756 2637 828 colligens,
2670 756 2925 826 quamvis
2954 771 3077 811 cum
3108 756 3364 811 simulata
3386 756 3628 827 pruden~

2042 849 2117 903 tia
2150 857 2207 903 et
2255 847 2476 918 imperii
2508 847 2859 903 affectatione
2892 847 3162 917 aspiraret
3194 846 3262 900 ad
3301 860 3397 902 eos
3440 845 3625 916 profe-

2040 948 2163 996 ctus
2201 940 2296 1010 qui
2323 939 2403 994 rei
2429 939 2663 994 veritate
2692 939 3084 1007 probarentur.
3116 937 3295 1005 Quare
3334 937 3629 992 immodice

2039 1033 2333 1089 affectabat
2366 1032 2684 1102 imperium,
2720 1029 3004 1086 Michaelis
3048 1029 3400 1099 imperatoris
3425 1026 3642 1083 cervici

2042 1125 2374 1192 imminens;
2404 1123 2517 1195 99
2548 1124 2637 1178 cui
2674 1131 2737 1177 ut
2777 1131 3232 1178 contemneretur
3263 1131 3320 1176 et
3354 1136 3383 1175 a
3407 1129 3628 1175 senato-

2040 1219 2152 1273 riis.
2167 1218 2303 1274 viris
2336 1230 2479 1287 saepe
2510 1215 2732 1280 accidit,
2763 1214 2905 1270 forte
2931 1216 3059 1285 quia
3093 1222 3389 1285 caperetur
3415 1220 3630 1283 speeta-

2041 1311 2184 1368 culis
2229 1324 2295 1365 ac
2336 1309 2485 1365 circo
2520 1304 2687 1363 nimis
2726 1318 2876 1363 esset
2907 1306 3133 1363 deditus
3177 1307 3479 1377 imperator
3503 1318 3636 1375 pro-

2040 1414 2164 1477 pter
2228 1401 2542 1473 neglectum
2604 1400 2899 1456 meliorum
2952 1413 3192 1463 morum,
3247 1402 3344 1452 aut
3397 1393 3649 1451 fortasse

2040 1495 2190 1567 quod
2220 1494 2455 1567 juvenili
2504 1500 2666 1549 aetate
2699 1492 2810 1547 huc
2840 1491 2971 1547 illuc
3008 1488 3413 1560 impelleretur.

2113 1682 2224 1739 Sed
2276 1694 2389 1737 non
2448 1680 2629 1737 solum
2699 1677 3009 1749 cupiditate
3058 1674 3368 1746 imperandi
3427 1671 3634 1729 Bardas

2048 1774 2404 1831 turbulentus
2430 1781 2573 1839 erat,
2617 1786 2811 1827 verum
2842 1778 2898 1827 et
2926 1769 3230 1826 Ecclesiam
3278 1768 3490 1823 violare
3518 1781 3633 1822 non

2050 1866 2363 1933 desinebat,
2418 1864 2558 1923 adeo
2600 1874 2667 1921 ut
2694 1876 2981 1920 removere
3035 1877 3065 1917 a
3101 1861 3232 1918 sede
3279 1859 3635 1931 patriarchali

2050 1970 2304 2017 sanctum
2360 1958 2631 2031 lgnatium
2692 1957 2751 2012 in
2813 1955 3060 2010 animum
3119 1952 3434 2016 induceret,
3486 1949 3635 2021 quod

2049 2052 2307 2108 exclusus
2357 2048 2658 2121 aliquando
2701 2047 3098 2103 communione
3168 2044 3238 2100 ab
3291 2058 3359 2100 eo
3420 2042 3634 2107 fuisset,

2050 2151 2283 2215 propter
2322 2140 2602 2213 quoddam
2663 2136 3051 2194 detestandum
3098 2136 3333 2201 crimen,
3388 2133 3535 2205 quod
3579 2132 3635 2187 in

2050 2236 2425 2309 suspicionem
2466 2231 2748 2297 veniebat,
2770 2229 3025 2301 quamvis
3072 2243 3215 2299 saepe
3242 2228 3301 2281 in
3339 2240 3458 2281 eam
3480 2239 3635 2280 rece-

2049 2342 2197 2403 ptus,
2232 2326 2703 2386 admonitionibus
2726 2332 2782 2380 et
2813 2321 3060 2378 consiliis
3094 2334 3208 2375 non
3247 2318 3639 2388 obtemperans

2052 2437 2115 2482 ut
2174 2438 2296 2480 sese
2358 2420 2624 2492 probaret
2686 2415 2994 2473 secundum
3072 2412 3228 2469 Pauli
3276 2417 3635 2482 praeceptum,

2053 2518 2427 2573 irreverenter
2456 2511 2524 2567 ad
2551 2517 2804 2565 sanctum
2828 2505 3063 2571 accedit,
3103 2513 3160 2560 et
3208 2505 3442 2574 saepius:
3466 2515 3637 2566 quare

2053 2626 2164 2666 uno
2186 2607 2424 2679 quodam
2469 2603 2560 2660 die
2607 2601 2678 2658 ob
2738 2599 3147 2656 indiﬂ‘erentem
3203 2595 3490 2652 audaciam
3547 2608 3637 2647 re-

2052 2703 2279 2774 pellitur
2325 2713 2450 2753 cum
2491 2693 2871 2765 castigatione.
2921 2691 3102 2762 Atque
3141 2688 3231 2744 hic
3270 2689 3515 2743 minatur
3554 2685 3639 2741 illi

2052 2809 2178 2850 cum
2231 2787 2583 2847 contumeliis
2644 2784 2925 2856 gravibus,
2969 2799 3002 2838 a
3054 2799 3271 2857 summo
3328 2781 3639 2839 sacerdotio

2052 2892 2418 2948 remoturum,
2452 2880 2776 2936 additurum
2809 2877 2976 2933 etiam
3029 2891 3172 2931 saeva
3205 2876 3441 2930 verbera
3469 2892 3483 2928 :
3540 2872 3638 2944 qui

2051 2981 2110 3029 et
2154 2972 2319 3044 paulo
2369 2979 2516 3042 post,
2560 2966 2836 3039 ejusmodi
2884 2966 3089 3032 virum,
3125 2964 3339 3019 virtute
3396 2964 3551 3021 irrita
3583 2968 3641 3018 et

2052 3065 2335 3135 despecta,
2363 3061 2480 3117 suis
2501 3060 2557 3115 in
2591 3074 2718 3115 cum
2742 3056 3249 3113 machinationibus
3277 3070 3347 3110 ex
3402 3054 3640 3111 ecclesia

346 3152 446 3222 τὴν
468 3149 736 3223 τετραετῆ
752 3149 849 3203 τοῦ
867 3148 1062 3221 θρόνου
1083 3148 1418 3219 κατάσχεσιν
1446 3148 1543 3202 καὶ
1574 3149 1898 3203 τελευταίαν
1921 3151 1942 3182 ⁷

2052 3157 2226 3231 ejicit,
2272 3156 2429 3211 illum
2463 3160 2590 3226 post
2625 3160 2867 3224 quatuor
2898 3164 3171 3205 annorum
3202 3147 3639 3219 patriarcltatum

345 3240 445 3298 τού
467 3241 847 3316 τρισμάκαρος
875 3242 1289 3297 Μεθοδίουκατ¹
1302 3241 1535 3313 ἐκλογὴν
1558 3243 1948 3315 προκριθέντα,

349 3336 449 3390 σὺν
478 3334 738 3407 εὐλαϐείᾳ
759 3334 838 3405 τῷ
864 3334 1114 3405 μεγίστῳ
1156 3332 1270 3403 (25)
1296 3333 1409 3389 τῶν
1440 3334 1506 3387 ὲκ
1538 3333 1746 3403 πατρὸς
1795 3332 1951 3405 ὀρθο-

346 3427 517 3494 δόξων
548 3427 865 3482 συστάσεων
888 3428 932 3460 ⁷τ
960 3426 1069 3480 τῶν
1103 3426 1356 3498 μεγάλων
1376 3428 1441 3501 τῇ
1469 3426 1637 3497 ἀρετῇ
1672 3424 1949 3480 Βασιλείου

347 3521 445 3575 καὶ
477 3518 810 3592 Γρηγορίου,
832 3519 943 3573 τῶν
973 3518 1107 3573 υἱῶν
1167 3519 1393 3582 Λέοντος
1428 3517 1719 3589 βασιλέως,
1752 3517 1857 3571 κᾶν
1883 3518 1948 3587 τῇ

345 3615 440 3669 τοῦ
469 3613 682 3686 πατρὸς
732 3612 988 3684 ὲπιψόγῳ
1056 3612 1272 3683 αἱρέσει
1331 3611 1807 3683 σμικρυνομένων,
1875 3609 1952 3673 ὡς

346 3705 600 3761 ἐντεῦθεν
623 3705 810 3759 λοιπὸν
840 3703 1176 3774 κληροῦσθαι
1201 3702 1322 3747 "3-"o
1369 3703 1430 3758 τὺ
1480 3705 1739 3775 μέγιστον
1771 3702 1883 3757 τῶν
1903 3704 1946 3737 '1

350 3798 604 3871 μεγάλων
633 3793 1047 3864 ὲπαναϐέϐηκεν
1082 3795 1219 3865 (24).
1259 3796 1605 3865 Ἀντεισάγει
1634 3796 1691 3849 δὲ
1738 3796 1951 3849 Φώτιον

350 3891 725 3962 πατριάρχην,
780 3888 926 3942 κατά
959 3905 1012 3941 τι
1043 3887 1143 3957 μὲν
1172 3888 1283 3941 τῶν
1319 3887 1607 3958 βελτιόνων
1633 3888 1679 3919 δ’
1728 3888 1953 3959 ὑρερτε-

350 3982 573 4054 ροῢντα,
616 3981 757 4035 κατά
804 3998 856 4034 τι
902 3979 958 4032 δὲ
990 3978 1464 4050 χθαμαλούμενον.
1513 3979 1632 4049 Ἐφ’
1688 3972 1765 4034 ὧν
1811 3977 1947 4034 καθ-

352 4074 460 4146 όδῳ
521 4073 619 4127 κα)¹
652 4076 719 4144 τῇ
746 4072 918 4143 ἀνόδῳ
953 4069 1166 4124 πολλῶν
1194 4068 1657 4140 προσκληθέντων
1707 4070 1808 4140 τῆς
1856 4087 1953 4138 γεέ

354 4164 572 4237 ρουσίου
637 4163 837 4235 βουλῆς
912 4164 1011 4218 καὶ
1062 4160 1293 4224 ταύταις
1365 4160 1948 4231 ὲπισφραγισαμένων,

351 4260 767 4321 Κωνσταντῖνος
824 4257 987 4329 μόνος
1035 4257 1065 4310 ὁ
1120 4254 1415 4327 εἰρημένος
1463 4255 1524 4308 ού
1571 4253 1946 4319 κατατίθεται,

349 4350 583 4417 ἔξειπὼν
618 4350 694 4422 μὴ
728 4349 929 4417 ἐξεῖναί
954 4366 1063 4402 τινι
1092 4349 1200 4401 τῶν
1229 4348 1438 4409 λαῖκοῖς
1464 4346 1789 4414 καταλόγοις
1820 4363 1949 4401 συν-

349 4443 685 4515 ειλεγμένων
716 4442 849 4513 περὶ
898 4441 1162 4495 τοιούτων
1208 4439 1605 4512 ἐγγράφεσθαι.
1646 4439 1721 4492 Οὐ
1782 4439 1947 4510 μέχρι

2055 3259 2112 3308 et
2130 3251 2344 3306 obitum
2368 3246 2674 3304 beatissimi
2696 3242 2962 3300 Methodii
2995 3258 3096 3314 per
3120 3240 3451 3298 electiOnem
3483 3245 3641 3308 ante-

2055 3342 2319 3413 positum,
2345 3355 2474 3396 cum
2506 3339 2745 3394 maxima
2770 3335 3107 3402 reverentia,
3134 3343 3355 3404 patrum
3375 3329 3640 3387 orthodo-

2056 3446 2251 3487 xorum
2274 3430 2393 3501 pari
2422 3428 2632 3501 magnis
2654 3426 2765 3484 illis
2786 3427 2843 3482 in
2873 3425 3103 3489 virtute,
3124 3421 3329 3479 Basilio
3359 3432 3416 3478 et
3431 3419 3640 3492 Grego-

2055 3524 2162 3590 rio,
2213 3524 2343 3578 ﬁliis
2386 3521 2590 3578 Leonis
2633 3518 3005 3591 imperatoris,
3036 3516 3141 3573 etsi
3192 3523 3424 3587 propter
3464 3513 3642 3585 patris

2056 3617 2317 3672 infamem
2342 3613 2580 3670 haeresin
2606 3612 3018 3678 minuerentur,
3047 3617 3114 3667 ut
3145 3608 3215 3664 ad
3248 3605 3641 3679 percipiendos

2060 3708 2221 3778 100
2287 3707 2532 3763 honores
2587 3720 2917 3778 magnorum
2971 3703 3245 3759 maximos
3291 3699 3638 3756 ascenderet.

2054 3799 2365 3855 introducit
2406 3808 2590 3854 autem
2637 3797 2845 3853 Bardas
2897 3796 2955 3851 in
2980 3796 3163 3851 locum
3211 3794 3333 3865 ejus
3380 3792 3641 3867 Photium

2056 3892 2451 3961 patriarcltam,
2476 3890 2534 3944 in
2562 3889 2845 3958 aliquibus
2866 3887 3031 3942 bonis
3058 3884 3429 3955 superiorem,
3455 3883 3512 3938 in
3532 3882 3639 3936 alie

2055 3982 2259 4053 quibus
2291 3980 2631 4036 inferiorem.
2662 3979 2722 4036 In
2753 3993 2991 4049 quorum
3025 3976 3297 4032 descensu
3324 3984 3381 4031 et
3409 3974 3641 4030 adscen-

2055 4090 2141 4141 su,
2182 4090 2307 4129 cum
2342 4073 2503 4129 multi
2538 4069 2791 4127 accersiti
2826 4069 3061 4125 fuissent
3078 4084 3145 4124 ex
3171 4067 3453 4123 senatorio
3485 4065 3638 4121 ordi-

2053 4182 2124 4221 ne
2181 4180 2423 4235 eumque
2480 4178 2713 4218 assensu
2782 4175 2884 4217 suo
2939 4160 3420 4231 comprobassent,
3480 4158 3636 4213 solus

2051 4258 2468 4323 Constantinus,
2526 4256 2594 4312 de
2658 4271 2769 4326 quo
2832 4253 3095 4322 diximus,
3161 4268 3272 4308 non
3332 4252 3636 4318 consensit,

2052 4351 2247 4406 dicens
2301 4364 2411 4404 non
2466 4348 2637 4403 licere
2683 4347 2941 4418 cuiquam
2976 4361 3044 4401 ex
3078 4344 3345 4400 laicorum
3401 4357 3637 4399 numero

2053 4442 2257 4499 talibus
2285 4440 2534 4497 inscribi.
2561 4439 2681 4494 Non
2709 4455 2775 4494 eo
2820 4445 3030 4494 tantum
3064 4451 3385 4509 processum
3433 4430 3634 4494 adver-

345 4538 542 4593 τούτου
571 4536 641 4591 τὰ
666 4536 789 4591 κατ’
818 4535 982 4590 αὐτόν
1013 4552 1028 4566 ·
1062 4534 1201 4588 ἀλλὰ
1268 4533 1492 4597 πολλαῖς
1518 4532 1813 4602 τιμωρίαις
1845 4535 1945 4601 έμ-

2058 4554 2151 4594 sus
2179 4537 2387 4608 ipsum,
2413 4534 2511 4589 sed
2546 4532 2737 4589 multis
2765 4532 3055 4603 suppliciis
3076 4537 3385 4593 exercetur,
3419 4536 3480 4583 ut
3500 4542 3635 4598 pro-

353 4630 704 4704 μεθοδεύεται
727 4630 774 4671 ⁸³
804 4629 955 4702 παρὰ
1014 4627 1213 4700 μικρὸν
1241 4622 1343 4698 τῆς
1374 4629 1522 4700 ζωῆς
1568 4625 1942 4699 ἀπηλλάχθαι,

2051 4627 2351 4700 pemodum
2386 4626 2556 4681 vitam
2603 4622 2907 4689 amitteret,
2962 4624 3022 4679 in
3081 4631 3295 4678 tantum
3358 4626 3421 4675 ut
3475 4618 3635 4674 humi

1476 4782 1479 4787 -
1594 4744 1831 4821 νΑιιιᾹς
1899 4766 2300 4825 LECTIONES.

420 4871 468 4903 ⁷³
482 4864 729 4943 ἦττονῙλ.
809 4867 855 4943 ’1³
991 4866 1065 4943 ᾡς
1098 4863 1165 4943 L:
1239 4863 1539 4943 "Emistin;
1564 4864 1635 4943 L._
1680 4866 1748 4943 _"'
1779 4866 2390 4943 προσεπιτιθῃσόμενος
2418 4862 2531 4943 L.“
2560 4865 2608 4943 "5
2634 4864 2919 4943 τελευτὴν-
2948 4865 3154 4943 potius.

3251 4866 3296 4896 ⁷⁷
3335 4864 3549 4930 συνευλ,
3597 4882 3637 4918 α

352 4926 519 5012 supra
542 4938 751 5010 scripto
774 4937 849 4992 τῶ
876 4926 1122 5008 μεγίστω
1142 4934 1205 4990 L.
1283 4926 1398 4967 ’3'“
1424 4926 1769 5009 πληροῦσθαι
1795 4926 1856 4991 Β.
1937 4936 1981 4969 ⁸⁸
2002 4926 2325 5009 τῶν]’τινῶν
2355 4936 2416 4994 L.
2489 4936 2534 4968 ⁸³
2568 4926 2875 5006 βελτιώνων
2898 4926 2964 4990 Ιιξ
3045 4934 3091 4968 ⁸³
3117 4926 3545 5006 ἐνμεθοδεύεται
3564 4931 3631 4991 L.

1509 5054 1757 5109 STEPH.
1785 5052 2135 5113 BERGLERI
2164 5048 2395 5111 NOTAE.

421 5150 534 5223 (i3)
562 5151 649 5223 l_ta'
669 5152 941 5223 scripturn
965 5164 1065 5223 per
1099 5167 1131 5219 η
1165 5149 1225 5203 in
1257 5149 1494 5219 penult.,
1534 5165 1643 5203 non
1674 5149 1931 5223 per‘iota.

423 5220 535 5293 (14)
568 5221 867 5293 Loquitur_
888 5220 1137 5293 involute
1171 5229 1227 5293 et
1267 5228 1518 5293 contorte
1549 5228 1604 5274 et
1652 5221 1930 5293 ambigue.

425 5289 737 5365 (15)]3θόιι.
763 5307 819 5365 p_.
836 5290 983 5365 511,
1020 5290 1116 5365 ubi
1159 5291 1258 5365 τῇς
1292 5289 1567 5365 βασιλείας
1599 5289 1934 5365 κατεστοχά-

352 5361 499 5431 ζετο.
523 5361 670 5417 Zon.
700 5379 755 5432 ρ.
792 5361 915 5433 160,
948 5361 1127 5433 ἐαυτῷ
1146 5361 1568 5433 τὴνβασιλείοιν
1594 5361 1818 5433 ἕμνατο.

426 5434 538 5505 (16)
571 5434 651 5488 Ita
684 5432 934 5505 loquitur
965 5432 1122 5501 quasi
1146 5432 1352 5505 Bardas
1382 5440 1733 5503 contemptus
1759 5432 1929 5486 fuerit

426 5450 538 5505 (10)
572 5450 651 5488 ua
685 5450 934 5557 ιοιᾶυιιιιι·
965 5450 1122 5501 quam
1148 5450 1352 5487 bardus
1382 5450 1733 5503 contemptus
1759 5450 1926 5486 ιυριῚι

353 5521 385 5585 a
416 5513 611 5585 senatu
641 5518 772 5585 τεο.
825 5517 1005 5585 causae
1051 5517 1187 5585 quas
1217 5502 1502 5585 subjungit
1536 5512 1926 5585 contemptum

357 5575 716 5645 imperatoris
759 5573 1030 5628 indicant.
1079 5572 1259 5628 Taceo
1305 5572 1455 5641 quod
1492 5575 1590 5645 μὲν
1658 5584 1713 5629 et
1754 5572 1816 5628 τε
1881 5582 1937 5630 et

355 5648 413 5702 in
442 5644 725 5713 ἐξεγένετο
756 5644 815 5710 ἐξ
840 5652 1039 5715 praeter
1063 5658 1176 5715 rem
1200 5645 1402 5715 posuit.

424 5717 537 5787 (17)
563 5715 723 5787 Cont.
758 5731 811 5785 p.
842 5712 964 5787 111,
985 5712 1148 5787 Cedr.
1182 5712 1248 5787 τι,
1270 5713 1396 5787 547,
1430 5715 1565 5769 Ζοη.
1603 5732 1653 5785 p.
1690 5714 1811 5771 159.

423 5782 537 5849 (18)
566 5784 726 5840 Cont.
754 5782 809 5854 ᾖ),
849 5782 970 5847 120,
1004 5782 1375 5855 initio,iCedr.
1408 5803 1462 5855 p.
1500 5782 1625 5841 551.

429 5860 539 5930 ξ19)
570 5857 844 5927 Loquitur
888 5854 1168 5933 incondite
1201 5864 1255 5909 et
1282 5857 1601 5927 pugnantia.
1640 5889 1710 5897 —-
1736 5857 1831 5911 Διὸ
1868 5858 1936 5912 ἐν

2036 5151 2163 5221 μιᾷ.
2186 5151 2440 5221 νιηνοιιιιο
2461 5158 2518 5204 et
2545 5147 2825 5221 ambigue.

2116 5215 2226 5293 (:20)
2262 5221 2448 5276 Graeca
2497 5226 2627 5273 sunt
2668 5215 2842 5293 instar
2874 5216 3135 5293 foliorum
3156 5215 3407 5293 Sibyllae.
3438 5216 3637 5293 Itaque

2039 5287 2235 5347 Latina
2259 5308 2371 5346 non
2398 5298 2631 5361 possunt
2659 5288 2781 5361 ﬁeri
2828 5287 3008 5361 multo
3033 5287 3292 5361 clariora.
3314 5287 3401 5361 _De
3431 5287 3637 5357 aliqui-

2037 5363 2144 5418 bus
2175 5357 2417 5431 amplius
2441 5357 2993 5431 quaerendumqued
3020 5358 3088 5431 ad
3119 5373 3208 5412 res
3228 5358 3443 5412 attinet.

2111 5433 2223 5503 (9.1)
2256 5428 2559 5503 Desperale
2590 5438 2656 5503 et
2680 5428 2898 5503 perdite
2923 5429 3193 5503 loquitur.

2111 5496 2225 5573 (22)
2257 5496 2421 5558 Οοιῐῐ.
2454 5519 2510 5572 p.
2550 5496 2876 5573 120,:Cedr.
2908 5516 2965 5569 ρ.
2992 5496 3117 5573 551,
3141 5500 3274 5552 Ζοη.
3307 5513 3363 5573 p.
3392 5496 3518 5573 161.

2116 5568 2231 5645 ('25)
2258 5573 2341 5627 Ita
2371 5568 2663 5645 scriptum.
2692 5571 2859 5645 Forte
2888 5568 2971 5645 {fr
2987 5568 3470 5645 μεγίστῃπ-νοιξιὶ
3494 5584 3631 5637 qua-

2042 5643 2089 5700 si
2126 5639 2277 5698 esset
2316 5639 2631 5706 συστάσεως
2690 5643 2748 5696 in
2795 5639 3081 5712 singulari.
3132 5639 3319 5695 Potest
3366 5639 3629 5712 σύστασις

2039 5730 2162 5771 esse
2189 5723 2245 5785 et
2277 5714 2456 5785 factio.
2488 5713 2619 5785 Item
2655 5708 3074 5785 commendatio;
3112 5711 3164 5764 in
3201 5726 3310 5785 qua
3351 5708 3628 5785 signiﬁca-

2041 5791 2189 5841 tione
2215 5782 2307 5837 hic
2334 5782 2561 5837 retineri
2581 5792 2771 5850 posset
2806 5784 3015 5852 plurale
3049 5783 3390 5835 συστάσεων.

2111 5855 2221 5928 (21)
2250 5854 2411 5910 Cedr.
2443 5870 2497 5922 p.
2536 5852 2659 5921 551,
2693 5852 2826 5908 Ζοιι.
2859 5868 2913 5923 p.
2955 5854 3073 5920 161,
3108 5852 3159 5907 in
3192 5852 3319 5907 line.
