4136 6418
407 388 546 455 1129
1732 385 1997 450 REGUM

2102 389 2196 451 IB.
2235 390 2335 452 IV.
3528 388 3671 453 1130

402 506 614 578 ταύρῳ,
635 506 771 578 παρ’
795 503 976 561 αὐτῶν
1005 503 1118 569 τοῖς
1143 502 1413 577 ἁνδρικοῖς
1436 504 1817 577 ἐγεγύμναστο
1844 524 1978 581 φρο-

2102 508 2227 577 [pud
2278 522 2473 564 omnes
2528 516 2588 563 et
2648 506 2999 579 diligebatur.
3052 504 3319 562 Mirabilis
3361 504 3528 560 etiam
3575 506 3682 559 fuit

403 598 615 671 νημασί
660 598 701 631 ’⁸
734 596 850 668 (90)
887 614 947 650 τε
995 598 1092 650 καὶ
1136 596 1483 668 πράγμασιν,
1536 597 1632 652 κα)⁸
1686 599 1822 652 πᾶσι
1882 599 1980 668 μὲν

2107 600 2346 655 ntroitus
2382 599 2544 670 108
2597 599 2719 669 ejus
2765 600 2825 654 in
2882 598 3293 668 imperatoriam
3344 597 3537 652 urbem
3581 613 3679 667 per

404 691 525 746 κατ’
558 691 727 761 ἄμφω
763 690 1090 755 ἐξάκουστος
1122 689 1349 743 διετέλει
1376 690 1472 744 καὶ
1498 690 1673 760 φίλιος
1700 691 1838 759 (91).
1872 691 1984 744 Καὶ

2102 692 2295 745 lureas
2325 697 2533 759 portas,
2576 688 2670 744 ubi
2710 688 2768 743 in
2824 688 3137 758 prOpinquo
3201 687 3345 756 apud
3406 696 3682 742 monaste-

402 784 471 854 δὴ
503 783 825 855 παραδόξως
868 783 957 837 διά
992 783 1104 837 τῶν
1152 783 1416 855 Χρυσέων
1458 783 1648 837 πυλῶν
1693 783 1867 855 εἰσῄει
1916 785 1982 854 τῇ

2102 779 2231 835 rium
2310 779 2607 851 requievit,
2681 779 2833 851 quod
2912 794 3064 834 nunc
3140 778 3363 849 quidem
3431 774 3681 835 Diomedi

406 873 770 946 βασιλευούσῃ
825 875 936 928 τῶν
980 874 1189 928 πόλεων
1215 874 1351 946 (9‘2),
1392 874 1536 929 κατά
1567 875 1735 945 μονήν
1781 891 1845 943 γε
1886 874 1986 943 τὴν

2102 873 2313 945 nartyri
2344 882 2751 938 consecratum.
2778 873 2952 929 Helia;
2982 874 3117 927 olim
3148 872 3270 927 fuit.
3306 873 3469 927 Venit
3496 880 3683 927 autem

404 968 635 1037 ἔναγχος
661 966 1279 1039 προσαναπαυσόμενος,
1296 968 1419 1037 ἥτις
1442 966 1538 1020 νῦν
1569 966 1668 1037 μὲν
1692 964 1838 1038 ἱερὸν
1866 968 1985 1019 Διο-

2102 982 2145 1020 ,n
2193 965 2389 1021 urbem
2416 1004 2431 1028 ,
2496 975 2672 1020 matre
2721 966 2927 1020 invita:
2967 976 3025 1020 et
3058 980 3189 1019 sane
3237 964 3305 1018 ab
3331 979 3396 1018 ea
3435 973 3682 1020 retentus

408 1060 613 1131 μήδους
658 1057 751 1113 τοῦ
809 1059 1088 1129 μάρτυρος
1121 1058 1268 1129 (93),
1334 1056 1517 1112 Ἠλίου
1557 1059 1603 1092 ⁸³
1640 1058 1697 1112 δέ
1743 1057 1807 1112 τδ
1858 1058 1989 1128 πρὶν

2102 1057 2305 1124 luisset,
2336 1059 2445 1114 nisi
2480 1073 2734 1114 somnum
2768 1058 2839 1112 ab
2876 1072 2941 1112 ea
2991 1059 3174 1113 visum
3224 1056 3684 1128 interpretatione

406 1149 843 1219 κεχρημάτικεν.
882 1147 1072 1218 Eia-ﬁet
1115 1148 1173 1202 δὲ
1204 1147 1305 1218 τὴν
1340 1146 1607 1201 τεκοῦσαν
1654 1146 1993 1217 ἐκβιασάμε-

2102 1151 2326 1221 quadam
2370 1150 2687 1220 expositum
2726 1149 2923 1205 fuisset
2976 1150 3046 1205 ab
3073 1165 3265 1205 earum
3327 1150 3592 1206 studiosis
3628 1158 3685 1205 et

410 1257 534 1306 νος·
570 1241 666 1295 καί
710 1240 776 1311 δὴ
823 1240 891 1295 ἀν
928 1239 1265 1311 ἐκεκράτητο
1311 1240 1443 1312 παρ’
1487 1240 1679 1311 αὐτῆς,
1714 1241 1762 1293 εἰ
1809 1240 1883 1311 μὴ
1930 1238 1993 1293 τὸ

2102 1240 2296 1311 gnaris.
2334 1239 2567 1294 Viderat
2620 1238 2770 1294 enim
2818 1254 3042 1309 germen
3083 1240 3385 1294 maximum
3435 1248 3684 1305 enatum,

415 1328 613 1383 θεαθέν
653 1330 791 1400 αὐτῇ
840 1328 974 1397 ὄναρ
1023 1328 1168 1392 τινὸς
1221 1327 1411 1398 ἔτυχεν
1460 1328 1791 1400 ἐπικρίσεως
1841 1326 1995 1399 παρὰ

2102 1339 2155 1388 ut
2184 1332 2317 1387 olim
2365 1330 2635 1393 Andame,
2676 1331 2844 1401 idque
2883 1330 3115 1386 ﬂoribus
3161 1345 3379 1386 comare
3431 1330 3488 1385 in
3522 1331 3687 1386 domo

407 1422 519 1477 τῶν
565 1423 624 1475 ἐν
674 1422 887 1485 τούτοις
921 1420 1348 1475 ἐσπουδακότων
1380 1422 1516 1493 (94).
1571 1421 1837 1493 Ἐωράκει
1884 1422 1993 1491 γὰρ

2102 1440 2217 1492 sua,
2249 1439 2496 1494 auroque
2526 1424 2774 1495 stipitem
2810 1438 3094 1494 magnum,
3122 1423 3218 1493 qui
3242 1438 3274 1479 e
3316 1432 3465 1478 terra
3494 1439 3688 1478 exsur-

410 1516 580 1589 φυτόν
638 1515 897 1586 μέγιστον
950 1515 1255 1586 ἐκφυῆναι,
1302 1514 1487 1578 καθώς
1546 1530 1678 1567 ποτε
1717 1514 1753 1584 ὴ
1807 1512 1996 1568 ’Λνδά-

413 1628 489 1681 μη
522 1609 656 1678 (95),
686 1608 781 1661 καὶ
806 1608 1027 1663 ἄνθεσιν
1058 1608 1304 1679 ἐγκομᾷν
1329 1606 1471 1661 κατά
1498 1606 1591 1659 τὸν
1621 1602 1769 1660 οἷκον
1801 1606 1993 1677 αὐτῆς,

416 1699 603 1770 χρυσῷ
642 1715 703 1751 τε
749 1696 811 1751 τὺ
843 1697 1013 1768 γῆθεν
1055 1696 1202 1767 μέγα
1246 1696 1494 1767 στέλεχος
1538 1696 1634 1749 καὶ
1672 1695 1742 1749 τά
1780 1695 1997 1767 πρέμνα

411 1790 702 1863 διηρέφθαι
750 1789 845 1844 καὶ
885 1789 1080 1858 φύλλα,
1127 1789 1224 1843 καὶ
1261 1787 1514 1841 ἐντεῦθεν
1565 1787 1993 1859 ἀπομεμαντεῦ-

2094 1517 2277 1588 gebat,
2310 1526 2368 1573 et
2406 1532 2590 1573 ramos
2636 1517 2803 1571 etiam
2851 1531 2917 1571 ac
2958 1516 3089 1571 folia
3120 1516 3250 1586 tegi.
3287 1515 3445 1572 Unde
3477 1516 3688 1586 jureju-

2096 1609 2271 1664 rando
2292 1608 2616 1680 praedictum
2646 1608 2941 1679 imperium
2974 1608 3094 1679 ejus
3125 1606 3259 1673 tilio,
3278 1608 3436 1678 cujus
3461 1607 3687 1677 longam

2097 1702 2449 1757 durationem
2482 1702 2539 1756 in
2578 1710 2844 1772 cognatos
2869 1710 2927 1756 et
2957 1709 3211 1771 posteros
3245 1700 3509 1766 futuram,
3543 1702 3687 1755 mul-

2099 1800 2293 1863 tasque
2335 1793 2518 1863 ipsum
2560 1808 2695 1863 opes
2740 1793 2792 1847 ei
2853 1792 3064 1863 regioni
3102 1793 3396 1847 missurum
3456 1808 3524 1846 ex
3579 1806 3687 1861 qua

412 1882 538 1936 σθαι
570 1881 684 1953 (96)
732 1882 830 1935 σὺν
873 1881 1022 1952 ὅρκῳ
1052 1878 1225 1952 ταύτῃ
1250 1878 1327 1949 τῷ
1353 1878 1398 1911 ¹³
1425 1878 1485 1943 ἐξ
1541 1878 1713 1950 αὐτῆς
1746 1878 1862 1951 ,τὴν
1895 1878 1995 1949 τῆς

2102 1894 2260 1941 natus
2304 1885 2521 1940 fuisset.
2552 1884 2635 1939 Ad
2682 1884 2820 1948 haac,
2851 1884 3067 1939 faustus
3111 1884 3339 1939 nuntius
3391 1882 3689 1953 aliquando

413 1973 695 2046 βασιλείας
741 1972 1021 2040 ἐπίτευειν
1058 1973 1152 2026 καὶ¹
1199 1970 1404 2043 ταύτης
1456 1971 1850 2044 μεγαλειότητα
1896 1971 1992 2025 καὶ

411 2067 511 2137 τὴν
536 2068 629 2120 ἐπὶ
673 2069 851 2138 μῆκος
894 2066 1143 2120 διάτασιν
1178 2064 1461 2135 συγγόνοις
1486 2081 1547 2117 τε
1581 2064 1678 2118 καὶ
1704 2063 1991 2132 ἀπογόνοις

414 2158 753 2230 ἐκϐήσεσθαι
776 2158 910 2231 (97),
955 2158 1049 2211 καὶ
1084 2158 1333 2229 αὐτάρκη
1368 2156 1599 2210 πλοῦτον
1636 2158 1703 2228 τῇ
1738 2156 1861 2210 κατ’
1896 2156 1993 2209 αύ-

414 2250 569 2304 τδνίδ
588 2249 745 2323 χώρᾳ
772 2251 1035 2323 μεθήσειν
1086 2249 1145 2314 ἐξ
1168 2244 1237 2319 ἦς
1266 2249 1591 2319 ἐγεγέννητο
1609 2263 1624 2279 ο
1658 2250 1755 2302 σὺν
1778 2248 1992 2313 τούτοις

412 2343 509 2396 καὶ
538 2342 1015 2414 προεισηγηθῖψαι
1050 2340 1187 2412 αὐτῇ
1223 2340 1378 2411 παρά
1400 2356 1544 2403 τινος
1577 2340 1734 2411 ῥῆσιν
1760 2339 1992 2409 εὐάγγε-

410 2434 523 2500 λον,
554 2435 632 2497 rb;
667 2433 762 2487 τοῦ
797 2434 987 2497 παιδὸς
1017 2432 1159 2487 κατά
1204 2431 1463 2500 παιγνίαν
1491 2430 1600 2484 τῶν
1631 2431 1911 2503 ὁμηλίκων
1939 2432 1996 2487 ἐν

2097 1976 2317 2031 mulieri
2377 1982 2629 2040 venerat,
2684 1988 2858 2044 puero
2896 1973 3123 2029 ludente
3204 1974 3261 2029 in
3319 1973 3519 2044 palude
3562 1988 3690 2028 cum

2096 2067 2422 2138 mqualibus,
2474 2065 2718 2136 aquilam
2773 2080 2940 2135 super
2991 2066 3113 2136 ejus
3164 2072 3331 2135 caput
3380 2065 3687 2128 advolasse,

2096 2159 2312 2230 alisque
2350 2158 2609 2229 expansis
2646 2157 2702 2213 id
2760 2156 3094 2213 contexisse.
3156 2156 3338 2227 Atque
3389 2157 3691 2227 aliquando

2097 2266 2288 2306 senem
2323 2250 2530 2315 virum,
2564 2250 2725 2320 cujus
2767 2264 2867 2319 per
2902 2263 2967 2303 os
2998 2247 3142 2319 ignis
3190 2248 3447 2318 spiraret,
3484 2248 3692 2318 quique

2098 2356 2158 2396 se
2191 2340 2404 2397 Heliam
2435 2355 2558 2396 esse
2581 2339 2813 2403 diceret,
2838 2354 3075 2409 puerum
3103 2337 3337 2409 imperio
3363 2339 3688 2410 potiturum,

2100 2433 2210 2489 sibi
2262 2432 2538 2489 indicasse
2591 2431 2838 2503 professa
2871 2439 2977 2486 est.

408 2545 519 2581 τινι
548 2527 719 2600 λίμνῃ
745 2526 904 2581 ἀετὸν
932 2527 1233 2598 ἐπιπτῆσαι
1266 2529 1332 2598 τῇ
1358 2526 1569 2597 κεφαλῇ
1605 2525 1740 2598 (98),
1774 2526 2002 2582 σκέπειν
2038 2544 2099 2581 τε
2128 2528 2337 2600 ταύτην
2368 2526 2778 2607 πτερύσσοντα·
2814 2526 2909 2581 καί
2930 2543 3061 2580 ποτε
3082 2526 3315 2599 γηραιὸν
3382 2528 3572 2599 ἄνδρα,
3630 2521 3692 2584 οὗ

406 2620 498 2674 διὰ
531 2619 800 2689 στόματος
849 2617 962 2686 πῦρ
992 2617 1311 2684 ἐξαπέπνει,
1340 2616 1433 2672 τὸν
1491 2616 1676 2670 Ἠλιοῦ
1746 2634 1808 2672 τε
1875 2618 2069 2674 ἐαυτὸν
2110 2619 2287 2691 ταύτῃ
2314 2615 2731 2692 παραδηλοῦντα
2762 2615 2900 2688 (99),
2948 2617 3049 2689 τὴν
3098 2617 3381 2689 βασιλείαν
3410 2621 3691 2691 προσήκα·

410 2712 536 2765 σἿαι
571 2712 631 2764 τὸ
657 2712 871 2765 τεκνίον
898 2712 1134 2778 ἐμήνυεν
1156 2711 1199 2743 ¹¹
1235 2710 1337 2782 (ἰ).

483 2802 844 2872 Σχολάζοντος
880 2802 939 2855 δὲ
966 2803 1062 2856 τοῦ
1089 2802 1371 2856 Βασιλείου
1396 2802 1537 2857 κατά
1562 2802 1662 2872 τὴν
1691 2805 1991 2878 εἰρημένην

2158 2802 2547 2860 Commorantc
2581 2809 2766 2856 autem
2799 2798 3003 2856 Basilio
3041 2798 3187 2871 apud
3222 2798 3547 2869 praedictum
3577 2814 3696 2853 mo-

413 2893 603 2966 μονὴν,
637 2893 749 2949 τινὶ
799 2893 1041 2966 μοναχῷ,
1099 2894 1236 2965 ἢὼς
1289 2894 1441 2963 ἔνιοι,
1482 2897 1632 2968 αύτῷ
1677 2899 1757 2968 τῷ
1788 2897 1995 2965 ταύτης

2102 2896 2419 2959 nasterium,
2438 2894 2659 2950 cuidam
2681 2893 2972 2958 monacho,
2997 2900 3113 2961 aut,
3135 2900 3194 2946 ut
3211 2890 3402 2962 aliqui,
3428 2890 3532 2961 ipsi
3558 2906 3695 2960 prae-

411 2985 832 3057 καθηγουμένῳ,
854 2986 979 3039 καθ’
1006 2985 1175 3040 ὕπνον
1194 2988 1223 3042 ό
1244 2990 1453 3059 μάρτυς
1473 2990 1761 3061 ἐπιφανεὶς
1792 2992 1998 3059 ἐξιέναι

410 3077 626 3132 κελεύει
673 3078 804 3149 περὶ
837 3077 1062 3132 πυλῶνα
1095 3080 1191 3134 κα)⁵
1246 3080 1339 3134 τὸν
1384 3082 1565 3136 ἐκεῖσε
1608 3100 1997 3156 προσμεμενη-

2105 2986 2251 3042 fecto
2294 2986 2640 3048 monasterii,
2690 3000 2793 3055 per
2838 3000 3096 3040 somnum
3151 2991 3360 3056 martyr
3392 2983 3483 3039 ille
3530 2999 3697 3053 appa-

2098 3096 2229 3135 rens
2270 3079 2424 3135 exire
2478 3094 2604 3135 eum
2640 3079 2802 3150 jubet
2844 3077 2911 3132 ad
2950 3087 3165 3148 portam
3197 3086 3253 3133 et
3291 3076 3448 3131 illum
3491 3077 3585 3147 qui
3615 3076 3693 3131 ibi

416 3170 551 3225 κότα
580 3170 897 3239 εἰσαγαγεῖν
924 3169 1023 3241 (2),
1052 3170 1278 3241 βασιλέα
1308 3172 1594 3245 ἐσόμενον,
1622 3173 1681 3227 ὃν
1708 3175 1997 3246 περιποιή-

2102 3179 2444 3243 exspectaret
2498 3170 2891 3235 introducere,
2938 3170 3099 3241 109
3145 3177 3207 3225 ut
3258 3169 3351 3240 qui
3392 3169 3695 3239 imperator

417 3261 613 3315 σασθαι
653 3261 773 3315 δέον
803 3261 897 3314 ἐπι
944 3278 1005 3316 τε
1047 3262 1226 3334 σκέπη
1276 3264 1372 3318 καὶ
1412 3267 1527 3330 τοῖς
1563 3266 1877 3336 ἐνδύμασιν,
1909 3260 1999 3321 οἷα

414 3348 574 3419 τήνδε
611 3348 782 3419 μονὴν
810 3349 1139 3422 ἀνοικοδομῇ
1170 3352 1215 3384 ¹⁶
1246 3352 1326 3424 (3)
1364 3355 1792 3426 συστησόμενον.
1825 3356 1917 3427 Τῷ
1941 3355 2001 3410 δέ

416 3441 617 3504 ἐξιόντι
673 3441 768 3494 καί
806 3442 901 3495 τδν
945 3443 1166 3497 νεανίαν
1212 3445 1527 3517 τεθεαμένῳ
1590 3447 2001 3518 κατεσκληκότα

420 3529 682 3602 ῥυπῶντα
706 3548 766 3583 τε
792 3531 890 3584 καὶ
917 3533 1261 3601 ἀπρονόητον
1284 3533 1345 3598 ἐξ
1372 3535 1587 3600 ἐνδεοῦς
1603 3537 2002 3607 περιστάσεως,

418 3623 680 3691 ύφωρᾶτό
704 3622 747 3653 ¹⁷
775 3639 828 3674 τι
859 3625 1004 3677 κατά
1049 3626 1355 3691 φαντασίαν
1392 3625 1610 3680 εἴδωλον
1654 3629 2003 3698 ἐμπαρεῖναι,

416 3707 479 3769 οὗ
535 3713 637 3784 τῆς
690 3714 924 3784 κομιδῆς
962 3717 1373 3788 κατημέλησεν.
1435 3719 1534 3772 Διὰ
1585 3717 1743 3773 τοῦτο
1785 3716 1942 3785 αὖθις
1974 3722 2002 3774 ὁ

420 3803 633 3874 μάρτυς
666 3802 746 3873 τῷ
773 3804 925 3875 αύτῷ
957 3804 1191 3874 διωρᾶτο
1242 3806 1771 3878 κατεμσριμώμενος
1800 3808 2002 3874 ἐξιέναι

418 3894 639 3947 καὶτὸν
688 3893 914 3965 βασιλέα
962 3896 1245 3949 Βασίλειον
1292 3896 1513 3959 πάντως
1554 3898 1886 3967 εἰσενεγκεῖν
1920 3899 1998 3969 (ι)

419 3987 515 4039 καὶ
546 3986 876 4057 κηδεμονίας
900 3987 1129 4057 δεούσης
1168 3986 1524 4052 καταξιῶσαι.
1553 3988 1663 4042 Τοῦ
1704 3990 1761 4044 δὲ
1789 3992 2000 4045 νεανίου

418 4077 563 4131 κατὰ
595 4078 695 4132 τὴν
750 4078 1037 4151 λεχθεῖσαν
1072 4078 1271 4150 κλῆσιν
1306 4079 1745 4151 ἀποκριναμένου
1780 4081 1858 4153 (5)
1906 4082 2003 4136 καὶ

2100 3273 2248 3319 esset
2277 3264 2516 3329 futurus,
2546 3278 2787 3333 eumque
2816 3262 3006 3319 fovere
3038 3269 3184 3317 tecto
3230 3268 3286 3317 et
3327 3260 3692 3325 indumentis,

2106 3363 2168 3411 ut
2191 3356 2287 3426 qui
2328 3354 2463 3410 illud
2497 3354 2896 3409 monasterium
2947 3362 3094 3410 esset
3131 3354 3555 3409 instauraturus.
3586 3352 3695 3419 Qui

2105 3462 2360 3519 egressus
2413 3448 2933 3517 adolescentemque
2991 3447 3338 3518 conspicatus
3366 3447 3692 3501 emaciatum

2106 3548 2165 3593 ct
2213 3539 2557 3593 sordidatum
2593 3550 2758 3608 atque
2787 3538 3057 3593 incultum
3089 3547 3314 3610 propter
3334 3538 3553 3607 inopem
3586 3546 3698 3592 sta-

2110 3637 2250 3698 tum,
2283 3641 2563 3702 spectrum
2604 3631 2933 3704 imaginatus
2963 3632 3267 3702 phantasia:
3294 3645 3407 3686 sua:
3450 3631 3694 3686 oblatum

2109 3722 2464 3779 introducere
2484 3730 2541 3778 et
2563 3739 2760 3779 curare
2778 3723 3041 3795 neglexit.
3065 3722 3244 3790 Quare
3275 3739 3469 3779 rursus
3489 3734 3697 3797 martyr

2107 3815 2159 3869 ei
2191 3815 2469 3884 apparuit,
2508 3814 2823 3884 increpans,
2874 3814 3054 3869 exiret
3088 3823 3253 3882 atque
3305 3812 3695 3883 imperatorem

2109 3904 2373 3984 Basilium
2407 3905 2634 3959 omnino
2665 3903 2811 3958 intro
2837 3915 3065 3958 vocaret
3098 3918 3400 3973 curamque
3431 3903 3551 3972 ejus
3597 3903 3699 3957 ha-

2107 3995 2287 4050 beret.
2310 3995 2559 4065 Cumque
2609 3996 2933 4051 adolescens
2957 3995 3025 4049 ad
3054 3995 3468 4065 pronuntiatum
3495 4010 3694 4050 nomen

2113 4085 2529 4155 respondisset,
2583 4085 2844 4142 introitus
2909 4083 3347 4157 perficiebatur:
3394 4085 3551 4154 cujus
3611 4087 3692 4141 rei

1697 4171 1939 4229 VARUE
1998 4174 2405 4234 LECTIONES.

510 4266 552 4299 “
585 4264 883 4337 φρονίμασί
905 4267 969 4323 L.
1051 4268 1093 4300 “
1128 4266 1314 4323 Ἠλιοῦ
1335 4266 1401 4322 ν.

423 4337 467 4369 ³⁷
490 4336 735 4408 ύφορᾶτό
760 4337 824 4392 L.

1517 4268 1563 4300 ⁸³
1590 4268 1667 4342 τῷ
1695 4268 1757 4336 Β,
1782 4270 1843 4325 τὸ
1872 4270 1934 4326 L.
2004 4271 2049 4304 “
2089 4272 2208 4327 κατ’
2236 4274 2415 4329 αὐτῶν
2446 4273 2506 4329 L.

2624 4276 2667 4308 ’⁵
2697 4288 2767 4330 an
2821 4271 3099 4346 μηνῦσαιῖ
3186 4274 3230 4309 ⁸⁸
3254 4274 3598 4344 ἀνοικοδομεῖ
3628 4274 3690 4327 L.

1629 4438 1872 4495 STEPH.
1905 4440 2251 4497 BERGLERI
2290 4439 2519 4496 ΝΟΤΕ.

420 4470 553 4559 dere
578 4464 769 4581 Const.
808 4500 1013 4581 P_orph_.
1041 4505 1097 4559 in
1144 4464 2088 4581 Bas.Mac.B

468 4591 584 4649 ενος
609 4574 789 4649 τοίνυν
830 4576 858 4627 ὁ
907 4577 1218 4649 παῖς-παρά
1243 4577 1322 4649 τῷ
1362 4574 1531 4649 πατρί
1560 4609 1627 4619 -
1654 4578 1778 4649 οὕτε
1811 4574 2005 4649 μιξαν-

457 4645 663 4726 ρώπουε
690 4644 985 4726 Χείρωνος.
1011 4644 1205 4726 ἐδεήθη
1256 4644 1332 4709 ὥς
1383 4644 1680 4726 Ἀχιλλεὺς,
1711 4644 2004 4726 οξτὲκέιο.

421 4724 484 4770 ut
508 4713 891 4769 semihominis
920 4713 1240 4772 educatoris
1277 4713 1487 4774 mentio
1513 4734 1641 4774 eum
1690 4719 2007 4776 oﬂ'enderit.

494 4785 606 4854 (90)
632 4784 795 4840 Cedr.
824 4800 879 4853 p.
904 4784 1029 4838 450.

492 4856 606 4927 (9t)
631 4854 965 4927 Iamdudum
986 4925 995 4927 Α
1020 4854 1287 4911 dissolute
1321 4857 1569 4927 loquitur
1596 4866 1650 4914 et
1704 4859 2007 4915 incondite.

494 4925 608 4994 (92)
633 4925 903 4994 Abrupte,
954 4925 1073 4980 sine
1106 4925 1458 4999 transitione,
1486 4929 1606 4999 sine
1643 4938 1769 4999 apta
1799 4945 2011 4984 conne-

424 4996 608 5058 xione,
631 5011 735 5051 nec
758 5004 1063 5066 praeparato
1123 4996 1351 5052 lectore.
1378 5028 1449 5037 —
1473 4996 1693 5053 Const.’
1716 4999 1922 5069 Porph.
1954 5002 2010 5055 in

422 5064 711 5140 Bas_.__M_ac;
743 5081 798 5140 p_.
828 5064 1157 5140 159,ω8)ιιιλ.
1209 5066 1340 5137 Log.
1375 5084 1430 5140 p.
1452 5069 1597 5140 7454,
1629 5067 1828 5139 Georg.
1861 5070 2010 5126 Mon.

423 5109 1340 5206 afﬁciant}?sationi“;
1375 5109 1597 5192 iis?"

520 5152 650 5198 sor,
672 5152 834 5190 hear.
862 5152 917 5204 p.
952 5152 1077 5201 οου,
1110 5152 1245 5191 non.
1379 5152 1502 5192 tuo.

494 5206 608 5280 (9:5)
632 5203 829 5280 Georg.
854 5205 1003 5280 Mo_n.
1026 5223 1088 5280 p._
1104 5206 1198 5280 55}
1215 5248 1229 5272 ,
1251 5277 1283 5280 _
1321 5223 1409 5279 0g.
1434 5224 1502 5280 _p.
1544 5207 1663 5273 164,
1700 5206 2009 5280 Sym._Log.

423 5290 478 5345 p.
505 5273 639 5348 libi,
679 5273 869 5348 Corist.
927 5273 1133 5348 Per—ph.
1167 5277 1222 5332 in
1251 5273 1384 5333 Bas:
1429 5273 1568 5333 Mac.
1606 5295 1660 5348 p.
1690 5273 1810 5341 159,
1844 5273 2009 5334 Cedr.

423 5344 636 5420 p._560.
673 5375 743 5384 —
774 5344 926 5420 Sym.
973 5344 1107 5418 L63.
1156 5364 1211 5418 p.
1242 5348 1367 5414 454,
1413 5349 1508 5403 ubi
1550 5344 1623 5413 ὅς’
1648 5352 1777 5420 πρὶν
1828 5349 2011 5403 Ἠλιοῦ

425 5415 552 5471 ναὸς
586 5432 761 5484 κεχρη
771 5419 1025 5484 ματικεν.

429 5485 824 5625 ν’(ἓέζςὶοηει.
888 5485 1090 5557 Porph.
1145 5486 1202 5542 in
1252 5487 1375 5544 Bas.
1410 5488 1549 5544 Mac.
1585 5504 1641 5560 p.
1683 5490 1805 5554 159,
1845 5487 2011 5546 Cedr.

504 5627 624 5748 (93)
644 5624 811 5680 Varie
846 5626 1114 5681 scribitur
1136 5626 1244 5682 hoc
1300 5644 1503 5685 nomen
1553 5629 1699 5700 apud
1765 5639 2010 5696 veteres,

504 5696 573 5748 ιιιί
626 5694 949 5748 ierodotum
991 5698 1277 5748 Μανδάνη.

426 5696 573 5768 apud
602 5694 949 5768 Herodotum
991 5698 1277 5768 Μανδάνη.

500 5765 613 5835 (96)
645 5766 961 5848 inﬁnitivus
986 5768 1223 5848 requirit
1243 5765 1471 5848 aliquod
1499 5769 1756 5848 verbum,
1792 5782 1889 5828 aut
1936 5770 2011 5837 ὡς

645 5835 656 5851 ο

433 5849 532 5904 pro
566 5836 678 5889 καί.
711 5836 979 5904 Loquitur
1002 5836 1214 5891 ct’alihi
1245 5837 1319 5891 ita
1346 5836 1694 5909 imperfecte.

746 5930 1017 5994 PATROL.
1062 5934 1176 5995 Gn.
1224 5934 1380 5995 CIX.

2186 4514 2299 4581 (97)
2338 4512 2614 4582 Loquitur
2644 4512 2889 4568 horride.

2187 4582 2295 4650 (98)
2333 4582 2452 4636 Alia
2504 4582 2794 4638 occasione
2853 4583 3014 4639 Cont.
3062 4582 3264 4650 Porph.
3292 4584 3349 4640 in
3392 4585 3517 4643 Bas.
3553 4586 3692 4644 Mac.

2114 4668 2171 4723 p.
2205 4653 2425 4725 ἰόθηει
2455 4668 2509 4722 p.
2538 4668 2659 4725 seq.
2685 4652 2942 4725 Cedrap.
2983 4654 3106 4725 5'56.
3139 4652 3275 4710 Zon.
3303 4672 3359 4725 p.
3391 4656 3513 4713 165.

2187 4722 2512 4797 (99)_Const.
2538 4723 2823 4797 Porph_.gin
2855 4724 2981 4797 Bas.
3005 4724 3142 4780 Nae.
3175 4742 3231 4797 p.
3261 4722 3385 4782 l39.

2185 4792 2263 4863 (l)
2296 4793 2568 4864 Loquitur
2600 4792 3063 4864 proﬂigatissime.

2185 4862 2269 4936 (2)
2287 4862 2478 4936 Const.
2505 4862 2709 4936 Porph.
2746 4862 2803 4917 in
2822 4864 2942 4936 Bas.
2963 4863 3118 4936 hinc.
3138 4881 3194 4936 p._
3220 4864 3343 4919 HO.
3373 4865 3521 4936 Sym.
3556 4864 3689 4936 Log.

2114 4948 2171 5072 ρ).
2371 4931 2572 5003 Georg.
2616 4931 2776 4987 Ion.
2826 4949 2884 5005 p.
2921 4935 3051 4990 551.
3087 4931 3247 4991 Cedr.
3283 4950 3338 5005 p.
3371 4931 3495 4991 560.
3551 4931 3687 4991 Zod.

2187 5073 2377 5144 (3)71ta
2428 5072 2731 5144 scriptum;
2766 5072 2805 5127 f.
2858 5074 3251 5144 ἀνοικοδομεῖν.
3285 5074 3444 5144 Apud
3496 5072 3689 5131 Const.

2114 5142 2322 5213 Porph,
2352 5157 2405 5212 p.
2444 5142 2567 5197 MO.
2597 5152 2656 5198 et
2706 5144 2849 5213 apud
2880 5143 3043 5200 Cedr.
3090 5159 3145 5213 p.
3208 5142 3349 5207 560,
3385 5145 3691 5198 itamdttv

2118 5158 2322 5265 μοι-μη,
2352 5158 2405 5212 p.
2444 5158 2567 5197 MU.
2597 5158 2656 5198 et
2706 5158 2849 5213 apud
2880 5158 3043 5200 Cedr.
3090 5159 3145 5213 p.
3208 5158 3336 5207 ῧϋυ,
3385 5158 3691 5198 ιιοεΑῡτον

2118 5211 2337 5297 μέλ⁹ειν
2389 5214 2471 5276 εἰς
2494 5214 2850 5297 ἀνοικοδοιμὴν
2889 5214 2983 5297 καὶ
3009 5212 3245 5297 αὔξησιν
3281 5216 3381 5284 τῆς
3405 5214 3691 5297 παρούσης

2114 5282 2368 5351 γενέσθαι
2406 5283 2596 5352 μονῆς.
2633 5282 2787 5338 Unde
2818 5284 2961 5352 apud
3008 5282 3270 5339 Nostrum
3322 5282 3556 5339 melius:
3584 5282 3689 5337 υἷα

2115 5353 2276 5424 τῆσδε
2337 5354 2503 5423 μονῆς
2554 5354 2635 5424 εἰς
2688 5353 3045 5423 ἀνοικοδομὴν
3109 5357 3528 5424 συστησάμενον,
3595 5366 3691 5409 aut

2114 5423 2319 5477 omisso
2366 5426 2468 5485 εἰς.
2488 5454 2553 5463 -
2601 5423 2879 5492 Scriptum
2907 5425 3208 5492 συστησόμ.
3240 5442 3265 5476 ε
3294 5440 3457 5493 supra
3496 5424 3686 5493 script.

2113 5493 2255 5546 -—B.
2278 5493 2339 5545 τὸ
2370 5494 2610 5556 νεανίας,
2641 5502 2695 5547 et
2719 5493 2847 5548 vide
2880 5503 3017 5563 quot
3046 5494 3213 5549 fucrit
3250 5509 3544 5550 annorum.
3590 5494 3691 5547 Bo-

2114 5577 2246 5617 SIUS.
2278 5561 2407 5617 Fuit
2445 5560 2610 5616 XXV.

2114 5577 2246 5617 sws.
2278 5562 2407 5617 Fuit
2445 5562 2610 5616 XXV.

2187 5633 2268 5703 (4)
2311 5634 2595 5708 Εἰσκαλείν
2627 5632 2813 5704 potius
2838 5633 3135 5706 legendum
3176 5646 3403 5708 propter
3451 5653 3692 5708 sequens

2115 5703 2589 5771 ἀποκριναμένου.

2188 5773 2266 5843 (5)
2297 5772 2722 5846 Omittitdicere
2763 5776 2910 5846 quod
2943 5788 3173 5835 vocatus
3220 5777 3349 5846 fuit,
3398 5789 3459 5836 et
3502 5787 3691 5837 tamen

2117 5842 2467 5914 respondisse
2491 5842 2646 5902 dicit.

3266 5946 3343 6006 3G
