4136 6478
373 390 509 456 1137
1406 460 1411 461 ί
1720 395 1953 457 REGU]

2057 398 2178 459 ΑΒ.
2225 400 2323 461 IV.
3507 388 3643 457 ῙῙἾΘ

350 504 659 577 ἀρχιερέων
710 505 992 576 ἐκδέχεται
1041 504 1176 576 (Η),
1230 505 1400 578 ἄλλην
1439 503 1613 576 ἀρχὴν
1665 506 1941 560 καθιστῶν

2057 508 2202 564 Filiis
2262 508 2431 565 etiam
2511 506 2630 564 suis
2683 504 3047 563 Constantino
3111 522 3177 561 ac
3238 506 3412 560 Leoni
3476 515 3644 575 atque

349 596 528 668 ἐαυτῷ
554 597 832 667 βασιλείας
864 600 930 671 ἢν
982 599 1271 670 συμμαχίᾳ
1300 599 1408 652 τῶν
1441 598 1802 669 ἁρχαγγέλων
1850 615 1943 653 κε-

2057 598 2358 655 Alcxandro
2410 599 2649 655 similem
2698 614 2918 655 coronae
2956 606 3122 668 atque
3162 598 3381 669 imperii
3416 598 3643 669 gloriam

349 688 617 759 κληρωτο,
645 689 789 743 υίέσι
816 707 878 744 τε
926 690 1107 761 τρισὶν
1139 690 1337 745 ἐαυτοῦ
1369 690 1507 763 (45),
1541 690 1943 760 Κωνσταντίνῳ

2057 692 2248 747 tribuit
2274 709 2287 745 :
2327 691 2668 761 Stephanum
2690 698 2877 746 autem
2906 689 3262 761 patriarchali
3290 689 3411 746 sedi
3444 703 3670 744 conse-.

276 826 281 827 ,
348 781 537 833 Λεοντι
564 782 658 835 καὶ
701 781 1058 854 Ἀλεξάνδρῳ,
1090 783 1192 854 τὴν
1216 782 1413 854 ὁμοίαν
1442 781 1797 851 στεφοδιιξίαν
1846 798 1944 852 με-

2057 793 2264 838 eratum
2299 783 2352 836 in
2392 781 2640 837 futurum
2671 781 2991 837 destinavit.
3033 780 3194 853 114
3232 781 3310 840 Ac
3345 781 3495 837 circa
3527 781 3671 863 pri-f,

352 872 419 927 τὰ
469 874 565 927 καὶ
613 874 715 943 τῆς
749 874 1038 948 βασιλικῆς
1070 876 1367 947 ἐντίθησιν,
1417 875 1509 930 τὸν
1559 876 1619 930 δὲ
1666 876 1943 945 Στέφανον

2057 888 2203 927 mum
2230 872 2455 942 quidem
2484 889 2609 927 mox
2639 873 2750 928 vita
2781 862 3104 929 defunctum
3138 872 3371 929 adversa
3402 889 3537 929 usus
3567 881 3671 954 est:

357 964 588 1036 ίερώσας
640 966 719 1039 τῷ
774 967 1163 1040 πατριαρχικῷ
1214 968 1390 1040 θρόνῳ
1442 967 1583 1041 πρὸς
1632 967 1694 1021 τὸ
1746 967 1943 1039 μέλλον

2057 965 2273 1020 fortuna
2301 976 2501 1037 praeter
2541 982 2696 1037 spem
2738 985 2751 1021 :
2785 965 2917 1021 huic
2945 966 3093 1020 enim
3139 966 3311 1037 magis
3338 975 3458 1021 erat
3495 965 3673 1020 addi-‘

353 1059 652 1130 ἀφώρισεν.
678 1062 789 1115 Καὶ
827 1063 958 1134 περὶ
990 1063 1090 1132 μὲν
1121 1062 1214 1117 τὸν
1245 1064 1467 1134 πρῶτον
1496 1060 1638 1133 μετά
1666 1078 1789 1117 τινα
1817 1060 1946 1133 χρό-

2057 1068 2170 1117 ctus
2208 1076 2322 1132 prae
2363 1060 2602 1125 caeteris,
2640 1077 2872 1131 sperans
2902 1078 3031 1119 eum
3078 1061 3314 1132 imperio
3356 1076 3652 1116 successu-

324 1184 327 1185 ν
355 1168 447 1205 νον
471 1152 796 1225 διηλλαχότα
819 1153 912 1207 τὸν
946 1153 1063 1225 βίον
1092 1153 1346 1226 δυστυχεί
1392 1158 1522 1227 παρ’
1559 1154 1752 1209 ἐλπίδα
1783 1153 1896 1227 (46)
1925 1168 1941 1184 ⁸

355 1241 530 1313 τούτῳ
557 1244 666 1315 γὰρ
697 1244 900 1314 μᾶλλον
934 1247 1330 1317 προσετετήκει
1363 1246 1472 1301 τῶν
1518 1247 1693 1303 ἄλλων
1725 1247 1946 1320 θαρρῶν

356 1334 501 1388 κατὰ
547 1337 647 1408 τὴν
672 1337 771 1407 τῆς
814 1336 1095 1408 βασιλείας
1143 1338 1418 1409 διαδοχὴν,
1458 1341 1565 1395 κᾶν
1615 1341 1709 1395 τοῦ
1750 1340 1945 1407 ἐφετοῦ

358 1428 458 1483 οὐκ
484 1428 831 1502 εὐστόχησεν.
869 1432 1058 1486 Λέοντι
1088 1431 1199 1504 γὰρ
1229 1432 1305 1503 τῷ
1328 1433 1664 1506 περιωνύμῳ
1684 1435 1779 1488 καὶ
1807 1451 1943 1488 παν-

359 1523 572 1575 ευκλεεί
634 1521 846 1593 βασιλεί
895 1524 957 1577 τὸ
1024 1524 1124 1589 τῆς
1197 1525 1479 1596 βασιλείας
1548 1527 1950 1598 συνετετήρητο

361 1614 610 1685 μόνιμον,
633 1614 713 1684 τῷ
748 1617 864 1685 μετ’
890 1616 1055 1670 αὐτὸν
1087 1618 1131 1649 ⁸⁸
1168 1619 1431 1690 ὁμαίμονι
1477 1617 1812 1689 Ἀλεξάνδρῳ
1833 1620 1950 1673 δια-

357 1705 499 1777 δόχῳ
566 1707 918 1779 γενησομένῳ
986 1709 1131 1763 κατὰ
1197 1712 1474 1782 πατρικὴν
1528 1710 1946 1782 θεσμοθέτησιν.

357 1797 643 1869 Φοείρουσι
668 1798 726 1853 δὲ
753 1799 855 1853 καν
889 1798 1065 1870 τούτῳ
1097 1801 1166 1854 τὰ
1212 1800 1419 1871 φυσικά
1451 1801 1737 1872 σπλάγχνα
1769 1801 1821 1853 οί
1852 1818 1952 1854 πο-

2047 1169 2172 1208 rum
2205 1171 2217 1207 :
2252 1152 2348 1209 sed
2382 1154 2492 1208 voti
2524 1169 2750 1225 compos
2779 1170 2891 1210 non
2916 1164 3003 1211 est
3034 1156 3237 1211 factus.
3269 1153 3443 1214 Leoni
3475 1153 3651 1209 enim.

2050 1244 2257 1316 inelyto
2287 1253 2342 1299 et
2366 1244 2766 1316 gloriosissimo
2813 1246 3071 1317 principi,
3126 1245 3426 1317 imperium
3463 1261 3655 1301 serva-

2050 1335 2214 1390 batur
2246 1337 2464 1404 stabile,
2508 1346 2565 1393 et
2599 1347 2723 1410 post
2766 1338 2920 1394 illum
2952 1339 3111 1395 fratri
3154 1339 3468 1395 Alexandro
3492 1379 3507 1403 ,
3554 1338 3655 1408 qui

2052 1445 2344 1485 successor
2363 1441 2486 1487 erat
2514 1431 2737 1487 futurus
2757 1431 3065 1488 secundum
3098 1440 3386 1502 paternam
3426 1431 3655 1486 ordina-

2054 1522 2284 1577 tionem.
2315 1521 2692 1594 Corrumpunt
2718 1534 2904 1581 autem
2928 1533 2984 1580 et
3017 1525 3071 1579 in
3098 1524 3202 1580 hac
3252 1540 3313 1580 re
3345 1523 3655 1579 naturalem

2051 1614 2311 1670 affectum
2338 1615 2593 1672 homines
2622 1618 2867 1689 maligni,
2910 1627 3141 1688 paterno
3165 1632 3353 1673 amore
3399 1599 3657 1671 nonnihil

2055 1708 2390 1765 labefactato
2440 1726 2568 1782 erga
2615 1710 2881 1766 Leonem.
2922 1711 3033 1767 Sed
3072 1709 3449 1782 improbitatis
3495 1711 3657 1765 nervi

2058 1800 2242 1867 incisi,
2271 1817 2398 1857 cum
2421 1803 2503 1859 eis
2529 1803 2671 1867 nihil
2704 1803 2982 1860 ﬁrmitatis
3015 1804 3245 1869 inesset,
3285 1811 3454 1874 atque
3496 1818 3659 1876 syco-

359 1890 538 1960 νηροὶ,
580 1890 683 1961 τῆς
731 1890 988 1962 πατρῴου
1039 1893 1429 1965 φιλοστοργίας
1483 1893 1625 1947 κατά
1670 1910 1722 1945 τι
1775 1905 1953 1962 παρα-

2063 1893 2282 1962 phantae
2316 1894 2556 1965 turpiter
2582 1896 2763 1952 abacti
2799 1906 2951 1961 sunt,
2982 1896 3208 1967 Leoque
3243 1896 3481 1966 imperio
3508 1897 3658 1966 poti-

358 1980 730 2053 θραυσθείσης
780 1983 873 2036 ἐπὶ
921 1984 1000 2053 τῷ
1031 1985 1220 2037 Λέοντι
1277 1985 1474 2055 μικρὸν
1516 1986 1641 2039 ὅσον
1672 1983 1809 2055 (47).
1842 1985 1953 2038 Καὶ

2062 1993 2152 2040 tus
2177 1994 2265 2041 est
2293 2002 2357 2041 ac
2385 1996 2671 2058 paternam
2702 1989 3112 2046 ordinationem
3146 1989 3421 2058 implevit,
3452 1987 3660 2043 virtute

356 2076 425 2129 τὰ
452 2077 550 2148 τῆς
601 2077 871 2149 πονηρίας
919 2078 1091 2149 νεῦρα
1136 2078 1492 2144 διακοπέντα,
1523 2078 1760 2149 ἐπείπερ
1811 2077 1950 2148 αὐτῇ

2059 2084 2118 2131 et
2159 2076 2382 2147 ingenio
2433 2080 2646 2136 ﬁrmus.
2686 2082 2890 2137 Verum
2933 2082 3053 2137 haec
3091 2080 3319 2152 quidem
3356 2079 3658 2152 posterius,

354 2167 507 2221 οὐδὲν
534 2167 642 2221 τῶν
666 2168 906 2239 ἰσχυρῶν
934 2170 1369 2240 παρυφίσταται,
1396 2171 1492 2225 καὶ
1523 2173 1571 2226 oi
1615 2171 1953 2239 συκοφάνται

2061 2175 2187 2236 post
2217 2168 2433 2225 obitum
2467 2173 2739 2242 parentis.

357 2261 545 2326 κακῶς
575 2262 972 2334 ἀπελήλανται,
1001 2264 1098 2318 καὶ
1167 2263 1323 2318 Λέων
1370 2264 1471 2334 τῆς
1518 2263 1795 2335 βασιλείας
1857 2260 2158 2333 ἐγκάτοχος
2227 2263 2438 2333 γίνεται
2493 2265 2588 2319 καὶ
2635 2266 2705 2320 τὰ
2762 2265 3036 2337 πατρόθεν
3117 2265 3452 2339 διωρισμένα
3525 2266 3662 2321 ἀπο-

355 2360 556 2430 πληροῖ
579 2359 1071 2433 καλοκάγαθίᾳκα)⁵
1092 2360 1345 2434 ἀγχινοίᾳ
1364 2361 1750 2435 νευρούμενος.
1788 2360 1958 2416 Ἀλλὰ
1994 2360 2169 2416 ταῦτα
2216 2364 2318 2435 μὲν
2353 2362 2582 2436 ὕστερον
2626 2364 2766 2436 μετὰ
2832 2365 2934 2435 τὴν
2985 2364 3250 2433 τελευτὴν
3312 2362 3410 2417 τοῦ
3460 2363 3660 2436 γεννή-

353 2473 533 2525 τορος.
3618 2484 3621 2487 λ

440 2550 595 2604 Ἐπεὶ
622 2550 680 2605 δὲ
719 2550 810 2605 διὰ
839 2553 1010 2622 μέσου
1057 2551 1252 2625 χρόνον
1283 2554 1435 2616 τινὸς
1473 2552 1589 2624 (48)
1623 2552 1693 2607 τὰ
1720 2551 1831 2607 τῶν
1855 2571 1953 2608 πο-

2133 2550 2271 2609 Cum
2285 2558 2471 2606 autem
2494 2548 2830 2627 intermedio
2850 2556 3097 2620 tempore
3122 2546 3308 2619 aliquo
3326 2561 3416 2603 res
3430 2545 3658 2601 bellicas

355 2644 541 2714 λέμων
587 2642 727 2714 ἔργα
774 2643 1198 2717 κατωλιγώρουν
1226 2646 1270 2678 ⁸⁸
1298 2682 1315 2708 ,
1366 2641 1565 2717 οἷάπερ
1637 2646 1953 2700 σκανδάλων

2061 2644 2456 2717 neglexissent,
2505 2643 2662 2713 quasi
2698 2641 2976 2697 seandalis
3016 2650 3073 2697 et
3115 2640 3472 2698 oﬂ'endiculis
3514 2642 3660 2699 inci-

358 2737 829 2805 παρεμπεσὸντων
857 2736 936 2807 τῷ
970 2735 1333 2808 πολιτεύματι
1363 2730 1442 2791 ὧν
1485 2738 1950 2809 προμεμνήμεθα,

2061 2740 2323 2795 dentibus
2350 2738 2407 2793 in
2431 2753 2608 2807 remp.
2624 2751 2861 2806 quorum
2882 2742 3011 2790 ante
3033 2735 3372 2790 mentionem
3400 2733 3655 2799 fecimus.

355 2825 425 2878 δι’
450 2818 527 2879 ὧν
553 2826 719 2897 (49)ἡ
762 2824 1097 2899 Ἰσμαηλῖτις
1128 2828 1301 2898 ὁφρὺς
1341 2827 1677 2899 ἐκορύσσετο
1722 2830 1816 2883 καί
1854 2847 1953 2899 με-

2057 2848 2125 2887 ea
2152 2831 2447 2887 occasione
2475 2828 2869 2885 lsmaeliticum
2895 2827 3257 2898 supercilium
3277 2826 3654 2892 attollebatur,

357 2916 554 2985 γίστην
592 2918 888 2987 ἐπεποίητο
912 2919 1013 2990 τὴν
1037 2919 1303 2981 ἐπίθεσιν,
1336 2920 1480 2974 ὥστε
1504 2923 1668 2992 μέχρι
1693 2921 1804 2974 τῶν
1832 2923 1953 2975 Μα-

2061 2927 2277 2996 ipsique
2308 2921 2534 2994 superbi
2565 2923 2942 2987 armabantur,
2976 2920 3383 2990 maximamque
3411 2919 3658 2975 fecerant

358 3008 612 3080 λαγηνῶν
663 3010 856 3065 ἐλάσαι
921 3012 1154 3083 στρατὸν
1204 3013 1463 3066 κάκεῖθεν
1520 3013 1620 3083 τὴν
1684 3013 1952 3084 βασιλέως

2060 3014 2424 3078 invasionem,
2455 3022 2519 3068 ut
2546 3011 2616 3068 ad
2642 3011 2954 3082 Malagenos
2991 3024 3166 3081 usque
3194 3009 3463 3065 ducerent
3495 3025 3659 3065 exer-

364 3103 585 3158 ἱππότιν
636 3104 963 3176 συναγωγὴν
1010 3104 1410 3177 ἀνιμήσασθαι,
1446 3107 1528 3168 είς
1583 3106 1796 3159 ἑαυτῶν
1851 3104 1952 3176 μὲν

2062 3106 2233 3160 citum
2261 3103 2503 3174 indeque
2521 3101 2874 3174 imperatoris
2894 3101 3202 3172 equitatum
3232 3101 3507 3163 tollerent,
3528 3116 3656 3155 enm

362 3195 700 3266 στρατηγίαν
751 3195 1101 3267 ἀείμνηστον,
1141 3196 1300 3268 ἡμῶν
1352 3198 1411 3252 δὲ
1466 3199 1953 3270 καταστρατηγίαν

2061 3198 2308 3268 ipsorum
2373 3196 2575 3252 bellica
2633 3196 2861 3251 solertia
2921 3201 3194 3265 perpetuo
3254 3193 3610 3248 memoranda
3639 3234 3655 3259 ,

362 3281 578 3351 σιωπῆς
624 3282 793 3347 ἄξιον.
844 3283 932 3348 Ὡς
982 3283 1040 3338 δὲ
1089 3286 1217 3355 περὶ
1276 3271 1484 3341 τοῦτων
1532 3288 1612 3359 τῷ
1663 3289 1953 3361 θεοστεφεῖ

360 3375 556 3428 ἄνακτι
598 3375 913 3444 διέγνωστο,
959 3377 1267 3443 διοκλάζειν
1314 3380 1465 3451 αὐτῷ
1514 3382 1576 3435 οὐ
1629 3387 1814 3455 παρῆν
1864 3383 1956 3438 ἐπὶ

359 3466 672 3538 τηλικούτῳ
711 3467 789 3540 τῷ
837 3471 1177 3542 ἀτοπήματι,
1210 3472 1350 3527 ἀλλὰ
1380 3474 1690 3538 σπουδαίως
1726 3478 1957 3533 ἐπαναι-

365 3558 575 3629 ρεῖσθαι
612 3559 783 3626 ὄντως
821 3563 1104 3634 ἐκδίκησιν
1151 3566 1263 3618 τῶν
1322 3563 1497 3630 οὕτως
1548 3566 1956 3638 ἐνηνεγμένων.

377 3651 633 3723 Ἀνδρέαν
653 3654 762 3726 γάρ
782 3671 906 3710 τινα
942 3659 1352 3729 στοχασάμενος
1394 3658 1532 3729 (50),
1565 3658 1735 3732 ἄνδρα
1788 3663 1958 3718 πολύ-

364 3764 537 3817 φρονα
565 3748 658 3803 καὶ
689 3749 1051 3823 πολυπειρίας
1101 3754 1530 3823 μεταδιώκοντα,
1579 3756 1681 3827 οὐχ
1704 3751 1870 3829 ἧττον
1900 3756 1959 3811 δὲ

362 3843 457 3896 καὶ
483 3843 760 3914 ἀνδρείας,
789 3845 894 3898 κᾶν
938 3846 1346 3917 ἐπεκέκρυπτο,
1385 3846 1571 3912 καθὼς
1602 3851 1635 3919 ὴ
1673 3850 1786 3904 τῶν
1818 3868 1960 3919 πραο

362 3937 589 4009 γμὰτων
618 3938 847 4010 ἀλήθεια
881 3940 1287 4010 παρεδήλωσεν)
1315 3934 1496 4011 (οὗτος
1540 3941 1764 3996 Σκυθῶν
1793 3943 1959 3995 ἐσπε-

364 4030 497 4100 ρίων
521 4030 810 4102 ἐξώρμητο
838 4030 954 4103 [51]
987 4032 1003 4097 )
1034 4032 1452 4103 ὑποστράτηγον
1481 4031 1673 4086 τοῦτον
1699 4032 1794 4086 τοῦ
1817 4033 1960 4087 κατὰ

363 4122 424 4175 τὸ
464 4122 706 4192 Ὀψίκιον
755 4123 1046 4195 προτίθησι
1100 4122 1359 4191 θέματος.
1399 4124 1497 4186 Ὃς
1544 4121 1636 4175 τὸν
1669 4122 1763 4177 ὑπ’
1795 4123 1958 4177 αὑτὸν

363 4213 598 4280 στρατὸν
623 4214 1008 4284 στρατηγικῶς
1028 4213 1234 4276 διαθεὶς
1251 4214 1474 4277 καὶτοῖς
1497 4212 1785 4285 πολεμίοις
1810 4232 1956 4287 παρ-

362 4303 619 4373 εμὸαλὼν
668 4306 932 4377 μεγίστην
982 4305 1340 4378 ἀπηνέγκατο
1379 4306 1537 4378 νίκην
1579 4307 1679 4362 καὶ
1724 4308 1960 4361 καταϐε-

363 4396 556 4466 ϐλήκει
581 4398 721 4463 τέως
743 4399 843 4472 τὴν
896 4400 1100 4454 τούτων
1126 4398 1469 4466 ἀλαζονείαν,
1527 4400 1624 4453 καὶ
1668 4399 1757 4454 διὰ
1801 4400 1959 4455 τοῦτο

362 4488 458 4542 καὶ
506 4491 626 4552 ταῖς
672 4492 898 4561 συχναῖς
928 4490 1096 4545 αὑτοῦ
1127 4491 1467 4561 εὐανδρείαις
1495 4491 1635 4561 μετά
1668 4509 1731 4562 γε
1763 4510 1958 4564 πατρι-

362 4580 589 4652 κιότητα
614 4582 716 4650 τῆς
766 4582 877 4635 τῶν
918 4582 1125 4653 σχολῶν
1177 4582 1430 4652 εὐμοιρεί
1461 4582 1574 4651 (52)
1608 4583 1950 4654 κυριότητος.

362 4670 475 4723 Καὶ
532 4672 713 4742 πολλῷ
748 4674 1014 4743 κρείττων
1067 4671 1210 4725 κατὰ
1261 4671 1370 4724 τῶν
1416 4671 1628 4742 ἐχθρῶν
1675 4673 1952 4727 διανίσταο

360 4779 424 4815 το
461 4762 574 4833 (55)
608 4764 706 4817 καὶ
736 4767 857 4821 κατ’
897 4764 1078 4819 αὐτῶν
1109 4763 1251 4833 ἄγαν
1278 4763 1624 4834 ἠρίστευσεν,
1668 4766 1762 4819 καὶ
1812 4764 1954 4837 μετὰ

359 4854 520 4908 τοῦτο
543 4857 843 4928 ἐπείληπτο
867 4858 1305 4928 μαγιστρότητος
1331 4857 1393 4909 οὐ
1422 4855 1562 4928 μετὰ
1598 4856 1796 4913 πολλοῦ
1824 4859 1951 4929 χρό⁴

360 4966 454 5000 νου
485 4947 621 5019 (δι).

2058 3297 2251 3343 nostra
2280 3296 2467 3343 autem
2498 3286 2655 3343 clade
2688 3284 2913 3342 silentio
2951 3284 3139 3356 digna.
3174 3284 3307 3352 Quae
3338 3299 3463 3339 enm
3496 3285 3658 3340 audi-

2058 3380 2230 3435 visset
2279 3380 2578 3450 imperator
2609 3395 2640 3434 a
2670 3378 2783 3433 Deo
2813 3386 3136 3444 coronatus,
3177 3376 3326 3432 haud
3361 3377 3660 3433 succubuit

2059 3474 2227 3530 rebus
2251 3482 2359 3528 tam
2386 3473 2707 3543 inopinatis,
2732 3486 2926 3528 verum
2945 3471 3204 3526 celeriter
3229 3485 3422 3541 poenas
3436 3470 3659 3541 exigere

2060 3569 2275 3626 studuit
2300 3584 2400 3639 pro
2430 3568 2634 3624 talibus
2658 3567 2839 3623 factis.
2865 3566 3024 3637 115
3049 3565 3187 3622 Cum
3206 3565 3355 3621 enim
3382 3565 3657 3620 Andream

2059 3666 2356 3733 quemdam
2383 3661 2451 3716 ad
2479 3676 2603 3716 eam
2633 3676 2750 3717 rem
2767 3660 3084 3731 delegisset,
3116 3658 3299 3715 virum
3329 3657 3658 3729 prudentem

2060 3764 2118 3809 et
2166 3754 2467 3810 multarum
2531 3770 2718 3811 rerum
2763 3768 2924 3809 usum
2974 3760 3280 3810 sectantem
3329 3766 3429 3808 nec
3477 3752 3662 3807 minus

2060 3848 2321 3901 virtutem
2363 3847 2617 3902 bellicam
2653 3847 2929 3916 (quamvis
2957 3845 3014 3899 id
3056 3862 3168 3899 non
3201 3860 3314 3915 prae
3348 3860 3407 3899 se
3443 3843 3661 3914 ferret),

2063 3948 2124 3994 ut
2155 3940 2233 3994 rei
2263 3939 2469 3993 veritas
2503 3939 2749 3994 ostendit
2778 3938 2849 4009 (is
2897 3954 2925 3992 a
2961 3937 3181 4010 Scythis
3217 3936 3662 3991 occidentalibus

2058 4040 2181 4087 erat
2209 4031 2525 4101 oriundus),
2554 4031 2705 4086 hunc
2734 4029 3127 4085 secundarium
3166 4030 3365 4084 ducem
3399 4028 3663 4084 thematis

2059 4124 2338 4195 Opsiciani
2396 4123 2686 4179 constituit
2745 4123 3069 4193 imperator.
3126 4121 3231 4188 Qui
3283 4128 3405 4175 arte
3461 4121 3661 4176 bellica

2059 4222 2344 4271 exstructo
2373 4212 2620 4269 exercitu
2662 4213 2849 4267 hostes
2890 4226 3187 4281 aggressus
3238 4209 3531 4265 maximam
3576 4209 3662 4263 vi-

2060 4309 2293 4364 ctoriam
2327 4306 2573 4363 obtinuit
2606 4306 2918 4378 dejecitque
2949 4305 3016 4359 ad
3057 4314 3277 4374 tempus
3305 4304 3528 4358 illorum
3571 4302 3661 4359 in-

2061 4403 2376 4467 solentiam,
2402 4411 2569 4472 atque
2593 4400 2664 4456 ob
2687 4400 2765 4463 id,
2793 4398 3014 4470 etquod
3033 4398 3256 4454 assidue
3289 4413 3404 4453 rem
3431 4407 3659 4453 strenue

2062 4502 2302 4566 gereret,
2335 4503 2460 4565 post
2484 4493 2777 4565 patriciam
2802 4492 3123 4564 dignitatem
3151 4492 3316 4546 etiam
3340 4490 3656 4546 scholarum

2062 4587 2447 4659 prmi'ecturam
2476 4586 2711 4642 feliciter
2739 4584 3121 4655 consequitur.
3160 4583 3438 4654 Multoque
3466 4583 3658 4639 valem-

2062 4680 2171 4736 tior
2220 4678 2276 4735 in
2316 4680 2505 4734 hostes
2557 4677 2915 4749 insurgebat,
2962 4691 3189 4746 remque
3235 4675 3504 4731 adversus
3559 4690 3658 4730 eos

2057 4771 2266 4841 optime
2296 4769 2487 4841 gessit.
2525 4770 2655 4825 Post
2685 4769 2803 4824 haae
2824 4776 2882 4823 et
2907 4768 3155 4843 magistri
3189 4767 3671 4825 dicnitatennnon;
3786 4800 3793 4807 -

2059 4864 2233 4919 multo
2264 4871 2387 4934 post
2417 4862 2655 4931 adeptus
2690 4871 2796 4936 e_st.

1692 5041 1777 5095 VA
1787 5042 1927 5099 Rle
1965 5042 2374 5100 LECTIONES.

437 5139 475 5169 ³⁸
501 5141 682 5210 potius
707 5140 786 5210 τῷ
810 5158 869 5194 τε
906 5141 1026 5211 μετ’
1056 5140 1242 5196 αὑτὸν.
1320 5140 1364 5172 ³²
1390 5137 1800 5209 κατολιγὼρουν
1820 5139 1881 5194 L.

1598 5234 1842 5289 STEPH.
1873 5232 2221 5291 BERCLERI
2250 5229 2481 5287 NOTIE.

464 5326 554 5389 Η)
588 5327 665 5379 Ita
694 5327 923 5393 scripta.
956 5328 1147 5382 Potius
1187 5327 1513 5397 ἀρχιερέως.

460 5398 553 5466 45)
579 5397 770 5452 Const.
806 5398 1006 5468 Porph.
1039 5415 1093 5469 p.
1132 5400 1228 5454 159
1253 5409 1308 5453 et
1346 5416 1397 5469 p.
1429 5400 1551 5452 ιοι.
1582 5399 1719 5453 Ζοη.
1750 5416 1805 5469 p.
1834 5399 1928 5454 '67

361 5468 525 5523 Cedr.
558 5484 613 5524 ῐ).
645 5468 766 5524 569.

426 5487 457 5521 Β(
484 5485 525 5522 Γ.
599 5507 613 5521 ο
649 5484 664 5498 ’
715 5484 731 5501 ‘
757 5510 766 5519 .

435 5484 748 5609 (ie)psy-i:.J
797 5538 929 5605 Log.
961 5555 1015 5607 p.
1072 5540 1174 5593 456
1199 5539 1625 5594 Constantinum
1672 5551 1952 5595 mortuum

362 5608 501 5681 dicit
534 5608 682 5681 anno
716 5610 783 5681 15
815 5609 1000 5663 Basilii
1033 5610 1271 5679 imperii.
1320 5611 1519 5680 Georg.
1552 5611 1700 5664 Mon.
1731 5628 1785 5681 ι).
1824 5612 1950 5667 546.

434 5679 550 5749 (47)
582 5680 905 5749 imperfecte
940 5681 1208 5749 loqnitur.

441 5751 553 5819 (£8)
587 5751 693 5805 Pro
729 5752 871 5814 τινὸς
901 5751 1207 5821 requiritur
1229 5751 1374 5816 τινὲς
1426 5750 1615 5823 potius
1648 5753 1716 5807 ad
1752 5753 1946 5823 ὀλιγὼ-

404 5838 518 5873 ἰυν.

369 5839 399 5892 ρ
439 5893 547 5955 (49)
581 5892 657 5947 Δι’
687 5884 760 5948 ὧν
785 5893 1163 5961 accipiendum
1186 5894 1274 5949 διὰ
1309 5893 1532 5951 τούτων.
1571 5897 1761 5953 Const.
1812 5895 1946 5951 Por-

2060 5329 2156 5398 ph.
2191 5344 2247 5397 p.
2278 5326 2380 5398 i§6
2396 5336 2527 5398 etp.
2550 5327 2674 5388 176,
2696 5325 2845 5398 Sym.
2871 5326 3006 5398 ng.
3028 5340 3083 5398 p.
3115 5324 3421 5398 455.Cedr.
3450 5327 3647 5398 p.570-

2136 5394 2252 5523 (ἐξ),
2297 5394 2491 5454 Const;
2542 5394 2749 5468 Porph.
2795 5414 2851 5468 p.
2888 5396 3012 5451 ιτο.
3045 5395 3180 5451 Ζοιι.
3213 5412 3271 5469 p.
3305 5394 3427 5450 169.
3464 5397 3647 5457 ,Cedr-

2223 5491 2276 5523 ο).

2103 5511 2114 5522 .
2148 5472 2276 5524 575.

2058 5486 2465 5608 Ιλίῖἐίῖῖἶοῐιεῑ.
2499 5540 2704 5610 Porph.
2736 5557 2792 5611 p.
2829 5538 2953 5611 176.
2990 5537 3153 5611 Cedr.
3186 5555 3240 5609 p.

2130 5606 2243 5681 (52)
2271 5611 2462 5667 Const.
2496 5606 2700 5681 Porph.
2824 5609 2945 5665 176.
2977 5608 3142 5665 Cedr.
3257 5606 3383 5661 575.

2134 5683 2248 5744 (55)
2279 5681 2472 5738 Const.
2509 5683 2715 5752 Porph.
2754 5698 2810 5752 p.
2840 5681 2964 5735 176.

2110 5754 2226 5818 (54)
2258 5753 2337 5808 Ita
2359 5750 2656 5822 scriptum,
2691 5750 2802 5807 non
2835 5753 3005 5805 πολὺν
3035 5752 3250 5822 χρόνον,
3282 5760 3337 5806 et
3368 5752 3440 5806 ila
3478 5750 3642 5807 habet

2056 5824 2379 5896 distinctio.
2418 5823 2630 5896 Mallem
2667 5834 2850 5880 autem
2881 5834 3150 5896 punctum
3179 5832 3304 5896 post
3353 5825 3643 5896 μαγιστρό-

2058 5914 2218 5963 τητυς
2255 5895 2401 5965 poni.
2433 5903 2489 5951 et
2514 5894 2683 5951 deleri
2719 5903 2841 5965 post
2890 5894 3107 5965 χρόνου.
