4136 6424
422 342 554 409 1141

1748 346 2021 409 REGUM
2063 347 2210 409 LIB.
2250 346 2331 406 IV

3542 345 3685 410 1142

413 459 593 532 Σύρας
614 459 706 514 καὶ
727 459 965 530 Κόσσης,
988 458 1022 527 ἢ
1063 457 1170 512 ἀπό
1190 476 1332 524 τινος
1354 456 1533 513 ἐκεῖσε
1562 458 1781 532 λίμνης,
1817 462 1852 532 ἢ
1880 462 1989 517 ἀτὼ

2099 476 2228 520 conc
2255 473 2404 516 nunc
2432 458 2728 517 Arethusa.
2758 458 2856 515 lllo
2879 467 3063 515 autem
3089 460 3143 515 in
3171 454 3468 517 veritatem
3494 460 3684 533 inqut-

413 552 510 621 τῆς
530 550 659 621 πρὶν
694 550 793 621 μὲν
824 550 1033 621 κρήνης
1083 550 1391 623 Συρακοῦς,
1430 553 1526 605 νῦν
1547 552 1603 606 δὲ
1633 552 1989 625 Ἀρεθούσης.

415 643 523 696 Τοῦ
580 642 636 696 δὲ
685 641 746 695 τὸ
810 642 1008 715 ἀληθὲς
1064 644 1655 716 πολυπραγμονοῦντος
1719 644 1813 699 καὶ
1858 647 1990 700 ὁπό-

415 735 508 788 θεν
541 734 653 804 (68)
682 733 1011 789 ἐπίστασθαι
1034 736 1193 789 τοῦτο
1233 735 1641 807 διερευνῶντος,
1678 737 1843 801 αὐτὸς
1886 737 1992 791 άπ-

416 822 691 892 εκρίνατο,
721 822 913 894 ὅτιπερ
944 824 1055 893 (69)
1103 842 1121 879 ι
1157 823 1248 878 Ἐν
1300 824 1463 897 χώρῳ
1490 824 1549 889 ὃς
1581 825 1743 891 Ἕλος
1780 826 1995 897 ὠνόμα-

416 930 561 979 σται,
612 913 781 985 ἀγρὸς
816 914 1049 984 πάρεστί
1092 931 1183 984 μοι
1227 914 1303 978 ὡς
1348 915 1457 968 ἀπὸ
1508 914 1701 986 μιλίων
1753 922 1806 987 η’
1854 915 1992 989 πρὸς

414 1005 706 1079 διάστημα.
762 1006 872 1064 Καὶ
901 1006 1040 1063 κατὰ
1072 1007 1173 1077 τὴν
1219 1005 1526 1079 παριοῦσαν
1579 1006 1824 1079 ἑσπέραν
1870 1006 1995 1063 καθ’

415 1099 474 1151 ὃν
509 1098 623 1170 (70)
670 1115 778 1173 ,μοι
824 1097 1242 1170 περιπολεύοντι
1274 1098 1535 1170 προσίασί
1579 1117 1726 1165 τινες
1769 1116 1995 1170 ποιμαι-

415 1190 639 1256 νόντων,
668 1189 763 1246 καὶ
789 1189 1028 1260 ἔφασκον
1051 1192 1127 1255 ὡς
1154 1191 1217 1247 ἐκ
1240 1189 1348 1244 τῶν
1370 1190 1846 1262 ἐπιχωριαζόντων
1875 1190 1995 1244 δαι-

418 1282 595 1353 μόνων
652 1282 999 1353 διακηκοέναι
1050 1284 1368 1354 φραζόντων
1423 1283 1681 1351 γενέσθαι
1732 1284 1843 1354 (71)
1898 1282 1997 1353 τὴν

416 1373 772 1446 Συράκουσαν
800 1374 1150 1448 δοριάλωτον,
1189 1377 1247 1429 ἐν
1288 1376 1459 1449 ταύτῃ
1488 1393 1549 1429 τε
1590 1378 1850 1448 παρεῖναι
1884 1376 1995 1447 (72)

414 1466 631 1528 αὐτοὺς,
668 1465 791 1519 ὅθεν
828 1467 922 1521 κα).
953 1466 1377 1539 διατρανοῦσθαι
1427 1468 1711 1541 ἀλήθειαν.
1743 1487 1762 1520 ι
1814 1469 1994 1533 Αὐτὸς

413 1556 467 1610 δὲ
499 1557 638 1628 πρὸς
676 1556 834 1611 τοῦτο
884 1558 959 1630 μὴ
994 1560 1311 1614 κατανεύων
1358 1562 1437 1625 εἰς
1481 1562 1741 1615 ἀπιστίαν
1776 1561 1995 1633 ἐχώρει,

411 1646 512 1716 τὴν
540 1646 838 1717 αύτηκοϊαν
870 1649 1331 1725 σφετεριζόμενος
1373 1652 1509 1718 (75).
1558 1652 1699 1706 Καθ’
1725 1654 1793 1725 ἢν
1816 1654 1874 1707 ἐν
1899 1671 1999 1707 κα-

410 1737 644 1808 ταλήψει
675 1738 721 1772 ³⁹
755 1739 1049 1811 γενόμενος
1087 1741 1182 1795 τοῦ
1222 1741 1395 1814 ἀγροῦ
1440 1744 1667 1815 πρώτην
1693 1744 1816 1798 καθ’
1848 1744 1997 1816 ὥραν

412 1830 503 1882 καὶ
551 1829 777 1900 ποιμέσι
846 1832 1271 1904 συγκατειλήφει
1321 1836 1413 1888 τὸν
1449 1835 1759 1907 ὡρισμένον
1813 1837 1994 1909 χῶρον
2026 1855 2070 1915 Β

378 1932 381 1933 ⁷
411 1922 497 1992 ἐφ’
528 1915 573 1989 ᾧ
614 1921 684 1976 τά
722 1922 883 1994 ἀέρια
916 1924 1029 1994 (74)
1057 1924 1157 1996 τὴν
1186 1925 1473 1998 διατριϐὴν
1510 1928 1861 1998 ἐπεποίηντο.
1893 1922 1995 1982 Ὦν

380 2012 509 2083 τὴν
551 2012 829 2086 διαγωγὴν
880 2015 1270 2088 πυνθανομένῳ
1322 2019 1429 2071 τιν),
1476 2017 1586 2072 τῶν
1641 2019 1921 2089 ποιμένων
1948 2020 1995 2053 ⁸ο

368 2154 381 2165 _
414 2102 925 2174 προσαπεκρῑναντο
952 2104 1095 2159 κατὰ
1119 2106 1276 2160 πόλιν
1298 2107 1413 2177 (75)
1446 2108 1805 2179 Συράκουσαν
1833 2106 1994 2177 εἶναι,

411 2190 507 2246 τοῦ
546 2195 990 2267 περιλειφθέντος
1030 2197 1417 2268 Χριστιανικοῦ
1463 2199 1699 2270 αἵματος
1735 2202 1997 2272 ἐμφορεῖ-

413 2284 537 2340 σθαι
562 2302 577 2317 ·
610 2286 704 2341 τὸν
732 2286 789 2341 δὲ
820 2290 950 2360 περὶ
971 2288 1082 2343 τῶν
1114 2290 1374 2347 τοιούτων
1409 2291 1610 2346 εἰδέναι
1632 2292 1998 2365 διερευνώμε-

378 2383 501 2433 ’νον
530 2379 592 2434 τὸ
647 2379 892 2452 πραχθὲν
945 2382 1279 2450 γινώσκειν,
1328 2383 1391 2437 τό
1428 2400 1489 2437 τε
1538 2384 1713 2455 ὄνομα
1765 2388 1860 2440 κα).
1906 2386 1999 2440 τὸν

410 2473 640 2543 ἀρχικὸν
688 2472 897 2545 βαθμὸν
948 2474 1361 2541 ἐξεπίστασθαι.
1396 2470 1492 2541 Οἷς
1538 2479 1568 2530 ό
1610 2477 1889 2549 Ἀδριανὸς
1923 2480 2000 2551 μὴ

412 2564 686 2618 πιστεύων
714 2565 758 2601 ⁸³
785 2564 865 2618 ἔτι
893 2565 1254 2636 ύπελογίζετο
1282 2568 1426 2621 ἕωλα
1455 2568 1593 2640 (76).
1627 2570 1740 2624 Καὶ
1770 2571 1907 2640 μετὰ
1941 2578 2000 2624 ιε’

411 2655 674 2710 ἐπιοῦσαν
700 2656 918 2729 ἡμέραν
945 2657 1015 2710 τὰ
1042 2659 1174 2723 παρ’
1219 2658 1400 2713 αὐτῶν
1441 2658 1518 2722 ὡς
1576 2658 1746 2731 ψευδῆ
1779 2661 2000 2730 νομιζό·

412 2762 553 2817 μενα
600 2747 752 2817 παρὰ
801 2747 911 2801 τῶν
963 2748 1174 2802 ἐκεῖθεν
1226 2747 1382 2817 μόλις
1425 2747 1768 2819 ἐληλυθότων
1824 2750 2000 2821 ἀληθῆ

412 2837 794 2908 κατεφαίνετο.
861 2835 985 2892 Τῶν
1057 2837 1153 2892 οῦν
1225 2838 1510 2910 ἐγχωρίων
1574 2839 1905 2911 πνευμάτων
1964 2846 1999 2911 ὴ

410 2927 638 3001 τοιαύτη
667 2928 996 3001 πρόγνωσις,
1021 2928 1054 3001 ἢ
1083 2927 1284 2999 μᾶλλον
1312 2930 1488 2982 εἰπεῖν
1515 2929 1548 3000 ή
1580 2929 1803 2983 ἐπὶτῶν
1829 2948 2004 3000 πρατ-

376 3020 658 3090 ’τομένων
707 3019 933 3088 γνῶσις,
982 3023 1095 3084 τοῖς
1129 3021 1273 3074 κατά
1307 3020 1407 3092 τὴν
1455 3020 1629 3091 αὐτὴν
1664 3020 1851 3093 χώραν
1875 3022 2004 3094 ἄχρι

416 3111 693 3181 βασιλείας
706 3112 800 3165 τοῦ
820 3113 1236 3177 εὐσεϐεστάτου,
1249 3110 1323 3176 ῶς
1341 3130 1499 3185 φασι,
1513 3113 1741 3176 Λέοντος
1759 3132 2006 3186 προσμε-

2091 561 2249 609 rente
2278 561 2444 622 atque
2480 550 2626 607 unde
2655 551 2710 606 id
2741 551 2877 606 sciat
2901 553 3296 624 interrogante,
3335 553 3425 609 hic
3454 569 3684 625 respon-

2093 642 2212 699 dit:
2242 662 2260 694 ι
2284 640 2525 698 Estmihi
2553 642 2606 695 in
2631 656 2697 696 eo
2717 641 2841 696 loco
2864 641 2959 711 qui
2978 641 3142 701 Helos
3166 641 3392 707 dicitur,
3415 642 3683 715 prmdium

2092 735 2249 805 quasi
2286 742 2413 790 octo
2448 734 2833 789 milliariorum
2865 734 3177 789 intervallo.
3220 734 3401 806 Atque
3441 734 3563 790 heri
3593 752 3687 791 ve-

2094 823 2244 897 Speri
2274 824 2409 878 illud
2445 824 2827 879 obambulanti
2858 824 2993 879 mihi
3023 836 3326 881 occurrunt
3357 826 3583 897 quidam
3619 843 3689 883 ex

2094 913 2430 985 pastoribus,
2484 922 2541 968 et
2572 914 2833 975 dicebant
2872 930 2931 970 se
2960 931 3029 971 ex
3065 916 3408 972 daemonibus
3447 918 3539 974 hic
3567 934 3691 973 ver-

2094 1005 2345 1061 santibus
2368 1003 2649 1062 audivisse
2667 1006 2980 1063 dicentibus
3012 1007 3309 1081 Syracusas
3336 1020 3523 1080 captas
3540 1024 3685 1077 esse,

2096 1095 2284 1166 ibique
2307 1111 2365 1150 se
2387 1095 2556 1152 fuisse
2573 1106 2739 1169 atque
2760 1096 2888 1152 inde
2904 1098 3194 1155 veritatem
3219 1108 3371 1157 certo
3389 1102 3690 1172 comperis-

2096 1203 2176 1243 se.
2218 1207 2235 1240 ι
2271 1187 2378 1243 Sed
2407 1189 2500 1244 ille
2531 1189 2679 1244 haud
2703 1189 2959 1258 credens,
2990 1190 3156 1246 fidem
3187 1193 3294 1259 sibi
3327 1193 3447 1250 fieri
3472 1194 3694 1250 volebat

2095 1279 2323 1349 proprio
2345 1280 2557 1337 auditu.
2605 1281 2785 1347 Quare
2830 1282 2886 1336 in
2922 1281 3187 1353 praedium
3234 1284 3516 1356 profectus
3558 1285 3692 1341 hora

2096 1369 2273 1440 prima
2315 1384 2439 1426 cum
2468 1372 2789 1441 pastoribus
2823 1372 3111 1428 deﬁnitum
3145 1375 3329 1430 locum
3378 1377 3691 1447 occupavit,

2096 1459 2154 1513 in
2186 1476 2297 1531 quo
2330 1462 2560 1531 spiritus
2588 1462 2666 1517 illi
2698 1464 3203 1521 commorabantur.
3237 1466 3388 1534 Quos
3410 1483 3535 1523 cum
3567 1470 3695 1539 qui-

2097 1552 2221 1608 dam
2256 1568 2323 1608 ex
2360 1552 2675 1623 pastoribus
2708 1555 3103 1629 interrogasset
3151 1557 3247 1612 ubi
3290 1556 3550 1625 fuissent,
3582 1558 3690 1629 ipsi

2098 1640 2504 1709 responderunt
2566 1641 2623 1698 in
2671 1643 2809 1699 urbe
2854 1643 3251 1717 Syracusarum
3303 1662 3362 1704 se
3413 1648 3585 1705 fuisse
3637 1658 3695 1704 et

2098 1729 2330 1785 satiasse
2380 1732 2634 1802 reliquiis
2678 1734 2964 1805 sanguinis
3007 1735 3306 1793 Christiani
3346 1739 3440 1810 qui
3484 1740 3701 1796 effusus

2097 1829 2244 1876 esset
2274 1839 2289 1888 ;
2341 1822 2499 1878 illum
2533 1840 2704 1895 porro
2741 1826 2836 1897 qui
2871 1826 2940 1882 de
2973 1827 3061 1884 his
3104 1830 3249 1886 scire
3295 1839 3525 1902 cuperet
3560 1832 3698 1902 quid

2098 1916 2169 1972 sit
2199 1915 2426 1983 factum,
2468 1932 2528 1974 se
2559 1933 2724 1974 nosse
2756 1958 2769 1984 ,
2804 1934 3120 1991 nomenque
3158 1928 3215 1977 et
3252 1922 3481 1993 gradum
3516 1921 3697 1992 digni-

2098 2010 2229 2064 tatis
2267 2010 2432 2066 scire.
2480 2010 2693 2077 Quibus
2744 2013 2991 2068 nondum
3037 2013 3270 2070 credens
3313 2015 3590 2070 Adrianus
3630 2030 3698 2070 ea

2097 2101 2452 2157 existimabat
2503 2102 2722 2159 frivola.
2774 2104 2883 2160 Sed
2928 2114 3054 2176 post
3110 2105 3389 2162 decimum
3440 2106 3697 2176 quintum

2099 2192 2247 2247 diem
2274 2208 2339 2247 ea
2358 2208 2482 2263 quas
2508 2193 2615 2264 ipsi
2645 2195 2934 2251 mendacia
2959 2196 3294 2252 videbantur
3320 2213 3421 2268 per
3450 2197 3575 2252 illos
3599 2197 3699 2268 qui

2099 2288 2230 2344 inde
2260 2304 2401 2359 πει-ε
2423 2300 2719 2346 evaserant
2756 2308 2888 2348 vera
2928 2293 3476 2355 demonstrabantur.
3522 2292 3699 2350 Caete-

2101 2399 2224 2437 rum
2261 2382 2409 2439 illius
2431 2384 2538 2439 loci
2568 2385 2727 2455 118
2741 2386 3037 2455 spirituum
3062 2387 3429 2457 praescientia,
3462 2394 3558 2442 aut
3592 2401 3694 2457 po-

2102 2473 2214 2529 tius
2258 2474 2508 2544 ipsorum
2555 2471 2828 2530 factorum
2871 2477 3123 2541 scientia,
3165 2477 3369 2533 ibidem
3408 2492 3582 2548 usque
3630 2477 3700 2530 ad

2106 2564 2399 2635 imperium
2436 2564 2669 2636 piissimi
2700 2564 2925 2633 Leonis,
2952 2576 3015 2621 ut
3047 2568 3226 2632 aiunt.
3260 2566 3503 2622 duravit.
3545 2565 3702 2620 Tunc

2106 2656 2274 2728 igitur
2300 2657 2478 2727 copiis
2502 2659 2741 2714 nauticis
2765 2674 2903 2728 quas
2924 2673 3112 2713 secum
3133 2659 3374 2714 habebat
3398 2672 3700 2729 congrega-

2105 2749 2179 2803 tis
2192 2748 2728 2819 Constantinopolim
2758 2749 3154 2820 proflciscitur,
3188 2750 3530 2820 supplexque
3558 2747 3619 2804 fit
3644 2749 3702 2804 in

2105 2840 2343 2911 quodam
2366 2842 2575 2912 templo
2590 2852 2787 2913 petens
2808 2842 3027 2899 veniam
3052 2842 3405 2898 delictorum.
3427 2843 3533 2899 Sed
3552 2844 3702 2914 quod

2105 2930 2343 2989 oﬂicium
2370 2934 2723 3007 neglexisset,
2756 2950 2861 2991 nec
2882 2936 3021 2991 adeo
3048 2934 3371 2992 difﬁcultate
3401 2936 3699 3008 navigandi

2108 3042 2242 3081 usus
2272 3026 2490 3096 fuisset,
2522 3035 2585 3083 ut
2614 3028 2733 3101 ipse
2767 3029 3079 3097 dictitabat,
3113 3032 3332 3086 veniam
3372 3040 3708 3087 consecutus

2109 3134 2219 3173 non
2239 3127 2348 3175 est.

417 3209 678 3282 μένηκεν.
715 3208 848 3262 Τότε
892 3210 957 3281 δὴ
991 3209 1221 3280 στρατὸν
1248 3209 1340 3262 τὸν
1374 3208 1466 3262 ὑπ’
1547 3210 1713 3262 αὐτὸν
1779 3211 2061 3282 ναύμαχον
2102 3215 2431 3286 συναγείρας
2483 3220 2551 3290 τῇ
2604 3218 3185 3281 Κωνσταντινουπόλει
3241 3218 3543 3289 ἐπιδημεῖ,
3604 3223 3702 3276 καὶ

416 3300 602 3370 1κέτης
643 3299 701 3354 εν
739 3317 845 3353 τινι
890 3299 1021 3371 ἱερῷ
1070 3296 1437 3368 παραγίνεται
1511 3297 1623 3370 (77)
1691 3298 1923 3363 ἐξαιτῶν
1991 3308 2448 3380 συγκεχωρῆσθαι
2517 3306 2614 3362 τοῦ
2681 3308 3020 3380 σφάλματος.
3082 3310 3249 3364 Ἀλλὰ
3302 3310 3414 3365 τῶν
3470 3310 3705 3367 δεόντων

413 3393 779 3466 ὀλιγωρήσας,
813 3392 910 3447 καὶ
930 3395 1053 3465 οὐχ).
1080 3393 1348 3465 δυσπλοίᾳ
1380 3393 1546 3447 πλέον
1582 3392 1721 3465 (78),
1762 3393 1840 3458 ὡς
1868 3392 2129 3465 ἔφασκεν,
2160 3401 2499 3473 συγγνώμης
2531 3401 2634 3456 οὐκ
2667 3401 2885 3474 ἔτυχεν.

497 3486 587 3540 Ἐν
636 3484 695 3539 δέ
739 3483 819 3556 τῷ
851 3483 999 3556 αὐτῷ
1048 3486 1375 3557 ἐφεστηκότι
1415 3483 1596 3557 καιρῷ
1645 3483 1761 3557 (79)
1808 3486 1855 3538 οἱ
1895 3485 2000 3539 ἀπὸ

2183 3491 2389 3548 Eodem
2416 3501 2665 3563 tempore
2703 3508 2771 3549 ex
2805 3492 3135 3569 Carthagine
3155 3492 3272 3548 Afri
3299 3492 3707 3549 Saracenicum

386 3578 765 3651 ’Καρχηδόνος
800 3579 998 3650 ’Ᾱφροι
1046 3577 1361 3651 Σαρακηνοὶ
1406 3578 1503 3631 σὺν
1533 3576 1724 3631 ὁλκάσι
1771 3594 2000 3649 παμμε-

415 3671 630 3743 γέθεσιν
658 3670 720 3737 ξ’,
751 3664 838 3734 αἶς
869 3670 1112 3743 χώρησις
1163 3677 1208 3724 c'
1245 3670 1459 3744 ἀνδρῶν
1501 3670 1851 3743 διηρίθμητο,
1903 3682 2005 3724 κα-

412 3762 844 3836 ταστρατεύουσι
891 3764 988 3818 κα).
1034 3763 1366 3818 διικνοῦνται
1420 3763 1774 3835 Κεφαληνίας
1837 3762 2004 3833 μέχρι

416 3858 508 3912 κα).
535 3856 833 3923 Ζακύνθου,
867 3855 991 3927 ἥτις
1022 3855 1157 3926 πρὸς
1193 3855 1396 3927 ἄνεμον
1422 3854 1666 3926 Ζέφυρον
1714 3855 1829 3925 (80)
1859 3857 2003 3908 κατὰ

414 3952 507 4004 τὸν
533 3948 869 4020 καλούμενον
911 3946 1089 4018 ’ἰχθὺν
1120 3947 1511 4013 ἀπονένευκεν,
1543 3946 1607 4000 ἐκ
1632 3963 1691 3999 τε
1725 3946 2005 4000 Ζακύνθου

415 4039 509 4096 τοῦ
538 4042 794 4112 Μέροπος
820 4039 922 4111 τῆς
953 4040 1326 4110 προσηγορίας
1359 4037 1658 4110 τετύχηκεν
1694 4036 1829 4106 (81).
1863 4037 2002 4106 Περὶ

382 4126 491 4188 ’ῶν
521 4136 549 4187 ὁ
583 4133 838 4204 βασιλεὺς
887 4132 1138 4199 διαγνοὺς
1178 4130 1270 4183 τὸν
1320 4129 1611 4200 πατρίκιον
1664 4128 1863 4198 Νάσαρ
1913 4128 2007 4180 ἐκ·

417 4226 625 4298 πέμπει
675 4226 773 4279 σὺν
820 4223 1133 4295 ναυστολία,
1178 4220 1348 4294 ἄνδρα
1386 4220 1746 4291 πολύπειρον,
1798 4218 2008 4289 ταύτης

2102 3583 2420 3655 ingentibus
2444 3586 2680 3649 navibus
2715 3586 3015 3658 sexaginta,
3034 3602 3156 3659 quae
3180 3586 3521 3643 ducentenos
3553 3588 3704 3645 viros

2102 3677 2420 3746 capiebant,
2476 3677 2678 3733 infesto
2717 3679 2965 3735 exercitu
3015 3694 3116 3735 nos
3170 3679 3460 3745 invadunt,
3503 3697 3703 3752 perve-

2101 3768 2378 3838 niuntque
2407 3769 2474 3823 ad
2497 3768 2891 3840 Cephaleniam
2909 3784 3085 3840 usque
3116 3771 3557 3839 acZacynthum,
3582 3788 3707 3843 qua:

2101 3860 2169 3914 ad
2208 3860 2521 3929 Zephyrum
2564 3874 2764 3916 versus
2808 3861 3040 3933 lchthyn
3077 3870 3322 3931 spectat;
3355 3879 3384 3918 a
3422 3862 3704 3935 Zacyntho

2100 3960 2288 4005 autem
2344 3952 2584 4022 Meropis
2632 3951 2744 4008 filio
2785 3969 2986 4009 nomen
3034 3955 3265 4025 accepit.
3301 3954 3422 4022 Quo
3459 3959 3698 4029 cognito,

2104 4043 2408 4114 imperator
2465 4045 2758 4114 patricium
2811 4046 3115 4112 Nasarem,
3165 4047 3348 4101 virum
3405 4048 3704 4104 multarum

2104 4151 2292 4191 rerum
2326 4137 2590 4207 peritum,
2626 4139 2777 4194 mitit
2808 4155 2935 4194 cum
2970 4140 3145 4195 classe
3177 4140 3395 4195 ducem.
3431 4142 3536 4209 Qui
3580 4159 3706 4198 cum

2108 4227 2177 4281 ad
2212 4227 2550 4296 Methonam,
2586 4245 2709 4300 quas
2743 4231 2899 4302 prius
2930 4231 3176 4288 Pedasus
3233 4232 3380 4288 dicta
3414 4233 3540 4301 fuit,
3576 4251 3705 4306 per-

417 4317 890 4390 καθηγησόμενον.
944 4316 1051 4371 Τοῦ
1106 4316 1167 4369 δὲ
1211 4316 1356 4369 κατὰ
1404 4313 1670 4383 Μεθώνην
1726 4311 1828 4383 τὴν
1875 4310 2000 4381 πρὶν

2110 4319 2377 4385 venisset,
2414 4321 2664 4393 plerique
2703 4324 2942 4379 militum
2986 4342 3054 4381 ex
3095 4326 3331 4381 navibus
3373 4326 3709 4397 aufugerunt

417 4411 667 4481 Πήδασον
718 4410 763 4444 δ’
821 4410 934 4483 (82)
1002 4409 1359 4481 καλουμένην
1415 4405 1893 4477 ἐπιδημήσαντος,
1960 4405 2000 4458 ο⁴

2113 4409 2403 4480 ipsumque
2430 4410 2815 4468 deseruerunt.
2837 4414 2994 4482 Quod
3022 4431 3147 4470 mox
3180 4413 3498 4470 notificatur
3528 4416 3706 4487 impe~

416 4504 660 4559 πλεῖστοι
688 4504 1040 4576 στρατιωτῶν
1087 4503 1199 4557 τῶν
1243 4502 1447 4556 πλοίων
1487 4498 1806 4571 ἀπέδρασαν
1839 4515 2010 4552 κατα-

2120 4503 2316 4563 ratori.
2367 4514 2530 4575 atque
2562 4522 2687 4561 cum
2736 4508 3085 4566 festinatione
3134 4510 3448 4568 vehementi
3477 4512 3546 4568 ab
3588 4513 3707 4582 ipso

1693 4660 1929 4716 VARIIE
1968 4660 2383 4720 LECTIONES.

496 4789 543 4821 ”
572 4785 944 4858 ἐγκαταλήψει
980 4785 1042 4841 L.
1120 4787 1165 4821 ⁸⁸
1200 4786 1506 4857 ποιμαίνων
1528 4784 1591 4839 L.
1664 4785 1707 4817 “
1733 4784 2007 4839 πιστεύων
2035 4783 2096 4849 Β,
2124 4788 2404 4843 πιστεύειν
2423 4790 2485 4844 L.
2565 4790 2609 4822 δ’
2653 4791 2883 4845 Πίδασον
2923 4790 2983 4847 L.

1637 4904 1883 4961 STEPH.
1914 4900 2265 4960 BEBGLERI
2315 4906 2547 4962 NOTzE.

498 5024 612 5099 (68)
646 5021 1037 5099 “ascriptum.
1071 5021 1447 5099 Ponitur_pro
1509 5022 1695 5099 ποθέν,
1734 5020 2001 5077 alicunde.
2039 5022 2082 5078 D
2185 5022 2297 5099 (ζῆ)
2324 5024 2599 5099 Loquitur
2618 5027 2927 5099 profligate.

418 5093 529 5153 Aut
552 5093 1162 5166 Ιοεοηᾱιιω-ἐπίσταται
1182 5108 1287 5166 pro
1316 5093 1668 5166 ἐπίστασθαι.

491 5167 580 5229 (69
610 5162 818 5220 Ὁοηει.
849 5162 1054 5234 Porph.
1078 5181 1134 5235 p.
1173 5162 1297 5231 191,
1334 5163 1499 5220 Cedr.
1540 5181 1595 5235 p.
1630 5163 1756 5221 585.

491 5164 607 5324 ηρ)
635 5235 1103 5324 ΡΥΒτῗέῨῗένζ
1168 5305 1256 5324 .η.
1324 5304 1467 5324 ..-μ
1515 5321 1543 5324 _

491 5235 607 5305 (70)
644 5237 742 5305 Ὃν
768 5250 871 5305 pro
893 5235 1079 5288 αὐτόν.

496 5303 607 5376 (71)
633 5303 821 5362 Const.
845 5304 1054 5374 Porph.
1078 5321 1132 5374 p.
1165 5305 1288 5371 191,
1322 5304 1489 5361 Cedr.
1514 5321 1573 5376 p.
1598 5303 1723 5363 585.

496 5326 577 5372 (ιι
633 5326 821 5362 υυηδι.
848 5326 1054 5374 rorpn.
1078 5326 1132 5374 ιι.
1165 5326 1288 5371 nn,
1322 5326 1489 5361 ucur.
1515 5326 1573 5376 p.
1598 5326 1723 5363 aea.

493 5326 607 5458 (72}
638 5376 909 5458 Ambigue
957 5384 1013 5429 ct
1056 5377 1270 5458 perdite
1314 5376 1585 5458 loquitur.
1630 5408 1702 5419 -—-
1731 5374 2005 5458 Quamvis

421 5445 677 5519 παρεῖναι
700 5461 812 5519 non
841 5446 914 5499 sit
947 5445 1663 5519 praeteritumperfectum,
1726 5455 1911 5500 tamen
1947 5445 2002 5499 in

424 5515 670 5587 perfecto
698 5516 889 5587 verbo,
920 5526 977 5569 et
997 5515 1071 5569 ita
1094 5515 1325 5584 intelligi
1350 5516 1593 5587 voluisse
1637 5526 1773 5587 puto
1803 5525 2003 5570 aucto-

420 5579 561 5653 rem,
613 5587 710 5657 qui
743 5585 857 5657 fere
911 5579 1472 5657 promiscueﬁfutitur
1521 5579 1889 5657 temporibus,
1948 5593 2007 5639 ut

420 5661 588 5716 etiam
619 5655 962 5728 praeteritum
992 5663 1162 5728 ponat
1184 5655 1489 5728 aliquando
1510 5672 1610 5727 pro
1647 5656 1857 5712 futuro.

521 5726 836 5795 73)'Const.
856 5726 1063 5797 Porph.
1095 5742 1147 5797 p.
1178 5726 1299 5780 191.

521 5798 609 5865 74)
633 5797 819 5855 Const.
842 5796 1045 5867 Porph.
1083 5796 1133 5866 p.
1164 5797 1282 5861 191,
1313 5796 1476 5851 Cedr.
1509 5814 1562 5867 p.
1602 5798 1725 5851 568.

2186 5095 2298 5167 (76)
2323 5095 2513 5153 Const.
2539 5095 2741 5166 Porph.
2775 5095 2826 5167 p.
2861 5098 2985 5160 191,
3015 5095 3183 5151 Cedr.
3216 5113 3268 5165 p.
3292 5096 3418 5151 586.

2182 5166 2296 5238 (77)
2324 5167 2514 5238 Const.
2547 5166 2749 5238 Porph.
2775 5166 2828 5237 p.
2862 5169 2980 5234 192,
3014 5168 3135 5221 init.
3162 5167 3321 5238 Cedr.
3349 5184 3400 5236 p.
3430 5167 3553 5238 586.

2181 5236 2295 5305 (78)
2325 5237 2399 5293 Ita
2430 5236 2726 5311 scriptum,
2755 5236 2792 5292 Γ.
2826 5239 3026 5302 πλέων,
3060 5236 3315 5319 quamvis
3353 5237 3486 5291 illud
3524 5239 3704 5306 possit

2110 5323 2364 5363 manere.

2182 5378 2294 5450 (79)
2325 5378 2462 5434 Zon.
2494 5396 2548 5450 ι).
2592 5380 2712 5443 172,
2740 5378 2903 5435 Cedr.
2932 5398 2987 5449 p.
3032 5379 3158 5433 582.

2196 5448 2295 5556 ἔδυ)
2326 5448 2517 5505 Const.
2545 5452 2751 5522 Porph.
2776 5467 2831 5521 p.
2872 5448 2991 5517 l86,
3017 5450 3153 5504 Zon.
3196 5465 3250 5520 p.
3287 5448 3406 5512 I72,
3442 5449 3609 5504 Cedr.
3645 5465 3703 5517 p.

2115 5520 2494 5655 58?61)Cedr.
2527 5591 2729 5661 p.582,
2761 5589 2950 5647 Const.
2980 5592 3182 5661 Porph.
3221 5608 3273 5661 p.
3327 5592 3447 5657 187,
3480 5591 3614 5647 Zon.
3638 5607 3700 5662 ιδ.

2120 5661 2242 5726 {72,
2264 5661 2356 5715 ubi
2391 5663 2637 5731 Νὰρσαν.

2196 5732 2308 5801 (89)
2326 5732 2515 5788 Const.
2541 5733 2742 5802 Porph.
2764 5750 2818 5803 p.
2850 5734 2972 5789 186.
