4136 6450
444 395 584 459 1143

1725 385 2041 450 JOSEPHI
2088 385 2403 447 GENESII

3583 371 3720 439 11M

439 528 458 565 τ
473 510 645 582 liquis
668 508 869 564 missus
887 513 994 573 est,
1012 504 1201 573 jussus
1225 504 1283 560 in
1313 518 1381 560 eo
1403 503 1529 559 loco
1547 501 1733 558 furcas
1756 501 2027 558 collocare

2153 502 2443 565 ,ελοιπότες
2470 499 2633 556 αύτόν
2670 499 2806 572 (8'5).
2838 499 2903 551 ’Ὀ
2931 493 3351 566 διαγινώσκεται
3385 488 3596 562 ταχέως
3641 488 3721 560 τῷ

440 605 654 675 ligneas
706 618 769 657 ac
810 600 1073 672 fugitivos
1125 599 1181 654 in
1231 597 1300 654 iis
1358 595 1695 666 suspendere
1727 612 1742 656 ;
1774 596 1850 650 ita
1913 595 2032 650 fieri

441 705 631 768 aperte
662 694 929 749 mandans
958 711 970 747 :
1006 693 1146 749 clam
1179 690 1329 746 enim
1359 698 1526 743 noctu
1553 703 1621 744 ex
1649 680 1870 742 carcere
1895 686 2035 756 Aga-

442 803 607 844 renos
641 786 865 858 triginta
896 785 1127 841 eductos
1181 783 1481 854 drungario
1516 796 1579 835 ac
1627 778 1884 850 praefecto
1921 793 2033 833 sua:

443 883 709 939 custodia:
752 881 1000 947 tradidit,
1046 895 1237 936 severe
1281 876 1606 950 prmeipiens
1654 889 1723 930 ne
1775 875 2031 944 cuiquam

448 975 607 1046 119
638 975 958 1030 enuntiaret
986 972 1134 1043 quod
1164 977 1494 1034 strueretur,
1522 983 1593 1023 ne
1631 966 1906 1037 supplicio
1951 966 2034 1020 in-

446 1067 722 1123 tolerabili
773 1066 1143 1137 subjiciatur:
1192 1062 1484 1134 imperavit
1520 1060 1687 1116 etiam
1735 1060 1787 1115 ei
1824 1068 1885 1115 ut
1924 1058 2034 1113 illis

446 1162 672 1231 triginta
690 1160 978 1215 lsmaelitis
1006 1158 1116 1230 igni
1138 1172 1202 1211 ac
1218 1155 1339 1227 pice
1356 1153 1560 1209 barbas
1597 1168 1813 1208 necnon
1838 1150 2034 1222 capitis

445 1254 675 1323 capillos
702 1253 1053 1317 ambureret,
1085 1248 1366 1318 faciesque
1413 1262 1607 1302 eorum
1639 1246 1866 1318 fuligine
1894 1244 2035 1300 obli-

446 1350 625 1407 neret,
658 1358 721 1397 ac
751 1340 1113 1411 compedibus
1129 1338 1447 1410 duplicibus
1486 1339 1658 1408 pedes
1691 1338 2035 1408 constringe-

446 1444 550 1502 ret,
584 1444 753 1504 utque
784 1433 886 1505 ipsi
919 1435 1057 1489 hora
1091 1442 1243 1489 certa
1272 1431 1488 1487 definiti
1520 1430 1631 1487 diei
1665 1429 2032 1495 caederentur,

445 1541 704 1601 tanquam
740 1529 952 1602 fugitivi
988 1544 1051 1586 ac
1074 1529 1393 1586 desertores
1412 1520 1656 1587 navium.
1681 1526 1819 1583 diris
1847 1526 2034 1598 ﬂagel-

445 1623 515 1678 lis
544 1624 597 1677 in
623 1623 793 1689 circo,
834 1631 890 1678 et
934 1637 1061 1677 cum
1094 1622 1523 1693 exprobratione
1568 1628 1625 1677 et
1669 1617 2033 1681 incusatione,

447 1713 594 1783 quod
620 1713 833 1785 fugitivi
863 1722 1070 1781 essent,
1096 1714 1546 1777 traducerentur,
1575 1713 1709 1768 nudi
1735 1719 1901 1782 atque
1925 1709 2036 1765 asi-

2137 598 2365 671 βασιλεῖ,
2404 596 2501 651 καὶ
2525 597 2622 650 σὺν
2661 591 2977 657 κατεπείξει
3009 589 3217 660 σφοδρᾷ
3247 586 3378 657 παρ’
3404 584 3570 638 αὐτοῦ
3607 581 3719 653 (84)

2134 710 2217 757 τις
2242 688 2573 752 ἀποσταλεὶς
2605 686 2951 740 διατέτακται
3004 681 3133 753 περὶ
3159 681 3252 734 τὸν
3293 678 3461 731 τόπον
3491 675 3726 729 ἀνασκο-

2135 783 2403 854 λοπισμδν
2431 778 2754 849 ἱδρύσασθαι
2802 774 3252 845 ξυλουργήματος
3302 769 3398 823 καὶ
3431 768 3557 829 τοὺς
3590 764 3725 836 δρα-

2136 876 2307 942 πέτας
2338 877 2395 928 ὲν
2442 874 2627 936 αὐτοῖς
2657 869 3111 931 ἀνασκολοπίσαι,
3149 864 3323 927 οὕτως
3356 862 3457 930 τὴν
3485 858 3729 929 πρόστα-

2136 968 2220 1038 ξιν
2263 969 2405 1033 κατὰ
2452 965 2514 1020 τὸ
2565 964 2808 1036 ἐμφανὲς
2858 958 3254 1033 μηχανώμενος
3307 953 3441 1025 (85)·
3475 950 3727 1024 κρυφίως

2135 1062 2246 1134 γὰρ
2288 1061 2346 1114 ὲν
2385 1059 2542 1115 νυκτὶ⁸
2579 1058 2689 1112 τῶν
2717 1055 2825 1111 ἀπὸ
2863 1054 2963 1125 τῆς
3008 1051 3258 1123 φυλακῆς
3301 1041 3640 1116 Ἀγαρηνοὺς
3681 1041 3725 1134 λς

2139 1132 2584 1228 προσλαϐόμενος
2660 1144 3010 1224 δρουγγαρίῳ
3062 1142 3140 1214 τῷ
3204 1138 3348 1194 κατὰ
3394 1136 3494 1208 τὴν
3556 1132 3726 1190 αὑτοῦ

2139 1247 2387 1320 φρουρὰν
2416 1243 2721 1317 προεστῶτι
2768 1239 3060 1303 ἐκδέδωκε,
3101 1228 3593 1302 διασφαλισάμενος

2138 1318 2250 1394 δενὶ
2288 1318 2540 1409 ἔκφορον
2592 1332 2929 1405 ποιήσασθαι
2976 1329 3038 1383 τὸ
3093 1323 3558 1394 συντεθησόμενον
3590 1318 3727 1389 (86),

2141 1432 2230 1485 ἵνα
2266 1431 2342 1503 μὴ
2377 1432 2536 1500 ποινῇ
2564 1428 2826 1499 ἀφορήτῳ
2873 1416 3313 1477 καθυποϐάλοιτο
3332 1431 3345 1444 ’
3374 1411 3733 1503 ὲκεκέλευστο

2138 1502 2429 1597 γὰραύτῷ
2474 1539 2583 1574 των
2614 1518 2658 1573 λ’
2694 1515 3055 1588 Ἰσμαηλιτῶν
3102 1511 3238 1581 πυρὶ
3270 1508 3367 1562 καὶ
3413 1506 3590 1577 πίσσῃ
3632 1502 3735 1567 τὰς

2139 1617 2444 1689 γενειάδας,
2489 1611 2627 1668 ἀλλὰ
2660 1610 2765 1683 μὴν
2794 1609 2890 1664 καὶ
2931 1606 3027 1670 τὰς
3064 1604 3208 1660 κατὰ
3244 1600 3490 1671 κεφαλὴν
3517 1597 3733 1667 τρίχας,

2141 1706 2510 1778 ὲναποφλέξαι
2544 1704 2680 1776 (87),
2710 1702 2812 1765 τάς
2836 1718 2897 1754 τε
2922 1697 3075 1769 ὄψεις
3107 1693 3287 1752 αὐτῶν
3326 1691 3533 1763 ἀσϐόλῃ
3562 1691 3737 1759 ἐμπε-

450 1806 537 1861 nis
594 1806 795 1861 invecti
850 1821 1029 1877 usque
1077 1805 1147 1862 ad
1188 1806 1400 1863 Aureas
1440 1814 1632 1878 portas
1668 1802 2037 1875 imperatoriae

2153 1804 2388 1877 ριχρῖσαι
2416 1800 2512 1855 καὶ
2538 1799 2728 1861 πέδαις
2762 1795 2982 1858 διπλαῖς
3005 1791 3136 1855 τοὺς
3157 1789 3324 1851 πόδας
3352 1783 3736 1900 ὲμπιέζεσθὲιι,

452 1898 608 1955 urbis
643 1916 657 1967 ;
702 1908 1032 1969 caveretque
1070 1914 1141 1954 ne
1171 1899 1465 1969 quisquam
1489 1896 1846 1969 praesentium
1878 1909 2037 1950 acce-

449 1991 587 2047 dens
620 2006 742 2046 cum
785 1991 853 2046 iis
880 1992 1160 2061 loquatur.
1192 1991 1405 2057 Quibus
1432 1991 1511 2046 ita
1542 1990 1785 2063 peractis
1825 1989 2039 2045 Methoo

447 2100 576 2138 nam
605 2099 801 2138 versus
830 2098 926 2138 eos
955 2083 1125 2138 mittit
1154 2081 1572 2153 suspendendos
1604 2091 1863 2153 tanquam
1901 2081 2043 2153 fugi-

449 2177 594 2231 tivos
626 2191 690 2231 ac
721 2175 1036 2231 desertores
1069 2174 1199 2231 belli
1223 2174 1469 2246 ignavos,
1496 2175 1747 2246 praecipit
1769 2174 1933 2230 etiam
1973 2189 2042 2228 ne

366 2280 369 2283 '
448 2271 744 2341 quisquam
773 2269 1098 2325 exdueibus
1128 2268 1277 2323 illius
1307 2267 1436 2333 loci,
1468 2278 1564 2323 aut
1593 2269 1761 2343 etiam
1792 2283 1859 2323 ex
1879 2267 2044 2338 vulgo

449 2364 762 2428 hominum,
801 2379 871 2418 ne
906 2362 1022 2434 ipse
1054 2362 1276 2432 quidem
1308 2376 1562 2417 summus
1598 2362 1713 2416 dux
1743 2360 2043 2425 exercitus,

449 2456 545 2511 tali
589 2455 809 2511 silentio
839 2462 1132 2523 exemptus
1180 2455 1293 2509 sit:
1340 2464 1505 2523 atque
1537 2452 1709 2508 vincti
1734 2466 1928 2507 omnes
1957 2466 2049 2507 su-

450 2547 639 2618 spensi
666 2553 820 2601 sunt.
868 2545 1009 2601 Hinc
1042 2545 1367 2600 lamentatio
1404 2560 1514 2599 non
1542 2544 1784 2616 vulgaris
1811 2543 2048 2615 patricio

452 2638 644 2695 Nasari
669 2654 730 2693 ac
754 2636 991 2693 ducibus
1016 2637 1111 2708 qui
1151 2637 1201 2693 ei
1230 2638 1497 2693 suberant
1524 2637 1768 2703 suborta,
1798 2652 1859 2693 se
1897 2636 2049 2708 ipsos

453 2732 904 2789 insimulantibus
952 2731 1173 2786 illorum
1216 2730 1577 2796 desertionis,
1611 2746 1679 2785 eo
1712 2731 1806 2801 qui
1837 2730 1905 2785 ab
1948 2730 2052 2785 im-

452 2834 711 2897 peratore
751 2835 981 2881 venerat
1016 2824 1324 2880 aﬂirmante
1357 2824 1525 2880 etiam
1558 2826 1818 2898 conjuges
1859 2824 2049 2897 fugiti-

451 2932 649 2971 vorum
685 2956 701 2981 ,
756 2931 975 2971 necnon
1051 2925 1352 2985 parentes,
1404 2913 1794 2985 imperatorem
1857 2929 2053 2971 omnes

454 3008 682 3064 omnino
706 3008 887 3081 gladio
916 3008 1283 3079 perditurum.
1309 3006 1388 3062 Ita
1415 3006 1619 3063 factum
1654 3007 1759 3063 hoc
1794 3008 2052 3079 pulcher-

455 3101 599 3156 rimo
628 3110 943 3155 commento
970 3110 1032 3154 ut
1065 3116 1165 3171 per
1189 3115 1395 3171 paucos
1420 3100 1816 3155 condemnatos
1842 3099 2053 3171 Agare-

2147 1874 2379 1952 καίτινι
2425 1893 2547 1965 ὥρᾳ
2597 1888 2965 1962 διωρισμένης
3009 1884 3225 1956 ἡμέρας
3280 1874 3737 1952 μεμαπιγῶσθαι

2147 1988 2348 2051 αὐτοὺς
2393 1986 2469 2051 ὡς
2501 1983 2867 2044 λειποτάκτας
2901 1977 3241 2047 πλευσίμους
3279 1977 3338 2028 ὲν
3387 1969 3741 2042 φραγελλίοις

2148 2079 2342 2141 δεινοῖς
2394 2074 2541 2130 κατὰ
2590 2072 2682 2127 τὸν
2718 2070 3054 2158 ἱππόδρομον
3091 2066 3228 2141 (88),
3284 2063 3379 2119 καὶ
3404 2060 3749 2158 διασυρμοὺῖ

2149 2172 2455 2246 δραπετῶνξ
2492 2168 2827 2241 κατηγόροις
2880 2166 2940 2218 ἐν
2979 2148 3182 2232 ’λόγοις
3216 2156 3622 2230 ὑφισταμένους
3659 2148 3741 2209 διέ

2151 2264 2473 2321 ελεύσεσθαι
2496 2258 2947 2334 γυμνητεύοντας
2974 2256 3069 2311 καὶ
3098 2252 3425 2326 ὀχουμένους
3474 2247 3562 2302 ἐπ’
3604 2246 3745 2301 δνων

2150 2360 2258 2422 ἕως
2286 2355 2473 2411 πυλῶν
2502 2352 2881 2425 χρυσωνύμων
2918 2348 3190 2415 βασιλίδος
3237 2344 3337 2414 τῆς
3368 2341 3599 2405 πόλεως,
3633 2356 3743 2393 πα-

2155 2444 2572 2522 ραφυλάξασθαι
2601 2441 2657 2494 δὲ
2687 2438 2893 2511 μηδένα
2920 2436 3030 2489 τῶν
3060 2435 3327 2488 συνόντων
3353 2431 3539 2493 αὐτοῖς
3569 2431 3744 2499 ἐμπε-

2153 2540 2398 2596 λάσαντα
2436 2534 2700 2609 ὁμιλῆσαι
2756 2529 2891 2601 (89).
2950 2528 3172 2582 Τούτων
3223 2523 3401 2597 ταύτῃ
3445 2537 3745 2594 προχωρη-

2156 2634 2369 2689 σάντων
2393 2629 2536 2685 κατὰ
2560 2624 2830 2695 Μεθώνην
2854 2621 3109 2693 προΐησιν
3140 2614 3598 2673 ἀνεσκολοπίσθαι
3631 2612 3745 2684 (9ο)

2155 2725 2379 2788 τούτους
2412 2721 2488 2786 ὡς
2525 2719 2802 2790 δραπέτας
2854 2714 3109 2783 πολέμων
3153 2710 3473 2773 ἀνάλκιδας,
3524 2707 3620 2761 καὶ
3670 2705 3745 2777 μή

2154 2834 2279 2873 τινα
2317 2814 2425 2869 τῶν
2456 2809 2737 2882 ἐγχωρίων
2768 2804 3092 2879 ἀρχηγετῶν
3125 2805 3235 2857 εἴτε
3266 2800 3398 2856 λαοῦ
3436 2801 3538 2871 τῆς
3571 2796 3749 2853 κοινό-

2155 2924 2340 2981 τητος,
2375 2902 2512 2959 ἀλλὰ
2567 2902 2703 2971 μήτε
2752 2897 2917 2950 αὐτὸν
2968 2892 3281 2965 προηγέτην
3333 2885 3593 2981 στρατοῦ,
3637 2883 3749 2981 των

2158 2976 2363 3072 ὁμοίων
2395 2999 2493 3067 τῆς
2516 2991 2815 3067 ἐχεμυθίας
2855 2984 3333 3056 ἀπολιμπάνεσθαι
3360 3000 3372 3012 ο
3410 2979 3508 3036 καὶ
3536 2976 3751 3049 δεσμῶ-

2158 3070 2249 3150 ται
2278 3070 2479 3155 πάντες
2512 3089 2819 3158 ἁνήρτηντο
2845 3080 3120 3151 σκόλοψιν.
3156 3077 3399 3131 Ἐνθένδε
3431 3074 3629 3145 θρῆνος
3652 3071 3753 3143 οὐχ

456 3210 561 3249 nos
582 3210 744 3250 suum
762 3193 1030 3264 populum
1048 3201 1424 3249 conservaret.
1454 3191 1598 3248 Metu
1616 3193 1765 3249 enim
1788 3193 2047 3264 perculsi,

2160 3191 2188 3243 ὁ
2218 3185 2398 3256 τυχὼν
2437 3181 2516 3251 τῷ
2547 3175 2823 3249 πατρικίῳ
2856 3174 3052 3244 Νάσαρ
3095 3173 3191 3224 κούν
3226 3168 3319 3223 ὑπ’
3371 3165 3534 3221 αὑτὸν
3558 3164 3601 3194 ⁵³
3652 3162 3755 3234 ἄρ-

456 3301 583 3341 rum
618 3284 930 3339 navarchus
957 3285 1201 3354 ipsorum
1233 3284 1408 3339 Nasar
1437 3327 1451 3351 ,
1514 3284 1675 3355 120
1726 3294 1841 3339 tum
1888 3285 2059 3340 duces

458 3377 555 3447 qui
609 3376 661 3432 ei
719 3377 1006 3442 suberant,
1062 3392 1134 3432 ne
1195 3376 1303 3431 tale
1352 3375 1484 3446 quid
1526 3376 1824 3446 aliquando
1862 3386 1918 3431 et
1955 3374 2061 3446 ipsi

454 3468 864 3540 perpetiantur,
890 3466 1208 3522 necessario
1240 3465 1496 3522 hostibus
1526 3468 1795 3523 resistunt
1833 3477 2061 3539 propter

455 3559 806 3631 superiorem
852 3559 1141 3614 victoriam
1178 3559 1633 3629 superbientibus
1676 3576 1891 3615 summa
1934 3562 2061 3616 bar-

454 3649 610 3704 barie
633 3659 796 3719 atque
816 3649 1156 3721 Zacynthum
1176 3650 1586 3707 obsidentibus.
1612 3652 1755 3725 Ergo
1787 3654 2059 3726 impetum

457 3743 516 3796 in
544 3757 640 3797 eos
662 3741 794 3797 facit
823 3742 1019 3804 Nasar,
1053 3750 1217 3813 atque
1247 3743 1630 3801 internecione
1658 3747 1840 3814 caedit,
1871 3748 2061 3805 divino

458 3834 667 3889 auxilio
704 3834 1171 3907 imperatorisque
1222 3836 1389 3907 apud
1424 3838 1599 3893 Deum
1660 3838 2060 3898 intercessione

461 3933 654 3982 contra
704 3925 847 3981 illos.
898 3925 1035 3981 Cum
1072 3936 1257 3982 autem
1301 3936 1491 3984 nostra
1540 3929 1733 3986 classis
1778 3932 2061 4003 Agarenos

462 4029 801 4090 superasset,
835 4019 1126 4075 articulata
1160 4020 1409 4091 quaedam
1433 4038 1539 4077 vox
1561 4039 1628 4078 ex
1654 4026 1904 4081 convalle
1928 4028 2061 4084 mit-

459 4111 703 4175 tebatur,
753 4110 989 4165 ulterius
1040 4127 1272 4182 pergere
1321 4113 1540 4185 jubens.
1603 4114 1760 4171 Unde
1816 4116 1908 4172 isti
1959 4134 2061 4188 per

459 4200 705 4255 Siciliam
740 4215 959 4255 omnem
993 4212 1050 4256 et
1071 4201 1315 4257 Africam
1343 4220 1445 4259 nec
1476 4221 1585 4259 non
1615 4204 2057 4278 Longobardiam

459 4291 716 4361 profecti,
746 4292 948 4351 bellico
972 4291 1082 4364 igni
1108 4301 1164 4347 et
1196 4295 1345 4349 omni
1369 4311 1570 4367 genere
1590 4299 1756 4354 caedis
1778 4301 2062 4372 Agarenos

457 4385 516 4439 in
541 4385 773 4439 navibus
800 4384 1192 4439 comburentes
1212 4395 1268 4441 et
1290 4386 1709 4455 interficientes,
1729 4391 1895 4446 etiam
1924 4394 2061 4450 alias

459 4492 631 4532 naves
688 4477 1049 4531 mercatorias
1107 4485 1400 4548 ceperunt,
1463 4495 1699 4549 quarum
1761 4497 2055 4540 numerum

2164 3295 2354 3351 χουσιν
2396 3273 2704 3343 ἐπεγίνετο,
2752 3266 2958 3341 μέμψιν
3010 3264 3226 3324 ἑαυτοῖς
3265 3257 3608 3351 ὲπιτρίὸουσι
3652 3255 3755 3351 τῆς

2164 3347 2296 3445 περὶ
2321 3369 2547 3429 τούτους
2573 3364 2617 3397 ⁸⁸
2645 3358 3022 3427 λειποταξίας,
3051 3354 3146 3410 τοῦ
3176 3355 3240 3445 ὲκ
3276 3351 3541 3423 βασιλέως
3573 3347 3756 3445 διαδε-

2163 3439 2494 3533 6αιουμένου
2542 3456 2725 3517 αὐτοῖς
2774 3451 2872 3513 τὰς
2929 3466 2991 3503 τε
3054 3444 3344 3507 συνεύνους
3401 3442 3497 3497 καὶ
3555 3439 3760 3502 παῖδας

2162 3550 2647 3629 δραπετευσάντων
2672 3544 2812 3616 (91),
2857 3543 2939 3596 ἔτι
2985 3540 3094 3611 μὴν
3138 3540 3233 3592 καὶ
3270 3537 3624 3629 γεννήτορας,
3661 3532 3757 3587 τὸν

2164 3627 2578 3717 αύτοκράτοροα
2638 3641 2851 3702 πάντας
2917 3636 3089 3707 ἄρδην
3147 3631 3291 3701 ξίφει
3351 3627 3754 3704 διολοθρεῦσαι.

2175 3744 2262 3806 Ὠς
2291 3745 2356 3794 ὲκ
2404 3738 2558 3794 τοῦδε
2591 3735 2685 3789 τοῦ
2719 3732 3010 3787 καλλίστου
3043 3728 3427 3798 σκευάσματος
3464 3725 3530 3779 δι’
3565 3723 3758 3792 εὐαρι-

2165 3836 2391 3909 θμήτων
2451 3829 2804 3899 κατακρίτων
2845 3822 3188 3909 Ἀγαρηνῶνυ
3224 3820 3319 3876 τὸν
3367 3819 3568 3873 οἰκεῖον
3626 3815 3759 3909 λαὸν

2162 3905 2552 3984 ἀνασώσασθαι
2602 3920 2736 3990 (92).
2798 3916 3079 3989 Περιδεεῖς
3131 3906 3223 3966 οὖν
3276 3909 3566 3980 γεγονότες
3622 3905 3651 3960 δ
3696 3922 3759 3958 τε

2162 4020 2434 4090 ναύαρχος
2461 4014 2644 4070 αὐτῶν
2669 4013 2866 4083 Νάσαρ
2906 4009 3002 4064 καὶ
3029 4010 3079 4062 οἱ
3127 4006 3221 4061 ὑπ’
3250 4003 3415 4058 αὐτὸν
3464 4001 3701 4073 ἀρχηγοὶ
3728 3999 3759 4051 ὃ

2160 4131 2224 4168 τε
2257 4112 2479 4182 σύμπας
2507 4106 2659 4173 λαδς,
2688 4105 2749 4158 τὸ
2780 4102 3025 4157 τοιοῦτον
3057 4101 3270 4171 μήποτε
3306 4098 3400 4151 καὶ
3430 4095 3586 4151 αὐτοὶ
3619 4094 3758 4146 ὑπο-

2164 4207 2473 4277 στήσωνται
2502 4203 2571 4265 ⁸⁵,
2622 4197 2940 4267 ἀναγκαίως
2984 4197 3098 4258 τοῖς
3152 4191 3440 4263 πολεμίοις
3490 4184 3761 4244 ἀντικαθ-

2166 4300 2414 4353 ίστανται
2444 4292 2580 4365 (95),
2606 4291 2735 4362 νίκῃ
2762 4293 2829 4360 τῇ
2862 4288 2993 4359 πρὶν
3022 4282 3589 4357 μεγαλειουμένοιςΜ
3627 4278 3761 4349 βαρ-

2164 4388 2519 4463 ϐαρικώτατα
2548 4384 2646 4438 καὶ
2695 4378 2971 4434 Ζάκυνθον
3012 4374 3495 4448 προσεδρεύουσιν.
3546 4368 3760 4428 Οὐκοῦν

2162 4482 2471 4539 ἐπιτίθεται
2532 4477 2745 4540 τούτοις
2783 4472 2979 4541 Νάσαρ
3027 4467 3424 4543 παρεμϐαλὼν,
3476 4467 3573 4521 καὶ
3619 4482 3763 4521 παν-

460 4569 604 4623 inire
644 4568 790 4623 haud
826 4569 986 4624 facile
1018 4577 1123 4633 est,
1155 4579 1417 4626 oneratas
1451 4573 1623 4628 variis
1652 4576 1955 4643 mercibus,
1998 4578 2047 4633 in

2168 4572 2493 4647 ωλεθρίανδτ
2523 4572 2645 4642 θείᾳ
2671 4568 2818 4639 ίσχύῐ
2839 4566 2937 4620 καὶ
2967 4562 3234 4635 βασιλέως
3251 4561 3492 4627 ἐντεύξει
3524 4559 3764 4614 κατάύ-

461 4661 667 4731 quibus
689 4671 744 4715 et
773 4662 954 4715 oleum
985 4663 1219 4717 maxima
1247 4664 1426 4734 copia,
1459 4665 1533 4719 ita
1556 4674 1614 4719 ut
1644 4664 1698 4719 in
1736 4666 1846 4722 illis
1862 4668 2058 4727 diebus

463 4754 621 4808 librae
657 4754 876 4824 pondus
913 4754 1078 4810 obolo
1111 4756 1347 4821 veniret,
1388 4772 1452 4812 ac
1492 4765 1751 4827 tanquam
1793 4760 2059 4820 miracula

462 4847 609 4918 apud
635 4863 829 4904 omnes
849 4863 913 4903 ea
936 4864 1058 4918 qure
1086 4859 1217 4905 tunc
1242 4849 1382 4905 facta
1406 4861 1592 4907 essent
1618 4851 2054 4913 celebrarentur.

2167 4669 2279 4724 τῶν
2305 4667 2534 4721 τίθεται.
2568 4662 2677 4716 Τοῦ
2700 4661 2757 4715 δὲ
2788 4658 2914 4714 καθ’
2945 4658 3095 4729 ἡμᾶς
3121 4654 3354 4725 πλοῖμου
3389 4652 3623 4724 στρατοῦ
3654 4652 3765 4704 τῶν

2180 4762 2503 4836 Ἀγαρηνῶν
2552 4754 2963 4827 κατισχύοντος,
3007 4749 3271 4823 ἔναρθρός
3320 4766 3405 4813 τις
3437 4748 3535 4820 βοὴ
3571 4746 3762 4802 κοιλά-

2172 4859 2263 4921 δος
2284 4858 2329 4888 ⁸⁸
2362 4853 2557 4924 ἠφίετο
2584 4853 2699 4915 τοῖς
2737 4847 2928 4922 πρόσω
2961 4844 3155 4917 φοιτᾷν
3192 4840 3598 4913 ἐγκελευομένη
3627 4839 3763 4911 (94).

1788 4944 2019 5004 νΑΒΙέΕ
2055 4946 2465 5007 LECTIONES.

538 5035 585 5067 ⁸³
608 5035 701 5088 καὶ
731 5038 843 5097 τοῖς
884 5034 976 5088 ὑπ’
1000 5032 1164 5088 αὑτὸν
1191 5032 1256 5087 ν.

472 5105 632 5175 θρίαν
666 5106 727 5160 L.
807 5107 853 5136 “
884 5106 1112 5169 κυλάδος
1147 5104 1189 5159 [ι

1369 5034 1414 5098 F‘
1445 5034 1576 5105 περὶ
1609 5034 1801 5089 τούτου
1836 5036 1898 5092 L.
1990 5042 2037 5074 ⁸⁵
2064 5041 2465 5112 ὐποστήσονται
2496 5034 2560 5090 L.

2668 5033 2714 5066 “
2745 5029 3243 5104 μεγαλειουμὲνους
3277 5023 3343 5081 L.
3448 5022 3497 5058 δ”
3528 5020 3760 5078 πανολε-

1649 5200 1896 5257 8ΤΕΡ11.
1930 5204 2281 5265 BERGLElil
2327 5200 2559 5260 NOTAE.

476 5294 657 5417 “(’83)
686 5292 875 5348 Const.
908 5293 1114 5364 Porph.
1142 5310 1201 5363 p.
1238 5293 1361 5359 186,
1398 5294 1606 5365 Zon.p.
1636 5296 1762 5363 ne,
1802 5298 1969 5355 Cedr.
2008 5318 2064 5372 p.

473 5388 658 5506 do(8.“
691 5434 883 5491 Const.
922 5434 1125 5504 Porph.
1156 5451 1212 5504 p.
1246 5435 1369 5488 186.

494 5578 524 5613 ἥς
547 5506 656 5613 (ῗὸ)
682 5506 870 5562 Const.
901 5507 1105 5576 Porph.
1138 5522 1191 5576 p.
1222 5507 1341 5569 l37,
1388 5508 1521 5560 Zon.
1573 5523 1628 5575 p.
1658 5507 1777 5571 Πξέ,
1803 5509 1968 5565 Cedr.
2003 5528 2059 5582 p.

494 5580 500 5585 ”
545 5582 575 5613 ν)

473 5578 659 5717 5³εἷ’)ξϐ)
689 5648 881 5703 Const.
906 5647 1115 5717 Porph.
1155 5666 1208 5719 p.
1246 5649 1364 5703 l8‘7.

477 5720 662 5818 ,ρει-Ι)
697 5721 888 5774 Const.
916 5719 1118 5789 Porph.
1148 5737 1200 5790 p.
1241 5721 1359 5785 187,
1392 5720 1522 5773 Zon.
1556 5737 1607 5789 p.
1649 5720 1765 5784 ll:.’.,
1801 5720 1965 5778 Cedr.
2005 5742 2059 5794 ι).

457 5804 526 5840 ’ὓι
550 5806 597 5841 ε.

550 5859 660 5928 ςδὸ)
688 5858 878 5916 Const.
918 5860 1119 5929 Porph.
1146 5877 1197 5931 ιι.
1241 5862 1363 5927 1‘37,
1388 5860 1550 5916 Cedr.
1587 5877 1640 5931 ιι.
1670 5862 1795 5917 i582.

2245 5300 2358 5371 (R9)
2394 5299 2584 5354 Const.
2614 5295 2823 5371 13mph.
2854 5312 2910 5365 p.

2252 5368 2366 5442 (90)
2394 5371 2589 5442 Const.
2617 5366 2821 5442 Porph.
2843 5382 2902 5442 p.
2927 5366 3050 5442 18?.

2244 5435 2358 5508 (illi
2382 5442 2501 5495 Non
2524 5438 2684 5493 adest
2704 5435 2978 5508 articulus
3011 5435 3083 5508 in"
3101 5449 3202 5508 ius.

2242 5502 2354 5579 (ΣΗ)
2376 5512 2510 5565 ιοιι.
2544 5507 2743 5579 p.172,
2782 5507 2948 5563 Cedr.
2972 5523 3028 5577 p.
3055 5502 3382 5560 582infine.

2242 5586 2357 5650 (9.3)
2387 5580 2552 5636 Cedr.
2585 5581 2780 5649 p.585.

2239 5641 2353 5721 (ιη)
2378 5641 2773 5721 Impera-torem
2806 5648 3104 5721 itljussisse
3143 5647 3280 5721 dicit
3307 5646 3500 5700 Const.
3533 5641 3759 5721 “Porph.

2168 5744 2220 5796 p.
2247 5718 2361 5778 ’187
2391 5718 2607 5796 in:line.
2733 5718 3354 5796 ﬁasrlabgltpocwtépto
3384 5719 3583 5787 χωρεῖν
3610 5719 3764 5783 ἐγκε-

2168 5789 2407 5850 ῗιιεύετκι.
2458 5793 2534 5849 ιιιι
2574 5800 2629 5847 cl
2661 5791 2822 5850 Cedr.
2862 5807 2915 5861 p.
2954 5789 3078 5844 585.
