  <div class='ocr_page' id='page_1' title='image "/cluster/home/n/w/nwhite01/storage/ocr_20150623/109/coo.31924054870138/580.png"; bbox 0 0 4136 6418; ppageno 0'>
   <div class='ocr_carea' id='block_1_1' title="bbox 391 319 529 387">
    <p class='ocr_par' dir='ltr' id='par_1_1' title="bbox 391 319 529 387">
     <span class='ocr_line' id='line_1_1' title="bbox 391 319 529 387; baseline 0.029 -4"><span class='ocrx_word' id='word_1_1' title='bbox 391 319 529 387; x_wconf 77' lang='grc'><strong>1145</strong></span> 
     </span>
    </p>
   </div>
   <div class='ocr_carea' id='block_1_2' title="bbox 1674 346 2343 418">
    <p class='ocr_par' dir='ltr' id='par_1_2' title="bbox 1674 346 2343 418">
     <span class='ocr_line' id='line_1_2' title="bbox 1674 346 2343 418; baseline 0.01 -11"><span class='ocrx_word' id='word_1_2' title='bbox 1674 346 1681 347; x_wconf 28' lang='grc' dir='ltr'><strong>ί</strong></span> <span class='ocrx_word' id='word_1_3' title='bbox 1734 348 2009 412; x_wconf 79' lang='lat' dir='ltr'><strong>REGUM</strong></span> <span class='ocrx_word' id='word_1_4' title='bbox 2049 352 2198 415; x_wconf 90' lang='lat' dir='ltr'><strong>LIB.</strong></span> <span class='ocrx_word' id='word_1_5' title='bbox 2242 354 2343 418; x_wconf 85' lang='lat' dir='ltr'><strong>IV.</strong></span> 
     </span>
    </p>
   </div>
   <div class='ocr_carea' id='block_1_3' title="bbox 3507 360 3655 433">
    <p class='ocr_par' dir='ltr' id='par_1_3' title="bbox 3507 360 3655 433">
     <span class='ocr_line' id='line_1_3' title="bbox 3507 360 3655 433; baseline 0.047 -7"><span class='ocrx_word' id='word_1_6' title='bbox 3507 360 3655 433; x_wconf 71' lang='grc'><strong>1146</strong></span> 
     </span>
    </p>
   </div>
   <div class='ocr_carea' id='block_1_4' title="bbox 386 426 1982 536">
    <p class='ocr_par' dir='ltr' id='par_1_4' title="bbox 386 426 1962 536">
     <span class='ocr_line' id='line_1_4' title="bbox 386 426 1962 536; baseline 0.016 -52"><span class='ocrx_word' id='word_1_7' title='bbox 386 433 553 536; x_wconf 51' lang='grc' dir='ltr'>Συθεν</span> <span class='ocrx_word' id='word_1_8' title='bbox 571 426 716 490; x_wconf 74' lang='grc' dir='ltr'>οὗτοι</span> <span class='ocrx_word' id='word_1_9' title='bbox 743 435 856 511; x_wconf 81' lang='lat'><strong>(95)</strong></span> <span class='ocrx_word' id='word_1_10' title='bbox 884 441 1137 498; x_wconf 81' lang='grc' dir='ltr'><strong>Σικελίαν</strong></span> <span class='ocrx_word' id='word_1_11' title='bbox 1164 446 1348 501; x_wconf 72' lang='grc' dir='ltr'>πᾶσαν</span> <span class='ocrx_word' id='word_1_12' title='bbox 1368 448 1467 502; x_wconf 76' lang='grc' dir='ltr'><strong>κα)⁵</strong></span> <span class='ocrx_word' id='word_1_13' title='bbox 1504 450 1791 526; x_wconf 69' lang='grc' dir='ltr'>Ἀφρικὴν,</span> <span class='ocrx_word' id='word_1_14' title='bbox 1824 458 1962 527; x_wconf 71' lang='grc' dir='ltr'>πρὸς</span> 
     </span>
    </p>
   </div>
   <div class='ocr_carea' id='block_1_5' title="bbox 2083 426 3653 536">
    <p class='ocr_par' dir='ltr' id='par_1_5' title="bbox 2083 426 3653 536">
     <span class='ocr_line' id='line_1_5' title="bbox 2083 426 3653 536; baseline 0.009 -22"><span class='ocrx_word' id='word_1_15' title='bbox 2083 460 2345 531; x_wconf 63' lang='lat' dir='ltr'><strong>Praecipue</strong></span> <span class='ocrx_word' id='word_1_16' title='bbox 2368 460 2440 517; x_wconf 91' lang='lat' dir='ltr'><strong>ob</strong></span> <span class='ocrx_word' id='word_1_17' title='bbox 2468 461 2760 518; x_wconf 84' lang='lat' dir='ltr'><strong>colluviem</strong></span> <span class='ocrx_word' id='word_1_18' title='bbox 2790 464 3267 536; x_wconf 88' lang='lat' dir='ltr'><strong>Tephricensium,</strong></span> <span class='ocrx_word' id='word_1_19' title='bbox 3295 468 3527 527; x_wconf 86' lang='lat' dir='ltr'><strong>Paulum</strong></span> 
     </span>
    </p>
   </div>
   <div class='ocr_carea' id='block_1_6' title="bbox 383 524 1967 619">
    <p class='ocr_par' dir='ltr' id='par_1_6' title="bbox 383 524 1967 619">
     <span class='ocr_line' id='line_1_6' title="bbox 383 524 1967 619; baseline 0.016 -42"><span class='ocrx_word' id='word_1_20' title='bbox 383 524 575 619; x_wconf 66' lang='grc' dir='ltr'><strong>δὲκαὶ⁴</strong></span> <span class='ocrx_word' id='word_1_21' title='bbox 610 531 1042 601; x_wconf 78' lang='grc' dir='ltr'>Δογγιόαρὸίαν,</span> <span class='ocrx_word' id='word_1_22' title='bbox 1090 537 1481 610; x_wconf 77' lang='grc' dir='ltr'><strong>διαδραμόντες</strong></span> <span class='ocrx_word' id='word_1_23' title='bbox 1510 524 1794 617; x_wconf 82' lang='grc' dir='ltr'>πολεμικῷ</span> <span class='ocrx_word' id='word_1_24' title='bbox 1830 524 1967 619; x_wconf 75' lang='grc' dir='ltr'>πυρὶ</span> 
     </span>
    </p>
   </div>
   <div class='ocr_carea' id='block_1_7' title="bbox 385 617 1971 710">
    <p class='ocr_par' dir='ltr' id='par_1_7' title="bbox 385 617 1971 710">
     <span class='ocr_line' id='line_1_7' title="bbox 385 617 1971 710; baseline 0.016 -42"><span class='ocrx_word' id='word_1_25' title='bbox 385 617 482 670; x_wconf 75' lang='grc' dir='ltr'>καὶ</span> <span class='ocrx_word' id='word_1_26' title='bbox 510 622 846 677; x_wconf 86' lang='grc' dir='ltr'>παντοδαπεί</span> <span class='ocrx_word' id='word_1_27' title='bbox 869 624 1013 695; x_wconf 81' lang='grc' dir='ltr'>ξίφει</span> <span class='ocrx_word' id='word_1_28' title='bbox 1038 630 1166 693; x_wconf 84' lang='grc' dir='ltr'>τοὺς</span> <span class='ocrx_word' id='word_1_29' title='bbox 1188 631 1247 684; x_wconf 89' lang='grc' dir='ltr'><strong>ἐν</strong></span> <span class='ocrx_word' id='word_1_30' title='bbox 1264 633 1378 695; x_wconf 71' lang='grc' dir='ltr'>τοῖς</span> <span class='ocrx_word' id='word_1_31' title='bbox 1400 633 1608 699; x_wconf 79' lang='grc' dir='ltr'><strong>πλοίοις</strong></span> <span class='ocrx_word' id='word_1_32' title='bbox 1628 617 1971 710; x_wconf 65' lang='grc' dir='ltr'>’Δγαρηνοθς</span> 
     </span>
    </p>
   </div>
   <div class='ocr_carea' id='block_1_8' title="bbox 385 711 1969 800">
    <p class='ocr_par' dir='ltr' id='par_1_8' title="bbox 385 711 1969 800">
     <span class='ocr_line' id='line_1_8' title="bbox 385 711 1969 800; baseline 0.015 -39"><span class='ocrx_word' id='word_1_33' title='bbox 385 711 820 780; x_wconf 68' lang='grc' dir='ltr'>καταφλέξαντες</span> <span class='ocrx_word' id='word_1_34' title='bbox 849 733 910 770; x_wconf 86' lang='grc' dir='ltr'><strong>τε</strong></span> <span class='ocrx_word' id='word_1_35' title='bbox 937 719 1033 773; x_wconf 73' lang='grc' dir='ltr'><strong>καὶ</strong></span> <span class='ocrx_word' id='word_1_36' title='bbox 1064 720 1427 793; x_wconf 85' lang='grc' dir='ltr'>δηῖωσάμενοι</span> <span class='ocrx_word' id='word_1_37' title='bbox 1470 724 1605 795; x_wconf 87' lang='lat'><strong>(96),</strong></span> <span class='ocrx_word' id='word_1_38' title='bbox 1641 728 1737 781; x_wconf 79' lang='grc' dir='ltr'><strong>καὶ</strong></span> <span class='ocrx_word' id='word_1_39' title='bbox 1775 729 1969 800; x_wconf 82' lang='grc' dir='ltr'>ἐτέρας</span> 
     </span>
    </p>
   </div>
   <div class='ocr_carea' id='block_1_9' title="bbox 385 802 1970 889">
    <p class='ocr_par' dir='ltr' id='par_1_9' title="bbox 385 802 1970 889">
     <span class='ocr_line' id='line_1_9' title="bbox 385 802 1970 889; baseline 0.014 -35"><span class='ocrx_word' id='word_1_40' title='bbox 385 802 484 866; x_wconf 80' lang='grc' dir='ltr'>τὰς</span> <span class='ocrx_word' id='word_1_41' title='bbox 508 805 644 876; x_wconf 76' lang='grc' dir='ltr'>πρὸς</span> <span class='ocrx_word' id='word_1_42' title='bbox 682 806 955 879; x_wconf 70' lang='grc' dir='ltr'>ἐμπορίαν</span> <span class='ocrx_word' id='word_1_43' title='bbox 976 815 1263 884; x_wconf 79' lang='grc' dir='ltr'><strong>κατέσχον,</strong></span> <span class='ocrx_word' id='word_1_44' title='bbox 1299 809 1377 870; x_wconf 81' lang='grc' dir='ltr'>ὧν</span> <span class='ocrx_word' id='word_1_45' title='bbox 1414 816 1654 889; x_wconf 79' lang='grc' dir='ltr'>ἀριθμὸν</span> <span class='ocrx_word' id='word_1_46' title='bbox 1679 821 1970 876; x_wconf 79' lang='grc' dir='ltr'><strong>συνθέσθαι</strong></span> 
     </span>
    </p>
   </div>
   <div class='ocr_carea' id='block_1_10' title="bbox 388 895 1970 985">
    <p class='ocr_par' dir='ltr' id='par_1_10' title="bbox 388 895 1970 985">
     <span class='ocr_line' id='line_1_10' title="bbox 388 895 1970 985; baseline 0.014 -38"><span class='ocrx_word' id='word_1_47' title='bbox 388 895 606 961; x_wconf 84' lang='grc' dir='ltr'>πάντως</span> <span class='ocrx_word' id='word_1_48' title='bbox 631 900 693 952; x_wconf 83' lang='grc' dir='ltr'><strong>ού</strong></span> <span class='ocrx_word' id='word_1_49' title='bbox 753 902 958 972; x_wconf 73' lang='grc' dir='ltr'>ῥᾴδιον,</span> <span class='ocrx_word' id='word_1_50' title='bbox 1011 906 1519 980; x_wconf 70' lang='grc' dir='ltr'>ἐπιφορτιξομένων</span> <span class='ocrx_word' id='word_1_51' title='bbox 1568 912 1684 985; x_wconf 78' lang='grc' dir='ltr'>είδη</span> <span class='ocrx_word' id='word_1_52' title='bbox 1715 916 1970 977; x_wconf 88' lang='grc' dir='ltr'>παντοῖα,</span> 
     </span>
    </p>
   </div>
   <div class='ocr_carea' id='block_1_11' title="bbox 396 988 1975 1067">
    <p class='ocr_par' dir='ltr' id='par_1_11' title="bbox 396 988 1975 1067">
     <span class='ocr_line' id='line_1_11' title="bbox 396 988 1975 1067; baseline 0.013 -29"><span class='ocrx_word' id='word_1_53' title='bbox 396 988 537 1057; x_wconf 81' lang='grc' dir='ltr'>πρὸς</span> <span class='ocrx_word' id='word_1_54' title='bbox 585 989 680 1043; x_wconf 81' lang='grc' dir='ltr'>ἐπὶ</span> <span class='ocrx_word' id='word_1_55' title='bbox 707 991 922 1056; x_wconf 75' lang='grc' dir='ltr'>τούτοις</span> <span class='ocrx_word' id='word_1_56' title='bbox 948 994 1042 1047; x_wconf 79' lang='grc' dir='ltr'>καὶ</span> <span class='ocrx_word' id='word_1_57' title='bbox 1065 995 1454 1066; x_wconf 72' lang='grc' dir='ltr'>δαψιλέστατον</span> <span class='ocrx_word' id='word_1_58' title='bbox 1491 999 1694 1067; x_wconf 76' lang='grc' dir='ltr'>ἔλαιον,</span> <span class='ocrx_word' id='word_1_59' title='bbox 1725 1004 1821 1057; x_wconf 77' lang='grc' dir='ltr'><strong>καὶ</strong></span> <span class='ocrx_word' id='word_1_60' title='bbox 1846 1020 1975 1057; x_wconf 85' lang='grc' dir='ltr'>τοσ-</span> 
     </span>
    </p>
   </div>
   <div class='ocr_carea' id='block_1_12' title="bbox 385 1079 1972 1167">
    <p class='ocr_par' dir='ltr' id='par_1_12' title="bbox 385 1079 1972 1167">
     <span class='ocr_line' id='line_1_12' title="bbox 385 1079 1972 1167; baseline 0.012 -35"><span class='ocrx_word' id='word_1_61' title='bbox 385 1079 543 1133; x_wconf 76' lang='grc' dir='ltr'>οῦτον</span> <span class='ocrx_word' id='word_1_62' title='bbox 593 1081 708 1152; x_wconf 82' lang='grc'><strong>(97)</strong></span> <span class='ocrx_word' id='word_1_63' title='bbox 769 1084 845 1147; x_wconf 84' lang='grc' dir='ltr'><strong>ὡς</strong></span> <span class='ocrx_word' id='word_1_64' title='bbox 884 1085 947 1139; x_wconf 85' lang='grc' dir='ltr'><strong>ἐν</strong></span> <span class='ocrx_word' id='word_1_65' title='bbox 983 1087 1225 1151; x_wconf 77' lang='grc' dir='ltr'>ἐκείναις</span> <span class='ocrx_word' id='word_1_66' title='bbox 1260 1094 1384 1155; x_wconf 81' lang='grc' dir='ltr'>ταῖς</span> <span class='ocrx_word' id='word_1_67' title='bbox 1431 1094 1667 1164; x_wconf 75' lang='grc' dir='ltr'><strong>ἡμέραις</strong></span> <span class='ocrx_word' id='word_1_68' title='bbox 1690 1094 1789 1167; x_wconf 76' lang='grc' dir='ltr'>τὴν</span> <span class='ocrx_word' id='word_1_69' title='bbox 1828 1096 1972 1151; x_wconf 79' lang='grc' dir='ltr'>κατὰ</span> 
     </span>
    </p>
   </div>
   <div class='ocr_carea' id='block_1_13' title="bbox 387 1170 1973 1259">
    <p class='ocr_par' dir='ltr' id='par_1_13' title="bbox 387 1170 1973 1259">
     <span class='ocr_line' id='line_1_13' title="bbox 387 1170 1973 1259; baseline 0.013 -35"><span class='ocrx_word' id='word_1_70' title='bbox 387 1170 575 1242; x_wconf 85' lang='grc' dir='ltr'>λίτραν</span> <span class='ocrx_word' id='word_1_71' title='bbox 602 1173 768 1245; x_wconf 77' lang='grc' dir='ltr'>ὁλκὴν</span> <span class='ocrx_word' id='word_1_72' title='bbox 806 1176 995 1231; x_wconf 78' lang='grc' dir='ltr'>ὁδολοῦ</span> <span class='ocrx_word' id='word_1_73' title='bbox 1023 1180 1289 1250; x_wconf 84' lang='grc' dir='ltr'>πρίασθαι</span> <span class='ocrx_word' id='word_1_74' title='bbox 1341 1185 1435 1238; x_wconf 76' lang='grc' dir='ltr'>καὶ</span> <span class='ocrx_word' id='word_1_75' title='bbox 1480 1185 1624 1241; x_wconf 80' lang='grc' dir='ltr'>κατὰ</span> <span class='ocrx_word' id='word_1_76' title='bbox 1670 1185 1973 1259; x_wconf 65' lang='grc' dir='ltr'>θαυμάσιος</span> 
     </span>
    </p>
   </div>
   <div class='ocr_carea' id='block_1_14' title="bbox 386 1264 1973 1348">
    <p class='ocr_par' dir='ltr' id='par_1_14' title="bbox 386 1264 1973 1348">
     <span class='ocr_line' id='line_1_14' title="bbox 386 1264 1973 1348; baseline 0.014 -34"><span class='ocrx_word' id='word_1_77' title='bbox 386 1278 526 1333; x_wconf 90' lang='grc' dir='ltr'>τητα</span> <span class='ocrx_word' id='word_1_78' title='bbox 550 1264 596 1295; x_wconf 64' lang='grc' dir='ltr'><strong>δ’</strong></span> <span class='ocrx_word' id='word_1_79' title='bbox 642 1267 777 1319; x_wconf 77' lang='grc' dir='ltr'>πᾶσι</span> <span class='ocrx_word' id='word_1_80' title='bbox 815 1268 885 1322; x_wconf 81' lang='grc' dir='ltr'>τὰ</span> <span class='ocrx_word' id='word_1_81' title='bbox 927 1269 1048 1324; x_wconf 87' lang='grc' dir='ltr'>τότε</span> <span class='ocrx_word' id='word_1_82' title='bbox 1096 1272 1412 1344; x_wconf 80' lang='grc' dir='ltr'>πραχθέντα</span> <span class='ocrx_word' id='word_1_83' title='bbox 1452 1278 1808 1348; x_wconf 77' lang='grc' dir='ltr'>φημίζεσθαι.</span> <span class='ocrx_word' id='word_1_84' title='bbox 1860 1280 1973 1336; x_wconf 74' lang='grc' dir='ltr'><strong>Καὶ</strong></span> 
     </span>
    </p>
   </div>
   <div class='ocr_carea' id='block_1_15' title="bbox 391 1353 1973 1441">
    <p class='ocr_par' dir='ltr' id='par_1_15' title="bbox 391 1353 1973 1441">
     <span class='ocr_line' id='line_1_15' title="bbox 391 1353 1973 1441; baseline 0.013 -35"><span class='ocrx_word' id='word_1_85' title='bbox 391 1353 628 1423; x_wconf 83' lang='grc' dir='ltr'>μάλιστά</span> <span class='ocrx_word' id='word_1_86' title='bbox 660 1373 725 1425; x_wconf 82' lang='grc' dir='ltr'>γε</span> <span class='ocrx_word' id='word_1_87' title='bbox 768 1360 835 1412; x_wconf 81' lang='grc' dir='ltr'><strong>ἐκ</strong></span> <span class='ocrx_word' id='word_1_88' title='bbox 877 1360 986 1415; x_wconf 82' lang='grc' dir='ltr'><strong>τῶν</strong></span> <span class='ocrx_word' id='word_1_89' title='bbox 1015 1363 1157 1417; x_wconf 84' lang='grc' dir='ltr'>κατὰ.</span> <span class='ocrx_word' id='word_1_90' title='bbox 1194 1364 1294 1435; x_wconf 80' lang='grc' dir='ltr'><strong>τὴν</strong></span> <span class='ocrx_word' id='word_1_91' title='bbox 1325 1366 1607 1440; x_wconf 81' lang='grc' dir='ltr'>Τεφρικὴν</span> <span class='ocrx_word' id='word_1_92' title='bbox 1635 1370 1973 1441; x_wconf 81' lang='grc' dir='ltr'>συνηλύδων,</span> 
     </span>
    </p>
   </div>
   <div class='ocr_carea' id='block_1_16' title="bbox 386 1444 1974 1535">
    <p class='ocr_par' dir='ltr' id='par_1_16' title="bbox 386 1444 1974 1535">
     <span class='ocr_line' id='line_1_16' title="bbox 386 1444 1974 1535; baseline 0.013 -37"><span class='ocrx_word' id='word_1_93' title='bbox 386 1444 483 1499; x_wconf 80' lang='grc' dir='ltr'><strong>τοῦ</strong></span> <span class='ocrx_word' id='word_1_94' title='bbox 512 1462 572 1499; x_wconf 90' lang='grc' dir='ltr'><strong>τε</strong></span> <span class='ocrx_word' id='word_1_95' title='bbox 602 1449 815 1504; x_wconf 85' lang='grc' dir='ltr'>Παύλου</span> <span class='ocrx_word' id='word_1_96' title='bbox 845 1451 1208 1522; x_wconf 74' lang='grc' dir='ltr'>Σαμοσατέως</span> <span class='ocrx_word' id='word_1_97' title='bbox 1240 1456 1309 1521; x_wconf 75' lang='grc' dir='ltr'><strong>⁸ο,</strong></span> <span class='ocrx_word' id='word_1_98' title='bbox 1344 1459 1445 1512; x_wconf 86' lang='grc' dir='ltr'>σὺν</span> <span class='ocrx_word' id='word_1_99' title='bbox 1471 1460 1621 1531; x_wconf 86' lang='grc' dir='ltr'><strong>αύτῷ</strong></span> <span class='ocrx_word' id='word_1_100' title='bbox 1651 1462 1974 1535; x_wconf 75' lang='grc' dir='ltr'>Κούϐρηκὸς</span> 
     </span>
    </p>
   </div>
   <div class='ocr_carea' id='block_1_17' title="bbox 386 1539 1972 1628">
    <p class='ocr_par' dir='ltr' id='par_1_17' title="bbox 386 1539 1972 1628">
     <span class='ocr_line' id='line_1_17' title="bbox 386 1539 1972 1628; baseline 0.013 -39"><span class='ocrx_word' id='word_1_101' title='bbox 386 1552 447 1590; x_wconf 74' lang='grc' dir='ltr'><strong>τε</strong></span> <span class='ocrx_word' id='word_1_102' title='bbox 470 1539 566 1591; x_wconf 75' lang='grc' dir='ltr'>καὶ</span> <span class='ocrx_word' id='word_1_103' title='bbox 590 1539 893 1609; x_wconf 86' lang='grc' dir='ltr'>Μοντανοῦ,</span> <span class='ocrx_word' id='word_1_104' title='bbox 932 1546 1032 1600; x_wconf 78' lang='grc' dir='ltr'>καὶ</span> <span class='ocrx_word' id='word_1_105' title='bbox 1057 1547 1234 1601; x_wconf 77' lang='grc' dir='ltr'>ἄλλων</span> <span class='ocrx_word' id='word_1_106' title='bbox 1272 1551 1642 1623; x_wconf 76' lang='grc' dir='ltr'>αἱρεσιαρχῶν</span> <span class='ocrx_word' id='word_1_107' title='bbox 1674 1554 1972 1628; x_wconf 84' lang='grc' dir='ltr'>διαφόρων,</span> 
     </span>
    </p>
   </div>
   <div class='ocr_carea' id='block_1_18' title="bbox 386 1636 1975 1713">
    <p class='ocr_par' dir='ltr' id='par_1_18' title="bbox 386 1636 1975 1713">
     <span class='ocr_line' id='line_1_18' title="bbox 386 1636 1975 1713; baseline 0.013 -31"><span class='ocrx_word' id='word_1_108' title='bbox 386 1636 896 1701; x_wconf 82' lang='grc' dir='ltr'>κατοφρυωσάντων</span> <span class='ocrx_word' id='word_1_109' title='bbox 917 1637 963 1669; x_wconf 81' lang='grc'><strong>⁸¹</strong></span> <span class='ocrx_word' id='word_1_110' title='bbox 993 1637 1057 1692; x_wconf 78' lang='grc' dir='ltr'>τὸ</span> <span class='ocrx_word' id='word_1_111' title='bbox 1086 1640 1375 1713; x_wconf 84' lang='grc' dir='ltr'>πρότερον,</span> <span class='ocrx_word' id='word_1_112' title='bbox 1412 1645 1506 1699; x_wconf 77' lang='lat' dir='ltr'><strong>xal.</strong></span> <span class='ocrx_word' id='word_1_113' title='bbox 1538 1646 1975 1701; x_wconf 79' lang='grc' dir='ltr'>καταδυναστευ-</span> 
     </span>
    </p>
   </div>
   <div class='ocr_carea' id='block_1_19' title="bbox 388 1719 1979 1808">
    <p class='ocr_par' dir='ltr' id='par_1_19' title="bbox 388 1719 1979 1808">
     <span class='ocr_line' id='line_1_19' title="bbox 388 1719 1979 1808; baseline 0.011 -32"><span class='ocrx_word' id='word_1_114' title='bbox 388 1719 590 1779; x_wconf 83' lang='grc' dir='ltr'>Θέντων</span> <span class='ocrx_word' id='word_1_115' title='bbox 627 1726 689 1779; x_wconf 81' lang='grc' dir='ltr'>τὸ</span> <span class='ocrx_word' id='word_1_116' title='bbox 724 1726 953 1800; x_wconf 79' lang='grc' dir='ltr'>ὕστερον</span> <span class='ocrx_word' id='word_1_117' title='bbox 982 1729 1118 1784; x_wconf 79' lang='grc' dir='ltr'>Θεοῦ</span> <span class='ocrx_word' id='word_1_118' title='bbox 1152 1731 1401 1803; x_wconf 81' lang='grc' dir='ltr'>βραχίονι</span> <span class='ocrx_word' id='word_1_119' title='bbox 1442 1738 1692 1808; x_wconf 82' lang='grc' dir='ltr'>κραταιῷ</span> <span class='ocrx_word' id='word_1_120' title='bbox 1736 1740 1832 1793; x_wconf 76' lang='grc' dir='ltr'>καὶ</span> <span class='ocrx_word' id='word_1_121' title='bbox 1859 1743 1979 1794; x_wconf 80' lang='grc' dir='ltr'>ἱκε-</span> 
     </span>
    </p>
   </div>
   <div class='ocr_carea' id='block_1_20' title="bbox 384 1817 1972 1903">
    <p class='ocr_par' dir='ltr' id='par_1_20' title="bbox 384 1817 1972 1903">
     <span class='ocr_line' id='line_1_20' title="bbox 384 1817 1972 1903; baseline 0.01 -34"><span class='ocrx_word' id='word_1_122' title='bbox 384 1817 605 1891; x_wconf 85' lang='grc' dir='ltr'>τηρίαις</span> <span class='ocrx_word' id='word_1_123' title='bbox 632 1818 730 1872; x_wconf 78' lang='grc' dir='ltr'>σὺν</span> <span class='ocrx_word' id='word_1_124' title='bbox 770 1822 1172 1892; x_wconf 82' lang='grc' dir='ltr'>φροντίσμασιν</span> <span class='ocrx_word' id='word_1_125' title='bbox 1209 1825 1540 1897; x_wconf 76' lang='grc' dir='ltr'>ἐπαλλήλοις</span> <span class='ocrx_word' id='word_1_126' title='bbox 1571 1829 1664 1883; x_wconf 76' lang='grc' dir='ltr'>τοῦ</span> <span class='ocrx_word' id='word_1_127' title='bbox 1694 1831 1972 1903; x_wconf 83' lang='grc' dir='ltr'>αὐτοκρά-</span> 
     </span>
    </p>
   </div>
   <div class='ocr_carea' id='block_1_21' title="bbox 2068 558 3653 635">
    <p class='ocr_par' dir='ltr' id='par_1_21' title="bbox 2068 558 3653 635">
     <span class='ocr_line' id='line_1_21' title="bbox 2068 558 3653 635; baseline 0.009 -28"><span class='ocrx_word' id='word_1_128' title='bbox 2068 561 2434 610; x_wconf 85' lang='lat' dir='ltr'><strong>mosatensem</strong></span> <span class='ocrx_word' id='word_1_129' title='bbox 2461 597 2476 621; x_wconf 93' lang='lat'><strong>,</strong></span> <span class='ocrx_word' id='word_1_130' title='bbox 2526 571 2761 627; x_wconf 89' lang='lat' dir='ltr'><strong>cumque</strong></span> <span class='ocrx_word' id='word_1_131' title='bbox 2793 573 2861 613; x_wconf 90' lang='lat' dir='ltr'><strong>eo</strong></span> <span class='ocrx_word' id='word_1_132' title='bbox 2890 558 3185 614; x_wconf 91' lang='lat' dir='ltr'><strong>Cubricum</strong></span> <span class='ocrx_word' id='word_1_133' title='bbox 3216 570 3272 617; x_wconf 90' lang='lat' dir='ltr'><strong>et</strong></span> <span class='ocrx_word' id='word_1_134' title='bbox 3310 561 3653 635; x_wconf 76' lang='lat' dir='ltr'><strong>Montanum,</strong></span> 
     </span>
    </p>
   </div>
   <div class='ocr_carea' id='block_1_22' title="bbox 2069 644 3655 725">
    <p class='ocr_par' dir='ltr' id='par_1_22' title="bbox 2069 644 3655 725">
     <span class='ocr_line' id='line_1_22' title="bbox 2069 644 3655 725; baseline 0.011 -28"><span class='ocrx_word' id='word_1_135' title='bbox 2069 644 2317 715; x_wconf 86' lang='lat' dir='ltr'><strong>aliosque</strong></span> <span class='ocrx_word' id='word_1_136' title='bbox 2371 655 2624 703; x_wconf 87' lang='lat' dir='ltr'><strong>auctores</strong></span> <span class='ocrx_word' id='word_1_137' title='bbox 2673 649 2964 704; x_wconf 73' lang='lat' dir='ltr'><strong>haeresium</strong></span> <span class='ocrx_word' id='word_1_138' title='bbox 3004 667 3067 706; x_wconf 91' lang='lat' dir='ltr'><strong>ac</strong></span> <span class='ocrx_word' id='word_1_139' title='bbox 3118 653 3400 724; x_wconf 86' lang='lat' dir='ltr'><strong>principes</strong></span> <span class='ocrx_word' id='word_1_140' title='bbox 3451 659 3655 725; x_wconf 79' lang='lat' dir='ltr'><strong>varios,</strong></span> 
     </span>
    </p>
   </div>
   <div class='ocr_carea' id='block_1_23' title="bbox 2070 737 3656 816">
    <p class='ocr_par' dir='ltr' id='par_1_23' title="bbox 2070 737 3656 816">
     <span class='ocr_line' id='line_1_23' title="bbox 2070 737 3656 816; baseline 0.011 -27"><span class='ocrx_word' id='word_1_141' title='bbox 2070 737 2330 806; x_wconf 82' lang='lat' dir='ltr'><strong>superbia</strong></span> <span class='ocrx_word' id='word_1_142' title='bbox 2374 738 2549 794; x_wconf 87' lang='lat' dir='ltr'><strong>elatos</strong></span> <span class='ocrx_word' id='word_1_143' title='bbox 2602 740 2778 810; x_wconf 91' lang='lat' dir='ltr'><strong>prius,</strong></span> <span class='ocrx_word' id='word_1_144' title='bbox 2825 743 2924 797; x_wconf 89' lang='lat' dir='ltr'><strong>sed</strong></span> <span class='ocrx_word' id='word_1_145' title='bbox 2981 755 3271 813; x_wconf 85' lang='lat' dir='ltr'><strong>superatos</strong></span> <span class='ocrx_word' id='word_1_146' title='bbox 3323 759 3513 816; x_wconf 89' lang='lat' dir='ltr'><strong>postea</strong></span> <span class='ocrx_word' id='word_1_147' title='bbox 3557 749 3656 807; x_wconf 88' lang='lat' dir='ltr'><strong>Dei</strong></span> 
     </span>
    </p>
   </div>
   <div class='ocr_carea' id='block_1_24' title="bbox 2070 827 3656 908">
    <p class='ocr_par' dir='ltr' id='par_1_24' title="bbox 2070 827 3656 908">
     <span class='ocr_line' id='line_1_24' title="bbox 2070 827 3656 908; baseline 0.009 -27"><span class='ocrx_word' id='word_1_148' title='bbox 2070 827 2303 883; x_wconf 86' lang='lat' dir='ltr'><strong>brachio</strong></span> <span class='ocrx_word' id='word_1_149' title='bbox 2326 828 2454 884; x_wconf 78' lang='lat' dir='ltr'><strong>{orti</strong></span> <span class='ocrx_word' id='word_1_150' title='bbox 2478 838 2533 885; x_wconf 87' lang='lat' dir='ltr'><strong>et</strong></span> <span class='ocrx_word' id='word_1_151' title='bbox 2561 833 3059 901; x_wconf 75' lang='lat' dir='ltr'><strong>supplicationibus</strong></span> <span class='ocrx_word' id='word_1_152' title='bbox 3088 837 3478 908; x_wconf 89' lang='lat' dir='ltr'><strong>continuisque</strong></span> <span class='ocrx_word' id='word_1_153' title='bbox 3504 842 3656 895; x_wconf 87' lang='lat' dir='ltr'><strong>curis</strong></span> 
     </span>
    </p>
   </div>
   <div class='ocr_carea' id='block_1_25' title="bbox 2072 920 3655 1002">
    <p class='ocr_par' dir='ltr' id='par_1_25' title="bbox 2072 920 3655 1002">
     <span class='ocr_line' id='line_1_25' title="bbox 2072 920 3655 1002; baseline 0.008 -27"><span class='ocrx_word' id='word_1_154' title='bbox 2072 920 2443 991; x_wconf 82' lang='lat' dir='ltr'><strong>imperatoris.</strong></span> <span class='ocrx_word' id='word_1_155' title='bbox 2490 922 2594 989; x_wconf 86' lang='lat' dir='ltr'><strong>Qui</strong></span> <span class='ocrx_word' id='word_1_156' title='bbox 2637 925 2809 979; x_wconf 86' lang='lat' dir='ltr'><strong>semel</strong></span> <span class='ocrx_word' id='word_1_157' title='bbox 2865 925 3179 998; x_wconf 80' lang='lat' dir='ltr'><strong>iterumque</strong></span> <span class='ocrx_word' id='word_1_158' title='bbox 3214 944 3311 984; x_wconf 83' lang='lat' dir='ltr'><strong>eos</strong></span> <span class='ocrx_word' id='word_1_159' title='bbox 3345 946 3655 1002; x_wconf 80' lang='lat' dir='ltr'><strong>aggressus,</strong></span> 
     </span>
    </p>
   </div>
   <div class='ocr_carea' id='block_1_26' title="bbox 2071 1012 3657 1092">
    <p class='ocr_par' dir='ltr' id='par_1_26' title="bbox 2071 1012 3657 1092">
     <span class='ocr_line' id='line_1_26' title="bbox 2071 1012 3657 1092; baseline 0.008 -27"><span class='ocrx_word' id='word_1_160' title='bbox 2071 1012 2227 1082; x_wconf 88' lang='lat' dir='ltr'><strong>prius</strong></span> <span class='ocrx_word' id='word_1_161' title='bbox 2247 1012 2472 1082; x_wconf 84' lang='lat' dir='ltr'><strong>quidem</strong></span> <span class='ocrx_word' id='word_1_162' title='bbox 2496 1014 2758 1070; x_wconf 87' lang='lat' dir='ltr'><strong>omnibus</strong></span> <span class='ocrx_word' id='word_1_163' title='bbox 2777 1016 3118 1087; x_wconf 81' lang='lat' dir='ltr'><strong>regionibus,</strong></span> <span class='ocrx_word' id='word_1_164' title='bbox 3155 1020 3309 1090; x_wconf 70' lang='grc'><strong>12],</strong></span> <span class='ocrx_word' id='word_1_165' title='bbox 3343 1024 3657 1092; x_wconf 89' lang='lat' dir='ltr'><strong>populando</strong></span> 
     </span>
    </p>
   </div>
   <div class='ocr_carea' id='block_1_27' title="bbox 2072 1105 3660 1185">
    <p class='ocr_par' dir='ltr' id='par_1_27' title="bbox 2072 1105 3660 1185">
     <span class='ocr_line' id='line_1_27' title="bbox 2072 1105 3660 1185; baseline 0.006 -25"><span class='ocrx_word' id='word_1_166' title='bbox 2072 1111 2130 1160; x_wconf 91' lang='lat' dir='ltr'><strong>et</strong></span> <span class='ocrx_word' id='word_1_167' title='bbox 2161 1105 2408 1175; x_wconf 82' lang='lat' dir='ltr'><strong>captivos</strong></span> <span class='ocrx_word' id='word_1_168' title='bbox 2447 1106 2795 1172; x_wconf 84' lang='lat' dir='ltr'><strong>abducendo,</strong></span> <span class='ocrx_word' id='word_1_169' title='bbox 2818 1111 3045 1166; x_wconf 84' lang='lat' dir='ltr'><strong>vastatis</strong></span> <span class='ocrx_word' id='word_1_170' title='bbox 3072 1150 3088 1175; x_wconf 84' lang='lat'><strong>,</strong></span> <span class='ocrx_word' id='word_1_171' title='bbox 3122 1110 3450 1181; x_wconf 86' lang='lat' dir='ltr'><strong>Tephricam</strong></span> <span class='ocrx_word' id='word_1_172' title='bbox 3483 1130 3660 1185; x_wconf 87' lang='lat' dir='ltr'><strong>oppu-</strong></span> 
     </span>
    </p>
   </div>
   <div class='ocr_carea' id='block_1_28' title="bbox 2074 1201 3662 1277">
    <p class='ocr_par' dir='ltr' id='par_1_28' title="bbox 2074 1201 3662 1277">
     <span class='ocr_line' id='line_1_28' title="bbox 2074 1201 3662 1277; baseline 0.008 -23"><span class='ocrx_word' id='word_1_173' title='bbox 2074 1209 2201 1271; x_wconf 90' lang='lat' dir='ltr'><strong>gnat</strong></span> <span class='ocrx_word' id='word_1_174' title='bbox 2226 1201 2677 1271; x_wconf 84' lang='lat' dir='ltr'><strong>aliquandiu;sed</strong></span> <span class='ocrx_word' id='word_1_175' title='bbox 2701 1218 2828 1259; x_wconf 87' lang='lat' dir='ltr'><strong>cum</strong></span> <span class='ocrx_word' id='word_1_176' title='bbox 2857 1204 2996 1261; x_wconf 84' lang='lat' dir='ltr'><strong>nihil</strong></span> <span class='ocrx_word' id='word_1_177' title='bbox 3020 1207 3338 1277; x_wconf 81' lang='lat' dir='ltr'><strong>proliceret,</strong></span> <span class='ocrx_word' id='word_1_178' title='bbox 3363 1210 3662 1267; x_wconf 84' lang='lat' dir='ltr'><strong>revertitur</strong></span> 
     </span>
    </p>
   </div>
   <div class='ocr_carea' id='block_1_29' title="bbox 2075 1287 3656 1371">
    <p class='ocr_par' dir='ltr' id='par_1_29' title="bbox 2075 1287 3656 1371">
     <span class='ocr_line' id='line_1_29' title="bbox 2075 1287 3656 1371; baseline 0.009 -29"><span class='ocrx_word' id='word_1_179' title='bbox 2075 1287 2131 1344; x_wconf 90' lang='lat' dir='ltr'><strong>in</strong></span> <span class='ocrx_word' id='word_1_180' title='bbox 2185 1289 2602 1360; x_wconf 88' lang='lat' dir='ltr'><strong>imperatoriam</strong></span> <span class='ocrx_word' id='word_1_181' title='bbox 2654 1293 2888 1361; x_wconf 82' lang='lat' dir='ltr'><strong>urbem,</strong></span> <span class='ocrx_word' id='word_1_182' title='bbox 2948 1294 3337 1369; x_wconf 74' lang='lat' dir='ltr'><strong>ingressusque</strong></span> <span class='ocrx_word' id='word_1_183' title='bbox 3395 1302 3656 1371; x_wconf 86' lang='lat' dir='ltr'><strong>templum</strong></span> 
     </span>
    </p>
   </div>
   <div class='ocr_carea' id='block_1_30' title="bbox 2072 1380 3672 1470">
    <p class='ocr_par' dir='ltr' id='par_1_30' title="bbox 2072 1380 3672 1470">
     <span class='ocr_line' id='line_1_30' title="bbox 2072 1380 3672 1470; baseline 0.007 -36"><span class='ocrx_word' id='word_1_184' title='bbox 2072 1380 2386 1451; x_wconf 87' lang='lat' dir='ltr'><strong>principum</strong></span> <span class='ocrx_word' id='word_1_185' title='bbox 2415 1383 2654 1439; x_wconf 63' lang='lat' dir='ltr'><strong>caelestis</strong></span> <span class='ocrx_word' id='word_1_186' title='bbox 2680 1384 2909 1452; x_wconf 62' lang='lat' dir='ltr'><strong>militia,</strong></span> <span class='ocrx_word' id='word_1_187' title='bbox 2942 1387 3090 1457; x_wconf 86' lang='lat' dir='ltr'><strong>quod</strong></span> <span class='ocrx_word' id='word_1_188' title='bbox 3123 1387 3239 1458; x_wconf 88' lang='lat' dir='ltr'><strong>ipse</strong></span> <span class='ocrx_word' id='word_1_189' title='bbox 3269 1389 3672 1470; x_wconf 73' lang='lat' dir='ltr'><strong>zedillcaverat,</strong></span> 
     </span>
    </p>
   </div>
   <div class='ocr_carea' id='block_1_31' title="bbox 2077 1473 3661 1553">
    <p class='ocr_par' dir='ltr' id='par_1_31' title="bbox 2077 1473 3661 1553">
     <span class='ocr_line' id='line_1_31' title="bbox 2077 1473 3661 1553; baseline 0.008 -24"><span class='ocrx_word' id='word_1_190' title='bbox 2077 1473 2190 1529; x_wconf 87' lang='lat' dir='ltr'><strong>illis</strong></span> <span class='ocrx_word' id='word_1_191' title='bbox 2220 1475 2492 1545; x_wconf 88' lang='lat' dir='ltr'><strong>supplicat</strong></span> <span class='ocrx_word' id='word_1_192' title='bbox 2524 1479 2578 1531; x_wconf 91' lang='lat' dir='ltr'><strong>in</strong></span> <span class='ocrx_word' id='word_1_193' title='bbox 2614 1479 2945 1535; x_wconf 90' lang='lat' dir='ltr'><strong>contritione</strong></span> <span class='ocrx_word' id='word_1_194' title='bbox 2979 1481 3165 1537; x_wconf 89' lang='lat' dir='ltr'><strong>cordis</strong></span> <span class='ocrx_word' id='word_1_195' title='bbox 3190 1492 3246 1538; x_wconf 89' lang='lat' dir='ltr'><strong>et</strong></span> <span class='ocrx_word' id='word_1_196' title='bbox 3287 1484 3559 1553; x_wconf 87' lang='lat' dir='ltr'><strong>suspiriis,</strong></span> <span class='ocrx_word' id='word_1_197' title='bbox 3589 1501 3661 1541; x_wconf 86' lang='lat' dir='ltr'><strong>ne</strong></span> 
     </span>
    </p>
   </div>
   <div class='ocr_carea' id='block_1_32' title="bbox 2077 1564 3663 1642">
    <p class='ocr_par' dir='ltr' id='par_1_32' title="bbox 2077 1564 3663 1642">
     <span class='ocr_line' id='line_1_32' title="bbox 2077 1564 3663 1642; baseline 0.009 -25"><span class='ocrx_word' id='word_1_198' title='bbox 2077 1564 2235 1635; x_wconf 90' lang='lat' dir='ltr'><strong>prius</strong></span> <span class='ocrx_word' id='word_1_199' title='bbox 2259 1565 2471 1621; x_wconf 86' lang='lat' dir='ltr'><strong>videret</strong></span> <span class='ocrx_word' id='word_1_200' title='bbox 2494 1576 2730 1623; x_wconf 89' lang='lat' dir='ltr'><strong>mortem</strong></span> <span class='ocrx_word' id='word_1_201' title='bbox 2743 1586 2907 1639; x_wconf 86' lang='lat' dir='ltr'><strong>quam</strong></span> <span class='ocrx_word' id='word_1_202' title='bbox 2930 1571 3260 1642; x_wconf 84' lang='lat' dir='ltr'><strong>Tephricam</strong></span> <span class='ocrx_word' id='word_1_203' title='bbox 3284 1576 3456 1629; x_wconf 84' lang='lat' dir='ltr'><strong>exitio</strong></span> <span class='ocrx_word' id='word_1_204' title='bbox 3475 1576 3663 1631; x_wconf 85' lang='lat' dir='ltr'><strong>dedis-</strong></span> 
     </span>
    </p>
   </div>
   <div class='ocr_carea' id='block_1_33' title="bbox 2078 1655 3661 1733">
    <p class='ocr_par' dir='ltr' id='par_1_33' title="bbox 2078 1655 3661 1733">
     <span class='ocr_line' id='line_1_33' title="bbox 2078 1655 3661 1733; baseline 0.008 -25"><span class='ocrx_word' id='word_1_205' title='bbox 2078 1662 2182 1709; x_wconf 87' lang='lat' dir='ltr'><strong>set.</strong></span> <span class='ocrx_word' id='word_1_206' title='bbox 2227 1655 2409 1726; x_wconf 82' lang='lat' dir='ltr'><strong>Atque</strong></span> <span class='ocrx_word' id='word_1_207' title='bbox 2450 1672 2649 1713; x_wconf 88' lang='lat' dir='ltr'><strong>rursus</strong></span> <span class='ocrx_word' id='word_1_208' title='bbox 2681 1659 2946 1716; x_wconf 84' lang='lat' dir='ltr'><strong>adversus</strong></span> <span class='ocrx_word' id='word_1_209' title='bbox 2977 1674 3099 1719; x_wconf 89' lang='lat' dir='ltr'><strong>eam</strong></span> <span class='ocrx_word' id='word_1_210' title='bbox 3139 1664 3506 1733; x_wconf 75' lang='lat' dir='ltr'><strong>proficiscitur</strong></span> <span class='ocrx_word' id='word_1_211' title='bbox 3532 1682 3661 1721; x_wconf 90' lang='lat' dir='ltr'><strong>cum</strong></span> 
     </span>
    </p>
   </div>
   <div class='ocr_carea' id='block_1_34' title="bbox 2079 1745 3661 1824">
    <p class='ocr_par' dir='ltr' id='par_1_34' title="bbox 2079 1745 3661 1824">
     <span class='ocr_line' id='line_1_34' title="bbox 2079 1745 3661 1824; baseline 0.009 -26"><span class='ocrx_word' id='word_1_212' title='bbox 2079 1745 2331 1801; x_wconf 83' lang='lat' dir='ltr'><strong>maximis</strong></span> <span class='ocrx_word' id='word_1_213' title='bbox 2379 1748 2574 1817; x_wconf 86' lang='lat' dir='ltr'><strong>copiis,</strong></span> <span class='ocrx_word' id='word_1_214' title='bbox 2622 1752 2934 1807; x_wconf 78' lang='lat' dir='ltr'><strong>vastitatem</strong></span> <span class='ocrx_word' id='word_1_215' title='bbox 2987 1769 3239 1824; x_wconf 88' lang='lat' dir='ltr'><strong>magnam</strong></span> <span class='ocrx_word' id='word_1_216' title='bbox 3284 1755 3545 1811; x_wconf 81' lang='lat' dir='ltr'><strong>inferens.</strong></span> <span class='ocrx_word' id='word_1_217' title='bbox 3600 1757 3661 1812; x_wconf 87' lang='lat' dir='ltr'><strong>lu</strong></span> 
     </span>
    </p>
   </div>
   <div class='ocr_carea' id='block_1_35' title="bbox 2078 1836 3663 1909">
    <p class='ocr_par' dir='ltr' id='par_1_35' title="bbox 2078 1836 3663 1909">
     <span class='ocr_line' id='line_1_35' title="bbox 2078 1836 3663 1909; baseline 0.007 -20"><span class='ocrx_word' id='word_1_218' title='bbox 2078 1836 2239 1905; x_wconf 80' lang='lat' dir='ltr'><strong>cujus</strong></span> <span class='ocrx_word' id='word_1_219' title='bbox 2264 1838 2672 1909; x_wconf 77' lang='lat' dir='ltr'><strong>expugnatione</strong></span> <span class='ocrx_word' id='word_1_220' title='bbox 2702 1840 2773 1897; x_wconf 88' lang='lat' dir='ltr'><strong>de</strong></span> <span class='ocrx_word' id='word_1_221' title='bbox 2794 1843 2937 1897; x_wconf 73' lang='lat' dir='ltr'><strong>ctelo</strong></span> <span class='ocrx_word' id='word_1_222' title='bbox 2968 1844 3223 1900; x_wconf 83' lang='lat' dir='ltr'><strong>fremitus</strong></span> <span class='ocrx_word' id='word_1_223' title='bbox 3244 1846 3477 1902; x_wconf 79' lang='lat' dir='ltr'><strong>maxime</strong></span> <span class='ocrx_word' id='word_1_224' title='bbox 3494 1847 3663 1902; x_wconf 88' lang='lat' dir='ltr'><strong>terri-</strong></span> 
     </span>
    </p>
   </div>
   <div class='ocr_carea' id='block_1_36' title="bbox 384 1909 1982 2007">
    <p class='ocr_par' dir='ltr' id='par_1_36' title="bbox 384 1909 1977 1984">
     <span class='ocr_line' id='line_1_36' title="bbox 384 1909 1977 1984; baseline 0.009 -22"><span class='ocrx_word' id='word_1_225' title='bbox 384 1925 563 1978; x_wconf 87' lang='grc' dir='ltr'>τορος.</span> <span class='ocrx_word' id='word_1_226' title='bbox 599 1909 696 1972; x_wconf 90' lang='grc' dir='ltr'>Ὃς</span> <span class='ocrx_word' id='word_1_227' title='bbox 719 1909 866 1977; x_wconf 69' lang='grc' dir='ltr'>ἅπαξ</span> <span class='ocrx_word' id='word_1_228' title='bbox 916 1911 1014 1964; x_wconf 81' lang='grc' dir='ltr'>καὶ</span> <span class='ocrx_word' id='word_1_229' title='bbox 1067 1912 1151 1977; x_wconf 80' lang='grc' dir='ltr'>δὶς</span> <span class='ocrx_word' id='word_1_230' title='bbox 1203 1914 1317 1984; x_wconf 81' lang='lat'><strong>(98)</strong></span> <span class='ocrx_word' id='word_1_231' title='bbox 1345 1917 1466 1970; x_wconf 85' lang='grc' dir='ltr'>κατ’</span> <span class='ocrx_word' id='word_1_232' title='bbox 1492 1918 1674 1972; x_wconf 83' lang='grc' dir='ltr'>αὐτῶν</span> <span class='ocrx_word' id='word_1_233' title='bbox 1706 1922 1753 1953; x_wconf 80' lang='grc'><strong>⁸¹</strong></span> <span class='ocrx_word' id='word_1_234' title='bbox 1800 1919 1977 1976; x_wconf 86' lang='grc' dir='ltr'>ἐπιὼν</span> 
     </span>
    </p>
   </div>
   <div class='ocr_carea' id='block_1_37' title="bbox 2083 1909 3665 2007">
    <p class='ocr_par' dir='ltr' id='par_1_37' title="bbox 2083 1926 3665 2007">
     <span class='ocr_line' id='line_1_37' title="bbox 2083 1926 3665 2007; baseline 0.006 -26"><span class='ocrx_word' id='word_1_235' title='bbox 2083 1926 2209 1983; x_wconf 86' lang='lat' dir='ltr'><strong>bilis</strong></span> <span class='ocrx_word' id='word_1_236' title='bbox 2233 1928 2289 1983; x_wconf 93' lang='lat' dir='ltr'><strong>in</strong></span> <span class='ocrx_word' id='word_1_237' title='bbox 2322 1944 2421 1984; x_wconf 90' lang='lat' dir='ltr'><strong>eos</strong></span> <span class='ocrx_word' id='word_1_238' title='bbox 2460 1929 2688 2002; x_wconf 76' lang='lat' dir='ltr'><strong>ingruit,</strong></span> <span class='ocrx_word' id='word_1_239' title='bbox 2734 1940 2796 1986; x_wconf 91' lang='lat' dir='ltr'><strong>ut</strong></span> <span class='ocrx_word' id='word_1_240' title='bbox 2843 1949 2910 1988; x_wconf 84' lang='lat' dir='ltr'><strong>ex</strong></span> <span class='ocrx_word' id='word_1_241' title='bbox 2939 1949 3006 1990; x_wconf 90' lang='lat' dir='ltr'><strong>eo</strong></span> <span class='ocrx_word' id='word_1_242' title='bbox 3040 1935 3326 2007; x_wconf 65' lang='lat' dir='ltr'><strong>Tephrice</strong></span> <span class='ocrx_word' id='word_1_243' title='bbox 3370 1946 3665 1992; x_wconf 71' lang='lat' dir='ltr'><strong>structura:</strong></span> 
     </span>
    </p>
   </div>
   <div class='ocr_carea' id='block_1_38' title="bbox 383 2001 1982 2097">
    <p class='ocr_par' dir='ltr' id='par_1_38' title="bbox 383 2001 1976 2082">
     <span class='ocr_line' id='line_1_38' title="bbox 383 2001 1976 2082; baseline 0.008 -27"><span class='ocrx_word' id='word_1_244' title='bbox 383 2002 481 2055; x_wconf 79' lang='grc' dir='ltr'>καὶ</span> <span class='ocrx_word' id='word_1_245' title='bbox 508 2002 569 2055; x_wconf 82' lang='grc' dir='ltr'>τὸ</span> <span class='ocrx_word' id='word_1_246' title='bbox 618 2001 718 2072; x_wconf 84' lang='grc' dir='ltr'>μὲν</span> <span class='ocrx_word' id='word_1_247' title='bbox 747 2004 961 2073; x_wconf 83' lang='grc' dir='ltr'>πρῶτον</span> <span class='ocrx_word' id='word_1_248' title='bbox 993 2006 1213 2071; x_wconf 85' lang='grc' dir='ltr'>ἁπάσας</span> <span class='ocrx_word' id='word_1_249' title='bbox 1247 2006 1430 2079; x_wconf 84' lang='grc' dir='ltr'>χώρας</span> <span class='ocrx_word' id='word_1_250' title='bbox 1462 2012 1523 2064; x_wconf 92' lang='grc' dir='ltr'><strong>ἐν</strong></span> <span class='ocrx_word' id='word_1_251' title='bbox 1571 2012 1976 2082; x_wconf 86' lang='grc' dir='ltr'>αίχμαλωσίαις</span> 
     </span>
    </p>
   </div>
   <div class='ocr_carea' id='block_1_39' title="bbox 2083 2001 3666 2097">
    <p class='ocr_par' dir='ltr' id='par_1_39' title="bbox 2083 2026 3666 2097">
     <span class='ocr_line' id='line_1_39' title="bbox 2083 2026 3666 2097; baseline 0.007 -23"><span class='ocrx_word' id='word_1_252' title='bbox 2083 2029 2513 2077; x_wconf 88' lang='lat' dir='ltr'><strong>concuterentur</strong></span> <span class='ocrx_word' id='word_1_253' title='bbox 2562 2032 2729 2094; x_wconf 87' lang='lat' dir='ltr'><strong>atque</strong></span> <span class='ocrx_word' id='word_1_254' title='bbox 2779 2026 3054 2097; x_wconf 83' lang='lat' dir='ltr'><strong>ejusmodi</strong></span> <span class='ocrx_word' id='word_1_255' title='bbox 3128 2037 3397 2084; x_wconf 88' lang='lat' dir='ltr'><strong>terrorem</strong></span> <span class='ocrx_word' id='word_1_256' title='bbox 3473 2029 3666 2085; x_wconf 65' lang='lat' dir='ltr'><strong>incola</strong></span> 
     </span>
    </p>
   </div>
   <div class='ocr_carea' id='block_1_40' title="bbox 383 2093 1982 2181">
    <p class='ocr_par' dir='ltr' id='par_1_40' title="bbox 383 2093 1982 2175">
     <span class='ocr_line' id='line_1_40' title="bbox 383 2093 1982 2175; baseline 0.008 -28"><span class='ocrx_word' id='word_1_257' title='bbox 383 2093 479 2147; x_wconf 78' lang='grc' dir='ltr'>καὶ</span> <span class='ocrx_word' id='word_1_258' title='bbox 511 2094 920 2165; x_wconf 83' lang='grc' dir='ltr'>πυρπολήσεσιν</span> <span class='ocrx_word' id='word_1_259' title='bbox 945 2097 1358 2170; x_wconf 77' lang='grc' dir='ltr'>ἐρειπιὼσαςι¹⁸,</span> <span class='ocrx_word' id='word_1_260' title='bbox 1384 2102 1525 2155; x_wconf 83' lang='grc' dir='ltr'>κατὰ</span> <span class='ocrx_word' id='word_1_261' title='bbox 1538 2104 1814 2175; x_wconf 79' lang='grc' dir='ltr'>Τεφρικῆς</span> <span class='ocrx_word' id='word_1_262' title='bbox 1834 2106 1982 2174; x_wconf 75' lang='grc' dir='ltr'><strong>ἀγω-</strong></span> 
     </span>
    </p>
   </div>
   <div class='ocr_carea' id='block_1_41' title="bbox 2083 2093 3664 2181">
    <p class='ocr_par' dir='ltr' id='par_1_41' title="bbox 2083 2111 3664 2181">
     <span class='ocr_line' id='line_1_41' title="bbox 2083 2111 3664 2181; baseline 0.008 -16"><span class='ocrx_word' id='word_1_263' title='bbox 2083 2111 2200 2181; x_wconf 87' lang='lat' dir='ltr'><strong>ejus</strong></span> <span class='ocrx_word' id='word_1_264' title='bbox 2247 2111 2493 2181; x_wconf 87' lang='lat' dir='ltr'><strong>ipsorum</strong></span> <span class='ocrx_word' id='word_1_265' title='bbox 2528 2129 2694 2170; x_wconf 87' lang='lat' dir='ltr'><strong>causa</strong></span> <span class='ocrx_word' id='word_1_266' title='bbox 2735 2115 3003 2173; x_wconf 85' lang='lat' dir='ltr'><strong>divinitus</strong></span> <span class='ocrx_word' id='word_1_267' title='bbox 3028 2119 3231 2174; x_wconf 80' lang='lat' dir='ltr'><strong>factum</strong></span> <span class='ocrx_word' id='word_1_268' title='bbox 3260 2121 3664 2177; x_wconf 72' lang='lat' dir='ltr'><strong>existimarent.</strong></span> 
     </span>
    </p>
   </div>
   <div class='ocr_carea' id='block_1_42' title="bbox 389 2186 1982 2279">
    <p class='ocr_par' dir='ltr' id='par_1_42' title="bbox 389 2186 1976 2268">
     <span class='ocr_line' id='line_1_42' title="bbox 389 2186 1976 2268; baseline 0.006 -27"><span class='ocrx_word' id='word_1_269' title='bbox 389 2186 613 2250; x_wconf 65' lang='grc' dir='ltr'>νίζεται,</span> <span class='ocrx_word' id='word_1_270' title='bbox 663 2188 769 2240; x_wconf 78' lang='grc' dir='ltr'>τινὶ</span> <span class='ocrx_word' id='word_1_271' title='bbox 817 2189 995 2260; x_wconf 82' lang='grc' dir='ltr'>χρόνῳ</span> <span class='ocrx_word' id='word_1_272' title='bbox 1038 2190 1416 2261; x_wconf 81' lang='grc' dir='ltr'>ἐνδιαρκέσας.</span> <span class='ocrx_word' id='word_1_273' title='bbox 1448 2188 1557 2256; x_wconf 80' lang='grc' dir='ltr'>Ἦς</span> <span class='ocrx_word' id='word_1_274' title='bbox 1605 2196 1976 2268; x_wconf 84' lang='grc' dir='ltr'>ἀπρακτήσας</span> 
     </span>
    </p>
   </div>
   <div class='ocr_carea' id='block_1_43' title="bbox 2083 2186 3664 2279">
    <p class='ocr_par' dir='ltr' id='par_1_43' title="bbox 2083 2202 3664 2279">
     <span class='ocr_line' id='line_1_43' title="bbox 2083 2202 3664 2279; baseline 0.008 -23"><span class='ocrx_word' id='word_1_275' title='bbox 2083 2202 2261 2268; x_wconf 86' lang='lat' dir='ltr'><strong>Quare</strong></span> <span class='ocrx_word' id='word_1_276' title='bbox 2290 2204 2384 2261; x_wconf 79' lang='lat' dir='ltr'><strong>alii</strong></span> <span class='ocrx_word' id='word_1_277' title='bbox 2420 2218 2612 2261; x_wconf 87' lang='lat' dir='ltr'><strong>eorum</strong></span> <span class='ocrx_word' id='word_1_278' title='bbox 2655 2208 2723 2262; x_wconf 89' lang='lat' dir='ltr'><strong>ad</strong></span> <span class='ocrx_word' id='word_1_279' title='bbox 2770 2208 3162 2279; x_wconf 88' lang='lat' dir='ltr'><strong>imperatorem</strong></span> <span class='ocrx_word' id='word_1_280' title='bbox 3196 2227 3255 2265; x_wconf 88' lang='lat' dir='ltr'><strong>se</strong></span> <span class='ocrx_word' id='word_1_281' title='bbox 3305 2213 3664 2268; x_wconf 86' lang='lat' dir='ltr'><strong>contulerunt</strong></span> 
     </span>
    </p>
   </div>
   <div class='ocr_carea' id='block_1_44' title="bbox 383 2277 1982 2374">
    <p class='ocr_par' dir='ltr' id='par_1_44' title="bbox 383 2277 1971 2360">
     <span class='ocr_line' id='line_1_44' title="bbox 383 2277 1971 2360; baseline 0.009 -31"><span class='ocrx_word' id='word_1_282' title='bbox 383 2277 633 2331; x_wconf 83' lang='grc' dir='ltr'>ἐπάνεισι</span> <span class='ocrx_word' id='word_1_283' title='bbox 656 2278 791 2349; x_wconf 84' lang='grc' dir='ltr'>πρὸς</span> <span class='ocrx_word' id='word_1_284' title='bbox 822 2280 923 2350; x_wconf 85' lang='grc' dir='ltr'>τὴν</span> <span class='ocrx_word' id='word_1_285' title='bbox 944 2280 1336 2351; x_wconf 80' lang='grc' dir='ltr'>βασιλεύουσαν</span> <span class='ocrx_word' id='word_1_286' title='bbox 1361 2284 1494 2356; x_wconf 89' lang='lat'><strong>(99),</strong></span> <span class='ocrx_word' id='word_1_287' title='bbox 1521 2286 1616 2340; x_wconf 80' lang='grc' dir='ltr'>καὶ</span> <span class='ocrx_word' id='word_1_288' title='bbox 1640 2286 1717 2357; x_wconf 83' lang='grc' dir='ltr'><strong>τῷ</strong></span> <span class='ocrx_word' id='word_1_289' title='bbox 1748 2289 1861 2359; x_wconf 80' lang='grc' dir='ltr'>ναῷ</span> <span class='ocrx_word' id='word_1_290' title='bbox 1894 2289 1971 2360; x_wconf 83' lang='grc'><strong>(1)</strong></span> 
     </span>
    </p>
   </div>
   <div class='ocr_carea' id='block_1_45' title="bbox 2083 2277 3669 2374">
    <p class='ocr_par' dir='ltr' id='par_1_45' title="bbox 2083 2295 3669 2374">
     <span class='ocr_line' id='line_1_45' title="bbox 2083 2295 3669 2374; baseline 0.004 -25"><span class='ocrx_word' id='word_1_291' title='bbox 2083 2295 2517 2352; x_wconf 86' lang='lat' dir='ltr'><strong>misericordiam</strong></span> <span class='ocrx_word' id='word_1_292' title='bbox 2543 2306 2770 2355; x_wconf 87' lang='lat' dir='ltr'><strong>orantes</strong></span> <span class='ocrx_word' id='word_1_293' title='bbox 2790 2341 2804 2365; x_wconf 92' lang='lat'><strong>,</strong></span> <span class='ocrx_word' id='word_1_294' title='bbox 2841 2301 2935 2356; x_wconf 90' lang='lat' dir='ltr'><strong>alii</strong></span> <span class='ocrx_word' id='word_1_295' title='bbox 2965 2301 3018 2355; x_wconf 89' lang='lat' dir='ltr'><strong>in</strong></span> <span class='ocrx_word' id='word_1_296' title='bbox 3051 2302 3299 2357; x_wconf 89' lang='lat' dir='ltr'><strong>intimam</strong></span> <span class='ocrx_word' id='word_1_297' title='bbox 3328 2303 3538 2374; x_wconf 81' lang='lat' dir='ltr'><strong>Syriam</strong></span> <span class='ocrx_word' id='word_1_298' title='bbox 3563 2304 3669 2357; x_wconf 87' lang='lat' dir='ltr'><strong>mi-</strong></span> 
     </span>
    </p>
   </div>
   <div class='ocr_carea' id='block_1_46' title="bbox 392 2370 1982 2461">
    <p class='ocr_par' dir='ltr' id='par_1_46' title="bbox 392 2370 1976 2450">
     <span class='ocr_line' id='line_1_46' title="bbox 392 2370 1976 2450; baseline 0.008 -27"><span class='ocrx_word' id='word_1_299' title='bbox 392 2370 493 2424; x_wconf 80' lang='grc' dir='ltr'><strong>τῶν</strong></span> <span class='ocrx_word' id='word_1_300' title='bbox 518 2371 1000 2444; x_wconf 82' lang='grc' dir='ltr'>Ἀρχιστρατήγων</span> <span class='ocrx_word' id='word_1_301' title='bbox 1047 2376 1251 2443; x_wconf 77' lang='grc' dir='ltr'>εἰσδὺς,</span> <span class='ocrx_word' id='word_1_302' title='bbox 1300 2376 1360 2441; x_wconf 79' lang='grc' dir='ltr'>ὃς</span> <span class='ocrx_word' id='word_1_303' title='bbox 1440 2378 1574 2450; x_wconf 87' lang='grc' dir='ltr'>παρ’</span> <span class='ocrx_word' id='word_1_304' title='bbox 1624 2380 1791 2434; x_wconf 80' lang='grc' dir='ltr'>αὐτοῦ</span> <span class='ocrx_word' id='word_1_305' title='bbox 1840 2399 1976 2436; x_wconf 90' lang='grc' dir='ltr'>κατ-</span> 
     </span>
    </p>
   </div>
   <div class='ocr_carea' id='block_1_47' title="bbox 2083 2370 3670 2461">
    <p class='ocr_par' dir='ltr' id='par_1_47' title="bbox 2083 2370 3670 2461">
     <span class='ocr_line' id='line_1_47' title="bbox 2083 2370 3670 2461; baseline 0.006 -21"><span class='ocrx_word' id='word_1_306' title='bbox 2083 2397 2332 2458; x_wconf 86' lang='lat' dir='ltr'><strong>grarunt,</strong></span> <span class='ocrx_word' id='word_1_307' title='bbox 2367 2398 2430 2444; x_wconf 82' lang='lat' dir='ltr'><strong>ut</strong></span> <span class='ocrx_word' id='word_1_308' title='bbox 2456 2390 2538 2445; x_wconf 87' lang='lat' dir='ltr'><strong>sic</strong></span> <span class='ocrx_word' id='word_1_309' title='bbox 2567 2392 2831 2461; x_wconf 90' lang='lat' dir='ltr'><strong>utrinque</strong></span> <span class='ocrx_word' id='word_1_310' title='bbox 2860 2393 2997 2448; x_wconf 88' lang='lat' dir='ltr'><strong>urbs</strong></span> <span class='ocrx_word' id='word_1_311' title='bbox 3016 2409 3234 2459; x_wconf 89' lang='lat' dir='ltr'><strong>eorum,</strong></span> <span class='ocrx_word' id='word_1_312' title='bbox 3254 2396 3322 2450; x_wconf 88' lang='lat' dir='ltr'><strong>ab</strong></span> <span class='ocrx_word' id='word_1_313' title='bbox 3348 2370 3670 2450; x_wconf 80' lang='lat' dir='ltr'><strong>hominibus</strong></span> 
     </span>
    </p>
   </div>
   <div class='ocr_carea' id='block_1_48' title="bbox 383 2464 1982 2556">
    <p class='ocr_par' dir='ltr' id='par_1_48' title="bbox 383 2464 1974 2544">
     <span class='ocr_line' id='line_1_48' title="bbox 383 2464 1974 2544; baseline 0.008 -29"><span class='ocrx_word' id='word_1_314' title='bbox 383 2464 706 2528; x_wconf 80' lang='grc' dir='ltr'>εσκεύαστο,</span> <span class='ocrx_word' id='word_1_315' title='bbox 737 2465 936 2528; x_wconf 83' lang='grc' dir='ltr'>αὐτοὺς</span> <span class='ocrx_word' id='word_1_316' title='bbox 977 2467 1212 2521; x_wconf 81' lang='grc' dir='ltr'><strong>ἱκετεύει</strong></span> <span class='ocrx_word' id='word_1_317' title='bbox 1233 2468 1291 2521; x_wconf 89' lang='grc' dir='ltr'><strong>ἐν</strong></span> <span class='ocrx_word' id='word_1_318' title='bbox 1318 2472 1579 2544; x_wconf 78' lang='grc' dir='ltr'>συντριόῇ</span> <span class='ocrx_word' id='word_1_319' title='bbox 1615 2473 1843 2543; x_wconf 88' lang='grc' dir='ltr'>καρδίας</span> <span class='ocrx_word' id='word_1_320' title='bbox 1876 2474 1974 2527; x_wconf 76' lang='grc' dir='ltr'>καὶ</span> 
     </span>
    </p>
   </div>
   <div class='ocr_carea' id='block_1_49' title="bbox 2083 2464 3669 2556">
    <p class='ocr_par' dir='ltr' id='par_1_49' title="bbox 2083 2476 3669 2556">
     <span class='ocr_line' id='line_1_49' title="bbox 2083 2476 3669 2556; baseline 0.007 -25"><span class='ocrx_word' id='word_1_321' title='bbox 2083 2476 2318 2544; x_wconf 88' lang='lat' dir='ltr'><strong>deserta,</strong></span> <span class='ocrx_word' id='word_1_322' title='bbox 2361 2495 2534 2535; x_wconf 80' lang='lat' dir='ltr'><strong>vacua</strong></span> <span class='ocrx_word' id='word_1_323' title='bbox 2584 2480 2762 2549; x_wconf 83' lang='lat' dir='ltr'><strong>ﬁeret,</strong></span> <span class='ocrx_word' id='word_1_324' title='bbox 2811 2499 2934 2553; x_wconf 69' lang='lat' dir='ltr'><strong>quae</strong></span> <span class='ocrx_word' id='word_1_325' title='bbox 2983 2485 3214 2541; x_wconf 87' lang='lat' dir='ltr'><strong>subacta</strong></span> <span class='ocrx_word' id='word_1_326' title='bbox 3255 2494 3340 2542; x_wconf 89' lang='lat' dir='ltr'><strong>est</strong></span> <span class='ocrx_word' id='word_1_327' title='bbox 3382 2486 3523 2542; x_wconf 88' lang='lat' dir='ltr'><strong>duce</strong></span> <span class='ocrx_word' id='word_1_328' title='bbox 3546 2488 3669 2556; x_wconf 70' lang='lat' dir='ltr'><strong>eius</strong></span> 
     </span>
    </p>
   </div>
   <div class='ocr_carea' id='block_1_50' title="bbox 386 2556 1982 2647">
    <p class='ocr_par' dir='ltr' id='par_1_50' title="bbox 386 2556 1972 2633">
     <span class='ocr_line' id='line_1_50' title="bbox 386 2556 1972 2633; baseline 0.009 -28"><span class='ocrx_word' id='word_1_329' title='bbox 386 2558 735 2625; x_wconf 81' lang='grc' dir='ltr'>στεναγμοῖς,</span> <span class='ocrx_word' id='word_1_330' title='bbox 772 2556 848 2626; x_wconf 85' lang='grc' dir='ltr'>μὴ</span> <span class='ocrx_word' id='word_1_331' title='bbox 873 2557 1004 2628; x_wconf 76' lang='grc' dir='ltr'>πρὶν</span> <span class='ocrx_word' id='word_1_332' title='bbox 1034 2557 1336 2614; x_wconf 87' lang='grc' dir='ltr'>θεάσασθαι</span> <span class='ocrx_word' id='word_1_333' title='bbox 1366 2561 1601 2615; x_wconf 82' lang='grc' dir='ltr'>θάνατον</span> <span class='ocrx_word' id='word_1_334' title='bbox 1626 2563 1757 2633; x_wconf 72' lang='grc' dir='ltr'>πρὶν</span> <span class='ocrx_word' id='word_1_335' title='bbox 1785 2563 1852 2618; x_wconf 78' lang='grc' dir='ltr'>ἂν</span> <span class='ocrx_word' id='word_1_336' title='bbox 1879 2565 1972 2619; x_wconf 81' lang='grc' dir='ltr'>διὰ</span> 
     </span>
    </p>
   </div>
   <div class='ocr_carea' id='block_1_51' title="bbox 2083 2556 3152 2647">
    <p class='ocr_par' dir='ltr' id='par_1_51' title="bbox 2083 2565 3152 2647">
     <span class='ocr_line' id='line_1_51' title="bbox 2083 2565 3152 2647; baseline 0.009 -25"><span class='ocrx_word' id='word_1_337' title='bbox 2083 2565 2458 2641; x_wconf 85' lang='lat' dir='ltr'><strong>Chrysochire</strong></span> <span class='ocrx_word' id='word_1_338' title='bbox 2487 2572 2544 2627; x_wconf 93' lang='lat' dir='ltr'><strong>in</strong></span> <span class='ocrx_word' id='word_1_339' title='bbox 2573 2578 2846 2630; x_wconf 83' lang='lat' dir='ltr'><strong>térrorem</strong></span> <span class='ocrx_word' id='word_1_340' title='bbox 2881 2578 3152 2647; x_wconf 84' lang='lat' dir='ltr'><strong>conjecto.</strong></span> 
     </span>
    </p>
   </div>
   <div class='ocr_carea' id='block_1_52' title="bbox 385 2648 3675 2746">
    <p class='ocr_par' dir='ltr' id='par_1_52' title="bbox 385 2648 3675 2746">
     <span class='ocr_line' id='line_1_52' title="bbox 385 2648 3675 2746; baseline 0.009 -44"><span class='ocrx_word' id='word_1_341' title='bbox 385 2648 531 2717; x_wconf 80' lang='grc' dir='ltr'><strong>ζωῆς</strong></span> <span class='ocrx_word' id='word_1_342' title='bbox 556 2650 631 2721; x_wconf 71' lang='lat'><strong>(2)</strong></span> <span class='ocrx_word' id='word_1_343' title='bbox 664 2651 817 2721; x_wconf 88' lang='grc' dir='ltr'>σχοίη</span> <span class='ocrx_word' id='word_1_344' title='bbox 852 2651 901 2683; x_wconf 66' lang='grc'>⁸⁸</span> <span class='ocrx_word' id='word_1_345' title='bbox 941 2652 1031 2705; x_wconf 81' lang='grc' dir='ltr'>τὸν</span> <span class='ocrx_word' id='word_1_346' title='bbox 1072 2656 1215 2709; x_wconf 82' lang='grc' dir='ltr'>κατὰ</span> <span class='ocrx_word' id='word_1_347' title='bbox 1243 2655 1525 2728; x_wconf 79' lang='grc' dir='ltr'>Τεφρικὴν</span> <span class='ocrx_word' id='word_1_348' title='bbox 1558 2658 1815 2731; x_wconf 74' lang='grc' dir='ltr'>ὄλεθρονο</span> <span class='ocrx_word' id='word_1_349' title='bbox 1862 2660 1961 2716; x_wconf 80' lang='grc' dir='ltr'>καὶ</span> <span class='ocrx_word' id='word_1_350' title='bbox 1996 2658 2152 2728; x_wconf 73' lang='grc' dir='ltr'>αὖθις</span> <span class='ocrx_word' id='word_1_351' title='bbox 2176 2668 2300 2720; x_wconf 82' lang='grc' dir='ltr'>κατ’</span> <span class='ocrx_word' id='word_1_352' title='bbox 2328 2668 2512 2722; x_wconf 83' lang='grc' dir='ltr'>αὐτῶν</span> <span class='ocrx_word' id='word_1_353' title='bbox 2542 2671 2620 2741; x_wconf 76' lang='grc'><strong>(5)</strong></span> <span class='ocrx_word' id='word_1_354' title='bbox 2659 2670 2828 2735; x_wconf 76' lang='grc' dir='ltr'>ἔξεισι</span> <span class='ocrx_word' id='word_1_355' title='bbox 2895 2674 2994 2728; x_wconf 80' lang='grc' dir='ltr'>σὺν</span> <span class='ocrx_word' id='word_1_356' title='bbox 3070 2673 3440 2745; x_wconf 63' lang='grc' dir='ltr'>πλυπληθέσι</span> <span class='ocrx_word' id='word_1_357' title='bbox 3507 2691 3675 2746; x_wconf 84' lang='grc' dir='ltr'>στρα-</span> 
     </span>
    </p>
   </div>
   <div class='ocr_carea' id='block_1_53' title="bbox 384 2746 3675 2844">
    <p class='ocr_par' dir='ltr' id='par_1_53' title="bbox 384 2746 3675 2844">
     <span class='ocr_line' id='line_1_53' title="bbox 384 2746 3675 2844; baseline 0.009 -45"><span class='ocrx_word' id='word_1_358' title='bbox 384 2746 673 2817; x_wconf 78' lang='grc' dir='ltr'>τεύμασιν,</span> <span class='ocrx_word' id='word_1_359' title='bbox 711 2747 948 2819; x_wconf 81' lang='grc' dir='ltr'>ἐρημίαν</span> <span class='ocrx_word' id='word_1_360' title='bbox 970 2749 1172 2820; x_wconf 85' lang='grc' dir='ltr'>πολλὴν</span> <span class='ocrx_word' id='word_1_361' title='bbox 1187 2750 1371 2816; x_wconf 78' lang='grc' dir='ltr'>αὐτοῖς</span> <span class='ocrx_word' id='word_1_362' title='bbox 1434 2754 1797 2825; x_wconf 84' lang='grc' dir='ltr'>ἐπαγόμενος.</span> <span class='ocrx_word' id='word_1_363' title='bbox 1826 2757 2011 2829; x_wconf 82' lang='grc' dir='ltr'>Αὐτῆς</span> <span class='ocrx_word' id='word_1_364' title='bbox 2066 2759 2123 2813; x_wconf 81' lang='grc' dir='ltr'>δὲ</span> <span class='ocrx_word' id='word_1_365' title='bbox 2152 2761 2580 2836; x_wconf 77' lang='grc' dir='ltr'>διειργασμένης</span> <span class='ocrx_word' id='word_1_366' title='bbox 2611 2767 2688 2835; x_wconf 72' lang='grc'><strong>(4)</strong></span> <span class='ocrx_word' id='word_1_367' title='bbox 2719 2768 2777 2819; x_wconf 85' lang='grc' dir='ltr'><strong>ἐν</strong></span> <span class='ocrx_word' id='word_1_368' title='bbox 2805 2767 2883 2838; x_wconf 82' lang='grc' dir='ltr'>τῷ</span> <span class='ocrx_word' id='word_1_369' title='bbox 2915 2769 3120 2839; x_wconf 82' lang='grc' dir='ltr'>μεταξὺ</span> <span class='ocrx_word' id='word_1_370' title='bbox 3155 2770 3445 2841; x_wconf 82' lang='grc' dir='ltr'>οὐρανόθεν</span> <span class='ocrx_word' id='word_1_371' title='bbox 3471 2773 3675 2844; x_wconf 79' lang='grc' dir='ltr'>βρόμος</span> 
     </span>
    </p>
   </div>
   <div class='ocr_carea' id='block_1_54' title="bbox 384 2840 3673 2935">
    <p class='ocr_par' dir='ltr' id='par_1_54' title="bbox 384 2840 3673 2935">
     <span class='ocr_line' id='line_1_54' title="bbox 384 2840 3673 2935; baseline 0.008 -43"><span class='ocrx_word' id='word_1_372' title='bbox 384 2840 495 2893; x_wconf 83' lang='grc' dir='ltr'><strong>τῶν</strong></span> <span class='ocrx_word' id='word_1_373' title='bbox 519 2841 974 2911; x_wconf 85' lang='grc' dir='ltr'>φρικωδεστάτων</span> <span class='ocrx_word' id='word_1_374' title='bbox 990 2843 1558 2913; x_wconf 84' lang='grc' dir='ltr'>προσπίπτειαύτοτς,</span> <span class='ocrx_word' id='word_1_375' title='bbox 1583 2848 1658 2914; x_wconf 85' lang='grc' dir='ltr'>ὠς</span> <span class='ocrx_word' id='word_1_376' title='bbox 1685 2851 1749 2904; x_wconf 82' lang='grc' dir='ltr'><strong>ἐκ</strong></span> <span class='ocrx_word' id='word_1_377' title='bbox 1808 2848 2004 2903; x_wconf 89' lang='grc' dir='ltr'>τούτου</span> <span class='ocrx_word' id='word_1_378' title='bbox 2074 2851 2176 2916; x_wconf 80' lang='grc' dir='ltr'>τὰς</span> <span class='ocrx_word' id='word_1_379' title='bbox 2218 2854 2320 2924; x_wconf 83' lang='grc' dir='ltr'><strong>τῆς</strong></span> <span class='ocrx_word' id='word_1_380' title='bbox 2368 2856 2652 2927; x_wconf 80' lang='grc' dir='ltr'>Τεφρικῆς</span> <span class='ocrx_word' id='word_1_381' title='bbox 2701 2858 2938 2930; x_wconf 76' lang='grc' dir='ltr'>ἱδρύσεις</span> <span class='ocrx_word' id='word_1_382' title='bbox 2981 2840 3376 2935; x_wconf 83' lang='grc' dir='ltr'>ἐκδεδινῆσοαι,</span> <span class='ocrx_word' id='word_1_383' title='bbox 3574 2840 3673 2925; x_wconf 76' lang='grc' dir='ltr'>τοῦ</span> 
     </span>
    </p>
   </div>
   <div class='ocr_carea' id='block_1_55' title="bbox 393 2933 3673 3025">
    <p class='ocr_par' dir='ltr' id='par_1_55' title="bbox 393 2933 3673 3025">
     <span class='ocr_line' id='line_1_55' title="bbox 393 2933 3673 3025; baseline 0.008 -40"><span class='ocrx_word' id='word_1_384' title='bbox 393 2933 628 2986; x_wconf 81' lang='grc' dir='ltr'>τοιούτου</span> <span class='ocrx_word' id='word_1_385' title='bbox 667 2950 732 3003; x_wconf 82' lang='grc' dir='ltr'>γε</span> <span class='ocrx_word' id='word_1_386' title='bbox 765 2933 842 3005; x_wconf 88' lang='grc'><strong>(5)</strong></span> <span class='ocrx_word' id='word_1_387' title='bbox 885 2934 1144 3005; x_wconf 88' lang='grc' dir='ltr'>δείματος</span> <span class='ocrx_word' id='word_1_388' title='bbox 1202 2936 1330 3000; x_wconf 78' lang='grc' dir='ltr'>τοὺς</span> <span class='ocrx_word' id='word_1_389' title='bbox 1393 2937 1601 3011; x_wconf 81' lang='grc' dir='ltr'>ταύτης</span> <span class='ocrx_word' id='word_1_390' title='bbox 1668 2941 1962 3012; x_wconf 71' lang='grc' dir='ltr'>οἰκήτορας</span> <span class='ocrx_word' id='word_1_391' title='bbox 2005 2941 2170 3015; x_wconf 86' lang='grc' dir='ltr'>χάριν</span> <span class='ocrx_word' id='word_1_392' title='bbox 2218 2946 2398 3001; x_wconf 80' lang='grc' dir='ltr'>αὐτῶν</span> <span class='ocrx_word' id='word_1_393' title='bbox 2447 2947 2634 3002; x_wconf 82' lang='grc' dir='ltr'>θεόθεν</span> <span class='ocrx_word' id='word_1_394' title='bbox 2665 2951 3034 3017; x_wconf 79' lang='grc' dir='ltr'>,τελεσθέντος</span> <span class='ocrx_word' id='word_1_395' title='bbox 3105 2933 3575 3025; x_wconf 67' lang='grc' dir='ltr'>καθυπειληφέναι</span> <span class='ocrx_word' id='word_1_396' title='bbox 3602 2957 3673 2997; x_wconf 82' lang='grc'><strong>⁸³·</strong></span> 
     </span>
    </p>
   </div>
   <div class='ocr_carea' id='block_1_56' title="bbox 385 3023 3676 3120">
    <p class='ocr_par' dir='ltr' id='par_1_56' title="bbox 385 3023 3676 3120">
     <span class='ocr_line' id='line_1_56' title="bbox 385 3023 3676 3120; baseline 0.009 -44"><span class='ocrx_word' id='word_1_397' title='bbox 385 3024 484 3077; x_wconf 78' lang='grc' dir='ltr'>Διὰ</span> <span class='ocrx_word' id='word_1_398' title='bbox 518 3023 674 3077; x_wconf 82' lang='grc' dir='ltr'>τοῦτο</span> <span class='ocrx_word' id='word_1_399' title='bbox 739 3026 789 3078; x_wconf 75' lang='grc' dir='ltr'>οἱ</span> <span class='ocrx_word' id='word_1_400' title='bbox 826 3026 926 3096; x_wconf 83' lang='grc' dir='ltr'>μὲν</span> <span class='ocrx_word' id='word_1_401' title='bbox 969 3028 1153 3083; x_wconf 84' lang='grc' dir='ltr'>αὐτῶν</span> <span class='ocrx_word' id='word_1_402' title='bbox 1189 3030 1269 3101; x_wconf 79' lang='grc' dir='ltr'><strong>τῷ</strong></span> <span class='ocrx_word' id='word_1_403' title='bbox 1314 3029 1526 3102; x_wconf 81' lang='grc' dir='ltr'>βασιλεϊ</span> <span class='ocrx_word' id='word_1_404' title='bbox 1572 3034 1961 3105; x_wconf 79' lang='grc' dir='ltr'>προσεχώρουν</span> <span class='ocrx_word' id='word_1_405' title='bbox 1998 3036 2185 3103; x_wconf 70' lang='grc' dir='ltr'>ἐλέους</span> <span class='ocrx_word' id='word_1_406' title='bbox 2212 3040 2481 3111; x_wconf 85' lang='grc' dir='ltr'>δεόμενοι,</span> <span class='ocrx_word' id='word_1_407' title='bbox 2506 3043 2558 3095; x_wconf 89' lang='grc' dir='ltr'><strong>οί</strong></span> <span class='ocrx_word' id='word_1_408' title='bbox 2586 3043 2643 3096; x_wconf 81' lang='grc' dir='ltr'><strong>δέ</strong></span> <span class='ocrx_word' id='word_1_409' title='bbox 2688 3044 2829 3116; x_wconf 81' lang='grc' dir='ltr'>πρὸς</span> <span class='ocrx_word' id='word_1_410' title='bbox 2870 3048 2938 3100; x_wconf 73' lang='grc' dir='ltr'>τὰ</span> <span class='ocrx_word' id='word_1_411' title='bbox 2971 3047 3119 3101; x_wconf 78' lang='grc' dir='ltr'>ἔνδον</span> <span class='ocrx_word' id='word_1_412' title='bbox 3158 3049 3357 3120; x_wconf 83' lang='grc' dir='ltr'>Συρίας</span> <span class='ocrx_word' id='word_1_413' title='bbox 3402 3023 3676 3120; x_wconf 10' lang='grc' dir='ltr'>*μετανα-</span> 
     </span>
    </p>
   </div>
   <div class='ocr_carea' id='block_1_57' title="bbox 387 3119 3675 3216">
    <p class='ocr_par' dir='ltr' id='par_1_57' title="bbox 387 3119 3675 3216">
     <span class='ocr_line' id='line_1_57' title="bbox 387 3119 3675 3216; baseline 0.007 -44"><span class='ocrx_word' id='word_1_414' title='bbox 387 3119 659 3187; x_wconf 88' lang='grc' dir='ltr'>στεύοντο,</span> <span class='ocrx_word' id='word_1_415' title='bbox 698 3121 774 3184; x_wconf 83' lang='grc' dir='ltr'>ὡς</span> <span class='ocrx_word' id='word_1_416' title='bbox 803 3123 956 3192; x_wconf 81' lang='grc' dir='ltr'>παρὰ</span> <span class='ocrx_word' id='word_1_417' title='bbox 1012 3124 1209 3197; x_wconf 84' lang='grc' dir='ltr'>μικρὸν</span> <span class='ocrx_word' id='word_1_418' title='bbox 1234 3125 1296 3191; x_wconf 84' lang='grc' dir='ltr'>ἐξ</span> <span class='ocrx_word' id='word_1_419' title='bbox 1364 3128 1570 3198; x_wconf 83' lang='grc' dir='ltr'>ἀμφοῖν</span> <span class='ocrx_word' id='word_1_420' title='bbox 1631 3130 1733 3200; x_wconf 78' lang='grc' dir='ltr'>τὴν</span> <span class='ocrx_word' id='word_1_421' title='bbox 1779 3131 1935 3185; x_wconf 85' lang='grc' dir='ltr'>πόλιν</span> <span class='ocrx_word' id='word_1_422' title='bbox 1978 3133 2185 3188; x_wconf 77' lang='grc' dir='ltr'>αὐτῶν·</span> <span class='ocrx_word' id='word_1_423' title='bbox 2245 3138 2462 3211; x_wconf 78' lang='grc' dir='ltr'>ἐρήμην</span> <span class='ocrx_word' id='word_1_424' title='bbox 2505 3138 2639 3193; x_wconf 80' lang='grc' dir='ltr'>λαοῦ</span> <span class='ocrx_word' id='word_1_425' title='bbox 2685 3142 2992 3211; x_wconf 80' lang='grc' dir='ltr'>γεγονέναι,</span> <span class='ocrx_word' id='word_1_426' title='bbox 3045 3144 3169 3215; x_wconf 78' lang='grc' dir='ltr'>ἥτις</span> <span class='ocrx_word' id='word_1_427' title='bbox 3223 3134 3533 3216; x_wconf 79' lang='grc' dir='ltr'>κεκράτητο</span> <span class='ocrx_word' id='word_1_428' title='bbox 3578 3142 3675 3198; x_wconf 79' lang='grc' dir='ltr'><strong>τοῦ</strong></span> 
     </span>
    </p>
   </div>
   <div class='ocr_carea' id='block_1_58' title="bbox 388 3212 2171 3301">
    <p class='ocr_par' dir='ltr' id='par_1_58' title="bbox 388 3212 2171 3301">
     <span class='ocr_line' id='line_1_58' title="bbox 388 3212 2171 3301; baseline 0.011 -36"><span class='ocrx_word' id='word_1_429' title='bbox 388 3212 591 3284; x_wconf 87' lang='grc' dir='ltr'>ταύτης</span> <span class='ocrx_word' id='word_1_430' title='bbox 625 3216 1058 3282; x_wconf 80' lang='grc' dir='ltr'>προστατοῦντος</span> <span class='ocrx_word' id='word_1_431' title='bbox 1104 3220 1582 3291; x_wconf 80' lang='grc' dir='ltr'>καταπτοηθέντος</span> <span class='ocrx_word' id='word_1_432' title='bbox 1598 3223 1645 3255; x_wconf 82' lang='grc'><strong>⁸⁸</strong></span> <span class='ocrx_word' id='word_1_433' title='bbox 1670 3225 2041 3298; x_wconf 84' lang='grc' dir='ltr'>Χρυσόχειρος</span> <span class='ocrx_word' id='word_1_434' title='bbox 2071 3229 2171 3301; x_wconf 88' lang='lat'><strong>(6).</strong></span> 
     </span>
    </p>
   </div>
   <div class='ocr_carea' id='block_1_59' title="bbox 458 3298 1982 3390">
    <p class='ocr_par' dir='ltr' id='par_1_59' title="bbox 458 3298 1973 3390">
     <span class='ocr_line' id='line_1_59' title="bbox 458 3298 1973 3390; baseline 0.009 -31"><span class='ocrx_word' id='word_1_435' title='bbox 458 3298 629 3372; x_wconf 73' lang='grc' dir='ltr'>Οὗτος</span> <span class='ocrx_word' id='word_1_436' title='bbox 692 3309 800 3379; x_wconf 78' lang='grc' dir='ltr'>γὰρ</span> <span class='ocrx_word' id='word_1_437' title='bbox 854 3311 884 3364; x_wconf 88' lang='grc' dir='ltr'><strong>ό</strong></span> <span class='ocrx_word' id='word_1_438' title='bbox 934 3310 1150 3377; x_wconf 75' lang='grc' dir='ltr'>ἀλαζὼν</span> <span class='ocrx_word' id='word_1_439' title='bbox 1184 3314 1286 3367; x_wconf 78' lang='grc' dir='ltr'>σὺν</span> <span class='ocrx_word' id='word_1_440' title='bbox 1332 3314 1591 3390; x_wconf 75' lang='grc' dir='ltr'>Καρὸαίᾳ</span> <span class='ocrx_word' id='word_1_441' title='bbox 1642 3320 1739 3372; x_wconf 88' lang='grc' dir='ltr'><strong>καί</strong></span> <span class='ocrx_word' id='word_1_442' title='bbox 1754 3318 1973 3374; x_wconf 63' lang='grc' dir='ltr'>’Καλλί-</span> 
     </span>
    </p>
   </div>
   <div class='ocr_carea' id='block_1_60' title="bbox 2083 3298 3678 3390">
    <p class='ocr_par' dir='ltr' id='par_1_60' title="bbox 2083 3298 3678 3385">
     <span class='ocr_line' id='line_1_60' title="bbox 2083 3298 3678 3385; baseline 0.003 -6"><span class='ocrx_word' id='word_1_443' title='bbox 2083 3298 2089 3301; x_wconf 23' lang='lat'>.</span> <span class='ocrx_word' id='word_1_444' title='bbox 2150 3324 2258 3380; x_wconf 89' lang='lat' dir='ltr'><strong>Iste</strong></span> <span class='ocrx_word' id='word_1_445' title='bbox 2292 3326 2441 3382; x_wconf 91' lang='lat' dir='ltr'><strong>enim</strong></span> <span class='ocrx_word' id='word_1_446' title='bbox 2482 3326 2648 3383; x_wconf 89' lang='lat' dir='ltr'><strong>homo</strong></span> <span class='ocrx_word' id='word_1_447' title='bbox 2674 3327 2916 3385; x_wconf 87' lang='lat' dir='ltr'><strong>insolens</strong></span> <span class='ocrx_word' id='word_1_448' title='bbox 2954 3344 3079 3384; x_wconf 91' lang='lat' dir='ltr'><strong>cum</strong></span> <span class='ocrx_word' id='word_1_449' title='bbox 3115 3327 3327 3385; x_wconf 88' lang='lat' dir='ltr'><strong>Carbea</strong></span> <span class='ocrx_word' id='word_1_450' title='bbox 3364 3339 3419 3385; x_wconf 89' lang='lat' dir='ltr'><strong>et</strong></span> <span class='ocrx_word' id='word_1_451' title='bbox 3450 3329 3678 3385; x_wconf 86' lang='lat' dir='ltr'><strong>Callisto</strong></span> 
     </span>
    </p>
   </div>
   <div class='ocr_carea' id='block_1_61' title="bbox 389 3399 1990 3479">
    <p class='ocr_par' dir='ltr' id='par_1_61' title="bbox 389 3399 1990 3479">
     <span class='ocr_line' id='line_1_61' title="bbox 389 3399 1990 3479; baseline 0.007 -28"><span class='ocrx_word' id='word_1_452' title='bbox 389 3414 501 3469; x_wconf 86' lang='grc' dir='ltr'>στῳ</span> <span class='ocrx_word' id='word_1_453' title='bbox 528 3399 607 3470; x_wconf 90' lang='lat'><strong>(7)</strong></span> <span class='ocrx_word' id='word_1_454' title='bbox 638 3399 866 3455; x_wconf 83' lang='grc' dir='ltr'>πλεῖστα</span> <span class='ocrx_word' id='word_1_455' title='bbox 891 3402 1039 3456; x_wconf 83' lang='grc' dir='ltr'>κακὰ</span> <span class='ocrx_word' id='word_1_456' title='bbox 1062 3403 1412 3475; x_wconf 84' lang='grc' dir='ltr'>Χριστιανοϊς</span> <span class='ocrx_word' id='word_1_457' title='bbox 1453 3413 1882 3479; x_wconf 81' lang='grc' dir='ltr'>τεκτηνάμενος,</span> <span class='ocrx_word' id='word_1_458' title='bbox 1914 3408 1990 3473; x_wconf 85' lang='grc' dir='ltr'>ὡς</span> 
     </span>
    </p>
   </div>
   <div class='ocr_carea' id='block_1_62' title="bbox 390 3493 1988 3571">
    <p class='ocr_par' dir='ltr' id='par_1_62' title="bbox 390 3493 1988 3571">
     <span class='ocr_line' id='line_1_62' title="bbox 390 3493 1988 3571; baseline 0.008 -27"><span class='ocrx_word' id='word_1_459' title='bbox 390 3493 486 3546; x_wconf 78' lang='grc' dir='ltr'>καὶ</span> <span class='ocrx_word' id='word_1_460' title='bbox 519 3494 764 3547; x_wconf 85' lang='grc' dir='ltr'>ότούτου</span> <span class='ocrx_word' id='word_1_461' title='bbox 796 3496 1002 3566; x_wconf 80' lang='grc' dir='ltr'>πατὴρ,</span> <span class='ocrx_word' id='word_1_462' title='bbox 1029 3498 1124 3549; x_wconf 78' lang='grc' dir='ltr'><strong>καὶ</strong></span> <span class='ocrx_word' id='word_1_463' title='bbox 1158 3497 1322 3569; x_wconf 81' lang='grc' dir='ltr'>μέχρι</span> <span class='ocrx_word' id='word_1_464' title='bbox 1342 3499 1719 3571; x_wconf 82' lang='grc' dir='ltr'>Νικομηδείας</span> <span class='ocrx_word' id='word_1_465' title='bbox 1750 3503 1849 3556; x_wconf 80' lang='grc' dir='ltr'>καὶ</span> <span class='ocrx_word' id='word_1_466' title='bbox 1887 3503 1988 3556; x_wconf 86' lang='grc' dir='ltr'><strong>Νι-</strong></span> 
     </span>
    </p>
   </div>
   <div class='ocr_carea' id='block_1_63' title="bbox 390 3588 1993 3669">
    <p class='ocr_par' dir='ltr' id='par_1_63' title="bbox 390 3588 1993 3669">
     <span class='ocr_line' id='line_1_63' title="bbox 390 3588 1993 3669; baseline 0.007 -28"><span class='ocrx_word' id='word_1_467' title='bbox 390 3588 558 3651; x_wconf 81' lang='grc' dir='ltr'>καίας</span> <span class='ocrx_word' id='word_1_468' title='bbox 587 3589 763 3658; x_wconf 80' lang='grc' dir='ltr'>αὐτῆς</span> <span class='ocrx_word' id='word_1_469' title='bbox 783 3590 1031 3655; x_wconf 85' lang='grc' dir='ltr'>διελθὼν,</span> <span class='ocrx_word' id='word_1_470' title='bbox 1068 3592 1208 3648; x_wconf 80' lang='grc' dir='ltr'>ἀλλὰ</span> <span class='ocrx_word' id='word_1_471' title='bbox 1233 3594 1342 3666; x_wconf 80' lang='grc' dir='ltr'>μὴν</span> <span class='ocrx_word' id='word_1_472' title='bbox 1379 3596 1476 3650; x_wconf 71' lang='grc' dir='ltr'>καὶ</span> <span class='ocrx_word' id='word_1_473' title='bbox 1502 3597 1585 3662; x_wconf 82' lang='grc' dir='ltr'><strong>είς</strong></span> <span class='ocrx_word' id='word_1_474' title='bbox 1615 3597 1679 3651; x_wconf 80' lang='grc' dir='ltr'>τὸ</span> <span class='ocrx_word' id='word_1_475' title='bbox 1699 3598 1810 3651; x_wconf 85' lang='grc' dir='ltr'><strong>τῶν</strong></span> <span class='ocrx_word' id='word_1_476' title='bbox 1838 3598 1993 3669; x_wconf 68' lang='grc' dir='ltr'>Θρᾳ-</span> 
     </span>
    </p>
   </div>
   <div class='ocr_carea' id='block_1_64' title="bbox 391 3680 1993 3757">
    <p class='ocr_par' dir='ltr' id='par_1_64' title="bbox 391 3680 1993 3757">
     <span class='ocr_line' id='line_1_64' title="bbox 391 3680 1993 3757; baseline 0.007 -24"><span class='ocrx_word' id='word_1_477' title='bbox 391 3680 601 3751; x_wconf 81' lang='grc' dir='ltr'>κησίων</span> <span class='ocrx_word' id='word_1_478' title='bbox 628 3681 770 3752; x_wconf 82' lang='grc' dir='ltr'>θέμα</span> <span class='ocrx_word' id='word_1_479' title='bbox 796 3683 1138 3755; x_wconf 81' lang='grc' dir='ltr'>διαδραμὼν,</span> <span class='ocrx_word' id='word_1_480' title='bbox 1161 3686 1357 3757; x_wconf 79' lang='grc' dir='ltr'>μέχρις</span> <span class='ocrx_word' id='word_1_481' title='bbox 1392 3688 1644 3743; x_wconf 82' lang='grc' dir='ltr'>Ἰωάννου</span> <span class='ocrx_word' id='word_1_482' title='bbox 1669 3689 1765 3743; x_wconf 78' lang='grc' dir='ltr'><strong>τοῦ</strong></span> <span class='ocrx_word' id='word_1_483' title='bbox 1795 3689 1993 3745; x_wconf 81' lang='grc' dir='ltr'>Θεολύ-</span> 
     </span>
    </p>
   </div>
   <div class='ocr_carea' id='block_1_65' title="bbox 391 3772 1993 3851">
    <p class='ocr_par' dir='ltr' id='par_1_65' title="bbox 391 3772 1993 3851">
     <span class='ocr_line' id='line_1_65' title="bbox 391 3772 1993 3851; baseline 0.007 -26"><span class='ocrx_word' id='word_1_484' title='bbox 391 3790 491 3842; x_wconf 86' lang='grc' dir='ltr'>γου</span> <span class='ocrx_word' id='word_1_485' title='bbox 530 3773 629 3845; x_wconf 85' lang='grc' dir='ltr'>τῆς</span> <span class='ocrx_word' id='word_1_486' title='bbox 681 3776 954 3846; x_wconf 76' lang='grc' dir='ltr'>ἐπαρχίας</span> <span class='ocrx_word' id='word_1_487' title='bbox 1001 3779 1369 3849; x_wconf 84' lang='grc' dir='ltr'>κατήντησεν,</span> <span class='ocrx_word' id='word_1_488' title='bbox 1423 3772 1642 3845; x_wconf 79' lang='grc' dir='ltr'>οὗτινος</span> <span class='ocrx_word' id='word_1_489' title='bbox 1696 3781 1775 3851; x_wconf 81' lang='grc' dir='ltr'>τῷ</span> <span class='ocrx_word' id='word_1_490' title='bbox 1804 3781 1917 3851; x_wconf 83' lang='grc' dir='ltr'>ναῷ</span> <span class='ocrx_word' id='word_1_491' title='bbox 1943 3783 1993 3835; x_wconf 79' lang='grc' dir='ltr'>οἱ</span> 
     </span>
    </p>
   </div>
   <div class='ocr_carea' id='block_1_66' title="bbox 394 3864 1993 3942">
    <p class='ocr_par' dir='ltr' id='par_1_66' title="bbox 394 3864 1993 3942">
     <span class='ocr_line' id='line_1_66' title="bbox 394 3864 1993 3942; baseline 0.005 -25"><span class='ocrx_word' id='word_1_492' title='bbox 394 3865 492 3918; x_wconf 74' lang='grc' dir='ltr'><strong>σὺν</strong></span> <span class='ocrx_word' id='word_1_493' title='bbox 522 3864 674 3934; x_wconf 81' lang='grc' dir='ltr'>αὐτῷ</span> <span class='ocrx_word' id='word_1_494' title='bbox 708 3866 1030 3935; x_wconf 77' lang='grc' dir='ltr'>ἐντυχόντες</span> <span class='ocrx_word' id='word_1_495' title='bbox 1056 3869 1360 3937; x_wconf 71' lang='grc' dir='ltr'>εἰσήγαγον</span> <span class='ocrx_word' id='word_1_496' title='bbox 1386 3872 1459 3925; x_wconf 84' lang='grc' dir='ltr'><strong>τά</strong></span> <span class='ocrx_word' id='word_1_497' title='bbox 1485 3888 1545 3924; x_wconf 85' lang='grc' dir='ltr'><strong>τε</strong></span> <span class='ocrx_word' id='word_1_498' title='bbox 1579 3872 1751 3939; x_wconf 76' lang='grc' dir='ltr'>ἄλογα</span> <span class='ocrx_word' id='word_1_499' title='bbox 1785 3871 1862 3942; x_wconf 90' lang='grc'><strong>(8)</strong></span> <span class='ocrx_word' id='word_1_500' title='bbox 1892 3873 1993 3925; x_wconf 83' lang='grc' dir='ltr'>αύ-</span> 
     </span>
    </p>
   </div>
   <div class='ocr_carea' id='block_1_67' title="bbox 392 3954 1988 4031">
    <p class='ocr_par' dir='ltr' id='par_1_67' title="bbox 392 3954 1988 4031">
     <span class='ocr_line' id='line_1_67' title="bbox 392 3954 1988 4031; baseline 0.003 -23"><span class='ocrx_word' id='word_1_501' title='bbox 392 3955 504 4008; x_wconf 87' lang='grc' dir='ltr'>τῶν</span> <span class='ocrx_word' id='word_1_502' title='bbox 535 3954 629 4009; x_wconf 73' lang='grc' dir='ltr'>καὶ</span> <span class='ocrx_word' id='word_1_503' title='bbox 659 3955 857 4025; x_wconf 84' lang='grc' dir='ltr'>λοιπὴν</span> <span class='ocrx_word' id='word_1_504' title='bbox 887 3956 1229 4028; x_wconf 85' lang='grc' dir='ltr'>ἀποσκευὴν,</span> <span class='ocrx_word' id='word_1_505' title='bbox 1273 3957 1562 4029; x_wconf 79' lang='grc' dir='ltr'>δυσμενῶς</span> <span class='ocrx_word' id='word_1_506' title='bbox 1590 3957 1988 4031; x_wconf 78' lang='grc' dir='ltr'>ἐνυϐρίζοντες.</span> 
     </span>
    </p>
   </div>
   <div class='ocr_carea' id='block_1_68' title="bbox 398 4043 1991 4123">
    <p class='ocr_par' dir='ltr' id='par_1_68' title="bbox 398 4043 1991 4123">
     <span class='ocr_line' id='line_1_68' title="bbox 398 4043 1991 4123; baseline 0.002 -21"><span class='ocrx_word' id='word_1_507' title='bbox 398 4048 541 4119; x_wconf 74' lang='grc' dir='ltr'>Πρὸς</span> <span class='ocrx_word' id='word_1_508' title='bbox 574 4043 669 4102; x_wconf 79' lang='grc' dir='ltr'>οὖν</span> <span class='ocrx_word' id='word_1_509' title='bbox 696 4048 788 4102; x_wconf 84' lang='grc' dir='ltr'>τὸν</span> <span class='ocrx_word' id='word_1_510' title='bbox 819 4050 1166 4120; x_wconf 82' lang='grc' dir='ltr'>Χρυσόχειρα</span> <span class='ocrx_word' id='word_1_511' title='bbox 1185 4053 1390 4121; x_wconf 80' lang='grc' dir='ltr'>γράφει</span> <span class='ocrx_word' id='word_1_512' title='bbox 1421 4051 1450 4104; x_wconf 86' lang='grc' dir='ltr'><strong>ό</strong></span> <span class='ocrx_word' id='word_1_513' title='bbox 1481 4050 1740 4121; x_wconf 80' lang='grc' dir='ltr'>βασιλεὺς</span> <span class='ocrx_word' id='word_1_514' title='bbox 1762 4052 1991 4123; x_wconf 69' lang='grc' dir='ltr'>εἰρήνην</span> 
     </span>
    </p>
   </div>
   <div class='ocr_carea' id='block_1_69' title="bbox 399 4134 1993 4213">
    <p class='ocr_par' dir='ltr' id='par_1_69' title="bbox 399 4134 1993 4213">
     <span class='ocr_line' id='line_1_69' title="bbox 399 4134 1993 4213; baseline 0.004 -22"><span class='ocrx_word' id='word_1_515' title='bbox 399 4138 713 4204; x_wconf 84' lang='grc' dir='ltr'>συνθέσθαι,</span> <span class='ocrx_word' id='word_1_516' title='bbox 768 4134 857 4193; x_wconf 76' lang='grc' dir='ltr'>οἷα</span> <span class='ocrx_word' id='word_1_517' title='bbox 909 4141 1004 4193; x_wconf 78' lang='grc' dir='ltr'>τὸν</span> <span class='ocrx_word' id='word_1_518' title='bbox 1058 4141 1261 4210; x_wconf 83' lang='grc' dir='ltr'>τρόπον</span> <span class='ocrx_word' id='word_1_519' title='bbox 1294 4140 1573 4211; x_wconf 76' lang='grc' dir='ltr'>είρηνικὸς</span> <span class='ocrx_word' id='word_1_520' title='bbox 1603 4141 1865 4213; x_wconf 80' lang='grc' dir='ltr'>ὑπάρχων</span> <span class='ocrx_word' id='word_1_521' title='bbox 1896 4144 1993 4197; x_wconf 75' lang='grc' dir='ltr'>καὶ</span> 
     </span>
    </p>
   </div>
   <div class='ocr_carea' id='block_1_70' title="bbox 398 4229 1994 4303">
    <p class='ocr_par' dir='ltr' id='par_1_70' title="bbox 398 4229 1994 4303">
     <span class='ocr_line' id='line_1_70' title="bbox 398 4229 1994 4303; baseline 0.003 -19"><span class='ocrx_word' id='word_1_522' title='bbox 398 4229 776 4302; x_wconf 81' lang='grc' dir='ltr'>εὖσπλαγχνος</span> <span class='ocrx_word' id='word_1_523' title='bbox 813 4233 1006 4296; x_wconf 80' lang='grc' dir='ltr'>ὅντως,</span> <span class='ocrx_word' id='word_1_524' title='bbox 1036 4234 1180 4287; x_wconf 84' lang='grc' dir='ltr'>κατὰ</span> <span class='ocrx_word' id='word_1_525' title='bbox 1207 4233 1268 4287; x_wconf 83' lang='grc' dir='ltr'>τὸ</span> <span class='ocrx_word' id='word_1_526' title='bbox 1299 4232 1483 4302; x_wconf 84' lang='grc' dir='ltr'>λόγιον</span> <span class='ocrx_word' id='word_1_527' title='bbox 1512 4233 1577 4286; x_wconf 79' lang='grc' dir='ltr'>τὸ</span> <span class='ocrx_word' id='word_1_528' title='bbox 1602 4234 1812 4303; x_wconf 81' lang='grc' dir='ltr'>φάσκον</span> <span class='ocrx_word' id='word_1_529' title='bbox 1834 4251 1849 4265; x_wconf 90' lang='grc'>·</span> <span class='ocrx_word' id='word_1_530' title='bbox 1887 4236 1994 4289; x_wconf 88' lang='grc' dir='ltr'><strong>Γί-</strong></span> 
     </span>
    </p>
   </div>
   <div class='ocr_carea' id='block_1_71' title="bbox 397 4328 1990 4399">
    <p class='ocr_par' dir='ltr' id='par_1_71' title="bbox 397 4328 1990 4399">
     <span class='ocr_line' id='line_1_71' title="bbox 397 4328 1990 4399; baseline 0.001 -19"><span class='ocrx_word' id='word_1_531' title='bbox 397 4330 580 4381; x_wconf 78' lang='grc' dir='ltr'>νεσθε</span> <span class='ocrx_word' id='word_1_532' title='bbox 609 4328 761 4396; x_wconf 83' lang='grc' dir='ltr'>πρὸς</span> <span class='ocrx_word' id='word_1_533' title='bbox 784 4328 1103 4399; x_wconf 73' lang='grc' dir='ltr'><strong>ἀλλήλους</strong></span> <span class='ocrx_word' id='word_1_534' title='bbox 1132 4328 1389 4399; x_wconf 76' lang='grc' dir='ltr'>χρηστοὶ</span> <span class='ocrx_word' id='word_1_535' title='bbox 1413 4328 1512 4383; x_wconf 80' lang='grc' dir='ltr'>καὶ</span> <span class='ocrx_word' id='word_1_536' title='bbox 1547 4330 1990 4399; x_wconf 78' lang='grc' dir='ltr'>εὔσπλαγχνοι,</span> 
     </span>
    </p>
   </div>
   <div class='ocr_carea' id='block_1_72' title="bbox 2087 3417 3675 3492">
    <p class='ocr_par' dir='ltr' id='par_1_72' title="bbox 2087 3417 3675 3492">
     <span class='ocr_line' id='line_1_72' title="bbox 2087 3417 3675 3492; baseline 0.003 -22"><span class='ocrx_word' id='word_1_537' title='bbox 2087 3417 2325 3487; x_wconf 88' lang='lat' dir='ltr'><strong>plurima</strong></span> <span class='ocrx_word' id='word_1_538' title='bbox 2349 3419 2490 3473; x_wconf 90' lang='lat' dir='ltr'><strong>mala</strong></span> <span class='ocrx_word' id='word_1_539' title='bbox 2514 3419 2848 3477; x_wconf 86' lang='lat' dir='ltr'><strong>Christianis</strong></span> <span class='ocrx_word' id='word_1_540' title='bbox 2874 3422 3081 3485; x_wconf 90' lang='lat' dir='ltr'><strong>intulit,</strong></span> <span class='ocrx_word' id='word_1_541' title='bbox 3110 3421 3255 3476; x_wconf 90' lang='lat' dir='ltr'><strong>sicut</strong></span> <span class='ocrx_word' id='word_1_542' title='bbox 3275 3431 3332 3477; x_wconf 91' lang='lat' dir='ltr'><strong>et</strong></span> <span class='ocrx_word' id='word_1_543' title='bbox 3352 3422 3472 3492; x_wconf 84' lang='lat' dir='ltr'><strong>ejus</strong></span> <span class='ocrx_word' id='word_1_544' title='bbox 3499 3432 3675 3491; x_wconf 86' lang='lat' dir='ltr'><strong>pater,</strong></span> 
     </span>
    </p>
   </div>
   <div class='ocr_carea' id='block_1_73' title="bbox 2087 3511 3677 3584">
    <p class='ocr_par' dir='ltr' id='par_1_73' title="bbox 2087 3511 3677 3584">
     <span class='ocr_line' id='line_1_73' title="bbox 2087 3511 3677 3584; baseline 0.003 -20"><span class='ocrx_word' id='word_1_545' title='bbox 2087 3519 2254 3580; x_wconf 89' lang='lat' dir='ltr'><strong>atque</strong></span> <span class='ocrx_word' id='word_1_546' title='bbox 2296 3511 2675 3567; x_wconf 86' lang='lat' dir='ltr'><strong>Nicomediam</strong></span> <span class='ocrx_word' id='word_1_547' title='bbox 2720 3529 2894 3583; x_wconf 91' lang='lat' dir='ltr'><strong>usque</strong></span> <span class='ocrx_word' id='word_1_548' title='bbox 2926 3530 2990 3570; x_wconf 90' lang='lat' dir='ltr'><strong>ac</strong></span> <span class='ocrx_word' id='word_1_549' title='bbox 3023 3514 3259 3569; x_wconf 59' lang='lat' dir='ltr'><strong>Nicaeam</strong></span> <span class='ocrx_word' id='word_1_550' title='bbox 3289 3514 3461 3584; x_wconf 88' lang='lat' dir='ltr'><strong>ipsam</strong></span> <span class='ocrx_word' id='word_1_551' title='bbox 3489 3514 3677 3584; x_wconf 80' lang='lat' dir='ltr'><strong>profe-</strong></span> 
     </span>
    </p>
   </div>
   <div class='ocr_carea' id='block_1_74' title="bbox 2088 3604 3680 3678">
    <p class='ocr_par' dir='ltr' id='par_1_74' title="bbox 2088 3604 3680 3678">
     <span class='ocr_line' id='line_1_74' title="bbox 2088 3604 3680 3678; baseline 0.001 -20"><span class='ocrx_word' id='word_1_552' title='bbox 2088 3612 2235 3670; x_wconf 87' lang='lat' dir='ltr'><strong>ctus,</strong></span> <span class='ocrx_word' id='word_1_553' title='bbox 2298 3618 2399 3673; x_wconf 89' lang='lat' dir='ltr'><strong>per</strong></span> <span class='ocrx_word' id='word_1_554' title='bbox 2450 3604 2849 3661; x_wconf 86' lang='lat' dir='ltr'><strong>Thracensium</strong></span> <span class='ocrx_word' id='word_1_555' title='bbox 2896 3608 3062 3662; x_wconf 90' lang='lat' dir='ltr'><strong>etiam</strong></span> <span class='ocrx_word' id='word_1_556' title='bbox 3121 3608 3329 3670; x_wconf 84' lang='lat' dir='ltr'><strong>thema.</strong></span> <span class='ocrx_word' id='word_1_557' title='bbox 3374 3624 3550 3678; x_wconf 90' lang='lat' dir='ltr'><strong>usque</strong></span> <span class='ocrx_word' id='word_1_558' title='bbox 3610 3607 3680 3661; x_wconf 86' lang='lat' dir='ltr'><strong>ad</strong></span> 
     </span>
    </p>
   </div>
   <div class='ocr_carea' id='block_1_75' title="bbox 2087 3689 3679 3764">
    <p class='ocr_par' dir='ltr' id='par_1_75' title="bbox 2087 3689 3679 3764">
     <span class='ocr_line' id='line_1_75' title="bbox 2087 3689 3679 3764; baseline 0.001 -19"><span class='ocrx_word' id='word_1_559' title='bbox 2087 3689 2317 3745; x_wconf 83' lang='lat' dir='ltr'><strong>Joannis</strong></span> <span class='ocrx_word' id='word_1_560' title='bbox 2333 3689 2595 3762; x_wconf 80' lang='lat' dir='ltr'><strong>Theologi</strong></span> <span class='ocrx_word' id='word_1_561' title='bbox 2620 3692 2900 3763; x_wconf 81' lang='lat' dir='ltr'><strong>regionem</strong></span> <span class='ocrx_word' id='word_1_562' title='bbox 2921 3694 3192 3763; x_wconf 87' lang='lat' dir='ltr'><strong>pervenit.</strong></span> <span class='ocrx_word' id='word_1_563' title='bbox 3208 3693 3382 3764; x_wconf 81' lang='lat' dir='ltr'><strong>Cujus</strong></span> <span class='ocrx_word' id='word_1_564' title='bbox 3415 3693 3679 3762; x_wconf 88' lang='lat' dir='ltr'><strong>templum</strong></span> 
     </span>
    </p>
   </div>
   <div class='ocr_carea' id='block_1_76' title="bbox 2098 3781 3682 3853">
    <p class='ocr_par' dir='ltr' id='par_1_76' title="bbox 2098 3781 3682 3853">
     <span class='ocr_line' id='line_1_76' title="bbox 2098 3781 3682 3853; baseline 0.002 -18"><span class='ocrx_word' id='word_1_565' title='bbox 2098 3781 2137 3836; x_wconf 93' lang='lat' dir='ltr'><strong>ii</strong></span> <span class='ocrx_word' id='word_1_566' title='bbox 2180 3781 2273 3851; x_wconf 92' lang='lat' dir='ltr'><strong>qui</strong></span> <span class='ocrx_word' id='word_1_567' title='bbox 2300 3795 2425 3835; x_wconf 88' lang='lat' dir='ltr'><strong>cum</strong></span> <span class='ocrx_word' id='word_1_568' title='bbox 2453 3783 2551 3837; x_wconf 92' lang='lat' dir='ltr'><strong>illo</strong></span> <span class='ocrx_word' id='word_1_569' title='bbox 2571 3792 2729 3837; x_wconf 89' lang='lat' dir='ltr'><strong>erant</strong></span> <span class='ocrx_word' id='word_1_570' title='bbox 2759 3784 3032 3838; x_wconf 86' lang='lat' dir='ltr'><strong>intrantes</strong></span> <span class='ocrx_word' id='word_1_571' title='bbox 3061 3783 3489 3839; x_wconf 82' lang='lat' dir='ltr'><strong>introduxerunt</strong></span> <span class='ocrx_word' id='word_1_572' title='bbox 3507 3799 3682 3853; x_wconf 84' lang='lat' dir='ltr'><strong>equos</strong></span> 
     </span>
    </p>
   </div>
   <div class='ocr_carea' id='block_1_77' title="bbox 2093 3871 3686 3944">
    <p class='ocr_par' dir='ltr' id='par_1_77' title="bbox 2093 3871 3686 3944">
     <span class='ocr_line' id='line_1_77' title="bbox 2093 3871 3686 3944; baseline 0.001 -17"><span class='ocrx_word' id='word_1_573' title='bbox 2093 3886 2226 3927; x_wconf 87' lang='lat' dir='ltr'><strong>suos</strong></span> <span class='ocrx_word' id='word_1_574' title='bbox 2257 3878 2315 3926; x_wconf 93' lang='lat' dir='ltr'><strong>et</strong></span> <span class='ocrx_word' id='word_1_575' title='bbox 2358 3871 2772 3942; x_wconf 86' lang='lat' dir='ltr'><strong>impedimenta,</strong></span> <span class='ocrx_word' id='word_1_576' title='bbox 2816 3873 3094 3928; x_wconf 90' lang='lat' dir='ltr'><strong>hostiliter</strong></span> <span class='ocrx_word' id='word_1_577' title='bbox 3124 3874 3471 3928; x_wconf 84' lang='lat' dir='ltr'><strong>insultantes.</strong></span> <span class='ocrx_word' id='word_1_578' title='bbox 3513 3874 3686 3944; x_wconf 87' lang='lat' dir='ltr'><strong>Igitur</strong></span> 
     </span>
    </p>
   </div>
   <div class='ocr_carea' id='block_1_78' title="bbox 2092 3962 3685 4035">
    <p class='ocr_par' dir='ltr' id='par_1_78' title="bbox 2092 3962 3685 4035">
     <span class='ocr_line' id='line_1_78' title="bbox 2092 3962 3685 4035; baseline -0.001 -16"><span class='ocrx_word' id='word_1_579' title='bbox 2092 3964 2159 4019; x_wconf 90' lang='lat' dir='ltr'><strong>ad</strong></span> <span class='ocrx_word' id='word_1_580' title='bbox 2209 3962 2633 4033; x_wconf 82' lang='lat' dir='ltr'><strong>Chrysochirem</strong></span> <span class='ocrx_word' id='word_1_581' title='bbox 2688 3966 2884 4020; x_wconf 88' lang='lat' dir='ltr'><strong>scribit</strong></span> <span class='ocrx_word' id='word_1_582' title='bbox 2928 3966 3229 4035; x_wconf 88' lang='lat' dir='ltr'><strong>imperator</strong></span> <span class='ocrx_word' id='word_1_583' title='bbox 3264 3965 3414 4035; x_wconf 87' lang='lat' dir='ltr'><strong>pacis</strong></span> <span class='ocrx_word' id='word_1_584' title='bbox 3455 3978 3685 4035; x_wconf 83' lang='lat' dir='ltr'><strong>cumpo-</strong></span> 
     </span>
    </p>
   </div>
   <div class='ocr_carea' id='block_1_79' title="bbox 2090 4056 3684 4127">
    <p class='ocr_par' dir='ltr' id='par_1_79' title="bbox 2090 4056 3684 4127">
     <span class='ocr_line' id='line_1_79' title="bbox 2090 4056 3684 4127; baseline 0.002 -15"><span class='ocrx_word' id='word_1_585' title='bbox 2090 4056 2288 4112; x_wconf 77' lang='lat' dir='ltr'><strong>nendae</strong></span> <span class='ocrx_word' id='word_1_586' title='bbox 2327 4072 2512 4122; x_wconf 87' lang='lat' dir='ltr'><strong>causa,</strong></span> <span class='ocrx_word' id='word_1_587' title='bbox 2564 4065 2625 4111; x_wconf 91' lang='lat' dir='ltr'><strong>ut</strong></span> <span class='ocrx_word' id='word_1_588' title='bbox 2652 4057 2748 4127; x_wconf 91' lang='lat' dir='ltr'><strong>qui</strong></span> <span class='ocrx_word' id='word_1_589' title='bbox 2792 4065 2912 4113; x_wconf 86' lang='lat' dir='ltr'><strong>erat</strong></span> <span class='ocrx_word' id='word_1_590' title='bbox 2951 4059 3108 4127; x_wconf 73' lang='lat'><strong>122</strong></span> <span class='ocrx_word' id='word_1_591' title='bbox 3148 4057 3414 4127; x_wconf 83' lang='lat' dir='ltr'><strong>paciﬁcus</strong></span> <span class='ocrx_word' id='word_1_592' title='bbox 3450 4066 3507 4111; x_wconf 89' lang='lat' dir='ltr'><strong>et</strong></span> <span class='ocrx_word' id='word_1_593' title='bbox 3555 4072 3684 4115; x_wconf 73' lang='lat' dir='ltr'><strong>vere</strong></span> 
     </span>
    </p>
   </div>
   <div class='ocr_carea' id='block_1_80' title="bbox 2095 4148 3687 4219">
    <p class='ocr_par' dir='ltr' id='par_1_80' title="bbox 2095 4148 3687 4219">
     <span class='ocr_line' id='line_1_80' title="bbox 2095 4148 3687 4219; baseline 0 -17"><span class='ocrx_word' id='word_1_594' title='bbox 2095 4149 2433 4213; x_wconf 87' lang='lat' dir='ltr'><strong>misericors,</strong></span> <span class='ocrx_word' id='word_1_595' title='bbox 2461 4148 2765 4204; x_wconf 89' lang='lat' dir='ltr'><strong>secundum</strong></span> <span class='ocrx_word' id='word_1_596' title='bbox 2781 4150 3068 4204; x_wconf 85' lang='lat' dir='ltr'><strong>oraculum</strong></span> <span class='ocrx_word' id='word_1_597' title='bbox 3102 4148 3249 4219; x_wconf 91' lang='lat' dir='ltr'><strong>quod</strong></span> <span class='ocrx_word' id='word_1_598' title='bbox 3268 4148 3379 4203; x_wconf 88' lang='lat' dir='ltr'><strong>ait:</strong></span> <span class='ocrx_word' id='word_1_599' title='bbox 3401 4148 3687 4203; x_wconf 79' lang='lat' dir='ltr'><strong>Estotein-</strong></span> 
     </span>
    </p>
   </div>
   <div class='ocr_carea' id='block_1_81' title="bbox 2098 4238 3685 4309">
    <p class='ocr_par' dir='ltr' id='par_1_81' title="bbox 2098 4238 3685 4309">
     <span class='ocr_line' id='line_1_81' title="bbox 2098 4238 3685 4309; baseline 0.001 -17"><span class='ocrx_word' id='word_1_600' title='bbox 2098 4240 2261 4292; x_wconf 79' lang='lat' dir='ltr'><strong>uicem</strong></span> <span class='ocrx_word' id='word_1_601' title='bbox 2283 4239 2495 4309; x_wconf 81' lang='lat' dir='ltr'><strong>benigni</strong></span> <span class='ocrx_word' id='word_1_602' title='bbox 2523 4246 2573 4292; x_wconf 82' lang='lat' dir='ltr'><strong>et</strong></span> <span class='ocrx_word' id='word_1_603' title='bbox 2596 4239 2979 4303; x_wconf 82' lang='lat' dir='ltr'><strong>misericordes,</strong></span> <span class='ocrx_word' id='word_1_604' title='bbox 3002 4238 3258 4294; x_wconf 79' lang='lat' dir='ltr'><strong>donantes</strong></span> <span class='ocrx_word' id='word_1_605' title='bbox 3289 4240 3529 4303; x_wconf 81' lang='lat' dir='ltr'><strong>inuicem,</strong></span> <span class='ocrx_word' id='word_1_606' title='bbox 3553 4239 3685 4293; x_wconf 68' lang='lat' dir='ltr'><strong>sicut</strong></span> 
     </span>
    </p>
   </div>
   <div class='ocr_carea' id='block_1_82' title="bbox 2100 4327 3690 4399">
    <p class='ocr_par' dir='ltr' id='par_1_82' title="bbox 2100 4327 3690 4399">
     <span class='ocr_line' id='line_1_82' title="bbox 2100 4327 3690 4399; baseline 0.002 -18"><span class='ocrx_word' id='word_1_607' title='bbox 2100 4336 2150 4381; x_wconf 86' lang='lat' dir='ltr'><strong>et</strong></span> <span class='ocrx_word' id='word_1_608' title='bbox 2183 4327 2419 4384; x_wconf 81' lang='lat' dir='ltr'><strong>Christus</strong></span> <span class='ocrx_word' id='word_1_609' title='bbox 2452 4329 2595 4384; x_wconf 75' lang='lat' dir='ltr'><strong>nobis</strong></span> <span class='ocrx_word' id='word_1_610' title='bbox 2632 4344 2688 4384; x_wconf 83' lang='lat' dir='ltr'><strong>se</strong></span> <span class='ocrx_word' id='word_1_611' title='bbox 2719 4331 2892 4399; x_wconf 84' lang='lat' dir='ltr'><strong>ipsum</strong></span> <span class='ocrx_word' id='word_1_612' title='bbox 2914 4329 3129 4383; x_wconf 80' lang='lat' dir='ltr'><strong>donauit</strong></span> <span class='ocrx_word' id='word_1_613' title='bbox 3163 4344 3183 4384; x_wconf 92' lang='lat'><strong><em>:</em></strong></span> <span class='ocrx_word' id='word_1_614' title='bbox 3214 4337 3361 4384; x_wconf 85' lang='lat' dir='ltr'><strong>esset</strong></span> <span class='ocrx_word' id='word_1_615' title='bbox 3393 4336 3690 4384; x_wconf 80' lang='lat' dir='ltr'><strong>contentus</strong></span> 
     </span>
    </p>
   </div>
   <div class='ocr_carea' id='block_1_83' title="bbox 1683 4458 2358 4518">
    <p class='ocr_par' dir='ltr' id='par_1_83' title="bbox 1683 4458 2358 4518">
     <span class='ocr_line' id='line_1_83' title="bbox 1683 4458 2358 4518; baseline 0.003 -3"><span class='ocrx_word' id='word_1_616' title='bbox 1683 4459 1916 4515; x_wconf 74' lang='lat' dir='ltr'><strong>VARUE</strong></span> <span class='ocrx_word' id='word_1_617' title='bbox 1953 4458 2358 4518; x_wconf 82' lang='lat' dir='ltr'><strong>[.ECTIONES.</strong></span> 
     </span>
    </p>
   </div>
   <div class='ocr_carea' id='block_1_84' title="bbox 474 4550 1733 4678">
    <p class='ocr_par' dir='ltr' id='par_1_84' title="bbox 474 4550 1733 4678">
     <span class='ocr_line' id='line_1_84' title="bbox 474 4550 1733 4678; baseline 0 -73"><span class='ocrx_word' id='word_1_618' title='bbox 474 4550 518 4584; x_wconf 68' lang='grc' dir='ltr'><strong>δ’</strong></span> <span class='ocrx_word' id='word_1_619' title='bbox 547 4551 978 4623; x_wconf 80' lang='grc' dir='ltr'>θαυμασιώτητα</span> <span class='ocrx_word' id='word_1_620' title='bbox 1040 4552 1102 4606; x_wconf 90' lang='lat' dir='ltr'><strong>L.</strong></span> <span class='ocrx_word' id='word_1_621' title='bbox 1180 4552 1226 4585; x_wconf 77' lang='lat'><strong>&#39;°</strong></span> <span class='ocrx_word' id='word_1_622' title='bbox 1257 4553 1640 4678; x_wconf 62' lang='grc' dir='ltr'>Σαμωσατέως</span> <span class='ocrx_word' id='word_1_623' title='bbox 1670 4552 1733 4606; x_wconf 61' lang='grc' dir='ltr'><strong>ιι.</strong></span> 
     </span>
     <span class='ocr_line' id='line_1_85' title="bbox 474 4623 1733 4678; baseline 0 -3"><span class='ocrx_word' id='word_1_624' title='bbox 474 4626 635 4678; x_wconf 71' lang='lat' dir='ltr'><strong>note:</strong></span> <span class='ocrx_word' id='word_1_625' title='bbox 675 4623 738 4678; x_wconf 88' lang='lat' dir='ltr'><strong>L.</strong></span> <span class='ocrx_word' id='word_1_626' title='bbox 814 4624 862 4657; x_wconf 82' lang='grc'>⁸⁸</span> <span class='ocrx_word' id='word_1_627' title='bbox 887 4623 1302 4678; x_wconf 78' lang='grc' dir='ltr'>καθυπειλήωαι</span> <span class='ocrx_word' id='word_1_628' title='bbox 1384 4665 1398 4678; x_wconf 92' lang='grc'><strong><em>.</em></strong></span> <span class='ocrx_word' id='word_1_629' title='bbox 1476 4626 1523 4657; x_wconf 80' lang='grc'>⁸⁸</span> <span class='ocrx_word' id='word_1_630' title='bbox 1549 4640 1733 4677; x_wconf 84' lang='grc' dir='ltr'>καταπ</span> 
     </span>
    </p>
   </div>
   <div class='ocr_carea' id='block_1_85' title="bbox 402 4618 1302 4694">
    <p class='ocr_par' dir='ltr' id='par_1_85' title="bbox 402 4618 1302 4694">
     <span class='ocr_line' id='line_1_86' title="bbox 402 4618 1302 4694; baseline 0.003 -19"><span class='ocrx_word' id='word_1_631' title='bbox 402 4618 449 4653; x_wconf 77' lang='grc'><strong>’⁸</strong></span> <span class='ocrx_word' id='word_1_632' title='bbox 466 4626 635 4694; x_wconf 86' lang='grc' dir='ltr'>σχοίει</span> <span class='ocrx_word' id='word_1_633' title='bbox 659 4618 738 4678; x_wconf 68' lang='grc' dir='ltr'><strong>’1η</strong></span> <span class='ocrx_word' id='word_1_634' title='bbox 814 4624 862 4657; x_wconf 82' lang='grc'>⁸⁸</span> <span class='ocrx_word' id='word_1_635' title='bbox 887 4618 1302 4694; x_wconf 72' lang='grc' dir='ltr'>καθυπειλήφαι</span> 
     </span>
    </p>
   </div>
   <div class='ocr_carea' id='block_1_86' title="bbox 1836 4550 2513 4623">
    <p class='ocr_par' dir='ltr' id='par_1_86' title="bbox 1836 4550 2513 4623">
     <span class='ocr_line' id='line_1_87' title="bbox 1836 4550 2513 4623; baseline 0.004 -18"><span class='ocrx_word' id='word_1_636' title='bbox 1836 4550 1879 4583; x_wconf 71' lang='grc' dir='ltr'><strong>’ί</strong></span> <span class='ocrx_word' id='word_1_637' title='bbox 1919 4553 2427 4623; x_wconf 72' lang='grc' dir='ltr'>κατῳερρυοσάντων</span> <span class='ocrx_word' id='word_1_638' title='bbox 2449 4551 2513 4609; x_wconf 90' lang='lat' dir='ltr'><strong>L.</strong></span> 
     </span>
    </p>
   </div>
   <div class='ocr_carea' id='block_1_87' title="bbox 1384 4621 2098 4685">
    <p class='ocr_par' dir='ltr' id='par_1_87' title="bbox 1384 4621 2098 4685">
     <span class='ocr_line' id='line_1_88' title="bbox 1384 4621 2098 4685; baseline -0.008 -5"><span class='ocrx_word' id='word_1_639' title='bbox 1384 4665 1398 4680; x_wconf 93' lang='lat'><strong>.</strong></span> <span class='ocrx_word' id='word_1_640' title='bbox 1476 4626 1523 4657; x_wconf 82' lang='lat'>&quot;</span> <span class='ocrx_word' id='word_1_641' title='bbox 1549 4622 2004 4685; x_wconf 81' lang='grc' dir='ltr'>καταπτωθέντος</span> <span class='ocrx_word' id='word_1_642' title='bbox 2038 4621 2098 4675; x_wconf 65' lang='grc'><strong>1,.</strong></span> 
     </span>
    </p>
   </div>
   <div class='ocr_carea' id='block_1_88' title="bbox 2617 4549 3687 4626">
    <p class='ocr_par' dir='ltr' id='par_1_88' title="bbox 2617 4549 3687 4626">
     <span class='ocr_line' id='line_1_89' title="bbox 2617 4549 3687 4626; baseline -0.002 -19"><span class='ocrx_word' id='word_1_643' title='bbox 2617 4552 2663 4585; x_wconf 80' lang='grc'><strong>³¹</strong></span> <span class='ocrx_word' id='word_1_644' title='bbox 2690 4552 2811 4607; x_wconf 85' lang='grc' dir='ltr'>κατ’</span> <span class='ocrx_word' id='word_1_645' title='bbox 2842 4553 3003 4609; x_wconf 77' lang='grc' dir='ltr'>αὐτὸν</span> <span class='ocrx_word' id='word_1_646' title='bbox 3025 4555 3089 4612; x_wconf 86' lang='lat' dir='ltr'><strong>L.</strong></span> <span class='ocrx_word' id='word_1_647' title='bbox 3193 4553 3239 4589; x_wconf 82' lang='grc'><strong>⁵³</strong></span> <span class='ocrx_word' id='word_1_648' title='bbox 3263 4551 3578 4626; x_wconf 78' lang='grc' dir='ltr'>ὲῤῥιπώσας</span> <span class='ocrx_word' id='word_1_649' title='bbox 3622 4549 3687 4609; x_wconf 82' lang='lat' dir='ltr'><strong>L.</strong></span> 
     </span>
    </p>
   </div>
   <div class='ocr_carea' id='block_1_89' title="bbox 1584 4761 2491 4823">
    <p class='ocr_par' dir='ltr' id='par_1_89' title="bbox 1584 4761 2491 4823">
     <span class='ocr_line' id='line_1_90' title="bbox 1584 4761 2491 4823; baseline -0.006 0"><span class='ocrx_word' id='word_1_650' title='bbox 1584 4767 1829 4823; x_wconf 81' lang='lat' dir='ltr'><strong>STEPH.</strong></span> <span class='ocrx_word' id='word_1_651' title='bbox 1852 4763 2201 4822; x_wconf 76' lang='lat' dir='ltr'><strong>BERGLElil</strong></span> <span class='ocrx_word' id='word_1_652' title='bbox 2255 4761 2491 4820; x_wconf 54' lang='lat' dir='ltr'><strong>NOTAE.</strong></span> 
     </span>
    </p>
   </div>
   <div class='ocr_carea' id='block_1_90' title="bbox 476 4873 3691 4955">
    <p class='ocr_par' dir='ltr' id='par_1_90' title="bbox 476 4873 3691 4955">
     <span class='ocr_line' id='line_1_91' title="bbox 476 4873 3691 4955; baseline -0.004 -14"><span class='ocrx_word' id='word_1_653' title='bbox 476 4884 586 4955; x_wconf 79' lang='lat'><strong>(95)</strong></span> <span class='ocrx_word' id='word_1_654' title='bbox 613 4885 805 4940; x_wconf 79' lang='lat' dir='ltr'><strong>Const.</strong></span> <span class='ocrx_word' id='word_1_655' title='bbox 830 4881 1036 4953; x_wconf 90' lang='lat' dir='ltr'><strong>Porph.</strong></span> <span class='ocrx_word' id='word_1_656' title='bbox 1058 4897 1115 4953; x_wconf 90' lang='lat' dir='ltr'><strong>p.</strong></span> <span class='ocrx_word' id='word_1_657' title='bbox 1145 4881 1271 4949; x_wconf 84' lang='grc'>188,</span> <span class='ocrx_word' id='word_1_658' title='bbox 1299 4881 1438 4937; x_wconf 82' lang='grc' dir='ltr'>Ζοη.</span> <span class='ocrx_word' id='word_1_659' title='bbox 1476 4897 1533 4953; x_wconf 85' lang='lat' dir='ltr'><strong>p.</strong></span> <span class='ocrx_word' id='word_1_660' title='bbox 1560 4882 1686 4946; x_wconf 72' lang='lat'><strong>172,</strong></span> <span class='ocrx_word' id='word_1_661' title='bbox 1714 4879 1883 4937; x_wconf 89' lang='lat' dir='ltr'><strong>Cedr.</strong></span> <span class='ocrx_word' id='word_1_662' title='bbox 1927 4894 1983 4950; x_wconf 91' lang='lat' dir='ltr'><strong>p.</strong></span> <span class='ocrx_word' id='word_1_663' title='bbox 2018 4881 2074 4945; x_wconf 85' lang='lat' dir='ltr'><strong><em>D</em></strong></span> <span class='ocrx_word' id='word_1_664' title='bbox 2101 4879 2255 4955; x_wconf 67' lang='lat'><strong>_(_5)</strong></span> <span class='ocrx_word' id='word_1_665' title='bbox 2282 4876 2468 4955; x_wconf 73' lang='lat' dir='ltr'><strong>Potest</strong></span> <span class='ocrx_word' id='word_1_666' title='bbox 2516 4875 2742 4955; x_wconf 70' lang='lat' dir='ltr'><strong>quidem</strong></span> <span class='ocrx_word' id='word_1_667' title='bbox 2803 4873 2985 4955; x_wconf 57' lang='lat' dir='ltr'><strong>ferri,“</strong></span> <span class='ocrx_word' id='word_1_668' title='bbox 3014 4873 3126 4955; x_wconf 64' lang='lat' dir='ltr'><strong>sed</strong></span> <span class='ocrx_word' id='word_1_669' title='bbox 3172 4873 3362 4955; x_wconf 77' lang='lat' dir='ltr'><strong>potius</strong></span> <span class='ocrx_word' id='word_1_670' title='bbox 3385 4873 3598 4955; x_wconf 41' lang='lat' dir='ltr'><strong>&#39;autﬁs.</strong></span> <span class='ocrx_word' id='word_1_671' title='bbox 3619 4898 3691 4953; x_wconf 68' lang='grc' dir='ltr'><strong>τι-</strong></span> 
     </span>
    </p>
   </div>
   <div class='ocr_carea' id='block_1_91' title="bbox 478 5020 1994 5095">
    <p class='ocr_par' dir='ltr' id='par_1_91' title="bbox 478 5020 1994 5095">
     <span class='ocr_line' id='line_1_92' title="bbox 478 5020 1994 5095; baseline -0.003 -15"><span class='ocrx_word' id='word_1_672' title='bbox 478 5026 683 5093; x_wconf 81' lang='lat' dir='ltr'><strong>(96)lta</strong></span> <span class='ocrx_word' id='word_1_673' title='bbox 716 5024 981 5095; x_wconf 89' lang='lat' dir='ltr'><strong>scriptum</strong></span> <span class='ocrx_word' id='word_1_674' title='bbox 1004 5039 1108 5093; x_wconf 90' lang='lat' dir='ltr'><strong>pro</strong></span> <span class='ocrx_word' id='word_1_675' title='bbox 1141 5021 1528 5094; x_wconf 82' lang='grc' dir='ltr'>δηῖωσάμενοι.</span> <span class='ocrx_word' id='word_1_676' title='bbox 1559 5020 1855 5093; x_wconf 82' lang='lat' dir='ltr'><strong>Negligens</strong></span> <span class='ocrx_word' id='word_1_677' title='bbox 1885 5020 1994 5077; x_wconf 79' lang='lat' dir='ltr'><strong>fuit</strong></span> 
     </span>
    </p>
   </div>
   <div class='ocr_carea' id='block_1_92' title="bbox 407 5097 1082 5151">
    <p class='ocr_par' dir='ltr' id='par_1_92' title="bbox 407 5097 1082 5151">
     <span class='ocr_line' id='line_1_93' title="bbox 407 5097 1082 5151; baseline -0.006 0"><span class='ocrx_word' id='word_1_678' title='bbox 407 5097 673 5151; x_wconf 87' lang='lat' dir='ltr'><strong>librarius</strong></span> <span class='ocrx_word' id='word_1_679' title='bbox 700 5097 848 5151; x_wconf 88' lang='lat' dir='ltr'><strong>circa</strong></span> <span class='ocrx_word' id='word_1_680' title='bbox 873 5112 900 5148; x_wconf 92' lang='grc' dir='ltr'><strong>ο</strong></span> <span class='ocrx_word' id='word_1_681' title='bbox 936 5103 992 5149; x_wconf 89' lang='lat' dir='ltr'><strong>ct</strong></span> <span class='ocrx_word' id='word_1_682' title='bbox 1015 5114 1082 5147; x_wconf 89' lang='grc' dir='ltr'><strong>ω.</strong></span> 
     </span>
    </p>
   </div>
   <div class='ocr_carea' id='block_1_93' title="bbox 481 5162 1741 5235">
    <p class='ocr_par' dir='ltr' id='par_1_93' title="bbox 481 5162 1741 5235">
     <span class='ocr_line' id='line_1_94' title="bbox 481 5162 1741 5235; baseline -0.002 -15"><span class='ocrx_word' id='word_1_683' title='bbox 481 5167 592 5233; x_wconf 83' lang='grc'><strong>(97)</strong></span> <span class='ocrx_word' id='word_1_684' title='bbox 621 5166 810 5221; x_wconf 80' lang='lat' dir='ltr'><strong>Const.</strong></span> <span class='ocrx_word' id='word_1_685' title='bbox 846 5166 1050 5235; x_wconf 88' lang='lat' dir='ltr'><strong>Porph.</strong></span> <span class='ocrx_word' id='word_1_686' title='bbox 1075 5180 1131 5234; x_wconf 90' lang='lat' dir='ltr'><strong>p.</strong></span> <span class='ocrx_word' id='word_1_687' title='bbox 1170 5163 1295 5229; x_wconf 81' lang='grc'>188,</span> <span class='ocrx_word' id='word_1_688' title='bbox 1332 5162 1576 5233; x_wconf 88' lang='lat' dir='ltr'><strong>Cedr.p.</strong></span> <span class='ocrx_word' id='word_1_689' title='bbox 1613 5162 1741 5235; x_wconf 75' lang='lat'><strong>585.</strong></span> 
     </span>
    </p>
   </div>
   <div class='ocr_carea' id='block_1_94' title="bbox 478 5234 1991 5305">
    <p class='ocr_par' dir='ltr' id='par_1_94' title="bbox 478 5234 1991 5305">
     <span class='ocr_line' id='line_1_95' title="bbox 478 5234 1991 5305; baseline -0.005 -14"><span class='ocrx_word' id='word_1_690' title='bbox 478 5236 589 5305; x_wconf 82' lang='lat'><strong>(98)</strong></span> <span class='ocrx_word' id='word_1_691' title='bbox 619 5236 744 5291; x_wconf 65' lang='lat' dir='ltr'><strong>l-lazc</strong></span> <span class='ocrx_word' id='word_1_692' title='bbox 793 5234 971 5305; x_wconf 78' lang='lat' dir='ltr'><strong>supra</strong></span> <span class='ocrx_word' id='word_1_693' title='bbox 993 5236 1155 5289; x_wconf 91' lang='lat' dir='ltr'><strong>initio</strong></span> <span class='ocrx_word' id='word_1_694' title='bbox 1196 5250 1383 5290; x_wconf 89' lang='lat' dir='ltr'><strong>rerum</strong></span> <span class='ocrx_word' id='word_1_695' title='bbox 1415 5251 1446 5289; x_wconf 89' lang='lat' dir='ltr'><strong>a</strong></span> <span class='ocrx_word' id='word_1_696' title='bbox 1473 5234 1676 5305; x_wconf 76' lang='lat' dir='ltr'><strong>Basilio</strong></span> <span class='ocrx_word' id='word_1_697' title='bbox 1710 5240 1991 5305; x_wconf 80' lang='lat' dir='ltr'><strong>gestarum</strong></span> 
     </span>
    </p>
   </div>
   <div class='ocr_carea' id='block_1_95' title="bbox 406 5302 1990 5369">
    <p class='ocr_par' dir='ltr' id='par_1_95' title="bbox 406 5302 1990 5369">
     <span class='ocr_line' id='line_1_96' title="bbox 406 5302 1990 5369; baseline -0.005 -6"><span class='ocrx_word' id='word_1_698' title='bbox 406 5302 592 5363; x_wconf 84' lang='lat' dir='ltr'><strong>locum</strong></span> <span class='ocrx_word' id='word_1_699' title='bbox 636 5302 939 5369; x_wconf 80' lang='lat' dir='ltr'><strong>habebant,</strong></span> <span class='ocrx_word' id='word_1_700' title='bbox 972 5316 1030 5361; x_wconf 87' lang='lat' dir='ltr'><strong>et</strong></span> <span class='ocrx_word' id='word_1_701' title='bbox 1087 5313 1336 5369; x_wconf 66' lang='lat' dir='ltr'><strong>coeperat</strong></span> <span class='ocrx_word' id='word_1_702' title='bbox 1371 5305 1559 5361; x_wconf 89' lang='lat' dir='ltr'><strong>dicere</strong></span> <span class='ocrx_word' id='word_1_703' title='bbox 1590 5302 1849 5361; x_wconf 75' lang='lat' dir='ltr'><strong>obscure.</strong></span> <span class='ocrx_word' id='word_1_704' title='bbox 1892 5302 1990 5356; x_wconf 90' lang='lat' dir='ltr'><strong>sed</strong></span> 
     </span>
    </p>
   </div>
   <div class='ocr_carea' id='block_1_96' title="bbox 410 5373 1994 5447">
    <p class='ocr_par' dir='ltr' id='par_1_96' title="bbox 410 5373 1994 5447">
     <span class='ocr_line' id='line_1_97' title="bbox 410 5373 1994 5447; baseline 0.002 -16"><span class='ocrx_word' id='word_1_705' title='bbox 410 5378 504 5432; x_wconf 89' lang='lat' dir='ltr'><strong>hic</strong></span> <span class='ocrx_word' id='word_1_706' title='bbox 525 5378 747 5447; x_wconf 86' lang='lat' dir='ltr'><strong>copiose</strong></span> <span class='ocrx_word' id='word_1_707' title='bbox 767 5387 1062 5447; x_wconf 82' lang='lat' dir='ltr'><strong>narrat.—</strong></span> <span class='ocrx_word' id='word_1_708' title='bbox 1085 5373 1195 5429; x_wconf 74' lang='lat' dir='ltr'><strong>Kal</strong></span> <span class='ocrx_word' id='word_1_709' title='bbox 1239 5376 1306 5430; x_wconf 85' lang='grc' dir='ltr'>τὸ</span> <span class='ocrx_word' id='word_1_710' title='bbox 1344 5376 1459 5447; x_wconf 73' lang='grc' dir='ltr'><strong>μὲν</strong></span> <span class='ocrx_word' id='word_1_711' title='bbox 1490 5405 1561 5415; x_wconf 94' lang='lat'><strong>-—</strong></span> <span class='ocrx_word' id='word_1_712' title='bbox 1592 5375 1867 5447; x_wconf 52' lang='lat'><strong>«119.101;</strong></span> <span class='ocrx_word' id='word_1_713' title='bbox 1897 5373 1994 5447; x_wconf 78' lang='grc' dir='ltr'><strong>ἑῤ·</strong></span> 
     </span>
    </p>
   </div>
   <div class='ocr_carea' id='block_1_97' title="bbox 400 5395 1996 5573">
    <p class='ocr_par' dir='ltr' id='par_1_97' title="bbox 400 5395 1996 5573">
     <span class='ocr_line' id='line_1_98' title="bbox 410 5395 1994 5501; baseline -0.004 -70"><span class='ocrx_word' id='word_1_714' title='bbox 410 5395 504 5432; x_wconf 85' lang='lat' dir='ltr'><strong>mc</strong></span> <span class='ocrx_word' id='word_1_715' title='bbox 525 5395 747 5447; x_wconf 60' lang='lat' dir='ltr'><strong>COPIOSE</strong></span> <span class='ocrx_word' id='word_1_716' title='bbox 767 5395 1062 5431; x_wconf 81' lang='lat' dir='ltr'><strong>narrat.—</strong></span> <span class='ocrx_word' id='word_1_717' title='bbox 1085 5395 1195 5429; x_wconf 72' lang='grc' dir='ltr'>ηαι</span> <span class='ocrx_word' id='word_1_718' title='bbox 1239 5395 1306 5430; x_wconf 86' lang='grc' dir='ltr'><strong>το</strong></span> <span class='ocrx_word' id='word_1_719' title='bbox 1328 5395 1459 5501; x_wconf 51' lang='grc' dir='ltr'>ἄιεν</span> <span class='ocrx_word' id='word_1_720' title='bbox 1490 5405 1561 5415; x_wconf 92' lang='grc'><strong><em>--</em></strong></span> <span class='ocrx_word' id='word_1_721' title='bbox 1592 5395 1860 5461; x_wconf 56' lang='grc' dir='ltr'>πυρξτονι.</span> <span class='ocrx_word' id='word_1_722' title='bbox 1897 5395 1994 5438; x_wconf 75' lang='grc' dir='ltr'>ερ-</span> 
     </span>
     <span class='ocr_line' id='line_1_99' title="bbox 400 5443 1996 5573; baseline -0.002 -73"><span class='ocrx_word' id='word_1_723' title='bbox 723 5447 912 5503; x_wconf 90' lang='lat' dir='ltr'><strong>Const.</strong></span> <span class='ocrx_word' id='word_1_724' title='bbox 937 5446 1143 5518; x_wconf 90' lang='lat' dir='ltr'><strong>Porph.</strong></span> <span class='ocrx_word' id='word_1_725' title='bbox 1176 5448 1325 5518; x_wconf 72' lang='lat' dir='ltr'><strong>p.16</strong></span> <span class='ocrx_word' id='word_1_726' title='bbox 1368 5487 1383 5512; x_wconf 93' lang='grc'><strong>,</strong></span> <span class='ocrx_word' id='word_1_727' title='bbox 1408 5446 1543 5504; x_wconf 88' lang='lat' dir='ltr'><strong>Zon.</strong></span> <span class='ocrx_word' id='word_1_728' title='bbox 1585 5461 1640 5516; x_wconf 92' lang='lat' dir='ltr'><strong>p.</strong></span> <span class='ocrx_word' id='word_1_729' title='bbox 1678 5445 1800 5511; x_wconf 76' lang='grc'><strong>167,</strong></span> <span class='ocrx_word' id='word_1_730' title='bbox 1828 5443 1996 5499; x_wconf 87' lang='lat' dir='ltr'><strong>Cedr.</strong></span> 
     </span>
    </p>
   </div>
   <div class='ocr_carea' id='block_1_98' title="bbox 452 5536 619 5573">
    <p class='ocr_par' dir='ltr' id='par_1_98' title="bbox 452 5536 619 5573">
     <span class='ocr_line' id='line_1_100' title="bbox 452 5536 619 5573; baseline 0.006 -1"><span class='ocrx_word' id='word_1_731' title='bbox 452 5558 466 5572; x_wconf 86' lang='lat'><strong>.</strong></span> <span class='ocrx_word' id='word_1_732' title='bbox 492 5536 619 5573; x_wconf 78' lang='lat' dir='ltr'><strong>DIU.</strong></span> 
     </span>
    </p>
   </div>
   <div class='ocr_carea' id='block_1_99' title="bbox 410 5533 1994 5711">
    <p class='ocr_par' dir='ltr' id='par_1_99' title="bbox 410 5533 1994 5711">
     <span class='ocr_line' id='line_1_101' title="bbox 410 5533 1994 5711; baseline -0.021 9"><span class='ocrx_word' id='word_1_733' title='bbox 410 5533 809 5711; x_wconf 43' lang='grc' dir='ltr'><strong>ἒὲὲῐϐοηδι.</strong></span> <span class='ocrx_word' id='word_1_734' title='bbox 831 5587 1112 5659; x_wconf 81' lang='lat' dir='ltr'><strong>Porph.p.</strong></span> <span class='ocrx_word' id='word_1_735' title='bbox 1136 5587 1256 5655; x_wconf 84' lang='grc'><strong>166,</strong></span> <span class='ocrx_word' id='word_1_736' title='bbox 1289 5587 1424 5644; x_wconf 78' lang='lat' dir='ltr'><strong>Zon-</strong></span> <span class='ocrx_word' id='word_1_737' title='bbox 1452 5604 1506 5659; x_wconf 83' lang='lat' dir='ltr'><strong>P-</strong></span> <span class='ocrx_word' id='word_1_738' title='bbox 1530 5586 1652 5655; x_wconf 60' lang='grc'><strong><em>³68³</em></strong></span> <span class='ocrx_word' id='word_1_739' title='bbox 1675 5587 1799 5643; x_wconf 63' lang='grc' dir='ltr'><strong>ί¹¹ίί⁸</strong></span> <span class='ocrx_word' id='word_1_740' title='bbox 1825 5585 1994 5644; x_wconf 63' lang='lat' dir='ltr'><strong>cedr&#39;</strong></span> 
     </span>
    </p>
   </div>
   <div class='ocr_carea' id='block_1_100' title="bbox 416 5677 619 5711">
    <p class='ocr_par' dir='ltr' id='par_1_100' title="bbox 416 5677 619 5711">
     <span class='ocr_line' id='line_1_102' title="bbox 416 5677 619 5711; baseline 0 0"><span class='ocrx_word' id='word_1_741' title='bbox 416 5677 468 5711; x_wconf 78' lang='grc' dir='ltr'><strong>Ι).</strong></span> <span class='ocrx_word' id='word_1_742' title='bbox 494 5677 619 5711; x_wconf 68' lang='grc' dir='ltr'><strong>υίυ.</strong></span> 
     </span>
    </p>
   </div>
   <div class='ocr_carea' id='block_1_101' title="bbox 417 5684 1238 5799">
    <p class='ocr_par' dir='ltr' id='par_1_101' title="bbox 417 5684 1238 5799">
     <span class='ocr_line' id='line_1_103' title="bbox 417 5684 1238 5799; baseline 0.009 -21"><span class='ocrx_word' id='word_1_743' title='bbox 417 5684 468 5729; x_wconf 39' lang='grc' dir='ltr'><strong>ν’</strong></span> <span class='ocrx_word' id='word_1_744' title='bbox 490 5684 789 5797; x_wconf 51' lang='grc' dir='ltr'><strong>(1⁸)υίίοιιει.</strong></span> <span class='ocrx_word' id='word_1_745' title='bbox 812 5728 1011 5799; x_wconf 82' lang='lat' dir='ltr'><strong>Porph.</strong></span> <span class='ocrx_word' id='word_1_746' title='bbox 1040 5745 1093 5798; x_wconf 84' lang='lat' dir='ltr'><strong>p.</strong></span> <span class='ocrx_word' id='word_1_747' title='bbox 1120 5728 1238 5785; x_wconf 82' lang='grc'><strong>169.</strong></span> 
     </span>
    </p>
   </div>
   <div class='ocr_carea' id='block_1_102' title="bbox 491 5799 1155 5870">
    <p class='ocr_par' dir='ltr' id='par_1_102' title="bbox 491 5799 1155 5870">
     <span class='ocr_line' id='line_1_104' title="bbox 491 5799 1155 5870; baseline 0.006 -19"><span class='ocrx_word' id='word_1_748' title='bbox 491 5799 566 5869; x_wconf 71' lang='grc' dir='ltr'><strong>(ΕΞ)</strong></span> <span class='ocrx_word' id='word_1_749' title='bbox 593 5800 869 5869; x_wconf 82' lang='lat' dir='ltr'><strong>Scriptum</strong></span> <span class='ocrx_word' id='word_1_750' title='bbox 899 5800 1155 5870; x_wconf 74' lang='grc' dir='ltr'>διαζωῆς.</span> 
     </span>
    </p>
   </div>
   <div class='ocr_carea' id='block_1_103' title="bbox 2101 4942 3688 5018">
    <p class='ocr_par' dir='ltr' id='par_1_103' title="bbox 2101 4942 3688 5018">
     <span class='ocr_line' id='line_1_105' title="bbox 2101 4942 3688 5018; baseline -0.003 -18"><span class='ocrx_word' id='word_1_751' title='bbox 2101 4942 2351 5013; x_wconf 75' lang='grc' dir='ltr'>Ἔξείσι.</span> <span class='ocrx_word' id='word_1_752' title='bbox 2404 4942 2573 5018; x_wconf 39' lang='grc' dir='ltr'><strong>Βγηιῖ-</strong></span> <span class='ocrx_word' id='word_1_753' title='bbox 2602 4947 2734 5018; x_wconf 89' lang='lat' dir='ltr'><strong>Log.</strong></span> <span class='ocrx_word' id='word_1_754' title='bbox 2788 4961 2852 5018; x_wconf 86' lang='lat' dir='ltr'><strong>p._</strong></span> <span class='ocrx_word' id='word_1_755' title='bbox 2884 4945 3008 5009; x_wconf 65' lang='grc'><strong>453,</strong></span> <span class='ocrx_word' id='word_1_756' title='bbox 3058 4942 3493 5018; x_wconf 73' lang='lat' dir='ltr'><strong>aliuiu_misisse</strong></span> <span class='ocrx_word' id='word_1_757' title='bbox 3527 4944 3688 5009; x_wconf 84' lang='lat' dir='ltr'><strong>dicit,</strong></span> 
     </span>
    </p>
   </div>
   <div class='ocr_carea' id='block_1_104' title="bbox 2101 5014 3689 5088">
    <p class='ocr_par' dir='ltr' id='par_1_104' title="bbox 2101 5014 3689 5088">
     <span class='ocr_line' id='line_1_106' title="bbox 2101 5014 3689 5088; baseline -0.006 -15"><span class='ocrx_word' id='word_1_758' title='bbox 2101 5027 2163 5073; x_wconf 88' lang='lat' dir='ltr'><strong>ut</strong></span> <span class='ocrx_word' id='word_1_759' title='bbox 2197 5028 2254 5073; x_wconf 89' lang='lat' dir='ltr'><strong>et</strong></span> <span class='ocrx_word' id='word_1_760' title='bbox 2283 5014 2489 5088; x_wconf 81' lang='lat' dir='ltr'><strong>Georg.</strong></span> <span class='ocrx_word' id='word_1_761' title='bbox 2529 5014 2762 5088; x_wconf 50' lang='lat' dir='ltr'><strong>Monfp,</strong></span> <span class='ocrx_word' id='word_1_762' title='bbox 2792 5016 2918 5080; x_wconf 67' lang='lat' dir='ltr'><strong>5H,</strong></span> <span class='ocrx_word' id='word_1_763' title='bbox 2947 5030 3147 5088; x_wconf 69' lang='lat' dir='ltr'><strong>nempe</strong></span> <span class='ocrx_word' id='word_1_764' title='bbox 3196 5014 3689 5088; x_wconf 73' lang='lat' dir='ltr'><strong>Christophorum,</strong></span> 
     </span>
    </p>
   </div>
   <div class='ocr_carea' id='block_1_105' title="bbox 2098 5083 3689 5212">
    <p class='ocr_par' dir='ltr' id='par_1_105' title="bbox 2098 5083 3689 5212">
     <span class='ocr_line' id='line_1_107' title="bbox 2098 5083 3689 5212; baseline -0.003 -69"><span class='ocrx_word' id='word_1_765' title='bbox 2272 5083 2465 5145; x_wconf 48' lang='lat' dir='ltr'><strong>Const:</strong></span> <span class='ocrx_word' id='word_1_766' title='bbox 2512 5083 2722 5159; x_wconf 58' lang='lat' dir='ltr'><strong>Porph:</strong></span> <span class='ocrx_word' id='word_1_767' title='bbox 2767 5104 2823 5158; x_wconf 90' lang='lat' dir='ltr'><strong>p.</strong></span> <span class='ocrx_word' id='word_1_768' title='bbox 2863 5088 2981 5151; x_wconf 81' lang='grc'><strong>169,</strong></span> <span class='ocrx_word' id='word_1_769' title='bbox 3019 5083 3156 5161; x_wconf 77' lang='lat' dir='ltr'><strong>lon.</strong></span> <span class='ocrx_word' id='word_1_770' title='bbox 3178 5102 3235 5156; x_wconf 91' lang='lat' dir='ltr'><strong>p.</strong></span> <span class='ocrx_word' id='word_1_771' title='bbox 3260 5084 3383 5151; x_wconf 82' lang='grc'><strong>168,</strong></span> <span class='ocrx_word' id='word_1_772' title='bbox 3417 5083 3583 5139; x_wconf 80' lang='lat' dir='ltr'><strong>Cedr.</strong></span> <span class='ocrx_word' id='word_1_773' title='bbox 3631 5100 3689 5154; x_wconf 91' lang='lat' dir='ltr'><strong>p.</strong></span> 
     </span>
     <span class='ocr_line' id='line_1_108' title="bbox 2100 5182 2225 5212; baseline 0 0"><span class='ocrx_word' id='word_1_774' title='bbox 2100 5182 2132 5212; x_wconf 67' lang='grc' dir='ltr'><strong>ι)</strong></span> <span class='ocrx_word' id='word_1_775' title='bbox 2210 5197 2225 5212; x_wconf 76' lang='grc' dir='ltr'><strong>ο</strong></span> 
     </span>
    </p>
   </div>
   <div class='ocr_carea' id='block_1_106' title="bbox 2100 5182 2225 5215">
    <p class='ocr_par' dir='ltr' id='par_1_106' title="bbox 2100 5182 2225 5215">
     <span class='ocr_line' id='line_1_109' title="bbox 2100 5182 2225 5215; baseline -0.016 0"><span class='ocrx_word' id='word_1_776' title='bbox 2100 5182 2225 5215; x_wconf 67' lang='grc'><strong>011.</strong></span> 
     </span>
    </p>
   </div>
   <div class='ocr_carea' id='block_1_107' title="bbox 2170 5222 3688 5303">
    <p class='ocr_par' dir='ltr' id='par_1_107' title="bbox 2170 5222 3688 5303">
     <span class='ocr_line' id='line_1_110' title="bbox 2170 5222 3688 5303; baseline -0.005 -18"><span class='ocrx_word' id='word_1_777' title='bbox 2170 5231 2248 5303; x_wconf 68' lang='grc'><strong>(4)</strong></span> <span class='ocrx_word' id='word_1_778' title='bbox 2278 5230 2355 5303; x_wconf 84' lang='lat' dir='ltr'><strong>I_)e</strong></span> <span class='ocrx_word' id='word_1_779' title='bbox 2388 5229 2476 5303; x_wconf 84' lang='lat' dir='ltr'><strong>his</strong></span> <span class='ocrx_word' id='word_1_780' title='bbox 2530 5244 2640 5284; x_wconf 88' lang='lat' dir='ltr'><strong>non</strong></span> <span class='ocrx_word' id='word_1_781' title='bbox 2699 5227 2925 5282; x_wconf 90' lang='lat' dir='ltr'><strong>memini</strong></span> <span class='ocrx_word' id='word_1_782' title='bbox 2966 5242 3053 5303; x_wconf 75' lang='lat' dir='ltr'><strong>me</strong></span> <span class='ocrx_word' id='word_1_783' title='bbox 3096 5225 3242 5303; x_wconf 76' lang='lat' dir='ltr'><strong>apud</strong></span> <span class='ocrx_word' id='word_1_784' title='bbox 3285 5222 3688 5303; x_wconf 45' lang='lat' dir='ltr'><strong>alios-legisse.</strong></span> 
     </span>
    </p>
   </div>
   <div class='ocr_carea' id='block_1_108' title="bbox 2172 5294 3694 5371">
    <p class='ocr_par' dir='ltr' id='par_1_108' title="bbox 2172 5294 3694 5371">
     <span class='ocr_line' id='line_1_111' title="bbox 2172 5294 3694 5371; baseline -0.007 -16"><span class='ocrx_word' id='word_1_785' title='bbox 2172 5294 2250 5371; x_wconf 83' lang='grc'><strong>(5)</strong></span> <span class='ocrx_word' id='word_1_786' title='bbox 2291 5301 2565 5371; x_wconf 89' lang='lat' dir='ltr'><strong>Loquitur</strong></span> <span class='ocrx_word' id='word_1_787' title='bbox 2588 5308 2924 5371; x_wconf 82' lang='lat' dir='ltr'><strong>monstrose.</strong></span> <span class='ocrx_word' id='word_1_788' title='bbox 2959 5294 3147 5352; x_wconf 80' lang='lat' dir='ltr'><strong>Oratio</strong></span> <span class='ocrx_word' id='word_1_789' title='bbox 3199 5294 3500 5371; x_wconf 69' lang='lat' dir='ltr'><strong>constabit,</strong></span> <span class='ocrx_word' id='word_1_790' title='bbox 3533 5294 3581 5346; x_wconf 88' lang='lat' dir='ltr'><strong>si</strong></span> <span class='ocrx_word' id='word_1_791' title='bbox 3613 5294 3694 5346; x_wconf 85' lang='lat' dir='ltr'><strong>lc-</strong></span> 
     </span>
    </p>
   </div>
   <div class='ocr_carea' id='block_1_109' title="bbox 2096 5363 3597 5444">
    <p class='ocr_par' dir='ltr' id='par_1_109' title="bbox 2096 5363 3597 5444">
     <span class='ocr_line' id='line_1_112' title="bbox 2096 5363 3597 5444; baseline -0.007 -18"><span class='ocrx_word' id='word_1_792' title='bbox 2096 5363 2261 5444; x_wconf 52' lang='lat' dir='ltr'><strong>gatnir</strong></span> <span class='ocrx_word' id='word_1_793' title='bbox 2284 5363 2478 5444; x_wconf 60' lang='grc' dir='ltr'><strong>καῖτὸ</strong></span> <span class='ocrx_word' id='word_1_794' title='bbox 2506 5367 2759 5444; x_wconf 38' lang='grc' dir='ltr'>τοιοῦτόν.</span> <span class='ocrx_word' id='word_1_795' title='bbox 2783 5386 2847 5436; x_wconf 85' lang='grc' dir='ltr'><strong>γε</strong></span> <span class='ocrx_word' id='word_1_796' title='bbox 2885 5369 3047 5444; x_wconf 75' lang='grc' dir='ltr'>δεῖμα</span> <span class='ocrx_word' id='word_1_797' title='bbox 3076 5398 3144 5444; x_wconf 49' lang='lat'><strong>7—</strong></span> <span class='ocrx_word' id='word_1_798' title='bbox 3170 5363 3468 5444; x_wconf 31' lang='grc' dir='ltr'>τελεσθὲν..</span> <span class='ocrx_word' id='word_1_799' title='bbox 3587 5432 3597 5444; x_wconf 44' lang='grc'><strong>.</strong></span> 
     </span>
    </p>
   </div>
   <div class='ocr_carea' id='block_1_110' title="bbox 2171 5433 3689 5512">
    <p class='ocr_par' dir='ltr' id='par_1_110' title="bbox 2171 5433 3689 5512">
     <span class='ocr_line' id='line_1_113' title="bbox 2171 5433 3689 5512; baseline -0.006 -16"><span class='ocrx_word' id='word_1_800' title='bbox 2171 5442 2246 5512; x_wconf 89' lang='grc'><strong>(6)</strong></span> <span class='ocrx_word' id='word_1_801' title='bbox 2281 5442 2530 5512; x_wconf 83' lang='lat' dir='ltr'><strong>Hucjam</strong></span> <span class='ocrx_word' id='word_1_802' title='bbox 2564 5433 2934 5512; x_wconf 46' lang='lat' dir='ltr'><strong>conjicit&#39;qua:</strong></span> <span class='ocrx_word' id='word_1_803' title='bbox 2970 5433 3131 5493; x_wconf 86' lang='lat' dir='ltr'><strong>initio</strong></span> <span class='ocrx_word' id='word_1_804' title='bbox 3166 5436 3310 5492; x_wconf 83' lang='lat' dir='ltr'><strong>facta</strong></span> <span class='ocrx_word' id='word_1_805' title='bbox 3343 5441 3496 5501; x_wconf 87' lang='lat' dir='ltr'><strong>sunt,</strong></span> <span class='ocrx_word' id='word_1_806' title='bbox 3546 5433 3689 5487; x_wconf 69' lang='lat' dir='ltr'><strong>nihil</strong></span> 
     </span>
    </p>
   </div>
   <div class='ocr_carea' id='block_1_111' title="bbox 2098 5510 3040 5582">
    <p class='ocr_par' dir='ltr' id='par_1_111' title="bbox 2098 5510 3040 5582">
     <span class='ocr_line' id='line_1_114' title="bbox 2098 5510 3040 5582; baseline -0.006 -14"><span class='ocrx_word' id='word_1_807' title='bbox 2098 5510 2307 5568; x_wconf 80' lang='lat' dir='ltr'><strong>munito</strong></span> <span class='ocrx_word' id='word_1_808' title='bbox 2343 5510 2447 5567; x_wconf 83' lang='lat' dir='ltr'><strong>nec</strong></span> <span class='ocrx_word' id='word_1_809' title='bbox 2471 5519 2777 5582; x_wconf 59' lang='lat' dir='ltr'><strong>praeparato</strong></span> <span class='ocrx_word' id='word_1_810' title='bbox 2811 5510 3040 5582; x_wconf 73' lang='lat' dir='ltr'><strong>lectore.</strong></span> 
     </span>
    </p>
   </div>
   <div class='ocr_carea' id='block_1_112' title="bbox 2168 5580 3050 5651">
    <p class='ocr_par' dir='ltr' id='par_1_112' title="bbox 2168 5580 3050 5651">
     <span class='ocr_line' id='line_1_115' title="bbox 2168 5580 3050 5651; baseline -0.007 -13"><span class='ocrx_word' id='word_1_811' title='bbox 2168 5585 2246 5649; x_wconf 85' lang='lat'><strong>(7)</strong></span> <span class='ocrx_word' id='word_1_812' title='bbox 2278 5580 2487 5638; x_wconf 55' lang='lat' dir='ltr'><strong>Constf</strong></span> <span class='ocrx_word' id='word_1_813' title='bbox 2533 5580 2737 5651; x_wconf 79' lang='lat' dir='ltr'><strong>Pcrph.</strong></span> <span class='ocrx_word' id='word_1_814' title='bbox 2796 5597 2852 5651; x_wconf 89' lang='lat' dir='ltr'><strong>p.</strong></span> <span class='ocrx_word' id='word_1_815' title='bbox 2902 5580 3003 5635; x_wconf 83' lang='grc'><strong>166</strong></span> <span class='ocrx_word' id='word_1_816' title='bbox 3034 5620 3050 5646; x_wconf 88' lang='grc'><strong>,</strong></span> 
     </span>
    </p>
   </div>
   <div class='ocr_carea' id='block_1_113' title="bbox 2098 5653 2591 5724">
    <p class='ocr_par' dir='ltr' id='par_1_113' title="bbox 2098 5653 2591 5724">
     <span class='ocr_line' id='line_1_116' title="bbox 2098 5653 2591 5724; baseline -0.012 -15"><span class='ocrx_word' id='word_1_817' title='bbox 2098 5655 2352 5724; x_wconf 81' lang='lat' dir='ltr'><strong>Theoplt.</strong></span> <span class='ocrx_word' id='word_1_818' title='bbox 2387 5669 2439 5723; x_wconf 85' lang='lat' dir='ltr'><strong>p.</strong></span> <span class='ocrx_word' id='word_1_819' title='bbox 2474 5653 2591 5706; x_wconf 89' lang='lat' dir='ltr'><strong>ll0.</strong></span> 
     </span>
    </p>
   </div>
   <div class='ocr_carea' id='block_1_114' title="bbox 2170 5722 3290 5795">
    <p class='ocr_par' dir='ltr' id='par_1_114' title="bbox 2170 5722 3290 5795">
     <span class='ocr_line' id='line_1_117' title="bbox 2170 5722 3290 5795; baseline -0.005 -16"><span class='ocrx_word' id='word_1_820' title='bbox 2170 5722 2356 5795; x_wconf 21' lang='lat' dir='ltr'><strong>(8)‘lta</strong></span> <span class='ocrx_word' id='word_1_821' title='bbox 2386 5722 2638 5779; x_wconf 81' lang='lat' dir='ltr'><strong>hodierni</strong></span> <span class='ocrx_word' id='word_1_822' title='bbox 2671 5722 2838 5779; x_wconf 84' lang='lat' dir='ltr'><strong>ctiam</strong></span> <span class='ocrx_word' id='word_1_823' title='bbox 2869 5728 3066 5778; x_wconf 77' lang='lat' dir='ltr'><strong>vocant</strong></span> <span class='ocrx_word' id='word_1_824' title='bbox 3095 5734 3290 5791; x_wconf 74' lang='lat' dir='ltr'><strong>equus.</strong></span> 
     </span>
    </p>
   </div>
   <div class='ocr_carea' id='block_1_115' title="bbox 3127 5572 3695 5633">
    <p class='ocr_par' dir='ltr' id='par_1_115' title="bbox 3127 5572 3695 5633">
     <span class='ocr_line' id='line_1_118' title="bbox 3127 5572 3695 5633; baseline -0.002 -1"><span class='ocrx_word' id='word_1_825' title='bbox 3127 5577 3196 5633; x_wconf 89' lang='lat' dir='ltr'><strong>de</strong></span> <span class='ocrx_word' id='word_1_826' title='bbox 3257 5574 3470 5632; x_wconf 84' lang='lat' dir='ltr'><strong>Carbca</strong></span> <span class='ocrx_word' id='word_1_827' title='bbox 3522 5572 3695 5631; x_wconf 86' lang='lat' dir='ltr'><strong>Cont.</strong></span> 
     </span>
    </p>
   </div>
  </div>
