4136 6440
397 343 526 414 1151

1725 345 2040 407 JOSEPHI
2080 344 2398 408 GENESII

3546 336 3685 403 1132

391 460 730 533 Chrysoehir
762 462 1022 532 equitaus
1064 460 1276 517 invenit
1308 460 1512 517 fossam
1543 460 1650 516 sibi
1690 462 1984 533 obiectam,

2092 465 2272 518 πιστῶ
2299 462 2379 534 τῷ
2399 460 2637 535 Σωτῆρίι
2645 478 2749 531 μου
2767 459 2887 529 Θεῷ
2906 459 3027 514 κατ’
3054 458 3229 531 αὐτήν
3256 476 3317 528 γε
3344 458 3442 529 τὴν
3476 460 3690 531 ἡμέραν

391 572 555 624 quam
580 571 760 625 equus
777 556 898 626 ejus
928 555 1210 611 transilire
1244 554 1691 610 reformidavitet
1709 555 1988 611 titubavit.

392 646 549 703 Unde
581 646 917 717 Chrysoehir
937 648 1050 718 jam
1090 646 1161 701 ad
1198 647 1482 703 Pulladem
1514 646 1792 717 respicere
1825 649 1988 718 plane

395 754 506 792 non
533 739 816 809 cogitavit,
838 738 936 794 sed
969 738 1142 810 magis
1171 746 1300 793 ante
1324 753 1384 793 se
1416 737 1659 802 videbat,
1692 753 1762 792 ne
1786 739 1842 792 in
1870 738 1986 792 fos-

395 845 511 885 sam
538 829 811 884 incideret
836 848 848 883 :
886 838 1052 900 atque
1079 828 1338 884 Pullades
1364 844 1492 884 eum
1519 829 1659 883 clam
1688 827 1787 883 sub
1822 829 1988 883 axilla

393 922 649 978 vulnerat
678 931 884 976 conto:
943 921 1037 991 qui
1083 935 1212 976 cum
1260 920 1653 991 peturbaretur
1690 919 1799 975 hoc
1850 920 1985 985 ictu,

393 1029 573 1082 equus
598 1015 720 1085 ejus
744 1013 1078 1068 commotior
1108 1013 1287 1066 factus
1304 1026 1430 1065 eum
1463 1010 1688 1081 dejecit.
1715 1011 1989 1068 Desiliens

396 1107 566 1177 igitur
588 1121 734 1178 equo
763 1122 832 1163 ex
870 1106 1143 1162 ministris
1172 1106 1294 1174 ejus
1333 1102 1822 1174 coniunctissimus
1857 1104 1987 1160 Dia-

395 1198 643 1255 conitzes
671 1199 897 1254 nomine
948 1200 1136 1269 (quem
1171 1197 1283 1253 Leo
1308 1196 1726 1252 laudatissimus
1750 1197 1990 1269 impera-

397 1301 486 1345 tor
516 1305 843 1346 conversum
870 1305 902 1344 a
933 1289 1085 1344 cultu
1129 1288 1427 1344 abominati
1466 1287 1893 1343 Paulinistarum
1916 1288 1987 1344 ad

394 1382 705 1446 meliorem,
725 1380 1015 1435 constituit
1043 1389 1508 1445 mensuratorem,
1527 1382 1987 1436 utRomanorum

393 1489 651 1530 sermone
682 1473 955 1543 vocatur),
989 1475 1220 1544 ejusque
1244 1481 1412 1543 caput
1454 1483 1647 1529 tenens
1684 1474 1906 1529 fovebat
1932 1484 1991 1531 et

393 1566 625 1622 curabat
668 1566 905 1636 genibus
958 1570 1075 1621 suis
1126 1566 1469 1636 impositum.
1519 1566 1989 1637 Supervenientes

393 1668 576 1711 autem
599 1657 758 1727 126
778 1666 1043 1726 praetores
1066 1666 1360 1728 occupant,
1379 1667 1655 1727 caputque
1674 1667 1983 1729 amputant,

393 1750 541 1818 quod
573 1748 951 1819 imperatoria
995 1749 1109 1805 Deo
1158 1758 1424 1805 coronato
1468 1759 1728 1820 tanquam
1779 1752 1985 1807 donum

393 1841 688 1896 miserunt.

2091 554 2385 610 ἀποδοῦναί
2425 571 2509 607 σοι
2538 554 2610 606 τὰ
2638 553 2998 625 χαριστήρια.
3018 571 3038 606 ι
3086 552 3362 615 Ίππάζων
3390 552 3445 604 δὲ
3485 554 3512 605 6
3544 555 3690 625 Χρυε

2092 650 2278 717 σόχειρ
2302 647 2549 716 εὑρίσκει
2564 646 2775 716 τάφρον
2796 645 2931 713 πρὸς
2948 646 3060 709 τοῖς
3078 644 3333 707 ὲνωπίοις
3361 643 3527 699 αὑτοῦ
3546 644 3686 713 (57),

2088 741 2157 813 ἢν
2185 743 2212 795 6
2238 740 2407 803 ἵππος
2433 738 2601 791 αὐτοῦ
2630 737 2956 809 ὑπερπηδᾷν
2991 775 3005 791 .
3035 776 3049 791 .
3085 777 3100 792 .
3131 775 3145 791 .
3182 776 3198 791 .
3238 734 3431 789 τούτου
3463 735 3687 789 διώχλα·

2090 830 2182 896 ξεν
2212 830 2351 902 (58).
2381 828 2544 882 Ὅθεν
2579 830 2608 882 6
2634 827 2735 895 μὲν
2759 829 3070 898 Χρυσόχειρ
3091 824 3190 879 τοῦ
3218 824 3411 879 λοιποῦ
3438 824 3572 895 όρᾷν
3595 823 3687 876 τὸν

2090 920 2406 990 Πουλλάδην
2457 918 2567 972 οὐδ’
2617 918 2759 981 ὅλως
2808 917 3152 990 ἐφρόντιζεν,
3208 916 3359 988 ἑώρα
3391 916 3449 971 δὲ
3485 916 3689 988 μᾶλλον

2090 1014 2382 1067 κατέναντι
2427 1011 2618 1077 αὐτοῦ,
2680 1011 2769 1064 ῐνα
2814 1011 2890 1081 μὴ
2927 1010 3007 1081 τῷ
3055 1012 3157 1083 τῆς
3194 1010 3405 1080 τάφρου
3462 1010 3688 1082 περιπέ-

2091 1120 2237 1158 σειεν
2267 1102 2381 1174 (39)
2410 1100 2675 1173 πτώματι
2700 1118 2716 1135 ’
2752 1102 2847 1156 καὶ
2886 1100 3167 1173 λαθραίως
3199 1101 3368 1156 αὐτὸν
3391 1104 3420 1157 6
3443 1102 3687 1157 Πουλλά-

2088 1194 2185 1266 δης
2213 1194 2355 1250 κατά
2375 1194 2473 1267 τὴν
2508 1194 2797 1266 μασχάλην
2822 1193 3120 1265 τιτρώσκει
3146 1195 3324 1267 κοντῷ
3348 1195 3462 1268 (40)
3482 1210 3497 1224 ⁶
3525 1190 3588 1250 οὗ
3615 1198 3681 1268 τῇ

2088 1286 2273 1359 πληγῇ
2295 1287 2665 1359 ταραχθέντος
2685 1288 2715 1341 6
2739 1288 2905 1350 ἵππος
2936 1286 3261 1359 παρέσφηλέ
3294 1305 3355 1342 τε
3386 1289 3485 1342 καὶ
3513 1288 3681 1343 αὐτὸν

2089 1381 2527 1453 ἀπικρήμνισεν.
2578 1380 2844 1444 Κατασάς
2872 1374 2967 1435 οὖν
2999 1382 3029 1435 6
3055 1379 3167 1434 τῶν
3208 1379 3347 1451 πρὸς
3377 1379 3683 1452 θεραπείαν

2088 1474 2257 1529 αὑτοῦ
2316 1475 2678 1539 οἰκειότατος,
2728 1467 2775 1543 ᾧ
2802 1474 2849 1506 ⁵⁸
2894 1472 3253 1545 Διακονίτζης
3280 1473 3343 1526 τὸ
3371 1472 3686 1544 φημιζόμε-

2090 1585 2181 1622 νον
2210 1567 2327 1637 (ll)
2377 1567 2458 1640 (δν
2504 1568 2658 1621 Λέων
2690 1570 2718 1621 6
2750 1567 2996 1638 ἀοίδιμος
3035 1566 3293 1638 βασιλεὺς
3320 1564 3686 1619 ἀλλοιωθὲντα

2088 1660 2189 1731 τὴν
2210 1662 2348 1732 πρὸς
2369 1661 2430 1715 τὸ
2458 1663 2706 1731 κρεῖττον
2725 1661 3013 1716 ἀλλοίωσιν
3041 1661 3108 1714 ὲκ
3136 1659 3239 1730 τῆς
3268 1660 3522 1731 μυσαρᾶς
3544 1658 3684 1729 θρηο

2091 1752 2280 1817 σκείας
2310 1752 2420 1806 τῶν
2449 1752 2885 1821 Ιιαυλιανιστῶν,
2908 1753 3328 1825 προεχειρίσατο
3362 1751 3671 1825 μηνσουρά-

2015 1830 2056 1885 Β
2084 1862 2237 1918 τωρα
2259 1846 2330 1911 ",
2368 1846 2506 1917 ὅπερ
2555 1848 2708 1915 φωνῇ
2751 1845 3040 1916 Ῥωμαίων
3087 1844 3233 1900 οὕτω
3269 1844 3675 1916 προσαγορεύε-

392 1934 533 2006 ται),
568 1937 662 1990 καὶ
696 1935 890 1989 τούτου
925 1935 1026 2008 τὴν
1063 1937 1310 2010 κεφαλὴν
1336 1937 1611 2010 βαστάξας
1630 1939 1830 2010 ἠξίωσε
1870 1941 2099 2011 κομιδῆς
2166 1941 2372 2014 ταύτην
2440 1941 2621 2006 ἐνθεὶς
2649 1942 2762 2003 τοῖς
2790 1939 2959 1994 αὑτοῦ
2983 1939 3239 2009 γόνασινσ
3280 1939 3341 1993 ὃν
3367 1939 3680 2011 εὑρηκότες

391 2036 444 2089 οἱ
509 2035 881 2105 στρατηλάται
932 2036 1200 2106 κατέσχον
1251 2036 1348 2090 κα)⁵
1398 2036 1755 2107 διατεμόντες
1802 2037 1977 2110 αὐτὴν
2013 2037 2420 2111 σπουδαίωςτῷ
2449 2037 2764 2106 θεοστέπτῳ
2787 2037 2985 2092 ἄνακτι
3018 2034 3287 2108 Βασιλείῳ
3349 2037 3427 2101 ώς
3502 2035 3677 2108 δῶρον

393 2126 720 2197 ἀνέπεμψαν
750 2128 884 2197 (ιε).

467 2221 597 2277 Erat
626 2233 811 2279 autem
839 2225 893 2279 in
919 2225 1159 2296 publicis
1175 2227 1482 2284 commodis
1503 2237 1560 2284 et
1591 2229 1728 2301 reip.
1749 2230 1988 2302 negotiis

391 2314 658 2371 curandis
703 2316 1002 2386 imperator
1040 2319 1523 2390 diligentissimus,
1560 2337 1687 2376 cum
1722 2322 1989 2392 plurimas

392 2423 484 2463 res
519 2419 772 2478 gereret,
807 2410 883 2464 ita
916 2420 978 2465 ut
1011 2419 1258 2482 tempore
1281 2414 1478 2484 jejunii
1528 2415 1584 2469 in
1622 2415 1742 2484 ejus
1779 2414 1989 2470 hebdo-

392 2503 650 2559 madibus
672 2513 800 2573 post
829 2505 1134 2561 discessum
1161 2516 1480 2562 senatorum
1516 2523 1581 2563 ex
1608 2510 1778 2577 regia,
1808 2509 1986 2563 intra-

393 2604 480 2651 ret
518 2596 574 2650 in
621 2605 920 2661 secretum,
967 2597 1061 2652 ubi
1112 2599 1399 2670 vectigalia
1432 2609 1490 2655 et
1527 2600 1738 2656 reditus
1776 2599 1986 2671 publici

393 2688 731 2757 eulliguntur
754 2706 769 2755 ;
792 2705 1025 2761 quaeque
1044 2690 1118 2746 ibi
1147 2691 1551 2749 intervenirent
1571 2693 1984 2761 controversiae,

391 2794 488 2835 eas
526 2779 885 2849 dijudicaret.

464 2958 523 3013 In
554 2959 851 3013 venatione
883 2975 1052 3029 porro
1081 2969 1139 3015 et
1166 2977 1277 3032 p..a
1319 2969 1374 3017 et
1418 2977 1650 3018 onerum
1681 2964 1985 3034 gestatione

392 3059 449 3104 ct
465 3048 697 3104 saltibus
713 3050 940 3104 omnino
966 3051 1273 3106 excellebat
1298 3052 1535 3107 Basilius
1560 3053 1885 3123 imperator,
1908 3054 1983 3109 ita

394 3153 454 3196 ut
483 3142 537 3197 in
568 3143 861 3197 venatione
892 3153 1181 3213 superaret
1204 3143 1605 3211 Centauros,in
1632 3144 1742 3215 pila
1769 3145 1983 3200 Alcinoi

392 3235 538 3306 regis
560 3236 798 3307 juvenes
830 3234 939 3304 pila
968 3235 1227 3291 ludentes
1260 3235 1550 3303 vinceret,
1596 3239 1653 3293 in
1678 3238 1829 3295 lucta
1858 3239 1983 3295 Ari-

391 3335 527 3381 stmo
554 3336 610 3381 et
647 3326 820 3381 {Eaco
855 3326 1125 3382 valentior
1162 3327 1379 3399 ipsique
1409 3328 1634 3384 Herculi
1677 3346 1776 3400 par
1809 3339 1981 3397 esset,

2166 2224 2307 2297 Περὶ
2322 2224 2380 2279 δὲ
2400 2224 2500 2288 τὰς
2521 2222 2875 2293 κοινωφελεῖς
2889 2223 2935 2257 ⁸⁸
2960 2222 3190 2295 πράξεις
3206 2221 3447 2286 τοιοῦτος
3468 2222 3685 2295 ὑπῆρχε

2097 2315 2732 2389 μεριμνηματικώτατος
2751 2316 2781 2369 6
2813 2314 3068 2385 βασιλεὺς
3091 2315 3227 2386 (45).
3264 2315 3403 2385 μετά
3433 2332 3497 2383 γε
3529 2316 3685 2369 πλεί-

2094 2423 2238 2464 στων
2265 2406 2375 2461 τῶν
2397 2406 2528 2479 παρ’
2558 2406 2726 2460 αὑτοῦ
2759 2408 2803 2439 ⁸⁸
2829 2406 3353 2478 διαπεπραγμένων,
3376 2406 3517 2461 ὥστε
3541 2408 3683 2462 κατά

2091 2499 2186 2553 τὸν
2232 2496 2563 2568 ἐγκρατείας
2610 2496 2807 2568 καιρὸν
2853 2496 2948 2549 ἐπὶ
2988 2495 3288 2567 ἑϐδομάσιν
3310 2497 3503 2566 αὐτῆς,
3544 2497 3684 2567 μετά

2091 2592 2193 2662 τὴν
2262 2589 2647 2661 συγκλητικὴν,
2697 2588 2810 2644 τῶν
2880 2588 3176 2660 βασιλείων
3228 2589 3682 2661 ἀπαναχώρησιν,

2091 2682 2362 2738 είσίεσθαι
2389 2680 2467 2753 τῷ
2495 2681 2761 2753 σεκρὲτῳ,
2792 2679 2923 2735 ἔνθα
2947 2682 3007 2734 αἱ
3031 2680 3354 2753 εἰσπράξεις
3383 2680 3492 2735 τῶν
3511 2682 3685 2752 δημο-

2092 2780 2225 2834 σίων
2254 2774 2732 2850 πεφορολόγηνται
2763 2775 2899 2847 (44),
2935 2776 3161 2830 κάκεῖσε
3192 2774 3292 2838 τάς
3331 2774 3684 2845 συμπιπτού-

2091 2890 2192 2937 σας
2219 2870 2664 2943 ἀμφισϐητήσεις
2693 2867 3099 2940 πραγματικῶς
3129 2866 3464 2924 διαλύεσθαι.

2176 2965 2266 3019 Ἐν
2297 2964 2355 3018 δὲ
2382 2965 2501 3028 ταῖς
2539 2962 2653 3033 (45)
2680 2962 2829 3016 κατά
2855 2961 3188 3032 κυνηγεσίαν
3217 2960 3315 3015 καὶ
3351 2959 3686 3030 σφαιρισμῦν

2089 3053 2430 3128 ἀχθοφορίαν
2456 3069 2518 3106 τε
2567 3051 2832 3122 καὶπρὸς
2886 3051 3110 3122 ἅλματα
3162 3051 3508 3123 γενναιότησι
3539 3050 3685 3104 πάνυ

2092 3145 2397 3217 περιδέξιος
2424 3139 2494 3216 ἦν
2532 3144 2560 3195 6
2586 3142 2723 3207 ἄναξ
2754 3142 3060 3209 Βασίλειος,
3098 3143 3239 3197 ὥστε
3272 3144 3413 3198 κατά
3451 3157 3685 3213 κυνηγε-

2093 3238 2213 3291 σίαν
2235 3254 2336 3307 μεν
2360 3236 2800 3307 καθυπερτερεϊν
2828 3236 2943 3290 τῶν
2984 3236 3317 3306 Κενταύρων
3348 3235 3485 3305 (46),
3538 3235 3685 3288 κατά

2084 3329 2141 3381 δὲ
2178 3326 2511 3401 σφαιρισμὺν
2540 3326 2826 3381 Ἀλκινόου
2874 3326 2972 3382 τοῦ
3025 3326 3290 3397 βασιλέως
3321 3325 3685 3398 ὑπερϐάλλειν

390 3429 749 3490 praeverteret
803 3420 1037 3475 saltibus
1084 3420 1376 3487 Achillem,
1419 3429 1583 3491 atque
1623 3420 1680 3476 in
1726 3422 1984 3479 tollendis

2086 3420 2212 3482 τοὺς
2240 3419 2594 3489 σφαιριστάς,
2628 3419 2773 3473 κατά
2799 3418 2981 3489 πάλην
3020 3418 3336 3490 ’Δρισταίου
3363 3417 3461 3472 καὶ
3478 3417 3683 3471 Αἰακοῦ

390 3512 551 3567 facile
581 3528 749 3567 manu
783 3512 1049 3567 oneribus
1071 3514 1306 3567 multum
1336 3522 1626 3583 praestaret
1648 3513 1984 3579 Hectori,ita

2086 3512 2465 3584 ἀλκιμώτερος
2494 3512 2592 3567 κα)⁵
2642 3512 2814 3565 αὐτοῦ
2887 3512 3222 3584 Ἡρακλέους
3258 3513 3303 3546 ⁷⁸
3358 3512 3680 3582 ἐφάμιλλος.

392 3613 452 3659 ut
480 3615 536 3659 et
567 3604 622 3658 in
652 3603 854 3673 ipsum,
874 3604 1042 3659 etiam
1073 3603 1193 3658 sine
1219 3619 1323 3673 ope
1346 3602 1608 3657 catiJouis
1637 3603 1984 3660 attollentem

2086 3604 2639 3675 ὖπεραναϐεὸηκέναι
2690 3604 2748 3658 δὲ
2808 3606 2922 3668 τοῖς
2979 3605 3302 3675 πηδήμασιν
3369 3603 3680 3675 Ἀχιλλέως,

389 3709 554 3758 onus,
571 3693 873 3764 quadraret
893 3703 1069 3764 poetae
1098 3709 1345 3758 carmen,

2084 3698 2228 3752 κατά
2250 3715 2308 3751 τε
2344 3698 2404 3749 τὸ
2457 3697 2502 3728 τί
2560 3697 2751 3767 φέρειν
2803 3697 2945 3768 ἄχθη
2987 3697 3189 3769 ῥᾳδίως
3220 3699 3380 3769 χερσὶ
3414 3695 3596 3766 πολλῷ
3635 3696 3683 3729 η

387 3786 762 3857 διενηνοχέναι
814 3785 907 3840 τοῦ
960 3786 1246 3856 Ἕκτορος,
1306 3786 1382 3851 ώς
1417 3788 1511 3840 καὶ
1547 3787 1839 3861 ἑπάὐτῷ,
1877 3791 1973 3844 καὶ
2005 3790 2132 3862 δίχα
2169 3789 2266 3845 τοῦ
2328 3789 2716 3861 ἀγκυλομήτου
2774 3789 2896 3854 Διὸς
2950 3790 3009 3842 ὲν
3080 3792 3146 3860 τῇ
3189 3789 3350 3861 ἄρσει
3402 3790 3464 3845 τὸ
3518 3787 3684 3860 ﬁxes;

389 3881 770 3951 κουφίζον-ξος,
804 3881 866 3935 τὸ
897 3883 1182 3953 ποιητικὸν
1205 3883 1336 3948 ἔπος
1364 3886 1956 3958 προσαρμοσθήσεταιο

535 3971 629 4024 γα
653 3971 789 4025 illud
815 3973 923 4027 bini
958 3982 1270 4043 prwstantcs
1302 3977 1487 4031 robore
1513 3979 1717 4033 cunctis

529 4043 608 4120 ρο
636 4050 779 4120 ter_ra
816 4044 873 4120 in
894 4060 1111 4120 currum
1141 4056 1346 4120 possent
1373 4048 1695 4115 subvolvere,
1728 4050 1911 4120 quales

529 4111 684 4167 Nunc
703 4115 937 4168 homines
955 4111 1155 4181 vivunt,
1180 4117 1304 4171 tulit
1322 4119 1431 4188 ipse
1447 4121 1585 4189 quod
1604 4129 1659 4174 ut
1675 4111 1783 4175 leue
1802 4121 1946 4175 solus
1962 4136 1981 4175 .'

389 4230 444 4284 in
481 4228 635 4284 disco
679 4237 864 4283 autem
888 4230 1145 4301 jaciendo
1179 4231 1463 4289 llalimede
1502 4245 1559 4287 et
1589 4234 1780 4306 Ulysse
1811 4251 1980 4306 supe-

389 4319 543 4386 rior,
595 4319 907 4375 Erechtheo
955 4331 1013 4375 et
1063 4320 1308 4377 Celmete
1372 4325 1656 4394 equitandi
1710 4326 1979 4396 peritior,

387 4411 803 4481 Eurymedonte
829 4422 996 4483 atque
1019 4414 1281 4469 Alemone
1303 4416 1460 4485 127
1474 4417 1721 4487 pugilatu
1745 4416 1976 4485 lirmior,

388 4506 441 4560 in
476 4522 641 4561 cursu
674 4506 1120 4562 Aristomedonte
1154 4508 1468 4579 Dictaeaque
1499 4526 1563 4566 ac
1593 4511 1786 4565 Priaso
1824 4512 1980 4566 velo-

385 4597 524 4663 cior,
553 4599 610 4653 in
642 4597 954 4668 sagittando
987 4596 1282 4669 Hymenaeo
1321 4610 1378 4654 et
1407 4601 1626 4656 Asterie
1662 4602 1824 4673 longe
1850 4602 1983 4658 dex-

388 4692 580 4745 terior.
614 4690 694 4744 Ex
722 4690 927 4760 quibus
956 4690 1290 4760 paucissima
1324 4693 1624 4749 ascribam.

2156 3990 2157 3995 ‘
2233 3978 2304 4031 Τὸ
2335 3976 2389 4029 δ’
2420 3976 2492 4030 οῦ
2527 3992 2597 4029 κε
2628 3974 2722 4027 δύ’
2751 3973 2929 4041 ἀνέρε
2958 3972 3153 4041 δήμου
3182 3974 3405 4041 ἀρίστω
3427 3972 3539 4038 (47)

2099 4049 2372 4114 Ῥηϊδίως
2402 4047 2494 4101 ἐπ’
2520 4045 2761 4114 ἅμαξαν
2786 4044 2888 4099 ἀπ’
2921 4043 3134 4108 οὔδεος
3170 4045 3535 4114 ὀχλίσσειαν
3557 4044 3603 4114 ⁷]

2078 4108 2200 4173 Οἶοξ
2230 4108 2362 4173 νῦν.
2379 4108 2592 4186 βροτοί
2612 4117 2748 4170 είσ’·
2780 4118 2813 4169 ὁ
2833 4115 2900 4168 δέ
2922 4131 3031 4183 μιν
3055 4114 3169 4182 ρἐ
3192 4108 3394 4167 iane
3414 4114 3510 4167 καί
3534 4108 3681 4180 οἷος·

2085 4234 2146 4285 ἐν
2174 4232 2231 4284 δὲ
2264 4231 2342 4300 τῷ
2374 4228 2652 4285 δισκεύειν
2684 4229 2985 4299 ’Λλιμήδου
3011 4230 3106 4281 καὶ
3139 4229 3440 4290 Ὀδυσσέως
3457 4227 3685 4300 ὑπέρτε-

2088 4342 2202 4394 ρος,
2244 4322 2549 4393 Ἐρεχθέως
2575 4321 2632 4375 δὲ
2665 4320 2760 4374 καὶ
2789 4320 3084 4390 Κέλμητος
3109 4318 3236 4388 (48)
3255 4317 3377 4371 καθ’
3412 4319 3683 4373 ἱππασίαν

2082 4411 3035 4489 τεχνημονέστερος,Εὑρυμέδοντός
3059 4428 3117 4464 τε
3139 4410 3236 4465 καὶ
3259 4410 3568 4482 Ἀλκμονος
3580 4430 3685 4464 κα-

2082 4510 2153 4564 τά
2185 4506 2513 4578 πυγμαχίαν
2543 4504 2924 4576 στερρότερος,
2952 4504 3081 4572 περί
3102 4520 3161 4555 τε
3178 4502 3381 4573 δρόμον
3403 4501 3516 4575 (49)
3534 4504 3685 4574 Ἀρι.

2085 4602 2439 4673 στομέδοντος
2493 4598 2751 4654 Δικναίου
2809 4614 2868 4650 τε
2918 4597 3016 4650 καὶ
3071 4596 3316 4666 Πριάσου
3378 4598 3681 4670 ὠκύτερος,

2084 4696 2183 4749 καὶ
2246 4697 2305 4749 ἐν
2342 4694 2421 4765 τῷ
2472 4692 2805 4759 τοξάζεσθαι
2876 4692 3174 4763 ’Υμεναίου
3244 4693 3341 4746 καὶ
3403 4694 3685 4764 Ἀστερίου

2093 4787 2280 4858 πολλῷ
2305 4786 2732 4857 εὐστοχώτερος.
2798 4786 2891 4851 Ἐξ
2910 4778 2987 4839 ὧν
3014 4784 3259 4854 ὀλίγιστα
3289 4785 3681 4857 διαγράψομαι.

1687 4903 1927 4960 νΑιιιιλΕ
1967 4904 2378 4962 LECTIONES.

458 4995 504 5025 “
536 4988 601 5065 ᾧ]
628 4996 654 5046 ὁ
683 4994 744 5048 Ιι.

386 5068 429 5098 ⁷³
468 5065 682 5119 πολλῶν
712 5067 771 5120 L.

823 4997 866 5027 °"
905 4995 1323 5062 μινσουράτωρα
1355 4993 1412 5047 L.
1498 4994 1542 5028 ⁶⁵⁸
1565 4997 1909 5065 κοινοφυλεῖς
1948 4997 2009 5053 L.

851 5068 897 5099 ⁷⁸
924 5068 1215 5137 ὀχλήσειαν
1235 5066 1286 5119 οἳ
1317 5067 1411 5119 νῦν
1445 5065 1628 5138 βροτοὶ
1658 5068 1744 5121 ei:
1774 5085 1788 5099 ·
1814 5069 1842 5121 ὃ
1868 5069 1923 5121 δὲ
1956 5070 2063 5139 μὴν
2094 5071 2193 5141 ῥέα
2225 5065 2362 5125 πάλε
2397 5070 2462 5124 L.

2088 5000 2134 5031 ”
2172 5001 2300 5069 παρ’
2334 4998 2515 5052 αὐτῶν
2549 4998 2613 5053 L.
2694 4999 2741 5030 ⁷⁰
2782 4997 3102 5070 Ἡρακλέως
3139 4996 3199 5053 L.
3280 4993 3323 5022 "
3356 5012 3417 5051 1:0
3441 5012 3552 5051 om.
3620 4997 3682 5051 L-

1577 5164 1825 5221 STEPII.
1854 5165 2197 5222 BERGLERI
2234 5167 2472 5223 NOTAE.

461 5263 572 5385 (13])
601 5262 793 5385 βοὶιει.
831 5262 1034 5331 Porph.
1064 5279 1117 5332 p.
1146 5262 1269 5317 {70.
1304 5263 1490 5319 Nostri
1534 5264 1652 5321 lere
1680 5264 1868 5320 verbis
1919 5271 1977 5320 et

514 5349 528 5384 ι
600 5350 676 5385 ιιιι
713 5374 725 5385 .

410 5351 443 5384 ι.
472 5334 563 5385 ΓΗ
600 5333 725 5387 ἱιιίι.

387 5348 563 5401 p.111
600 5348 725 5387 ιιιιι.

462 5402 574 5473 (Ἶ8)
596 5404 759 5458 (ledr.
790 5420 844 5465 ι).
867 5404 993 5457 573.

461 5476 571 5537 (59)
598 5476 676 5529 lla
702 5476 967 5545 scriptum
997 5489 1094 5543 per
1124 5492 1193 5530 ει.

462 5545 575 5611 (40)
603 5546 794 5617 Const.
832 5545 1036 5617 Porph.
1074 5563 1128 5615 p.
1160 5547 1284 5609 151,
1308 5547 1471 5602 Codr.
1495 5564 1550 5617 p.
1583 5548 1705 5601 575.

458 5617 575 5687 (Η)
605 5616 795 5688 βοιιεῑ.
831 5616 1036 5686 Porph.
1071 5634 1123 5685 p.
1170 5618 1290 5679 ΠΙ,
1322 5616 1574 5688 (Σαὼ-ξι).
1601 5619 1727 5673 575.

460 5686 579 5758 (Η)
603 5686 796 5758 Const.
832 5688 1039 5755 Porph.
1064 5704 1121 5756 p.
1152 5689 1274 5744 HI.
1306 5689 1468 5745 Cedr.
1491 5686 1543 5758 p‘.
1584 5690 1711 5742 5'73.

464 5755 581 5821 (45)
613 5756 705 5809 Sic
723 5759 843 5811 sine
871 5755 1222 5821 transitione,
1257 5760 1375 5816 sine
1408 5755 1773 5817 connexione.

467 5827 583 5885 (ιι-ι)
610 5824 780 5881 Const
843 5828 1043 5897 Porph.
1086 5845 1138 5897 p.
1170 5831 1291 5885 ltiti.

2158 5266 2273 5335 (43)
2310 5266 2388 5321 Ita
2414 5266 2680 5335 scriptum
2717 5263 2821 5334 [?],
2860 5278 2971 5318 non
3002 5265 3145 5335 ταῖς.

2158 5333 2269 5407 (46)
2295 5333 2619 5407 Sequuntur
2647 5333 3215 5407 nug:e_nug_acissi_nue
3237 5333 3553 5389 stultissimi
3580 5334 3678 5388 ho-

2083 5404 2248 5463 minis
2276 5425 2288 5461 :
2325 5404 2533 5462 habent
2558 5404 2749 5460 tamen
2781 5404 2991 5477 aliquid
3024 5404 3447 5476 pliilologicum,
3478 5422 3677 5477 quani-

2081 5480 2167 5535 vis
2197 5479 2495 5533 ostentatio
2529 5478 2601 5531 sit
2632 5476 2887 5546 puerilis.

2154 5550 2270 5617 (l7)
2295 5549 2414 5604 Vid.
2456 5549 2648 5603 Const.
2684 5547 2887 5617 Porph.
2922 5564 2978 5618 p.
3022 5546 3144 5601 l67.

2158 5616 2268 5691 (48)
2299 5620 2376 5675 Ita
2417 5620 2574 5690 prius
2606 5616 2906 5688 scripserat
2924 5616 3221 5683 librarius,
3253 5616 3456 5673 deinde
3483 5616 3679 5689 exigua

2085 5692 2269 5747 littera
2294 5691 2422 5746 fecit
2451 5707 2721 5760 apparere
2781 5708 2809 5742 ν
2839 5705 2938 5758 pro
2974 5706 3034 5757 μ.

2156 5763 2266 5833 (ω)
2298 5758 2574 5834 Scriptum
2607 5777 2703 5833 per
2727 5778 2777 5826 υ,
2816 5762 2999 5830 potius
3023 5777 3071 5814 ν.
3112 5758 3195 5831 [1’]
