4136 6462
429 426 565 493 1153

1780 419 2058 482 REGUM
2091 419 2237 481 LIB.
2270 420 2375 484 IV.

3572 420 3709 485 1154

500 545 592 616 Τῷ
624 542 833 616 βασιλεῖ
863 558 994 596 ποτε
1018 542 1149 613 περὶ
1172 541 1347 611 θήραν
1374 536 1770 609 ἐνδιατρίϐοντι
1792 537 1852 604 ἐξ
1875 536 2010 643 ὕλης

2181 536 2321 592 Cum
2347 536 2656 607 imperator
2671 536 2972 608 aliquando
3004 536 3057 592 in
3088 544 3288 591 venatu
3317 542 3486 601 esset,
3512 550 3542 590 e
3568 538 3704 594 silva

433 655 517 702 τις
564 633 932 706 παμμεγέθης
990 632 1189 703 ἔλαφος
1235 633 1313 694 εἰς
1352 628 1517 701 μέσον
1566 627 1919 697 πεφοίτηκεν,
1950 627 2012 679 οὒ

431 730 540 782 τῶν
574 724 838 785 ὀπισθίων
898 724 1076 778 ποδῶν
1132 723 1369 793 ἐπαφεὶς
1417 720 1656 792 κορύνην
1697 722 1727 774 6
1763 718 2015 790 βασιλεὺς

427 820 525 874 καὶ
584 818 997 888 κατευτυχήσας
1037 815 1262 879 τούτους
1324 814 1626 868 διέθλασεν.
1666 810 1738 865 Τὸ
1780 810 1915 865 αύτδ
1951 809 2015 881 δὴ

426 910 587 962 τοῦτο
623 909 717 963 καὶ
750 908 846 962 ἐπὶ
875 907 1027 978 λύκῳ
1055 905 1471 976 κατεπεπράχει
1518 902 1652 975 (5ο).
1688 900 2018 973 Σφαιριζόν-

427 1020 536 1055 των
567 1000 625 1054 δὲ
647 1000 790 1053 κατὰ
823 1000 885 1053 τὸ
933 997 1071 1069 πρὸς
1103 997 1172 1052 τὰ
1217 996 1467 1068 βασίλεια
1512 995 1779 1067 μέσαυλον
1808 994 1842 1066 ἢ
1875 994 2017 1048 κατὰ

428 1092 606 1164 χῶρον
635 1092 683 1124 ⁷⁸
738 1092 923 1145 ἵππων
954 1090 1354 1162 ἁμιλλητήριον
1381 1129 1396 1154 ,
1434 1087 1689 1141 οὐδέποτε
1721 1087 1820 1157 τῆς
1855 1085 2019 1155 σφαί-

432 1202 532 1256 ρας
583 1183 909 1255 άποτετύχει
936 1185 1073 1256 (51),
1105 1184 1283 1237 καίτοι
1312 1180 1526 1236 πολλῶν
1569 1179 2018 1251 διαμιλλωμένων

430 1276 526 1331 καὶ
557 1275 1005 1347 ἐπεμόαινόντων
1058 1279 1125 1348 τῇ
1158 1275 1386 1346 παιδιᾷ·
1418 1274 1514 1329 καὶ
1537 1273 1793 1327 τοσοῦτον
1828 1274 2019 1325 ἐπιτυ-

431 1366 540 1437 χῶς
572 1366 669 1420 καὶ
702 1365 967 1434 γενναίως
999 1365 1067 1419 τά
1099 1366 1201 1436 τῆς
1240 1363 1480 1435 σφαίρας
1504 1363 1653 1434 αύτῷ
1692 1362 1804 1433 (52)
1844 1404 1858 1419 .
1895 1402 1909 1416 .
1949 1402 1963 1416 .
1999 1403 2014 1418 .

431 1456 574 1510 ὥστε
605 1456 867 1521 πολλάκις
893 1458 1237 1528 τυπτήσαντι
1288 1458 1495 1527 ταύτην
1520 1457 1615 1515 ἀπ’
1643 1454 1818 1527 ἄκρας
1839 1452 2019 1509 αὐλῶ-

432 1567 522 1612 νος
571 1549 997 1619 διαϐισασθῆναι
1027 1549 1132 1614 ἐξω
1160 1548 1306 1603 κατὰ
1336 1548 1471 1602 πολύ
1507 1565 1572 1617 γε
1601 1548 1694 1602 τοῦ
1724 1548 2018 1621 τέρματος,

434 1641 509 1704 ὡς
544 1641 618 1711 μὴ
648 1639 854 1712 ταύτην
885 1639 1118 1711 δρᾶσθαι
1148 1641 1209 1694 τὸ
1236 1640 1482 1695 σύνολον.
1522 1640 2023 1713 Ἐμεγαληγορεῖτο

432 1730 490 1783 δὲ
516 1731 610 1784 καὶ
638 1730 717 1801 τῷ
741 1730 973 1802 ἀρχηγῷ
1001 1731 1331 1803 Βουλγάρων
1354 1731 1772 1803 παλαιστρικδς,
1794 1731 1852 1795 ὃς
1881 1732 2023 1785 κατὰ

435 1823 780 1894 παλαίστραν
812 1825 1081 1894 ἐκέκτητο
1108 1824 1169 1878 τὺ
1195 1825 1466 1896 ἀήττητον
1488 1841 1502 1856 ’
1545 1824 1734 1880 τοῦτον
1762 1826 1899 1896 πρὸς
1923 1825 2023 1896 τὴν

438 1913 685 1985 βασιλίδα
714 1913 1065 1988 θαρρούντως
1096 1915 1422 1984 ἐκπέπομφε
1462 1914 1508 1946 ⁷⁵
1543 1912 1908 1984 πειρασθῆναι
1927 1912 2019 1967 δυ-

436 2006 814 2070 ναστεύοντος.
858 2006 984 2058 Ἐπὶ
1003 2004 1179 2077 τούτῳ
1204 2005 1488 2077 δυσφόρως
1512 1999 1658 2075 εἶχεν
1691 2006 1720 2058 6
1741 2004 2017 2075 βασιλεὺς,

437 2099 573 2153 ἀλλά
599 2100 700 2168 τὴν
745 2098 1046 2170 δυσφορίαν
1100 2098 1180 2161 είς
1219 2097 1280 2150 τὸ
1312 2096 1541 2168 εῠφορον
1596 2096 2016 2168 μετερύθμισεν,

437 2189 632 2244 ἐαυτὸν
647 2189 832 2253 καθεὶς
856 2192 924 2261 τῇ
948 2188 1278 2261 παλαίστρᾳ,
1298 2189 1438 2260 πλὴν
1459 2188 1601 2259 μετὰ
1626 2188 2021 2261 προσηκούσης

437 2282 538 2351 τῆς
583 2281 934 2353 ἐπικρύψεως
959 2299 974 2314 ’
1016 2282 1557 2353 μετασχηματισθεὶς
1583 2280 1693 2353 γὰρ
1719 2281 1829 2335 τῶν
1873 2281 2028 2352 βασι-

438 2372 607 2427 λικῶν
627 2373 872 2444 ἐσθήτων
891 2374 969 2445 τῷ
998 2374 1286 2428 παλαίοντι
1309 2373 1582 2444 πρόσεισι.
1606 2374 1715 2426 Καὶ
1742 2375 1770 2426 6
1794 2373 1892 2444 μὲν
1911 2372 2025 2443 (55)

441 2464 657 2535 Σκύθης
681 2467 773 2518 τὸν
801 2465 1093 2520 Μακεδόνα
1127 2465 1459 2536 μετεωρίσαι
1486 2465 1569 2536 μὴ
1602 2465 1928 2519 ἐνδεδωκότα
1959 2467 2026 2536 τῇ

440 2553 597 2625 ἄρσει
625 2553 962 2625 διήμαρτεν’
998 2557 1027 2608 6
1049 2555 1105 2607 δὲ
1155 2554 1346 2609 τοῦτον
1395 2557 1554 2625 χερσὶ
1585 2556 1862 2624 γενναίαις
1888 2556 2029 2610 ἐτοίο

445 2664 563 2718 μως
590 2647 784 2719 διάρας
819 2647 1066 2719 σφοδρῶς
1099 2663 1159 2703 τε
1190 2648 1547 2721 περιδινήσας
1578 2648 2029 2717 ἐπαγκυλίζεται,

443 2740 704 2794 καὶκατὰ
728 2739 834 2810 γῆν
862 2740 976 2811 (54)
1008 2741 1212 2810 πτῶμα
1260 2741 1443 2813 ῥίπτει
1478 2740 1855 2810 παμμέγεθες,
1884 2741 2027 2794 ὥστε

444 2833 720 2897 πλείστοις
744 2833 845 2904 μέν
872 2832 1051 2900 ὕδασι,
1089 2834 1337 2904 δαψιλέσι
1367 2834 1424 2888 δέ
1455 2835 1640 2901 οἴνοις,
1665 2834 1802 2904 πρὸς
1830 2833 1887 2886 δὲ
1908 2835 2030 2896 ταῖς

2117 643 2321 684 cervus
2352 627 2547 700 ingens
2584 628 2642 683 in
2676 629 2922 684 medium
2968 629 3142 692 venit,
3177 630 3337 699 cujus
3371 630 3707 698 posteriores

2119 721 2287 792 pedes
2320 723 2568 792 conjecta
2601 722 2755 777 clava
2786 722 3076 793 confregit.
3119 721 3267 776 Idem
3312 721 3446 777 illud
3479 731 3538 776 et
3573 722 3708 792 lupo

2117 811 2268 867 fecit.
2305 810 2420 867 Pila
2455 820 2640 866 autem
2672 828 2798 867 cum
2842 810 3098 866 luderent
3130 812 3187 865 in
3226 810 3365 865 atrio
3400 811 3467 865 ad
3502 814 3707 880 regiam

2118 913 2215 959 aut
2262 905 2317 959 in
2348 905 2529 971 Circo,
2564 921 2849 975 nunquam
2879 905 3160 960 aberravit
3196 920 3225 957 a
3268 904 3377 973 pila
3412 903 3705 974 tangenda,

2119 996 2371 1067 quamvis
2386 996 2576 1052 multis
2591 997 2935 1051 certantibus
2955 1004 3010 1051 et
3028 995 3531 1050 intervenientibus
3551 994 3707 1048 ludo:

2120 1082 2344 1159 tamque
2400 1089 2593 1145 dextre
2642 1097 2698 1144 et
2723 1089 2904 1144 valide
2934 1088 2989 1143 id
3034 1087 3291 1153 faciebat,
3327 1097 3386 1141 ut
3413 1102 3553 1157 saepe
3585 1102 3711 1156 per-

2121 1202 2285 1242 cussa
2308 1187 2418 1256 pila
2452 1203 2714 1258 supremo
2753 1187 2932 1257 spatio
2960 1188 3124 1258 longe
3152 1188 3396 1244 ferretur
3420 1188 3563 1243 ultra
3599 1197 3712 1243 ter-

2122 1278 2357 1343 minum,
2394 1287 2455 1332 ut
2486 1293 2589 1332 nec
2617 1278 3032 1347 conspiceretur
3060 1279 3308 1333 omnino.
3344 1280 3516 1334 Porro
3547 1280 3715 1333 lucta-

2122 1378 2209 1424 tor
2233 1379 2354 1424 erat
2380 1369 2525 1440 apud
2562 1368 2922 1441 Bulgarorum
2955 1368 3151 1423 ducem
3191 1369 3246 1424 in
3291 1384 3488 1439 magna
3518 1368 3714 1427 existi-

2124 1464 2367 1517 matione
2414 1462 2669 1532 famaque
2732 1461 2989 1523 celebris,
3053 1469 3313 1530 tanquam
3365 1460 3606 1515 invictus
3659 1460 3716 1514 in

2123 1556 2409 1612 luctando.
2441 1556 2601 1610 Hunc
2631 1555 2722 1610 ille
2752 1570 2862 1609 non
2894 1553 3171 1609 dubitavit
3206 1554 3261 1609 in
3299 1553 3715 1623 imperatoriam

2125 1648 2318 1704 urbem
2363 1648 2610 1710 mittere,
2649 1654 2709 1701 ut
2748 1646 3056 1717 periculum
3098 1645 3303 1700 faceret
3337 1660 3406 1698 an
3444 1644 3718 1714 potiorem

2126 1749 2311 1810 posset
2338 1738 2605 1795 invenire.
2630 1740 2759 1793 Eam
2782 1754 2897 1793 rem
2916 1739 3143 1793 moleste
3160 1736 3369 1793 ferebat
3391 1737 3715 1807 imperator,

2128 1833 2222 1888 sed
2258 1832 2564 1887 molestiam
2608 1831 2757 1886 illaut
2784 1830 3054 1893 removit,
3083 1830 3201 1900 ipse
3230 1828 3529 1885 demittens
3557 1844 3616 1884 se
3648 1827 3719 1882 ad

2124 1924 2471 1988 luctandum,
2504 1932 2885 1979 verumtamen
2913 1937 3039 1977 cum
3064 1922 3295 1977 decente
3319 1920 3719 1977 occultatione:

2126 2025 2337 2071 mutato
2349 2017 2498 2071 enim
2522 2015 2879 2086 imperatorio
2895 2023 3092 2070 ornatu
3112 2014 3167 2069 in
3183 2029 3407 2069 arenam
3430 2012 3723 2069 descendit

2126 2107 2396 2162 adversus
2424 2106 2774 2162 luctatorem.
2797 2106 2876 2160 Ac
2899 2104 3097 2177 Scytha
3124 2105 3348 2175 quidem
3366 2104 3722 2161 Macedonem

2127 2199 2421 2255 sublimem
2475 2199 2668 2254 tollere
2706 2198 2936 2253 minime
2972 2188 3261 2253 cedentem
3311 2196 3459 2252 haud
3500 2196 3723 2254 valuit:

2126 2306 2322 2345 verum
2353 2290 2458 2345 iste
2488 2289 2642 2344 illum
2673 2289 2930 2344 manibus
2958 2288 3201 2343 robustis
3232 2287 3490 2342 facillime
3524 2288 3725 2340 tollens

2127 2380 2307 2436 valide
2362 2381 2758 2436 circumactum
2810 2381 2866 2434 in
2909 2390 3110 2436 terram
3150 2379 3359 2450 dejicit,
3384 2387 3725 2449 prostratum

2136 2474 2298 2544 128
2319 2489 2449 2529 casu
2482 2473 2723 2528 maximo
2748 2515 2763 2539 ,
2793 2473 2869 2527 ita
2910 2482 2971 2527 ut
3002 2473 3174 2527 multa
3200 2489 3338 2542 aqua
3362 2487 3425 2525 ac
3448 2472 3578 2525 vino
3603 2482 3728 2541 gut-

2132 2567 2316 2637 tisque
2347 2567 2590 2622 rosaceis
2618 2566 2828 2637 rigatus
2848 2566 2938 2620 vix
2962 2582 2992 2619 a
3023 2565 3269 2635 deliquio
3297 2565 3493 2619 animae
3523 2564 3728 2618 libera-

2136 2668 2318 2725 retur,
2357 2676 2425 2715 ex
2461 2660 2695 2715 auribus
2738 2659 3077 2728 naribusque
3112 2666 3373 2713 manante
3409 2657 3675 2728 sanguine
3711 2673 3727 2722 ;

2141 2759 2203 2807 ut
2234 2751 2288 2806 id
2339 2751 2545 2807 factum
2576 2768 2911 2823 magnopere
2950 2751 3362 2806 admirarentur
3404 2757 3728 2820 prmsentes,

2143 2843 2291 2914 quod
2321 2843 2507 2900 adhuc
2535 2845 2701 2899 etiam
2736 2843 2879 2898 fama
2912 2844 3248 2899 celebratur.

446 2930 512 2981 ἐκ
540 2929 710 2999 ῥόδων
746 2930 1004 3001 σταγόσιν
1025 2930 1577 3002 ἐγκατομϐρούμενον
1607 2931 1761 3001 μόλις
1790 2947 1896 2985 που
1921 2931 2022 3003 τῆς
2055 2939 2380 3003 νεκρώσεως
2413 2940 2785 3012 ἀπηλλάχθαι,
2818 2939 2974 2993 ὢτων
3031 2957 3089 2992 τε
3123 2938 3221 2993 καὶ
3291 2938 3458 3009 ῥινῶν
3527 2937 3733 2993 ἐκδλύ-

449 3039 642 3087 σαντος
670 3024 933 3096 αἵματοςο
980 3026 1058 3092 ὡς
1107 3025 1319 3081 ἐνθένδε
1367 3027 1511 3081 κατὰ
1558 3026 1694 3080 πολὺ
1741 3025 2022 3099 Θαυμάσαι
2060 3032 2187 3096 τοὺς
2217 3034 2494 3106 παρόντας
2513 3034 2576 3089 τὸ
2604 3034 2852 3105 γεγονὸς,
2877 3032 2905 3086 ὃ
2950 3033 3045 3088 καὶ
3081 3036 3245 3105 μέχρι
3294 3030 3387 3085 τοῦ
3421 3030 3518 3085 νῦν
3575 3032 3735 3084 ἐκτε-

451 3112 769 3191 θρύλληται.

536 3207 629 3261 Ἐν
662 3209 972 3280 οίκτιρμοϊς
1002 3206 1060 3263 δὲ
1102 3208 1352 3279 πενήτων
1381 3208 1639 3274 πλούσιος
1675 3205 1744 3282 ἦν
1773 3211 2030 3284 ἐπιχορη·

2210 3210 2319 3267 Sed
2365 3219 2423 3266 et
2464 3209 2847 3265 misericordia
2890 3224 3020 3280 erga
3069 3222 3345 3278 pauperes
3392 3206 3549 3262 dives
3598 3205 3736 3261 ditia

452 3299 567 3370 γῶν
598 3298 871 3363 πλουσίως
901 3300 994 3354 τὸν
1025 3300 1194 3365 ἔλεον,
1238 3301 1606 3371 νοσοκομείων
1653 3305 2039 3374 γηροκομείων

454 3408 515 3444 τε
550 3392 645 3444 κα)¹
668 3392 1125 3462 πτωχοτροφείων
1151 3392 1449 3446 πολυειδῶν
1484 3395 1926 3465 ἐγκαινίσμασιν.
1962 3396 2036 3450 Ού

460 3481 568 3555 μὴν
595 3482 654 3537 δὲ
715 3483 927 3548 τούτοις
992 3485 1176 3555 μόνοις
1225 3485 1504 3556 ἐνέμενεν,
1562 3486 1699 3541 ἀλλὰ
1726 3489 1823 3543 καὶ
1864 3488 2042 3552 θείους

457 3577 621 3640 ναοὺς
652 3575 764 3646 (55)
799 3576 1181 3648 σαθρωθέντας
1222 3579 1288 3649 τῇ
1326 3578 1651 3649 παλαιότητι
1680 3581 1817 3650 πρὸς
1858 3580 2044 3652 νεότη-

456 3683 550 3732 τος
580 3667 972 3739 μετηλλοιὼκει
1021 3669 1378 3741 στερρότητα,
1430 3669 1638 3735 ἐπιθεὶς
1685 3670 2042 3741 κοσμιότητα.

461 3760 626 3814 Ὥστε
656 3760 716 3812 οὑ
755 3760 917 3831 μόνον
945 3761 1057 3815 τῶν
1086 3761 1226 3815 κατὰ
1275 3760 1437 3832 σῶμα
1463 3762 1565 3833 τῆς
1608 3763 1928 3834 ἐπιμελείας
1960 3761 2048 3816 διὰ

460 3852 742 3924 φροντίδος
800 3851 950 3922 ἔχειν
1006 3851 1196 3918 αὐτὸν,
1256 3853 1394 3908 ἀλλὰ
1428 3853 1526 3907 καὶ
1566 3853 1673 3908 τῶν
1702 3856 1842 3907 κατὰ
1868 3854 2049 3926 ψυχὴν

460 3943 831 3998 ἐπισπεύδειν.
852 3944 960 3997 Καὶ
982 3943 1090 4015 γὰρ
1114 3943 1214 4013 οὐχ
1236 3945 1424 4013 ἡγεῖτο
1447 3946 1627 4014 συμφέ
1638 3961 1748 4014 ρον,
1784 3944 1928 3997 κατὰ
1947 3943 2047 4014 τὴν

459 4035 669 4106 ἀγορὰν
692 4035 725 4105 ἢ
748 4033 914 4106 φόρος
944 4033 1411 4106 προσαγορεύεται
1428 4035 1868 4100 Κωνσταντίνου,
1890 4052 2048 4105 περι-

463 4128 633 4191 ιόντος
666 4127 714 4159 ’⁸
764 4125 922 4193 λαοῦ,
959 4125 1234 4197 σύρμασιν
1270 4124 1404 4195 ὕλης
1431 4126 1622 4181 τοῦτον
1653 4126 1790 4192 ὅλως
1844 4127 2053 4198 ἐνίσχε-

462 4218 587 4273 σθαι
610 4220 703 4273 καὶ
735 4220 846 4273 τῶν
866 4220 995 4290 περὶ
1021 4218 1157 4272 Θεοῦ
1186 4217 1512 4288 ἐκλελῆσθαι
1543 4219 1587 4249 ⁷⁷
1610 4234 1625 4248 ’
1650 4217 1719 4271 δι’
1742 4217 1771 4272 δ
1804 4221 1899 4273 καὶ
1917 4223 2047 4275 ναὸν

2139 3303 2434 3375 praestabat
2459 3301 2728 3358 beneficia
2751 3343 2765 3367 ,
2792 3302 2922 3356 dum
2956 3300 3187 3355 :edificia
3224 3299 3375 3353 varia
3399 3313 3502 3368 pro
3532 3298 3737 3352 invali-

2140 3398 2228 3453 dis
2258 3397 2486 3453 senibus
2534 3405 2700 3466 atque
2730 3395 2920 3466 egenis
2957 3393 3241 3457 curandis,
3284 3391 3535 3447 fovendis
3566 3401 3736 3462 atque

2141 3491 2354 3547 alendis
2384 3489 2805 3545 instaurat.Nec
2835 3488 2929 3543 hic
2952 3486 3331 3553 substitit,sed
3356 3501 3541 3542 sacras
3563 3486 3737 3540 etiam

2140 3583 2289 3638 ardes
2311 3589 2587 3637 vetustate
2616 3581 2976 3636 labefactatas
3004 3579 3312 3641 renovavit,
3341 3578 3545 3632 additis
3568 3592 3738 3631 orna-

2144 3674 2347 3730 mentis
2376 3691 2391 3741 ;
2439 3674 2512 3728 ita
2541 3681 2601 3728 ut
2627 3689 2737 3728 non
2762 3673 2939 3729 solum
2964 3672 3217 3742 corporis
3256 3670 3489 3725 haberet
3520 3684 3738 3734 curam,

2145 3784 2337 3823 verum
2350 3768 2518 3822 etiam
2540 3766 2758 3821 animae.
2779 3766 2901 3820 Non
2924 3765 3090 3820 etiam
3114 3765 3350 3820 ducebat
3378 3761 3738 3824 conveniens,

2142 3859 2325 3914 forum
2350 3860 2497 3929 quod
2519 3858 2868 3914 Constantini
2894 3858 3119 3921 dicitur,
3150 3864 3406 3911 versante
3434 3855 3509 3908 ibi
3534 3855 3741 3924 popqu

2144 3952 2462 4022 quisquiliis
2505 3950 2750 4006 materia:
2784 3958 2960 4005 totum
3004 3948 3180 4003 teneri
3208 3958 3263 4003 et
3293 3962 3323 4000 a
3363 3945 3537 4001 sacris
3569 3945 3741 4000 rebus

2144 4058 2266 4098 esse
2278 4043 2682 4098 abalienatum:
2708 4057 2881 4112 quare
2903 4042 3168 4111 templum
3191 4039 3266 4094 ibi
3289 4038 3529 4094 exstruit
3544 4037 3741 4092 honori

2156 4133 2406 4204 Deiparze
2435 4133 2771 4199 dedicatum,
2804 4130 3183 4203 magnitudine
3220 4129 3457 4194 modica,
3498 4129 3592 4183 sed
3622 4128 3747 4198 pul‘

2158 4224 2479 4280 chritudine
2500 4226 2701 4280 mirum
2727 4224 2783 4280 in
2801 4224 3024 4279 modum
3042 4222 3277 4293 fulgens.

461 4313 520 4366 ἐν
541 4311 717 4385 ταύτῃ
739 4314 1178 4385 προσπήγνυσιν,
1200 4310 1287 4383 ἐφ’
1306 4305 1459 4384 ᾧπερ
1484 4311 1520 4383 ή
1545 4310 1851 4385 Θιομήτωρ
1915 4312 2157 4389 δημοσίᾳ
2187 4318 2504 4389 τετίμηται,
2563 4317 2775 4389 μετρίῳ
2828 4317 3049 4388 μεγέθει
3103 4315 3198 4368 καὶ
3265 4313 3493 4385 ἀμέτρῳ
3555 4311 3745 4366 κάλλει

460 4406 885 4481 διηυγασμένον.

534 4480 788 4561 Τοιοῦτος
819 4502 847 4553 6
871 4498 1247 4571 μεγαλουργὺς
1284 4496 1423 4563 ἄναξ
1461 4496 1762 4564 Βασίλειος,
1798 4496 1893 4552 καὶ
1924 4513 2022 4550 τοσ

2228 4498 2378 4554 Talis
2414 4506 2534 4553 erat
2558 4498 2651 4552 ille
2669 4495 2993 4569 magnificus
3026 4496 3328 4565 imperator
3353 4493 3591 4549 Basilius
3621 4501 3741 4547 tan-

465 4594 611 4648 αὖτα
631 4594 702 4646 τὰ
732 4593 947 4645 ἐκείνου
981 4591 1510 4662 μεγαλουργήματα.
1558 4589 1719 4644 Ἀλλὰ
1766 4606 2050 4661 προκατα-

470 4686 684 4758 σχεθεὶς
709 4685 822 4757 (56)
845 4684 1094 4758 τηκεδόνι
1121 4686 1189 4757 τῇ
1217 4686 1284 4738 ἐκ
1305 4683 1548 4755 διαροίας
1570 4683 1615 4714 ⁷⁸
1637 4682 1898 4754 γαστρὸς,
1924 4683 2050 4737 κατ’

469 4781 647 4853 ἄγραν
675 4779 737 4835 ἐκ
764 4796 909 4843 τινος
937 4776 1357 4850 περιπτώσεως,
1393 4776 1583 4830 ἔπειτα
1621 4775 1860 4849 πυρετοῦ
1915 4792 2052 4829 καυ-

472 4875 676 4939 σώδους
751 4872 1153 4945 ἁναφλεγέντος
1204 4869 1357 4942 αύτῷ
1411 4868 1756 4942 άνικμῶντος
1812 4867 2051 4938 ζωτικὴν

2160 4603 2325 4664 taque
2379 4592 2500 4664 ejus
2527 4589 2815 4661 magnifica
2844 4604 3033 4660 opera.
3084 4588 3575 4643 Verumenimvero
3618 4601 3745 4640 cum

2158 4685 2452 4741 invasisset
2474 4700 2601 4739 eum
2624 4682 2879 4738 tabificus
2904 4683 3132 4737 morbus
3154 4697 3222 4736 ex
3248 4680 3517 4753 profluvio
3536 4680 3748 4735 ventris

2157 4777 2456 4831 subsecuta
2504 4790 2692 4830 casum
2751 4772 3045 4844 quemdam
3097 4772 3152 4827 in
3193 4772 3509 4834 venatione,
3547 4770 3749 4826 deinde

2157 4866 2332 4922 febris
2359 4866 2561 4922 ardens
2591 4874 2782 4921 exorta
2817 4874 2965 4920 esset
2992 4878 3325 4919 consumens
3350 4876 3570 4918 omnem
3604 4860 3749 4916 vita-

1754 5028 1992 5086 VARIAE
2034 5026 2450 5086 LECTIONES.

581 5158 687 5230 "ﬁ
715 5157 1039 5230 καταχῶρον
1069 5154 1133 5213 L.
1206 5154 1254 5189 ⁷⁵
1271 5150 1628 5223 ἐκπέπομφαι
1651 5149 1715 5207 L.
1792 5149 1840 5182 ⁷⁸
1868 5148 2152 5221 περιόντος
2184 5147 2316 5202 λαοῦ
2348 5147 2622 5220 συρμᾶσιν
2650 5145 2714 5201 L.
2789 5146 2834 5179 "
2873 5142 3197 5199 ἐκλελύσθαι
3236 5140 3300 5196 L.

477 5229 600 5303 ροία
634 5228 696 5284 1,.

3391 5139 3436 5171 ⁷⁸
3467 5140 3534 5211 τῇ
3563 5137 3749 5193 ἐκδια-

1667 5359 1917 5418 STEPH.
1952 5357 2300 5416 BERGLERI
2330 5355 2560 5412 ΝΟΤίΕ.

549 5539 663 5609 (50)
704 5537 910 5609 Const._
934 5534 1145 5609 Porph.
1162 5550 1222 5606 p.
1251 5532 1373 5609 Hi.

577 5602 664 5675 51)
696 5604 775 5664 Ita
807 5602 1097 5676 scriptum,
1127 5602 1475 5676 ἀποτετύχει.

573 5680 664 5751 5‘2)
697 5675 1104 5751 Nullum’adest
1136 5675 1389 5751 verbum.

551 5735 666 5822 (55)
696 5751 754 5804 in
785 5747 1169 5822 superioribus
1205 5746 1370 5799 etiam
1408 5740 1518 5822 tale
1554 5737 1685 5822 quid
1745 5747 1941 5822 narrat.
1992 5735 2063 5820 de

483 5808 685 5877 Basilio
710 5808 954 5874 nondum
978 5812 1459 5887 imperatorc,_ubi
1490 5820 1755 5887 auctores
1775 5808 2059 5887 annotavi.

490 5897 561 5949 Ac
586 5899 810 5965 propter
840 5877 1263 5946 similitudinem
1316 5877 1447 5942 licet
1486 5880 1601 5937 fere
1637 5879 1904 5951 suspicari
1954 5877 2064 5932 No-

2164 5517 2340 5580 strum
2373 5537 2537 5577 unam
2571 5535 2687 5575 rem
2717 5526 2777 5574 ut
2792 5517 2955 5573 aliam
2975 5523 3141 5585 atque
3169 5512 3337 5568 aliam
3355 5525 3608 5566 narrare.

2237 5593 2351 5663 (54)
2382 5593 2462 5647 ita
2493 5592 2786 5661 scriptum,
2806 5604 2916 5663 non
2938 5587 3061 5663 γῇς.

2392 5649 2631 5717 Plurima
2675 5649 2884 5733 templa
2915 5649 3171 5733 a'B'asilio
3204 5654 3293 5733 vel
3330 5658 3609 5733 exstrnueta
3664 5649 3752 5701 vel

2163 5721 2471 5791 instaurata
2494 5721 2805 5788 enumerat'
2846 5728 3036 5785 Const.
3089 5724 3293 5795 Porph.
3340 5740 3394 5794 ι).
3432 5721 3535 5776 198
3594 5736 3754 5791 seqq.

2163 5807 2278 5861 vid.
2311 5805 2444 5859 Zon.
2476 5820 2530 5873 p.
2584 5803 2706 5873 1773.
2743 5801 2906 5873 Cedr.
2937 5795 3163 5873 p_.‘58_‘i.

2235 5875 2347 5946 (56)
2381 5862 2570 5931 Coust.
2605 5871 2810 5943 Porph.
2844 5885 2898 5941 p.
2926 5862 3054 5934 ‘2t6,
3088 5865 3272 5923 Nostri
3297 5864 3411 5921 fere
3434 5862 3646 5919 verbis.
