4074 6542
322 602 2738 664 EH

225 713 229 719 “
882 777 1454 890 manu
1525 772 2267 889 RABANI
2338 770 2952 885 unum

1018 1005 1403 1066 FULDENSIS
1442 1004 1731 1063 ABBATIS
1766 1003 1856 1061 ET
1893 1000 2272 1061 MOGUNTINI
2309 990 2828 1059 ARGHIEPlSCOPI

394 1181 1552 1325 COMMENTARIA
1648 1190 1805 1314 IN
1899 1182 2462 1315 LIBROS
2558 1186 2729 1314 IV
2822 1182 3434 1313 REGUM.

1715 1420 1955 1505 (ANNO
1995 1420 2162 1503 831..)

1518 1646 1521 1647 ί
1617 1660 2222 1744 ΡιιΑῖΕΑΤΙο.

380 1904 608 1960 Domino
658 1901 1109 1958 reverendissimo
1158 1908 1215 1958 et
1259 1900 1317 1955 in
1368 1900 1628 1956 membris
1677 1900 1879 1956 Christi
1904 1907 1955 1967 Α
1980 1904 2275 1960 hreviando
2319 1905 2624 1975 explanavi.
2673 1905 3090 1980 Praenotavique
3130 1910 3187 1965 in
3226 1914 3563 1985 marginibus

304 1995 597 2066 plurimum
624 1996 935 2051 venerando
964 2004 1126 2064 atque
1154 1993 1401 2060 colendo,
1431 1994 1579 2049 Patri
1615 1993 1880 2051 Hthero

302 2086 575 2151 abbati,et
602 2086 740 2141 sacri
772 2085 957 2156 palatii
978 2083 1430 2154 archicapcllano,
1458 2083 1732 2149 Haemus,
1760 2085 1878 2139 exi-

299 2190 438 2247 guus
487 2192 769 2232 servorum
810 2176 907 2232 Dei
948 2190 1158 2242 servus,
1194 2175 1252 2230 in
1280 2175 1507 2230 Domino
1530 2184 1733 2231 aeterno
1759 2192 1881 2246 per-

298 2279 518 2338 petuam
546 2270 798 2324 salutem.

370 2360 503 2414 Cum
531 2359 936 2414 venerationem
959 2368 1130 2424 tuam,
1149 2369 1335 2415 sancte
1362 2358 1541 2426 Pater,
1563 2359 1765 2428 ubique
1786 2373 1880 2413 ex-

298 2448 583 2505 cellentem
619 2450 939 2517 sentiamus,
972 2458 1028 2505 et
1056 2450 1301 2520 pluribus
1331 2449 1731 2521 profectuosam
1762 2464 1881 2505 esse

298 2551 632 2612 compertum
659 2542 974 2608 habeamus,
1006 2543 1062 2598 id
1097 2544 1271 2612 ipsum
1307 2552 1368 2597 ut
1388 2543 1569 2598 divina
1595 2542 1880 2599 clementia

286 2614 506 2689 'tiutius
531 2634 648 2689 ﬁeri
675 2636 1032 2704 permittat,et
1067 2637 1361 2692 novissime
1396 2644 1600 2692 aeterna
1630 2636 1880 2691 mercede

300 2733 634 2790 remuneret,
669 2724 901 2779 assiduis
929 2725 1180 2795 precibus
1219 2727 1485 2781 instanter
1513 2726 1876 2796 deposcimus.

303 2812 382 2868 De
408 2822 605 2869 caetero
648 2830 863 2885 quoque
904 2817 1032 2885 quia
1072 2825 1255 2871 vestra
1285 2817 1545 2872 sanctitas
1567 2831 1666 2886 per
1687 2832 1879 2886 quem-

297 2903 421 2959 dam
468 2904 690 2961 fratrem
728 2915 996 2972 nostrum,
1030 2923 1189 2977 quem
1221 2908 1289 2962 ad
1316 2908 1574 2978 palatium
1603 2909 1881 2978 praeterito

295 3014 441 3055 anno
468 3000 766 3057 direximus
827 3012 1027 3058 nostra}
1052 3004 1308 3073 parvitati
1340 3017 1627 3074 suggerere
1662 3004 1880 3074 dignata

297 3089 385 3145 est
416 3101 681 3160 quatenus
722 3093 939 3163 aliquod
984 3095 1233 3150 volumen
1285 3096 1439 3150 vobis
1473 3094 1603 3148 utile
1631 3095 1877 3148 mittere-

295 3196 419 3236 mus
444 3200 459 3236 :
490 3200 589 3237 nos
617 3185 733 3239 haec
759 3186 1031 3256 suggestio
1058 3203 1164 3241 non
1189 3202 1378 3256 parum
1407 3186 1668 3241 sollicitos
1691 3185 1875 3240 reddi-

296 3269 395 3336 dit,
445 3274 586 3341 quod
628 3275 800 3339 vobis,
843 3275 934 3345 qui
975 3276 1170 3331 divites
1221 3278 1355 3331 estis
1404 3278 1459 3330 in
1504 3277 1777 3342 omnibus,
1822 3276 1879 3330 in
1906 3259 1956 3319 Β

295 3363 445 3416 omni
475 3364 702 3419 scientia
732 3374 788 3420 et
824 3366 1088 3431 doctrina,
1137 3376 1192 3421 et
1231 3368 1371 3436 apud
1417 3383 1576 3437 quem
1617 3367 1882 3421 librorum

293 3454 535 3507 utaxima
569 3456 724 3524 copia
765 3465 871 3523 est,
920 3457 1176 3525 placitum
1204 3466 1260 3512 et
1304 3459 1629 3528 condignum
1670 3472 1884 3511 accom-

294 3544 523 3599 modare
548 3561 847 3615 possemus.
877 3547 945 3601 Et
973 3548 1098 3616 quia
1122 3563 1214 3604 vos
1239 3548 1471 3618 aliquem
1503 3547 1698 3601 librum
1722 3561 1883 3615 quem

294 3634 453 3689 vobis
476 3636 745 3689 mitterem
767 3639 1088 3692 nominatim
1118 3654 1225 3694 non
1249 3638 1620 3708 cxpressistis,
1648 3637 1879 3707 cogitavi

297 3738 510 3779 mecum
555 3725 611 3779 in
653 3728 1048 3796 expositionem
1080 3727 1345 3784 librorum
1375 3728 1583 3798 Regum
1610 3728 1882 3796 quoddam

300 3814 621 3884 opusculum
659 3816 946 3886 conﬁcere,
986 3828 1042 3874 et
1068 3822 1271 3875 nomini
1309 3830 1492 3877 vestro
1528 3822 1657 3876 illud
1692 3838 1883 3877 conse—

299 3920 479 3973 crare,
509 3917 813 3979 vestrmque
840 3912 1142 3981 prudentiae
1171 3913 1577 3983 approbantium
1606 3913 1883 3969 humiliter

301 3996 407 4052 hoc
445 3999 699 4068 dirigere.
744 4002 899 4068 Quod
941 4004 1202 4073 deprecor
1222 4020 1288 4060 eo
1319 4005 1503 4060 animo
1537 4005 1844 4075 suscipiatis
1864 4046 1879 4070 ,

301 4101 411 4156 quo
440 4088 594 4142 vobis
624 4088 754 4143 illud
792 4094 1089 4148 transmisi.
1131 4094 1250 4149 Non
1294 4097 1439 4150 enim
1478 4097 1714 4153 arbitror
1750 4096 1883 4151 illud

301 4188 423 4229 esse
453 4174 606 4229 vobis
635 4176 981 4247 condignum,
1016 4178 1111 4232 sed
1142 4193 1211 4233 ex
1240 4184 1434 4234 devoto
1469 4186 1653 4246 corde,
1689 4185 1882 4250 quale-

307 4281 519 4337 cunque
544 4267 639 4333 sit,
677 4276 856 4323 tamen
892 4270 1181 4339 prolatum.
1217 4270 1452 4326 Estian
1478 4273 1647 4331 enim.
1678 4272 1724 4327 si
1749 4272 1883 4327 illud

306 4356 546 4425 relegere
582 4357 881 4423 volueritis,
916 4376 1016 4430 per
1043 4361 1223 4416 omnia
1254 4361 1405 4417 vobis
1432 4378 1541 4419 non
1568 4362 1879 4433 displicere,

308 4460 431 4499 cum
478 4449 838 4516 cognoveritis
881 4465 968 4504 me
995 4453 1059 4505 ad
1093 4452 1197 4506 hoc
1224 4452 1473 4507 laborare
1506 4453 1647 4508 velle
1674 4462 1733 4508 ut
1758 4469 1884 4508 san-

305 4543 517 4589 ctorum
545 4534 767 4591 Patrum
797 4538 962 4604 dicta,
997 4556 1116 4609 quae
1148 4540 1215 4595 de
1245 4542 1502 4611 praedicto
1528 4542 1665 4599 libro
1708 4558 1878 4613 expo-

303 4625 409 4679 sita
436 4624 491 4679 in
517 4625 759 4695 pluribus
782 4608 1177 4701 exemplaribus
1193 4608 1435 4702 dispersa
1460 4641 1604 4698 sunt,
1633 4635 1689 4689 in
1710 4608 1878 4690 unum
1907 4608 1954 4671 (ἶ

308 4715 378 4769 ob
437 4718 874 4774 commoditatem
936 4720 1164 4793 legentis
1217 4724 1559 4796 colligerem,
1615 4736 1886 4797 quatenus

307 4804 437 4874 quid
479 4807 707 4876 quisque
749 4824 937 4863 eorum
968 4811 1024 4865 in
1056 4814 1338 4869 sententiis
1370 4815 1602 4871 diversis
1647 4817 1888 4873 historia:

307 4892 516 4965 Regum
557 4910 653 4965 per
690 4899 901 4970 singula
937 4900 1057 4955 loca
1096 4905 1348 4969 senserit,
1384 4907 1590 4974 pariter
1611 4916 1669 4962 et
1692 4923 1888 4963 secun-

306 4982 434 5042 dum
459 4989 704 5045 ordinem
728 5007 760 5046 a
789 4994 947 5048 nobis
976 4994 1294 5065 dispositum
1321 5000 1604 5068 reperiret.
1636 5000 1715 5055 lbi
1743 5002 1889 5056 enim

307 5078 545 5136 inveniet
580 5084 710 5152 quid
746 5084 907 5141 Pater
930 5086 1283 5157 Augustinus,
1315 5090 1515 5159 quidve
1541 5090 1771 5162 insignis
1808 5092 1890 5145 in-

311 5178 519 5242 terpres
560 5174 864 5231 divinorum
892 5177 1153 5233 librorum
1185 5179 1547 5251 Hieronymus
1574 5184 1882 5238 senserint:

306 5261 436 5330 quid
477 5279 615 5334 papa
653 5265 845 5320 beatus
875 5282 939 5321 ac
967 5269 1319 5324 suavissimus
1355 5270 1547 5327 doctor
1570 5271 1883 5345 Gregorius,

310 5355 507 5424 quidve
570 5358 807 5413 Isidorus
859 5358 1193 5428 Hispalensis
1260 5362 1586 5432 epiSCOpus,
1647 5371 1703 5419 et
1752 5364 1887 5434 quid

307 5440 475 5507 Beda,
525 5447 775 5516 magister
806 5447 1022 5511 nobilis.
1067 5464 1132 5505 ac
1180 5453 1362 5506 caeteri
1403 5451 1614 5519 Patres,
1653 5469 1884 5524 quorum

1980 1996 2295 2066 paginarum
2339 1997 2644 2068 aliquorum
2687 2014 2877 2056 eorum
2906 2001 3146 2067 nomina,
3179 2003 3272 2059 ubi
3302 2020 3398 2060 sua
3426 2022 3559 2078 pro-

1979 2088 2098 2157 pria
2118 2089 2285 2143 verba
2306 2090 2552 2160 sunt(a);
2575 2090 2666 2146 ubi
2681 2107 2812 2147 vero
2830 2107 3016 2148 eorum
3037 2110 3255 2149 sensum
3278 2097 3416 2152 meis
3438 2112 3567 2153 ver-

1979 2174 2064 2229 bis
2086 2175 2351 2246 expressi,
2390 2186 2483 2230 aut
2508 2177 2596 2231 ubi
2618 2177 2775 2248 juxta
2808 2194 3000 2234 sensus
3028 2196 3215 2236 eorum
3247 2183 3561 2240 similitudi-

1981 2280 2131 2331 nem,
2169 2275 2332 2335 prout
2372 2268 2554 2322 divina
2602 2270 2776 2340 gratia
2823 2272 2956 2326 mihi
3002 2275 3300 2330 concedere
3344 2277 3564 2348 dignata

1981 2364 2085 2421 est,
2132 2356 2198 2410 de
2235 2371 2375 2411 novo
2412 2358 2631 2425 dictavi,
2661 2358 2716 2412 Μ
2743 2360 2977 2415 litteram
3021 2361 3199 2418 MAUBI
3235 2380 3431 2421 nomen
3469 2381 3566 2422 ex-

1981 2446 2325 2518 primentem,
2374 2450 2516 2517 quod
2566 2448 2820 2519 magister
2864 2466 3017 2505 meus
3064 2452 3239 2508 beata:
3287 2455 3566 2511 memoria:

1980 2535 2208 2591 Albinus
2246 2537 2382 2591 mihi
2409 2537 2623 2603 indidit,
2663 2548 2968 2608 praenotare
3000 2542 3209 2596 curavi.
3240 2551 3300 2596 ut
3336 2543 3566 2615 diligens

1982 2629 2154 2686 lector
2177 2631 2315 2686 sciat
2340 2632 2468 2701 quid
2497 2632 2726 2702 quisque
2754 2633 2821 2687 de
2854 2648 2952 2688 suo
2975 2636 3244 2703 proferat,
3284 2635 3479 2704 quidve
3508 2637 3565 2693 in

1983 2722 2210 2793 singulis
2240 2723 2582 2778 sentiendum
2612 2723 2702 2788 sit,
2734 2724 3012 2778 decernat.
3044 2724 3317 2781 Praeterea
3350 2724 3565 2782 Hebraei

1983 2810 2265 2879 cujusdam
2324 2812 2598 2867 modernis
2656 2814 2988 2884 temporibus
3041 2815 3095 2869 in
3142 2814 3277 2887 legis
3338 2815 3568 2872 scientia

1984 2904 2234 2972 capitulis
2260 2904 2606 2960 traditionem
2637 2905 2988 2962 Hebraeorum
3022 2908 3222 2963 habere
3243 2924 3352 2964 non
3378 2910 3569 2978 paucis

1984 2998 2119 3053 locis
2166 2997 2458 3070 [Praeterea
2490 3016 2559 3055 ex
2589 3000 2842 3070 capitulis
2870 3000 3084 3056 Hebrzei
3116 3001 3420 3072 cujusdam,
3449 3018 3569 3059 mo-

1985 3090 2167 3145 dernis
2212 3092 2545 3161 temporibus
2574 3092 2627 3145 in
2654 3091 2790 3163 legis
2820 3092 3045 3147 scientia
3094 3093 3272 3162 periti,
3320 3092 3570 3149 traditio-

1986 3196 2123 3235 nem
2150 3181 2501 3237 Hebraeorum
2531 3198 2637 3237 non
2667 3183 2857 3252 paucis
2886 3182 3039 3248 locis,
3071 3181 3226 3253 etc.],
3255 3182 3415 3236 simul
3439 3197 3566 3237 cum

1983 3282 2111 3329 nota
2138 3275 2371 3329 nominis
2393 3273 2509 3343 ejus
2534 3274 2762 3339 inserui,
2793 3289 2901 3328 non
2935 3274 3090 3344 quasi
3120 3272 3372 3343 ingerens
3399 3270 3565 3327 alicui

1983 3367 2364 3421 auctoritatem
2404 3366 2608 3436 ipsius,
2663 3365 2757 3420 sed
2808 3364 3126 3434 simpliciter
3171 3363 3367 3433 potius,
3422 3361 3567 3433 quod

1982 3456 2243 3526 scriptum
2275 3457 2471 3525 reperi,
2516 3455 2631 3525 ejus
2675 3456 3051 3525 probationem
3093 3454 3312 3510 lectoris
3358 3451 3569 3522 judicio

1982 3546 2317 3616 derelinquo.
2363 3544 2504 3601 Ante
2550 3546 2733 3601 omnia
2782 3555 2965 3602 autem
3013 3547 3276 3616 deprecor
3322 3556 3384 3601 ut
3424 3560 3568 3617 pra-

1982 3636 2274 3704 sumptioni
2297 3651 2434 3691 mea:
2454 3638 2671 3692 veniam
2695 3638 2921 3704 tribuas,
2952 3638 3096 3709 quod
3120 3645 3231 3693 tam
3258 3640 3563 3709 imperitus,

1981 3739 2088 3777 non
2141 3723 2315 3778 solum
2366 3740 2649 3791 sermone,
2700 3727 2795 3781 sed
2842 3729 3007 3778 etiam
3052 3729 3299 3792 scientia,
3355 3735 3568 3783 tantum

1980 3828 2116 3883 opus
2156 3814 2341 3869 subire
2381 3814 2723 3885 praesumpsi.
2766 3813 2884 3869 Non
2928 3814 3075 3869 enim
3103 3815 3169 3870 dc
3198 3832 3341 3880 mea,
3374 3819 3469 3873 sed
3498 3819 3568 3875 de

1981 3901 2161 3958 divina
2207 3903 2546 3960 conlidebam
2594 3905 2861 3974 potentia,
2909 3906 2976 3961 de
3015 3922 3122 3976 qua
3142 3909 3404 3978 scriptum
3436 3918 3564 3967 est:

1988 4010 2005 4042 ι
2036 3993 2173 4060 Quia
2219 3995 2487 4064 sapientia
2533 3998 2708 4065 aperit
2735 4012 2797 4053 os
2828 4006 3127 4063 mutorum,
3159 4007 3213 4053 et
3237 3998 3451 4070 linguas
3482 4001 3569 4057 in-

1981 4084 2211 4139 fantium
2257 4084 2390 4141 facit
2428 4087 2662 4144 disertas
2704 4086 2854 4160 (Sap.
2883 4088 2962 4162 κ).
2995 4109 3014 4142 ι
3058 4089 3161 4157 Qui
3190 4098 3245 4146 et
3273 4091 3569 4147 humanam

1981 4173 2110 4230 fecit
2162 4175 2402 4247 linguam
2458 4178 2682 4248 pecudis
2730 4193 2989 4234 resonare
3044 4179 3315 4249 lbquelam
3369 4180 3563 4252 (Num.

1982 4263 2139 4336 χχιι).
2190 4262 2461 4335 Legebam
2498 4265 2646 4319 enim
2683 4281 2806 4321 eum
2836 4283 2934 4337 per
2960 4268 3285 4339 Prophetam
3317 4271 3561 4330 dixisse:

1991 4374 2009 4405 α
2027 4355 2191 4425 Aperi
2210 4371 2273 4410 os
2292 4363 2464 4423 tuum,
2483 4365 2538 4412 et
2558 4372 2659 4428 ego
2679 4359 2982 4429 adimplebo
3002 4360 3130 4417 illud
3145 4361 3318 4434 (Psal.
3338 4364 3558 4435 Παλ»

1982 4444 2051 4498 Et
2078 4445 2245 4501 alibi:
2285 4447 2614 4513 «Quoniam,
2663 4449 2859 4518 inquit,
2894 4450 2949 4504 in
2986 4465 3074 4505 me
3116 4453 3375 4521 speravit,
3427 4453 3567 4509 libe-

1984 4538 2118 4591 rabo
2144 4553 2291 4603 eum,
2322 4547 2376 4593 et
2410 4546 2691 4610 protegam
2719 4554 2867 4606 eum,
2903 4541 3158 4609 quoniam
3186 4543 3437 4613 cognovit
3464 4557 3568 4598 no-

1985 4643 2110 4683 men
2145 4644 2326 4685 meum
2373 4628 2546 4701 (Psal.
2577 4628 2723 4702 xcx).
2754 4649 2775 4682 ι
2816 4629 2928 4685 Nec
2965 4630 3111 4685 enim
3152 4630 3332 4688 ditlido
3358 4631 3570 4703 aliquos

1985 4736 2107 4777 esse
2136 4721 2228 4791 qui
2257 4735 2411 4776 suam
2438 4720 2681 4776 volentes
2712 4729 2987 4776 ostentare
3012 4720 3282 4792 peritiam,
3317 4730 3564 4779 nostram

1987 4813 2371 4882 reprehensuri
2410 4813 2520 4868 sint
2559 4812 2831 4867 inertiam.
2876 4812 3082 4878 Quibus
3110 4828 3219 4868 non
3242 4813 3379 4868 meis
3411 4853 3428 4879 ,
3467 4810 3567 4868 sed

1986 4903 2133 4959 beati
2161 4901 2476 4973 Hieronymi
2520 4901 2860 4971 respondebo
2898 4902 3279 4957 sermonibus:
3316 4919 3335 4951 ‹
3359 4900 3569 4972 Legant

1989 4997 2081 5066 qui
2102 4994 2332 5059 volunt;
2375 4992 2466 5062 qui
2490 5001 2671 5047 autem
2719 4991 2931 5057 nolunt,
2981 4989 3256 5058 abjiciant,
3299 4999 3354 5045 et
3390 4990 3568 5046 venti-

1988 5084 2101 5141 lent
2137 5085 2340 5157 apices,
2392 5085 2609 5141 litteras
2652 5086 3068 5142 calumnientur.
3098 5106 3117 5140 ›
3172 5086 3341 5159 Magis
3381 5093 3566 5144 vestra

1989 5180 2256 5235 charitate
2290 5181 2626 5249 provocabor
2666 5181 2733 5235 ad
2759 5180 3017 5245 studium,
3038 5193 3202 5249 quam
3228 5179 3445 5235 illorum
3468 5179 3567 5235 de-

1986 5271 2253 5326 tractione
2281 5279 2336 5325 et
2363 5271 2488 5327 odio
2511 5270 2845 5327 deterrebor.
2892 5270 2951 5324 Si
2995 5270 3140 5324 enim
3183 5270 3297 5324 hac
3334 5284 3503 5340 parva
3529 5283 3565 5326 α

1986 5372 2168 5417 vestra
2190 5369 2344 5432 grate
2375 5370 2626 5432 suscepta
2654 5360 2856 5415 fuerint
2879 5361 3098 5430 pietate,
3136 5358 3365 5416 Domino
3384 5361 3565 5431 opitu-

1987 5453 2154 5520 lante,
2187 5452 2364 5509 adhuc
2402 5452 2621 5522 aliquod
2657 5450 2793 5507 utile
2828 5451 3110 5507 elaborare
3134 5458 3189 5507 et
3214 5459 3409 5507 vestra:
3436 5466 3561 5507 san-

309 5532 529 5606 longum
551 5546 635 5592 est
654 5540 869 5594 nomina
893 5556 1190 5607 recensere,
1215 5542 1319 5597 rite
1340 5543 1722 5600 intellexerint.
1748 5545 1887 5612 Quo-
1909 5526 1964 5588 Ῑ)
1989 5547 2169 5603 ctitati
2208 5554 2537 5618 praesentare
2586 5544 2843 5601 conabor.
2886 5545 3281 5601 Beatitudinem
3325 5551 3563 5600 vestram
3652 5576 3659 5594 ι

310 5640 433 5680 rum
476 5626 721 5683 omnium
762 5629 1079 5697 sententias,
1120 5640 1217 5684 aut
1263 5632 1423 5688 sicuti
1473 5632 1543 5689 ab
1587 5635 1718 5704 ipsis
1760 5650 1889 5691 oon-

312 5717 529 5789 scriptae
571 5727 699 5792 sunt
732 5722 909 5791 posui,
945 5729 1038 5777 aut
1082 5736 1302 5778 sensum
1338 5737 1526 5780 eorum
1550 5725 1688 5781 meis
1708 5726 1891 5782 verbis

1985 5637 2240 5708 majestas
2285 5638 2467 5693 divina
2508 5635 2653 5690 felici
2678 5650 2933 5693 successu
2962 5636 3251 5707 pollentem
3271 5642 3563 5706 perpetua-

1987 5726 2115 5781 liter
2133 5738 2457 5780 conservare
2482 5724 2751 5794 dignetur.

385 5894 467 5969 (ω)
502 5895 729 5953 Nomina
756 5897 870 5954 haec
902 5914 999 5954 nos
1026 5900 1337 5968 parenthesi
1366 5900 1619 5959 distincta
1642 5903 1703 5959 in
1733 5911 1885 5964 textu
1916 5901 2260 5961 inseruimus.
2299 5902 2456 5958 EDIT.

754 6012 1025 6078 ΡΑΤιιοι.
1066 6015 1234 6078 CIX.
