4074 6552
418 482 482 541 Η
1060 485 1120 539 Β.
1164 482 1418 538 RABANI
1455 481 1677 538 MAURI
1715 479 2035 537 ARCHIEP.
2075 478 2387 536 MOGUNT.
2428 477 2716 536 OPERUM
2739 476 2921 534 PARS
2954 476 2995 533 Ι.
3622 470 3697 536 ΪΞ

480 612 499 631 ιδ
2120 620 2151 627 -ι
2206 620 2211 625 ι
2286 620 2351 627 οι...
2374 618 2417 625 --
2520 626 2523 627 ν
2608 620 2631 645 n
2712 620 2725 644 Ι
2962 620 2973 642 i
3066 622 3107 642 -ν

2286 618 2387 627 ειν-..ι

1853 724 2259 789 INCIPIUNT

692 857 1733 1017 COMMENTARIA
1813 890 1963 1005 IN
2050 858 2554 1007 LIBROS
2643 858 2798 1009 1v
2883 887 3418 1007 REGUM.

1546 1216 1656 1307 ΙΝ
1716 1186 2111 1305 LIBRUM
2168 1204 2611 1301 ramum.

940 1508 1171 1569 CAPUT
1204 1505 1498 1565 PRIMUM.

423 1639 495 1693 De
526 1630 733 1691 Sicana
754 1636 803 1686 et
830 1626 1037 1685 duabus
1062 1621 1321 1748 giart'bus
1346 1619 1487 1690 ejus,
1521 1617 1617 1671 hoc
1657 1622 1733 1670 est
1776 1613 1929 1667 Anna
1961 1618 2012 1665 et

1151 1710 1374 1748 enenna.

1151 1710 1374 1748 enenna.

493 1799 646 1872 (CAP.
675 1793 740 1869 ι.)
783 1812 802 1847 ι
829 1791 956 1848 Fuit
979 1790 1064 1846 vir
1089 1802 1232 1843 unus
1257 1786 1324 1840 de
1344 1781 1619 1839 Ramatha
1661 1776 1910 1848 Sophim,
1926 1774 2016 1872 .d-e

427 1914 443 1945 ι
474 1866 663 1949 monte
705 1866 987 1959 Ephraim,
1021 1889 1077 1938 et
1109 1894 1308 1936 nomen
1334 1876 1453 1946 ejus
1476 1875 1702 1939 Eleans,
1732 1890 1751 1923 ι
1780 1878 1889 1925 etc.
1926 1866 2016 1920 Di-

428 2002 619 2042 camus
655 1982 898 2054 primum
924 1977 992 2032 de
1026 1973 1379 2047 generatione
1406 1967 1686 2041 prophetae
1716 1960 2017 2061 secundum

424 2076 734 2141 historiam,
782 2079 844 2128 ut
889 2076 1081 2141 postea
1119 2062 1483 2123 continuatim
1536 2056 1852 2129 allegoriam
1897 2056 2021 2121 ejus

316 2174 321 2181 ’
423 2174 748 2227 inseramus.
774 2163 975 2220 Eleans
1000 2161 1219 2233 quippe,
1242 2164 1399 2227 pater
1429 2150 1699 2209 Samuelis
1718 2147 2016 2218 prophetae,

422 2262 491 2318 de
514 2261 684 2331 stirpe
732 2256 867 2312 Levi
910 2253 1033 2319 fuit,
1079 2250 1173 2307 sed
1207 2260 1316 2304 non
1348 2247 1415 2303 de
1440 2241 1793 2315 generatione
1833 2235 2022 2292 Aaron

424 2350 765 2410 sacerdotis:
798 2346 900 2401 fuit
959 2344 1128 2409 enim,
1163 2348 1225 2396 ut
1274 2338 1449 2396 Verba
1500 2335 1713 2391 dierum
1768 2335 2018 2394 narrant,

424 2447 568 2501 idem
594 2442 826 2498 «Eleans
850 2439 995 2493 ﬁlius
1015 2435 1331 2497 Jeroboam,
1353 2430 1449 2485 ﬁlii
1480 2427 1636 2491 Eliel,
1668 2425 1767 2481 ﬁlii
1796 2421 2020 2486 Thahu,

425 2537 523 2591 lilii
573 2534 757 2604 Suph,
810 2530 903 2585 lilii
959 2528 1197 2592 Eleana,
1249 2523 1345 2578 ﬁlii
1394 2520 1644 2585 Mahath,
1712 2515 1808 2570 ﬁlii
1851 2514 2023 2568 Ama-

424 2629 541 2692 sai,
591 2626 690 2681 lilii
730 2623 934 2689 Azoel,
997 2620 1095 2674 ﬁlii
1133 2618 1350 2681 Hariae,
1405 2614 1499 2668 ﬁlii
1548 2610 1879 2682 Sophonlze,
1926 2606 2025 2661 ﬁlii

427 2718 706 2783 Thahath,
752 2715 850 2772 ﬁlii
904 2713 1047 2776 Asir,
1100 2710 1199 2764 ﬁlii
1248 2707 1545 2775 Abiasaph,
1576 2703 1675 2757 ﬁlii
1702 2700 1876 2767 Corae,
1928 2696 2026 2753 ﬁlii

427 2810 586 2877 Saar,
613 2808 711 2863 ﬁlii
730 2806 922 2871 Caath,
952 2804 1045 2858 ﬁlii
1067 2802 1219 2867 Levi,
1246 2800 1341 2854 ﬁlii
1364 2797 1550 2853 Israel.
1582 2814 1600 2848 ι
1631 2794 1740 2866 (Ea;
1773 2793 2027 2862 scriptore

2038 1502 2200 1563 Aest
2226 1496 2280 1550 in
2303 1494 2452 1549 tribu
2479 1492 2763 1564 Ephraim,
2810 1492 2867 1547 in
2912 1506 3020 1563 quo
3061 1491 3183 1549 loco
3221 1507 3350 1548 arca
3394 1499 3710 1554 testamenti

2117 1586 2319 1642 mansit
2342 1600 2408 1641 ac
2443 1583 2851 1640 tabernaculum
2877 1582 3093 1639 Domini
3123 1599 3155 1639 a
3189 1587 3520 1655 temporibus
3547 1587 3711 1645 Josue

2118 1668 2212 1735 ﬁlii
2238 1678 2379 1744 Nttn,
2404 1687 2691 1749 postquam
2727 1678 2938 1733 vicerat
2974 1685 3164 1748 gentes
3205 1693 3325 1747 qua:
3354 1687 3555 1735 terram
3584 1697 3710 1751 pro-

2117 1770 2398 1826 missionis
2430 1770 2807 1840 possederant,
2835 1783 3009 1839 usque
3050 1769 3119 1823 ad
3154 1776 3396 1839 tempora
3422 1770 3706 1828 Samuelis.

2118 1861 2386 1917 Narratur
2426 1862 2573 1916 enim
2623 1862 2680 1915 in
2724 1861 2865 1916 libro
2891 1860 3021 1915 Jesu
3049 1861 3200 1917 Nave
3238 1862 3380 1932 quod
3422 1865 3712 1934 pradictus

2120 1957 2230 2011 dux
2269 1963 2417 2009 sorte
2464 1954 2537 2009 ibi
2583 1954 2751 2009 missa
2798 1968 2985 2009 coram
3021 1955 3250 2010 Domino
3287 1966 3485 2011 terram
3524 1974 3714 2029 repro-

2121 2047 2399 2103 missionis
2436 2048 2493 2101 in
2532 2047 2761 2119 singulis
2800 2048 3051 2104 tribubus
3092 2049 3452 2105 distribuerit.
3492 2051 3589 2106 Est
3618 2067 3716 2106 au-

2123 2149 2233 2196 tem
2272 2139 2387 2195 Silo
2416 2140 2471 2194 in
2502 2140 2853 2210 nonagesimo
2892 2141 3151 2197 milliaria
3189 2141 3507 2213 Neapoleos,
3538 2144 3594 2198 in
3631 2160 3717 2200 re-

2123 2231 2282 2303 gione
2326 2230 2675 2286 Acrabitena.
2727 2231 2834 2286 Sed
2881 2243 2937 2287 et
2974 2231 3127 2287 Iudae
3173 2235 3499 2303 patriarchae
3540 2234 3715 2290 ﬁlium

2125 2322 2289 2379 Seloh
2338 2322 2666 2394 appellatum
2714 2322 2965 2395 legimus.
3016 2321 3099 2379 Ad
3146 2325 3286 2380 hanc
3334 2340 3468 2397 ergo
3521 2327 3715 2382 urbem

2125 2416 2371 2472 ascendit
2413 2415 2619 2471 Eleana
2659 2432 2787 2472 cum
2830 2418 2991 2473 domo
3020 2432 3119 2473 sua
3148 2419 3369 2474 statutis
3399 2420 3593 2475 diebus
3629 2432 3715 2476 se-

2126 2511 2363 2567 cundum
2409 2510 2604 2581 legem,
2661 2519 2722 2566 ut
2763 2512 3017 2567 adoraret
3045 2519 3103 2566 et
3127 2512 3455 2567 sacriﬁcaret
3490 2511 3719 2569 Domino

2129 2605 2489 2660 exercituum.
2525 2603 2634 2675 (Ea:
2663 2603 2937 2674 Hebrteo.)
2968 2603 3124 2671 Quod
3150 2612 3331 2658 autem
3361 2604 3516 2667 dicit,
3557 2622 3575 2654 ι
3614 2612 3721 2658 sta-

2129 2696 2263 2750 tutis
2308 2695 2501 2750 tliebus
2527 2714 2546 2747 ι
2592 2695 2698 2749 hoc
2728 2704 2813 2749 est
2845 2695 3025 2750 tribus
3065 2694 3469 2759 festivitatibus,
3514 2693 3719 2749 Pascha

2129 2785 2401 2851 videlicet,
2422 2786 2739 2864 Pentecoste
2758 2794 2814 2840 et
2835 2785 3180 2841 solemnitate
3200 2786 3717 2841 Tabernaculorum.

426 2902 657 2975 quodam
684 2896 960 2969 Hebraeo.)
999 2895 1173 2950 Mater
1203 2905 1419 2962 quoque
1445 2887 1564 2957 ejus
1595 2888 1660 2942 de
1707 2885 1854 2939 tribu
1885 2882 2025 2936 Juda
2052 2890 2101 2950 Β
2131 2878 2285 2935 Unde
2311 2878 2576 2933 Dominus
2605 2879 2658 2932 in
2694 2878 2881 2933 Exodo
2906 2879 3191 2948 praecepit,
3217 2879 3405 2934 dicens
3432 2893 3445 2933 :
3482 2897 3500 2930 ι
3525 2880 3723 2936 Tribus

425 2994 699 3049 exstitisse
720 2997 1056 3046 monstratur
1078 2989 1131 3041 in
1154 3002 1220 3041 eo
1241 2983 1385 3054 quod
1409 2980 1785 3052 Ephrathaaus.
1814 2975 2022 3045 Ephra-

425 3086 601 3140 thaeus
651 3084 720 3138 ab
771 3080 1085 3151 Ephratha,
1134 3081 1308 3132 uxore
1356 3072 1546 3137 Caleb,
1592 3082 1757 3141 quam
1807 3070 2023 3121 constat

426 3175 596 3232 fuisse
639 3175 707 3229 de
734 3173 878 3227 tribu
919 3170 1079 3234 Juda,
1120 3168 1300 3223 dictus
1340 3172 1444 3220 est.
1473 3163 1541 3217 Et
1577 3161 1624 3217 si
1650 3171 1814 3229 quem
1842 3160 2025 3210 movet

427 3265 572 3338 quod
600 3266 668 3320 ab
695 3262 958 3333 Ephraim
995 3276 1104 3316 non
1135 3259 1206 3313 ab
1232 3257 1515 3328 Ephratha
1544 3251 1907 3324 Ephrathaeus
1935 3260 2027 3301 vo-

427 3363 600 3420 cetur,
631 3354 811 3408 videat
849 3353 905 3407 in
936 3348 1393 3419 subsequentibus
1416 3346 1652 3418 qualiter
1679 3342 1851 3398 David
1881 3340 2027 3395 ﬁlius

427 3446 531 3500 viri
560 3444 871 3515 Ephrathaei
897 3450 1143 3508 vocetur,
1179 3457 1302 3497 cum
1325 3440 1532 3509 liquido
1556 3444 1744 3508 pateat
1775 3433 2027 3489 eumdem

426 3534 532 3591 [sai
558 3550 666 3589 non
695 3535 763 3589 de
791 3533 1074 3605 Ephraim,
1121 3534 1219 3588 sed
1247 3534 1312 3587 de
1348 3531 1495 3585 tribu
1541 3528 1680 3583 Juda
1728 3525 2024 3595 exstitisse,

428 3634 485 3680 et
502 3626 698 3694 probet
721 3626 972 3681 eumdem
1014 3625 1270 3680 Eleanam
1305 3623 1696 3692 Ephratbreum
1723 3618 1792 3671 ab
1817 3616 2027 3686 Ephra-

432 3716 551 3780 tha,
600 3728 708 3768 non
753 3715 823 3767 ab
846 3715 1107 3779 Ephraim
1146 3714 1274 3768 dici.
1304 3712 1405 3766 llic
1437 3711 1584 3765 inter
1624 3708 1836 3763 medios
1878 3706 2029 3760 cives

428 3804 687 3873 Ephraim
739 3802 895 3857 fortis
936 3803 1198 3866 existens,
1248 3800 1519 3854 Ramatha
1564 3800 1790 3868 Sophim
1835 3797 2028 3852 civita-

427 3907 541 3951 tem
594 3894 958 3950 inhabitabat.
1006 3892 1117 3965 (Ea:
1158 3889 1532 3963 Hieronymo.)
1575 3891 1673 3945 Est
1711 3890 1859 3945 enim
1907 3888 2028 3958 ipsa

429 3988 623 4042 civitas
649 3988 705 4042 in
737 3988 959 4058 regione
980 3984 1326 4040 Thamnitica
1347 3982 1508 4053 juxta
1534 3981 1855 4052 Diospolim,
1881 3979 2027 4035 unde

429 4077 533 4132 fuit
587 4076 825 4149 Ioseph,
866 4077 959 4147 qui
1001 4078 1055 4131 in
1096 4076 1407 4145 Evangeliis
1448 4075 1516 4131 de
1555 4073 1863 4130 Arimatbia
1908 4085 2030 4128 esse

431 4169 691 4225 scribitur
742 4168 974 4238 (Matth.
1030 4182 1223 4235 xxvn;
1285 4168 1456 4223 Marc.
1513 4182 1615 4236 xv;
1666 4166 1797 4222 Luc.
1850 4182 2023 4231 xxm;

437 4260 603 4317 Joan.
631 4261 769 4333 χιι).

509 4372 529 4404 ι
548 4352 618 4409 Et
645 4353 838 4408 habuit
863 4354 1001 4409 duas
1033 4367 1256 4420 uxores,
1288 4364 1488 4409 nomen
1512 4352 1607 4407 uni
1637 4352 1813 4416 Anna,
1846 4357 1901 4405 et
1926 4365 2024 4404 no-

438 4463 458 4497 ι
486 4460 612 4500 men
664 4447 916 4502 secunda:
957 4446 1287 4514 Phenenna;
1340 4444 1668 4516 fueruntque
1713 4444 2025 4499 Phenennae

440 4558 458 4590 ι
490 4538 609 4604 ﬁlii,
642 4537 811 4593 Anna:
836 4547 1017 4594 autem
1049 4553 1159 4595 non
1186 4547 1343 4595 erant
1370 4538 1549 4593 liberi.
1573 4557 1592 4591 ι
1625 4536 2028 4592 Convenientcr

434 4632 600 4702 igitur
633 4629 805 4685 Anna:
841 4630 1100 4687 sterilitas
1128 4635 1613 4696 commemoratur,
1647 4628 1803 4698 cujus
1836 4633 2027 4697 partus

435 4723 701 4779 celebrior
743 4722 957 4779 futurus
1005 4733 1145 4791 erat,
1196 4725 1374 4779 instar
1398 4723 1643 4793 priorum
1684 4719 1930 4785 Patrum,
1967 4726 2030 4774 ut

435 4817 612 4886 majus
645 4817 901 4890 gaudium
931 4826 1052 4889 post
1092 4818 1311 4890 longum
1354 4830 1644 4872 mmrorem
1667 4815 1734 4871 de
1769 4822 2027 4884 percepta

434 4908 770 4964 fecunditate
806 4919 1095 4980 parentum
1130 4907 1647 4976 insinuetur.‘Sicut
1680 4906 1825 4961 enim
1857 4905 2030 4958 Abra-

436 5001 563 5054 ham
590 5000 916 5071 patriarchte
937 5000 1180 5072 legitima
1203 5014 1360 5065 uxor,
1384 5014 1547 5069 quam
1569 4998 1825 5069 primitus
1849 4994 2025 5060 duxit,

437 5088 576 5144 Sara
618 5090 892 5156 videlicet,
939 5091 1174 5162 primum
1207 5090 1408 5146 sterilis
1433 5091 1557 5156 fuit,
1596 5088 1744 5159 Agar
1771 5084 2029 5157 Egyptia

436 5185 731 5250 generante
763 5178 933 5234 ﬁlium
958 5179 1109 5253 (Gen.
1135 5180 1272 5253 xw),
1295 5189 1350 5237 et
1367 5182 1529 5246 sicut,
1565 5179 1732 5235 Iacob
1756 5179 2030 5233 serviente

439 5282 630 5326 socero
671 5285 769 5326 suo
792 5286 896 5340 pro
930 5271 1134 5326 Rachel
1166 5287 1337 5327 uxore
1375 5271 1527 5343 (Gen.
1554 5269 1731 5341 xxix),
1774 5270 1890 5337 ipsa
1920 5268 2030 5321 Ra-

438 5361 559 5417 chel
589 5362 792 5418 sterilis
826 5360 949 5428 fuit,
984 5376 1170 5417 sorore
1207 5363 1326 5433 ejus
1364 5362 1458 5416 Lia
1494 5363 1696 5415 liberos
1724 5361 2023 5431 gignente:

441 5456 513 5509 ita
544 5466 598 5510 et
638 5455 852 5511 Eleance
875 5454 1067 5510 melior
1103 5470 1262 5519 uxor,
1306 5470 1427 5524 quze
1458 5454 1777 5523 prophetam
1820 5452 2023 5523 genuit,

440 5548 642 5602 sterilis
660 5550 897 5619 primum
922 5548 1041 5615 fuit,
1068 5556 1194 5618 post
1217 5555 1397 5602 autem
1421 5562 1520 5618 per
1540 5546 1758 5602 Domini
1790 5547 2023 5615 gratiam

440 5638 687 5695 fecunda.
849 5642 865 5654 '

517 5735 628 5789 «Et
663 5736 995 5791 ascendebat
1040 5736 1124 5790 vir
1160 5735 1249 5790 ille
1285 5734 1353 5789 de
1395 5734 1617 5789 civitate
1666 5750 1765 5790 sua
1808 5735 2027 5790 statutis

449 5842 468 5875 ι
498 5826 706 5893 diebus,
747 5835 808 5881 ut
825 5820 1088 5881 ‘adoraret
1133 5834 1190 5879 et
1239 5825 1574 5881 sacriﬁcaret
1602 5826 1835 5883 Domino
1862 5841 2025 5881 exer-

446 5934 468 5970 ι
499 5918 703 5974 cituum
731 5918 788 5973 in
812 5917 945 5982 Silo,
969 5937 987 5969 ι
1024 5927 1129 5971 etc.
1162 5916 1270 5985 (Ex
1298 5916 1668 5988 Hieronymo.)
1696 5918 1811 5975 Silo
1830 5919 2025 5974 civitas

2125 2974 2335 3029 vicibus
2376 2990 2473 3044 per
2516 2974 2757 3046 singulos
2804 2989 2975 3030 annos
3022 2975 3155 3029 mihi
3200 2974 3339 3029 festa
3376 2976 3724 3033 celebrabitis

2129 3065 2325 3138 (Exod.
2343 3066 2522 3137 mn).
2547 3085 2564 3117 ι
2585 3066 2651 3120 Ει
2668 3067 2794 3120 item
2814 3085 2827 3120 :
2850 3085 2867 3118 ι
2904 3066 3029 3130 Ter,
3049 3067 3246 3136 inquit,
3263 3067 3314 3120 in
3331 3082 3473 3121 anno
3498 3082 3726 3138 apparea

2125 3159 2206 3214 bit
2241 3172 2403 3215 omne
2447 3159 2808 3213 masculinum
2843 3168 2994 3212 tuum
3035 3173 3220 3213 coram
3264 3159 3492 3213 Domino
3530 3159 3642 3213 Deo
3671 3159 3726 3214 in

2126 3253 2246 3309 loco
2267 3268 2427 3323 quem
2447 3253 2609 3323 elegit
2635 3252 2895 3307 Dominus
2922 3252 3063 3307 Deus
3086 3257 3211 3306 tuus
3229 3250 3440 3321 (lbid.).
3456 3271 3475 3303 ι
3502 3252 3646 3322 Ergo
3670 3251 3727 3305 in

2130 3343 2243 3399 Silo
2273 3359 2395 3399 cum
2423 3354 2569 3399 esset
2592 3358 2657 3397 eo
2687 3352 2929 3414 tempore
2961 3358 3089 3398 arca
3116 3342 3366 3407 Domini,
3406 3342 3476 3397 ibi
3513 3342 3602 3396 hic
3638 3342 3729 3397 El-

2129 3450 2298 3501 cana,
2354 3451 2478 3489 cum
2546 3445 2692 3489 esset
2752 3435 2868 3504 ipse
2924 3433 3146 3500 Levita,
3194 3441 3322 3502 post
3371 3432 3584 3488 oblatas
3641 3432 3728 3487 vi-

2135 3525 2331 3578 ctimas
2369 3538 2497 3579 cum
2536 3525 2800 3579 uxoribus
2826 3532 2883 3580 et
2907 3524 3035 3579 ﬁliis
3071 3530 3238 3595 atque
3264 3522 3490 3593 ﬁliabus
3522 3523 3730 3594 pariter

2131 3617 2475 3673 vescebatur.

2207 3730 2225 3763 ι
2255 3711 2525 3782 Deditque
2559 3712 2870 3768 Phenenna
2904 3714 3067 3768 uxori
3105 3724 3237 3779 suae,
3269 3720 3326 3768 et
3362 3711 3575 3769 cunctis
3600 3707 3729 3765 ﬁliis

2137 3823 2156 3855 ι
2184 3804 2302 3873 eius
2328 3813 2385 3860 et
2414 3805 2629 3861 ﬁliabus
2662 3814 2851 3877 partes
2877 3823 2890 3859 :
2921 3806 3094 3862 Annae
3124 3815 3304 3862 autem
3338 3806 3487 3862 dedlt
3510 3811 3725 3875 partem

2138 3915 2156 3948 ι
2185 3913 2350 3952 unam
2385 3898 2582 3963 tristis,
2625 3899 2753 3968 quia
2778 3899 2991 3953 Annam
3024 3899 3304 3971 diligebat.
3338 3898 3600 3954 Dominus
3630 3910 3725 3948 au-

2138 4007 2158 4040 ι
2189 3998 2296 4044 tem
2343 3990 2687 4045 concluscrat
2729 3991 2947 4045 vulvam
2990 3990 3129 4060 ejus.
3179 3990 3465 4061 Aﬂligebat
3514 3998 3727 4056 quoque

2137 4099 2156 4133 ‹
2188 4096 2308 4137 eam
2333 4082 2529 4137 aemula
2571 4082 2710 4152 ejus,
2741 4090 2796 4137 et
2822 4083 3178 4137 vehementer
3225 4079 3459 4147 angebat
3508 4078 3562 4131 in
3611 4086 3729 4131 tan-

2139 4195 2157 4228 ‹
2186 4185 2321 4239 tum,
2371 4185 2430 4227 ut
2474 4180 2833 4243 exprobraret
2872 4176 3017 4246 quod
3060 4177 3418 4233 conclusisset
3462 4174 3729 4231 Dominus

2056 4252 2101 4315 C
2140 4285 2158 4318 ί
2188 4266 2402 4320 vulvam
2452 4264 2590 4333 ejus,
2622 4286 2641 4319 ι
2684 4275 2791 4323 etc.
2824 4267 2961 4323 Nota
3011 4269 3160 4339 quod
3189 4268 3332 4323 sicut
3377 4268 3573 4323 Saram
3617 4276 3725 4323 ste-

2132 4360 2287 4415 rilem
2340 4360 2490 4431 Agar
2540 4361 2856 4431 concipiens
2910 4362 3160 4433 despexit
3219 4360 3385 4432 (Gen.
3446 4359 3594 4430 xw),
3650 4360 3723 4414 ita

2131 4458 2185 4504 et
2225 4450 2437 4504 Annam
2479 4451 2718 4506 sterilem
2763 4452 3056 4507 Phenenna
3105 4451 3258 4521 prole
3298 4449 3529 4506 fecunda
3559 4464 3725 4507 temu-

2131 4540 2364 4595 labatur.
2431 4541 2696 4597 Malorum
2742 4550 2826 4598 est
2871 4543 3018 4598 enim
3074 4542 3331 4599 solatium
3380 4542 3554 4600 bonos
3606 4550 3725 4599 car-

2128 4644 2278 4701 pere.

2210 4741 2229 4774 ‹
2254 4721 2426 4778 Porro
2458 4723 2550 4778 illa
2586 4722 2751 4780 ﬂebat
2798 4732 2854 4780 et
2889 4739 2997 4780 non
3038 4724 3290 4796 capiebat
3331 4725 3534 4792 cibum,
3564 4740 3582 4779 ι
3615 4734 3721 4782 etc.

2129 4813 2347 4869 lrritata
2393 4815 2593 4886 quippe
2621 4816 2691 4870 ab
2717 4815 2907 4870 aemula
2952 4830 3069 4880 sua,
3107 4832 3214 4872 non
3255 4818 3507 4888 capiebat
3544 4817 3725 4873 cibum

2130 4903 2250 4958 laeta
2277 4920 2622 4975 corporeum.
2654 4906 2780 4970 Sed,
2810 4907 3105 4962 secundum
3132 4907 3481 4979 Prophetam,
3509 4906 3728 4965 fuerunt

2131 4995 2205 5050 illi
2232 4996 2484 5067 lacryma:
2506 4995 2623 5065 ejus
2651 5013 2820 5068 panes
2847 4998 2933 5054 die
2957 5010 3021 5055 ac
3056 5010 3241 5070 nocte,
3270 5011 3327 5058 et
3348 5011 3537 5075 potum
3567 5019 3724 5059 suum

2131 5105 2253 5145 cum
2280 5090 2407 5146 ﬂetu
2432 5092 2774 5162 temperabat
2804 5089 2976 5164 (Psal.
3005 5096 3140 5167 xu).

2209 5199 2227 5233 ‹
2259 5182 2514 5238 Surrexit
2561 5192 2741 5238 autem
2778 5185 2958 5251 Anna,
2987 5196 3277 5256 postquam
3302 5184 3491 5244 ederat
3522 5186 3576 5243 in
3612 5186 3725 5244 Silo

2137 5295 2154 5325 ι
2186 5283 2241 5328 et
2264 5274 2497 5341 biberat,
2530 5283 2585 5328 et
2616 5272 2732 5330 Heli
2764 5277 3048 5334 sacerdote
3084 5281 3307 5335 sedente
3346 5295 3508 5350 super
3534 5280 3721 5335 sellam

2137 5384 2155 5417 ι
2185 5376 2309 5422 ante
2353 5377 2537 5439 postes
2577 5368 2763 5441 templi
2814 5371 3053 5437 Domini,
3087 5392 3105 5425 ι
3152 5383 3258 5428 etc.
3301 5371 3417 5427 Heli
3447 5374 3550 5427 iste
3580 5390 3725 5428 sum-

2131 5475 2252 5516 mus
2298 5461 2553 5518 sacerdos
2584 5472 2723 5529 erat,
2752 5472 2807 5519 et
2834 5474 2962 5535 post
2996 5465 3225 5521 Samson
3269 5462 3524 5536 populum
3555 5465 3722 5522 Israel

2131 5554 2375 5623 regebat,
2400 5563 2459 5608 ut
2482 5554 2535 5608 in
2561 5553 2913 5611 Hebraeorum
2938 5554 3076 5612 libro
3094 5555 3392 5623 invenitur,
3419 5556 3574 5612 annis
3595 5560 3723 5627 qua-

2051 5610 2107 5670 D
2133 5610 2401 5713 draginta,
2434 5646 2731 5700 secundum
2764 5610 3125 5717 Septuaginta
3158 5653 3342 5702 autem
3368 5610 3719 5720 interpretes,

2131 5733 2289 5789 annis
2316 5735 2501 5805 viginti

2210 5844 2228 5877 ι
2259 5825 2393 5881 Cum
2419 5836 2564 5883 esset
2598 5829 2751 5883 Anna
2779 5843 2965 5886 amaro
2990 5830 3195 5897 animo,
3229 5833 3405 5887 oravit
3429 5831 3720 5889 Dominum

2141 5936 2159 5969 ι
2189 5916 2323 5974 ﬂens
2372 5916 2616 5988 largiter,
2672 5930 2726 5975 et
2770 5920 2955 5977 velum
2994 5920 3163 5989 vovit,
3223 5920 3411 5981 dicens
3444 5944 3461 5991 ξ
3494 5922 3719 5980 Domine
