4074 6508
392 460 461 528 13
1208 456 1563 523 (ῙΟΜΜΕΝΤ.
1600 465 1671 522 IN
1711 456 1956 522 LIBROS
1991 463 2061 522 IV
2099 454 2361 520 REGUM.
2409 493 2473 503 —
2507 460 2574 519 IN
2611 460 2738 519 LIB.
2773 454 2818 521 Ι.
3571 461 3636 515 li

397 604 417 637 ι
445 582 805 648 exercituum,
846 581 893 638 si
925 583 1223 654 respiciens
1263 583 1465 638 Videris
1510 581 1852 638 aﬁlictionem
1887 581 1965 635 fa-
1990 580 2040 641 A
2067 580 2368 652 gabundus,
2395 577 2481 635 vel
2506 579 2721 635 mobilis
2746 584 2906 648 atque
2931 576 3200 633 instabilis
3226 575 3521 642 ferenatur,
3546 578 3640 631 sed

398 694 416 727 ι
446 673 606 728 ωυίτε
645 680 767 739 tuae,
801 679 855 726 et
882 672 1199 727 recordatus
1245 673 1348 728 mei
1390 671 1578 737 luetis,
1625 684 1724 726 nec
1769 669 1966 725 oblitus

398 787 416 819 ι
446 766 657 822 ancillae
701 774 828 830 tuae,
879 765 1199 835 dedcrisqne
1242 781 1411 820 serva:
1453 772 1560 818 tuae
1603 779 1790 819 sexum
1836 764 1969 817 viri-

399 879 416 910 ι
447 857 572 922 lem,
605 856 743 911 dabo
766 864 891 911 eum
918 856 1146 912 Domino
1170 870 1359 913 omnes
1382 852 1497 912 dies
1514 858 1641 911 vitae
1668 852 1839 925 ejus,»
1860 863 1966 910 etc.

392 947 799 1003 Recordabatur
850 945 1035 1003 forsan
1080 950 1367 1013 verborum
1411 949 1560 1003 beati
1604 945 1729 1012 Job,
1772 945 1970 1015 quibus

392 1037 530 1091 dixit
560 1056 574 1091 :
611 1055 628 1088 ι
656 1036 759 1104 Qui
787 1032 1065 1092 deridetur
1098 1040 1170 1093 “ab
1214 1038 1391 1093 amico
1422 1046 1519 1092 stro
1558 1038 1699 1092 sicut
1723 1051 1841 1107 ego,
1886 1036 1969 1090 in-

392 1129 611 1185 vocabit
634 1129 947 1196 Dominum,
964 1138 1024 1184 ‘et
1046 1130 1299 1183 exaudiet
1318 1138 1441 1184 eum
1466 1128 1608 1200 (Job.
1633 1126 1755 1199 xu).
1782 1146 1800 1179 ι
1832 1127 1969 1193 Quia

393 1219 509 1289 ipse
558 1218 798 1275 laborem
852 1222 908 1274 et
949 1218 1189 1275 dolorem
1227 1220 1553 1275 considerat.
1594 1218 1672 1273 De
1702 1232 1812 1288 quo
1836 1218 1970 1273 scri-

391 1321 543 1381 ptum
583 1317 667 1367 est
701 1325 717 1365 :
751 1329 771 1363 ‹
803 1308 955 1378 Tibi,
994 1311 1241 1379 Domine,
1282 1312 1575 1367 derelictus
1620 1318 1705 1366 est
1742 1324 1967 1381 pauper,

391 1406 591 1478 pupillo
615 1415 670 1461 tu
698 1408 807 1462 eris
840 1406 1075 1475 adiutor,
1126 1407 1213 1462 cui
1252 1415 1378 1462 vota
1409 1406 1680 1477 iustorum
1706 1412 1832 1460 sunt
1858 1404 1971 1476 pla-

392 1496 788 1568 cabilia'(Psal.
811 1496 891 1569 x),
939 1516 958 1549 ι
992 1503 1047 1553 et
1094 1497 1241 1553 ‘ocuii
1274 1497 1397 1569 ejus
1438 1496 1508 1552 ad
1546 1509 1738 1568 preces
1780 1508 1969 1552 eorum

392 1586 577 1660 (Prov.
609 1587 723 1661 xv).

467 1700 485 1732 ‹
514 1679 737 1735 Factum
767 1682 851 1735 est
887 1686 1036 1751 ergo,
1074 1684 1204 1735 cum
1229 1677 1325 1733 illa
1358 1678 1750 1749 multiplicat-et
1775 1686 1968 1749 preces

396 1793 415 1826 ι
443 1784 627 1828 coram
670 1773 920 1839 Domino,
960 1780 1021 1827 ut
1055 1771 1173 1827 Heli
1199 1773 1515 1828 observaret
1544 1788 1605 1828 os
1633 1772 1771 1843 ejus.
1797 1770 1970 1827 Porro

396 1884 415 1916 c
442 1864 598 1918 Anna
639 1864 963 1934 loqttebatur
996 1863 1053 1918 in
1093 1864 1255 1920 corde
1284 1874 1416 1931 suo,
1460 1870 1780 1933 tantumque
1825 1861 1969 1918 labia

2067 671 2460 749 ﬁrmusatque
2495 670 2848 725 inconcussus
2885 669 3182 738 persistens
3219 668 3304 722 vir
3332 684 3473 723 unus
3501 677 3637 723 erat.

2068 762 2136 816 Et
2161 778 2269 817 non
2303 761 2476 817 solum
2505 762 2597 817 ille
2624 761 2710 816 vir
2734 774 2875 815 unus
2904 760 3126 826 dicitur,
3156 762 3252 816 sed
3280 774 3470 815 omnes
3496 774 3645 815 com-

2066 863 2313 926 petenter
2364 862 2505 910 unus
2550 854 2834 918 dicuntur,
2884 866 3047 908 unam
3091 854 3410 924 sapientiam
3458 862 3649 909 omnes

2069 948 2350 1013 habentes,
2383 946 2473 1016 qui
2500 960 2665 1001 unum
2691 944 2965 1001 Christum
2995 943 3179 1001 Iesum
3209 945 3563 1011 conﬁtentur,
3589 944 3646 999 in

2068 1055 2175 1094 uno
2217 1039 2423 1109 Spiritu
2469 1039 2566 1093 Dei
2612 1039 2911 1109 replentur.
2957 1035 3087 1094 inde
3138 1038 3269 1093 dicit
3314 1036 3645 1109 Apostolus:

2075 1151 2093 1183 ι
2122 1130 2322 1186 Omnes
2347 1132 2563 1201 quidem
2603 1138 2848 1195 currunt,
2881 1130 2977 1185 sed
3013 1144 3153 1184 unus
3181 1130 3377 1199 accipit
3408 1130 3650 1200 palmam

2048 1223 2123 1293 .(I
2146 1221 2268 1277 Cor.
2290 1223 2390 1294 ιχ).
2414 1240 2433 1273 ι
2465 1220 2843 1291 Unusquisque
2864 1221 3228 1291 insipientium
3252 1236 3361 1275 non
3384 1230 3466 1275 est
3486 1222 3648 1286 unu's,

2070 1313 2165 1370 sed
2191 1312 2363 1368 multi.
2397 1312 2551 1369 Unde
2576 1327 2675 1383 per
2705 1312 3045 1383 Scripturam
3075 1312 3310 1367 dicitur:
3341 1329 3359 1361 ‹
3379 1310 3648 1378 lnsipiens

2070 1407 2210 1464 sicut
2230 1407 2351 1463 luna
2378 1415 2620 1462 mutatur
2646 1404 2838 1479 (Eccli.
2865 1404 3021 1477 xvn).
3044 1424 3062 1456 ι
3090 1403 3263 1469 Luna,
3287 1412 3412 1458 cum
3435 1402 3651 1458 videtur

2070 1512 2179 1554 una
2201 1515 2321 1556 esse
2346 1515 2446 1570 per
2474 1499 2858 1564 substantiam,
2902 1512 3004 1568 per
3034 1499 3394 1553 mutationem
3436 1496 3653 1551 dierum

2071 1607 2286 1662 semper
2320 1607 2352 1646 a
2388 1593 2677 1662 semetipsa
2720 1592 2822 1647 alia
2862 1600 3026 1647 estet
3050 1592 3301 1657 diversa;
3336 1591 3419 1646 sic
3440 1598 3495 1644 et
3523 1598 3652 1659 pec-

2071 1691 2308 1750 catores,
2352 1684 2444 1753 qui
2491 1691 2771 1738 mutantur
2816 1696 3033 1751 semper
3080 1682 3308 1737 scientia
3348 1688 3404 1736 et
3432 1679 3656 1750 cupiunt

2072 1777 2309 1844 diversa,
2352 1776 2636 1833 instabiles
2666 1784 2794 1833 sunt
2830 1775 2887 1830 in
2924 1775 3180 1831 omnibus
3208 1775 3312 1829 viis
3338 1773 3471 1827 suis.
3504 1771 3658 1828 Unus

2073 1878 2253 1926 autem
2290 1869 2489 1926 dicitur
2516 1870 2678 1936 Deus,
2707 1884 2813 1924 non
2842 1870 2911 1925 de
2941 1884 3205 1935 numero;
3239 1867 3335 1923 sed
3362 1867 3489 1937 quia
3515 1880 3654 1920 nun-

395 1975 416 2008 ι
444 1956 585 2012 illius
620 1956 999 2023 movebantur,
1027 1963 1082 2011 et
1108 1972 1215 2011 vox
1248 1956 1465 2026 penitus
1492 1971 1601 2011 non
1626 1945 1963 2010 audiebatur.
1995 1977 2044 2037 Β
2072 1978 2234 2032 quam
2257 1974 2288 2017 τι
2310 1963 2606 2033 semetipso
2630 1961 2767 2016 alter
2793 1961 3046 2027 emititur,
3079 1962 3201 2016 ideo
3226 1970 3505 2029 nunquam
3536 1971 3659 2011 mu-

394 2066 416 2100 ι
440 2046 769 2103 .‘Estimabat
809 2054 940 2119 ergo
983 2062 1105 2103 eam
1146 2046 1266 2103 Hell
1311 2046 1684 2112 temulentam,
1726 2046 1969 2116 dixitque

394 2155 413 2189 ι
441 2138 520 2204 ei,
554 2136 847 2208 Usquequo
893 2136 1043 2193 ebria
1086 2138 1232 2192 eris?
1256 2137 1440 2208 digere
1458 2137 1741 2208 paulisper
1760 2137 1965 2202 vinum,

392 2244 412 2279 ι
439 2242 549 2297 quo
577 2226 784 2283 mades.
826 2227 1235 2300 Responditque
1260 2227 1454 2306 Anna:
1484 2228 1861 2298 Nequaquam,
1887 2228 1972 2282 iu-

393 2338 411 2370 ι
439 2318 573 2388 quit,
623 2320 858 2374 domine.
890 2317 1028 2373 Nam
1055 2320 1250 2374 mulier
1280 2319 1470 2375 infelix
1500 2321 1664 2375 nimis
1690 2332 1794 2392 ego
1822 2335 1964 2375 sum.

390 2426 410 2459 ι
439 2405 745 2478 Vinumque
768 2414 823 2462 et
843 2416 1004 2463 omne
1029 2409 1173 2480 quod
1200 2408 1473 2464 inebriare
1498 2415 1677 2479 potest
1703 2422 1813 2463 non
1832 2408 1964 2464 bibi.

391 2518 410 2552 ι
439 2498 547 2555 Sed
575 2497 741 2555 effudi
785 2502 1023 2556 animam
1060 2512 1239 2557 meam
1290 2502 1347 2557 in
1386 2510 1684 2573 conspectu
1729 2502 1962 2557 Domini.

389 2611 408 2643 ι
434 2591 514 2648 Νε
553 2602 771 2665 reputes
813 2594 1065 2651 ancillam
1094 2603 1244 2651 tuam
1272 2597 1430 2668 quasi
1454 2606 1622 2653 nam
1650 2598 1721 2652 de
1752 2597 1969 2652 ﬁliabus

389 2700 408 2734 ι
436 2682 624 2751 Belial,
654 2685 783 2756 quia
811 2698 878 2742 ex
905 2687 1251 2744 multitudine
1272 2690 1478 2746 doloris
1506 2691 1820 2745 mei'locuta
1847 2706 1967 2746 sum

388 2794 408 2827 ι
437 2790 611 2846 usque
631 2778 686 2857 in
709 2792 969 2848 praisens,
992 2798 1010 2831 ι
1034 2790 1094 2835 et
1116 2780 1346 2851 reliqua.
1380 2781 1551 2837 Belial
1581 2782 1969 2852 interpretatur

382 2868 575 2940 absque
596 2868 751 2942 fugo.
783 2871 923 2927 Nota
952 2872 1096 2943 quod
1121 2872 1177 2928 bi
1199 2874 1299 2944 qui
1326 2874 1649 2929 ebrietatem
1689 2878 1970 2929 sectantur

380 2960 476 3015 ﬁlii
525 2962 691 3017 Belial
720 2965 1062 3031 vocitentur;
1096 2966 1201 3022 hoc
1228 2966 1349 3022 loco
1380 2967 1638 3044 impletur
1659 2964 1796 3021 illud
1820 2966 1965 3037 quod

379 3056 639 3125 scriptum
689 3066 815 3113 est:
854 3056 1074 3114 «Homo
1114 3059 1265 3115 videt
1310 3061 1363 3115 in
1408 3060 1572 3127 facie,
1618 3060 1765 3117 Deus
1785 3067 1966 3117 autem

380 3143 621 3201 intuetur
647 3158 742 3203 cor
772 3147 825 3220 (ι
857 3144 986 3220 Reg.
1026 3148 1162 3223 im).
1190 3169 1208 3202 ι
1240 3150 1376 3217 Quia
1406 3151 1527 3206 Βειί
1552 3158 1760 3205 tantum
1786 3166 1849 3206 os
1870 3151 1968 3204 de-

376 3237 655 3305 precantis
699 3237 869 3294 Annxe
898 3239 1238 3307 intuebatur,
1284 3248 1342 3297 et
1378 3254 1568 3297 vocem
1605 3241 1723 3310 ejus
1746 3242 1966 3313 penitus

2074 2062 2241 2121 tatur,
2271 2064 2331 2110 ut
2354 2063 2437 2110 est
2462 2054 2613 2110 illud.
2649 2074 2668 2107 ε
2698 2054 2778 2110 Tu
2802 2062 2982 2109 autem
3010 2055 3151 2109 idem
3182 2054 3295 2123 ipse
3328 2066 3408 2119 es,
3439 2059 3496 2106 et
3528 2049 3656 2106 anni

2070 2148 2149 2202 tui
2188 2163 2297 2202 non
2319 2147 2574 2203 deﬁcient
2595 2144 2766 2218 (Paul.
2794 2147 2890 2220 ει).
2914 2164 2932 2199 ι
2970 2165 2989 2198 ς
3010 2146 3155 2211 Fuit,
3184 2146 3378 2214 inquit,
3404 2144 3490 2199 vir
3515 2158 3655 2199 unus

2070 2239 2138 2294 de
2181 2240 2450 2294 Ramatha
2501 2239 2759 2309 Sophim,
2807 2239 2874 2294 de
2924 2245 3110 2293 monte
3164 2236 3444 2307 Ephraim.
3476 2253 3496 2287 ι
3548 2234 3658 2307 (Ea:

2073 2328 2445 2400 Hieronymo.)
2485 2329 2779 2395 Ramatha,
2823 2328 2935 2384 sive
2968 2327 3254 2392 Armatha,
3278 2334 3339 2381 ut
3366 2326 3424 2380 in
3451 2325 3656 2395 aliqui-
3748 2332 3773 2345 ‘

2073 2421 2176 2476 bus
2218 2420 2622 2492 exemplaribus
2680 2419 2943 2485 habetur,
2994 2418 3220 2472 altitudo
3261 2432 3442 2471 eorum
3492 2416 3660 2470 inter-

2069 2522 2346 2582 pretatur;
2389 2511 2635 2583 Sophim,
2666 2511 2879 2583 specula
2907 2511 3023 2567 sive
3042 2509 3292 2582 scopulus
3323 2524 3341 2561 :
3367 2508 3651 2577 prnaim,

2070 2604 2429 2674 fruotiﬁcatio.
2461 2604 2566 2671 Qui
2611 2605 2664 2659 in
2690 2611 2879 2659 monte
2921 2602 3179 2673 Ephra-im
3219 2609 3274 2656 et
3307 2600 3364 2654 in
3389 2598 3655 2654 Ramatha

2072 2693 2294 2765 Sepbim
2318 2708 2687 2751 commorasse
2711 2696 2931 2759 dicitur,
2963 2695 3017 2749 in
3046 2694 3155 2748 alia
3175 2693 3386 2747 scilicet
3416 2698 3657 2747 eontem-

2069 2785 2308 2857 platione
2345 2787 2628 2851 virtutum,
2673 2794 2732 2841 ut
2762 2801 2796 2841 a
2824 2785 2991 2841 nullis
3028 2782 3436 2852 subiacentibus
3466 2790 3521 2837 et
3547 2782 3655 2837 cir—

2070 2881 2523 2937 cumlatrantibus
2563 2882 2821 2937 vitiomm
2861 2879 3283 2953 cogitationibus
3312 2877 3513 2932 mentis
3538 2875 3656 2949 ejus

2071 2973 2378 3029 sublimitas
2403 2973 2730 3045 dejiceretur
2757 2972 2845 3028 vel
2867 2972 3047 3027 unitas
3084 2970 3462 3034 scinderetur;
3494 2972 3548 3022 et
3576 2965 3665 3021 ld-r

2068 3065 2221 3122 circo
2242 3080 2351 3121 non
2376 3065 2443 3121 de
2464 3065 2715 3132 vallibus,
2746 3080 2922 3134 neque
2956 3065 3025 3119 de
3056 3062 3285 3132 campis,
3316 3070 3423 3115 non
3450 3060 3517 3114 de
3548 3057 3661 3114 col—

2070 3156 2233 3223 libus,
2267 3160 2362 3213 sed
2390 3159 2455 3214 de
2488 3165 2674 3214 monte
2712 3157 2970 3229 prraim
2995 3168 3119 3211 esse
3148 3155 3368 3217 dicitur,
3410 3153 3511 3206 hoc
3538 3159 3623 3205 est
3643 3190 3658 3216 ,

2071 3248 2138 3303 de
2162 3256 2351 3304 monte
2380 3247 2661 3320 frugifero,
2702 3248 2757 3302 in
2792 3263 2899 3317 quo
2933 3246 3187 3301 nobilitas
3216 3243 3461 3298 omnium
3487 3242 3659 3295 virtu-

377 3338 488 3381 non
523 3330 802 3397 audiebat,
841 3342 945 3386 nec
975 3343 1182 3387 motum
1209 3334 1478 3389 labiorum
1508 3336 1786 3403 cernebat,
1816 3336 1968 3390 asti—
1997 3336 2043 3401 C
2073 3343 2191 3392 tum
2237 3338 2574 3395 fructiﬁcare
2615 3339 2969 3412 dignoscitur.
3023 3334 3225 3389 Habuit
3274 3333 3356 3386 vir
3394 3331 3484 3386 ille
3526 3331 3663 3386 duas

376 3416 567 3470 mabat
593 3419 800 3473 ebriam
825 3436 967 3475 esse.
994 3421 1087 3475 illa
1110 3432 1292 3478 autem
1323 3425 1451 3494 quia
1487 3436 1704 3480 sursum
1725 3425 1972 3481 elevabat

375 3519 497 3574 cor,
508 3514 565 3562 et
580 3509 940 3567 conﬁtebatur
950 3512 1182 3568 Domino
1202 3515 1256 3569 in
1279 3524 1391 3570 toto
1408 3517 1574 3572 corde
1588 3531 1713 3583 suo,
1731 3519 1971 3588 respexit

374 3596 641 3655 Dominus
672 3602 739 3657 ad
770 3604 1075 3677 orationem
1109 3604 1247 3675 ejus,
1295 3616 1352 3663 et
1393 3622 1500 3663 non
1550 3610 1754 3678 sprevit
1778 3624 1968 3679 preces

376 3686 542 3745 illius.
566 3690 844 3764 Nobisque
865 3696 1105 3765 optimus
1131 3700 1325 3755 modus
1349 3702 1543 3756 orandi
1565 3702 1633 3757 ad
1659 3704 1965 3773 exemplum

376 3779 536 3836 datus
565 3791 667 3848 est,
715 3794 775 3839 ut
817 3800 925 3841 non
965 3788 1023 3842 in
1062 3789 1406 3861 multiloquio
1450 3792 1751 3850 formenms
1777 3810 1967 3866 preces

376 3883 591 3931 nostras
616 3876 686 3931 ad
714 3878 1023 3947 Dominum,
1056 3883 1153 3937 sed
1176 3883 1233 3937 in
1254 3886 1681 3955 compone-tione
1705 3888 1886 3943 cordis
1908 3895 1967 3943 et

375 3963 639 4023 eii'usione
671 3969 1034 4042 lacrymarum
1062 3988 1164 4031 nos
1188 3978 1435 4033 exaudiri
1458 3979 1527 4033 ab
1555 3992 1623 4035 eo
1650 3980 1962 4048 credamus,

377 4056 505 4126 quia
554 4076 573 4109 ι
601 4061 929 4118 sacriﬁcium
968 4065 1081 4121 Deo
1128 4068 1355 4137 spiritus
1401 4072 1831 4139 contribulatus,
1870 4090 1967 4130 cor

377 4156 672 4204 contritum
691 4159 747 4207 et
770 4153 1108 4209 humiliatum
1129 4156 1272 4211 Dens
1294 4177 1399 4213 non
1420 4165 1628 4229 spernit
1649 4164 1823 4233 (Psal.
1854 4167 1958 4235 1.).»

378 4240 532 4309 Quod
559 4252 686 4298 tunc
718 4245 876 4316 digne
901 4245 982 4312 ﬁt,
1012 4248 1077 4315 si,
1110 4250 1360 4305 oratione
1401 4253 1693 4321 completa,
1722 4269 1825 4309 nos
1872 4271 1964 4310 eo-

378 4332 501 4387 dem
548 4343 734 4391 tenore
776 4336 1004 4405 iustitiae
1048 4341 1514 4409 permanebimus.
1568 4342 1729 4400 Unde
1770 4352 1827 4400 et
1870 4358 1960 4401 se—

377 4424 565 4494 quitur
592 4443 605 4478 :

454 4534 473 4566 ε
501 4514 568 4569 Et
593 4516 729 4572 abiit
754 4517 948 4579 mulier
982 4520 1038 4575 in
1076 4521 1224 4577 viam
1256 4537 1413 4579 suam
1446 4532 1509 4580 et
1544 4527 1801 4593 comedit,
1833 4527 1963 4582 vui-

382 4626 403 4659 ‹
432 4616 627 4678 tusque
655 4612 773 4683 ejus
798 4628 908 4667 non
947 4622 1073 4669 sunt
1112 4617 1341 4688 amplius
1388 4619 1445 4675 in
1479 4620 1696 4677 diversa
1744 4623 1957 4677 mutati.

2070 3446 2291 3487 uxores.
2338 3433 2575 3499 Quarum
2622 3433 2825 3503 prima,
2872 3437 2933 3485 ut
2978 3428 3363 3501 praediximus,
3399 3425 3659 3492 nobilior,

2068 3523 2249 3589 Anna,
2274 3524 2474 3579 sterilis
2498 3534 2641 3591 erat,
2668 3532 2733 3578 ut
2760 3521 2863 3577 fuit
2891 3523 3069 3593 prima
3093 3536 3235 3576 uxor
3261 3518 3495 3575 Abrahae
3521 3517 3659 3573 Sara

2068 3614 2306 3670 nobilior
2351 3613 2505 3687 (Gen.
2530 3614 2669 3687 ivx),
2716 3614 2954 3671 secunda
2982 3614 3223 3685 quidem,
3256 3614 3361 3667 hoc
3385 3619 3490 3677 est,
3520 3609 3661 3664 Phe-

2068 3718 2269 3771 nenna,
2314 3705 2543 3761 fecunda
2589 3705 2710 3770 fuit,
2756 3706 2896 3760 sicut
2941 3703 3175 3757 Abrahae
3222 3701 3455 3755 secunda
3497 3712 3656 3763 uxor,

2068 3796 2124 3851 id
2148 3803 2253 3861 est,
2286 3797 2433 3866 Agar
2462 3793 2740 3866 Egyptia,
2773 3792 2869 3847 sed
2898 3790 3210 3864 ignobilior.
3239 3791 3306 3845 Et
3326 3788 3549 3844 effectus
3571 3795 3658 3843 est

2065 3887 2341 3943 Abraham
2384 3886 2619 3956 primum
2667 3891 2824 3955 pater
2860 3884 2927 3938 de
2968 3879 3215 3954 ignobili;
3247 3888 3435 3951 postea
3464 3880 3531 3934 de
3552 3888 3658 3934 uo-

2066 3978 2161 4034 bili
2192 3978 2466 4049 eonjugio.
2500 3978 2578 4032 ita
2603 3977 2822 4040 Eleans,
2859 3975 2953 4046 qui
2982 3973 3240 4045 possessio
3288 3972 3384 4026 Dei
3415 3979 3516 4037 est,
3548 3970 3660 4040 pri-

2066 4086 2215 4127 mum
2243 4072 2310 4127 de
2336 4071 2573 4125 secunda
2607 4083 2778 4124 uxore
2808 4066 3041 4123 eiﬁcitur
3076 4074 3248 4138 pater,
3282 4066 3408 4135 quia
3430 4064 3655 4120 conclu-

2062 4171 2215 4233 serat
2258 4162 2523 4217 Dominus
2571 4161 2784 4215 vulvam
2826 4160 3015 4224 Annae,
3060 4169 3119 4214 ut
3160 4159 3398 4227 primum
3437 4155 3656 4211 vulvam

2068 4252 2239 4316 Sarra,
2263 4258 2387 4320 post
2408 4260 2627 4319 partum
2650 4249 2957 4305 Phenennae
2987 4249 3200 4320 aperuit
3226 4247 3441 4302 vulvam
3462 4247 3652 4301 Annae.

2064 4342 2362 4397 Phenenna
2421 4341 2815 4411 interpretatur
2877 4341 3201 4405 conversio;
3264 4339 3421 4393 Anna
3481 4337 3656 4409 gratia

2064 4435 2482 4503 interpretatur.
2524 4431 2629 4498 Qui
2674 4433 2789 4487 vult
2829 4431 2973 4488 efﬁci
3018 4430 3294 4502 possessio
3330 4429 3451 4497 Dei,
3487 4429 3652 4483 ducat
3701 4451 3708 4497 ε

2066 4524 2167 4578 has
2194 4524 2330 4578 duas
2370 4536 2587 4588 uxores,
2624 4529 2682 4577 et
2722 4521 2916 4592 jungat
2956 4522 3059 4575 sibi
3104 4522 3342 4589 primum
3373 4534 3494 4573 eam
3528 4532 3651 4589 quae
3701 4504 3708 4534 ἲ

2066 4614 2304 4669 nobilior
2331 4622 2436 4679 est,
2469 4615 2575 4669 hoc
2598 4620 2702 4679 est,
2741 4612 2994 4684 gratiam.
3027 4610 3152 4666 Haec
3177 4611 3325 4665 enim
3362 4611 3537 4680 prima
3560 4626 3660 4681 per
3707 4594 3722 4619 ”

383 4718 401 4750 ι
432 4699 500 4754 Ει
529 4701 729 4756 factum
751 4713 834 4784 est
858 4714 982 4774 post
1007 4707 1270 4763 circulum
1302 4711 1512 4767 dierum
1535 4714 1785 4784 concepit
1803 4716 1961 4769 Anna
1987 4688 2043 4751 Β
2071 4706 2231 4761 iidem
2280 4705 2626 4777 conjungitur
2656 4705 2885 4771 homini,
2922 4711 2983 4757 ut
3009 4702 3300 4774 Apostolus
3330 4703 3405 4756 ait
3433 4719 3446 4755 :
3482 4721 3500 4753 ε
3522 4701 3659 4757 Gra-

382 4809 401 4841 ¢
431 4800 487 4844 et
509 4794 720 4861 peperit
748 4780 939 4862 ﬁlium,
971 4802 1294 4871 vocavitque
1336 4820 1536 4860 nomen
1568 4804 1686 4876 ejus
1706 4780 1959 4875 Samuel,

382 4903 399 4935 ς
429 4898 496 4937 eo
537 4886 683 4954 quod
724 4902 757 4941 a
792 4886 1021 4944 Domino
1046 4893 1377 4960 postulasset
1406 4910 1552 4964 eum,
1584 4917 1602 4950 ›
1642 4908 1698 4953 et
1727 4900 1956 4970 reliqua.

374 4972 507 5030 Post
551 4976 812 5033 circulum
838 4992 974 5053 ergo
1001 4983 1238 5051 dierum,
1276 4987 1332 5041 id
1378 4996 1490 5054 est,
1516 4999 1642 5058 post
1675 4991 1803 5045 anni
1834 4990 1959 5046 red-

372 5063 532 5131 itum,
560 5069 770 5137 peperit
808 5070 963 5125 Anna
999 5072 1193 5141 ﬁlium,
1237 5079 1563 5149 vocavitque
1608 5092 1805 5135 nomen
1844 5080 1962 5149 ejus

378 5155 622 5225 Samuel,
642 5162 736 5232 qui
756 5163 1149 5234 interpretatur
1166 5168 1453 5237 postulatio
1477 5170 1597 5237 Dei,
1628 5172 1744 5226 sive
1771 5182 1960 5226 nonten

372 5249 492 5319 ejus
525 5247 693 5317 Deus,
727 5251 857 5321 quia
889 5262 1079 5309 auctor
1120 5258 1419 5315 nativitatis
1461 5259 1580 5329 ejus
1629 5262 1772 5318 Deus
1812 5271 1958 5331 erat,

371 5343 468 5411 qui
492 5343 561 5398 ab
592 5346 765 5401 sterili
797 5356 1074 5416 exoratus,
1109 5356 1377 5410 concessit
1396 5356 1605 5412 habere
1628 5356 1825 5425 ﬁlium,
1864 5359 1960 5428 qui

372 5432 568 5504 dignus
616 5437 907 5494 haberetur
931 5439 988 5495 in
1018 5443 1219 5513 templo
1266 5444 1360 5499 Dei
1398 5447 1616 5502 cunctis
1655 5447 1963 5502 diebusas-

374 5524 570 5581 sistere
615 5528 683 5583 ad
730 5531 1010 5586 servitium
1053 5535 1191 5604 ejus.
1239 5535 1463 5607 Mystice
1507 5545 1688 5592 autem
1730 5537 1956 5606 Eleans,

368 5628 531 5687 pater
546 5621 877 5679 venerabilis
896 5622 1188 5692 Samuelis,
1215 5630 1308 5696 qui
1328 5639 1451 5683 erat
1481 5650 1500 5681 ι
1522 5632 1797 5699 possessio
1816 5631 1911 5686 Dei
1930 5649 1951 5683 ι

370 5714 607 5788 (ΕΙεεηε
654 5718 856 5790 quippe
906 5719 964 5775 in
1020 5721 1400 5792 possessionem
1452 5722 1550 5777 Dei
1594 5720 1958 5793 transfertur)

374 5810 539 5865 animi
582 5810 785 5868 virtute
825 5813 912 5868 vir
952 5813 1171 5870 dicitur.
1206 5814 1275 5869 Et
1299 5831 1406 5870 non
1432 5816 1604 5871 solum
1631 5816 1735 5882 vir,
1762 5830 1955 5872 verum

366 5903 540 5958 etiam
574 5904 657 5959 vir
691 5919 831 5961 unus
864 5904 1181 5977 appellatur.
1214 5904 1331 5963 Non
1360 5906 1506 5962 enim
1534 5907 1590 5962 in
1620 5906 1833 5962 diversa
1863 5918 1925 5960 ra

2071 4798 2149 4852 tia
2183 4797 2329 4851 enim
2372 4796 2466 4850 Dei
2508 4795 2703 4849 salvati
2744 4795 2875 4850 estis
2922 4811 3017 4865 per
3063 4794 3222 4848 ﬁdem
3274 4791 3489 4865 (Ephes.
3517 4794 3600 4863 ιι).
3632 4813 3650 4845 ι

2074 4890 2328 4946 Secundo
2378 4889 2739 4958 conjungatur
2790 4888 3117 4952 Pltenennae,
3174 4887 3228 4940 id
3272 4894 3379 4951 est,
3432 4900 3658 4939 conver-

2071 4986 2232 5049 sioni,
2267 4985 2392 5055 quia
2420 4992 2544 5053 post
2571 4984 2801 5053 gratiam
2830 4980 3189 5043 credulitatis,
3229 4993 3442 5031 morum
3473 4993 3656 5033 emen-

2070 5078 2221 5133 datio
2271 5077 2421 5146 sequi
2474 5076 2654 5129 debet.
2700 5074 2885 5129 Prima
2916 5073 3056 5127 ﬁlios
3086 5071 3243 5126 nobis
3270 5077 3493 5141 generat
3517 5069 3657 5125 Phe-

2071 5183 2270 5235 nenna,
2325 5169 2452 5238 quia
2492 5168 2699 5238 primos
2742 5167 2902 5221 nobis
2946 5164 3162 5219 fructus
3205 5162 3533 5234 proferimus
3559 5176 3657 5233 per

2068 5259 2501 5315 conversionem.
2534 5258 2645 5312 Nisi
2678 5257 2822 5312 enim
2862 5263 3247 5309 convertamur
3274 5268 3305 5306 a
3337 5252 3499 5317 malo,
3543 5266 3652 5306 non

2062 5349 2365 5421 poterimus
2388 5347 2533 5401 efﬁci
2556 5352 2741 5417 patres
2762 5343 2831 5398 de
2858 5341 3032 5397 Anna.
3059 5342 3353 5398 Pheneum
3382 5342 3528 5397 ﬁlios
3560 5344 3653 5397 ba—

2064 5442 2182 5506 bet,
2219 5440 2312 5495 sed
2341 5440 2433 5508 qui
2458 5452 2570 5493 non
2598 5436 2858 5491 assistunt
2886 5434 3041 5489 altari
3069 5448 3304 5504 semper,
3332 5450 3438 5489 nec
3463 5443 3647 5489 tamen

2066 5530 2259 5585 inanes
2286 5528 2443 5593 ﬁunt,
2469 5541 2594 5581 nam
2621 5526 2688 5581 de
2712 5524 2994 5580 sacriﬁci-is
3020 5524 3222 5579 divinis
3250 5524 3438 5579 edunt.
3470 5523 3651 5580 Unus-

2063 5624 2294 5695 quisque
2321 5637 2451 5693 ergo
2481 5620 2571 5689 qui
2604 5618 2948 5673 convertitur
2982 5634 3013 5673 a
3046 5626 3291 5688 peccato,
3316 5631 3388 5672 ex
3416 5631 3649 5672 conver-

2065 5715 2221 5770 sione
2270 5719 2495 5784 generat
2541 5726 2707 5781 opera
2749 5709 3009 5779 justitize,
3064 5719 3119 5765 et
3168 5719 3357 5781 postea
3406 5710 3649 5765 excitata

2062 5806 2238 5872 Anna,
2273 5805 2327 5859 id
2354 5812 2453 5868 est,
2496 5805 2674 5859 anima
2718 5802 2914 5871 ﬁdelis,
2956 5818 3054 5874 per
3091 5802 3267 5857 zelum
3300 5801 3496 5857 bonam
3526 5815 3650 5871 pre-

2062 5917 2182 5957 cem
2226 5899 2400 5955 fuudit
2445 5897 2691 5965 Domino,
2735 5905 2797 5954 ut
2831 5898 2947 5969 ipsa
2983 5896 3124 5954 ﬁlios
3151 5904 3374 5967 generet
3395 5895 3487 5966 qui
3515 5896 3649 5951 assi-
