4074 6466
376 428 445 495 i5

376 546 527 597 stant
557 537 692 602 Deo,
723 535 827 592 hoc
868 540 971 601 est,
1001 533 1143 588 ﬁlios
1177 531 1386 605 gratim.
1418 528 1522 598 Qui
1547 529 1694 582 enim
1723 529 1836 583 Deo
1863 542 1957 580 va—
1986 534 2040 602 Α

376 639 486 704 cat,
518 638 574 685 et
598 643 815 699 semper
846 648 864 679 ι
884 626 1058 694 legem
1088 624 1304 680 Domini
1328 623 1416 679 die
1444 637 1508 677 ac
1540 627 1698 677 nocte
1729 619 1958 675 medita-

381 732 469 780 tur
508 720 683 793 (Psal.
707 720 771 791 1),
795 738 814 771 ι
866 717 956 773 hic
995 723 1080 772 est
1122 715 1266 771 ﬁlius
1306 715 1514 786 gratiae.
1561 712 1619 768 1n
1668 709 1962 780 Evangelio

400 812 541 883 mjus
570 810 810 867 historia:
840 807 1016 864 forma
1039 806 1365 874 ostenditur,
1394 804 1536 860 unde
1553 821 1572 855 ι
1603 800 1815 857 Martha
1844 815 1903 854 sa
1916 808 1963 853 t-

380 906 491 977 agit
518 905 663 959 circa
701 901 959 971 frequens
1002 896 1368 954 ministerium
1423 894 1573 967 (Luc.
1607 893 1686 964 x),
1718 912 1735 943 ι
1785 889 1967 960 explet

379 1011 545 1067 opera
581 993 828 1065 justitiaa,
872 1001 928 1048 et
953 1006 1052 1062 per
1078 990 1195 1045 haec
1224 987 1370 1042 velut
1418 986 1558 1040 ﬁlios
1595 979 1967 1039 conversionis

381 1095 638 1162 generat;
679 1094 735 1141 et
776 1085 947 1140 Maria
982 1084 1178 1139 sedens
1208 1096 1366 1137 secus
1399 1080 1565 1151 pedes
1596 1076 1830 1141 Domini,
1872 1090 1968 1129 au-

382 1180 538 1236 diens
578 1178 804 1234 verbum
850 1175 1012 1240 illius,
1057 1174 1318 1244 optimam
1350 1179 1563 1242 partem
1613 1168 1812 1223 dicitur
1858 1165 1970 1221 ele-

381 1273 549 1345 gisse,
583 1280 638 1325 et
657 1269 977 1339 intelligitur
1004 1267 1151 1322 velut
1173 1266 1361 1337 gratiae
1389 1262 1630 1319 sobolem
1655 1273 1965 1333 procreare,

385 1381 507 1437 qua:
560 1378 778 1433 semper
827 1362 1013 1416 dicat:
1068 1380 1085 1411 ‹
1116 1358 1246 1413 Mihi
1292 1368 1472 1412 autem
1524 1356 1804 1410 adhwrere
1857 1353 1970 1407 Deo

384 1460 588 1514 bonum
616 1466 701 1511 est
730 1453 905 1527 (Psal.
928 1452 1124 1525 Lxxn).
1149 1473 1167 1505 ›
1210 1451 1365 1506 Anna
1405 1457 1631 1521 generat
1654 1447 1824 1502 ﬁlium
1873 1446 1973 1499 Sa—

385 1551 563 1616 muel,
594 1547 662 1603 de
696 1564 803 1619 quo
830 1546 1069 1601 dicitur:
1103 1564 1121 1595 ι
1152 1543 1363 1614 Moyses
1401 1552 1456 1597 et
1492 1541 1676 1596 Aaron
1702 1541 1758 1594 in
1793 1552 1975 1594 sacer-

387 1645 603 1701 dotibus
647 1641 786 1711 ejus,
830 1648 887 1694 et
928 1637 1148 1694 Samuel
1176 1637 1320 1690 inter
1348 1650 1442 1690 eos
1471 1634 1564 1704 qui
1598 1634 1852 1688 invocant
1880 1643 1978 1683 no-

387 1754 514 1794 men
542 1736 660 1806 ejus
687 1733 874 1807 (Psal.
902 1731 1155 1803 xcvm)»
1186 1729 1290 1796 Qui
1318 1728 1517 1783 dicitur
1540 1726 1629 1780 ubi
1662 1727 1772 1794 ipse
1800 1723 1975 1786 Deus;

390 1835 481 1890 ubi
528 1834 675 1888 enim
722 1828 961 1900 Spiritus
1000 1826 1211 1898 gratiae,
1259 1823 1334 1878 ibi
1384 1821 1581 1877 dicitur
1618 1820 1779 1873 Deus.
1827 1815 1979 1871 Unde

1048 422 1109 476 Β.
1146 416 1403 476 RABANI
1440 416 1661 474 MAURI
1695 412 2034 487 ARCHIEP.i
2056 408 2368 468 MOGUNT.
2409 402 2697 464 OPERUM
2732 398 2914 457 PARS
2948 399 2989 454 1.

3577 391 3643 447 16

2682 508 2912 569 CAPUT
2964 506 3028 561 ll.

2131 609 2411 667 Canticum
2448 607 2639 672 Annae,
2667 603 2808 678 quod
2848 598 3078 678 cantavit
3107 588 3222 665 post
3251 592 3577 648 nativitatem

2704 670 2989 730 Samuelis.

2134 796 2285 869 (CAP.
2315 792 2404 868 ιι.)
2457 812 2477 845 ‹
2504 788 2813 848 Exsultavit
2858 799 2956 840 cor
2997 795 3180 838 meum
3209 779 3266 834 in
3296 776 3558 842 Domino,
3598 782 3654 830 et

2063 866 2360 949 exaltatum
2383 866 2494 944 test
2532 901 2704 943 cornu
2740 896 2923 937 meum
2954 878 3013 933 in
3035 877 3149 932 Deo
3175 888 3317 928 meo.
3343 891 3362 924 ι
3396 878 3503 926 etc.
3537 866 3657 922 Non

2064 985 2341 1041 invenitur
2370 995 2529 1037 orare
2563 979 2622 1033 in
2663 976 2769 1031 hoc
2802 971 3039 1038 cantico,
3085 966 3192 1023 nisi
3229 979 3329 1035 per
3356 964 3462 1018 duo
3490 959 3658 1014 verba

2065 1084 2301 1140 tantum,
2330 1080 2392 1128 ut
2417 1071 2552 1127 dicit
2576 1087 2588 1124 :
2623 1086 2642 1119 ι
2674 1066 2884 1121 Lmtata
2913 1076 3031 1117 sum
3061 1059 3117 1113 in
3145 1053 3372 1114 salutari
3398 1060 3524 1116 tuo;
3558 1069 3576 1101 ι
3603 1056 3660 1103 et

2069 1167 2214 1223 aliud
2237 1173 2358 1221 est:
2395 1182 2414 1214 ι
2437 1162 2574 1229 Quia
2621 1175 2731 1214 non
2760 1164 2845 1212 est
2872 1155 3017 1209 Deus
3045 1156 3247 1221 praeter
3270 1154 3343 1201 te.
3375 1164 3393 1196 ι
3434 1144 3663 1212 Aposto-

2070 1260 2155 1315 lus
2184 1268 2367 1312 autem
2390 1255 2554 1311 dicit:
2586 1272 2604 1303 (
2631 1249 2798 1306 Orate
2824 1248 2943 1303 sine
2969 1240 3371 1299 intermissione
3394 1234 3445 1307 (Ι
3476 1232 3660 1287 Thess.

2070 1352 2148 1423 v).
2171 1370 2192 1403 ›
2227 1349 2306 1404 Illi
2332 1347 2479 1404 enim
2513 1344 2605 1414 qui
2640 1344 2696 1396 in
2734 1340 2919 1396 divino
2948 1342 3199 1390 versatur
3235 1329 3440 1392 ofﬁcio,
3479 1322 3663 1379 omnia

2073 1410 2227 1513 gesta
2260 1437 2379 1507 ejus
2418 1410 2671 1503 dictaque
2710 1445 2809 1502 pro
2854 1426 3102 1482 oratione
3141 1427 3495 1492 reputantur,
3535 1410 3665 1482 quia

2070 1535 2250 1606 justus
2280 1532 2399 1587 sine
2424 1501 2833 1584 intermissione
2857 1535 2978 1592 qua:
3006 1516 3156 1587 justa
3185 1522 3313 1568 sunt
3338 1510 3468 1580 agit.
3500 1506 3569 1560 Et
3596 1501 3667 1558 ob

2079 1596 2187 1681 hoc
2227 1625 2344 1680 sine
2382 1620 2790 1677 intermissione
2817 1615 2999 1684 justus
3035 1608 3237 1665 orabit.
3268 1605 3336 1659 Et
3366 1604 3421 1656 in
3445 1596 3670 1672 psalmis

2078 1718 2250 1773 dicit:
2287 1735 2304 1766 ‹
2332 1712 2581 1768 Elevatio
2625 1721 2886 1763 manuum
2935 1714 3182 1757 mearum
3220 1693 3550 1752 sacriﬁcium
3580 1702 3672 1743 ve-

2081 1808 2383 1879 spertinum
2413 1800 2588 1874 (Psal.
2613 1799 2762 1871 CXL).
2789 1818 2807 1848 ›
2833 1795 3025 1851 Elevat
3052 1803 3246 1845 manus
3267 1785 3357 1840 ille
3375 1782 3466 1853 qui
3495 1780 3672 1835 elevat

391 1870 481 1890 υυ.
528 1870 675 1888 cm...
723 1870 961 1900 cru...”
1000 1870 1211 1898 ,...-.--,
1259 1870 1334 1878 -.,-
1388 1870 1572 1877 __-_-__
1850 1870 1855 1871 ,
2110 1870 2127 1879 _
2422 1870 2432 1874 _
2723 1870 2728 1871 ί

390 1924 590 1981 Paulus
610 1922 780 1978 dicit:
816 1939 834 1971 ί
857 1919 924 1974 Et
948 1918 1148 1973 cadens
1173 1916 1229 1970 in
1251 1913 1466 1977 faciem,
1504 1910 1752 1967 adorabit
1780 1908 1974 1972 Deum,
2006 1912 2054 1972 Β
2081 1909 2238 1956 actus
2256 1910 2403 1953 suos.
2427 1895 2633 1949 Aliter:
2666 1912 2683 1942 ‹
2708 1889 2891 1957 Moyse
2915 1885 3164 1940 elevante
3185 1891 3403 1981 manus,
3423 1870 3674 1981 vincebat

391 2015 581 2070 dicens
623 2030 638 2068 :
678 2026 808 2067 vere
857 2009 1002 2064 Deus
1058 2008 1112 2061 in
1164 2005 1320 2061 vobis
1369 2010 1453 2058 est
1501 2001 1565 2074 (Ι
1598 1999 1721 2055 Cor.
1774 1999 1918 2068 xiv).
1951 2016 1970 2047 ι

393 2105 487 2163 Sic
536 2119 666 2175 ergo
714 2102 820 2157 nisi
866 2100 1178 2170 praecedant
1230 2112 1395 2169 opera
1433 2092 1829 2156 conversionis,
1871 2105 1979 2145 non

391 2212 680 2269 possumus
709 2196 850 2252 dona
873 2193 1042 2249 divini
1070 2190 1306 2262 Spiritus
1335 2202 1616 2260 generare.

472 2311 491 2343 ι
517 2290 715 2346 Mansit
749 2303 878 2360 ergo
906 2285 1127 2349 mulier,
1168 2291 1224 2339 et
1254 2281 1477 2337 lactavit
1508 2280 1678 2335 ﬁlium
1707 2292 1862 2333 suum
1894 2275 1987 2331 do-

402 2410 420 2440 ‹
448 2403 550 2443 nec
589 2391 869 2441 amoveret
907 2398 1034 2437 eum
1076 2397 1108 2434 a
1146 2380 1305 2435 lacte.
1360 2379 1430 2432 Et
1476 2377 1701 2433 adduxit
1738 2390 1862 2429 eum
1901 2388 1987 2428 se-

403 2500 421 2532 ς
453 2495 599 2545 cum,
626 2484 917 2548 postquam
944 2473 1332 2536 ablactaverat,
1378 2470 1435 2524 in
1472 2468 1656 2523 vitulis
1696 2467 1891 2529 tribus,
1932 2473 1989 2520 et

406 2589 425 2620 ι
458 2570 632 2624 tribus
678 2567 876 2622 modiis
920 2565 1142 2629 farinae,
1181 2570 1238 2618 et
1279 2561 1544 2632 amphora
1573 2560 1704 2613 vini.
1737 2581 1755 2612 υ
1798 2558 1857 2612 1n
1883 2556 1990 2610 lle-

399 2660 548 2714 braeo
571 2673 701 2722 non,
740 2675 759 2707 ί
786 2656 959 2710 tribus
993 2654 1190 2709 modiis
1219 2652 1431 2718 farinm,
1463 2672 1481 2704 ι
1527 2652 1623 2705 sed
1658 2669 1675 2701 ‹
1701 2648 1880 2704 modio
1910 2647 1991 2701 fa-

404 2751 558 2815 rinae,
581 2769 599 2801 ι
633 2747 850 2819 legitur.
885 2746 1058 2812 Quem
1096 2744 1275 2800 locum
1316 2744 1457 2814 apud
1494 2742 1716 2796 Latinos
1763 2740 1993 2808 scripto-

403 2856 525 2894 rum
572 2838 706 2893 vitio
749 2844 965 2893 constat
1013 2852 1136 2892 esse
1181 2836 1554 2906 depravatum.
1590 2832 1648 2888 Si
1684 2832 1832 2887 enim
1867 2845 1993 2885 eum

403 2932 578 2988 tribus
610 2931 791 2987 vituus
822 2939 932 2985 tres
970 2931 1181 2985 modios
1220 2928 1412 2983 farinae
1448 2927 1666 2992 obtulit,
1700 2937 1890 2981 contra
1919 2923 1997 2979 le-

403 3026 486 3096 gis
526 3031 856 3095 praeceptum
904 3021 1055 3078 fecit.
1089 3024 1147 3077 ln
1174 3022 1292 3093 lege
1327 3022 1511 3091 itaque
1538 3021 1611 3074 ita
1639 3018 1990 3090 prtecipitur:

409 3136 429 3168 ι
459 3116 661 3172 Mensis
707 3116 925 3187 septimi
968 3116 1145 3186 prima
1186 3116 1300 3171 dies
1345 3113 1675 3170 venerabilis
1717 3122 1771 3167 ct
1811 3118 1997 3166 sancta

403 3209 513 3265 erit
534 3207 705 3264 vobis.
735 3206 908 3263 Omne
927 3223 1062 3279 opus
1084 3208 1282 3263 servile
1310 3224 1421 3263 non
1440 3206 1676 3270 facietis,
1706 3205 1823 3260 dies
1849 3204 1998 3259 clan-

407 3296 554 3366 goris
600 3303 684 3350 est
723 3303 777 3348 et
816 3268 1091 3348 tubarum.
1139 3293 1500 3363 Offeretisque
1536 3268 1913 3347 holocaustum
1941 3289 1999 3344 in
2028 3288 2073 3352 C
2106 3287 2406 3345 exaltatum
2450 3288 2535 3336 est
2584 3293 2753 3332 cornu
2800 3286 2981 3329 meum
3032 3268 3089 3323 in

408 3389 631 3442 odorem
675 3386 1059 3440 suavissimum
1114 3386 1343 3440 Domino
1393 3385 1624 3439 vitulum
1660 3385 1726 3439 de
1755 3389 2005 3438 armento

320 3515 341 3537 ι
407 3492 611 3543 unum,
642 3475 871 3532 arietem
910 3493 1101 3543 unum,
1149 3492 1321 3549 agnos
1362 3476 1645 3532 anniculos
1685 3473 2007 3529 immacula-

410 3580 496 3626 tos
526 3555 735 3641 septem
775 3582 831 3627 et
860 3572 916 3625 in
946 3570 1233 3628 sacriﬁciis
1270 3586 1458 3627 eorum
1505 3568 1700 3625 similae
1729 3568 1850 3623 oleo
1879 3581 2008 3622 cou-

410 3677 612 3733 spersaa
643 3671 756 3716 tres
792 3663 1034 3718 decimas
1066 3678 1165 3733 per
1205 3662 1447 3733 singulos
1484 3661 1711 3723 vitulos,
1753 3660 1888 3714 duas
1917 3659 2010 3715 de-

390 3754 588 3809 cimas
639 3766 737 3823 per
794 3752 1064 3816 arietem,
1130 3765 1293 3804 unam
1348 3753 1615 3805 decimam
1661 3765 1761 3819 per
1810 3764 2009 3819 agnum

415 3841 608 3914 (Nam.
637 3840 815 3913 xxix).
859 3839 989 3896 Bazc
1025 3855 1157 3896 vero
1201 3840 1413 3895 decima
1462 3839 1671 3894 decima
1713 3853 1841 3908 pars
1883 3836 2010 3906 ephi

418 3942 560 4001 erat,
591 3935 736 3989 unde
765 3934 925 3988 datur
951 3933 1178 4004 intelligi
1205 3933 1349 4003 quod
1373 3932 1575 3986 Elcana
1615 3946 1725 3986 non
1754 3928 2014 3984 obtulerit

417 4033 530 4081 tres
574 4024 785 4079 modios
837 4023 1030 4079 farinae
1070 4038 1196 4079 cum
1236 4023 1412 4077 tribus
1456 4021 1661 4087 vitulis,
1694 4022 1789 4076 sed
1815 4034 2013 4076 novem

430 4116 677 4182 iecimas,
726 4116 925 4187 quibus
980 4114 1280 4171 secundum
1329 4113 1655 4169 Hebraicam
1698 4126 2012 4167 mensuram

437 4222 563 4263 inus
610 4205 845 4263 eﬁlcitur
883 4206 1031 4276 ephi.
1061 4205 1218 4272 Quod
1246 4214 1428 4257 autem
1456 4205 1637 4265 Anna,
1668 4211 1797 4255 nato
1820 4213 2011 4269 puero,

425 4302 598 4358 .ioluit
624 4301 775 4356 illum
796 4299 999 4355 dueere
1037 4299 1106 4354 ad
1132 4298 1351 4353 domum
1377 4296 1474 4351 Dei
1502 4305 1796 4364 antequam
1834 4292 2017 4347 ablac-

426 4400 666 4458 taretur,
732 4390 1003 4463 signiﬁcat
1078 4388 1378 4444 Ecclesiam
1434 4395 1666 4442 matrem
1721 4384 2020 4456 quemlibet

420 4484 669 4540 ﬁliorum.
705 4499 928 4539 suorum
971 4498 1081 4537 non
1129 4489 1256 4535 ante
1303 4480 1372 4535 ad
1411 4478 1778 4534 sacerdotium
1818 4490 2018 4547 prove-

426 4578 559 4633 her‘e
579 4591 744 4646 quam
768 4575 919 4629 illum
948 4591 979 4629 a
1007 4574 1149 4629 lacte
1174 4570 1419 4626 infantia:
1442 4582 1499 4625 et
1520 4570 1795 4641 parvitate
1823 4584 2018 4625 sensus

2082 1989 2280 2055 Israel;
2307 1988 2620 2044 dimittente
2640 1996 2771 2036 vero
2790 1977 3043 2033 vincebat
3059 1970 3279 2027 Amalec
3302 1964 3496 2038 (Exod.
3517 1958 3668 2055 vu).i

2084 2085 2222 2154 Quia
2252 2050 2423 2139 donec
2445 2077 2682 2133 famulus
2708 2072 2809 2128 Dei
2832 2071 3007 2127 elevat
3044 2076 3200 2122 actus
3239 2076 3365 2117 suos
3396 2057 3467 2112 ad
3493 2050 3676 2109 Domi-

2084 2194 2236 2245 num,
2252 2176 2423 2232 vincit
2439 2174 2593 2244 plebs
2610 2169 2725 2235 Dei;
2743 2181 2869 2223 cum
2883 2170 3067 2219 autem
3081 2157 3347 2215 dimiserit
3360 2160 3514 2205 actus
3526 2158 3674 2243 suos,

2086 2270 2255 2325 vincit
2299 2265 2542 2330 Amalec,
2566 2259 2820 2316 inimicus
2852 2255 2950 2311 Dei
2982 2271 2994 2307 :
3034 2271 3053 2304 ι
3080 2244 3407 2305 Exsultavit,
3443 2259 3462 2291 ι
3491 2232 3681 2330 inquit

2088 2361 2265 2425 Anna,
2302 2378 2321 2409 ι
2346 2373 2441 2412 cor
2462 2369 2663 2417 meum,
2688 2371 2705 2402 )
2748 2356 2804 2403 et
2833 2340 3145 2401 necessarie
3179 2333 3406 2397 addidit,
3440 2347 3459 2380 ‹
3490 2327 3544 2381 in
3574 2324 3682 2379 Do-

2091 2452 2260 2517 mino,
2294 2470 2311 2501 )
2347 2457 2407 2503 ut
2441 2444 2644 2500 Paulus
2671 2441 2848 2496 dixit:
2880 2455 2898 2487 ι
2927 2430 3172 2489 Gaudete
3199 2427 3255 2481 in
3278 2420 3507 2478 Domino
3541 2428 3684 2471 sem-

2091 2562 2211 2619 per,
2296 2542 2425 2613 quia
2460 2546 2642 2611 potest
2667 2535 2790 2604 quis
2820 2529 3056 2603 gaudere
3093 2524 3150 2578 in
3179 2515 3507 2576 carnalibus.
3548 2508 3684 2619 Cum

2092 2599 2210 2619 r'*-
2314 2599 2333 2613 .
2461 2599 2481 2611 .
2684 2599 2702 2604 _
2826 2599 2845 2603 _

2092 2660 2181 2700 me
2222 2641 2471 2697 homines
2510 2634 2755 2695 laudant,
2807 2642 2914 2682 non
2957 2625 3011 2678 iu
3048 2616 3281 2675 Domino
3328 2606 3554 2684 gaudeo,
3592 2599 3687 2657 sed

2094 2734 2304 2808 gaudeo
2338 2732 2395 2785 in
2422 2726 2694 2783 vanitate.
2749 2719 2887 2774 Hinc
2938 2723 3275 2783 compungar
3307 2710 3531 2804 pr0pter
3569 2707 3690 2808 vter-

2094 2789 2226 2885 bum
2256 2824 2374 2891 Dei,
2413 2836 2538 2877 cum
2577 2815 2709 2872 dicit
2735 2828 2750 2868 :
2784 2834 2802 2865 ι
2834 2805 3145 2867 Exsultavit
3172 2817 3269 2858 cor
3297 2810 3478 2854 meum
3503 2793 3557 2847 in
3584 2789 3690 2843 Do-

2097 2921 2268 2977 mino.
2295 2937 2312 2969 ι
2356 2880 2517 2970 Dicat
2545 2926 2675 2981 ergo
2729 2903 2970 2962 Ecclesia
3020 2896 3256 2960 Christi,
3302 2889 3496 2946 civitas
3544 2880 3693 2981 regis

2099 2970 2318 3083 magni,
2363 3005 2538 3079 gratia
2585 2970 2776 3072 plena,
2824 2994 2977 3067 prole
3019 2988 3284 3083 fecunda,
3328 2981 3496 3083 dicat,
3548 2970 3694 3044 quod

2102 3068 2251 3159 tanto
2286 3068 2413 3155 ante
2437 3097 2503 3152 de
2541 3068 2605 3150 se
2639 3090 3020 3163 prophetatum
3046 3096 3144 3152 per
3170 3094 3233 3133 os
3258 3073 3419 3141 hujus
3446 3068 3551 3139 piat
3579 3078 3696 3119 ma-

2103 3199 2205 3254 tris
2229 3192 2479 3267 agnoscit
2507 3210 2520 3244 :
2559 3209 2577 3240 ‹
2606 3183 2914 3243 Exsultavit
2941 3195 3035 3235 cor
3056 3189 3235 3232 meum
3258 3172 3314 3225 in
3345 3164 3600 3267 Domino,
3641 3165 3699 3213 et

3142 3266 3255 3321 Deo
3308 3273 3448 3316 meo.
3484 3276 3503 3308 ι
3556 3252 3700 3307 Vere

2108 3377 2404 3437 exsultavit
2431 3389 2549 3438 cor,
2583 3371 2709 3441 quia
2757 3368 2811 3421 in
2856 3363 3127 3425 Domino;
3169 3364 3225 3411 et
3246 3366 3377 3409 vere
3403 3347 3701 3405 exaltatum

2109 3490 2301 3538 cornu,
2332 3469 2459 3541 quia
2482 3483 2593 3523 non
2617 3480 2684 3519 ex
2711 3478 2787 3525 se,
2820 3461 2917 3515 sed
2952 3459 3008 3512 in
3037 3453 3267 3509 Domino
3295 3450 3407 3503 Deo
3432 3459 3530 3501 suo
3553 3437 3702 3497 exal-

2110 3576 2284 3625 tatum
2304 3572 2409 3620 est.
2438 3563 2505 3617 Et
2532 3561 2589 3615 in
2614 3558 2720 3613 alio
2752 3555 2873 3609 loco
2903 3550 3034 3607 dicit
3060 3567 3071 3603 :
3112 3566 3129 3597 ι
3159 3542 3557 3600 Exaltabuntur
3584 3547 3705 3625 cor:

2111 3620 2399 3727 nuajusti
2451 3650 2624 3725 (Psal.
2670 3644 2881 3715 Lxxtv),
2913 3662 2930 3691 ι
2975 3638 3102 3710 quia
3156 3635 3223 3691 de
3274 3630 3475 3727 crucis.
3501 3620 3703 3725 Christi

2113 3715 2359 3817 apicibus
2388 3715 2552 3811 justis
2588 3734 2946 3793 conferuntur
2977 3729 3093 3782 haec
3128 3736 3347 3779 cornua.
3372 3718 3431 3773 In
3461 3715 3549 3771 his
3576 3726 3704 3767 ven-

2115 3813 2398 3895 tilabimus
2427 3843 2592 3903 atque
2630 3830 2975 3885 destruemus
3006 3815 3352 3875 adversarias
3374 3813 3703 3882 potestates,

2116 3929 2315 3984 animm
2341 3933 2543 3981 nostrae
2574 3920 2917 3976 insidiantes.
2957 3935 2974 3965 ‹
2999 3912 3294 3968 Dilatatum
3321 3912 3405 3959 est
3436 3918 3500 3957 os
3524 3910 3707 3953 meum

2118 4035 2284 4091 super
2319 4018 2572 4074 inimicos
2606 4028 2782 4077 meos,
2814 4029 2831 4061 ι
2876 4008 3001 4078 quia
3031 4013 3087 4059 et
3115 4003 3170 4056 in
3197 3995 3462 4066 angustiis
3492 4003 3709 4061 pressu-

2119 4129 2310 4168 rarum
2363 4124 2544 4166 sermo
2578 4107 2676 4161 Dei
2718 4118 2828 4155 non
2854 4110 2935 4152 est
2966 4095 3236 4163 alligatus,
3274 4101 3374 4141 nec
3412 4084 3467 4137 in
3505 4093 3708 4150 praeco-

2118 4202 2282 4257 nibus
2313 4197 2585 4267 alligatus.
2629 4213 2647 4244 ι
2677 4191 2817 4259 Quia
2846 4188 3028 4243 laetata
3059 4196 3180 4238 sum
3209 4180 3264 4233 in
3293 4172 3515 4232 salutari
3543 4180 3653 4226 tuo.
3684 4186 3705 4219 ι

2121 4288 2392 4347 Salutaris
2411 4263 2541 4341 viste
2582 4283 2845 4339 Dominus
2890 4286 2976 4333 est
3016 4274 3173 4329 Jesus
3217 4263 3498 4330 Christus,
3549 4274 3712 4332 quem

2124 4381 2368 4445 Simeon,
2430 4378 2573 4433 sicut
2621 4376 2677 4431 in
2724 4369 3017 4441 Evangelio
3066 4365 3284 4436 legitur,
3314 4374 3481 4415 senex
3509 4352 3712 4424 ample-

2124 4483 2280 4532 ctens
2299 4486 2557 4542 parvum,
2586 4479 2888 4539 agnoscens
2908 4473 3166 4528 magnum
3193 4474 3205 4508 :
3238 4474 3255 4506 ‹
3284 4452 3438 4507 Nunc
3466 4446 3712 4511 dimittis,

2126 4568 2327 4638 inquit,
2359 4564 2611 4626 Domine,
2644 4572 2863 4614 servum
2892 4566 3044 4610 tuum
3078 4553 3132 4607 in
3172 4562 3326 4620 pace,
3361 4542 3616 4615 quoniam
3643 4539 3718 4592 vi-

424 4672 714 4727 educatum
776 4667 1019 4723 eﬁ‘ecerit
1075 4680 1331 4736 capacem
1389 4632 1651 4734 spiritalis
1711 4664 1976 4719 doctrina:
2003 4680 2015 4717 :
2046 4634 2101 4697 D
2129 4632 2329 4717 derunt
2364 4656 2507 4714 oculi
2536 4653 2645 4710 mei
2675 4650 2911 4707 salutare
2948 4655 3100 4700 tuum
3131 4640 3283 4713 (Luc.
3315 4637 3399 4707 ιι).
3430 4655 3448 4686 ι
3491 4632 3550 4688 Si
3576 4632 3721 4685 laeta-

433 4783 452 4814 ‹
481 4761 671 4819 Omnis
721 4761 888 4824 enim,
939 4759 1017 4812 ait
1048 4757 1367 4828 Apostolus,
1415 4756 1508 4827 qui
1539 4755 1696 4815 lactis
1736 4764 1821 4810 est
1847 4754 2021 4825 parti-

430 4868 577 4924 ceps,
628 4866 825 4923 expers
869 4857 954 4907 est
1005 4863 1319 4904 sermonum
1366 4847 1593 4917 iustitiae
1645 4845 1835 4919 (Hebr.
1886 4846 1964 4914 v).
1999 4863 2018 4896 ι

430 4944 603 5002 Olfert
628 4960 753 5000 eum
782 4944 839 4998 in
873 4941 1055 4996 vitulis
1092 4940 1284 5005 tribus;
1318 4948 1373 4995 et
1408 4940 1583 4994 tribus
1613 4938 1811 4993 modiis
1834 4937 2026 4991 farinae

432 5036 547 5090 sive
596 5034 778 5089 modio
823 5031 1038 5096 farinae,
1090 5040 1148 5086 et
1199 5030 1462 5100 amphora
1512 5030 1643 5096 vini,
1696 5029 1800 5084 hoc
1837 5036 1941 5095 est,
1975 5028 2033 5083 in

434 5125 708 5181 sacriﬁcio
743 5124 849 5194 piae
894 5121 1276 5188 confessionis,
1321 5123 1375 5178 in
1416 5123 1679 5178 exercitio
1717 5121 1873 5177 bonae
1899 5135 2031 5192 ope-

437 5215 687 5279 rationis,
734 5222 790 5268 et
817 5213 992 5284 gratia
1020 5229 1191 5268 sacrae
1216 5213 1560 5279 eruditionis,
1604 5223 1659 5267 et
1702 5213 1805 5268 ﬁde
1833 5220 2036 5268 sanctae

443 5305 729 5362 Trinitatis
750 5305 986 5375 pleniter
1010 5304 1359 5372 instructum,
1382 5306 1477 5375 qui
1500 5306 1675 5375 possit
1698 5305 1880 5360 dicere
1910 5318 2037 5359 cum

440 5397 709 5469 propheta
750 5413 763 5449 :
812 5413 831 5446 ι
857 5394 1168 5451 Reddemus
1223 5394 1455 5451 Domino
1507 5394 1708 5450 vitulos
1767 5395 2038 5449 labiorum

442 5496 756 5545 nostrorum
792 5485 938 5557 (Ore.
968 5494 1104 5559 XIV),
1137 5506 1155 5537 ι
1195 5494 1249 5542 et
1285 5487 1486 5558 jugiter
1512 5486 1567 5540 in
1608 5486 1768 5542 domo
1794 5486 1891 5541 Dei
1916 5501 2041 5556 per-

444 5602 674 5645 manens
698 5582 892 5641 oﬁ'erat
925 5584 1085 5656 digne
1114 5590 1519 5640 sacramentum
1559 5582 1808 5653 corporis
1832 5590 1888 5637 et
1911 5597 2035 5638 san-

452 5680 635 5757 guinis
660 5678 895 5738 Domini.

2133 4763 2221 4812 tus
2245 4754 2400 4809 fuero
2431 4752 2488 4805 in
2520 4745 2746 4803 salutari
2791 4740 3027 4804 Domini,
3074 4746 3204 4791 tunc
3241 4731 3525 4787 dilatatum
3548 4732 3632 4779 est
3657 4737 3721 4777 os

2132 4862 2335 4902 meum.
2362 4843 2470 4898 Per
2495 4835 2906 4894 meditationem
2934 4830 3125 4897 utique
3170 4820 3323 4879 verbi
3370 4817 3468 4873 Dei
3507 4814 3577 4869 ad
3615 4812 3723 4867 cle-

2131 4938 2406 4994 vationem
2446 4931 2628 4987 cordis
2677 4926 2976 4984 veniemus.
3020 4918 3174 4976 Unde
3214 4909 3507 4985 Apostolus
3550 4904 3718 4961 dicit:

2140 5051 2158 5084 ι
2188 5030 2262 5087 Os
2289 5035 2535 5084 nostrum
2566 5024 2634 5078 ad
2661 5037 2758 5077 vos
2785 5025 2953 5091 patet,
2986 5030 3021 5070 ο
3047 5008 3338 5073 Corinthii,
3362 5020 3458 5061 cor
3478 5008 3725 5058 nostrum

2135 5120 2427 5176 dilatatum
2455 5123 2540 5171 est
2563 5112 2647 5186 (II
2676 5109 2800 5166 Cor.
2830 5106 2931 5180 vi).
2962 5126 2982 5159 ι
3014 5104 3097 5160 Ex
3126 5097 3414 5156 latitudine
3434 5093 3580 5150 enim
3599 5102 3726 5145 cor-

2137 5212 2225 5268 dis
2250 5210 2337 5267 ori
2366 5206 2637 5278 sapientia
2677 5202 3045 5259 ministratur.
3092 5216 3111 5247 ι
3141 5193 3260 5249 Non
3288 5199 3373 5247 est
3395 5192 3637 5248 sanctus,
3667 5186 3730 5278 ut

2140 5311 2224 5360 est
2253 5270 2536 5357 Dominus.
2570 5317 2588 5349 ι
2624 5293 2981 5351 Distinctione
3008 5290 3201 5345 utitur.
3228 5284 3347 5340 Non
3382 5279 3541 5342 dixit,
3575 5294 3593 5327 ι
3623 5270 3728 5328 nisi

2141 5393 2447 5456 Dominus,
2483 5409 2501 5442 ›
2568 5387 2705 5454 sed,
2781 5404 2799 5437 ι
2835 5382 3027 5438 Nullus
3088 5387 3173 5436 est
3230 5376 3371 5431 sicut
3435 5367 3728 5429 Dominus,

2144 5495 2370 5546 sanctus
2410 5495 2468 5541 et
2508 5480 2877 5545 sanctiﬁcans,
2917 5476 3102 5547 justus
3145 5479 3200 5527 et
3231 5463 3562 5536 justiﬁcans.
3593 5456 3735 5512 «Ne-

2120 5596 2253 5653 .que
2293 5580 2439 5635 enim
2466 5584 2551 5632 est
2588 5574 2726 5629 alius
2761 5578 2918 5626 extra
2955 5577 3034 5631 te,
3060 5572 3118 5619 et
3143 5574 3254 5616 non
3293 5552 3560 5613 estfortis
3595 5550 3738 5606 sicut

2149 5649 2293 5729 Deus
2336 5678 2543 5725 noster.
2580 5687 2598 5717 ›
2646 5664 2763 5719 Non
2801 5671 2909 5727 est,
2948 5656 3145 5728 inquit,
3181 5659 3403 5709 sanctus
3429 5652 3630 5719 praeter
3659 5649 3734 5706 te,

2153 5760 2405 5826 Domine,
2429 5759 2558 5830 quia
2579 5772 2739 5811 nemo
2762 5754 2843 5817 ﬁt,
2869 5749 2972 5807 nisi
2989 5748 3087 5804 abs
3111 5754 3185 5801 te.
3215 5744 3311 5799 «Et
3332 5741 3378 5798 si
3400 5743 3526 5796 sunt
3540 5731 3738 5830 quidi-

2156 5860 2355 5909 cuntur
2482 5847 2637 5904 multi
2658 5846 2707 5918 (I
2736 5845 2858 5899 Cor.
2878 5838 2998 5912 vui)
3018 5858 3037 5891 ι
3056 5848 3110 5892 et
3137 5834 3340 5893 domini
3360 5828 3537 5895 multi,
3559 5823 3742 5882 nullus
