4074 6466
436 458 503 516 t7
1244 428 1595 520 COMMENT.
1633 463 1703 519 lN
1738 446 1985 519 LIBROS
2022 440 2105 516 ni"
2133 460 2392 518 necum.
2429 494 2499 504 -
2535 464 2603 519 ιΝ
2640 467 2770 521 LIB.
2805 466 2844 521 ι.
3614 466 3681 521 ιε

429 583 614 634 tamen
656 577 976 635 naturaliter
1008 579 1166 634 estid
1196 580 1338 649 quod
1378 579 1522 635 Deus
1566 590 1670 647 est,
1717 580 1845 649 quia
1890 581 2006 650 ipse
2032 550 2309 642 ΔᾸῖιιειυιῐι
2359 579 2471 634 sit:
2508 599 2526 630 1
2567 578 2738 634 donec
2785 578 3004 644 sterilis,
3036 578 3130 642 ait,
3163 576 3372 648 peperit
3397 575 3679 645 plurimos,

430 668 578 724 solus
609 678 693 725 est
732 671 823 740 qui
866 670 1003 725 dixit
1033 671 1100 725 ad
1137 670 1351 740 Moysen
1383 686 1599 725 servum
1628 686 1818 724 suum:
1855 690 1873 722 1
1894 670 2007 741 Ego

428 776 548 816 sum
577 762 671 831 qui
694 777 811 816 sum
839 760 1037 834 (Exod.
1057 766 1162 834 ιιι).
1185 782 1205 814 ι
1243 761 1377 817 Nam
1409 764 1604 818 umbra
1632 763 1699 818 ad
1720 778 2004 833 compara-

427 849 630 906 tionem
647 852 894 921 corporis
913 867 1021 909 non
1041 861 1146 918 est,
1167 861 1224 907 et
1247 850 1429 909 fumus
1454 853 1523 908 ad
1544 853 2005 924 comparationem

426 942 566 1012 ignis
594 959 700 998 non
731 951 836 998 est.

499 1050 519 1083 1
556 1031 732 1087 Nolite
752 1032 1111 1104 multiplicare
1142 1034 1289 1106 loqui
1310 1036 1582 1102 sublimia,
1625 1036 1939 1106 gloriantes,
1977 1058 1997 1091 ι

422 1131 525 1177 ειε.
579 1122 648 1177 Ει
698 1122 953 1181 Salomon
996 1125 1169 1181 dicit:
1217 1146 1235 1179 1
1275 1127 1481 1183 Altiora
1515 1137 1567 1184 te
1615 1145 1683 1185 ne
1723 1131 2004 1199 quaesieris

422 1211 589 1285 (Eccl.
617 1214 723 1287 ιιι).
783 1236 802 1267 ι
846 1216 913 1270 Ει
951 1216 1075 1272 alibi
1119 1236 1131 1271 :
1170 1236 1189 1269 1
1226 1218 1485 1275 Dominus
1514 1220 1570 1274 in
1622 1221 1763 1276 coelo
1786 1262 1802 1287 ,
1838 1233 1894 1278 et
1945 1229 2002 1277 tu

419 1322 581 1377 super
593 1316 790 1363 terram
810 1326 825 1375 ;
843 1309 963 1365 ideo
975 1312 1085 1365 sint
1104 1313 1263 1382 pauci
1278 1328 1555 1370 sermones
1569 1317 1648 1370 tui
1675 1315 1844 1387 (Eccl.
1863 1315 1937 1388 v).
1975 1336 1995 1369 ι

491 1416 509 1447 1
546 1397 822 1453 Recedant
868 1408 1051 1456 vetera
1091 1403 1157 1457 de
1184 1418 1279 1458 ore
1313 1413 1515 1460 vestro.
1552 1426 1570 1459 ι
1611 1405 1726 1462 Ηοε
1752 1414 1857 1471 εει,
1882 1407 2001 1461 ina-

412 1486 713 1557 niloquium
765 1505 873 1545 non
905 1499 1063 1546 exeat
1089 1493 1155 1547 de
1182 1508 1279 1549 ore
1306 1504 1509 1550 vestro.
1545 1514 1564 1546 1
1603 1495 1791 1553 Omnis
1819 1512 1999 1554 sermo

412 1577 607 1644 malus,
640 1579 770 1634 dicit
798 1580 1108 1651 Apostolus,
1142 1600 1212 1640 ex
1240 1599 1335 1641 ore
1381 1594 1564 1643 vestro
1606 1603 1714 1644 non
1739 1590 1999 1660 procedat

412 1666 627 1737 (Ep/tes.
646 1670 758 1741 ιν).
798 1691 816 1722 ι

482 1776 501 1807 1
559 1759 695 1825 Quia
738 1761 883 1818 Deus
923 1765 1275 1822 scientiarum
1325 1768 1585 1826 Dominus
1630 1780 1736 1839 est,
1790 1780 1846 1827 et
1892 1772 1996 1843 ipsi

404 1862 779 1920 praeparantur
829 1857 1206 1927 cogitationes.
1248 1880 1266 1911 ι
1300 1861 1421 1931 Ipse
1467 1879 1564 1918 vos
1611 1864 1732 1929 scit,
1791 1873 1846 1921 et
1899 1865 1991 1921 ubi

2108 678 2164 724 et
2196 685 2317 738 quae
2360 668 2558 724 multos
2592 669 2827 723 habebat
2874 667 3032 734 ﬁlios,
3074 665 3343 722 inﬁrmata
3385 674 3487 721 est.
3524 685 3543 716 ι
3575 662 3685 737 (Ea:

2110 759 2379 832 Hebrczo.)
2406 760 2463 815 in
2502 759 2730 815 Hebraeo
2760 767 2814 814 ει
2838 759 2894 813 in
2943 757 3295 829 Septuaginta
3332 748 3685 812 translatione

2105 870 2213 909 non
2261 875 2278 905 1
2326 854 2564 924 plurimi,
2616 873 2634 904 ι
2680 854 2772 910 sed
2816 871 2835 903 1
2879 862 3083 921 septem
3130 870 3148 901 ι
3188 852 3459 921 leguntur.
3510 847 3685 903 Judaei

2104 945 2251 999 hunc
2272 944 2449 1000 locum
2465 946 2539 999 ita
2564 944 2869 1015 intelligunt
2893 944 3058 1013 quod,
3081 950 3210 997 nato
3239 941 3506 1005 Samuele,
3539 955 3685 994 mor-

2104 1046 2228 1094 tuus
2257 1038 2327 1092 sit
2374 1037 2515 1093 ﬁlius
2552 1037 2943 1108 primogenitus
2989 1035 3314 1100 Phenennaz,
3365 1043 3420 1090 et
3459 1031 3686 1104 singulis

2101 1126 2272 1182 Annae
2324 1128 2449 1183 ﬁliis
2493 1128 2843 1183 nascentibus
2887 1125 3084 1197 singuli
3134 1124 3442 1179 Phenenna:
3483 1122 3686 1178 mortui

2102 1220 2211 1275 sint
2262 1219 2377 1274 ﬁlii.
2431 1218 2539 1275 Sed
2586 1219 2936 1289 quaerendum
2967 1226 3050 1273 est
3092 1214 3363 1286 quomodo
3402 1214 3507 1268 hoc
3538 1221 3686 1267 stare

2100 1312 2289 1381 possit,
2317 1328 2441 1367 cum
2462 1313 2757 1369 Phenenna
2788 1323 3017 1384 septem,
3042 1312 3199 1367 Anna
3221 1317 3402 1365 autem
3430 1324 3538 1363 non
3566 1308 3686 1376 plus

2100 1417 2263 1471 quam
2322 1404 2559 1474 quinque
2610 1404 2750 1460 ﬁlios
2796 1403 3063 1459 habuerit.
3107 1401 3277 1469 Quam
3329 1399 3686 1469 quaestionem

2099 1492 2309 1548 Hebraei
2339 1495 2629 1563 solventes,
2658 1498 2794 1553 duos
2821 1496 2960 1550 ﬁlios
2988 1494 3254 1567 Samuelis
3273 1508 3394 1547 cum
3420 1490 3546 1545 ﬁliis
3574 1489 3687 1542 An-

2098 1599 2181 1639 nze
2234 1596 2614 1641 annumerant.
2677 1606 2696 1637 1
2761 1587 2896 1654 Quia
2951 1585 3173 1651 sterilis,
3228 1584 3423 1653 inquit,
3474 1580 3690 1650 peperit

2097 1686 2323 1747 septem,
2369 1688 2424 1734 et
2448 1678 2618 1733 multa
2645 1679 2700 1733 in
2741 1679 2868 1733 ﬁliis
2907 1677 3178 1732 inﬁrmata
3219 1682 3320 1729 est.
3367 1693 3385 1725 ι
3423 1670 3531 1744 (Ex
3577 1672 3689 1723 Au-

2094 1769 2348 1841 gustino.)
2383 1770 2483 1824 llic
2507 1777 2675 1824 totum
2697 1770 2841 1839 quod
2869 1768 3292 1838 prophetabatur
3319 1763 3487 1818 eluxit
3520 1775 3688 1831 agno-

2095 1862 2368 1916 scentibus
2426 1876 2715 1915 numerum
2751 1861 3134 1931 septenarium.
3172 1859 3398 1927 Propter
3438 1854 3581 1925 quod
3631 1860 3689 1907 et

404 1953 564 1994 nemo
596 1942 718 1997 scit.
761 1964 779 1995 1
827 1943 1059 2016 Spiritus
1093 1950 1236 2003 enim
1267 1928 1449 2006 omnia
1479 1928 1776 2021 scrutatur,
1825 1957 1990 2012 etiam
2018 1928 2069 1988 Β
2095 1948 2618 2021 Joannesapostolus
2637 1952 2703 2005 ad
2720 1928 3683 2020 septemscribitEcclesias(Apoc.I),

401 2032 669 2101 profunda
701 2036 794 2090 Dei
828 2058 846 2089 ι
881 2038 935 2109 (Ι
958 2037 1081 2095 Cor.
1112 2041 1198 2113 ιι).
1234 2063 1252 2094 1
1292 2043 1446 2100 Unde
1481 2048 1571 2115 qui
1596 2056 1753 2117 putat
1787 2063 1845 2103 se
1894 2048 1993 2103 ali-

401 2127 529 2194 quid
567 2143 687 2183 esse
714 2145 837 2185 cum
863 2131 996 2186 nihil
1029 2134 1123 2200 sit,
1149 2136 1382 2205 seipsum
1415 2139 1621 2193 seducit
1657 2137 1801 2205 (Gal.
1833 2139 1930 2211 γι).
1966 2160 1985 2193 ι

399 2216 522 2273 Ηῑεε
546 2219 799 2276 dicuntur
826 2225 1152 2282 adversariis
1177 2229 1413 2284 civitatis
1437 2230 1531 2285 Dei
1556 2233 1623 2286 ad
1641 2232 1991 2304 Babyloniam

395 2310 815 2379 pertinentibus,
850 2315 917 2371 de
949 2333 1047 2372 sua
1078 2319 1278 2375 virtute
1299 2324 1778 2391 praesumentibus,
1816 2326 1869 2379 in
1908 2341 1986 2392 se,

395 2414 501 2455 non
530 2402 585 2456 in
633 2402 863 2460 Domino
886 2406 1260 2478 gloriantibus.
1296 2411 1375 2466 Ex
1422 2413 1619 2482 quibus
1651 2423 1779 2470 sunt
1822 2417 1989 2472 etiam

395 2492 647 2549 carnales
682 2495 934 2552 Israelita:
964 2506 1194 2556 terrenae
1230 2502 1554 2572 Jerusalem,
1586 2507 1732 2561 cives
1761 2510 1989 2578 terrige-

393 2598 497 2647 ηδε,
519 2602 537 2635 1
566 2587 657 2654 qui
684 2607 730 2654 ι,
753 2596 813 2642 ιιι
839 2588 972 2644 dicit
992 2591 1303 2662 Apostolus,
1325 2615 1343 2646 1
1372 2597 1682 2668 ignorantes
1709 2598 1805 2654 Dei
1825 2598 1989 2667 justi-

395 2677 547 2743 tiam,
587 2698 605 2729 ›
636 2680 690 2734 id
717 2689 818 2748 est,
849 2698 1011 2752 quam
1043 2686 1135 2741 dat
1155 2688 1362 2743 homini
1402 2691 1568 2757 Deus,
1597 2693 1689 2761 qui
1722 2693 1868 2749 solus
1903 2703 1988 2750 est

385 2762 565 2832 justus
607 2778 770 2840 atque
803 2771 1130 2843 justiﬁcans,
1166 2798 1183 2830 1
1221 2789 1277 2834 et
1311 2798 1466 2836 suam
1501 2783 1744 2841 volentes
1784 2789 1986 2843 consti-

391 2865 564 2927 tuere,
601 2880 619 2913 ι
651 2862 706 2917 id
734 2874 838 2933 est,
869 2867 1017 2923 velut
1054 2885 1084 2924 a
1125 2886 1182 2926 se
1222 2872 1323 2927 sibi
1353 2882 1622 2944 paratam,
1655 2893 1761 2932 non
1794 2880 1863 2933 ab
1893 2880 1985 2936 illo

391 2946 739 3043 impertitam,
781 2975 800 3008 1
841 2955 1070 3026 justitiae
1103 2961 1200 3018 Dei
1237 2980 1344 3020 non
1391 2977 1517 3021 sunt
1541 2970 1769 3040 subjecti
1801 2970 1979 3043 (Rom.

388 3041 469 3111 x),
525 3064 543 3094 ι
592 3047 777 3117 utique
814 3051 942 3120 quia
973 3055 1190 3122 superbi
1233 3056 1301 3112 de
1341 3073 1439 3113 suo
1472 3069 1750 3128 putantes,
1780 3041 1889 3119 non
1912 3065 1979 3120 de

389 3131 484 3186 Dei
528 3149 688 3203 posse
735 3138 971 3207 placere.
1024 3143 1131 3197 Sed
1163 3146 1257 3214 qui
1307 3156 1391 3202 est
1420 3148 1563 3204 Deus
1604 3151 1977 3221 scientiarum,

388 3220 502 3293 ipse
540 3246 558 3277 1
601 3228 748 3283 videt
789 3233 1146 3304 cogitationes
1195 3237 1475 3294 hominum
1518 3244 1778 3311 quoniam
1829 3259 1982 3300 vana:

386 3324 513 3405 sunt
558 3316 731 3388 (Psal.
762 3324 939 3394 xcm).
975 3346 992 3375 ι
1034 3326 1184 3382 Unde
1211 3343 1363 3384 vanae
1391 3340 1536 3397 sunt,
1570 3333 1673 3387 nisi
1700 3336 1827 3404 quia
1854 3351 1983 3405 pro-

384 3403 518 3495 pria:
545 3405 830 3464 hominum
867 3419 1014 3477 sunt,
1062 3421 1118 3468 et
1154 3416 1222 3470 ab
1243 3415 1335 3473 illo
1366 3434 1473 3474 non
1500 3428 1625 3475 sunt
1667 3439 1699 3478 a
1718 3403 1834 3494 quo
1854 3403 1981 3495 _ipsi

382 3489 634 3549 homines
660 3499 820 3552 sunt?

461 3600 480 3633 1
513 3582 689 3640 Arcus
719 3585 943 3644 fortium
978 3601 1263 3662 superatus
1294 3606 1378 3652 est
1424 3606 1479 3653 et
1513 3599 1717 3656 inﬁrmi
1745 3602 1979 3658 accincti

388 3697 408 3729 1
445 3688 571 3734 sunt
612 3682 827 3739 robore.
857 3704 877 3737 ι
908 3686 1220 3745 lnﬁrmatus
1242 3699 1326 3747 est
1360 3708 1540 3761 arcus,
1574 3696 1630 3750 id
1668 3705 1773 3763 est,
1802 3698 1981 3754 inten-

382 3770 460 3825 tio
507 3787 695 3827 eorum
748 3776 841 3844 qui
873 3784 982 3832 tam
1034 3790 1284 3851 potentes
1314 3784 1417 3839 sibi
1464 3785 1718 3841 videntur
1745 3803 1885 3855 esse,
1920 3796 1979 3845 ut

384 3863 501 3918 sine
530 3863 627 3919 Dei
653 3866 795 3922 dono
841 3876 1005 3940 atque
1033 3873 1323 3944 adjutorio,
1351 3876 1589 3933 humana
1628 3879 1974 3947 sufﬁcientia,

384 3950 565 4006 divina
599 3957 810 4022 possint
841 3958 1066 4030 implere
1100 3965 1376 4019 mandata.
1418 3986 1437 4017 1
1459 3966 1529 4021 Et
1562 3967 1763 4023 inﬁrmi
1794 3969 1979 4025 accin-

390 4061 408 4093 1
438 4043 509 4098 cti
533 4053 661 4099 sunt
702 4049 915 4102 robore.
955 4071 973 4100 ι
1011 4051 1113 4118 Qui
1143 4063 1351 4110 tantum
1391 4056 1448 4111 in
1480 4056 1576 4112 Dei
1607 4060 1812 4129 pietate
1844 4075 1977 4115 con-

384 4135 575 4202 fidunt,
629 4147 684 4193 et
738 4140 806 4194 ab
859 4140 950 4197 illo
991 4142 1182 4196 solatia
1224 4157 1493 4213 quaerunt,
1549 4151 1796 4206 dicentes
1842 4134 1975 4209 cum

381 4225 651 4298 Pr0pheta
684 4249 695 4283 :
730 4251 747 4282 1
791 4230 1049 4290 Miserere
1077 4235 1204 4301 mei,
1242 4237 1488 4305 Domine,
1518 4241 1776 4309 quoniam
1822 4243 1976 4298 inﬁr-

383 4333 503 4373 mus
530 4336 646 4375 sum
672 4320 843 4392 (Psal.
871 4323 968 4396 v1).
1007 4346 1026 4376 ι
1062 4325 1312 4383 Inﬁrmus
1338 4337 1456 4383 erat
1476 4331 1705 4400 populus
1734 4333 1970 4403 gentilis,

382 4410 598 4477 quando
626 4411 836 4468 alienus
869 4430 900 4468 a
940 4424 1264 4473 testamento
1289 4421 1386 4475 Dei
1412 4420 1609 4477 fuerat.
1655 4423 1812 4480 Nunc
1840 4440 1973 4498 ergo

380 4501 704 4570 praecinctus
755 4513 839 4560 est
881 4505 1096 4573 robore,
1134 4523 1260 4563 cum
1292 4510 1514 4567 indutus
1532 4521 1615 4567 est
1639 4523 1794 4570 scuto
1820 4516 1968 4584 ﬁdei,

2095 2056 2161 2098 eo
2198 2044 2358 2098 modo
2384 2060 2443 2099 se
2472 2045 2765 2099 ostendens
2814 2045 2883 2098 ad
2923 2043 3083 2097 unius
3109 2041 3497 2113 plenitudinem
3545 2036 3684 2092 scri-

2093 2136 2242 2191 bere.
2275 2137 2342 2190 Et
2377 2139 2432 2192 in
2470 2134 2779 2192 Proverbiis
2833 2135 3142 2191 Salomonis
3169 2135 3273 2188 hoc
3302 2141 3460 2186 antea
3509 2126 3687 2199 praeﬁ-

2093 2240 2294 2295 gurans
2323 2243 2335 2278 :
2372 2244 2390 2277 1
2425 2223 2703 2295 Sapientia
2736 2224 3021 2279 aediﬁcavit
3062 2223 3165 2278 sibi
3201 2223 3441 2284 domum,
3472 2228 3528 2273 et
3573 2217 3687 2272 suf-

2093 2314 2243 2370 fulsit
2292 2316 2571 2370 columnas
2618 2326 2825 2386 septem
2876 2313 3058 2386 (Prov.
3098 2312 3197 2385 ιχ).
3239 2332 3257 2364 ι
3294 2310 3507 2366 Sterilis
3538 2310 3684 2365 enim

2091 2416 2211 2463 erat
2237 2409 2293 2464 in
2324 2411 2573 2465 omnibus
2606 2410 2856 2481 gentibus
2887 2408 2981 2461 Dei
3021 2407 3233 2471 civitas,
3263 2413 3557 2474 antequam
3583 2403 3688 2457 iste

2089 2497 2254 2563 fetus,
2286 2516 2449 2570 quem
2504 2502 2801 2565 cernimus,
2844 2499 3100 2554 oriretur.
3159 2496 3447 2553 Cernimus
3494 2495 3682 2557 etiam,

2088 2606 2209 2661 quae
2238 2591 2406 2646 multa
2454 2593 2510 2646 in
2561 2591 2708 2655 ﬁliis,
2764 2606 2911 2644 nunc
2959 2588 3291 2644 inﬁrmatam
3343 2582 3686 2639 Hierhsalem

2086 2690 2381 2747 terrenam,
2406 2683 2661 2752 quoniam
2676 2682 2985 2751 quicunque
3005 2680 3099 2733 ﬁlii
3128 2679 3312 2733 libera:
3333 2677 3389 2730 in
3417 2690 3482 2729 ea
3504 2680 3682 2740 erant,

2085 2772 2303 2827 virtutis
2333 2772 2450 2841 ejus
2501 2776 2658 2828 er’aut
2687 2789 2700 2827 :
2735 2786 2879 2827 nunc
2919 2776 3050 2826 vero
3106 2771 3361 2841 quoniam
3394 2767 3468 2822 ibi
3501 2766 3683 2821 littera

2084 2871 2192 2929 est,
2230 2872 2285 2919 ct
2330 2862 2566 2934 Spiritus
2611 2880 2717 2920 non
2765 2873 2867 2930 est,
2901 2864 3103 2919 amissa
3160 2862 3364 2917 virtute
3409 2860 3683 2916 inﬁrmata

2085 2963 2188 3012 est.

2090 3047 2103 3050 ’
2160 3068 2179 3102 1
2213 3049 2475 3107 Dominus
2509 3051 2806 3108 mortiﬁcat
2828 3058 2883 3106 et
2919 3048 3182 3104 viviﬁcat.
3224 3067 3242 3099 ι
3278 3045 3573 3103 Mortiﬁcat
3619 3043 3684 3099 il-

2081 3141 2194 3196 lam
2246 3158 2369 3213 qua:
2407 3144 2576 3198 multa
2607 3151 2728 3198 erat
2765 3144 2818 3196 in
2851 3141 2997 3208 ﬁliis,
3042 3149 3097 3195 et
3123 3139 3360 3195 viviﬁcat
3389 3139 3531 3193 hanc
3577 3144 3685 3191 ste-

2086 3230 2244 3286 rilem
2262 3247 2384 3301 quae
2403 3232 2616 3301 peperit
2635 3240 2864 3301 septem,
2887 3230 3136 3300 quamvis
3153 3225 3488 3283 commodius
3508 3225 3684 3297 possit

2008 3294 2054 3357 C
2085 3294 2317 3392 intelligi
2350 3294 2571 3377 eosdem
2624 3294 2922 3392 viviﬁcare-
2956 3335 3092 3391 quos
3138 3294 3570 3374 mortiﬁcaverit.
3622 3316 3681 3373 ld

2083 3413 2229 3467 enim
2259 3414 2410 3467 velut
2438 3415 2694 3484 repetivit
2722 3414 2970 3468 addendo
2997 3430 3011 3467 :

2159 3523 2179 3556 1
2214 3503 2445 3559 Deducit
2491 3504 2558 3558 ad
2606 3503 2827 3571 inferos,
2865 3512 2921 3559 et
2956 3504 3185 3560 reducit.
3237 3523 3256 3556 ι
3297 3502 3505 3571 Quibus
3532 3502 3681 3557 enim

2080 3594 2212 3650 dicit
2232 3594 2522 3664 Apostolus
2565 3612 2578 3647 :
2609 3614 2627 3647 1
2661 3594 2719 3650 Si
2747 3597 2948 3651 mortui
2976 3596 3108 3650 estis
3137 3610 3260 3649 cum
3288 3594 3524 3656 Christo,
3558 3607 3683 3663 quae

2081 3700 2299 3741 sursum
2352 3694 2499 3750 sunt,
2532 3686 2783 3755 quaerite,
2817 3686 2916 3741 ubi
2937 3685 3188 3740 Christus
3213 3695 3315 3748 est,
3358 3684 3412 3738 in
3453 3683 3680 3738 dextera

2080 3776 2177 3831 Dei
2208 3775 2404 3832 sedens
2461 3774 2683 3847 (Coloss.
2739 3774 2845 3845 ιιι),
2889 3794 2908 3826 ι
2946 3774 3236 3830 salubriter
3279 3774 3681 3830 mortiﬁcantur

2078 3868 2267 3937 utique
2307 3883 2339 3921 a
2387 3866 2638 3933 Domino,
2668 3867 2867 3937 quibus
2910 3867 3194 3939 adjungit:
3234 3887 3250 3918 1
3286 3866 3415 3935 Quae
3458 3881 3679 3922 sursum

2079 3968 2226 4027 sunt,
2278 3962 2470 4031 sapite,
2510 3977 2617 4015 non
2672 3976 2792 4030 quae
2846 3975 3009 4030 super
3047 3969 3251 4014 terram
3302 3959 3514 4031 (Ibid.),
3562 3979 3581 4009 ι
3615 3966 3679 4015 ιιι

2077 4051 2182 4122 ipsi
2233 4052 2342 4107 sint
2406 4052 2484 4107 illi
2546 4053 2636 4121 qui
2694 4052 2993 4108 esurientes
3060 4053 3392 4106 transierunt
3448 4060 3673 4107 terram.

2081 4161 2101 4192 1
2141 4141 2341 4196 Mortui
2379 4143 2524 4196 enim
2555 4143 2686 4197 estis
2724 4141 2936 4214 (Ibid.),
2984 4164 3001 4193 ι
3044 4143 3249 4212 inquit;
3282 4144 3541 4211 quoniam
3587 4157 3678 4197 sa-

2076 4228 2306 4285 lubriter
2331 4233 2621 4286 mortiﬁcat
2649 4233 2812 4288 Deus.
2845 4234 3047 4288 Deinde
3089 4234 3334 4303 sequitur
3362 4249 3376 4288 :
3414 4254 3432 4285 1
3467 4235 3537 4289 Et
3563 4235 3676 4291 vita

2074 4328 2254 4375 vestra
2303 4321 2620 4376 abscondita
2669 4331 2754 4376 est
2803 4338 2925 4377 cum
2972 4323 3190 4378 Christo
3220 4327 3273 4378 in
3315 4324 3444 4379 Deo.
3483 4344 3501 4375 ι
3532 4325 3676 4383 Ecce

2075 4413 2347 4480 quomodo
2376 4412 2594 4466 eosdem
2623 4413 2768 4482 ipsos
2797 4413 3036 4468 viviﬁcat
3074 4414 3233 4469 Deus.
3271 4416 3376 4470 Sed
3428 4417 3672 4486 nunquid

2074 4505 2295 4560 eosdem
2342 4505 2564 4559 deduxit
2589 4505 2655 4558 ad
2686 4503 2892 4559 inferos
2933 4513 2989 4559 et
3033 4505 3284 4559 reduxit?
3313 4507 3427 4560 Hoc
3456 4516 3670 4564 utrum-

381 4600 437 4645 et
462 4592 613 4662 galea
635 4594 845 4661 salutis,
878 4604 933 4652 et
962 4598 1140 4669 gladio
1172 4598 1407 4671 Spiritus
1432 4603 1606 4660 hostis
1628 4606 1840 4677 antiqui
1862 4607 1967 4663 tela

2085 4611 2181 4666 que
2205 4596 2323 4650 sine
2350 4595 2720 4651 controversia
2748 4594 3007 4661 ﬁdelium,
3031 4595 3088 4649 in
3113 4594 3204 4650 illo
3225 4596 3406 4667 potius
3424 4597 3672 4657 videmus

2085 4685 2355 4707 !_._l-‘-_...
2433 4685 2599 4707 ,ιη-ει-
2649 4684 2855 4707 --212Α-ι.
2905 4694 3090 4707 ..--.--
3181 4700 3295 4707 ---μ
3353 4702 3447 4707 ω---
3499 4688 3600 4707 με.-
3631 4705 3657 4707 η

380 4682 535 4753 ignea
563 4686 798 4754 proterit
827 4686 1043 4758 (Epltes.
1078 4690 1178 4760 γι).

457 4791 477 4822 1
523 4771 767 4829 Saturati
792 4776 945 4846 prius
972 4793 1071 4848 pro
1095 4794 1236 4849 pane
1265 4796 1325 4837 se
1355 4781 1706 4854 locaverunt,
1727 4796 1784 4844 et
1801 4787 1974 4846 fame-

386 4883 406 4916 1
444 4863 533 4921 lici
560 4867 786 4921 saturati
816 4877 965 4936 sunt,
997 4890 1016 4921 ›
1052 4879 1157 4927 etc.
1189 4872 1291 4941 Qui
1317 4886 1443 4931 sunt
1459 4876 1792 4951 intelligendi
1822 4901 1842 4932 1
1879 4898 1970 4938 sa-

380 4956 546 5010 turati
588 4957 839 5027 panibus,
890 4978 909 5010 »
943 4960 1050 5015 nisi
1081 4961 1244 5019 iidem
1278 4964 1381 5035 ipsi
1426 4969 1584 5036 quasi
1615 4977 1884 5039 potentes,
1914 4974 1970 5030 id

379 5054 485 5112 est,
527 5044 806 5115 Israelitae,
836 5049 1032 5120 quibus
1075 5054 1279 5108 credita
1318 5064 1445 5111 sunt
1472 5057 1686 5129 eloquia
1720 5061 1969 5119 Domini?

383 5135 490 5193 Sed
520 5140 575 5194 in
597 5155 664 5196 eo
690 5141 886 5212 populo
912 5144 1122 5199 ancillae
1164 5145 1260 5201 ﬁlii
1306 5149 1561 5205 minorati
1607 5160 1734 5208 sunt
1782 5152 1961 5225 (Rom.

380 5231 488 5304 ιιι),
512 5247 636 5289 cum
672 5250 731 5291 se
756 5236 1143 5293 subtraxerunt
1188 5253 1257 5295 ne
1300 5242 1585 5300 crederent
1633 5245 1689 5301 in
1725 5245 1970 5305 Salvato-

381 5340 497 5381 rem
530 5335 587 5383 et
620 5328 678 5383 in
704 5328 839 5398 ipsis
858 5331 1110 5400 panibus,
1141 5332 1196 5388 id
1222 5342 1324 5400 est,
1361 5336 1559 5393 divinis
1587 5338 1819 5408 eloquiis
1845 5357 1966 5411 quae

379 5415 459 5472 illi
484 5417 583 5473 soli
605 5426 734 5475 tunc
754 5435 820 5475 ex
842 5420 1091 5476 omnibus
1109 5424 1358 5493 gentibus
1382 5436 1723 5498 acceperunt,
1751 5437 1966 5487 terrena

380 5514 594 5562 tantum
641 5510 876 5580 sapiunt.
909 5509 1109 5567 Gentes
1141 5522 1344 5583 autem,
1383 5516 1578 5588 quibus
1600 5518 1687 5574 lex
1730 5518 1821 5574 illa
1855 5536 1965 5578 non

382 5611 501 5659 erat
531 5604 676 5671 data,
706 5613 1054 5676 posteaquam
1080 5621 1178 5677 per
1200 5608 1409 5663 Novum
1445 5610 1854 5668 Testamentum
1890 5615 1960 5669 ad

382 5697 596 5770 eloquia
646 5699 737 5754 illa
788 5708 1085 5767 venerunt,
1142 5701 1371 5755 multum
1425 5703 1714 5759 esuriendo
1760 5712 1963 5760 terram

384 5789 737 5857 transierunt,
774 5792 899 5861 quia
943 5792 998 5847 in
1040 5792 1121 5847 eis
1149 5806 1256 5846 non
1282 5799 1516 5859 terrena,
1572 5795 1666 5849 sed
1719 5794 1962 5851 caelestia

385 5888 695 5949 sapueruut.
754 5880 824 5937 Et
882 5882 1017 5947 hoc,
1068 5881 1215 5937 velut
1263 5891 1598 5951 quaereretur
1653 5898 1816 5940 causa
1863 5898 1963 5939 cur

2078 4685 2380 4755 impletum,
2426 4685 2603 4755 capite
2648 4684 2858 4740 scilicet
2905 4694 3115 4751 nostro,
3175 4700 3300 4740 cum
3346 4702 3454 4757 quo
3498 4688 3668 4744 vitam

2078 4785 2323 4833 nostram
2370 4777 2424 4830 in
2458 4775 2571 4831 Deo
2608 4776 2900 4847 Apostolus
2925 4777 3061 4831 dixit
3093 4777 3491 4833 absconditam.
3531 4778 3668 4834 Nam

2083 4889 2103 4923 1
2131 4871 2224 4940 qui
2243 4870 2465 4940 proprio
2485 4869 2623 4925 Filio
2638 4885 2745 4924 non
2769 4871 3031 4941 pepercit,
3061 4872 3156 4925 sed
3179 4885 3280 4940 pro
3308 4872 3465 4926 nobis
3490 4872 3668 4926 omni-

2075 4962 2177 5017 bus
2231 4960 2454 5015 tradidit
2501 4976 2623 5015 eum
2670 4959 2842 5032 (Rom.
2883 4959 3030 5033 vin),
3068 4979 3088 5012 ι
3130 4961 3238 5015 isto
3288 4962 3450 5017 modo
3480 4962 3667 5033 itaque

2076 5049 2446 5117 mortiﬁcavit,
2477 5059 2531 5106 et
2572 5051 2701 5121 quia
2739 5051 3086 5106 resuscitavit
3140 5065 3173 5105 a
3227 5052 3477 5118 mortuis,
3511 5069 3667 5110 eum-

2071 5148 2195 5205 dem
2249 5162 2439 5203 rursus
2495 5146 2810 5202 viviﬁcavit.
2859 5145 2927 5199 Et
2972 5144 3099 5215 quia
3135 5145 3191 5200 in
3237 5145 3507 5216 Propheta
3557 5163 3664 5205 vox

2069 5244 2188 5315 ejus
2213 5245 2564 5315 agnoscitur:
2602 5263 2621 5295 1
2658 5242 2775 5297 Non
2818 5238 3159 5309 derelinques
3211 5241 3451 5295 animam
3480 5256 3661 5298 meam

2069 5338 2126 5393 in
2162 5335 2377 5392 inferno
2419 5335 2591 5407 (Psal.
2623 5333 2739 5405 xv),
2784 5351 2803 5381 ι
2851 5331 3102 5387 eumdem
3137 5331 3359 5387 deduxit
3412 5335 3482 5390 ad
3524 5334 3662 5391 infe-

2070 5443 2161 5485 ros
2182 5436 2238 5484 et
2267 5426 2503 5482 reduxit.
2532 5424 2647 5480 Hac
2667 5422 2786 5493 ejus
2807 5431 3129 5494 paupertate
3157 5423 3317 5479 ditati
3339 5440 3547 5482 sumus.

2146 5538 2168 5572 1
2211 5517 2474 5573 Dominus
2522 5516 2666 5570 enim
2709 5529 2975 5585 pauperes
3004 5514 3135 5570 facit
3167 5523 3225 5571 et
3256 5516 3414 5571 ditat.
3460 5537 3479 5568 ι
3520 5516 3656 5573 Nam

2068 5610 2201 5683 quid
2249 5611 2355 5664 hoc
2409 5608 2479 5661 sit
2522 5614 2584 5661 ut
2631 5607 2867 5662 sciamus
2891 5647 2908 5673 ,
2959 5605 3104 5677 quod
3158 5606 3405 5677 sequitur
3457 5607 3656 5662 audia-

2068 5715 2191 5755 mus
2226 5716 2242 5753 2

2143 5809 2164 5842 1
2199 5788 2458 5845 Humiliat
2477 5798 2533 5846 et
2552 5790 2772 5846 exaltat.
2810 5809 2831 5841 ι
2882 5789 3080 5859 Utique
3113 5788 3376 5859 superbos
3405 5786 3654 5845 humiliat

2065 5888 2122 5938 et
2144 5877 2380 5937 humiles
2403 5881 2607 5937 exaltat
2657 5879 2812 5948 Quod
2839 5880 2985 5936 enim
3007 5878 3135 5935 alibi
3155 5878 3352 5948 legitur
3382 5894 3395 5930 :
3434 5896 3453 5929 1
3505 5876 3649 5934 Deus
