  <div class='ocr_page' id='page_1' title='image "/cluster/home/n/w/nwhite01/storage/ocr_20150623/109/hvd.32044015466857/015.png"; bbox 0 0 4074 6464; ppageno 0'>
   <div class='ocr_carea' id='block_1_1' title="bbox 396 401 3012 476">
    <p class='ocr_par' dir='ltr' id='par_1_1' title="bbox 396 401 3012 476">
     <span class='ocr_line' id='line_1_1' title="bbox 396 401 3012 476; baseline -0.008 0"><span class='ocrx_word' id='word_1_1' title='bbox 396 424 462 476; x_wconf 71' lang='grc'><strong>19</strong></span> <span class='ocrx_word' id='word_1_2' title='bbox 1080 418 1150 471; x_wconf 84' lang='grc' dir='ltr'><strong>Β.’</strong></span> <span class='ocrx_word' id='word_1_3' title='bbox 1177 415 1429 475; x_wconf 79' lang='lat' dir='ltr'><strong>RABANI</strong></span> <span class='ocrx_word' id='word_1_4' title='bbox 1469 413 1691 475; x_wconf 76' lang='lat' dir='ltr'><strong>MAURI</strong></span> <span class='ocrx_word' id='word_1_5' title='bbox 1724 407 2038 467; x_wconf 84' lang='lat' dir='ltr'><strong>ARCIllEP.</strong></span> <span class='ocrx_word' id='word_1_6' title='bbox 2082 404 2387 464; x_wconf 85' lang='lat' dir='ltr'><strong>MOGUNT.</strong></span> <span class='ocrx_word' id='word_1_7' title='bbox 2430 402 2714 465; x_wconf 75' lang='lat' dir='ltr'><strong>OPERUM</strong></span> <span class='ocrx_word' id='word_1_8' title='bbox 2754 402 2932 461; x_wconf 80' lang='lat' dir='ltr'><strong>PARS</strong></span> <span class='ocrx_word' id='word_1_9' title='bbox 2968 401 3012 457; x_wconf 90' lang='grc' dir='ltr'><strong>Ι.</strong></span> 
     </span>
    </p>
   </div>
   <div class='ocr_carea' id='block_1_2' title="bbox 3575 403 3647 461">
    <p class='ocr_par' dir='ltr' id='par_1_2' title="bbox 3575 403 3647 461">
     <span class='ocr_line' id='line_1_2' title="bbox 3575 403 3647 461; baseline 0 -2"><span class='ocrx_word' id='word_1_10' title='bbox 3575 403 3647 461; x_wconf 69' lang='grc' dir='ltr'><strong>ειο</strong></span> 
     </span>
    </p>
   </div>
   <div class='ocr_carea' id='block_1_3' title="bbox 395 513 3652 605">
    <p class='ocr_par' dir='ltr' id='par_1_3' title="bbox 395 513 3652 605">
     <span class='ocr_line' id='line_1_3' title="bbox 395 513 3652 605; baseline -0.005 -16"><span class='ocrx_word' id='word_1_11' title='bbox 395 532 641 605; x_wconf 82' lang='lat' dir='ltr'><strong>superbis</strong></span> <span class='ocrx_word' id='word_1_12' title='bbox 688 532 914 599; x_wconf 77' lang='lat' dir='ltr'><strong>resistit,</strong></span> <span class='ocrx_word' id='word_1_13' title='bbox 944 528 1234 595; x_wconf 86' lang='lat' dir='ltr'><strong>humilibus</strong></span> <span class='ocrx_word' id='word_1_14' title='bbox 1286 534 1467 581; x_wconf 88' lang='lat' dir='ltr'><strong>autem</strong></span> <span class='ocrx_word' id='word_1_15' title='bbox 1513 528 1605 581; x_wconf 91' lang='lat' dir='ltr'><strong>dat</strong></span> <span class='ocrx_word' id='word_1_16' title='bbox 1645 524 1874 597; x_wconf 75' lang='lat' dir='ltr'><strong>gratiam</strong></span> <span class='ocrx_word' id='word_1_17' title='bbox 1920 519 1971 592; x_wconf 90' lang='grc' dir='ltr'><strong>(ι</strong></span> <span class='ocrx_word' id='word_1_18' title='bbox 2002 520 2054 580; x_wconf 83' lang='grc' dir='ltr'><strong>Α</strong></span> <span class='ocrx_word' id='word_1_19' title='bbox 2084 536 2101 568; x_wconf 78' lang='grc' dir='ltr'>ι</span> <span class='ocrx_word' id='word_1_20' title='bbox 2132 532 2281 575; x_wconf 84' lang='lat' dir='ltr'><strong>mum</strong></span> <span class='ocrx_word' id='word_1_21' title='bbox 2325 525 2506 584; x_wconf 67' lang='lat' dir='ltr'><strong>terrae,</strong></span> <span class='ocrx_word' id='word_1_22' title='bbox 2536 517 2667 589; x_wconf 84' lang='lat' dir='ltr'><strong>quia</strong></span> <span class='ocrx_word' id='word_1_23' title='bbox 2704 514 2883 585; x_wconf 89' lang='lat' dir='ltr'><strong>justus</strong></span> <span class='ocrx_word' id='word_1_24' title='bbox 2928 522 3031 570; x_wconf 87' lang='lat' dir='ltr'><strong>est.</strong></span> <span class='ocrx_word' id='word_1_25' title='bbox 3075 534 3091 563; x_wconf 74' lang='grc' dir='ltr'><strong>ι</strong></span> <span class='ocrx_word' id='word_1_26' title='bbox 3126 513 3359 575; x_wconf 76' lang='lat' dir='ltr'><strong>Prorsus</strong></span> <span class='ocrx_word' id='word_1_27' title='bbox 3404 517 3652 577; x_wconf 83' lang='lat' dir='ltr'><strong>ordinem</strong></span> 
     </span>
    </p>
   </div>
   <div class='ocr_carea' id='block_1_4' title="bbox 395 612 1975 695">
    <p class='ocr_par' dir='ltr' id='par_1_4' title="bbox 395 612 1975 695">
     <span class='ocr_line' id='line_1_4' title="bbox 395 612 1975 695; baseline -0.007 -19"><span class='ocrx_word' id='word_1_28' title='bbox 395 620 540 677; x_wconf 84' lang='lat' dir='ltr'><strong>Petr.</strong></span> <span class='ocrx_word' id='word_1_29' title='bbox 582 624 671 695; x_wconf 91' lang='lat' dir='ltr'><strong>v);</strong></span> <span class='ocrx_word' id='word_1_30' title='bbox 703 638 721 673; x_wconf 76' lang='grc' dir='ltr'>ι</span> <span class='ocrx_word' id='word_1_31' title='bbox 754 623 859 677; x_wconf 87' lang='lat' dir='ltr'><strong>hoc</strong></span> <span class='ocrx_word' id='word_1_32' title='bbox 894 629 1037 677; x_wconf 91' lang='lat' dir='ltr'><strong>totus</strong></span> <span class='ocrx_word' id='word_1_33' title='bbox 1064 620 1225 675; x_wconf 72' lang='lat' dir='ltr'><strong>habet</strong></span> <span class='ocrx_word' id='word_1_34' title='bbox 1257 632 1455 681; x_wconf 85' lang='lat' dir='ltr'><strong>sermo,</strong></span> <span class='ocrx_word' id='word_1_35' title='bbox 1478 614 1630 685; x_wconf 89' lang='lat' dir='ltr'><strong>cujus</strong></span> <span class='ocrx_word' id='word_1_36' title='bbox 1657 627 1853 668; x_wconf 86' lang='lat' dir='ltr'><strong>nomen</strong></span> <span class='ocrx_word' id='word_1_37' title='bbox 1900 612 1975 666; x_wconf 87' lang='lat' dir='ltr'><strong>in-</strong></span> 
     </span>
    </p>
   </div>
   <div class='ocr_carea' id='block_1_5' title="bbox 393 702 1976 787">
    <p class='ocr_par' dir='ltr' id='par_1_5' title="bbox 393 702 1976 787">
     <span class='ocr_line' id='line_1_5' title="bbox 393 702 1976 787; baseline -0.009 -19"><span class='ocrx_word' id='word_1_38' title='bbox 393 722 723 786; x_wconf 89' lang='lat' dir='ltr'><strong>terpretatur</strong></span> <span class='ocrx_word' id='word_1_39' title='bbox 764 713 936 787; x_wconf 85' lang='lat' dir='ltr'><strong>gratia</strong></span> <span class='ocrx_word' id='word_1_40' title='bbox 957 712 1093 783; x_wconf 84' lang='lat' dir='ltr'><strong>ejus.</strong></span> <span class='ocrx_word' id='word_1_41' title='bbox 1118 708 1238 767; x_wconf 79' lang='lat' dir='ltr'><strong>Jam</strong></span> <span class='ocrx_word' id='word_1_42' title='bbox 1261 724 1391 764; x_wconf 90' lang='lat' dir='ltr'><strong>vero</strong></span> <span class='ocrx_word' id='word_1_43' title='bbox 1416 706 1761 779; x_wconf 87' lang='lat' dir='ltr'><strong>adjungitur:</strong></span> <span class='ocrx_word' id='word_1_44' title='bbox 1800 724 1816 755; x_wconf 78' lang='grc' dir='ltr'><strong>ι</strong></span> <span class='ocrx_word' id='word_1_45' title='bbox 1848 702 1976 759; x_wconf 86' lang='lat' dir='ltr'><strong>Sus-</strong></span> 
     </span>
    </p>
   </div>
   <div class='ocr_carea' id='block_1_6' title="bbox 394 794 1972 875">
    <p class='ocr_par' dir='ltr' id='par_1_6' title="bbox 394 794 1972 875">
     <span class='ocr_line' id='line_1_6' title="bbox 394 794 1972 875; baseline -0.008 -14"><span class='ocrx_word' id='word_1_46' title='bbox 394 805 581 861; x_wconf 89' lang='lat' dir='ltr'><strong>citata</strong></span> <span class='ocrx_word' id='word_1_47' title='bbox 615 814 759 859; x_wconf 89' lang='lat' dir='ltr'><strong>terra</strong></span> <span class='ocrx_word' id='word_1_48' title='bbox 793 818 1119 875; x_wconf 82' lang='lat' dir='ltr'><strong>pauperem,</strong></span> <span class='ocrx_word' id='word_1_49' title='bbox 1159 821 1177 852; x_wconf 82' lang='grc'>›</span> <span class='ocrx_word' id='word_1_50' title='bbox 1213 802 1278 855; x_wconf 94' lang='lat' dir='ltr'><strong>de</strong></span> <span class='ocrx_word' id='word_1_51' title='bbox 1305 799 1451 854; x_wconf 86' lang='lat' dir='ltr'><strong>nullo</strong></span> <span class='ocrx_word' id='word_1_52' title='bbox 1491 797 1683 852; x_wconf 88' lang='lat' dir='ltr'><strong>melius</strong></span> <span class='ocrx_word' id='word_1_53' title='bbox 1715 810 1878 866; x_wconf 91' lang='lat' dir='ltr'><strong>quam</strong></span> <span class='ocrx_word' id='word_1_54' title='bbox 1906 794 1972 849; x_wconf 90' lang='lat' dir='ltr'><strong>de</strong></span> 
     </span>
    </p>
   </div>
   <div class='ocr_carea' id='block_1_7' title="bbox 392 880 1972 969">
    <p class='ocr_par' dir='ltr' id='par_1_7' title="bbox 392 880 1972 969">
     <span class='ocr_line' id='line_1_7' title="bbox 392 880 1972 969; baseline -0.006 -17"><span class='ocrx_word' id='word_1_55' title='bbox 392 896 484 952; x_wconf 94' lang='lat' dir='ltr'><strong>illo</strong></span> <span class='ocrx_word' id='word_1_56' title='bbox 528 880 770 969; x_wconf 86' lang='lat' dir='ltr'><strong>intelligo</strong></span> <span class='ocrx_word' id='word_1_57' title='bbox 802 917 819 949; x_wconf 83' lang='lat'><strong>(</strong></span> <span class='ocrx_word' id='word_1_58' title='bbox 853 896 945 966; x_wconf 92' lang='lat' dir='ltr'><strong>qui</strong></span> <span class='ocrx_word' id='word_1_59' title='bbox 986 903 1209 966; x_wconf 78' lang='lat' dir='ltr'><strong>propter</strong></span> <span class='ocrx_word' id='word_1_60' title='bbox 1264 908 1363 947; x_wconf 91' lang='lat' dir='ltr'><strong>nos</strong></span> <span class='ocrx_word' id='word_1_61' title='bbox 1391 907 1596 961; x_wconf 84' lang='lat' dir='ltr'><strong>pauper</strong></span> <span class='ocrx_word' id='word_1_62' title='bbox 1646 889 1820 947; x_wconf 87' lang='lat' dir='ltr'><strong>factus</strong></span> <span class='ocrx_word' id='word_1_63' title='bbox 1864 894 1972 954; x_wconf 90' lang='grc' dir='ltr'>εει,</span> 
     </span>
    </p>
   </div>
   <div class='ocr_carea' id='block_1_8' title="bbox 392 978 1975 1058">
    <p class='ocr_par' dir='ltr' id='par_1_8' title="bbox 392 978 1975 1058">
     <span class='ocr_line' id='line_1_8' title="bbox 392 978 1975 1058; baseline -0.009 -14"><span class='ocrx_word' id='word_1_64' title='bbox 392 1005 514 1045; x_wconf 84' lang='grc' dir='ltr'>ειιιιι</span> <span class='ocrx_word' id='word_1_65' title='bbox 540 986 690 1043; x_wconf 77' lang='lat' dir='ltr'><strong>dives</strong></span> <span class='ocrx_word' id='word_1_66' title='bbox 718 996 883 1053; x_wconf 89' lang='lat' dir='ltr'><strong>esset,</strong></span> <span class='ocrx_word' id='word_1_67' title='bbox 908 996 967 1041; x_wconf 91' lang='lat' dir='ltr'><strong>ut</strong></span> <span class='ocrx_word' id='word_1_68' title='bbox 989 985 1106 1058; x_wconf 91' lang='lat' dir='ltr'><strong>ejus</strong></span> <span class='ocrx_word' id='word_1_69' title='bbox 1133 991 1449 1057; x_wconf 83' lang='lat' dir='ltr'><strong>paupertate</strong></span> <span class='ocrx_word' id='word_1_70' title='bbox 1477 980 1638 1054; x_wconf 85' lang='lat' dir='ltr'><strong>(sicut</strong></span> <span class='ocrx_word' id='word_1_71' title='bbox 1664 978 1823 1049; x_wconf 87' lang='lat' dir='ltr'><strong>paulo</strong></span> <span class='ocrx_word' id='word_1_72' title='bbox 1848 985 1975 1032; x_wconf 90' lang='lat' dir='ltr'><strong>ante</strong></span> 
     </span>
    </p>
   </div>
   <div class='ocr_carea' id='block_1_9' title="bbox 391 1068 1975 1149">
    <p class='ocr_par' dir='ltr' id='par_1_9' title="bbox 391 1068 1975 1149">
     <span class='ocr_line' id='line_1_9' title="bbox 391 1068 1975 1149; baseline -0.008 -15"><span class='ocrx_word' id='word_1_73' title='bbox 391 1080 592 1135; x_wconf 90' lang='lat' dir='ltr'><strong>dictum</strong></span> <span class='ocrx_word' id='word_1_74' title='bbox 616 1078 719 1149; x_wconf 90' lang='lat' dir='ltr'><strong>est)</strong></span> <span class='ocrx_word' id='word_1_75' title='bbox 750 1078 1047 1137; x_wconf 88' lang='lat' dir='ltr'><strong>ditaremur</strong></span> <span class='ocrx_word' id='word_1_76' title='bbox 1076 1073 1162 1147; x_wconf 86' lang='lat' dir='ltr'><strong>(II</strong></span> <span class='ocrx_word' id='word_1_77' title='bbox 1212 1072 1332 1128; x_wconf 88' lang='lat' dir='ltr'><strong>Cor.</strong></span> <span class='ocrx_word' id='word_1_78' title='bbox 1364 1071 1504 1142; x_wconf 80' lang='lat' dir='ltr'><strong>Vill).</strong></span> <span class='ocrx_word' id='word_1_79' title='bbox 1548 1091 1565 1120; x_wconf 75' lang='grc' dir='ltr'><strong>ι</strong></span> <span class='ocrx_word' id='word_1_80' title='bbox 1606 1070 1784 1140; x_wconf 90' lang='lat' dir='ltr'><strong>ipsum</strong></span> <span class='ocrx_word' id='word_1_81' title='bbox 1829 1068 1975 1122; x_wconf 87' lang='lat' dir='ltr'><strong>enim</strong></span> 
     </span>
    </p>
   </div>
   <div class='ocr_carea' id='block_1_10' title="bbox 390 1158 1977 1232">
    <p class='ocr_par' dir='ltr' id='par_1_10' title="bbox 390 1158 1977 1232">
     <span class='ocr_line' id='line_1_10' title="bbox 390 1158 1977 1232; baseline -0.007 -9"><span class='ocrx_word' id='word_1_82' title='bbox 390 1169 456 1225; x_wconf 88' lang='lat' dir='ltr'><strong>de</strong></span> <span class='ocrx_word' id='word_1_83' title='bbox 479 1158 622 1224; x_wconf 81' lang='lat' dir='ltr'><strong>terra</strong></span> <span class='ocrx_word' id='word_1_84' title='bbox 645 1169 928 1225; x_wconf 80' lang='lat' dir='ltr'><strong>suscitavit</strong></span> <span class='ocrx_word' id='word_1_85' title='bbox 958 1175 1069 1221; x_wconf 90' lang='lat' dir='ltr'><strong>tam</strong></span> <span class='ocrx_word' id='word_1_86' title='bbox 1100 1165 1229 1229; x_wconf 92' lang='lat' dir='ltr'><strong>cito,</strong></span> <span class='ocrx_word' id='word_1_87' title='bbox 1259 1173 1319 1217; x_wconf 93' lang='lat' dir='ltr'><strong>ut</strong></span> <span class='ocrx_word' id='word_1_88' title='bbox 1342 1178 1469 1217; x_wconf 89' lang='lat' dir='ltr'><strong>caro</strong></span> <span class='ocrx_word' id='word_1_89' title='bbox 1489 1160 1605 1232; x_wconf 82' lang='lat' dir='ltr'><strong>ejus</strong></span> <span class='ocrx_word' id='word_1_90' title='bbox 1628 1177 1735 1215; x_wconf 90' lang='lat' dir='ltr'><strong>non</strong></span> <span class='ocrx_word' id='word_1_91' title='bbox 1768 1158 1977 1213; x_wconf 85' lang='lat' dir='ltr'><strong>videret</strong></span> 
     </span>
    </p>
   </div>
   <div class='ocr_carea' id='block_1_11' title="bbox 391 1248 1977 1330">
    <p class='ocr_par' dir='ltr' id='par_1_11' title="bbox 391 1248 1977 1330">
     <span class='ocr_line' id='line_1_11' title="bbox 391 1248 1977 1330; baseline -0.007 -17"><span class='ocrx_word' id='word_1_92' title='bbox 391 1259 815 1330; x_wconf 82' lang='lat' dir='ltr'><strong>corruptionem.</strong></span> <span class='ocrx_word' id='word_1_93' title='bbox 866 1257 977 1313; x_wconf 88' lang='lat' dir='ltr'><strong>Nec</strong></span> <span class='ocrx_word' id='word_1_94' title='bbox 1022 1254 1151 1311; x_wconf 89' lang='lat' dir='ltr'><strong>illud</strong></span> <span class='ocrx_word' id='word_1_95' title='bbox 1188 1255 1256 1310; x_wconf 89' lang='lat' dir='ltr'><strong>ab</strong></span> <span class='ocrx_word' id='word_1_96' title='bbox 1303 1253 1393 1308; x_wconf 93' lang='lat' dir='ltr'><strong>illo</strong></span> <span class='ocrx_word' id='word_1_97' title='bbox 1448 1252 1695 1307; x_wconf 88' lang='lat' dir='ltr'><strong>alienabo</strong></span> <span class='ocrx_word' id='word_1_98' title='bbox 1726 1248 1867 1319; x_wconf 93' lang='lat' dir='ltr'><strong>quod</strong></span> <span class='ocrx_word' id='word_1_99' title='bbox 1898 1248 1977 1303; x_wconf 90' lang='lat' dir='ltr'><strong>di-</strong></span> 
     </span>
    </p>
   </div>
   <div class='ocr_carea' id='block_1_12' title="bbox 393 1359 1724 1419">
    <p class='ocr_par' dir='ltr' id='par_1_12' title="bbox 393 1359 1724 1419">
     <span class='ocr_line' id='line_1_12' title="bbox 393 1359 1724 1419; baseline -0.005 -14"><span class='ocrx_word' id='word_1_100' title='bbox 393 1359 539 1405; x_wconf 92' lang='lat' dir='ltr'><strong>ctum</strong></span> <span class='ocrx_word' id='word_1_101' title='bbox 578 1359 664 1405; x_wconf 91' lang='lat' dir='ltr'><strong>est</strong></span> <span class='ocrx_word' id='word_1_102' title='bbox 692 1369 705 1403; x_wconf 85' lang='lat'><strong>:</strong></span> <span class='ocrx_word' id='word_1_103' title='bbox 1720 1416 1724 1419; x_wconf 16' lang='lat' dir='ltr'>V</span> 
     </span>
    </p>
   </div>
   <div class='ocr_carea' id='block_1_13' title="bbox 465 1434 1977 1511">
    <p class='ocr_par' dir='ltr' id='par_1_13' title="bbox 465 1434 1977 1511">
     <span class='ocr_line' id='line_1_13' title="bbox 465 1434 1977 1511; baseline -0.003 -17"><span class='ocrx_word' id='word_1_104' title='bbox 465 1462 481 1494; x_wconf 81' lang='grc' dir='ltr'><strong>ι</strong></span> <span class='ocrx_word' id='word_1_105' title='bbox 512 1442 578 1496; x_wconf 88' lang='grc' dir='ltr'><strong>Ει</strong></span> <span class='ocrx_word' id='word_1_106' title='bbox 601 1441 666 1496; x_wconf 89' lang='lat' dir='ltr'><strong>de</strong></span> <span class='ocrx_word' id='word_1_107' title='bbox 687 1448 925 1496; x_wconf 88' lang='lat' dir='ltr'><strong>stercore</strong></span> <span class='ocrx_word' id='word_1_108' title='bbox 954 1438 1112 1511; x_wconf 85' lang='lat' dir='ltr'><strong>erigit</strong></span> <span class='ocrx_word' id='word_1_109' title='bbox 1133 1438 1399 1510; x_wconf 67' lang='lat' dir='ltr'><strong>inopem.»</strong></span> <span class='ocrx_word' id='word_1_110' title='bbox 1432 1451 1590 1507; x_wconf 78' lang='lat' dir='ltr'><strong>.nops</strong></span> <span class='ocrx_word' id='word_1_111' title='bbox 1611 1435 1807 1507; x_wconf 87' lang='lat' dir='ltr'><strong>quippe</strong></span> <span class='ocrx_word' id='word_1_112' title='bbox 1834 1434 1977 1489; x_wconf 87' lang='lat' dir='ltr'><strong>idem</strong></span> 
     </span>
    </p>
   </div>
   <div class='ocr_carea' id='block_1_14' title="bbox 388 1528 1978 1607">
    <p class='ocr_par' dir='ltr' id='par_1_14' title="bbox 388 1528 1978 1607">
     <span class='ocr_line' id='line_1_14' title="bbox 388 1528 1978 1607; baseline -0.005 -19"><span class='ocrx_word' id='word_1_113' title='bbox 388 1535 479 1606; x_wconf 85' lang='lat' dir='ltr'><strong>qui</strong></span> <span class='ocrx_word' id='word_1_114' title='bbox 512 1550 732 1607; x_wconf 84' lang='lat' dir='ltr'><strong>pauper.</strong></span> <span class='ocrx_word' id='word_1_115' title='bbox 782 1533 1007 1593; x_wconf 84' lang='lat' dir='ltr'><strong>Stercus</strong></span> <span class='ocrx_word' id='word_1_116' title='bbox 1034 1548 1188 1601; x_wconf 86' lang='lat' dir='ltr'><strong>vero,</strong></span> <span class='ocrx_word' id='word_1_117' title='bbox 1232 1531 1372 1586; x_wconf 91' lang='lat' dir='ltr'><strong>unde</strong></span> <span class='ocrx_word' id='word_1_118' title='bbox 1416 1537 1629 1585; x_wconf 90' lang='lat' dir='ltr'><strong>erectus</strong></span> <span class='ocrx_word' id='word_1_119' title='bbox 1651 1537 1754 1594; x_wconf 88' lang='lat' dir='ltr'><strong>est,</strong></span> <span class='ocrx_word' id='word_1_120' title='bbox 1788 1528 1978 1583; x_wconf 86' lang='lat' dir='ltr'><strong>rectis-</strong></span> 
     </span>
    </p>
   </div>
   <div class='ocr_carea' id='block_1_15' title="bbox 389 1623 1974 1701">
    <p class='ocr_par' dir='ltr' id='par_1_15' title="bbox 389 1623 1974 1701">
     <span class='ocr_line' id='line_1_15' title="bbox 389 1623 1974 1701; baseline -0.007 -16"><span class='ocrx_word' id='word_1_121' title='bbox 389 1631 525 1686; x_wconf 88' lang='lat' dir='ltr'><strong>sime</strong></span> <span class='ocrx_word' id='word_1_122' title='bbox 567 1629 945 1701; x_wconf 85' lang='lat' dir='ltr'><strong>intelliguntur</strong></span> <span class='ocrx_word' id='word_1_123' title='bbox 994 1636 1370 1698; x_wconf 76' lang='lat' dir='ltr'><strong>persecutores</strong></span> <span class='ocrx_word' id='word_1_124' title='bbox 1419 1624 1611 1690; x_wconf 64' lang='lat' dir='ltr'><strong>Judaei,</strong></span> <span class='ocrx_word' id='word_1_125' title='bbox 1646 1623 1697 1677; x_wconf 91' lang='lat' dir='ltr'><strong>in</strong></span> <span class='ocrx_word' id='word_1_126' title='bbox 1746 1637 1974 1691; x_wconf 71' lang='lat' dir='ltr'><strong>querum</strong></span> 
     </span>
    </p>
   </div>
   <div class='ocr_carea' id='block_1_16' title="bbox 388 1716 1977 1789">
    <p class='ocr_par' dir='ltr' id='par_1_16' title="bbox 388 1716 1977 1789">
     <span class='ocr_line' id='line_1_16' title="bbox 388 1716 1977 1789; baseline -0.005 -14"><span class='ocrx_word' id='word_1_127' title='bbox 388 1736 616 1776; x_wconf 89' lang='lat' dir='ltr'><strong>numero</strong></span> <span class='ocrx_word' id='word_1_128' title='bbox 640 1737 764 1776; x_wconf 91' lang='lat' dir='ltr'><strong>cum</strong></span> <span class='ocrx_word' id='word_1_129' title='bbox 818 1736 877 1775; x_wconf 90' lang='lat' dir='ltr'><strong>se</strong></span> <span class='ocrx_word' id='word_1_130' title='bbox 902 1719 1129 1776; x_wconf 81' lang='lat' dir='ltr'><strong>dixisset</strong></span> <span class='ocrx_word' id='word_1_131' title='bbox 1171 1716 1461 1789; x_wconf 82' lang='lat' dir='ltr'><strong>Apostolus</strong></span> <span class='ocrx_word' id='word_1_132' title='bbox 1512 1716 1809 1770; x_wconf 87' lang='lat' dir='ltr'><strong>Ecclesiam</strong></span> <span class='ocrx_word' id='word_1_133' title='bbox 1852 1728 1977 1784; x_wconf 89' lang='lat' dir='ltr'><strong>per-</strong></span> 
     </span>
    </p>
   </div>
   <div class='ocr_carea' id='block_1_17' title="bbox 2078 608 3657 686">
    <p class='ocr_par' dir='ltr' id='par_1_17' title="bbox 2078 608 3657 686">
     <span class='ocr_line' id='line_1_17' title="bbox 2078 608 3657 686; baseline 0 -19"><span class='ocrx_word' id='word_1_134' title='bbox 2078 613 2249 686; x_wconf 86' lang='lat' dir='ltr'><strong>tenuit</strong></span> <span class='ocrx_word' id='word_1_135' title='bbox 2274 609 2628 668; x_wconf 76' lang='lat' dir='ltr'><strong>confessionis</strong></span> <span class='ocrx_word' id='word_1_136' title='bbox 2650 609 2888 665; x_wconf 88' lang='lat' dir='ltr'><strong>ﬁdelium</strong></span> <span class='ocrx_word' id='word_1_137' title='bbox 2920 609 3032 664; x_wconf 85' lang='lat' dir='ltr'><strong>haec</strong></span> <span class='ocrx_word' id='word_1_138' title='bbox 3054 608 3414 679; x_wconf 85' lang='lat' dir='ltr'><strong>prophetissa.</strong></span> <span class='ocrx_word' id='word_1_139' title='bbox 3452 610 3657 667; x_wconf 90' lang='lat' dir='ltr'><strong>Ascen-</strong></span> 
     </span>
    </p>
   </div>
   <div class='ocr_carea' id='block_1_18' title="bbox 2076 699 3658 765">
    <p class='ocr_par' dir='ltr' id='par_1_18' title="bbox 2076 699 3658 765">
     <span class='ocr_line' id='line_1_18' title="bbox 2076 699 3658 765; baseline 0.001 -7"><span class='ocrx_word' id='word_1_140' title='bbox 2076 703 2156 758; x_wconf 92' lang='lat' dir='ltr'><strong>dit</strong></span> <span class='ocrx_word' id='word_1_141' title='bbox 2202 704 2254 758; x_wconf 93' lang='lat' dir='ltr'><strong>in</strong></span> <span class='ocrx_word' id='word_1_142' title='bbox 2304 704 2499 759; x_wconf 73' lang='lat' dir='ltr'><strong>coelum</strong></span> <span class='ocrx_word' id='word_1_143' title='bbox 2541 702 2801 757; x_wconf 89' lang='lat' dir='ltr'><strong>Dominus</strong></span> <span class='ocrx_word' id='word_1_144' title='bbox 2842 699 3111 765; x_wconf 87' lang='lat' dir='ltr'><strong>Christus,</strong></span> <span class='ocrx_word' id='word_1_145' title='bbox 3145 708 3201 755; x_wconf 91' lang='lat' dir='ltr'><strong>et</strong></span> <span class='ocrx_word' id='word_1_146' title='bbox 3230 699 3354 755; x_wconf 91' lang='lat' dir='ltr'><strong>inde</strong></span> <span class='ocrx_word' id='word_1_147' title='bbox 3397 710 3658 759; x_wconf 89' lang='lat' dir='ltr'><strong>venturus</strong></span> 
     </span>
    </p>
   </div>
   <div class='ocr_carea' id='block_1_19' title="bbox 2077 790 3659 865">
    <p class='ocr_par' dir='ltr' id='par_1_19' title="bbox 2077 790 3659 865">
     <span class='ocr_line' id='line_1_19' title="bbox 2077 790 3659 865; baseline 0 -17"><span class='ocrx_word' id='word_1_148' title='bbox 2077 804 2159 848; x_wconf 89' lang='lat' dir='ltr'><strong>est</strong></span> <span class='ocrx_word' id='word_1_149' title='bbox 2197 792 2264 847; x_wconf 88' lang='lat' dir='ltr'><strong>ad</strong></span> <span class='ocrx_word' id='word_1_150' title='bbox 2285 791 2640 865; x_wconf 90' lang='lat' dir='ltr'><strong>judicandum</strong></span> <span class='ocrx_word' id='word_1_151' title='bbox 2685 793 2838 849; x_wconf 88' lang='lat' dir='ltr'><strong>vivos</strong></span> <span class='ocrx_word' id='word_1_152' title='bbox 2883 798 2938 847; x_wconf 90' lang='lat' dir='ltr'><strong>et</strong></span> <span class='ocrx_word' id='word_1_153' title='bbox 2984 800 3248 846; x_wconf 90' lang='lat' dir='ltr'><strong>mortuos.</strong></span> <span class='ocrx_word' id='word_1_154' title='bbox 3288 810 3307 842; x_wconf 82' lang='grc' dir='ltr'>ι</span> <span class='ocrx_word' id='word_1_155' title='bbox 3343 790 3481 853; x_wconf 83' lang='lat' dir='ltr'><strong>Nam</strong></span> <span class='ocrx_word' id='word_1_156' title='bbox 3534 792 3659 865; x_wconf 88' lang='lat' dir='ltr'><strong>quis</strong></span> 
     </span>
    </p>
   </div>
   <div class='ocr_carea' id='block_1_20' title="bbox 2078 884 3659 956">
    <p class='ocr_par' dir='ltr' id='par_1_20' title="bbox 2078 884 3659 956">
     <span class='ocr_line' id='line_1_20' title="bbox 2078 884 3659 956; baseline -0.002 -13"><span class='ocrx_word' id='word_1_157' title='bbox 2078 888 2344 954; x_wconf 88' lang='lat' dir='ltr'><strong>ascendit,</strong></span> <span class='ocrx_word' id='word_1_158' title='bbox 2375 888 2517 943; x_wconf 91' lang='lat' dir='ltr'><strong>sicut</strong></span> <span class='ocrx_word' id='word_1_159' title='bbox 2539 886 2670 942; x_wconf 88' lang='lat' dir='ltr'><strong>dicit</strong></span> <span class='ocrx_word' id='word_1_160' title='bbox 2698 884 3009 956; x_wconf 84' lang='lat' dir='ltr'><strong>Apostolus,</strong></span> <span class='ocrx_word' id='word_1_161' title='bbox 3042 885 3148 941; x_wconf 91' lang='lat' dir='ltr'><strong>nisi</strong></span> <span class='ocrx_word' id='word_1_162' title='bbox 3170 892 3226 939; x_wconf 90' lang='lat' dir='ltr'><strong>et</strong></span> <span class='ocrx_word' id='word_1_163' title='bbox 3251 885 3346 955; x_wconf 87' lang='lat' dir='ltr'><strong>qui</strong></span> <span class='ocrx_word' id='word_1_164' title='bbox 3381 886 3659 942; x_wconf 82' lang='lat' dir='ltr'><strong>descendit</strong></span> 
     </span>
    </p>
   </div>
   <div class='ocr_carea' id='block_1_21' title="bbox 2077 976 3660 1047">
    <p class='ocr_par' dir='ltr' id='par_1_21' title="bbox 2077 976 3660 1047">
     <span class='ocr_line' id='line_1_21' title="bbox 2077 976 3660 1047; baseline -0.002 -14"><span class='ocrx_word' id='word_1_165' title='bbox 2077 981 2131 1033; x_wconf 93' lang='lat' dir='ltr'><strong>in</strong></span> <span class='ocrx_word' id='word_1_166' title='bbox 2155 979 2437 1033; x_wconf 89' lang='lat' dir='ltr'><strong>inferiores</strong></span> <span class='ocrx_word' id='word_1_167' title='bbox 2456 987 2639 1047; x_wconf 88' lang='lat' dir='ltr'><strong>partes</strong></span> <span class='ocrx_word' id='word_1_168' title='bbox 2667 987 2859 1033; x_wconf 75' lang='lat' dir='ltr'><strong>terrae:</strong></span> <span class='ocrx_word' id='word_1_169' title='bbox 2885 977 2977 1046; x_wconf 91' lang='lat' dir='ltr'><strong>qui</strong></span> <span class='ocrx_word' id='word_1_170' title='bbox 3004 976 3299 1041; x_wconf 81' lang='lat' dir='ltr'><strong>descendit,</strong></span> <span class='ocrx_word' id='word_1_171' title='bbox 3329 976 3443 1047; x_wconf 85' lang='lat' dir='ltr'><strong>ipse</strong></span> <span class='ocrx_word' id='word_1_172' title='bbox 3465 985 3549 1032; x_wconf 84' lang='lat' dir='ltr'><strong>est</strong></span> <span class='ocrx_word' id='word_1_173' title='bbox 3567 977 3660 1046; x_wconf 91' lang='lat' dir='ltr'><strong>qui</strong></span> 
     </span>
    </p>
   </div>
   <div class='ocr_carea' id='block_1_22' title="bbox 2078 1065 3662 1139">
    <p class='ocr_par' dir='ltr' id='par_1_22' title="bbox 2078 1065 3662 1139">
     <span class='ocr_line' id='line_1_22' title="bbox 2078 1065 3662 1139; baseline -0.004 -12"><span class='ocrx_word' id='word_1_174' title='bbox 2078 1069 2322 1127; x_wconf 85' lang='lat' dir='ltr'><strong>ascendit</strong></span> <span class='ocrx_word' id='word_1_175' title='bbox 2346 1084 2508 1139; x_wconf 89' lang='lat' dir='ltr'><strong>super</strong></span> <span class='ocrx_word' id='word_1_176' title='bbox 2544 1083 2732 1123; x_wconf 89' lang='lat' dir='ltr'><strong>omnes</strong></span> <span class='ocrx_word' id='word_1_177' title='bbox 2767 1066 2969 1132; x_wconf 72' lang='lat' dir='ltr'><strong>cmlos,</strong></span> <span class='ocrx_word' id='word_1_178' title='bbox 3012 1075 3074 1121; x_wconf 91' lang='lat' dir='ltr'><strong>ut</strong></span> <span class='ocrx_word' id='word_1_179' title='bbox 3118 1065 3443 1138; x_wconf 84' lang='lat' dir='ltr'><strong>adimpleret</strong></span> <span class='ocrx_word' id='word_1_180' title='bbox 3479 1066 3662 1120; x_wconf 86' lang='lat' dir='ltr'><strong>omnia</strong></span> 
     </span>
    </p>
   </div>
   <div class='ocr_carea' id='block_1_23' title="bbox 2078 1157 3661 1237">
    <p class='ocr_par' dir='ltr' id='par_1_23' title="bbox 2078 1157 3661 1237">
     <span class='ocr_line' id='line_1_23' title="bbox 2078 1157 3661 1237; baseline -0.003 -21"><span class='ocrx_word' id='word_1_181' title='bbox 2078 1162 2293 1237; x_wconf 81' lang='lat' dir='ltr'><strong>(Ephes.</strong></span> <span class='ocrx_word' id='word_1_182' title='bbox 2324 1162 2422 1233; x_wconf 86' lang='lat' dir='ltr'><strong>1v).</strong></span> <span class='ocrx_word' id='word_1_183' title='bbox 2469 1181 2487 1212; x_wconf 78' lang='grc' dir='ltr'>ί</span> <span class='ocrx_word' id='word_1_184' title='bbox 2519 1160 2625 1216; x_wconf 88' lang='lat' dir='ltr'><strong>Per</strong></span> <span class='ocrx_word' id='word_1_185' title='bbox 2650 1161 2821 1215; x_wconf 88' lang='lat' dir='ltr'><strong>nubes</strong></span> <span class='ocrx_word' id='word_1_186' title='bbox 2842 1175 2970 1230; x_wconf 86' lang='lat' dir='ltr'><strong>ergo</strong></span> <span class='ocrx_word' id='word_1_187' title='bbox 2993 1174 3119 1214; x_wconf 91' lang='lat' dir='ltr'><strong>suas</strong></span> <span class='ocrx_word' id='word_1_188' title='bbox 3154 1159 3343 1223; x_wconf 87' lang='lat' dir='ltr'><strong>tonuit,</strong></span> <span class='ocrx_word' id='word_1_189' title='bbox 3373 1173 3509 1229; x_wconf 87' lang='lat' dir='ltr'><strong>quas</strong></span> <span class='ocrx_word' id='word_1_190' title='bbox 3537 1157 3661 1228; x_wconf 89' lang='lat' dir='ltr'><strong>Spi-</strong></span> 
     </span>
    </p>
   </div>
   <div class='ocr_carea' id='block_1_24' title="bbox 2077 1246 3664 1319">
    <p class='ocr_par' dir='ltr' id='par_1_24' title="bbox 2077 1246 3664 1319">
     <span class='ocr_line' id='line_1_24' title="bbox 2077 1246 3664 1319; baseline -0.004 -10"><span class='ocrx_word' id='word_1_191' title='bbox 2077 1256 2183 1310; x_wconf 88' lang='lat' dir='ltr'><strong>ritu</strong></span> <span class='ocrx_word' id='word_1_192' title='bbox 2206 1262 2417 1319; x_wconf 90' lang='lat' dir='ltr'><strong>sancto,</strong></span> <span class='ocrx_word' id='word_1_193' title='bbox 2447 1268 2569 1308; x_wconf 92' lang='lat' dir='ltr'><strong>cum</strong></span> <span class='ocrx_word' id='word_1_194' title='bbox 2626 1251 2990 1315; x_wconf 88' lang='lat' dir='ltr'><strong>ascendisset,</strong></span> <span class='ocrx_word' id='word_1_195' title='bbox 3034 1248 3292 1318; x_wconf 82' lang='lat' dir='ltr'><strong>implevit.</strong></span> <span class='ocrx_word' id='word_1_196' title='bbox 3342 1246 3418 1302; x_wconf 92' lang='lat' dir='ltr'><strong>De</strong></span> <span class='ocrx_word' id='word_1_197' title='bbox 3468 1247 3664 1317; x_wconf 87' lang='lat' dir='ltr'><strong>quibus</strong></span> 
     </span>
    </p>
   </div>
   <div class='ocr_carea' id='block_1_25' title="bbox 2077 1336 3666 1415">
    <p class='ocr_par' dir='ltr' id='par_1_25' title="bbox 2077 1336 3666 1415">
     <span class='ocr_line' id='line_1_25' title="bbox 2077 1336 3666 1415; baseline -0.007 -15"><span class='ocrx_word' id='word_1_198' title='bbox 2077 1343 2280 1400; x_wconf 90' lang='lat' dir='ltr'><strong>carnali</strong></span> <span class='ocrx_word' id='word_1_199' title='bbox 2320 1342 2641 1408; x_wconf 82' lang='lat' dir='ltr'><strong>Jerusalem,</strong></span> <span class='ocrx_word' id='word_1_200' title='bbox 2673 1342 2777 1396; x_wconf 92' lang='lat' dir='ltr'><strong>hoc</strong></span> <span class='ocrx_word' id='word_1_201' title='bbox 2812 1349 2915 1404; x_wconf 88' lang='lat' dir='ltr'><strong>est,</strong></span> <span class='ocrx_word' id='word_1_202' title='bbox 2942 1340 3166 1415; x_wconf 85' lang='lat' dir='ltr'><strong>ingratae</strong></span> <span class='ocrx_word' id='word_1_203' title='bbox 3207 1338 3399 1403; x_wconf 66' lang='lat' dir='ltr'><strong>vineae,</strong></span> <span class='ocrx_word' id='word_1_204' title='bbox 3445 1336 3666 1393; x_wconf 90' lang='lat' dir='ltr'><strong>commi-</strong></span> 
     </span>
    </p>
   </div>
   <div class='ocr_carea' id='block_1_26' title="bbox 2077 1428 3666 1506">
    <p class='ocr_par' dir='ltr' id='par_1_26' title="bbox 2077 1428 3666 1506">
     <span class='ocr_line' id='line_1_26' title="bbox 2077 1428 3666 1506; baseline -0.006 -15"><span class='ocrx_word' id='word_1_205' title='bbox 2077 1442 2240 1491; x_wconf 90' lang='lat' dir='ltr'><strong>natus</strong></span> <span class='ocrx_word' id='word_1_206' title='bbox 2265 1442 2347 1491; x_wconf 90' lang='lat' dir='ltr'><strong>est</strong></span> <span class='ocrx_word' id='word_1_207' title='bbox 2373 1434 2512 1506; x_wconf 87' lang='lat' dir='ltr'><strong>apud</strong></span> <span class='ocrx_word' id='word_1_208' title='bbox 2537 1432 2732 1487; x_wconf 89' lang='lat' dir='ltr'><strong>lsaiam</strong></span> <span class='ocrx_word' id='word_1_209' title='bbox 2746 1432 3087 1502; x_wconf 87' lang='lat' dir='ltr'><strong>prophetam,</strong></span> <span class='ocrx_word' id='word_1_210' title='bbox 3121 1449 3139 1480; x_wconf 81' lang='grc' dir='ltr'><strong>ι</strong></span> <span class='ocrx_word' id='word_1_211' title='bbox 3170 1444 3238 1483; x_wconf 90' lang='lat' dir='ltr'><strong>ne</strong></span> <span class='ocrx_word' id='word_1_212' title='bbox 3278 1428 3466 1499; x_wconf 90' lang='lat' dir='ltr'><strong>pluant</strong></span> <span class='ocrx_word' id='word_1_213' title='bbox 3504 1443 3666 1497; x_wconf 88' lang='lat' dir='ltr'><strong>super</strong></span> 
     </span>
    </p>
   </div>
   <div class='ocr_carea' id='block_1_27' title="bbox 2078 1518 3661 1596">
    <p class='ocr_par' dir='ltr' id='par_1_27' title="bbox 2078 1518 3661 1596">
     <span class='ocr_line' id='line_1_27' title="bbox 2078 1518 3661 1596; baseline -0.009 -12"><span class='ocrx_word' id='word_1_214' title='bbox 2078 1544 2197 1584; x_wconf 89' lang='lat' dir='ltr'><strong>eam</strong></span> <span class='ocrx_word' id='word_1_215' title='bbox 2260 1526 2491 1582; x_wconf 88' lang='lat' dir='ltr'><strong>imbrem</strong></span> <span class='ocrx_word' id='word_1_216' title='bbox 2535 1524 2672 1596; x_wconf 82' lang='lat' dir='ltr'><strong>(Isa.</strong></span> <span class='ocrx_word' id='word_1_217' title='bbox 2722 1522 2822 1594; x_wconf 73' lang='lat' dir='ltr'><strong>vi).</strong></span> <span class='ocrx_word' id='word_1_218' title='bbox 2862 1542 2879 1573; x_wconf 74' lang='grc' dir='ltr'><strong>ι</strong></span> <span class='ocrx_word' id='word_1_219' title='bbox 2914 1521 3006 1576; x_wconf 90' lang='lat' dir='ltr'><strong>Sic</strong></span> <span class='ocrx_word' id='word_1_220' title='bbox 3063 1529 3244 1575; x_wconf 89' lang='lat' dir='ltr'><strong>autem</strong></span> <span class='ocrx_word' id='word_1_221' title='bbox 3289 1518 3493 1573; x_wconf 91' lang='lat' dir='ltr'><strong>dictum</strong></span> <span class='ocrx_word' id='word_1_222' title='bbox 3535 1524 3661 1572; x_wconf 87' lang='lat' dir='ltr'><strong>est:</strong></span> 
     </span>
    </p>
   </div>
   <div class='ocr_carea' id='block_1_28' title="bbox 2085 1608 3664 1683">
    <p class='ocr_par' dir='ltr' id='par_1_28' title="bbox 2085 1608 3664 1683">
     <span class='ocr_line' id='line_1_28' title="bbox 2085 1608 3664 1683; baseline -0.006 -14"><span class='ocrx_word' id='word_1_223' title='bbox 2085 1639 2103 1669; x_wconf 76' lang='grc' dir='ltr'><strong>ι</strong></span> <span class='ocrx_word' id='word_1_224' title='bbox 2139 1617 2399 1671; x_wconf 91' lang='lat' dir='ltr'><strong>Dominus</strong></span> <span class='ocrx_word' id='word_1_225' title='bbox 2431 1613 2696 1683; x_wconf 79' lang='lat' dir='ltr'><strong>iudicabit</strong></span> <span class='ocrx_word' id='word_1_226' title='bbox 2725 1613 2861 1667; x_wconf 90' lang='lat' dir='ltr'><strong>ﬁnes</strong></span> <span class='ocrx_word' id='word_1_227' title='bbox 2892 1619 3067 1675; x_wconf 81' lang='lat' dir='ltr'><strong>terrae,</strong></span> <span class='ocrx_word' id='word_1_228' title='bbox 3116 1630 3135 1661; x_wconf 72' lang='grc' dir='ltr'><strong>ι</strong></span> <span class='ocrx_word' id='word_1_229' title='bbox 3177 1625 3242 1664; x_wconf 92' lang='lat' dir='ltr'><strong>ac</strong></span> <span class='ocrx_word' id='word_1_230' title='bbox 3269 1608 3315 1662; x_wconf 90' lang='lat' dir='ltr'><strong>si</strong></span> <span class='ocrx_word' id='word_1_231' title='bbox 3347 1609 3618 1663; x_wconf 86' lang='lat' dir='ltr'><strong>diceretur</strong></span> <span class='ocrx_word' id='word_1_232' title='bbox 3648 1621 3664 1660; x_wconf 90' lang='lat'><strong>:</strong></span> 
     </span>
    </p>
   </div>
   <div class='ocr_carea' id='block_1_29' title="bbox 2078 1700 3665 1777">
    <p class='ocr_par' dir='ltr' id='par_1_29' title="bbox 2078 1700 3665 1777">
     <span class='ocr_line' id='line_1_29' title="bbox 2078 1700 3665 1777; baseline -0.008 -14"><span class='ocrx_word' id='word_1_233' title='bbox 2078 1709 2340 1764; x_wconf 85' lang='lat' dir='ltr'><strong>Dominus</strong></span> <span class='ocrx_word' id='word_1_234' title='bbox 2376 1707 2642 1777; x_wconf 89' lang='lat' dir='ltr'><strong>judicabit</strong></span> <span class='ocrx_word' id='word_1_235' title='bbox 2666 1714 2908 1765; x_wconf 76' lang='lat' dir='ltr'><strong>extrema</strong></span> <span class='ocrx_word' id='word_1_236' title='bbox 2961 1703 3218 1767; x_wconf 89' lang='lat' dir='ltr'><strong>hominis,</strong></span> <span class='ocrx_word' id='word_1_237' title='bbox 3268 1700 3523 1770; x_wconf 88' lang='lat' dir='ltr'><strong>quoniam</strong></span> <span class='ocrx_word' id='word_1_238' title='bbox 3558 1713 3665 1753; x_wconf 89' lang='lat' dir='ltr'><strong>non</strong></span> 
     </span>
    </p>
   </div>
   <div class='ocr_carea' id='block_1_30' title="bbox 388 1789 3668 1885">
    <p class='ocr_par' dir='ltr' id='par_1_30' title="bbox 388 1789 3668 1885">
     <span class='ocr_line' id='line_1_30' title="bbox 388 1789 3668 1885; baseline -0.007 -20"><span class='ocrx_word' id='word_1_239' title='bbox 388 1819 634 1865; x_wconf 90' lang='lat' dir='ltr'><strong>secutum</strong></span> <span class='ocrx_word' id='word_1_240' title='bbox 668 1830 680 1864; x_wconf 89' lang='lat'>:</span> <span class='ocrx_word' id='word_1_241' title='bbox 719 1830 737 1863; x_wconf 77' lang='grc' dir='ltr'><strong>ι</strong></span> <span class='ocrx_word' id='word_1_242' title='bbox 774 1810 905 1879; x_wconf 64' lang='lat' dir='ltr'><strong>Quae</strong></span> <span class='ocrx_word' id='word_1_243' title='bbox 954 1809 1087 1864; x_wconf 89' lang='lat' dir='ltr'><strong>mihi</strong></span> <span class='ocrx_word' id='word_1_244' title='bbox 1134 1807 1372 1872; x_wconf 91' lang='lat' dir='ltr'><strong>fuerunt,</strong></span> <span class='ocrx_word' id='word_1_245' title='bbox 1406 1807 1600 1885; x_wconf 88' lang='lat' dir='ltr'><strong>inquit,</strong></span> <span class='ocrx_word' id='word_1_246' title='bbox 1654 1806 1823 1869; x_wconf 90' lang='lat' dir='ltr'><strong>lucra,</strong></span> <span class='ocrx_word' id='word_1_247' title='bbox 1860 1805 1973 1858; x_wconf 72' lang='lat' dir='ltr'><strong>hzec</strong></span> <span class='ocrx_word' id='word_1_248' title='bbox 2005 1879 2043 1885; x_wconf 80' lang='lat'><strong><em>_</em></strong></span> <span class='ocrx_word' id='word_1_249' title='bbox 2073 1799 2462 1873; x_wconf 90' lang='lat' dir='ltr'><strong>judicabuntur</strong></span> <span class='ocrx_word' id='word_1_250' title='bbox 2491 1814 2610 1868; x_wconf 64' lang='lat' dir='ltr'><strong>quae</strong></span> <span class='ocrx_word' id='word_1_251' title='bbox 2639 1798 2691 1851; x_wconf 88' lang='lat' dir='ltr'><strong>in</strong></span> <span class='ocrx_word' id='word_1_252' title='bbox 2727 1795 2920 1851; x_wconf 87' lang='lat' dir='ltr'><strong>melius</strong></span> <span class='ocrx_word' id='word_1_253' title='bbox 2956 1794 3042 1849; x_wconf 87' lang='lat' dir='ltr'><strong>vel</strong></span> <span class='ocrx_word' id='word_1_254' title='bbox 3099 1794 3154 1847; x_wconf 91' lang='lat' dir='ltr'><strong>in</strong></span> <span class='ocrx_word' id='word_1_255' title='bbox 3203 1791 3442 1847; x_wconf 86' lang='lat' dir='ltr'><strong>deterius</strong></span> <span class='ocrx_word' id='word_1_256' title='bbox 3490 1789 3668 1844; x_wconf 81' lang='lat' dir='ltr'><strong>medio</strong></span> 
     </span>
    </p>
   </div>
   <div class='ocr_carea' id='block_1_31' title="bbox 386 1879 3662 1974">
    <p class='ocr_par' dir='ltr' id='par_1_31' title="bbox 386 1879 3662 1974">
     <span class='ocr_line' id='line_1_31' title="bbox 386 1879 3662 1974; baseline -0.007 -16"><span class='ocrx_word' id='word_1_257' title='bbox 386 1912 609 1974; x_wconf 89' lang='lat' dir='ltr'><strong>propter</strong></span> <span class='ocrx_word' id='word_1_258' title='bbox 632 1902 913 1959; x_wconf 89' lang='lat' dir='ltr'><strong>Christum</strong></span> <span class='ocrx_word' id='word_1_259' title='bbox 934 1902 1130 1958; x_wconf 87' lang='lat' dir='ltr'><strong>damna</strong></span> <span class='ocrx_word' id='word_1_260' title='bbox 1161 1916 1280 1957; x_wconf 90' lang='lat' dir='ltr'><strong>esse</strong></span> <span class='ocrx_word' id='word_1_261' title='bbox 1310 1900 1437 1956; x_wconf 81' lang='lat' dir='ltr'><strong>duxi</strong></span> <span class='ocrx_word' id='word_1_262' title='bbox 1472 1879 1497 1954; x_wconf 77' lang='grc' dir='ltr'><strong>ε¹</strong></span> <span class='ocrx_word' id='word_1_263' title='bbox 1520 1915 1622 1955; x_wconf 86' lang='grc' dir='ltr'>ιιεε</span> <span class='ocrx_word' id='word_1_264' title='bbox 1667 1898 1836 1953; x_wconf 91' lang='lat' dir='ltr'><strong>solum</strong></span> <span class='ocrx_word' id='word_1_265' title='bbox 1877 1898 1974 1952; x_wconf 89' lang='lat' dir='ltr'><strong>de-</strong></span> <span class='ocrx_word' id='word_1_266' title='bbox 2003 1879 2052 1949; x_wconf 77' lang='grc' dir='ltr'><strong>Β</strong></span> <span class='ocrx_word' id='word_1_267' title='bbox 2083 1901 2323 1964; x_wconf 88' lang='lat' dir='ltr'><strong>tempore</strong></span> <span class='ocrx_word' id='word_1_268' title='bbox 2346 1898 2768 1954; x_wconf 88' lang='lat' dir='ltr'><strong>commutantur,</strong></span> <span class='ocrx_word' id='word_1_269' title='bbox 2797 1890 2891 1944; x_wconf 91' lang='lat' dir='ltr'><strong>sed</strong></span> <span class='ocrx_word' id='word_1_270' title='bbox 2912 1889 2966 1942; x_wconf 92' lang='lat' dir='ltr'><strong>in</strong></span> <span class='ocrx_word' id='word_1_271' title='bbox 2990 1888 3185 1957; x_wconf 84' lang='lat' dir='ltr'><strong>quibus</strong></span> <span class='ocrx_word' id='word_1_272' title='bbox 3206 1884 3467 1943; x_wconf 81' lang='lat' dir='ltr'><strong>extremis</strong></span> <span class='ocrx_word' id='word_1_273' title='bbox 3481 1883 3662 1939; x_wconf 80' lang='lat' dir='ltr'><strong>inven-</strong></span> 
     </span>
    </p>
   </div>
   <div class='ocr_carea' id='block_1_32' title="bbox 389 1989 1976 2061">
    <p class='ocr_par' dir='ltr' id='par_1_32' title="bbox 389 1989 1976 2061">
     <span class='ocr_line' id='line_1_32' title="bbox 389 1989 1976 2061; baseline -0.006 -13"><span class='ocrx_word' id='word_1_274' title='bbox 389 1995 665 2061; x_wconf 85' lang='lat' dir='ltr'><strong>trimenta,</strong></span> <span class='ocrx_word' id='word_1_275' title='bbox 691 2010 881 2050; x_wconf 88' lang='lat' dir='ltr'><strong>verum</strong></span> <span class='ocrx_word' id='word_1_276' title='bbox 917 1993 1083 2048; x_wconf 90' lang='lat' dir='ltr'><strong>etiam</strong></span> <span class='ocrx_word' id='word_1_277' title='bbox 1124 2002 1368 2047; x_wconf 87' lang='lat' dir='ltr'><strong>stercora</strong></span> <span class='ocrx_word' id='word_1_278' title='bbox 1404 1989 1711 2045; x_wconf 83' lang='lat' dir='ltr'><strong>existimavi</strong></span> <span class='ocrx_word' id='word_1_279' title='bbox 1741 2003 1882 2052; x_wconf 87' lang='lat' dir='ltr'><strong>esse,</strong></span> <span class='ocrx_word' id='word_1_280' title='bbox 1916 1993 1976 2039; x_wconf 87' lang='lat' dir='ltr'><strong>ut</strong></span> 
     </span>
    </p>
   </div>
   <div class='ocr_carea' id='block_1_33' title="bbox 388 2081 1976 2156">
    <p class='ocr_par' dir='ltr' id='par_1_33' title="bbox 388 2081 1976 2156">
     <span class='ocr_line' id='line_1_33' title="bbox 388 2081 1976 2156; baseline -0.007 -13"><span class='ocrx_word' id='word_1_281' title='bbox 388 2084 666 2143; x_wconf 84' lang='lat' dir='ltr'><strong>Christum</strong></span> <span class='ocrx_word' id='word_1_282' title='bbox 696 2085 1070 2141; x_wconf 86' lang='lat' dir='ltr'><strong>lucrifacerem</strong></span> <span class='ocrx_word' id='word_1_283' title='bbox 1095 2082 1350 2156; x_wconf 81' lang='lat' dir='ltr'><strong>(Philipp.</strong></span> <span class='ocrx_word' id='word_1_284' title='bbox 1381 2081 1487 2156; x_wconf 90' lang='grc' dir='ltr'>ιιι).</span> <span class='ocrx_word' id='word_1_285' title='bbox 1522 2103 1539 2133; x_wconf 73' lang='grc' dir='ltr'>ι</span> <span class='ocrx_word' id='word_1_286' title='bbox 1574 2082 1649 2143; x_wconf 90' lang='lat' dir='ltr'><strong>De</strong></span> <span class='ocrx_word' id='word_1_287' title='bbox 1676 2088 1819 2135; x_wconf 86' lang='lat' dir='ltr'><strong>terra</strong></span> <span class='ocrx_word' id='word_1_288' title='bbox 1850 2094 1976 2151; x_wconf 82' lang='lat' dir='ltr'><strong>ergo</strong></span> 
     </span>
    </p>
   </div>
   <div class='ocr_carea' id='block_1_34' title="bbox 388 2174 1978 2247">
    <p class='ocr_par' dir='ltr' id='par_1_34' title="bbox 388 2174 1978 2247">
     <span class='ocr_line' id='line_1_34' title="bbox 388 2174 1978 2247; baseline -0.008 -12"><span class='ocrx_word' id='word_1_289' title='bbox 388 2180 685 2235; x_wconf 77' lang='lat' dir='ltr'><strong>suscitatus</strong></span> <span class='ocrx_word' id='word_1_290' title='bbox 711 2190 793 2234; x_wconf 90' lang='lat' dir='ltr'><strong>est</strong></span> <span class='ocrx_word' id='word_1_291' title='bbox 822 2178 930 2244; x_wconf 90' lang='lat' dir='ltr'><strong>ille,</strong></span> <span class='ocrx_word' id='word_1_292' title='bbox 963 2193 1125 2247; x_wconf 86' lang='lat' dir='ltr'><strong>supra</strong></span> <span class='ocrx_word' id='word_1_293' title='bbox 1161 2190 1349 2230; x_wconf 87' lang='lat' dir='ltr'><strong>omnes</strong></span> <span class='ocrx_word' id='word_1_294' title='bbox 1376 2174 1570 2229; x_wconf 86' lang='lat' dir='ltr'><strong>divites</strong></span> <span class='ocrx_word' id='word_1_295' title='bbox 1607 2186 1811 2245; x_wconf 85' lang='lat' dir='ltr'><strong>pauper</strong></span> <span class='ocrx_word' id='word_1_296' title='bbox 1858 2184 1978 2224; x_wconf 88' lang='lat' dir='ltr'><strong>ere-</strong></span> 
     </span>
    </p>
   </div>
   <div class='ocr_carea' id='block_1_35' title="bbox 389 2262 1977 2339">
    <p class='ocr_par' dir='ltr' id='par_1_35' title="bbox 389 2262 1977 2339">
     <span class='ocr_line' id='line_1_35' title="bbox 389 2262 1977 2339; baseline -0.008 -10"><span class='ocrx_word' id='word_1_297' title='bbox 389 2280 509 2329; x_wconf 90' lang='lat' dir='ltr'><strong>ctus</strong></span> <span class='ocrx_word' id='word_1_298' title='bbox 533 2280 643 2339; x_wconf 77' lang='lat' dir='ltr'><strong>est,</strong></span> <span class='ocrx_word' id='word_1_299' title='bbox 674 2281 730 2328; x_wconf 92' lang='lat' dir='ltr'><strong>et</strong></span> <span class='ocrx_word' id='word_1_300' title='bbox 778 2272 846 2327; x_wconf 87' lang='lat' dir='ltr'><strong>de</strong></span> <span class='ocrx_word' id='word_1_301' title='bbox 888 2272 982 2327; x_wconf 92' lang='lat' dir='ltr'><strong>illo</strong></span> <span class='ocrx_word' id='word_1_302' title='bbox 1023 2279 1260 2325; x_wconf 84' lang='lat' dir='ltr'><strong>stercore</strong></span> <span class='ocrx_word' id='word_1_303' title='bbox 1290 2284 1452 2337; x_wconf 88' lang='lat' dir='ltr'><strong>supra</strong></span> <span class='ocrx_word' id='word_1_304' title='bbox 1480 2281 1671 2321; x_wconf 91' lang='lat' dir='ltr'><strong>omnes</strong></span> <span class='ocrx_word' id='word_1_305' title='bbox 1693 2262 1977 2335; x_wconf 83' lang='lat' dir='ltr'><strong>opulentos</strong></span> 
     </span>
    </p>
   </div>
   <div class='ocr_carea' id='block_1_36' title="bbox 389 2355 1977 2441">
    <p class='ocr_par' dir='ltr' id='par_1_36' title="bbox 389 2355 1977 2441">
     <span class='ocr_line' id='line_1_36' title="bbox 389 2355 1977 2441; baseline -0.005 -22"><span class='ocrx_word' id='word_1_306' title='bbox 389 2365 478 2420; x_wconf 89' lang='lat' dir='ltr'><strong>ille</strong></span> <span class='ocrx_word' id='word_1_307' title='bbox 504 2365 682 2441; x_wconf 83' lang='lat' dir='ltr'><strong>inops,</strong></span> <span class='ocrx_word' id='word_1_308' title='bbox 724 2372 783 2419; x_wconf 91' lang='lat' dir='ltr'><strong>ut</strong></span> <span class='ocrx_word' id='word_1_309' title='bbox 812 2363 1000 2423; x_wconf 83' lang='lat' dir='ltr'><strong>sedeat</strong></span> <span class='ocrx_word' id='word_1_310' title='bbox 1049 2378 1172 2418; x_wconf 89' lang='lat' dir='ltr'><strong>cum</strong></span> <span class='ocrx_word' id='word_1_311' title='bbox 1201 2360 1510 2437; x_wconf 89' lang='lat' dir='ltr'><strong>potentibus</strong></span> <span class='ocrx_word' id='word_1_312' title='bbox 1547 2357 1749 2428; x_wconf 89' lang='lat' dir='ltr'><strong>populi,</strong></span> <span class='ocrx_word' id='word_1_313' title='bbox 1783 2355 1977 2426; x_wconf 88' lang='lat' dir='ltr'><strong>quibus</strong></span> 
     </span>
    </p>
   </div>
   <div class='ocr_carea' id='block_1_37' title="bbox 388 2447 1971 2526">
    <p class='ocr_par' dir='ltr' id='par_1_37' title="bbox 388 2447 1971 2526">
     <span class='ocr_line' id='line_1_37' title="bbox 388 2447 1971 2526; baseline -0.004 -16"><span class='ocrx_word' id='word_1_314' title='bbox 388 2456 466 2510; x_wconf 90' lang='lat' dir='ltr'><strong>ait</strong></span> <span class='ocrx_word' id='word_1_315' title='bbox 491 2475 501 2509; x_wconf 93' lang='lat'>:</span> <span class='ocrx_word' id='word_1_316' title='bbox 534 2476 553 2507; x_wconf 86' lang='grc'><strong><em>‹</em></strong></span> <span class='ocrx_word' id='word_1_317' title='bbox 588 2455 853 2511; x_wconf 88' lang='lat' dir='ltr'><strong>Sedebitis</strong></span> <span class='ocrx_word' id='word_1_318' title='bbox 879 2471 1042 2526; x_wconf 82' lang='lat' dir='ltr'><strong>super</strong></span> <span class='ocrx_word' id='word_1_319' title='bbox 1070 2454 1347 2509; x_wconf 78' lang='lat' dir='ltr'><strong>iuodecim</strong></span> <span class='ocrx_word' id='word_1_320' title='bbox 1368 2452 1522 2507; x_wconf 86' lang='lat' dir='ltr'><strong>sedes</strong></span> <span class='ocrx_word' id='word_1_321' title='bbox 1546 2448 1760 2521; x_wconf 80' lang='lat' dir='ltr'><strong>(Matth.</strong></span> <span class='ocrx_word' id='word_1_322' title='bbox 1781 2447 1923 2518; x_wconf 69' lang='lat' dir='ltr'><strong>xm).</strong></span> <span class='ocrx_word' id='word_1_323' title='bbox 1952 2466 1971 2503; x_wconf 71' lang='grc' dir='ltr'><strong>ι</strong></span> 
     </span>
    </p>
   </div>
   <div class='ocr_carea' id='block_1_38' title="bbox 389 2545 1574 2627">
    <p class='ocr_par' dir='ltr' id='par_1_38' title="bbox 389 2545 1574 2627">
     <span class='ocr_line' id='line_1_38' title="bbox 389 2545 1574 2627; baseline -0.003 -26"><span class='ocrx_word' id='word_1_324' title='bbox 389 2554 445 2601; x_wconf 88' lang='grc' dir='ltr'><strong>ει</strong></span> <span class='ocrx_word' id='word_1_325' title='bbox 473 2548 654 2603; x_wconf 84' lang='lat' dir='ltr'><strong>sedem</strong></span> <span class='ocrx_word' id='word_1_326' title='bbox 695 2546 880 2627; x_wconf 71' lang='lat' dir='ltr'><strong>glorite</strong></span> <span class='ocrx_word' id='word_1_327' title='bbox 909 2548 1281 2602; x_wconf 79' lang='lat' dir='ltr'><strong>hacreditatem</strong></span> <span class='ocrx_word' id='word_1_328' title='bbox 1310 2547 1445 2601; x_wconf 85' lang='lat' dir='ltr'><strong>dans</strong></span> <span class='ocrx_word' id='word_1_329' title='bbox 1474 2545 1574 2600; x_wconf 89' lang='lat' dir='ltr'><strong>eis.</strong></span> 
     </span>
    </p>
   </div>
   <div class='ocr_carea' id='block_1_39' title="bbox 463 2634 1979 2707">
    <p class='ocr_par' dir='ltr' id='par_1_39' title="bbox 463 2634 1979 2707">
     <span class='ocr_line' id='line_1_39' title="bbox 463 2634 1979 2707; baseline 0.001 -16"><span class='ocrx_word' id='word_1_330' title='bbox 463 2659 483 2691; x_wconf 86' lang='grc'><strong>‹</strong></span> <span class='ocrx_word' id='word_1_331' title='bbox 522 2640 736 2695; x_wconf 89' lang='lat' dir='ltr'><strong>Domini</strong></span> <span class='ocrx_word' id='word_1_332' title='bbox 764 2640 909 2695; x_wconf 90' lang='lat' dir='ltr'><strong>enim</strong></span> <span class='ocrx_word' id='word_1_333' title='bbox 930 2647 1055 2694; x_wconf 91' lang='lat' dir='ltr'><strong>sunt</strong></span> <span class='ocrx_word' id='word_1_334' title='bbox 1075 2640 1323 2696; x_wconf 89' lang='lat' dir='ltr'><strong>cardines</strong></span> <span class='ocrx_word' id='word_1_335' title='bbox 1346 2646 1524 2702; x_wconf 73' lang='lat' dir='ltr'><strong>terrm,</strong></span> <span class='ocrx_word' id='word_1_336' title='bbox 1538 2644 1595 2691; x_wconf 90' lang='lat' dir='ltr'><strong>et</strong></span> <span class='ocrx_word' id='word_1_337' title='bbox 1613 2634 1795 2707; x_wconf 87' lang='lat' dir='ltr'><strong>posuit</strong></span> <span class='ocrx_word' id='word_1_338' title='bbox 1817 2648 1979 2704; x_wconf 82' lang='lat' dir='ltr'><strong>super</strong></span> 
     </span>
    </p>
   </div>
   <div class='ocr_carea' id='block_1_40' title="bbox 387 2726 1979 2799">
    <p class='ocr_par' dir='ltr' id='par_1_40' title="bbox 387 2726 1979 2799">
     <span class='ocr_line' id='line_1_40' title="bbox 387 2726 1979 2799; baseline -0.003 -13"><span class='ocrx_word' id='word_1_339' title='bbox 387 2744 481 2786; x_wconf 90' lang='lat' dir='ltr'><strong>eos</strong></span> <span class='ocrx_word' id='word_1_340' title='bbox 524 2729 732 2789; x_wconf 81' lang='lat' dir='ltr'><strong>urbem.</strong></span> <span class='ocrx_word' id='word_1_341' title='bbox 772 2749 791 2781; x_wconf 73' lang='grc' dir='ltr'><strong>ι</strong></span> <span class='ocrx_word' id='word_1_342' title='bbox 820 2728 957 2799; x_wconf 87' lang='lat' dir='ltr'><strong>Quia</strong></span> <span class='ocrx_word' id='word_1_343' title='bbox 1004 2729 1121 2798; x_wconf 90' lang='lat' dir='ltr'><strong>ipse</strong></span> <span class='ocrx_word' id='word_1_344' title='bbox 1149 2749 1167 2781; x_wconf 89' lang='grc'><strong>‹</strong></span> <span class='ocrx_word' id='word_1_345' title='bbox 1205 2728 1514 2784; x_wconf 89' lang='lat' dir='ltr'><strong>dominatur</strong></span> <span class='ocrx_word' id='word_1_346' title='bbox 1554 2743 1585 2781; x_wconf 92' lang='lat' dir='ltr'><strong>a</strong></span> <span class='ocrx_word' id='word_1_347' title='bbox 1618 2726 1759 2783; x_wconf 84' lang='lat' dir='ltr'><strong>mari</strong></span> <span class='ocrx_word' id='word_1_348' title='bbox 1807 2740 1979 2796; x_wconf 87' lang='lat' dir='ltr'><strong>usque</strong></span> 
     </span>
    </p>
   </div>
   <div class='ocr_carea' id='block_1_41' title="bbox 388 2817 1978 2891">
    <p class='ocr_par' dir='ltr' id='par_1_41' title="bbox 388 2817 1978 2891">
     <span class='ocr_line' id='line_1_41' title="bbox 388 2817 1978 2891; baseline -0.003 -14"><span class='ocrx_word' id='word_1_349' title='bbox 388 2821 455 2877; x_wconf 87' lang='lat' dir='ltr'><strong>ad</strong></span> <span class='ocrx_word' id='word_1_350' title='bbox 515 2836 684 2886; x_wconf 86' lang='lat' dir='ltr'><strong>mare,</strong></span> <span class='ocrx_word' id='word_1_351' title='bbox 742 2828 797 2874; x_wconf 89' lang='lat' dir='ltr'><strong>et</strong></span> <span class='ocrx_word' id='word_1_352' title='bbox 848 2838 879 2877; x_wconf 90' lang='lat' dir='ltr'><strong>a</strong></span> <span class='ocrx_word' id='word_1_353' title='bbox 928 2819 1149 2877; x_wconf 82' lang='lat' dir='ltr'><strong>flumine</strong></span> <span class='ocrx_word' id='word_1_354' title='bbox 1194 2836 1368 2891; x_wconf 84' lang='lat' dir='ltr'><strong>usque</strong></span> <span class='ocrx_word' id='word_1_355' title='bbox 1421 2819 1489 2874; x_wconf 89' lang='lat' dir='ltr'><strong>ad</strong></span> <span class='ocrx_word' id='word_1_356' title='bbox 1530 2819 1792 2879; x_wconf 76' lang='lat' dir='ltr'><strong>terminos</strong></span> <span class='ocrx_word' id='word_1_357' title='bbox 1829 2817 1978 2875; x_wconf 85' lang='lat' dir='ltr'><strong>orbis</strong></span> 
     </span>
    </p>
   </div>
   <div class='ocr_carea' id='block_1_42' title="bbox 390 2909 1979 2985">
    <p class='ocr_par' dir='ltr' id='par_1_42' title="bbox 390 2909 1979 2985">
     <span class='ocr_line' id='line_1_42' title="bbox 390 2909 1979 2985; baseline 0 -21"><span class='ocrx_word' id='word_1_358' title='bbox 390 2919 549 2965; x_wconf 58' lang='lat' dir='ltr'><strong>terra:</strong></span> <span class='ocrx_word' id='word_1_359' title='bbox 588 2910 759 2982; x_wconf 88' lang='lat' dir='ltr'><strong>(Psal.</strong></span> <span class='ocrx_word' id='word_1_360' title='bbox 792 2912 981 2985; x_wconf 78' lang='lat' dir='ltr'><strong>Lxxn).</strong></span> <span class='ocrx_word' id='word_1_361' title='bbox 1028 2932 1047 2963; x_wconf 84' lang='grc'><strong>›</strong></span> <span class='ocrx_word' id='word_1_362' title='bbox 1096 2932 1114 2964; x_wconf 88' lang='grc'><strong><em>‹</em></strong></span> <span class='ocrx_word' id='word_1_363' title='bbox 1155 2912 1391 2978; x_wconf 91' lang='lat' dir='ltr'><strong>Domini,</strong></span> <span class='ocrx_word' id='word_1_364' title='bbox 1424 2911 1619 2983; x_wconf 88' lang='lat' dir='ltr'><strong>inquit,</strong></span> <span class='ocrx_word' id='word_1_365' title='bbox 1649 2918 1773 2965; x_wconf 91' lang='lat' dir='ltr'><strong>sunt</strong></span> <span class='ocrx_word' id='word_1_366' title='bbox 1801 2909 1979 2966; x_wconf 90' lang='lat' dir='ltr'><strong>cardi-</strong></span> 
     </span>
    </p>
   </div>
   <div class='ocr_carea' id='block_1_43' title="bbox 388 3000 1982 3075">
    <p class='ocr_par' dir='ltr' id='par_1_43' title="bbox 388 3000 1982 3075">
     <span class='ocr_line' id='line_1_43' title="bbox 388 3000 1982 3075; baseline -0.003 -17"><span class='ocrx_word' id='word_1_367' title='bbox 388 3017 487 3058; x_wconf 91' lang='lat' dir='ltr'><strong>nes</strong></span> <span class='ocrx_word' id='word_1_368' title='bbox 520 3009 702 3068; x_wconf 65' lang='lat' dir='ltr'><strong>terrae,</strong></span> <span class='ocrx_word' id='word_1_369' title='bbox 748 3023 767 3055; x_wconf 77' lang='grc' dir='ltr'><strong>ι</strong></span> <span class='ocrx_word' id='word_1_370' title='bbox 810 3003 914 3058; x_wconf 83' lang='lat' dir='ltr'><strong>hoc</strong></span> <span class='ocrx_word' id='word_1_371' title='bbox 950 3012 1054 3070; x_wconf 88' lang='lat' dir='ltr'><strong>est,</strong></span> <span class='ocrx_word' id='word_1_372' title='bbox 1090 3012 1324 3074; x_wconf 88' lang='lat' dir='ltr'><strong>quatuor</strong></span> <span class='ocrx_word' id='word_1_373' title='bbox 1356 3003 1526 3075; x_wconf 86' lang='lat' dir='ltr'><strong>plagae</strong></span> <span class='ocrx_word' id='word_1_374' title='bbox 1549 3002 1756 3068; x_wconf 89' lang='lat' dir='ltr'><strong>mundi,</strong></span> <span class='ocrx_word' id='word_1_375' title='bbox 1783 3001 1841 3059; x_wconf 86' lang='lat' dir='ltr'><strong>in</strong></span> <span class='ocrx_word' id='word_1_376' title='bbox 1867 3000 1982 3075; x_wconf 87' lang='lat' dir='ltr'><strong>qui-</strong></span> 
     </span>
    </p>
   </div>
   <div class='ocr_carea' id='block_1_44' title="bbox 388 3090 1981 3163">
    <p class='ocr_par' dir='ltr' id='par_1_44' title="bbox 388 3090 1981 3163">
     <span class='ocr_line' id='line_1_44' title="bbox 388 3090 1981 3163; baseline -0.002 -15"><span class='ocrx_word' id='word_1_377' title='bbox 388 3093 490 3148; x_wconf 87' lang='lat' dir='ltr'><strong>bus</strong></span> <span class='ocrx_word' id='word_1_378' title='bbox 513 3093 962 3149; x_wconf 90' lang='lat' dir='ltr'><strong>dilatavitorbem</strong></span> <span class='ocrx_word' id='word_1_379' title='bbox 1001 3093 1257 3149; x_wconf 74' lang='lat' dir='ltr'><strong>Ecclesia:</strong></span> <span class='ocrx_word' id='word_1_380' title='bbox 1280 3110 1415 3161; x_wconf 71' lang='lat' dir='ltr'><strong>sum,</strong></span> <span class='ocrx_word' id='word_1_381' title='bbox 1451 3108 1569 3163; x_wconf 83' lang='lat' dir='ltr'><strong>quae</strong></span> <span class='ocrx_word' id='word_1_382' title='bbox 1605 3107 1637 3146; x_wconf 90' lang='lat' dir='ltr'><strong>a</strong></span> <span class='ocrx_word' id='word_1_383' title='bbox 1680 3090 1809 3146; x_wconf 90' lang='lat' dir='ltr'><strong>solis</strong></span> <span class='ocrx_word' id='word_1_384' title='bbox 1855 3098 1981 3145; x_wconf 90' lang='lat' dir='ltr'><strong>ortu</strong></span> 
     </span>
    </p>
   </div>
   <div class='ocr_carea' id='block_1_45' title="bbox 391 3181 1979 3257">
    <p class='ocr_par' dir='ltr' id='par_1_45' title="bbox 391 3181 1979 3257">
     <span class='ocr_line' id='line_1_45' title="bbox 391 3181 1979 3257; baseline -0.003 -18"><span class='ocrx_word' id='word_1_385' title='bbox 391 3199 563 3257; x_wconf 89' lang='lat' dir='ltr'><strong>usque</strong></span> <span class='ocrx_word' id='word_1_386' title='bbox 590 3182 657 3239; x_wconf 90' lang='lat' dir='ltr'><strong>ad</strong></span> <span class='ocrx_word' id='word_1_387' title='bbox 680 3199 935 3240; x_wconf 90' lang='lat' dir='ltr'><strong>occasum</strong></span> <span class='ocrx_word' id='word_1_388' title='bbox 980 3183 1162 3238; x_wconf 87' lang='lat' dir='ltr'><strong>laudat</strong></span> <span class='ocrx_word' id='word_1_389' title='bbox 1202 3198 1398 3239; x_wconf 90' lang='lat' dir='ltr'><strong>nomen</strong></span> <span class='ocrx_word' id='word_1_390' title='bbox 1431 3182 1567 3252; x_wconf 82' lang='lat' dir='ltr'><strong>ejus.</strong></span> <span class='ocrx_word' id='word_1_391' title='bbox 1600 3202 1616 3233; x_wconf 79' lang='grc' dir='ltr'><strong>ι</strong></span> <span class='ocrx_word' id='word_1_392' title='bbox 1653 3181 1825 3236; x_wconf 87' lang='lat' dir='ltr'><strong>Pedes</strong></span> <span class='ocrx_word' id='word_1_393' title='bbox 1853 3195 1979 3242; x_wconf 86' lang='lat' dir='ltr'><strong>san—</strong></span> 
     </span>
    </p>
   </div>
   <div class='ocr_carea' id='block_1_46' title="bbox 2082 1971 3669 2051">
    <p class='ocr_par' dir='ltr' id='par_1_46' title="bbox 2082 1971 3669 2051">
     <span class='ocr_line' id='line_1_46' title="bbox 2082 1971 3669 2051; baseline -0.009 -12"><span class='ocrx_word' id='word_1_394' title='bbox 2082 1992 2168 2039; x_wconf 91' lang='lat' dir='ltr'><strong>tus</strong></span> <span class='ocrx_word' id='word_1_395' title='bbox 2197 1981 2360 2036; x_wconf 88' lang='lat' dir='ltr'><strong>fuerit</strong></span> <span class='ocrx_word' id='word_1_396' title='bbox 2394 1980 2486 2051; x_wconf 89' lang='lat' dir='ltr'><strong>qui</strong></span> <span class='ocrx_word' id='word_1_397' title='bbox 2507 1979 2858 2048; x_wconf 88' lang='lat' dir='ltr'><strong>judicahitur.</strong></span> <span class='ocrx_word' id='word_1_398' title='bbox 2897 1998 2914 2029; x_wconf 83' lang='grc' dir='ltr'><strong>ι</strong></span> <span class='ocrx_word' id='word_1_399' title='bbox 2951 1977 3018 2031; x_wconf 91' lang='grc' dir='ltr'>Ει</span> <span class='ocrx_word' id='word_1_400' title='bbox 3040 1977 3190 2031; x_wconf 89' lang='lat' dir='ltr'><strong>dabit</strong></span> <span class='ocrx_word' id='word_1_401' title='bbox 3222 1975 3511 2046; x_wconf 86' lang='lat' dir='ltr'><strong>imperium</strong></span> <span class='ocrx_word' id='word_1_402' title='bbox 3557 1971 3669 2041; x_wconf 83' lang='lat' dir='ltr'><strong>regi</strong></span> 
     </span>
    </p>
   </div>
   <div class='ocr_carea' id='block_1_47' title="bbox 2083 2066 3673 2141">
    <p class='ocr_par' dir='ltr' id='par_1_47' title="bbox 2083 2066 3673 2141">
     <span class='ocr_line' id='line_1_47' title="bbox 2083 2066 3673 2141; baseline -0.009 -11"><span class='ocrx_word' id='word_1_403' title='bbox 2083 2089 2200 2138; x_wconf 90' lang='lat' dir='ltr'><strong>suo,</strong></span> <span class='ocrx_word' id='word_1_404' title='bbox 2235 2092 2252 2124; x_wconf 75' lang='grc' dir='ltr'>ι</span> <span class='ocrx_word' id='word_1_405' title='bbox 2290 2074 2394 2131; x_wconf 90' lang='lat' dir='ltr'><strong>hoc</strong></span> <span class='ocrx_word' id='word_1_406' title='bbox 2420 2080 2521 2137; x_wconf 91' lang='lat' dir='ltr'><strong>est,</strong></span> <span class='ocrx_word' id='word_1_407' title='bbox 2546 2070 2743 2141; x_wconf 89' lang='lat' dir='ltr'><strong>populo</strong></span> <span class='ocrx_word' id='word_1_408' title='bbox 2791 2069 3133 2134; x_wconf 83' lang='lat' dir='ltr'><strong>Christiano;</strong></span> <span class='ocrx_word' id='word_1_409' title='bbox 3164 2069 3257 2122; x_wconf 88' lang='lat' dir='ltr'><strong>dat</strong></span> <span class='ocrx_word' id='word_1_410' title='bbox 3299 2067 3379 2121; x_wconf 89' lang='lat' dir='ltr'><strong>eis</strong></span> <span class='ocrx_word' id='word_1_411' title='bbox 3414 2066 3673 2119; x_wconf 84' lang='lat' dir='ltr'><strong>virtutem</strong></span> 
     </span>
    </p>
   </div>
   <div class='ocr_carea' id='block_1_48' title="bbox 2081 2153 3671 2233">
    <p class='ocr_par' dir='ltr' id='par_1_48' title="bbox 2081 2153 3671 2233">
     <span class='ocr_line' id='line_1_48' title="bbox 2081 2153 3671 2233; baseline -0.007 -17"><span class='ocrx_word' id='word_1_412' title='bbox 2081 2179 2187 2233; x_wconf 89' lang='lat' dir='ltr'><strong>qua</strong></span> <span class='ocrx_word' id='word_1_413' title='bbox 2229 2179 2469 2227; x_wconf 88' lang='lat' dir='ltr'><strong>carnem,</strong></span> <span class='ocrx_word' id='word_1_414' title='bbox 2498 2162 2639 2216; x_wconf 82' lang='lat' dir='ltr'><strong>sicut</strong></span> <span class='ocrx_word' id='word_1_415' title='bbox 2668 2176 2848 2230; x_wconf 83' lang='lat' dir='ltr'><strong>reges,</strong></span> <span class='ocrx_word' id='word_1_416' title='bbox 2884 2168 3093 2227; x_wconf 80' lang='lat' dir='ltr'><strong>regant,</strong></span> <span class='ocrx_word' id='word_1_417' title='bbox 3122 2166 3176 2212; x_wconf 90' lang='lat' dir='ltr'><strong>et</strong></span> <span class='ocrx_word' id='word_1_418' title='bbox 3205 2157 3258 2211; x_wconf 90' lang='lat' dir='ltr'><strong>in</strong></span> <span class='ocrx_word' id='word_1_419' title='bbox 3297 2154 3387 2210; x_wconf 91' lang='lat' dir='ltr'><strong>illo</strong></span> <span class='ocrx_word' id='word_1_420' title='bbox 3417 2153 3509 2231; x_wconf 81' lang='lat' dir='ltr'><strong>qui</strong></span> <span class='ocrx_word' id='word_1_421' title='bbox 3541 2168 3671 2222; x_wconf 87' lang='lat' dir='ltr'><strong>pro-</strong></span> 
     </span>
    </p>
   </div>
   <div class='ocr_carea' id='block_1_49' title="bbox 2080 2246 3671 2328">
    <p class='ocr_par' dir='ltr' id='par_1_49' title="bbox 2080 2246 3671 2328">
     <span class='ocr_line' id='line_1_49' title="bbox 2080 2246 3671 2328; baseline -0.009 -17"><span class='ocrx_word' id='word_1_422' title='bbox 2080 2265 2201 2328; x_wconf 90' lang='lat' dir='ltr'><strong>pter</strong></span> <span class='ocrx_word' id='word_1_423' title='bbox 2234 2271 2328 2310; x_wconf 91' lang='lat' dir='ltr'><strong>eos</strong></span> <span class='ocrx_word' id='word_1_424' title='bbox 2367 2254 2504 2309; x_wconf 81' lang='lat' dir='ltr'><strong>fudit</strong></span> <span class='ocrx_word' id='word_1_425' title='bbox 2553 2253 2868 2324; x_wconf 89' lang='lat' dir='ltr'><strong>sanguinem</strong></span> <span class='ocrx_word' id='word_1_426' title='bbox 2913 2266 3067 2305; x_wconf 89' lang='lat' dir='ltr'><strong>suum</strong></span> <span class='ocrx_word' id='word_1_427' title='bbox 3124 2247 3387 2303; x_wconf 90' lang='lat' dir='ltr'><strong>mundum</strong></span> <span class='ocrx_word' id='word_1_428' title='bbox 3429 2246 3671 2301; x_wconf 89' lang='lat' dir='ltr'><strong>vincant.</strong></span> 
     </span>
    </p>
   </div>
   <div class='ocr_carea' id='block_1_50' title="bbox 2082 2335 3677 2416">
    <p class='ocr_par' dir='ltr' id='par_1_50' title="bbox 2082 2335 3677 2416">
     <span class='ocr_line' id='line_1_50' title="bbox 2082 2335 3677 2416; baseline -0.01 -14"><span class='ocrx_word' id='word_1_429' title='bbox 2082 2346 2380 2416; x_wconf 87' lang='lat' dir='ltr'><strong>Sequitur:</strong></span> <span class='ocrx_word' id='word_1_430' title='bbox 2419 2363 2437 2395; x_wconf 88' lang='grc'><em>‹</em></span> <span class='ocrx_word' id='word_1_431' title='bbox 2480 2344 2547 2398; x_wconf 85' lang='grc' dir='ltr'>Ει</span> <span class='ocrx_word' id='word_1_432' title='bbox 2580 2341 2892 2399; x_wconf 88' lang='lat' dir='ltr'><strong>sublimabit</strong></span> <span class='ocrx_word' id='word_1_433' title='bbox 2915 2357 3081 2397; x_wconf 90' lang='lat' dir='ltr'><strong>cornu</strong></span> <span class='ocrx_word' id='word_1_434' title='bbox 3105 2339 3309 2395; x_wconf 87' lang='lat' dir='ltr'><strong>Christi</strong></span> <span class='ocrx_word' id='word_1_435' title='bbox 3338 2337 3440 2399; x_wconf 84' lang='lat' dir='ltr'><strong>sui.</strong></span> <span class='ocrx_word' id='word_1_436' title='bbox 3483 2357 3501 2387; x_wconf 85' lang='grc'><strong>›</strong></span> <span class='ocrx_word' id='word_1_437' title='bbox 3529 2335 3677 2403; x_wconf 82' lang='lat' dir='ltr'><strong>Quo-</strong></span> 
     </span>
    </p>
   </div>
   <div class='ocr_carea' id='block_1_51' title="bbox 2079 2427 3674 2495">
    <p class='ocr_par' dir='ltr' id='par_1_51' title="bbox 2079 2427 3674 2495">
     <span class='ocr_line' id='line_1_51' title="bbox 2079 2427 3674 2495; baseline -0.009 -2"><span class='ocrx_word' id='word_1_438' title='bbox 2079 2437 2241 2493; x_wconf 86' lang='lat' dir='ltr'><strong>modo</strong></span> <span class='ocrx_word' id='word_1_439' title='bbox 2268 2435 2534 2491; x_wconf 81' lang='lat' dir='ltr'><strong>exaltabit</strong></span> <span class='ocrx_word' id='word_1_440' title='bbox 2576 2433 2829 2495; x_wconf 89' lang='lat' dir='ltr'><strong>Christus</strong></span> <span class='ocrx_word' id='word_1_441' title='bbox 2866 2448 3037 2487; x_wconf 91' lang='lat' dir='ltr'><strong>cornu</strong></span> <span class='ocrx_word' id='word_1_442' title='bbox 3068 2430 3277 2487; x_wconf 86' lang='lat' dir='ltr'><strong>Christi</strong></span> <span class='ocrx_word' id='word_1_443' title='bbox 3305 2429 3424 2485; x_wconf 86' lang='lat' dir='ltr'><strong>sui?</strong></span> <span class='ocrx_word' id='word_1_444' title='bbox 3474 2427 3674 2485; x_wconf 85' lang='lat' dir='ltr'><strong>Omnes</strong></span> 
     </span>
    </p>
   </div>
   <div class='ocr_carea' id='block_1_52' title="bbox 2080 2522 3671 2598">
    <p class='ocr_par' dir='ltr' id='par_1_52' title="bbox 2080 2522 3671 2598">
     <span class='ocr_line' id='line_1_52' title="bbox 2080 2522 3671 2598; baseline -0.006 -17"><span class='ocrx_word' id='word_1_445' title='bbox 2080 2528 2277 2598; x_wconf 91' lang='lat' dir='ltr'><strong>quippe</strong></span> <span class='ocrx_word' id='word_1_446' title='bbox 2307 2535 2500 2581; x_wconf 90' lang='lat' dir='ltr'><strong>unctos</strong></span> <span class='ocrx_word' id='word_1_447' title='bbox 2535 2525 2657 2597; x_wconf 87' lang='lat' dir='ltr'><strong>ejus</strong></span> <span class='ocrx_word' id='word_1_448' title='bbox 2688 2525 2981 2580; x_wconf 88' lang='lat' dir='ltr'><strong>chrismate</strong></span> <span class='ocrx_word' id='word_1_449' title='bbox 3016 2532 3161 2578; x_wconf 89' lang='lat' dir='ltr'><strong>recte</strong></span> <span class='ocrx_word' id='word_1_450' title='bbox 3194 2522 3433 2577; x_wconf 90' lang='lat' dir='ltr'><strong>christos</strong></span> <span class='ocrx_word' id='word_1_451' title='bbox 3479 2533 3671 2597; x_wconf 88' lang='lat' dir='ltr'><strong>possu-</strong></span> 
     </span>
    </p>
   </div>
   <div class='ocr_carea' id='block_1_53' title="bbox 2080 2612 3680 2688">
    <p class='ocr_par' dir='ltr' id='par_1_53' title="bbox 2080 2612 3680 2688">
     <span class='ocr_line' id='line_1_53' title="bbox 2080 2612 3680 2688; baseline -0.009 -12"><span class='ocrx_word' id='word_1_452' title='bbox 2080 2636 2201 2676; x_wconf 89' lang='lat' dir='ltr'><strong>mus</strong></span> <span class='ocrx_word' id='word_1_453' title='bbox 2229 2620 2408 2676; x_wconf 83' lang='lat' dir='ltr'><strong>dicere</strong></span> <span class='ocrx_word' id='word_1_454' title='bbox 2427 2661 2441 2685; x_wconf 95' lang='lat'><strong>,</strong></span> <span class='ocrx_word' id='word_1_455' title='bbox 2472 2622 2614 2688; x_wconf 92' lang='lat' dir='ltr'><strong>quod</strong></span> <span class='ocrx_word' id='word_1_456' title='bbox 2657 2625 2835 2672; x_wconf 89' lang='lat' dir='ltr'><strong>tamen</strong></span> <span class='ocrx_word' id='word_1_457' title='bbox 2865 2623 3034 2671; x_wconf 91' lang='lat' dir='ltr'><strong>totum</strong></span> <span class='ocrx_word' id='word_1_458' title='bbox 3066 2631 3189 2670; x_wconf 92' lang='lat' dir='ltr'><strong>cum</strong></span> <span class='ocrx_word' id='word_1_459' title='bbox 3213 2630 3310 2669; x_wconf 92' lang='lat' dir='ltr'><strong>suo</strong></span> <span class='ocrx_word' id='word_1_460' title='bbox 3335 2612 3515 2683; x_wconf 89' lang='lat' dir='ltr'><strong>capite</strong></span> <span class='ocrx_word' id='word_1_461' title='bbox 3553 2624 3680 2665; x_wconf 82' lang='lat' dir='ltr'><strong>cor-</strong></span> 
     </span>
    </p>
   </div>
   <div class='ocr_carea' id='block_1_54' title="bbox 2079 2704 3682 2784">
    <p class='ocr_par' dir='ltr' id='par_1_54' title="bbox 2079 2704 3682 2784">
     <span class='ocr_line' id='line_1_54' title="bbox 2079 2704 3682 2784; baseline -0.007 -18"><span class='ocrx_word' id='word_1_462' title='bbox 2079 2729 2182 2784; x_wconf 88' lang='lat' dir='ltr'><strong>pus</strong></span> <span class='ocrx_word' id='word_1_463' title='bbox 2208 2726 2346 2767; x_wconf 90' lang='lat' dir='ltr'><strong>unus</strong></span> <span class='ocrx_word' id='word_1_464' title='bbox 2388 2716 2472 2765; x_wconf 92' lang='lat' dir='ltr'><strong>est</strong></span> <span class='ocrx_word' id='word_1_465' title='bbox 2498 2708 2772 2764; x_wconf 90' lang='lat' dir='ltr'><strong>Christus.</strong></span> <span class='ocrx_word' id='word_1_466' title='bbox 2813 2706 2938 2762; x_wconf 61' lang='lat' dir='ltr'><strong>Haec</strong></span> <span class='ocrx_word' id='word_1_467' title='bbox 2985 2706 3140 2762; x_wconf 83' lang='lat' dir='ltr'><strong>Anna</strong></span> <span class='ocrx_word' id='word_1_468' title='bbox 3166 2704 3527 2778; x_wconf 87' lang='lat' dir='ltr'><strong>prophetavit,</strong></span> <span class='ocrx_word' id='word_1_469' title='bbox 3559 2708 3682 2757; x_wconf 83' lang='lat' dir='ltr'><strong>ma-</strong></span> 
     </span>
    </p>
   </div>
   <div class='ocr_carea' id='block_1_55' title="bbox 2080 2794 3671 2866">
    <p class='ocr_par' dir='ltr' id='par_1_55' title="bbox 2080 2794 3671 2866">
     <span class='ocr_line' id='line_1_55' title="bbox 2080 2794 3671 2866; baseline -0.008 -9"><span class='ocrx_word' id='word_1_470' title='bbox 2080 2811 2165 2857; x_wconf 88' lang='lat' dir='ltr'><strong>ter</strong></span> <span class='ocrx_word' id='word_1_471' title='bbox 2215 2800 2435 2856; x_wconf 89' lang='lat' dir='ltr'><strong>Samuel</strong></span> <span class='ocrx_word' id='word_1_472' title='bbox 2466 2799 2641 2854; x_wconf 89' lang='lat' dir='ltr'><strong>sancti</strong></span> <span class='ocrx_word' id='word_1_473' title='bbox 2670 2798 2794 2864; x_wconf 87' lang='lat' dir='ltr'><strong>vlri,</strong></span> <span class='ocrx_word' id='word_1_474' title='bbox 2827 2796 3163 2866; x_wconf 85' lang='lat' dir='ltr'><strong>multumque</strong></span> <span class='ocrx_word' id='word_1_475' title='bbox 3210 2795 3436 2859; x_wconf 90' lang='lat' dir='ltr'><strong>laudati,</strong></span> <span class='ocrx_word' id='word_1_476' title='bbox 3476 2794 3531 2847; x_wconf 92' lang='lat' dir='ltr'><strong>in</strong></span> <span class='ocrx_word' id='word_1_477' title='bbox 3563 2806 3671 2865; x_wconf 88' lang='lat' dir='ltr'><strong>quo</strong></span> 
     </span>
    </p>
   </div>
   <div class='ocr_carea' id='block_1_56' title="bbox 2084 2883 3673 2964">
    <p class='ocr_par' dir='ltr' id='par_1_56' title="bbox 2084 2883 3673 2964">
     <span class='ocr_line' id='line_1_56' title="bbox 2084 2883 3673 2964; baseline -0.008 -16"><span class='ocrx_word' id='word_1_478' title='bbox 2084 2893 2304 2964; x_wconf 89' lang='lat' dir='ltr'><strong>quidem</strong></span> <span class='ocrx_word' id='word_1_479' title='bbox 2331 2899 2463 2945; x_wconf 93' lang='lat' dir='ltr'><strong>tunc</strong></span> <span class='ocrx_word' id='word_1_480' title='bbox 2494 2889 2726 2961; x_wconf 88' lang='lat' dir='ltr'><strong>ﬁgurata</strong></span> <span class='ocrx_word' id='word_1_481' title='bbox 2753 2896 2839 2944; x_wconf 91' lang='lat' dir='ltr'><strong>est</strong></span> <span class='ocrx_word' id='word_1_482' title='bbox 2865 2887 3097 2947; x_wconf 87' lang='lat' dir='ltr'><strong>mutatio</strong></span> <span class='ocrx_word' id='word_1_483' title='bbox 3124 2886 3325 2945; x_wconf 88' lang='lat' dir='ltr'><strong>veteris</strong></span> <span class='ocrx_word' id='word_1_484' title='bbox 3360 2883 3673 2947; x_wconf 88' lang='lat' dir='ltr'><strong>sacerdotii,</strong></span> 
     </span>
    </p>
   </div>
   <div class='ocr_carea' id='block_1_57' title="bbox 2087 2974 3677 3054">
    <p class='ocr_par' dir='ltr' id='par_1_57' title="bbox 2087 2974 3677 3054">
     <span class='ocr_line' id='line_1_57' title="bbox 2087 2974 3677 3054; baseline -0.008 -14"><span class='ocrx_word' id='word_1_485' title='bbox 2087 2992 2143 3041; x_wconf 91' lang='lat' dir='ltr'><strong>et</strong></span> <span class='ocrx_word' id='word_1_486' title='bbox 2188 2999 2334 3040; x_wconf 91' lang='lat' dir='ltr'><strong>nunc</strong></span> <span class='ocrx_word' id='word_1_487' title='bbox 2363 2982 2599 3054; x_wconf 91' lang='lat' dir='ltr'><strong>impleta,</strong></span> <span class='ocrx_word' id='word_1_488' title='bbox 2642 2981 2860 3052; x_wconf 88' lang='lat' dir='ltr'><strong>quando</strong></span> <span class='ocrx_word' id='word_1_489' title='bbox 2906 2979 3179 3033; x_wconf 88' lang='lat' dir='ltr'><strong>inﬁrmata</strong></span> <span class='ocrx_word' id='word_1_490' title='bbox 3228 2986 3309 3033; x_wconf 91' lang='lat' dir='ltr'><strong>est</strong></span> <span class='ocrx_word' id='word_1_491' title='bbox 3338 2992 3458 3047; x_wconf 58' lang='lat' dir='ltr'><strong>qua</strong></span> <span class='ocrx_word' id='word_1_492' title='bbox 3502 2974 3677 3030; x_wconf 89' lang='lat' dir='ltr'><strong>multa</strong></span> 
     </span>
    </p>
   </div>
   <div class='ocr_carea' id='block_1_58' title="bbox 2090 3066 3678 3140">
    <p class='ocr_par' dir='ltr' id='par_1_58' title="bbox 2090 3066 3678 3140">
     <span class='ocr_line' id='line_1_58' title="bbox 2090 3066 3678 3140; baseline -0.008 -10"><span class='ocrx_word' id='word_1_493' title='bbox 2090 3082 2208 3130; x_wconf 88' lang='lat' dir='ltr'><strong>erat</strong></span> <span class='ocrx_word' id='word_1_494' title='bbox 2239 3076 2295 3129; x_wconf 90' lang='lat' dir='ltr'><strong>in</strong></span> <span class='ocrx_word' id='word_1_495' title='bbox 2325 3073 2470 3140; x_wconf 89' lang='lat' dir='ltr'><strong>ﬁliis,</strong></span> <span class='ocrx_word' id='word_1_496' title='bbox 2497 3080 2556 3127; x_wconf 91' lang='lat' dir='ltr'><strong>ut</strong></span> <span class='ocrx_word' id='word_1_497' title='bbox 2596 3088 2794 3128; x_wconf 92' lang='lat' dir='ltr'><strong>novum</strong></span> <span class='ocrx_word' id='word_1_498' title='bbox 2819 3071 3046 3126; x_wconf 89' lang='lat' dir='ltr'><strong>haberet</strong></span> <span class='ocrx_word' id='word_1_499' title='bbox 3065 3069 3120 3124; x_wconf 91' lang='lat' dir='ltr'><strong>in</strong></span> <span class='ocrx_word' id='word_1_500' title='bbox 3151 3067 3370 3124; x_wconf 81' lang='lat' dir='ltr'><strong>Christo</strong></span> <span class='ocrx_word' id='word_1_501' title='bbox 3416 3066 3678 3121; x_wconf 58' lang='lat' dir='ltr'><strong>sacerdo~</strong></span> 
     </span>
    </p>
   </div>
   <div class='ocr_carea' id='block_1_59' title="bbox 2088 3156 3682 3237">
    <p class='ocr_par' dir='ltr' id='par_1_59' title="bbox 2088 3156 3682 3237">
     <span class='ocr_line' id='line_1_59' title="bbox 2088 3156 3682 3237; baseline -0.008 -14"><span class='ocrx_word' id='word_1_502' title='bbox 2088 3169 2224 3223; x_wconf 87' lang='lat' dir='ltr'><strong>tium</strong></span> <span class='ocrx_word' id='word_1_503' title='bbox 2279 3168 2483 3224; x_wconf 91' lang='lat' dir='ltr'><strong>sterilis</strong></span> <span class='ocrx_word' id='word_1_504' title='bbox 2509 3182 2629 3237; x_wconf 64' lang='lat' dir='ltr'><strong>quas</strong></span> <span class='ocrx_word' id='word_1_505' title='bbox 2660 3164 2871 3236; x_wconf 91' lang='lat' dir='ltr'><strong>peperit</strong></span> <span class='ocrx_word' id='word_1_506' title='bbox 2915 3171 3142 3232; x_wconf 89' lang='lat' dir='ltr'><strong>septem.</strong></span> <span class='ocrx_word' id='word_1_507' title='bbox 3195 3160 3409 3215; x_wconf 86' lang='lat' dir='ltr'><strong>interea</strong></span> <span class='ocrx_word' id='word_1_508' title='bbox 3459 3156 3682 3213; x_wconf 89' lang='lat' dir='ltr'><strong>Samuel</strong></span> 
     </span>
    </p>
   </div>
   <div class='ocr_carea' id='block_1_60' title="bbox 392 3247 1989 3340">
    <p class='ocr_par' dir='ltr' id='par_1_60' title="bbox 392 3274 1983 3340">
     <span class='ocr_line' id='line_1_60' title="bbox 392 3274 1983 3340; baseline -0.003 -9"><span class='ocrx_word' id='word_1_509' title='bbox 392 3283 603 3331; x_wconf 90' lang='lat' dir='ltr'><strong>ctorum</strong></span> <span class='ocrx_word' id='word_1_510' title='bbox 630 3290 852 3330; x_wconf 92' lang='lat' dir='ltr'><strong>suorum</strong></span> <span class='ocrx_word' id='word_1_511' title='bbox 883 3275 1145 3339; x_wconf 87' lang='lat' dir='ltr'><strong>servabit,</strong></span> <span class='ocrx_word' id='word_1_512' title='bbox 1178 3294 1195 3326; x_wconf 77' lang='grc' dir='ltr'><strong>ι</strong></span> <span class='ocrx_word' id='word_1_513' title='bbox 1229 3274 1331 3330; x_wconf 92' lang='lat' dir='ltr'><strong>hoc</strong></span> <span class='ocrx_word' id='word_1_514' title='bbox 1360 3284 1470 3340; x_wconf 87' lang='grc' dir='ltr'>εει,</span> <span class='ocrx_word' id='word_1_515' title='bbox 1519 3274 1816 3329; x_wconf 89' lang='lat' dir='ltr'><strong>electorum</strong></span> <span class='ocrx_word' id='word_1_516' title='bbox 1858 3287 1983 3327; x_wconf 80' lang='lat' dir='ltr'><strong>suo-</strong></span> 
     </span>
    </p>
   </div>
   <div class='ocr_carea' id='block_1_61' title="bbox 2093 3247 3684 3340">
    <p class='ocr_par' dir='ltr' id='par_1_61' title="bbox 2093 3247 3684 3326">
     <span class='ocr_line' id='line_1_61' title="bbox 2093 3247 3684 3326; baseline -0.008 -10"><span class='ocrx_word' id='word_1_517' title='bbox 2093 3267 2211 3316; x_wconf 89' lang='lat' dir='ltr'><strong>erat</strong></span> <span class='ocrx_word' id='word_1_518' title='bbox 2240 3259 2556 3314; x_wconf 90' lang='lat' dir='ltr'><strong>ministrans</strong></span> <span class='ocrx_word' id='word_1_519' title='bbox 2600 3258 2653 3311; x_wconf 91' lang='lat' dir='ltr'><strong>in</strong></span> <span class='ocrx_word' id='word_1_520' title='bbox 2696 3255 2893 3326; x_wconf 91' lang='lat' dir='ltr'><strong>templo</strong></span> <span class='ocrx_word' id='word_1_521' title='bbox 2926 3253 3156 3318; x_wconf 90' lang='lat' dir='ltr'><strong>Domini,</strong></span> <span class='ocrx_word' id='word_1_522' title='bbox 3183 3252 3460 3307; x_wconf 86' lang='lat' dir='ltr'><strong>accinctus</strong></span> <span class='ocrx_word' id='word_1_523' title='bbox 3502 3247 3684 3319; x_wconf 88' lang='lat' dir='ltr'><strong>ephod</strong></span> 
     </span>
    </p>
   </div>
   <div class='ocr_carea' id='block_1_62' title="bbox 393 3366 1988 3438">
    <p class='ocr_par' dir='ltr' id='par_1_62' title="bbox 393 3366 1988 3438">
     <span class='ocr_line' id='line_1_62' title="bbox 393 3366 1988 3438; baseline 0.002 -17"><span class='ocrx_word' id='word_1_524' title='bbox 393 3383 515 3421; x_wconf 89' lang='lat' dir='ltr'><strong>rum</strong></span> <span class='ocrx_word' id='word_1_525' title='bbox 545 3380 709 3437; x_wconf 88' lang='lat' dir='ltr'><strong>opera</strong></span> <span class='ocrx_word' id='word_1_526' title='bbox 731 3367 786 3422; x_wconf 90' lang='lat' dir='ltr'><strong>in</strong></span> <span class='ocrx_word' id='word_1_527' title='bbox 835 3368 978 3421; x_wconf 89' lang='lat' dir='ltr'><strong>viam</strong></span> <span class='ocrx_word' id='word_1_528' title='bbox 1000 3366 1226 3434; x_wconf 75' lang='lat' dir='ltr'><strong>justitiae</strong></span> <span class='ocrx_word' id='word_1_529' title='bbox 1251 3368 1464 3438; x_wconf 80' lang='lat' dir='ltr'><strong>diriget.</strong></span> <span class='ocrx_word' id='word_1_530' title='bbox 1496 3388 1513 3419; x_wconf 81' lang='grc' dir='ltr'><strong>ι</strong></span> <span class='ocrx_word' id='word_1_531' title='bbox 1551 3367 1619 3422; x_wconf 85' lang='grc' dir='ltr'>Ει</span> <span class='ocrx_word' id='word_1_532' title='bbox 1645 3368 1794 3438; x_wconf 89' lang='lat' dir='ltr'><strong>impii</strong></span> <span class='ocrx_word' id='word_1_533' title='bbox 1823 3368 1874 3421; x_wconf 92' lang='lat' dir='ltr'><strong>in</strong></span> <span class='ocrx_word' id='word_1_534' title='bbox 1906 3376 1988 3424; x_wconf 87' lang='lat' dir='ltr'><strong>tc-</strong></span> 
     </span>
    </p>
   </div>
   <div class='ocr_carea' id='block_1_63' title="bbox 394 3456 1985 3526">
    <p class='ocr_par' dir='ltr' id='par_1_63' title="bbox 394 3456 1985 3526">
     <span class='ocr_line' id='line_1_63' title="bbox 394 3456 1985 3526; baseline 0.001 -16"><span class='ocrx_word' id='word_1_535' title='bbox 394 3456 580 3510; x_wconf 89' lang='lat' dir='ltr'><strong>nebris</strong></span> <span class='ocrx_word' id='word_1_536' title='bbox 608 3457 1143 3526; x_wconf 88' lang='lat' dir='ltr'><strong>conticescent,quia</strong></span> <span class='ocrx_word' id='word_1_537' title='bbox 1173 3457 1458 3511; x_wconf 88' lang='lat' dir='ltr'><strong>mittentur</strong></span> <span class='ocrx_word' id='word_1_538' title='bbox 1481 3458 1805 3512; x_wconf 87' lang='lat' dir='ltr'><strong>intencbras</strong></span> <span class='ocrx_word' id='word_1_539' title='bbox 1832 3466 1985 3515; x_wconf 79' lang='lat' dir='ltr'><strong>exte-</strong></span> 
     </span>
    </p>
   </div>
   <div class='ocr_carea' id='block_1_64' title="bbox 394 3547 1987 3619">
    <p class='ocr_par' dir='ltr' id='par_1_64' title="bbox 394 3547 1987 3619">
     <span class='ocr_line' id='line_1_64' title="bbox 394 3547 1987 3619; baseline 0 -16"><span class='ocrx_word' id='word_1_540' title='bbox 394 3548 588 3615; x_wconf 89' lang='lat' dir='ltr'><strong>riores,</strong></span> <span class='ocrx_word' id='word_1_541' title='bbox 625 3548 698 3602; x_wconf 89' lang='lat' dir='ltr'><strong>ibi</strong></span> <span class='ocrx_word' id='word_1_542' title='bbox 747 3549 851 3604; x_wconf 76' lang='lat' dir='ltr'><strong>eri:</strong></span> <span class='ocrx_word' id='word_1_543' title='bbox 900 3547 1058 3603; x_wconf 79' lang='lat' dir='ltr'><strong>fletus</strong></span> <span class='ocrx_word' id='word_1_544' title='bbox 1105 3557 1161 3603; x_wconf 90' lang='lat' dir='ltr'><strong>et</strong></span> <span class='ocrx_word' id='word_1_545' title='bbox 1210 3549 1413 3604; x_wconf 90' lang='lat' dir='ltr'><strong>stridor</strong></span> <span class='ocrx_word' id='word_1_546' title='bbox 1471 3549 1713 3605; x_wconf 90' lang='lat' dir='ltr'><strong>dentium</strong></span> <span class='ocrx_word' id='word_1_547' title='bbox 1771 3547 1987 3619; x_wconf 79' lang='lat' dir='ltr'><strong>(Matth.</strong></span> 
     </span>
    </p>
   </div>
   <div class='ocr_carea' id='block_1_65' title="bbox 398 3639 1991 3711">
    <p class='ocr_par' dir='ltr' id='par_1_65' title="bbox 398 3639 1991 3711">
     <span class='ocr_line' id='line_1_65' title="bbox 398 3639 1991 3711; baseline -0.001 -17"><span class='ocrx_word' id='word_1_548' title='bbox 398 3640 534 3711; x_wconf 79' lang='lat' dir='ltr'><strong>xxu)</strong></span> <span class='ocrx_word' id='word_1_549' title='bbox 562 3657 576 3705; x_wconf 85' lang='lat'><strong>;</strong></span> <span class='ocrx_word' id='word_1_550' title='bbox 625 3660 643 3691; x_wconf 71' lang='grc' dir='ltr'>ι</span> <span class='ocrx_word' id='word_1_551' title='bbox 688 3639 779 3696; x_wconf 90' lang='lat' dir='ltr'><strong>ubi</strong></span> <span class='ocrx_word' id='word_1_552' title='bbox 811 3641 1200 3707; x_wconf 88' lang='lat' dir='ltr'><strong>conticescent,</strong></span> <span class='ocrx_word' id='word_1_553' title='bbox 1230 3641 1284 3694; x_wconf 90' lang='lat' dir='ltr'><strong>id</strong></span> <span class='ocrx_word' id='word_1_554' title='bbox 1312 3648 1419 3705; x_wconf 92' lang='lat' dir='ltr'><strong>est,</strong></span> <span class='ocrx_word' id='word_1_555' title='bbox 1447 3641 1516 3695; x_wconf 91' lang='lat' dir='ltr'><strong>ab</strong></span> <span class='ocrx_word' id='word_1_556' title='bbox 1545 3641 1856 3711; x_wconf 86' lang='lat' dir='ltr'><strong>arrogantia</strong></span> <span class='ocrx_word' id='word_1_557' title='bbox 1903 3655 1991 3695; x_wconf 91' lang='lat' dir='ltr'><strong>su-</strong></span> 
     </span>
    </p>
   </div>
   <div class='ocr_carea' id='block_1_66' title="bbox 393 3731 1993 3805">
    <p class='ocr_par' dir='ltr' id='par_1_66' title="bbox 393 3731 1993 3805">
     <span class='ocr_line' id='line_1_66' title="bbox 393 3731 1993 3805; baseline 0 -18"><span class='ocrx_word' id='word_1_558' title='bbox 393 3731 599 3805; x_wconf 66' lang='lat' dir='ltr'><strong>perbiae</strong></span> <span class='ocrx_word' id='word_1_559' title='bbox 663 3747 773 3786; x_wconf 66' lang='lat' dir='ltr'><strong>suae</strong></span> <span class='ocrx_word' id='word_1_560' title='bbox 831 3734 1142 3787; x_wconf 88' lang='lat' dir='ltr'><strong>cessabunt.</strong></span> <span class='ocrx_word' id='word_1_561' title='bbox 1181 3752 1197 3781; x_wconf 73' lang='grc' dir='ltr'><strong>ι</strong></span> <span class='ocrx_word' id='word_1_562' title='bbox 1244 3732 1381 3801; x_wconf 87' lang='lat' dir='ltr'><strong>Quia</strong></span> <span class='ocrx_word' id='word_1_563' title='bbox 1432 3747 1539 3783; x_wconf 90' lang='lat' dir='ltr'><strong>non</strong></span> <span class='ocrx_word' id='word_1_564' title='bbox 1577 3732 1628 3787; x_wconf 92' lang='lat' dir='ltr'><strong>in</strong></span> <span class='ocrx_word' id='word_1_565' title='bbox 1673 3731 1993 3789; x_wconf 71' lang='lat' dir='ltr'><strong>fortitudine</strong></span> 
     </span>
    </p>
   </div>
   <div class='ocr_carea' id='block_1_67' title="bbox 399 3819 1990 3894">
    <p class='ocr_par' dir='ltr' id='par_1_67' title="bbox 399 3819 1990 3894">
     <span class='ocr_line' id='line_1_67' title="bbox 399 3819 1990 3894; baseline -0.001 -16"><span class='ocrx_word' id='word_1_566' title='bbox 399 3839 497 3880; x_wconf 90' lang='lat' dir='ltr'><strong>sua</strong></span> <span class='ocrx_word' id='word_1_567' title='bbox 536 3823 884 3878; x_wconf 90' lang='lat' dir='ltr'><strong>roborabitur</strong></span> <span class='ocrx_word' id='word_1_568' title='bbox 912 3823 1019 3887; x_wconf 90' lang='lat' dir='ltr'><strong>vir,</strong></span> <span class='ocrx_word' id='word_1_569' title='bbox 1060 3841 1078 3873; x_wconf 75' lang='grc' dir='ltr'><strong>ι</strong></span> <span class='ocrx_word' id='word_1_570' title='bbox 1111 3822 1216 3876; x_wconf 88' lang='lat' dir='ltr'><strong>hoc</strong></span> <span class='ocrx_word' id='word_1_571' title='bbox 1236 3829 1342 3885; x_wconf 91' lang='lat' dir='ltr'><strong>est,</strong></span> <span class='ocrx_word' id='word_1_572' title='bbox 1368 3837 1476 3877; x_wconf 87' lang='lat' dir='ltr'><strong>non</strong></span> <span class='ocrx_word' id='word_1_573' title='bbox 1504 3819 1821 3878; x_wconf 89' lang='lat' dir='ltr'><strong>fortitudine</strong></span> <span class='ocrx_word' id='word_1_574' title='bbox 1858 3837 1990 3894; x_wconf 84' lang='lat' dir='ltr'><strong>pro-</strong></span> 
     </span>
    </p>
   </div>
   <div class='ocr_carea' id='block_1_68' title="bbox 396 3914 1992 3995">
    <p class='ocr_par' dir='ltr' id='par_1_68' title="bbox 396 3914 1992 3995">
     <span class='ocr_line' id='line_1_68' title="bbox 396 3914 1992 3995; baseline -0.002 -24"><span class='ocrx_word' id='word_1_575' title='bbox 396 3917 537 3995; x_wconf 85' lang='lat' dir='ltr'><strong>pria,</strong></span> <span class='ocrx_word' id='word_1_576' title='bbox 571 3916 666 3972; x_wconf 88' lang='lat' dir='ltr'><strong>sed</strong></span> <span class='ocrx_word' id='word_1_577' title='bbox 713 3917 766 3972; x_wconf 95' lang='lat' dir='ltr'><strong>in</strong></span> <span class='ocrx_word' id='word_1_578' title='bbox 805 3917 1005 3971; x_wconf 88' lang='lat' dir='ltr'><strong>virtute</strong></span> <span class='ocrx_word' id='word_1_579' title='bbox 1036 3914 1217 3969; x_wconf 87' lang='lat' dir='ltr'><strong>divina</strong></span> <span class='ocrx_word' id='word_1_580' title='bbox 1272 3923 1466 3986; x_wconf 88' lang='lat' dir='ltr'><strong>potens</strong></span> <span class='ocrx_word' id='word_1_581' title='bbox 1515 3922 1601 3970; x_wconf 90' lang='lat' dir='ltr'><strong>est</strong></span> <span class='ocrx_word' id='word_1_582' title='bbox 1650 3915 1753 3979; x_wconf 90' lang='lat' dir='ltr'><strong>vir,</strong></span> <span class='ocrx_word' id='word_1_583' title='bbox 1786 3915 1840 3969; x_wconf 91' lang='lat' dir='ltr'><strong>id</strong></span> <span class='ocrx_word' id='word_1_584' title='bbox 1885 3922 1992 3981; x_wconf 88' lang='lat' dir='ltr'><strong>est,</strong></span> 
     </span>
    </p>
   </div>
   <div class='ocr_carea' id='block_1_69' title="bbox 399 4009 1019 4080">
    <p class='ocr_par' dir='ltr' id='par_1_69' title="bbox 399 4009 1019 4080">
     <span class='ocr_line' id='line_1_69' title="bbox 399 4009 1019 4080; baseline -0.002 -17"><span class='ocrx_word' id='word_1_585' title='bbox 399 4009 631 4080; x_wconf 85' lang='lat' dir='ltr'><strong>p0pulus</strong></span> <span class='ocrx_word' id='word_1_586' title='bbox 658 4009 1019 4063; x_wconf 90' lang='lat' dir='ltr'><strong>credentium.</strong></span> 
     </span>
    </p>
   </div>
   <div class='ocr_carea' id='block_1_70' title="bbox 479 4098 1994 4172">
    <p class='ocr_par' dir='ltr' id='par_1_70' title="bbox 479 4098 1994 4172">
     <span class='ocr_line' id='line_1_70' title="bbox 479 4098 1994 4172; baseline 0.001 -20"><span class='ocrx_word' id='word_1_587' title='bbox 479 4120 497 4152; x_wconf 78' lang='grc' dir='ltr'><strong>ι</strong></span> <span class='ocrx_word' id='word_1_588' title='bbox 539 4099 831 4155; x_wconf 88' lang='lat' dir='ltr'><strong>Dominum</strong></span> <span class='ocrx_word' id='word_1_589' title='bbox 885 4100 1254 4157; x_wconf 86' lang='lat' dir='ltr'><strong>formidabunt</strong></span> <span class='ocrx_word' id='word_1_590' title='bbox 1303 4100 1600 4155; x_wconf 88' lang='lat' dir='ltr'><strong>adversarii</strong></span> <span class='ocrx_word' id='word_1_591' title='bbox 1651 4098 1811 4169; x_wconf 87' lang='lat' dir='ltr'><strong>ejus,</strong></span> <span class='ocrx_word' id='word_1_592' title='bbox 1866 4100 1994 4172; x_wconf 87' lang='lat' dir='ltr'><strong>quia</strong></span> 
     </span>
    </p>
   </div>
   <div class='ocr_carea' id='block_1_71' title="bbox 407 4187 1998 4257">
    <p class='ocr_par' dir='ltr' id='par_1_71' title="bbox 407 4187 1998 4257">
     <span class='ocr_line' id='line_1_71' title="bbox 407 4187 1998 4257; baseline 0 -16"><span class='ocrx_word' id='word_1_593' title='bbox 407 4210 425 4241; x_wconf 78' lang='grc' dir='ltr'><strong>ι</strong></span> <span class='ocrx_word' id='word_1_594' title='bbox 465 4189 726 4245; x_wconf 89' lang='lat' dir='ltr'><strong>Dominus</strong></span> <span class='ocrx_word' id='word_1_595' title='bbox 754 4189 1027 4243; x_wconf 91' lang='lat' dir='ltr'><strong>inﬁrmum</strong></span> <span class='ocrx_word' id='word_1_596' title='bbox 1060 4188 1225 4243; x_wconf 89' lang='lat' dir='ltr'><strong>faciet</strong></span> <span class='ocrx_word' id='word_1_597' title='bbox 1248 4189 1619 4241; x_wconf 87' lang='lat' dir='ltr'><strong>adversarium</strong></span> <span class='ocrx_word' id='word_1_598' title='bbox 1648 4189 1783 4257; x_wconf 86' lang='lat' dir='ltr'><strong>ejus.</strong></span> <span class='ocrx_word' id='word_1_599' title='bbox 1838 4209 1855 4237; x_wconf 74' lang='grc' dir='ltr'><strong>ι</strong></span> <span class='ocrx_word' id='word_1_600' title='bbox 1893 4187 1998 4241; x_wconf 75' lang='lat' dir='ltr'><strong>Po~</strong></span> 
     </span>
    </p>
   </div>
   <div class='ocr_carea' id='block_1_72' title="bbox 406 4276 1998 4353">
    <p class='ocr_par' dir='ltr' id='par_1_72' title="bbox 406 4276 1998 4353">
     <span class='ocr_line' id='line_1_72' title="bbox 406 4276 1998 4353; baseline -0.002 -19"><span class='ocrx_word' id='word_1_601' title='bbox 406 4287 511 4337; x_wconf 88' lang='lat' dir='ltr'><strong>test</strong></span> <span class='ocrx_word' id='word_1_602' title='bbox 547 4297 611 4335; x_wconf 83' lang='lat' dir='ltr'><strong>ex</strong></span> <span class='ocrx_word' id='word_1_603' title='bbox 662 4280 913 4353; x_wconf 88' lang='lat' dir='ltr'><strong>ambiguo</strong></span> <span class='ocrx_word' id='word_1_604' title='bbox 954 4278 1144 4335; x_wconf 75' lang='lat' dir='ltr'><strong>Grteco</strong></span> <span class='ocrx_word' id='word_1_605' title='bbox 1174 4277 1426 4348; x_wconf 86' lang='lat' dir='ltr'><strong>intelligi,</strong></span> <span class='ocrx_word' id='word_1_606' title='bbox 1480 4297 1497 4329; x_wconf 87' lang='grc'><em>‹</em></span> <span class='ocrx_word' id='word_1_607' title='bbox 1534 4284 1590 4332; x_wconf 90' lang='grc' dir='ltr'><strong>ει</strong></span> <span class='ocrx_word' id='word_1_608' title='bbox 1623 4276 1998 4335; x_wconf 83' lang='lat' dir='ltr'><strong>adversarium</strong></span> 
     </span>
    </p>
   </div>
   <div class='ocr_carea' id='block_1_73' title="bbox 404 4366 1995 4441">
    <p class='ocr_par' dir='ltr' id='par_1_73' title="bbox 404 4366 1995 4441">
     <span class='ocr_line' id='line_1_73' title="bbox 404 4366 1995 4441; baseline -0.005 -12"><span class='ocrx_word' id='word_1_609' title='bbox 404 4388 586 4429; x_wconf 89' lang='lat' dir='ltr'><strong>suum.</strong></span> <span class='ocrx_word' id='word_1_610' title='bbox 623 4393 641 4425; x_wconf 86' lang='grc'><strong>›</strong></span> <span class='ocrx_word' id='word_1_611' title='bbox 682 4372 817 4429; x_wconf 91' lang='lat' dir='ltr'><strong>Cum</strong></span> <span class='ocrx_word' id='word_1_612' title='bbox 848 4372 993 4427; x_wconf 91' lang='lat' dir='ltr'><strong>enim</strong></span> <span class='ocrx_word' id='word_1_613' title='bbox 1027 4371 1289 4425; x_wconf 88' lang='lat' dir='ltr'><strong>Dominus</strong></span> <span class='ocrx_word' id='word_1_614' title='bbox 1312 4368 1590 4441; x_wconf 91' lang='lat' dir='ltr'><strong>possidere</strong></span> <span class='ocrx_word' id='word_1_615' title='bbox 1620 4383 1721 4421; x_wconf 92' lang='lat' dir='ltr'><strong>nos</strong></span> <span class='ocrx_word' id='word_1_616' title='bbox 1746 4366 1995 4436; x_wconf 72' lang='lat' dir='ltr'><strong>cmperit,</strong></span> 
     </span>
    </p>
   </div>
   <div class='ocr_carea' id='block_1_74' title="bbox 403 4458 2001 4534">
    <p class='ocr_par' dir='ltr' id='par_1_74' title="bbox 403 4458 2001 4534">
     <span class='ocr_line' id='line_1_74' title="bbox 403 4458 2001 4534; baseline -0.002 -17"><span class='ocrx_word' id='word_1_617' title='bbox 403 4463 647 4534; x_wconf 85' lang='lat' dir='ltr'><strong>profecto</strong></span> <span class='ocrx_word' id='word_1_618' title='bbox 685 4463 1051 4527; x_wconf 89' lang='lat' dir='ltr'><strong>adversarius,</strong></span> <span class='ocrx_word' id='word_1_619' title='bbox 1085 4462 1178 4532; x_wconf 92' lang='lat' dir='ltr'><strong>qui</strong></span> <span class='ocrx_word' id='word_1_620' title='bbox 1222 4469 1406 4516; x_wconf 89' lang='lat' dir='ltr'><strong>noster</strong></span> <span class='ocrx_word' id='word_1_621' title='bbox 1431 4459 1608 4514; x_wconf 88' lang='lat' dir='ltr'><strong>fuerat</strong></span> <span class='ocrx_word' id='word_1_622' title='bbox 1635 4459 1807 4529; x_wconf 92' lang='lat' dir='ltr'><strong>ipsius</strong></span> <span class='ocrx_word' id='word_1_623' title='bbox 1834 4458 1913 4525; x_wconf 90' lang='lat' dir='ltr'><strong>ﬁt,</strong></span> <span class='ocrx_word' id='word_1_624' title='bbox 1946 4468 2001 4515; x_wconf 89' lang='lat' dir='ltr'><strong>et</strong></span> 
     </span>
    </p>
   </div>
   <div class='ocr_carea' id='block_1_75' title="bbox 405 4550 2002 4620">
    <p class='ocr_par' dir='ltr' id='par_1_75' title="bbox 405 4550 2002 4620">
     <span class='ocr_line' id='line_1_75' title="bbox 405 4550 2002 4620; baseline -0.002 -12"><span class='ocrx_word' id='word_1_625' title='bbox 405 4554 653 4610; x_wconf 88' lang='lat' dir='ltr'><strong>vincetur</strong></span> <span class='ocrx_word' id='word_1_626' title='bbox 672 4570 703 4608; x_wconf 89' lang='lat' dir='ltr'><strong>a</strong></span> <span class='ocrx_word' id='word_1_627' title='bbox 728 4554 903 4619; x_wconf 91' lang='lat' dir='ltr'><strong>nobis,</strong></span> <span class='ocrx_word' id='word_1_628' title='bbox 935 4569 1043 4607; x_wconf 91' lang='lat' dir='ltr'><strong>non</strong></span> <span class='ocrx_word' id='word_1_629' title='bbox 1068 4553 1275 4607; x_wconf 88' lang='lat' dir='ltr'><strong>viribus</strong></span> <span class='ocrx_word' id='word_1_630' title='bbox 1297 4551 1518 4615; x_wconf 89' lang='lat' dir='ltr'><strong>nostris,</strong></span> <span class='ocrx_word' id='word_1_631' title='bbox 1543 4551 1667 4620; x_wconf 88' lang='lat' dir='ltr'><strong>quia</strong></span> <span class='ocrx_word' id='word_1_632' title='bbox 1690 4566 1797 4605; x_wconf 88' lang='lat' dir='ltr'><strong>non</strong></span> <span class='ocrx_word' id='word_1_633' title='bbox 1822 4552 1875 4605; x_wconf 91' lang='lat' dir='ltr'><strong>in</strong></span> <span class='ocrx_word' id='word_1_634' title='bbox 1898 4550 2002 4605; x_wconf 86' lang='lat' dir='ltr'><strong>vir-</strong></span> 
     </span>
    </p>
   </div>
   <div class='ocr_carea' id='block_1_76' title="bbox 2089 3339 3679 3419">
    <p class='ocr_par' dir='ltr' id='par_1_76' title="bbox 2089 3339 3679 3419">
     <span class='ocr_line' id='line_1_76' title="bbox 2089 3339 3679 3419; baseline -0.008 -14"><span class='ocrx_word' id='word_1_635' title='bbox 2089 3367 2199 3417; x_wconf 88' lang='lat' dir='ltr'><strong>rar,</strong></span> <span class='ocrx_word' id='word_1_636' title='bbox 2250 3350 2355 3405; x_wconf 90' lang='lat' dir='ltr'><strong>hoc</strong></span> <span class='ocrx_word' id='word_1_637' title='bbox 2398 3356 2502 3414; x_wconf 89' lang='lat' dir='ltr'><strong>est,</strong></span> <span class='ocrx_word' id='word_1_638' title='bbox 2536 3344 2963 3419; x_wconf 88' lang='lat' dir='ltr'><strong>supcrhumerali</strong></span> <span class='ocrx_word' id='word_1_639' title='bbox 3020 3343 3187 3410; x_wconf 90' lang='lat' dir='ltr'><strong>lineo,</strong></span> <span class='ocrx_word' id='word_1_640' title='bbox 3218 3343 3364 3413; x_wconf 88' lang='lat' dir='ltr'><strong>quod</strong></span> <span class='ocrx_word' id='word_1_641' title='bbox 3401 3342 3572 3396; x_wconf 90' lang='lat' dir='ltr'><strong>distat</strong></span> <span class='ocrx_word' id='word_1_642' title='bbox 3609 3339 3679 3394; x_wconf 90' lang='lat' dir='ltr'><strong>ab</strong></span> 
     </span>
    </p>
   </div>
   <div class='ocr_carea' id='block_1_77' title="bbox 2090 3432 3679 3511">
    <p class='ocr_par' dir='ltr' id='par_1_77' title="bbox 2090 3432 3679 3511">
     <span class='ocr_line' id='line_1_77' title="bbox 2090 3432 3679 3511; baseline -0.008 -14"><span class='ocrx_word' id='word_1_643' title='bbox 2090 3441 2183 3497; x_wconf 88' lang='lat' dir='ltr'><strong>ille</strong></span> <span class='ocrx_word' id='word_1_644' title='bbox 2229 3440 2406 3511; x_wconf 87' lang='lat' dir='ltr'><strong>ephod</strong></span> <span class='ocrx_word' id='word_1_645' title='bbox 2433 3455 2541 3510; x_wconf 93' lang='lat' dir='ltr'><strong>quo</strong></span> <span class='ocrx_word' id='word_1_646' title='bbox 2576 3438 2904 3493; x_wconf 90' lang='lat' dir='ltr'><strong>induebatur</strong></span> <span class='ocrx_word' id='word_1_647' title='bbox 2929 3434 3190 3506; x_wconf 81' lang='lat' dir='ltr'><strong>pontifex,</strong></span> <span class='ocrx_word' id='word_1_648' title='bbox 3226 3435 3353 3504; x_wconf 87' lang='lat' dir='ltr'><strong>quia</strong></span> <span class='ocrx_word' id='word_1_649' title='bbox 3384 3432 3528 3488; x_wconf 90' lang='lat' dir='ltr'><strong>istud</strong></span> <span class='ocrx_word' id='word_1_650' title='bbox 3559 3440 3679 3485; x_wconf 43' lang='lat' dir='ltr'><strong>tan‘</strong></span> 
     </span>
    </p>
   </div>
   <div class='ocr_carea' id='block_1_78' title="bbox 2092 3529 3681 3598">
    <p class='ocr_par' dir='ltr' id='par_1_78' title="bbox 2092 3529 3681 3598">
     <span class='ocr_line' id='line_1_78' title="bbox 2092 3529 3681 3598; baseline -0.007 -7"><span class='ocrx_word' id='word_1_651' title='bbox 2092 3535 2370 3591; x_wconf 86' lang='lat' dir='ltr'><strong>tummodo</strong></span> <span class='ocrx_word' id='word_1_652' title='bbox 2397 3535 2602 3588; x_wconf 89' lang='lat' dir='ltr'><strong>lineum</strong></span> <span class='ocrx_word' id='word_1_653' title='bbox 2631 3533 2766 3598; x_wconf 90' lang='lat' dir='ltr'><strong>fuit,</strong></span> <span class='ocrx_word' id='word_1_654' title='bbox 2791 3542 2847 3588; x_wconf 89' lang='lat' dir='ltr'><strong>et</strong></span> <span class='ocrx_word' id='word_1_655' title='bbox 2872 3545 3192 3587; x_wconf 86' lang='lat' dir='ltr'><strong>concessum</strong></span> <span class='ocrx_word' id='word_1_656' title='bbox 3224 3529 3535 3589; x_wconf 81' lang='lat' dir='ltr'><strong>minoribus</strong></span> <span class='ocrx_word' id='word_1_657' title='bbox 3555 3541 3681 3595; x_wconf 89' lang='lat' dir='ltr'><strong>gra-</strong></span> 
     </span>
    </p>
   </div>
   <div class='ocr_carea' id='block_1_79' title="bbox 2093 3616 3686 3689">
    <p class='ocr_par' dir='ltr' id='par_1_79' title="bbox 2093 3616 3686 3689">
     <span class='ocr_line' id='line_1_79' title="bbox 2093 3616 3686 3689; baseline -0.006 -9"><span class='ocrx_word' id='word_1_658' title='bbox 2093 3626 2252 3681; x_wconf 86' lang='lat' dir='ltr'><strong>dibus</strong></span> <span class='ocrx_word' id='word_1_659' title='bbox 2315 3624 2384 3678; x_wconf 91' lang='lat' dir='ltr'><strong>ad</strong></span> <span class='ocrx_word' id='word_1_660' title='bbox 2432 3624 2725 3688; x_wconf 89' lang='lat' dir='ltr'><strong>utendum;</strong></span> <span class='ocrx_word' id='word_1_661' title='bbox 2796 3620 2926 3675; x_wconf 91' lang='lat' dir='ltr'><strong>illud</strong></span> <span class='ocrx_word' id='word_1_662' title='bbox 2973 3629 3158 3679; x_wconf 89' lang='lat' dir='ltr'><strong>autem</strong></span> <span class='ocrx_word' id='word_1_663' title='bbox 3212 3616 3356 3689; x_wconf 89' lang='lat' dir='ltr'><strong>quod</strong></span> <span class='ocrx_word' id='word_1_664' title='bbox 3416 3617 3686 3671; x_wconf 90' lang='lat' dir='ltr'><strong>vestiebat</strong></span> 
     </span>
    </p>
   </div>
   <div class='ocr_carea' id='block_1_80' title="bbox 2091 3706 3683 3788">
    <p class='ocr_par' dir='ltr' id='par_1_80' title="bbox 2091 3706 3683 3788">
     <span class='ocr_line' id='line_1_80' title="bbox 2091 3706 3683 3788; baseline -0.006 -18"><span class='ocrx_word' id='word_1_665' title='bbox 2091 3715 2439 3788; x_wconf 89' lang='lat' dir='ltr'><strong>pontiﬁcem,</strong></span> <span class='ocrx_word' id='word_1_666' title='bbox 2488 3728 2554 3769; x_wconf 78' lang='lat' dir='ltr'><strong>ex</strong></span> <span class='ocrx_word' id='word_1_667' title='bbox 2604 3722 2839 3784; x_wconf 89' lang='lat' dir='ltr'><strong>quatuor</strong></span> <span class='ocrx_word' id='word_1_668' title='bbox 2866 3711 3157 3775; x_wconf 91' lang='lat' dir='ltr'><strong>coloribus,</strong></span> <span class='ocrx_word' id='word_1_669' title='bbox 3212 3709 3265 3765; x_wconf 92' lang='lat' dir='ltr'><strong>id</strong></span> <span class='ocrx_word' id='word_1_670' title='bbox 3300 3717 3406 3773; x_wconf 93' lang='lat' dir='ltr'><strong>est,</strong></span> <span class='ocrx_word' id='word_1_671' title='bbox 3456 3706 3683 3779; x_wconf 89' lang='lat' dir='ltr'><strong>hyacin-</strong></span> 
     </span>
    </p>
   </div>
   <div class='ocr_carea' id='block_1_81' title="bbox 2095 3798 3686 3879">
    <p class='ocr_par' dir='ltr' id='par_1_81' title="bbox 2095 3798 3686 3879">
     <span class='ocr_line' id='line_1_81' title="bbox 2095 3798 3686 3879; baseline -0.008 -17"><span class='ocrx_word' id='word_1_672' title='bbox 2095 3808 2212 3874; x_wconf 92' lang='lat' dir='ltr'><strong>tho,</strong></span> <span class='ocrx_word' id='word_1_673' title='bbox 2261 3808 2446 3879; x_wconf 82' lang='lat' dir='ltr'><strong>bysso,</strong></span> <span class='ocrx_word' id='word_1_674' title='bbox 2477 3820 2662 3869; x_wconf 91' lang='lat' dir='ltr'><strong>cocco,</strong></span> <span class='ocrx_word' id='word_1_675' title='bbox 2692 3818 2956 3875; x_wconf 89' lang='lat' dir='ltr'><strong>purpura,</strong></span> <span class='ocrx_word' id='word_1_676' title='bbox 2982 3808 3038 3857; x_wconf 90' lang='lat' dir='ltr'><strong>et</strong></span> <span class='ocrx_word' id='word_1_677' title='bbox 3087 3815 3153 3855; x_wconf 86' lang='lat' dir='ltr'><strong>ex</strong></span> <span class='ocrx_word' id='word_1_678' title='bbox 3199 3815 3333 3855; x_wconf 91' lang='lat' dir='ltr'><strong>auro</strong></span> <span class='ocrx_word' id='word_1_679' title='bbox 3383 3798 3686 3859; x_wconf 80' lang='lat' dir='ltr'><strong>habebatur</strong></span> 
     </span>
    </p>
   </div>
   <div class='ocr_carea' id='block_1_82' title="bbox 2095 3907 2438 3955">
    <p class='ocr_par' dir='ltr' id='par_1_82' title="bbox 2095 3907 2438 3955">
     <span class='ocr_line' id='line_1_82' title="bbox 2095 3907 2438 3955; baseline -0.009 0"><span class='ocrx_word' id='word_1_680' title='bbox 2095 3907 2438 3955; x_wconf 73' lang='lat' dir='ltr'><strong>contextum.</strong></span> 
     </span>
    </p>
   </div>
   <div class='ocr_carea' id='block_1_83' title="bbox 2172 3982 3687 4056">
    <p class='ocr_par' dir='ltr' id='par_1_83' title="bbox 2172 3982 3687 4056">
     <span class='ocr_line' id='line_1_83' title="bbox 2172 3982 3687 4056; baseline -0.008 -15"><span class='ocrx_word' id='word_1_681' title='bbox 2172 4009 2190 4041; x_wconf 88' lang='grc'><em>‹</em></span> <span class='ocrx_word' id='word_1_682' title='bbox 2236 3989 2303 4043; x_wconf 87' lang='grc' dir='ltr'>Ει</span> <span class='ocrx_word' id='word_1_683' title='bbox 2328 3988 2566 4043; x_wconf 89' lang='lat' dir='ltr'><strong>tunicam</strong></span> <span class='ocrx_word' id='word_1_684' title='bbox 2594 3999 2816 4056; x_wconf 88' lang='lat' dir='ltr'><strong>parvam</strong></span> <span class='ocrx_word' id='word_1_685' title='bbox 2841 3982 3074 4039; x_wconf 91' lang='lat' dir='ltr'><strong>faciebat</strong></span> <span class='ocrx_word' id='word_1_686' title='bbox 3095 3982 3147 4037; x_wconf 87' lang='lat' dir='ltr'><strong>ei</strong></span> <span class='ocrx_word' id='word_1_687' title='bbox 3177 3987 3357 4037; x_wconf 84' lang='lat' dir='ltr'><strong>mater</strong></span> <span class='ocrx_word' id='word_1_688' title='bbox 3378 3994 3495 4045; x_wconf 88' lang='lat' dir='ltr'><strong>sua,</strong></span> <span class='ocrx_word' id='word_1_689' title='bbox 3523 3991 3687 4046; x_wconf 91' lang='lat' dir='ltr'><strong>quam</strong></span> 
     </span>
    </p>
   </div>
   <div class='ocr_carea' id='block_1_84' title="bbox 2103 4070 3684 4139">
    <p class='ocr_par' dir='ltr' id='par_1_84' title="bbox 2103 4070 3684 4139">
     <span class='ocr_line' id='line_1_84' title="bbox 2103 4070 3684 4139; baseline -0.008 -5"><span class='ocrx_word' id='word_1_690' title='bbox 2103 4104 2119 4134; x_wconf 78' lang='grc' dir='ltr'><strong>ι</strong></span> <span class='ocrx_word' id='word_1_691' title='bbox 2167 4082 2427 4137; x_wconf 82' lang='lat' dir='ltr'><strong>afferebat</strong></span> <span class='ocrx_word' id='word_1_692' title='bbox 2452 4078 2673 4135; x_wconf 88' lang='lat' dir='ltr'><strong>statutis</strong></span> <span class='ocrx_word' id='word_1_693' title='bbox 2702 4077 2916 4139; x_wconf 88' lang='lat' dir='ltr'><strong>diebus,</strong></span> <span class='ocrx_word' id='word_1_694' title='bbox 2941 4076 3242 4128; x_wconf 88' lang='lat' dir='ltr'><strong>ascendens</strong></span> <span class='ocrx_word' id='word_1_695' title='bbox 3271 4087 3394 4129; x_wconf 89' lang='lat' dir='ltr'><strong>cum</strong></span> <span class='ocrx_word' id='word_1_696' title='bbox 3417 4070 3535 4124; x_wconf 90' lang='lat' dir='ltr'><strong>viro</strong></span> <span class='ocrx_word' id='word_1_697' title='bbox 3562 4085 3684 4136; x_wconf 92' lang='lat' dir='ltr'><strong>suo,</strong></span> 
     </span>
    </p>
   </div>
   <div class='ocr_carea' id='block_1_85' title="bbox 2104 4158 3690 4223">
    <p class='ocr_par' dir='ltr' id='par_1_85' title="bbox 2104 4158 3690 4223">
     <span class='ocr_line' id='line_1_85' title="bbox 2104 4158 3690 4223; baseline -0.004 -3"><span class='ocrx_word' id='word_1_698' title='bbox 2104 4192 2121 4220; x_wconf 77' lang='grc' dir='ltr'><strong>ι</strong></span> <span class='ocrx_word' id='word_1_699' title='bbox 2158 4182 2217 4223; x_wconf 85' lang='grc' dir='ltr'>ιιι</span> <span class='ocrx_word' id='word_1_700' title='bbox 2242 4170 2550 4223; x_wconf 86' lang='lat' dir='ltr'><strong>immolaret</strong></span> <span class='ocrx_word' id='word_1_701' title='bbox 2574 4165 2810 4221; x_wconf 90' lang='lat' dir='ltr'><strong>hostiam</strong></span> <span class='ocrx_word' id='word_1_702' title='bbox 2836 4163 3129 4219; x_wconf 90' lang='lat' dir='ltr'><strong>solemnem</strong></span> <span class='ocrx_word' id='word_1_703' title='bbox 3152 4160 3397 4217; x_wconf 88' lang='lat' dir='ltr'><strong>Domino.</strong></span> <span class='ocrx_word' id='word_1_704' title='bbox 3432 4179 3451 4210; x_wconf 74' lang='grc' dir='ltr'><strong>ι</strong></span> <span class='ocrx_word' id='word_1_705' title='bbox 3484 4158 3690 4214; x_wconf 89' lang='lat' dir='ltr'><strong>Tunica</strong></span> 
     </span>
    </p>
   </div>
   <div class='ocr_carea' id='block_1_86' title="bbox 2099 4246 3690 4329">
    <p class='ocr_par' dir='ltr' id='par_1_86' title="bbox 2099 4246 3690 4329">
     <span class='ocr_line' id='line_1_86' title="bbox 2099 4246 3690 4329; baseline -0.008 -17"><span class='ocrx_word' id='word_1_706' title='bbox 2099 4259 2213 4313; x_wconf 62' lang='lat' dir='ltr'><strong>haec</strong></span> <span class='ocrx_word' id='word_1_707' title='bbox 2242 4272 2430 4329; x_wconf 88' lang='lat' dir='ltr'><strong>parva,</strong></span> <span class='ocrx_word' id='word_1_708' title='bbox 2463 4271 2628 4327; x_wconf 91' lang='lat' dir='ltr'><strong>quam</strong></span> <span class='ocrx_word' id='word_1_709' title='bbox 2680 4254 2836 4309; x_wconf 84' lang='lat' dir='ltr'><strong>Anna</strong></span> <span class='ocrx_word' id='word_1_710' title='bbox 2866 4260 3062 4317; x_wconf 87' lang='lat' dir='ltr'><strong>mater,</strong></span> <span class='ocrx_word' id='word_1_711' title='bbox 3091 4252 3195 4307; x_wconf 88' lang='lat' dir='ltr'><strong>hoc</strong></span> <span class='ocrx_word' id='word_1_712' title='bbox 3242 4259 3348 4316; x_wconf 88' lang='lat' dir='ltr'><strong>est,</strong></span> <span class='ocrx_word' id='word_1_713' title='bbox 3380 4247 3552 4320; x_wconf 89' lang='lat' dir='ltr'><strong>gratia</strong></span> <span class='ocrx_word' id='word_1_714' title='bbox 3582 4246 3690 4301; x_wconf 90' lang='lat' dir='ltr'><strong>for-</strong></span> 
     </span>
    </p>
   </div>
   <div class='ocr_carea' id='block_1_87' title="bbox 2101 4338 3689 4420">
    <p class='ocr_par' dir='ltr' id='par_1_87' title="bbox 2101 4338 3689 4420">
     <span class='ocr_line' id='line_1_87' title="bbox 2101 4338 3689 4420; baseline -0.009 -15"><span class='ocrx_word' id='word_1_715' title='bbox 2101 4350 2269 4405; x_wconf 88' lang='lat' dir='ltr'><strong>mavit</strong></span> <span class='ocrx_word' id='word_1_716' title='bbox 2295 4359 2349 4406; x_wconf 90' lang='lat' dir='ltr'><strong>et</strong></span> <span class='ocrx_word' id='word_1_717' title='bbox 2376 4364 2544 4420; x_wconf 91' lang='lat' dir='ltr'><strong>puero</strong></span> <span class='ocrx_word' id='word_1_718' title='bbox 2568 4347 2811 4412; x_wconf 86' lang='lat' dir='ltr'><strong>tradidit,</strong></span> <span class='ocrx_word' id='word_1_719' title='bbox 2843 4343 3112 4415; x_wconf 86' lang='lat' dir='ltr'><strong>signiﬁcat</strong></span> <span class='ocrx_word' id='word_1_720' title='bbox 3137 4341 3437 4398; x_wconf 89' lang='lat' dir='ltr'><strong>doctrinam</strong></span> <span class='ocrx_word' id='word_1_721' title='bbox 3471 4338 3689 4393; x_wconf 89' lang='lat' dir='ltr'><strong>facilem</strong></span> 
     </span>
    </p>
   </div>
   <div class='ocr_carea' id='block_1_88' title="bbox 2104 4428 3689 4513">
    <p class='ocr_par' dir='ltr' id='par_1_88' title="bbox 2104 4428 3689 4513">
     <span class='ocr_line' id='line_1_88' title="bbox 2104 4428 3689 4513; baseline -0.009 -18"><span class='ocrx_word' id='word_1_722' title='bbox 2104 4457 2209 4513; x_wconf 88' lang='lat' dir='ltr'><strong>qua</strong></span> <span class='ocrx_word' id='word_1_723' title='bbox 2235 4440 2509 4496; x_wconf 90' lang='lat' dir='ltr'><strong>imbuendi</strong></span> <span class='ocrx_word' id='word_1_724' title='bbox 2549 4447 2677 4493; x_wconf 89' lang='lat' dir='ltr'><strong>sunt</strong></span> <span class='ocrx_word' id='word_1_725' title='bbox 2720 4436 2882 4491; x_wconf 88' lang='lat' dir='ltr'><strong>rudes</strong></span> <span class='ocrx_word' id='word_1_726' title='bbox 2922 4433 3089 4489; x_wconf 92' lang='lat' dir='ltr'><strong>animi</strong></span> <span class='ocrx_word' id='word_1_727' title='bbox 3120 4431 3478 4494; x_wconf 88' lang='lat' dir='ltr'><strong>credentium,</strong></span> <span class='ocrx_word' id='word_1_728' title='bbox 3514 4428 3689 4499; x_wconf 80' lang='lat' dir='ltr'><strong>quali-</strong></span> 
     </span>
    </p>
   </div>
   <div class='ocr_carea' id='block_1_89' title="bbox 2106 4520 3689 4594">
    <p class='ocr_par' dir='ltr' id='par_1_89' title="bbox 2106 4520 3689 4594">
     <span class='ocr_line' id='line_1_89' title="bbox 2106 4520 3689 4594; baseline -0.009 -7"><span class='ocrx_word' id='word_1_729' title='bbox 2106 4535 2204 4588; x_wconf 89' lang='lat' dir='ltr'><strong>bus</strong></span> <span class='ocrx_word' id='word_1_730' title='bbox 2256 4526 2457 4587; x_wconf 89' lang='lat' dir='ltr'><strong>Paulus</strong></span> <span class='ocrx_word' id='word_1_731' title='bbox 2515 4530 2695 4585; x_wconf 89' lang='lat' dir='ltr'><strong>dicit:</strong></span> <span class='ocrx_word' id='word_1_732' title='bbox 2746 4546 2765 4578; x_wconf 73' lang='grc' dir='ltr'><strong>ι</strong></span> <span class='ocrx_word' id='word_1_733' title='bbox 2816 4524 2927 4581; x_wconf 89' lang='lat' dir='ltr'><strong>Lac</strong></span> <span class='ocrx_word' id='word_1_734' title='bbox 2977 4524 3130 4579; x_wconf 72' lang='lat' dir='ltr'><strong>Vobis</strong></span> <span class='ocrx_word' id='word_1_735' title='bbox 3151 4529 3337 4594; x_wconf 90' lang='lat' dir='ltr'><strong>potum</strong></span> <span class='ocrx_word' id='word_1_736' title='bbox 3379 4520 3526 4585; x_wconf 92' lang='lat' dir='ltr'><strong>dedi,</strong></span> <span class='ocrx_word' id='word_1_737' title='bbox 3580 4535 3689 4574; x_wconf 90' lang='lat' dir='ltr'><strong>non</strong></span> 
     </span>
    </p>
   </div>
   <div class='ocr_carea' id='block_1_90' title="bbox 407 4603 1989 4717">
    <p class='ocr_par' dir='ltr' id='par_1_90' title="bbox 407 4641 1989 4717">
     <span class='ocr_line' id='line_1_90' title="bbox 407 4641 1989 4717; baseline -0.003 -18"><span class='ocrx_word' id='word_1_738' title='bbox 407 4653 523 4700; x_wconf 91' lang='lat' dir='ltr'><strong>tute</strong></span> <span class='ocrx_word' id='word_1_739' title='bbox 556 4644 772 4717; x_wconf 89' lang='lat' dir='ltr'><strong>pr0pria</strong></span> <span class='ocrx_word' id='word_1_740' title='bbox 790 4653 980 4714; x_wconf 88' lang='lat' dir='ltr'><strong>potens</strong></span> <span class='ocrx_word' id='word_1_741' title='bbox 1015 4652 1099 4700; x_wconf 88' lang='lat' dir='ltr'><strong>est</strong></span> <span class='ocrx_word' id='word_1_742' title='bbox 1136 4643 1240 4698; x_wconf 92' lang='lat' dir='ltr'><strong>vir.</strong></span> <span class='ocrx_word' id='word_1_743' title='bbox 1278 4642 1537 4698; x_wconf 90' lang='lat' dir='ltr'><strong>Dominus</strong></span> <span class='ocrx_word' id='word_1_744' title='bbox 1563 4657 1691 4713; x_wconf 87' lang='lat' dir='ltr'><strong>ergo</strong></span> <span class='ocrx_word' id='word_1_745' title='bbox 1723 4641 1989 4696; x_wconf 85' lang='lat' dir='ltr'><strong>inﬁrmum</strong></span> 
     </span>
    </p>
   </div>
   <div class='ocr_carea' id='block_1_91' title="bbox 2093 4603 3692 4717">
    <p class='ocr_par' dir='ltr' id='par_1_91' title="bbox 2104 4612 3692 4692">
     <span class='ocr_line' id='line_1_91' title="bbox 2104 4612 3692 4692; baseline -0.008 -9"><span class='ocrx_word' id='word_1_746' title='bbox 2104 4642 2308 4692; x_wconf 89' lang='lat' dir='ltr'><strong>escam,</strong></span> <span class='ocrx_word' id='word_1_747' title='bbox 2349 4624 2588 4680; x_wconf 90' lang='lat' dir='ltr'><strong>nondum</strong></span> <span class='ocrx_word' id='word_1_748' title='bbox 2626 4622 2771 4678; x_wconf 91' lang='lat' dir='ltr'><strong>enim</strong></span> <span class='ocrx_word' id='word_1_749' title='bbox 2808 4619 3070 4690; x_wconf 88' lang='lat' dir='ltr'><strong>poteratis</strong></span> <span class='ocrx_word' id='word_1_750' title='bbox 3106 4616 3157 4690; x_wconf 87' lang='lat' dir='ltr'><strong>(I</strong></span> <span class='ocrx_word' id='word_1_751' title='bbox 3187 4614 3310 4671; x_wconf 92' lang='lat' dir='ltr'><strong>Cor.</strong></span> <span class='ocrx_word' id='word_1_752' title='bbox 3362 4613 3468 4687; x_wconf 86' lang='grc' dir='ltr'>ιιι).</span> <span class='ocrx_word' id='word_1_753' title='bbox 3508 4635 3527 4667; x_wconf 70' lang='grc' dir='ltr'><strong>ι</strong></span> <span class='ocrx_word' id='word_1_754' title='bbox 3563 4612 3692 4670; x_wconf 83' lang='grc' dir='ltr'><strong>Ρει-</strong></span> 
     </span>
    </p>
   </div>
   <div class='ocr_carea' id='block_1_92' title="bbox 411 4734 1996 4792">
    <p class='ocr_par' dir='ltr' id='par_1_92' title="bbox 411 4734 1996 4792">
     <span class='ocr_line' id='line_1_92' title="bbox 411 4734 1996 4792; baseline -0.002 0"><span class='ocrx_word' id='word_1_755' title='bbox 411 4737 572 4792; x_wconf 89' lang='lat' dir='ltr'><strong>faciet</strong></span> <span class='ocrx_word' id='word_1_756' title='bbox 623 4736 992 4792; x_wconf 86' lang='lat' dir='ltr'><strong>adversarium</strong></span> <span class='ocrx_word' id='word_1_757' title='bbox 1022 4752 1200 4792; x_wconf 89' lang='lat' dir='ltr'><strong>suum.</strong></span> <span class='ocrx_word' id='word_1_758' title='bbox 1250 4734 1512 4791; x_wconf 90' lang='lat' dir='ltr'><strong>Dominus</strong></span> <span class='ocrx_word' id='word_1_759' title='bbox 1545 4743 1768 4789; x_wconf 87' lang='lat' dir='ltr'><strong>sanctus</strong></span> <span class='ocrx_word' id='word_1_760' title='bbox 1792 4744 1852 4789; x_wconf 92' lang='lat' dir='ltr'><strong>ut</strong></span> <span class='ocrx_word' id='word_1_761' title='bbox 1878 4734 1996 4789; x_wconf 87' lang='lat' dir='ltr'><strong>viu-</strong></span> 
     </span>
    </p>
   </div>
   <div class='ocr_carea' id='block_1_93' title="bbox 410 4828 2001 4898">
    <p class='ocr_par' dir='ltr' id='par_1_93' title="bbox 410 4828 2001 4898">
     <span class='ocr_line' id='line_1_93' title="bbox 410 4828 2001 4898; baseline -0.003 -12"><span class='ocrx_word' id='word_1_762' title='bbox 410 4838 568 4886; x_wconf 91' lang='lat' dir='ltr'><strong>catur</strong></span> <span class='ocrx_word' id='word_1_763' title='bbox 594 4846 625 4884; x_wconf 92' lang='lat' dir='ltr'><strong>a</strong></span> <span class='ocrx_word' id='word_1_764' title='bbox 661 4829 896 4896; x_wconf 90' lang='lat' dir='ltr'><strong>sanctis,</strong></span> <span class='ocrx_word' id='word_1_765' title='bbox 938 4844 1073 4898; x_wconf 89' lang='lat' dir='ltr'><strong>quos</strong></span> <span class='ocrx_word' id='word_1_766' title='bbox 1101 4828 1361 4884; x_wconf 91' lang='lat' dir='ltr'><strong>Dominus</strong></span> <span class='ocrx_word' id='word_1_767' title='bbox 1389 4834 1631 4888; x_wconf 55' lang='lat' dir='ltr'><strong>.sanctus</strong></span> <span class='ocrx_word' id='word_1_768' title='bbox 1686 4834 2001 4881; x_wconf 87' lang='lat' dir='ltr'><strong>sanctorum</strong></span> 
     </span>
    </p>
   </div>
   <div class='ocr_carea' id='block_1_94' title="bbox 412 4917 2005 4995">
    <p class='ocr_par' dir='ltr' id='par_1_94' title="bbox 412 4917 2005 4995">
     <span class='ocr_line' id='line_1_94' title="bbox 412 4917 2005 4995; baseline -0.006 -16"><span class='ocrx_word' id='word_1_769' title='bbox 412 4923 578 4979; x_wconf 87' lang='lat' dir='ltr'><strong>efﬁcit</strong></span> <span class='ocrx_word' id='word_1_770' title='bbox 602 4931 821 4977; x_wconf 91' lang='lat' dir='ltr'><strong>sanctos</strong></span> <span class='ocrx_word' id='word_1_771' title='bbox 850 4922 935 4994; x_wconf 91' lang='lat'><strong>(?).</strong></span> <span class='ocrx_word' id='word_1_772' title='bbox 974 4920 1053 4975; x_wconf 86' lang='lat' dir='ltr'><strong>Ac</strong></span> <span class='ocrx_word' id='word_1_773' title='bbox 1086 4937 1184 4995; x_wconf 91' lang='lat' dir='ltr'><strong>per</strong></span> <span class='ocrx_word' id='word_1_774' title='bbox 1224 4920 1365 4974; x_wconf 90' lang='lat' dir='ltr'><strong>hoc:</strong></span> <span class='ocrx_word' id='word_1_775' title='bbox 1401 4939 1418 4970; x_wconf 77' lang='grc' dir='ltr'><strong>ι</strong></span> <span class='ocrx_word' id='word_1_776' title='bbox 1454 4917 1570 4972; x_wconf 87' lang='lat' dir='ltr'><strong>Non</strong></span> <span class='ocrx_word' id='word_1_777' title='bbox 1613 4917 1873 4987; x_wconf 83' lang='lat' dir='ltr'><strong>glorietur</strong></span> <span class='ocrx_word' id='word_1_778' title='bbox 1907 4932 2005 4991; x_wconf 88' lang='lat' dir='ltr'><strong>po-</strong></span> 
     </span>
    </p>
   </div>
   <div class='ocr_carea' id='block_1_95' title="bbox 419 5002 2004 5084">
    <p class='ocr_par' dir='ltr' id='par_1_95' title="bbox 419 5002 2004 5084">
     <span class='ocr_line' id='line_1_95' title="bbox 419 5002 2004 5084; baseline -0.002 -14"><span class='ocrx_word' id='word_1_779' title='bbox 419 5025 534 5070; x_wconf 89' lang='lat' dir='ltr'><strong>tens</strong></span> <span class='ocrx_word' id='word_1_780' title='bbox 562 5015 617 5069; x_wconf 91' lang='lat' dir='ltr'><strong>in</strong></span> <span class='ocrx_word' id='word_1_781' title='bbox 666 5030 762 5071; x_wconf 91' lang='lat' dir='ltr'><strong>sua</strong></span> <span class='ocrx_word' id='word_1_782' title='bbox 792 5002 1054 5084; x_wconf 82' lang='lat' dir='ltr'><strong>potentia,</strong></span> <span class='ocrx_word' id='word_1_783' title='bbox 1096 5021 1150 5069; x_wconf 88' lang='lat' dir='ltr'><strong>et</strong></span> <span class='ocrx_word' id='word_1_784' title='bbox 1200 5028 1307 5073; x_wconf 88' lang='lat' dir='ltr'><strong>non</strong></span> <span class='ocrx_word' id='word_1_785' title='bbox 1348 5011 1613 5081; x_wconf 91' lang='lat' dir='ltr'><strong>glorietur</strong></span> <span class='ocrx_word' id='word_1_786' title='bbox 1659 5011 1897 5080; x_wconf 80' lang='lat' dir='ltr'><strong>prudens</strong></span> <span class='ocrx_word' id='word_1_787' title='bbox 1947 5009 2004 5067; x_wconf 85' lang='lat' dir='ltr'><strong>in</strong></span> 
     </span>
    </p>
   </div>
   <div class='ocr_carea' id='block_1_96' title="bbox 417 5101 2005 5175">
    <p class='ocr_par' dir='ltr' id='par_1_96' title="bbox 417 5101 2005 5175">
     <span class='ocr_line' id='line_1_96' title="bbox 417 5101 2005 5175; baseline -0.002 -15"><span class='ocrx_word' id='word_1_788' title='bbox 417 5120 513 5160; x_wconf 88' lang='lat' dir='ltr'><strong>sua</strong></span> <span class='ocrx_word' id='word_1_789' title='bbox 549 5105 858 5175; x_wconf 85' lang='lat' dir='ltr'><strong>prudentia,</strong></span> <span class='ocrx_word' id='word_1_790' title='bbox 901 5121 1000 5159; x_wconf 87' lang='lat' dir='ltr'><strong>nec</strong></span> <span class='ocrx_word' id='word_1_791' title='bbox 1023 5105 1173 5160; x_wconf 86' lang='lat' dir='ltr'><strong>dives</strong></span> <span class='ocrx_word' id='word_1_792' title='bbox 1209 5104 1264 5158; x_wconf 92' lang='lat' dir='ltr'><strong>in</strong></span> <span class='ocrx_word' id='word_1_793' title='bbox 1302 5102 1503 5158; x_wconf 85' lang='lat' dir='ltr'><strong>divitiis</strong></span> <span class='ocrx_word' id='word_1_794' title='bbox 1531 5103 1672 5165; x_wconf 86' lang='lat' dir='ltr'><strong>suis;</strong></span> <span class='ocrx_word' id='word_1_795' title='bbox 1706 5101 1799 5157; x_wconf 75' lang='lat' dir='ltr'><strong>sed</strong></span> <span class='ocrx_word' id='word_1_796' title='bbox 1829 5102 1880 5155; x_wconf 91' lang='lat' dir='ltr'><strong>in</strong></span> <span class='ocrx_word' id='word_1_797' title='bbox 1902 5101 2005 5159; x_wconf 91' lang='lat' dir='ltr'><strong>hoc</strong></span> 
     </span>
    </p>
   </div>
   <div class='ocr_carea' id='block_1_97' title="bbox 418 5193 2005 5269">
    <p class='ocr_par' dir='ltr' id='par_1_97' title="bbox 418 5193 2005 5269">
     <span class='ocr_line' id='line_1_97' title="bbox 418 5193 2005 5269; baseline -0.002 -20"><span class='ocrx_word' id='word_1_798' title='bbox 418 5197 698 5269; x_wconf 87' lang='lat' dir='ltr'><strong>glorietur,</strong></span> <span class='ocrx_word' id='word_1_799' title='bbox 736 5196 827 5266; x_wconf 90' lang='lat' dir='ltr'><strong>qui</strong></span> <span class='ocrx_word' id='word_1_800' title='bbox 884 5196 1167 5267; x_wconf 87' lang='lat' dir='ltr'><strong>gloriatur,</strong></span> <span class='ocrx_word' id='word_1_801' title='bbox 1214 5194 1515 5263; x_wconf 87' lang='lat' dir='ltr'><strong>intelligere</strong></span> <span class='ocrx_word' id='word_1_802' title='bbox 1546 5200 1601 5247; x_wconf 88' lang='lat' dir='ltr'><strong>et</strong></span> <span class='ocrx_word' id='word_1_803' title='bbox 1632 5194 1769 5247; x_wconf 86' lang='lat' dir='ltr'><strong>scire</strong></span> <span class='ocrx_word' id='word_1_804' title='bbox 1822 5193 2005 5246; x_wconf 90' lang='lat' dir='ltr'><strong>Domi-</strong></span> 
     </span>
    </p>
   </div>
   <div class='ocr_carea' id='block_1_98' title="bbox 421 5282 2021 5355">
    <p class='ocr_par' dir='ltr' id='par_1_98' title="bbox 421 5282 2021 5355">
     <span class='ocr_line' id='line_1_98' title="bbox 421 5282 2021 5355; baseline -0.005 -12"><span class='ocrx_word' id='word_1_805' title='bbox 421 5304 570 5348; x_wconf 89' lang='lat' dir='ltr'><strong>num,</strong></span> <span class='ocrx_word' id='word_1_806' title='bbox 597 5296 652 5342; x_wconf 91' lang='lat' dir='ltr'><strong>et</strong></span> <span class='ocrx_word' id='word_1_807' title='bbox 690 5285 869 5342; x_wconf 86' lang='lat' dir='ltr'><strong>facere</strong></span> <span class='ocrx_word' id='word_1_808' title='bbox 893 5286 1157 5355; x_wconf 91' lang='lat' dir='ltr'><strong>judicium</strong></span> <span class='ocrx_word' id='word_1_809' title='bbox 1182 5294 1237 5340; x_wconf 91' lang='lat' dir='ltr'><strong>et</strong></span> <span class='ocrx_word' id='word_1_810' title='bbox 1260 5284 1526 5352; x_wconf 86' lang='lat' dir='ltr'><strong>justitiam</strong></span> <span class='ocrx_word' id='word_1_811' title='bbox 1555 5284 1608 5336; x_wconf 93' lang='lat' dir='ltr'><strong>in</strong></span> <span class='ocrx_word' id='word_1_812' title='bbox 1641 5283 1818 5337; x_wconf 68' lang='lat' dir='ltr'><strong>melio</strong></span> <span class='ocrx_word' id='word_1_813' title='bbox 1846 5282 2021 5337; x_wconf 54' lang='lat' dir='ltr'><strong>terra!</strong></span> 
     </span>
    </p>
   </div>
   <div class='ocr_carea' id='block_1_99' title="bbox 423 5375 2010 5454">
    <p class='ocr_par' dir='ltr' id='par_1_99' title="bbox 423 5375 2010 5454">
     <span class='ocr_line' id='line_1_99' title="bbox 423 5375 2010 5454; baseline -0.004 -19"><span class='ocrx_word' id='word_1_814' title='bbox 423 5380 560 5454; x_wconf 84' lang='lat' dir='ltr'><strong>(Jer.</strong></span> <span class='ocrx_word' id='word_1_815' title='bbox 596 5380 693 5451; x_wconf 81' lang='lat' dir='ltr'><strong>Ix).</strong></span> <span class='ocrx_word' id='word_1_816' title='bbox 729 5400 748 5432; x_wconf 71' lang='grc' dir='ltr'><strong>ι</strong></span> <span class='ocrx_word' id='word_1_817' title='bbox 791 5379 908 5437; x_wconf 80' lang='lat' dir='ltr'><strong>Non</strong></span> <span class='ocrx_word' id='word_1_818' title='bbox 933 5395 1097 5450; x_wconf 85' lang='lat' dir='ltr'><strong>parva</strong></span> <span class='ocrx_word' id='word_1_819' title='bbox 1127 5395 1189 5434; x_wconf 83' lang='lat' dir='ltr'><strong>ex</strong></span> <span class='ocrx_word' id='word_1_820' title='bbox 1220 5389 1376 5448; x_wconf 81' lang='lat' dir='ltr'><strong>parte</strong></span> <span class='ocrx_word' id='word_1_821' title='bbox 1420 5375 1669 5445; x_wconf 86' lang='lat' dir='ltr'><strong>intelligit</strong></span> <span class='ocrx_word' id='word_1_822' title='bbox 1699 5386 1752 5430; x_wconf 91' lang='lat' dir='ltr'><strong>et</strong></span> <span class='ocrx_word' id='word_1_823' title='bbox 1776 5378 1877 5431; x_wconf 87' lang='lat' dir='ltr'><strong>scit</strong></span> <span class='ocrx_word' id='word_1_824' title='bbox 1904 5375 2010 5429; x_wconf 89' lang='lat' dir='ltr'><strong>Do-</strong></span> 
     </span>
    </p>
   </div>
   <div class='ocr_carea' id='block_1_100' title="bbox 423 5469 2010 5545">
    <p class='ocr_par' dir='ltr' id='par_1_100' title="bbox 423 5469 2010 5545">
     <span class='ocr_line' id='line_1_100' title="bbox 423 5469 2010 5545; baseline -0.001 -20"><span class='ocrx_word' id='word_1_825' title='bbox 423 5474 651 5538; x_wconf 88' lang='lat' dir='ltr'><strong>minum,</strong></span> <span class='ocrx_word' id='word_1_826' title='bbox 680 5473 771 5545; x_wconf 90' lang='lat' dir='ltr'><strong>qui</strong></span> <span class='ocrx_word' id='word_1_827' title='bbox 799 5472 1072 5542; x_wconf 85' lang='lat' dir='ltr'><strong>intelligit,</strong></span> <span class='ocrx_word' id='word_1_828' title='bbox 1112 5479 1167 5526; x_wconf 88' lang='lat' dir='ltr'><strong>et</strong></span> <span class='ocrx_word' id='word_1_829' title='bbox 1192 5470 1295 5524; x_wconf 91' lang='lat' dir='ltr'><strong>scit</strong></span> <span class='ocrx_word' id='word_1_830' title='bbox 1333 5469 1497 5525; x_wconf 82' lang='lat' dir='ltr'><strong>etiam</strong></span> <span class='ocrx_word' id='word_1_831' title='bbox 1551 5469 1652 5523; x_wconf 91' lang='lat' dir='ltr'><strong>hoc</strong></span> <span class='ocrx_word' id='word_1_832' title='bbox 1681 5470 1782 5524; x_wconf 91' lang='lat' dir='ltr'><strong>sibi</strong></span> <span class='ocrx_word' id='word_1_833' title='bbox 1819 5486 1850 5531; x_wconf 84' lang='lat' dir='ltr'><strong>a</strong></span> <span class='ocrx_word' id='word_1_834' title='bbox 1904 5471 2010 5524; x_wconf 91' lang='lat' dir='ltr'><strong>Do-</strong></span> 
     </span>
    </p>
   </div>
   <div class='ocr_carea' id='block_1_101' title="bbox 428 5562 2010 5637">
    <p class='ocr_par' dir='ltr' id='par_1_101' title="bbox 428 5562 2010 5637">
     <span class='ocr_line' id='line_1_101' title="bbox 428 5562 2010 5637; baseline -0.001 -18"><span class='ocrx_word' id='word_1_835' title='bbox 428 5565 573 5619; x_wconf 90' lang='lat' dir='ltr'><strong>mino</strong></span> <span class='ocrx_word' id='word_1_836' title='bbox 599 5565 739 5631; x_wconf 88' lang='lat' dir='ltr'><strong>dari,</strong></span> <span class='ocrx_word' id='word_1_837' title='bbox 772 5574 829 5620; x_wconf 89' lang='lat' dir='ltr'><strong>ut</strong></span> <span class='ocrx_word' id='word_1_838' title='bbox 853 5565 1117 5637; x_wconf 86' lang='lat' dir='ltr'><strong>intelligat</strong></span> <span class='ocrx_word' id='word_1_839' title='bbox 1144 5572 1198 5617; x_wconf 88' lang='lat' dir='ltr'><strong>et</strong></span> <span class='ocrx_word' id='word_1_840' title='bbox 1230 5562 1367 5617; x_wconf 73' lang='lat' dir='ltr'><strong>sciat</strong></span> <span class='ocrx_word' id='word_1_841' title='bbox 1392 5564 1698 5617; x_wconf 91' lang='lat' dir='ltr'><strong>Dominum.</strong></span> <span class='ocrx_word' id='word_1_842' title='bbox 1736 5563 1843 5618; x_wconf 85' lang='lat' dir='ltr'><strong>Sed</strong></span> <span class='ocrx_word' id='word_1_843' title='bbox 1882 5563 2010 5634; x_wconf 86' lang='lat' dir='ltr'><strong>quia</strong></span> 
     </span>
    </p>
   </div>
   <div class='ocr_carea' id='block_1_102' title="bbox 430 5652 2012 5727">
    <p class='ocr_par' dir='ltr' id='par_1_102' title="bbox 430 5652 2012 5727">
     <span class='ocr_line' id='line_1_102' title="bbox 430 5652 2012 5727; baseline -0.003 -15"><span class='ocrx_word' id='word_1_844' title='bbox 430 5658 715 5713; x_wconf 87' lang='lat' dir='ltr'><strong>retributio</strong></span> <span class='ocrx_word' id='word_1_845' title='bbox 739 5656 886 5727; x_wconf 87' lang='lat' dir='ltr'><strong>justa</strong></span> <span class='ocrx_word' id='word_1_846' title='bbox 922 5657 975 5710; x_wconf 90' lang='lat' dir='ltr'><strong>in</strong></span> <span class='ocrx_word' id='word_1_847' title='bbox 1006 5654 1093 5708; x_wconf 82' lang='lat' dir='ltr'><strong>die</strong></span> <span class='ocrx_word' id='word_1_848' title='bbox 1126 5654 1317 5721; x_wconf 89' lang='lat' dir='ltr'><strong>judicii</strong></span> <span class='ocrx_word' id='word_1_849' title='bbox 1375 5653 1558 5707; x_wconf 90' lang='lat' dir='ltr'><strong>futura</strong></span> <span class='ocrx_word' id='word_1_850' title='bbox 1603 5663 1687 5707; x_wconf 90' lang='lat' dir='ltr'><strong>est</strong></span> <span class='ocrx_word' id='word_1_851' title='bbox 1721 5669 1750 5706; x_wconf 91' lang='lat' dir='ltr'><strong>a</strong></span> <span class='ocrx_word' id='word_1_852' title='bbox 1780 5652 2012 5707; x_wconf 90' lang='lat' dir='ltr'><strong>Domino</strong></span> 
     </span>
    </p>
   </div>
   <div class='ocr_carea' id='block_1_103' title="bbox 433 5742 2017 5822">
    <p class='ocr_par' dir='ltr' id='par_1_103' title="bbox 433 5742 2017 5822">
     <span class='ocr_line' id='line_1_103' title="bbox 433 5742 2017 5822; baseline -0.009 -13"><span class='ocrx_word' id='word_1_853' title='bbox 433 5765 591 5822; x_wconf 68' lang='lat' dir='ltr'><strong>Super</strong></span> <span class='ocrx_word' id='word_1_854' title='bbox 620 5749 761 5805; x_wconf 91' lang='lat' dir='ltr'><strong>ﬁlios</strong></span> <span class='ocrx_word' id='word_1_855' title='bbox 792 5747 944 5812; x_wconf 62' lang='grc' dir='ltr'>Δότε,</span> <span class='ocrx_word' id='word_1_856' title='bbox 975 5745 1098 5800; x_wconf 88' lang='lat' dir='ltr'><strong>inde</strong></span> <span class='ocrx_word' id='word_1_857' title='bbox 1137 5744 1381 5812; x_wconf 87' lang='lat' dir='ltr'><strong>sequitur</strong></span> <span class='ocrx_word' id='word_1_858' title='bbox 1412 5762 1425 5800; x_wconf 91' lang='lat'>:</span> <span class='ocrx_word' id='word_1_859' title='bbox 1464 5763 1480 5793; x_wconf 77' lang='grc' dir='ltr'><strong>ε</strong></span> <span class='ocrx_word' id='word_1_860' title='bbox 1520 5742 1783 5799; x_wconf 90' lang='lat' dir='ltr'><strong>Dominus</strong></span> <span class='ocrx_word' id='word_1_861' title='bbox 1829 5757 2017 5801; x_wconf 81' lang='lat' dir='ltr'><strong>ascen-</strong></span> 
     </span>
    </p>
   </div>
   <div class='ocr_carea' id='block_1_104' title="bbox 439 5833 2018 5923">
    <p class='ocr_par' dir='ltr' id='par_1_104' title="bbox 439 5833 2018 5923">
     <span class='ocr_line' id='line_1_104' title="bbox 439 5833 2018 5923; baseline -0.003 -26"><span class='ocrx_word' id='word_1_862' title='bbox 439 5862 457 5897; x_wconf 86' lang='grc'><em>‹</em></span> <span class='ocrx_word' id='word_1_863' title='bbox 499 5844 599 5909; x_wconf 86' lang='lat' dir='ltr'><strong>dit,</strong></span> <span class='ocrx_word' id='word_1_864' title='bbox 627 5842 822 5912; x_wconf 86' lang='lat' dir='ltr'><strong>inquit.</strong></span> <span class='ocrx_word' id='word_1_865' title='bbox 846 5838 1013 5895; x_wconf 71' lang='lat' dir='ltr'><strong>cmlos</strong></span> <span class='ocrx_word' id='word_1_866' title='bbox 1057 5847 1111 5895; x_wconf 91' lang='lat' dir='ltr'><strong>et</strong></span> <span class='ocrx_word' id='word_1_867' title='bbox 1143 5836 1348 5903; x_wconf 87' lang='lat' dir='ltr'><strong>tonuit;</strong></span> <span class='ocrx_word' id='word_1_868' title='bbox 1403 5835 1516 5906; x_wconf 89' lang='lat' dir='ltr'><strong>ipse</strong></span> <span class='ocrx_word' id='word_1_869' title='bbox 1534 5833 1801 5923; x_wconf 84' lang='lat' dir='ltr'><strong>judicabit</strong></span> <span class='ocrx_word' id='word_1_870' title='bbox 1834 5842 2018 5897; x_wconf 72' lang='lat' dir='ltr'><strong>extre-</strong></span> 
     </span>
    </p>
   </div>
   <div class='ocr_carea' id='block_1_105' title="bbox 2106 4709 3694 4783">
    <p class='ocr_par' dir='ltr' id='par_1_105' title="bbox 2106 4709 3694 4783">
     <span class='ocr_line' id='line_1_105' title="bbox 2106 4709 3694 4783; baseline -0.01 -6"><span class='ocrx_word' id='word_1_871' title='bbox 2106 4722 2372 4783; x_wconf 84' lang='lat' dir='ltr'><strong>fectorum</strong></span> <span class='ocrx_word' id='word_1_872' title='bbox 2400 4727 2582 4773; x_wconf 91' lang='lat' dir='ltr'><strong>autem</strong></span> <span class='ocrx_word' id='word_1_873' title='bbox 2606 4717 2759 4773; x_wconf 90' lang='lat' dir='ltr'><strong>cibus</strong></span> <span class='ocrx_word' id='word_1_874' title='bbox 2786 4721 2869 4770; x_wconf 91' lang='lat' dir='ltr'><strong>est</strong></span> <span class='ocrx_word' id='word_1_875' title='bbox 2896 4712 3119 4767; x_wconf 90' lang='lat' dir='ltr'><strong>solidus.</strong></span> <span class='ocrx_word' id='word_1_876' title='bbox 3156 4709 3267 4763; x_wconf 86' lang='lat' dir='ltr'><strong>Nec</strong></span> <span class='ocrx_word' id='word_1_877' title='bbox 3292 4723 3400 4763; x_wconf 91' lang='lat' dir='ltr'><strong>non</strong></span> <span class='ocrx_word' id='word_1_878' title='bbox 3428 4714 3482 4762; x_wconf 92' lang='lat' dir='ltr'><strong>et</strong></span> <span class='ocrx_word' id='word_1_879' title='bbox 3508 4722 3694 4778; x_wconf 90' lang='lat' dir='ltr'><strong>super-</strong></span> 
     </span>
    </p>
   </div>
   <div class='ocr_carea' id='block_1_106' title="bbox 2107 4796 3691 4875">
    <p class='ocr_par' dir='ltr' id='par_1_106' title="bbox 2107 4796 3691 4875">
     <span class='ocr_line' id='line_1_106' title="bbox 2107 4796 3691 4875; baseline -0.011 -8"><span class='ocrx_word' id='word_1_880' title='bbox 2107 4801 2386 4867; x_wconf 84' lang='lat' dir='ltr'><strong>humerale</strong></span> <span class='ocrx_word' id='word_1_881' title='bbox 2430 4806 2633 4862; x_wconf 85' lang='lat' dir='ltr'><strong>lineum</strong></span> <span class='ocrx_word' id='word_1_882' title='bbox 2674 4803 2944 4875; x_wconf 90' lang='lat' dir='ltr'><strong>signiﬁcat</strong></span> <span class='ocrx_word' id='word_1_883' title='bbox 2976 4800 3283 4854; x_wconf 88' lang='lat' dir='ltr'><strong>castitatem</strong></span> <span class='ocrx_word' id='word_1_884' title='bbox 3320 4804 3375 4851; x_wconf 89' lang='lat' dir='ltr'><strong>et</strong></span> <span class='ocrx_word' id='word_1_885' title='bbox 3409 4796 3691 4853; x_wconf 83' lang='lat' dir='ltr'><strong>continen—</strong></span> 
     </span>
    </p>
   </div>
   <div class='ocr_carea' id='block_1_107' title="bbox 2111 4887 3692 4966">
    <p class='ocr_par' dir='ltr' id='par_1_107' title="bbox 2111 4887 3692 4966">
     <span class='ocr_line' id='line_1_107' title="bbox 2111 4887 3692 4966; baseline -0.011 -7"><span class='ocrx_word' id='word_1_886' title='bbox 2111 4905 2239 4959; x_wconf 90' lang='lat' dir='ltr'><strong>tiam</strong></span> <span class='ocrx_word' id='word_1_887' title='bbox 2305 4917 2427 4956; x_wconf 90' lang='lat' dir='ltr'><strong>cum</strong></span> <span class='ocrx_word' id='word_1_888' title='bbox 2470 4898 2627 4954; x_wconf 91' lang='lat' dir='ltr'><strong>bonis</strong></span> <span class='ocrx_word' id='word_1_889' title='bbox 2676 4894 2950 4966; x_wconf 88' lang='lat' dir='ltr'><strong>operibus.</strong></span> <span class='ocrx_word' id='word_1_890' title='bbox 3007 4891 3143 4960; x_wconf 86' lang='lat' dir='ltr'><strong>Quia</strong></span> <span class='ocrx_word' id='word_1_891' title='bbox 3206 4888 3453 4961; x_wconf 89' lang='lat' dir='ltr'><strong>quisquis</strong></span> <span class='ocrx_word' id='word_1_892' title='bbox 3510 4887 3692 4943; x_wconf 88' lang='lat' dir='ltr'><strong>divino</strong></span> 
     </span>
    </p>
   </div>
   <div class='ocr_carea' id='block_1_108' title="bbox 2111 4979 3690 5059">
    <p class='ocr_par' dir='ltr' id='par_1_108' title="bbox 2111 4979 3690 5059">
     <span class='ocr_line' id='line_1_108' title="bbox 2111 4979 3690 5059; baseline -0.012 -9"><span class='ocrx_word' id='word_1_893' title='bbox 2111 4993 2415 5051; x_wconf 88' lang='lat' dir='ltr'><strong>ministerio</strong></span> <span class='ocrx_word' id='word_1_894' title='bbox 2462 4988 2613 5059; x_wconf 85' lang='lat' dir='ltr'><strong>fungi</strong></span> <span class='ocrx_word' id='word_1_895' title='bbox 2641 4986 2868 5059; x_wconf 88' lang='lat' dir='ltr'><strong>appetit,</strong></span> <span class='ocrx_word' id='word_1_896' title='bbox 2897 4997 3120 5037; x_wconf 90' lang='lat' dir='ltr'><strong>necesse</strong></span> <span class='ocrx_word' id='word_1_897' title='bbox 3145 4990 3229 5037; x_wconf 89' lang='lat' dir='ltr'><strong>est</strong></span> <span class='ocrx_word' id='word_1_898' title='bbox 3255 4989 3317 5035; x_wconf 91' lang='lat' dir='ltr'><strong>ut</strong></span> <span class='ocrx_word' id='word_1_899' title='bbox 3338 4979 3575 5052; x_wconf 90' lang='lat' dir='ltr'><strong>primum</strong></span> <span class='ocrx_word' id='word_1_900' title='bbox 3597 4992 3690 5032; x_wconf 89' lang='lat' dir='ltr'><strong>ca-</strong></span> 
     </span>
    </p>
   </div>
   <div class='ocr_carea' id='block_1_109' title="bbox 2113 5073 3695 5157">
    <p class='ocr_par' dir='ltr' id='par_1_109' title="bbox 2113 5073 3695 5157">
     <span class='ocr_line' id='line_1_109' title="bbox 2113 5073 3695 5157; baseline -0.012 -11"><span class='ocrx_word' id='word_1_901' title='bbox 2113 5099 2193 5146; x_wconf 92' lang='lat' dir='ltr'><strong>ste</strong></span> <span class='ocrx_word' id='word_1_902' title='bbox 2221 5088 2668 5157; x_wconf 89' lang='lat' dir='ltr'><strong>continenterque</strong></span> <span class='ocrx_word' id='word_1_903' title='bbox 2696 5082 2867 5143; x_wconf 86' lang='lat' dir='ltr'><strong>vivat,</strong></span> <span class='ocrx_word' id='word_1_904' title='bbox 2914 5096 2978 5135; x_wconf 90' lang='lat' dir='ltr'><strong>ac</strong></span> <span class='ocrx_word' id='word_1_905' title='bbox 3012 5079 3089 5135; x_wconf 91' lang='lat' dir='ltr'><strong>sic</strong></span> <span class='ocrx_word' id='word_1_906' title='bbox 3137 5079 3190 5132; x_wconf 92' lang='lat' dir='ltr'><strong>in</strong></span> <span class='ocrx_word' id='word_1_907' title='bbox 3238 5077 3395 5132; x_wconf 86' lang='lat' dir='ltr'><strong>bonis</strong></span> <span class='ocrx_word' id='word_1_908' title='bbox 3439 5073 3695 5146; x_wconf 75' lang='lat' dir='ltr'><strong>operibus</strong></span> 
     </span>
    </p>
   </div>
   <div class='ocr_carea' id='block_1_110' title="bbox 2112 5165 3691 5246">
    <p class='ocr_par' dir='ltr' id='par_1_110' title="bbox 2112 5165 3691 5246">
     <span class='ocr_line' id='line_1_110' title="bbox 2112 5165 3691 5246; baseline -0.012 -12"><span class='ocrx_word' id='word_1_909' title='bbox 2112 5178 2462 5246; x_wconf 89' lang='lat' dir='ltr'><strong>semetipsum</strong></span> <span class='ocrx_word' id='word_1_910' title='bbox 2505 5178 2776 5228; x_wconf 77' lang='lat' dir='ltr'><strong>exerceat.</strong></span> <span class='ocrx_word' id='word_1_911' title='bbox 2814 5169 2985 5223; x_wconf 89' lang='lat' dir='ltr'><strong>Porro</strong></span> <span class='ocrx_word' id='word_1_912' title='bbox 3031 5167 3125 5220; x_wconf 90' lang='lat' dir='ltr'><strong>ﬁlii</strong></span> <span class='ocrx_word' id='word_1_913' title='bbox 3158 5166 3275 5223; x_wconf 85' lang='lat' dir='ltr'><strong>Heli</strong></span> <span class='ocrx_word' id='word_1_914' title='bbox 3306 5165 3486 5220; x_wconf 86' lang='lat' dir='ltr'><strong>divina</strong></span> <span class='ocrx_word' id='word_1_915' title='bbox 3537 5178 3691 5217; x_wconf 84' lang='lat' dir='ltr'><strong>sacra</strong></span> 
     </span>
    </p>
   </div>
   <div class='ocr_carea' id='block_1_111' title="bbox 2116 5256 3691 5338">
    <p class='ocr_par' dir='ltr' id='par_1_111' title="bbox 2116 5256 3691 5338">
     <span class='ocr_line' id='line_1_111' title="bbox 2116 5256 3691 5338; baseline -0.011 -11"><span class='ocrx_word' id='word_1_916' title='bbox 2116 5278 2444 5327; x_wconf 89' lang='lat' dir='ltr'><strong>temerantes</strong></span> <span class='ocrx_word' id='word_1_917' title='bbox 2485 5264 2781 5338; x_wconf 89' lang='lat' dir='ltr'><strong>peccabant</strong></span> <span class='ocrx_word' id='word_1_918' title='bbox 2839 5278 3024 5318; x_wconf 88' lang='lat' dir='ltr'><strong>coram</strong></span> <span class='ocrx_word' id='word_1_919' title='bbox 3064 5262 3312 5323; x_wconf 88' lang='lat' dir='ltr'><strong>Domino.</strong></span> <span class='ocrx_word' id='word_1_920' title='bbox 3357 5258 3509 5315; x_wconf 88' lang='lat' dir='ltr'><strong>Unde</strong></span> <span class='ocrx_word' id='word_1_921' title='bbox 3553 5256 3691 5312; x_wconf 91' lang='lat' dir='ltr'><strong>scri-</strong></span> 
     </span>
    </p>
   </div>
   <div class='ocr_carea' id='block_1_112' title="bbox 2114 5350 3695 5437">
    <p class='ocr_par' dir='ltr' id='par_1_112' title="bbox 2114 5350 3695 5437">
     <span class='ocr_line' id='line_1_112' title="bbox 2114 5350 3695 5437; baseline -0.013 -17"><span class='ocrx_word' id='word_1_922' title='bbox 2114 5374 2265 5437; x_wconf 87' lang='lat' dir='ltr'><strong>ptum</strong></span> <span class='ocrx_word' id='word_1_923' title='bbox 2297 5372 2378 5418; x_wconf 89' lang='lat' dir='ltr'><strong>est</strong></span> <span class='ocrx_word' id='word_1_924' title='bbox 2409 5380 2420 5415; x_wconf 93' lang='lat'><strong>:</strong></span> <span class='ocrx_word' id='word_1_925' title='bbox 2475 5381 2493 5412; x_wconf 81' lang='grc' dir='ltr'><strong>ι</strong></span> <span class='ocrx_word' id='word_1_926' title='bbox 2552 5358 2672 5413; x_wconf 85' lang='lat' dir='ltr'><strong>Filii</strong></span> <span class='ocrx_word' id='word_1_927' title='bbox 2706 5356 2855 5419; x_wconf 88' lang='lat' dir='ltr'><strong>Heli,</strong></span> <span class='ocrx_word' id='word_1_928' title='bbox 2901 5355 2995 5409; x_wconf 91' lang='lat' dir='ltr'><strong>ﬁlii</strong></span> <span class='ocrx_word' id='word_1_929' title='bbox 3026 5353 3227 5418; x_wconf 88' lang='lat' dir='ltr'><strong>Belial,</strong></span> <span class='ocrx_word' id='word_1_930' title='bbox 3258 5352 3558 5406; x_wconf 87' lang='lat' dir='ltr'><strong>nescientes</strong></span> <span class='ocrx_word' id='word_1_931' title='bbox 3585 5350 3695 5406; x_wconf 80' lang='lat' dir='ltr'><strong>Do-.</strong></span> 
     </span>
    </p>
   </div>
   <div class='ocr_carea' id='block_1_113' title="bbox 2122 5442 3688 5524">
    <p class='ocr_par' dir='ltr' id='par_1_113' title="bbox 2122 5442 3688 5524">
     <span class='ocr_line' id='line_1_113' title="bbox 2122 5442 3688 5524; baseline -0.013 -11"><span class='ocrx_word' id='word_1_932' title='bbox 2122 5481 2139 5512; x_wconf 78' lang='grc' dir='ltr'><strong>ι</strong></span> <span class='ocrx_word' id='word_1_933' title='bbox 2187 5460 2412 5522; x_wconf 89' lang='lat' dir='ltr'><strong>minum,</strong></span> <span class='ocrx_word' id='word_1_934' title='bbox 2440 5467 2615 5524; x_wconf 88' lang='lat' dir='ltr'><strong>neque</strong></span> <span class='ocrx_word' id='word_1_935' title='bbox 2638 5450 2877 5507; x_wconf 91' lang='lat' dir='ltr'><strong>ofﬁcium</strong></span> <span class='ocrx_word' id='word_1_936' title='bbox 2909 5447 3249 5504; x_wconf 88' lang='lat' dir='ltr'><strong>sacerdotum</strong></span> <span class='ocrx_word' id='word_1_937' title='bbox 3275 5444 3341 5498; x_wconf 87' lang='lat' dir='ltr'><strong>ad</strong></span> <span class='ocrx_word' id='word_1_938' title='bbox 3359 5442 3636 5519; x_wconf 79' lang='lat' dir='ltr'><strong>pupulum.</strong></span> <span class='ocrx_word' id='word_1_939' title='bbox 3671 5461 3688 5493; x_wconf 74' lang='grc' dir='ltr'><strong>ι</strong></span> 
     </span>
    </p>
   </div>
   <div class='ocr_carea' id='block_1_114' title="bbox 2118 5536 3691 5623">
    <p class='ocr_par' dir='ltr' id='par_1_114' title="bbox 2118 5536 3691 5623">
     <span class='ocr_line' id='line_1_114' title="bbox 2118 5536 3691 5623; baseline -0.013 -17"><span class='ocrx_word' id='word_1_940' title='bbox 2118 5553 2184 5617; x_wconf 80' lang='lat' dir='ltr'><strong>Et</strong></span> <span class='ocrx_word' id='word_1_941' title='bbox 2210 5552 2369 5623; x_wconf 90' lang='lat' dir='ltr'><strong>paulo</strong></span> <span class='ocrx_word' id='word_1_942' title='bbox 2399 5556 2520 5619; x_wconf 91' lang='lat' dir='ltr'><strong>post</strong></span> <span class='ocrx_word' id='word_1_943' title='bbox 2550 5565 2562 5600; x_wconf 91' lang='lat'><strong>:</strong></span> <span class='ocrx_word' id='word_1_944' title='bbox 2601 5565 2619 5598; x_wconf 78' lang='grc' dir='ltr'><strong>ι</strong></span> <span class='ocrx_word' id='word_1_945' title='bbox 2656 5544 2806 5607; x_wconf 83' lang='lat' dir='ltr'><strong>Erat,</strong></span> <span class='ocrx_word' id='word_1_946' title='bbox 2832 5556 2981 5612; x_wconf 89' lang='lat' dir='ltr'><strong>ergo,</strong></span> <span class='ocrx_word' id='word_1_947' title='bbox 3020 5536 3207 5606; x_wconf 77' lang='lat' dir='ltr'><strong>inquit,</strong></span> <span class='ocrx_word' id='word_1_948' title='bbox 3242 5541 3521 5602; x_wconf 89' lang='lat' dir='ltr'><strong>peccatum</strong></span> <span class='ocrx_word' id='word_1_949' title='bbox 3563 5548 3691 5603; x_wconf 88' lang='lat' dir='ltr'><strong>pue-</strong></span> 
     </span>
    </p>
   </div>
   <div class='ocr_carea' id='block_1_115' title="bbox 2124 5628 3692 5711">
    <p class='ocr_par' dir='ltr' id='par_1_115' title="bbox 2124 5628 3692 5711">
     <span class='ocr_line' id='line_1_115' title="bbox 2124 5628 3692 5711; baseline -0.011 -12"><span class='ocrx_word' id='word_1_950' title='bbox 2124 5668 2140 5697; x_wconf 79' lang='grc' dir='ltr'><strong>ι</strong></span> <span class='ocrx_word' id='word_1_951' title='bbox 2190 5660 2374 5698; x_wconf 87' lang='lat' dir='ltr'><strong>rorum</strong></span> <span class='ocrx_word' id='word_1_952' title='bbox 2423 5639 2626 5711; x_wconf 86' lang='lat' dir='ltr'><strong>grande</strong></span> <span class='ocrx_word' id='word_1_953' title='bbox 2660 5636 2826 5689; x_wconf 91' lang='lat' dir='ltr'><strong>nimis</strong></span> <span class='ocrx_word' id='word_1_954' title='bbox 2859 5647 3039 5687; x_wconf 91' lang='lat' dir='ltr'><strong>coram</strong></span> <span class='ocrx_word' id='word_1_955' title='bbox 3078 5628 3325 5695; x_wconf 90' lang='lat' dir='ltr'><strong>Domino,</strong></span> <span class='ocrx_word' id='word_1_956' title='bbox 3360 5629 3487 5709; x_wconf 86' lang='lat' dir='ltr'><strong>quia</strong></span> <span class='ocrx_word' id='word_1_957' title='bbox 3517 5629 3692 5687; x_wconf 87' lang='lat' dir='ltr'><strong>detra-</strong></span> 
     </span>
    </p>
   </div>
   <div class='ocr_carea' id='block_1_116' title="bbox 2126 5720 3693 5793">
    <p class='ocr_par' dir='ltr' id='par_1_116' title="bbox 2126 5720 3693 5793">
     <span class='ocr_line' id='line_1_116' title="bbox 2126 5720 3693 5793; baseline -0.011 -3"><span class='ocrx_word' id='word_1_958' title='bbox 2126 5760 2143 5790; x_wconf 80' lang='grc' dir='ltr'><strong>ι</strong></span> <span class='ocrx_word' id='word_1_959' title='bbox 2189 5737 2391 5793; x_wconf 87' lang='lat' dir='ltr'><strong>hebant</strong></span> <span class='ocrx_word' id='word_1_960' title='bbox 2435 5730 2682 5788; x_wconf 88' lang='lat' dir='ltr'><strong>homines</strong></span> <span class='ocrx_word' id='word_1_961' title='bbox 2714 5744 2745 5781; x_wconf 94' lang='lat' dir='ltr'><strong>a</strong></span> <span class='ocrx_word' id='word_1_962' title='bbox 2794 5725 3057 5781; x_wconf 88' lang='lat' dir='ltr'><strong>sacriﬁcio</strong></span> <span class='ocrx_word' id='word_1_963' title='bbox 3086 5723 3320 5778; x_wconf 90' lang='lat' dir='ltr'><strong>Domini.</strong></span> <span class='ocrx_word' id='word_1_964' title='bbox 3361 5720 3693 5793; x_wconf 58' lang='lat' dir='ltr'><strong>iJosephus,</strong></span> 
     </span>
    </p>
   </div>
   <div class='ocr_carea' id='block_1_117' title="bbox 2122 5814 3692 5897">
    <p class='ocr_par' dir='ltr' id='par_1_117' title="bbox 2122 5814 3692 5897">
     <span class='ocr_line' id='line_1_117' title="bbox 2122 5814 3692 5897; baseline -0.018 -10"><span class='ocrx_word' id='word_1_965' title='bbox 2122 5828 2411 5897; x_wconf 81' lang='lat' dir='ltr'><strong>historicus</strong></span> <span class='ocrx_word' id='word_1_966' title='bbox 2439 5822 2768 5895; x_wconf 64' lang='lat' dir='ltr'><strong>Judmorum,</strong></span> <span class='ocrx_word' id='word_1_967' title='bbox 2792 5817 2859 5873; x_wconf 92' lang='lat' dir='ltr'><strong>de</strong></span> <span class='ocrx_word' id='word_1_968' title='bbox 2884 5814 2967 5875; x_wconf 77' lang='lat' dir='ltr'><strong>his</strong></span> <span class='ocrx_word' id='word_1_969' title='bbox 2992 5815 3202 5881; x_wconf 86' lang='lat' dir='ltr'><strong>duobus</strong></span> <span class='ocrx_word' id='word_1_970' title='bbox 3227 5814 3351 5879; x_wconf 79' lang='lat' dir='ltr'><strong>ﬁliis</strong></span> <span class='ocrx_word' id='word_1_971' title='bbox 3387 5816 3461 5879; x_wconf 73' lang='lat' dir='ltr'><strong>ita</strong></span> <span class='ocrx_word' id='word_1_972' title='bbox 3482 5814 3692 5883; x_wconf 56' lang='grc' dir='ltr'><strong>πείθῃς</strong></span> 
     </span>
    </p>
   </div>
  </div>
