4074 6508
402 468 472 526 at
1062 462 1067 467 '
1224 454 1582 517 uomat.
1622 454 1692 513 1N
1722 452 1972 511 [annos
2000 452 2077 511 tv
2116 452 2384 513 neeum.
2429 488 2499 497 —
2538 458 2604 512 lN
2643 460 2770 515 LIB.
2808 461 2850 515 r.
3564 444 3675 522 ἰη

413 600 433 631 ε
476 575 597 633 Heli
619 573 888 631 sacerdoti
928 580 1087 631 erant
1110 570 1213 627 ﬁlii
1252 573 1380 639 ω,
1420 570 1601 641 Opimi
1628 579 1686 625 et
1720 570 1979 635 Phineas,
2009 572 2064 633 Α
2165 590 2181 621 ι
2232 570 2390 626 Venit
2415 580 2594 627 autem
2621 576 2706 628 vir
2732 576 2827 630 Dei
2862 577 2929 631 ad
2956 575 3073 632 Heli
3100 589 3155 633 et
3178 581 3254 634 ait
3281 582 3347 635 ad
3372 596 3519 637 eum.
3544 580 3672 642 ilree

404 671 554 729 circa
607 666 851 725 bernium
904 664 1173 735 iniuriosi,
1212 669 1268 717 et
1304 665 1448 718 ciuca
1503 660 1851 715 Divinitatem
1888 662 1989 716 im-

2092 683 2113 714 ‹
2157 661 2288 718 dicit
2319 664 2576 719 Dominus
2604 680 2621 719 τ
2647 665 2898 736 Nunquid
2919 684 3025 723 non
3050 680 3234 740 aperte
3254 673 3526 731 revelatus
3551 691 3670 735 sum
3756 658 3763 665 ’

400 763 502 834 pii,
539 760 781 828 nullique
826 756 1104 826 iniquitati
1144 754 1472 824 parcebant;
1510 760 1568 807 et
1614 751 1724 806 alia
1767 751 1987 821 quidem
2092 773 2112 807 α
2156 757 2338 812 domui
2362 759 2537 828 patris
2562 760 2661 826 tui,
2692 776 2817 815 cum
2849 769 3037 817 essent
3062 762 3119 817 in
3151 763 3386 838 Egypto
3426 768 3482 823 in
3512 769 3671 827 domo

405 868 630 912 munera
655 852 724 911 ab
744 849 1245 917 oblaturispmpter
1265 848 1529 902 honorem
1548 845 1768 901 sibimet
1789 859 1984 914 seque-

407 944 676 1007 strabaut,
704 940 811 994 alia
852 954 980 994 vero
1009 939 1213 1008 rapinae
1236 938 1396 992 modo
1424 936 1702 991 tollebant.
1748 935 1986 993 laberi-

400 1036 505 1091 bus
532 1031 808 1104 religionis
828 1044 992 1086 causa
1021 1030 1362 1085 venientibus
1392 1027 1746 1082 contumelias
1791 1026 1985 1081 infere-

398 1127 534 1183 bant
563 1124 727 1179 :aliis
771 1122 987 1193 quidem
1015 1120 1303 1175 violentias
1351 1118 1634 1183 facientes,
1685 1117 1806 1172 aliis
1854 1131 1983 1171 vero

398 1216 788 1289 persuadentes
827 1215 1015 1279 donis;
1068 1213 1313 1283 nihilque
1363 1226 1551 1265 eorum
1606 1210 1715 1264 vita
1738 1226 1773 1263 a
1800 1219 1983 1280 tyran-

400 1311 527 1365 nide
550 1308 786 1380 pessima
813 1304 1120 1362 dil‘erebat.
1176 1304 1328 1359 Unde
1348 1311 1403 1358 et
1434 1302 1554 1357 Heli
1578 1302 1836 1357 sacerdos
1877 1314 1981 1369 pro

399 1414 587 1457 eorum
615 1401 900 1471 iniquitate
938 1398 1230 1455 damnatus
1262 1405 1369 1462 est,
1398 1396 1545 1466 quod
1571 1409 1665 1450 eos
1694 1403 1981 1464 peccantes

397 1497 576 1549 minus
606 1506 795 1549 severa
838 1492 1308 1546 animadversione
1348 1488 1635 1560 plectebat.
1662 1488 1732 1541 Et
1759 1488 1978 1557 quidem

394 1586 654 1649 coercuit,
671 1593 725 1638 et
744 1583 963 1653 quidem
988 1582 1268 1653 corripuit,
1294 1582 1388 1636 sed
1415 1581 1639 1637 lenitate
1660 1591 1717 1635 et
1728 1594 1979 1635 mansue-

400 1676 580 1730 tudine
598 1676 786 1746 patris,
804 1689 913 1728 non
931 1675 1220 1730 severitate
1230 1681 1286 1729 et
1300 1674 1619 1728 auctoritate
1634 1674 1926 1742 pontificis.
1951 1692 1971 1725 ι

396 1766 512 1833 Qua
539 1769 815 1823 sententia
852 1768 1068 1827 discant
1113 1770 1425 1825 sacerdotes
1460 1767 1732 1837 quomodo
1752 1776 1976 1837 propter

394 1867 616 1929 peccata
657 1859 911 1925 Iliorum,
952 1859 1007 1912 id
1052 1868 1158 1924 est,
1181 1868 1401 1930 propter
1427 1858 1632 1914 scelera
1663 1858 1845 1927 populi
1874 1873 1974 1929 pu-

2092 869 2111 901 ‹
2156 851 2472 918 Pharaonis,
2526 862 2584 909 et
2628 855 2765 925 elegi
2824 868 2950 911 eum
2998 863 3071 910 ex
3123 858 3374 913 omnibus
3423 859 3672 916 tribubus

2090 959 2111 992 ι
2152 942 2319 997 lsrael
2348 944 2482 998 mihi
2508 945 2564 999 in
2586 946 2945 1013 sacerdotem,
2968 956 3030 1001 ut
3058 948 3372 1004 ascenderet
3399 948 3467 1004 ad
3499 949 3671 1007 altare

2090 1056 2109 1087 ε
2150 1052 2354 1101 meum,
2387 1047 2440 1092 et
2499 1038 2738 1095 adoleret
2789 1039 2924 1094 mihi
2976 1040 3277 1103 incensum,
3312 1048 3366 1096 et
3423 1049 3672 1112 portaret

2090 1144 2110 1177 ι
2152 1128 2337 1198 prol
2360 1143 2543 1183 coram
2574 1146 2659 1184 me
2680 1172 2694 1195 ,
2724 1139 2781 1185 et
2818 1128 2948 1185 dedi
2978 1131 3158 1186 domui
3188 1131 3360 1201 patris
3381 1132 3459 1186 tui
3487 1134 3671 1188 omnia

2087 1237 2107 1269 ‹
2151 1220 2214 1273 de
2241 1220 2523 1277 sacrificus
2546 1223 2779 1278 filiorum
2804 1219 3008 1279 israel?
3032 1222 3211 1290 Quare
3238 1224 3387 1280 calce
3434 1224 3669 1296 abjicitis

2089 1331 2107 1363 ι
2153 1314 2431 1370 victimam
2498 1328 2712 1384 meam,
2766 1326 2820 1372 et
2872 1328 3102 1374 munera
3173 1332 3293 1372 mea
3350 1326 3474 1388 ‘Quze
3534 1330 3672 1389 prte-

2086 1421 2106 1454 ‹
2152 1405 2272 1474 cepi
2303 1415 2360 1459 ut
2391 1403 2719 1462 offerrentur
2760 1407 2815 1462 in
2849 1408 3067 1480 templo,
3100 1416 3156 1463 et
3172 1409 3344 1478 magis
3387 1409 3671 1465 honorasti

2084 1515 2105 1547 ‹
2143 1495 2284 1551 ﬁlios
2308 1504 2428 1551 tuos
2448 1512 2609 1568 quam
2636 1514 2743 1564 me,
2772 1509 2831 1553 ut
2860 1499 3216 1555 comederctis
3244 1499 3515 1569 primitias
3547 1504 3667 1554 om-

2084 1604 2104 1636 (
2150 1587 2235 1641 nis
2263 1586 2517 1642 sacrificii
2547 1588 2712 1643 Israel
2734 1588 2920 1659 populi
2955 1588 3100 1644 mei?
3129 1586 3422 1660 Propterea
3449 1584 3526 1645 ait
3569 1587 3672 1643 Do-

2083 1697 2103 1731 ¢
2146 1680 2323 1735 minus
2363 1682 2503 1736 Deus
2527 1681 2693 1736 lsrael
2736 1701 2751 1735 :
2786 1678 3041 1753 Loquens
3072 1683 3286 1737 locutus
3322 1696 3459 1746 sum,
3489 1693 3550 1737 ut
3575 1678 3672 1739 do-

2081 1787 2101 1818 ι
2149 1784 2267 1824 rnus
2299 1776 2390 1823 tua
2412 1783 2468 1825 et
2490 1771 2683 1826 domus
2707 1774 2877 1841 patris
2899 1773 2977 1826 tui
3003 1771 3341 1827 ministraret
3368 1773 3422 1827 in
3445 1786 3671 1845 conspe-

2080 1880 2100 1911 ‹
2142 1870 2233 1916 ctu
2262 1876 2382 1918 meo
2408 1878 2582 1933 usque
2612 1865 2666 1918 in
2692 1865 3105 1936 sempiternum.
3138 1864 3293 1920 Nunc
3323 1873 3501 1920 autem
3531 1865 3669 1920 dicit

396 1952 633 2007 niantur.
685 1953 894 2022 Quique
924 1954 1110 2019 etiam,
1161 1955 1409 2022 quamvis
1456 1954 1628 2008 sancti
1666 1955 1797 2014 sint.
1821 1954 1977 2023 culpa
2003 1937 2053 1997 Β
2085 1973 2104 2005 ‹
2144 1953 2439 2010 Dominus:
2472 1952 2628 2011 Absit
2669 1956 2778 2012 hoc
2814 1972 2845 2011 a
2869 1973 2973 2012 me.
3011 1957 3118 2012 Sed
3153 1957 3462 2028 quicunque
3507 1955 3669 2027 glori-

397 2050 577 2096 tamen
609 2042 947 2098 subditorum
974 2045 1200 2109 eisdem,
1226 2045 1272 2099 si
1302 2059 1409 2097 non
1441 2052 1977 2115 coerceant,reputa-

394 2140 500 2185 tur.
530 2131 835 2187 Extraneus
864 2135 1059 2202 quippe
1083 2147 1115 2187 a
1139 2134 1249 2188 Deo
1269 2142 1374 2199 est,
1401 2134 1494 2202 qui
1515 2149 1622 2188 non
1642 2141 1789 2189 tenet
1812 2135 1977 2189 disci-

391 2225 619 2294 plinam,
641 2233 697 2280 et
725 2225 865 2281 illius
892 2242 999 2281 non
1028 2228 1253 2295 corrigit
1270 2236 1333 2281 ut
1354 2228 1491 2281 bene
1509 2232 1567 2281 et
1583 2226 1729 2294 juste
1768 2228 1971 2281 vivant.

394 2314 496 2382 Qui
527 2324 708 2370 autem
737 2332 842 2371 non
868 2319 1093 2387 corripit
1121 2317 1260 2373 ﬁlios
1290 2332 1437 2383 suos,
1459 2326 1520 2371 ut
1544 2317 1836 2371 emendent
1853 2333 1976 2387 quas

391 2420 559 2477 prave
582 2414 884 2476 gesserunt,
912 2409 1075 2479 impie
1095 2418 1177 2463 est
1203 2410 1323 2479 pius
1342 2450 1356 2475 ,
1388 2410 1516 2478 quia
1547 2408 1789 2479 indulget
1828 2409 1974 2465 vitiis

390 2506 444 2551 et
469 2512 794 2554 consensum
817 2502 1024 2570 praebet
1049 2501 1248 2570 iniquis
1278 2502 1333 2555 in
1360 2501 1563 2555 malum
1585 2516 1766 2555 suum.
1792 2500 1973 2570 Opimi

384 2592 604 2661 quidem
652 2593 1042 2662 interpretatur
1084 2595 1293 2648 insania
1336 2594 1717 2660 conversionis;
1765 2602 1821 2648 et
1860 2608 1972 2649 me-

386 2682 495 2735 rito
536 2682 611 2737 ita
649 2691 1009 2753 nuncupatur,
1039 2685 1167 2754 quia
1191 2683 1371 2739 dili‘ert
1398 2685 1642 2739 converti
1670 2685 1725 2738 in
1757 2685 1968 2752 melius,

388 2781 443 2827 et
474 2772 633 2845 longe
664 2774 900 2830 efﬁcitur
927 2790 958 2829 a
992 2782 1122 2831 vera
1169 2778 1523 2833 conversione
1566 2777 1638 2832 ad
1682 2776 1969 2832 Dominum

386 2878 507 2933 quae
538 2865 790 2920 emendat
819 2866 1093 2921 hominem
1120 2882 1151 2920 a
1181 2868 1332 2922 vitiis
1362 2875 1418 2923 et
1442 2874 1683 2937 peccato.
1714 2866 1966 2933 Phineus,

386 2956 493 3009 oris
514 2956 798 3022 obturutio,
823 2958 935 3011 sive
988 2958 1068 3011 ori
1089 2972 1330 3028 parcens,
1372 2957 1783 3029 interpretatur.
1822 2958 1968 3016 Duos

384 3044 618 3103 Pbinees
645 3048 956 3105 sacerdotes
989 3049 1217 3121 legimus
1239 3051 1294 3105 in
1320 3049 1607 3120 Scriptura
1640 3050 1839 3124 (Exod.
1868 3069 1923 3107 vr
1949 3069 1964 3119 ;

386 3134 552 3192 Nam.
588 3138 756 3211 xxv):
790 3137 1186 3209 illumjustum,
1228 3140 1399 3195 filium
1421 3140 1677 3208 Eleazar;
1726 3151 1781 3198 et
1827 3141 1966 3215 inju-

381 3238 549 3295 sturn,
573 3228 742 3284 ﬁlium
770 3230 907 3285 Heli.
943 3231 1083 3286 Sunt
1106 3240 1287 3288 autem
1310 3233 1365 3287 in
1387 3233 1761 3289 sacerdotibus
1783 3234 1962 3302 hodie,

2082 2061 2102 2095 ι
2146 2044 2391 2099 licaverit
2414 2060 2524 2110 me,
2549 2045 2862 2115 gioriﬁcabo
2892 2062 3035 2101 eum.
3067 2045 3169 2115 Qui
3200 2056 3380 2101 autem
3417 2053 3664 2101 contem-

2082 2153 2102 2185 ι
2148 2144 2284 2189 nunt
2311 2150 2428 2196 me,
2463 2144 2628 2191 erunt
2674 2135 2957 2206 ignobiles.
2986 2138 3122 2192 Ecce
3172 2137 3288 2192 dies
3332 2136 3578 2203 veniunt,
3612 2146 3667 2191 et

2082 2244 2102 2276 ι
2146 2227 2439 2297 praecidam
2486 2228 2765 2282 brachium
2825 2239 2998 2296 tuum,
3036 2236 3090 2284 et
3134 2229 3417 2284 brachium
3472 2230 3666 2284 domus

2081 2336 2103 2369 ‹
2143 2320 2332 2387 patris,
2365 2328 2425 2373 ut
2460 2334 2567 2373 non
2620 2320 2689 2373 sit
2727 2334 2895 2374 senex
2925 2320 2980 2374 in
3010 2318 3170 2375 domo
3200 2327 3311 2373 tua.
3341 2316 3411 2374 Et
3456 2316 3667 2373 videbis

2082 2428 2101 2461 ι
2143 2410 2396 2465 aemulum
2427 2418 2577 2465 tuum
2626 2412 2682 2465 in
2731 2412 2930 2482 templo
2963 2414 3019 2467 in
3065 2413 3336 2468 universis
3388 2412 3666 2483 prosperis

2080 2518 2101 2552 ι
2144 2500 2331 2566 lsrael,
2381 2509 2440 2556 et
2466 2517 2574 2556 non
2610 2503 2713 2556 erit
2748 2517 2913 2558 senex
2958 2502 3011 2557 in
3064 2504 3228 2559 domo
3273 2509 3366 2557 tua
3415 2502 3665 2557 omnibus

2081 2611 2100 2645 ι
2142 2592 2352 2649 dieims.
2383 2594 2771 2649 Verumtamen
2817 2582 2951 2651 non.
2971 2594 3211 2651 auferam
3241 2595 3456 2665 penitus
3487 2595 3663 2648 virum

2080 2703 2099 2736 ε
2141 2699 2208 2740 ex
2239 2694 2292 2738 te
2315 2685 2382 2739 ab
2412 2685 2572 2740 altari
2599 2701 2721 2742 meo
2753 2705 2766 2740 :
2799 2687 2894 2742 sed
2923 2694 2983 2741 ut
3009 2687 3263 2743 deﬁciant
3309 2686 3452 2742 oculi
3481 2685 3579 2752 tui,
3610 2692 3664 2739 et

2077 2795 2099 2828 ι
2142 2776 2390 2831 tabescat
2424 2777 2608 2832 anima
2647 2782 2738 2833 tua
2770 2796 2784 2833 :
2820 2786 2875 2833 et
2914 2791 3044 2850 pars
3095 2792 3290 2851 magna
3318 2777 3508 2833 domus
3558 2784 3663 2831 tute

2076 2886 2096 2919 ι
2139 2868 2424 2934 morietur,
2456 2882 2579 2923 cum
2626 2869 2693 2923 ad
2733 2868 2947 2925 virilem
2996 2879 3215 2925 aetatem
3270 2868 3498 2925 venerit.
3546 2866 3661 2922 Hoc

2074 2974 2097 3008 ε
2141 2965 2321 3012 autem
2344 2959 2450 3012 erit
2475 2958 2572 3014 tibi
2603 2959 2817 3030 signum
2846 2960 2989 3030 quod
3013 2968 3305 3015 venturum
3345 2967 3430 3015 est
3454 2957 3661 3014 duobus

2073 3065 2095 3098 ε
2144 3046 2269 3102 ﬁliis
2299 3049 2430 3115 tuis,
2456 3047 2637 3119 Opimi
2666 3058 2721 3105 et
2753 3048 2987 3106 Pbinees
3018 3068 3033 3106 :
3066 3050 3122 3106 in
3151 3051 3238 3106 die
3269 3062 3379 3105 uno
3419 3049 3658 3103 morien-

2070 3158 2094 3191 ι
2138 3150 2227 3195 tur
2272 3143 2452 3209 ambo,
2500 3161 2519 3195 1
2560 3152 2670 3198 etc.
2711 3165 2729 3196 ‹
2776 3143 2939 3212 Ecce,
2985 3165 3004 3198 ι
3046 3144 3268 3214 inquit,
3323 3156 3343 3195 α
3407 3142 3522 3200 dies
3572 3154 3662 3197 ve-

2066 3232 2247 3298 niunt,
2277 3241 2335 3287 et
2357 3234 2648 3303 praecidam
2674 3235 2955 3291 brachium
2978 3245 3153 3301 tuum,
3180 3244 3237 3290 et
3260 3232 3541 3290 brachium
3567 3233 3658 3288 do-

380 3323 477 3395 qui
503 3323 788 3393 utriusque
825 3330 1009 3393 typum
1041 3330 1245 3378 tenent.
1302 3324 1626 3379 Sacerdotes
1662 3325 1827 3395 igitur
1875 3298 1968 3395 qui
1992 3298 2042 3362 C
2070 3335 2194 3376 mus
2218 3298 2388 3390 patris
2416 3323 2515 3375 tui.
2561 3342 2579 3375 ›
2622 3322 2726 3377 Per
2748 3322 3033 3379 brachium
3068 3298 3382 3395 dignitatem
3411 3330 3466 3378 et
3492 3323 3658 3377 robur

379 3415 699 3469 custodiunt
722 3428 786 3467 os
830 3426 986 3466 suum
1015 3422 1070 3467 et
1106 3422 1459 3484 compescunt
1486 3428 1515 3467 a
1546 3414 1690 3468 malo
1718 3422 1771 3469 et
1800 3426 1969 3485 pravo
2071 3413 2270 3468 summi
2298 3414 2554 3484 exprimit
2599 3414 2913 3471 sacerdotii.
2956 3434 2975 3466 ι
3009 3412 3080 3471 Ut
3116 3428 3224 3470 non
3261 3415 3350 3481 sit,
3390 3432 3409 3467 ι
3458 3412 3655 3484 inquit,

381 3506 620 3575 eloquio,
670 3504 969 3561 secundum
1016 3503 1356 3575 Apostolum,
1405 3508 1550 3577 quod
1580 3509 1758 3562 omnis
1789 3522 1969 3566 sermo
2076 3522 2097 3555 ε
2143 3519 2309 3560 senex
2364 3508 2418 3561 in
2475 3506 2635 3563 domo
2690 3516 2801 3563 tua.
2852 3524 2870 3559 ›
2914 3504 3020 3563 Per
3071 3523 3257 3564 senem
3322 3504 3656 3563 sacerdotem

380 3597 559 3655 malus
601 3612 669 3653 ex
697 3606 795 3653 ore
830 3606 1024 3653 eorum
1070 3612 1179 3653 non
1233 3599 1491 3669 procedat
1533 3598 1751 3673 (Ephcs.
1780 3601 1880 3673 ιν),
1909 3603 1967 3658 hi
2068 3600 2325 3665 magnum
2368 3598 2627 3653 ostendit.
2668 3618 2685 3651 ‹
2732 3592 2798 3652 Et
2848 3596 3056 3653 videbis
3090 3597 3339 3653 remulqu
3393 3606 3544 3651 tuum
3605 3595 3657 3651 in

379 3689 599 3745 Phinea:
626 3688 738 3744 tilio
776 3688 1020 3743 Eieazari
1066 3697 1468 3760 comparantur.
1519 3688 1601 3744 llll
1649 3699 1829 3745 autem
1874 3694 1966 3762 qui
2059 3688 2269 3758 .tcmplo
2322 3688 2375 3742 in
2438 3690 2707 3744 universis
2756 3690 3031 3758 prosperis
3086 3684 3274 3744 israel.
3334 3707 3352 3739 ι
3409 3685 3657 3742 Ᾱῐιηιιιυ8

381 3785 688 3838 obturatum
708 3798 771 3838 os
800 3783 1023 3849 habent,
1054 3780 1167 3837 sive
1195 3782 1484 3851 imperitia,
1517 3783 1632 3838 sive
1661 3784 1815 3851 vitio,
1850 3785 1964 3840 sive
2061 3779 2261 3841 domus
2290 3776 2408 3835 Heli
2452 3774 2631 3835 Sadoc
2688 3776 2942 3835 sacerdos
2997 3779 3227 3846 esstltit,
3269 3780 3385 3849 qui,
3443 3777 3654 3846 ahjeclo

381 3874 714 3931 conscientia
768 3878 1137 3944 peccatorum,
1169 3882 1230 3927 ut
1271 3875 1534 3943 proximis
1579 3874 1693 3930 suis
1740 3878 1965 3931 verbum
2068 3872 2352 3939 Abiathar,
2399 3887 2430 3925 a
2459 3871 2748 3929 Salomone
2790 3871 3154 3925 sacerdotium
3204 3871 3460 3941 suscepit,
3517 3870 3659 3925 sicut

384 3972 572 4027 salutis
632 3968 735 4025 rite
785 3982 895 4024 non
953 3968 1310 4038 impendant,
1366 3970 1469 4041 ipsi
1523 3964 1786 4036 Pbineae,
1856 3966 1967 4027 ﬁlio
2068 3962 2125 4018 in
2178 3957 2463 4018 Malacblr'n
2513 3956 2711 4033 legitur
2758 3952 2878 4034 (III
2925 3956 3054 4033 Reg.
3100 3961 3207 4034 ri):
3252 3978 3271 4014 ί
3315 3956 3659 4032 Proiecitque

382 4061 524 4129 Heli,
563 4069 964 4132 comparantur.
988 4061 1145 4129 Quod
1184 4069 1368 4117 autem
1397 4063 1646 4132 sequitur
1684 4063 1741 4118 in
1785 4063 1966 4119 verbis
2070 4053 2327 4110 Salomon
2376 4052 2673 4122 Abialhar,
2716 4071 2785 4109 ne
2840 4064 2982 4110 esset
3027 4056 3280 4141 sacerdos
3328 4052 3562 4121 Domini,
3599 4046 3658 4141 ut

383 4144 500 4208 Heli
529 4169 542 4207 :
2065 4144 2388 4215 impleretur-
2415 4146 2642 4201 verbum
2690 4144 2905 4200 Domini
2955 4140 3099 4214 quod
3136 4140 3349 4200 locutus
3384 4150 3468 4201 est
3496 4140 3657 4213 snpér

461 4260 479 4295 ι
516 4242 573 4298 Si
602 4241 907 4313 peccaverit
925 4240 1013 4296 vir
1041 4239 1097 4295 in
1116 4239 1315 4305 virum,
1342 4238 1547 4311 placari
1572 4239 1775 4313 poterit
1800 4241 1963 4296 Deus.
2068 4234 2289 4289 domum
2320 4234 2458 4289 Hell.
2487 4254 2505 4285 ι
2546 4252 2566 4283 ι
2599 4233 2985 4289 Verumtamen
3032 4248 3139 4289 non
3166 4233 3408 4290 auferam
3440 4230 3656 4306 penitus

387 4333 446 4391 Si
482 4335 536 4389 in
573 4333 801 4389 Domino
843 4332 1149 4403 peccaverit
1198 4332 1303 4398 vir,
1327 4334 1448 4402 quis
1469 4328 1649 4387 orabit
1670 4348 1770 4405 pro
1799 4330 1900 4387 eo?
1944 4351 1961 4382 ι
2077 4343 2095 4375 ι
2139 4326 2317 4379 virum
2347 4336 2414 4379 ex
2444 4333 2497 4380 te
2533 4326 2600 4379 ab
2628 4326 2785 4380 altari
2808 4338 2952 4391 meo,
2993 4326 3051 4380 ut
3074 4320 3330 4382 deficiant
3364 4324 3507 4382 oculi
3551 4324 3652 4392 tui,

385 4422 503 4479 Non
529 4424 693 4495 igitur
726 4437 792 4478 eo
813 4422 973 4476 modo
1002 4422 1057 4475 in
1100 4420 1278 4475 virum
1323 4437 1430 4491 quo
1480 4422 1535 4476 in
1559 4422 1728 4475 Deum
1774 4436 1965 4490 pecca-
2076 4436 2094 4467 ι
2141 4424 2196 4470 et
2246 4414 2490 4471 tabescat
2528 4418 2709 4471 anima
2754 4427 2865 4472 tua.
2902 4436 2921 4470 ι
2962 4412 3085 4473 Ideo
3133 4417 3393 4473 Dominus
3438 4432 3496 4472 se
3546 4420 3654 4471 non

385 4526 493 4583 tur,
526 4516 650 4586 quia
676 4517 729 4571 in
769 4516 943 4570 virum
973 4528 1220 4585 peccare,
1262 4523 1543 4583 peccatum
1598 4514 1969 4584 qualecunque
2068 4507 2286 4577 penitus
2334 4507 2642 4562 ablaturum
2698 4524 2763 4561 ex
2818 4508 2978 4561 domo
3006 4502 3122 4561 Heli
3153 4508 3328 4560 virum
3383 4506 3452 4561 ab
3495 4506 3652 4561 altari

386 4618 493 4674 est,
521 4616 708 4662 contra
730 4607 1035 4678 proximum
1072 4604 1297 4671 factum,
1339 4605 1577 4674 levisque
1609 4613 1692 4660 est
1720 4605 1836 4676 ejus
1881 4620 1967 4659 re-

385 4701 593 4757 missio.
616 4699 674 4753 in
703 4696 870 4753 Deum
896 4711 1026 4752 vero
1052 4708 1302 4768 peccare,
1332 4696 1386 4750 id
1413 4704 1519 4762 est,
1560 4695 1627 4751 ab
1671 4696 1788 4767 ejus
1816 4697 1964 4752 cultu

385 4788 658 4855 recedere,
693 4784 983 4859 impietatis
1007 4797 1289 4859 peccatum
1318 4796 1421 4853 est,
1446 4787 1815 4858 dimciliorque
1850 4790 1967 4858 ejus

387 4883 655 4941 remissio.
686 4882 754 4936 Et
793 4883 1048 4953 quoniam
1096 4894 1219 4936 cum
1271 4881 1326 4934 in
1355 4881 1529 4934 virum
1581 4880 1701 4951 quis
1754 4888 1964 4950 peccat,

386 4977 603 5048 placato
650 4970 751 5028 sibi
811 4972 929 5027 viro
982 4971 1113 5026 facit
1162 4972 1329 5026 Deum
1385 4970 1484 5025 sibi
1527 4968 1879 5040 placabilem;
1914 4971 1968 5025 in

389 5064 561 5123 Deum
605 5070 785 5119 autem
815 5078 935 5118 cum
970 5063 1089 5133 quis
1120 5070 1328 5133 peccat,
1359 5062 1480 5132 quis
1509 5064 1688 5117 orabit
1735 5070 1833 5132 pro
1873 5065 1970 5118 eo?

388 5155 468 5213 Ac
495 5156 542 5211 si
571 5154 784 5209 dicatur
814 5170 826 5205 :
856 5151 962 5207 Per
1000 5166 1159 5221 quem
1190 5150 1291 5206 sibi
1321 5149 1509 5216 Deum,
1539 5151 1591 5205 in
1643 5166 1801 5221 quem
1847 5164 1971 5224 pec-

391 5250 565 5315 cavit,
618 5245 909 5318 propitium
962 5243 1140 5297 facere
1198 5241 1431 5312 poterit?
1479 5240 1684 5297 Tamen
1736 5259 1842 5298 non
1896 5244 1969 5299 ita

392 5339 794 5412 intelligendum
815 5344 918 5401 est,
939 5334 1081 5406 quod
1110 5334 1253 5389 nulla
1279 5334 1436 5389 venia
1481 5335 1745 5404 speranda
1789 5335 1860 5388 slt
1888 5332 1972 5390 1118

393 5433 486 5506 qui
507 5432 560 5487 in
586 5426 765 5485 divino
785 5425 961 5482 oﬁicio
982 5424 1183 5496 aliquid
1208 5424 1551 5497 deliquerint,
1579 5425 1790 5479 etiamsi
1814 5422 1970 5497 digne

390 5522 766 5599 pmnitentiam
794 5526 1004 5592 gerant,
1034 5518 1127 5573 sed
1180 5518 1324 5590 quod
1363 5516 1628 5573 diﬂicllior
1672 5520 1743 5573 sit
1777 5519 1934 5574 venia
1955 5562 1968 5586 ,

395 5626 451 5673 et
505 5612 676 5683 major
738 5612 943 5684 agenda
992 5610 1307 5680 poenitentia
1364 5612 1490 5677 bis,
1550 5612 1640 5680 qui
1696 5611 1750 5666 in
1814 5610 1973 5667 rebus

393 5708 507 5766 Deo
546 5707 774 5764 sacratis
823 5704 1162 5770 offenderint,
1218 5718 1377 5773 quam
1414 5704 1459 5758 si
1507 5703 1629 5775 quis
1668 5706 1973 5774 proximum

394 5818 557 5860 snum
585 5802 640 5856 in
667 5802 850 5867 verbo,
900 5799 981 5854 vel
1028 5800 1082 5852 in
1130 5797 1272 5852 facto
1324 5797 1522 5867 aliquid
1573 5796 1791 5852 ireserit.
1840 5798 1976 5867 Quia

401 5899 603 5967 quanto
623 5888 792 5965 major
812 5889 1001 5966 gloria,
1026 5895 1177 5942 tanto
1205 5888 1421 5961 gravior
1457 5886 1517 5941 fit
1545 5884 1767 5942 offensa.

2073 4615 2171 4655 suo
2205 4598 2353 4666 dicit,
2388 4606 2449 4654 ut
2477 4614 2692 4669 semper
2718 4599 2785 4654 de
2825 4593 2984 4653 domo
3029 4594 3147 4654 Heli
3200 4606 3344 4653 esset
3386 4597 3444 4653 in
3496 4594 3655 4654 domo

2076 4691 2288 4746 Domini
2340 4692 2425 4747 vir
2474 4692 2568 4761 qui
2621 4693 2675 4747 in
2745 4692 3061 4764 dignitatem
3132 4688 3421 4748 sacerdotii
3488 4690 3651 4747 aliufn

2076 4784 2428 4840 substitutum
2497 4782 2749 4849 videret,
2798 4791 2852 4839 et
2902 4799 2958 4838 se
2988 4785 3176 4840 eadem
3222 4782 3484 4855 dignitate
3537 4783 3653 4855 pri-

2076 4883 2263 4929 vatum
2301 4874 2505 4940 videns,
2536 4872 2679 4929 oculi
2714 4873 2832 4944 ejus
2862 4874 3158 4931 deficerent
3184 4880 3238 4930 et
3278 4875 3457 4929 anima
3505 4874 3653 4930 tabe-

2074 4970 2273 5019 sceret.

2149 5056 2258 5129 (Ea:
2303 5056 2642 5128 Augustino.)
2699 5055 2920 5128 Mystice
2983 5065 3162 5111 autem
3209 5054 3325 5111 haec
3366 5048 3653 5127 prophetia

2080 5150 2145 5205 de
2178 5151 2476 5206 mutatione
2526 5149 2816 5205 sacerdotii
2845 5164 2953 5204 non
2979 5156 3065 5203 est
3110 5148 3165 5202 in
3213 5144 3465 5204 Samuele
3508 5160 3654 5203 com-

2075 5241 2242 5312 pleta,
2276 5240 2371 5295 sed
2392 5240 2447 5295 in
2468 5241 2698 5295 Domino
2723 5236 2849 5295 Jcsu
2892 5238 3109 5293 Christo
3135 5234 3341 5295 exstitit
3361 5239 3651 5294 adumbra-

2080 5334 2155 5384 ta.
2189 5329 2321 5384 Nam
2350 5338 2473 5400 post
2503 5328 2808 5384 Samuelem
2834 5326 3150 5397 prophetam
3177 5336 3365 5400 postea
3404 5327 3653 5383 sacerdo-

2075 5433 2160 5479 tes
2180 5422 2396 5479 fuerunt
2410 5423 2473 5479 de
2494 5436 2691 5494 genere
2716 5420 2915 5487 Aaron,
2942 5421 3083 5477 sicut
3103 5420 3275 5478 Sadoc
3294 5428 3348 5476 et
3371 5420 3649 5486 Abiathar,

2073 5522 2335 5586 regnante
2368 5512 2566 5578 David;
2600 5520 2654 5566 et
2682 5511 2772 5567 alii
2821 5513 3093 5584 deinceps,
3126 5521 3413 5585 antequam
3439 5520 3654 5583 tempus

2075 5608 2285 5663 veniret
2316 5620 2422 5678 quo
2452 5604 2557 5660 ista
2582 5618 2700 5677 quae
2726 5604 2793 5661 de
2842 5602 3147 5661 sacerdotio
3189 5605 3449 5660 mutando
3499 5610 3650 5658 tanto

2079 5707 2205 5755 ante
2233 5698 2492 5768 praediata
2524 5698 2668 5762 sunt,
2699 5709 2796 5771 per
2841 5696 3115 5752 Christum
3168 5692 3304 5752 etlici
3346 5695 3649 5766 Oportebat.

2077 5788 2216 5846 Nam
2250 5804 2374 5844 cum
2399 5787 2634 5843 diceret:
2657 5808 2674 5839 ‹
2705 5786 2952 5858 Loquens
2971 5786 3183 5845 locutus
3210 5800 3348 5856 sum,
3373 5798 3434 5842 ut
3460 5786 3653 5842 domus

2080 5892 2192 5951 tua,
2225 5889 2280 5936 et
2303 5879 2495 5936 domus
2533 5879 2706 5952 patris
2731 5880 2810 5936 tui
2868 5881 3205 5937 ministraret
3254 5882 3308 5934 in
3360 5886 3650 5948 conspectu
