4074 6524
438 434 515 493 33
1097 435 1154 488 Β.
1197 433 1450 489 RABANI
1487 435 1703 492 MAURI
1740 434 2056 492 ARCHIEP.
2097 435 2405 496 MOGUNT.
2446 441 2730 499 OPERUM
2761 444 2941 502 PARS
2977 448 3020 502 ι.
3617 455 3684 509 24

441 565 754 623 meousque
774 553 827 606 in
872 553 1276 620 sempiternum.
1309 550 1462 605 Nunc
1512 559 1691 607 autem
1738 552 1866 607 dicit
1911 553 2014 606 Do-
2039 557 2092 616 Α
2115 554 2273 609 nibus
2327 557 2577 612 conscius
2629 575 2970 628 arcanorum,
3005 562 3161 633 juxta
3196 565 3340 633 quod
3383 565 3449 621 de
3477 583 3535 622 se
3573 571 3687 638 ipse

441 646 660 702 minus:
697 646 852 700 Absit
894 646 996 699 hoc
1043 659 1074 697 a
1119 658 1224 697 me.
1259 643 1364 698 Sed
1400 645 1703 714 quicunque
1746 644 2012 714 gloriﬁca-

441 737 580 793 verit
600 751 704 802 me,
755 734 1066 806 gloriﬁcabo
1102 751 1255 803 eum;
1305 737 1397 804 qui
1428 742 1609 791 autem
1664 744 2015 791 contemnunt

440 842 549 894 me,
575 834 736 882 erunt
782 825 1060 894 ignobiles.
1090 825 1227 880 Ecce
1275 826 1388 881 dies
1444 827 1684 891 veniunt,
1737 826 1868 881 dicit
1911 828 2016 880 Do—

439 919 637 974 minus.
678 937 696 969 ›
735 917 875 972 Ecce
907 917 997 972 isti
1045 926 1172 973 sunt
1222 917 1335 972 dies
1361 918 1453 986 qui
1494 918 1824 986 pronuntiati
1867 927 2010 973 sunt.

437 1008 558 1065 Jam
601 1009 746 1064 enim
793 1009 974 1064 nullus
1024 1011 1276 1064 sacerdos
1321 1018 1404 1064 est
1430 1011 1725 1064 secundum
1771 1010 2014 1064 ordinem

436 1099 640 1156 Aaron.
667 1099 818 1168 Quod
843 1101 982 1154 enim
1006 1101 1247 1155 nominat
1285 1101 1502 1154 domum
1531 1100 1700 1170 patris
1743 1099 1877 1168 ejus,
1907 1117 2015 1156 non

436 1204 564 1247 eum
591 1189 659 1246 de
680 1192 929 1260 proximo
955 1200 1109 1260 patre
1133 1192 1334 1257 dicere,
1366 1193 1459 1247 sed
1487 1192 1552 1247 de
1574 1192 1664 1247 illo
1687 1192 1868 1247 Aaron
1923 1193 2015 1262 qui

434 1280 645 1352 primus
683 1281 932 1336 sacerdos
970 1291 1052 1336 est
1103 1281 1400 1348 institutus,
1443 1281 1510 1336 de
1565 1280 1716 1350 cujus
1759 1285 2016 1353 progenie

434 1376 615 1432 caeteri
641 1387 1017 1445 sequerentur,
1054 1377 1332 1446 superiora
1357 1377 1749 1443 demonstrant,
1781 1379 1871 1432 ubi
1907 1379 2012 1432 ait:

439 1481 461 1518 ι
505 1465 796 1521 Revelatus
824 1483 941 1521 sum
969 1468 1035 1521 ad
1065 1468 1279 1522 domum
1328 1468 1496 1537 patris
1526 1468 1625 1531 tui,
1665 1483 1788 1522 cum
1833 1479 2018 1524 essent

432 1556 492 1613 in
522 1565 666 1614 terra
712 1559 935 1631 Egypti
963 1561 1103 1615 servi
1149 1562 1202 1615 in
1243 1561 1403 1616 domo
1433 1563 1768 1617 Pharaonis:
1799 1571 1853 1616 et
1879 1562 2014 1632 elegi

433 1650 652 1707 domum
694 1653 863 1720 patris
897 1653 974 1706 tui
1000 1668 1066 1708 ex
1109 1652 1358 1707 omnibus
1409 1653 1634 1721 sceptris
1687 1653 1850 1707 lsrael
1883 1653 2016 1707 mihi

431 1741 738 1797 sacerdotio
783 1741 951 1812 fungi.
1002 1763 1021 1794 ι
1066 1743 1197 1810 Quis
1238 1751 1452 1813 patrum
1503 1743 1604 1797 fuit
1629 1743 1789 1811 hujus
1829 1745 1882 1796 in
1925 1744 2015 1798 illa

431 1829 654 1902 Egypti
711 1832 990 1897 servitute,
1027 1833 1171 1886 unde
1209 1839 1330 1887 cum
1360 1833 1572 1887 liberati
1599 1842 1783 1888 essent
1810 1833 2014 1888 electus

2116 647 2401 704 manifeste
2421 658 2648 706 testatur
2661 653 2844 709 dicens
2874 673 2886 707 :
2923 673 2941 705 ‹
2968 655 3036 708 Ει
3061 671 3093 710 a
3117 672 3201 711 me
3223 659 3341 727 ipso
3367 658 3506 714 facio
3529 662 3686 730 nihil,

2116 739 2208 792 sed
2241 741 2382 794 sicut
2427 741 2609 796 docuit
2656 759 2743 798 me
2781 744 2959 810 Pater,
2991 747 3106 800 haec
3134 746 3340 817 loquor,
3376 759 3431 804 et
3463 753 3556 822 qui
3602 768 3690 808 me

2116 832 2264 886 misit
2305 849 2515 889 mecum
2553 843 2656 902 est,
2695 851 2801 890 non
2844 837 3061 907 reliquit
3088 855 3174 894 me
3203 841 3399 906 solum,
3423 844 3549 911 quia
3589 860 3690 914 ego

2115 937 2235 992 quae
2261 923 2457 994 placita
2483 934 2607 979 sunt
2636 926 2686 980 ei
2713 925 2854 981 facio
2883 942 3098 998 semper
3129 929 3311 999 (Joan.
3353 932 3494 1001 vni).
3533 953 3551 984 ι
3591 933 3690 988 Cui

2115 1013 2334 1069 domum
2364 1014 2574 1069 fidelem
2603 1016 2835 1072 aediﬁcat
2863 1017 3039 1072 Pater.
3077 1037 3095 1070 ‹
3131 1019 3261 1086 Qua:
3289 1022 3478 1076 domus
3506 1038 3691 1076 sumus

2116 1119 2247 1169 nos,
2279 1105 2322 1158 si
2355 1104 2608 1160 ﬁduciam
2634 1115 2688 1160 et
2716 1107 2942 1173 gloriam
2973 1111 3086 1179 spei
3120 1126 3287 1179 usque
3315 1111 3368 1164 in
3410 1111 3568 1166 ﬁnem
3602 1111 3694 1166 ﬁr-

2116 1210 2260 1248 mam
2306 1196 2637 1251 retineamus
2685 1197 2872 1269 (Hebr.
2906 1197 3008 1269 m).
3049 1219 3068 1251 ι
3099 1200 3349 1268 Alioquin
3376 1242 3390 1266 ,
3423 1202 3693 1270 quomodo

2117 1285 2182 1339 de
2209 1281 2460 1338 Samuele
2483 1293 2657 1353 potest
2680 1285 2850 1354 accipi
2879 1287 3019 1354 quod
3042 1287 3305 1342 aediﬁcata
3331 1290 3402 1342 sit
3422 1290 3470 1342 ei
3501 1290 3692 1343 domus

2118 1374 2310 1437 ﬁdelis,
2349 1390 2468 1443 qua:
2498 1391 2680 1430 coram
2712 1375 2925 1431 Christo
2954 1377 3184 1443 Domini,
3220 1380 3272 1433 id
3314 1389 3414 1445 est,
3443 1381 3559 1448 ipso
3597 1378 3694 1434 Sa-

2117 1468 2325 1533 muele,
2355 1469 2564 1522 cunctis
2613 1468 2801 1523 diebus
2848 1469 3146 1534 incederet,
3178 1486 3299 1525 cum
3351 1471 3594 1540 legamus
3641 1471 3694 1523 in

2118 1565 2465 1632 sequentibus
2499 1565 2640 1634 quod
2667 1565 2760 1618 filii
2791 1565 2934 1618 illius
2960 1566 3134 1620 aversi
3162 1567 3226 1620 de
3267 1566 3368 1619 viis
3412 1565 3528 1634 ejus
3575 1572 3698 1634 post

2119 1656 2403 1709 avaritiam
2450 1655 2858 1718 declinaverint,
2892 1665 2946 1710 et
2991 1657 3351 1724 perverterint
3391 1654 3696 1723 judicium?

2118 1749 2224 1803 nisi
2255 1748 2394 1803 forte
2425 1749 2637 1803 domum
2668 1749 2784 1818 ejus
2813 1749 2917 1802 hoc
2951 1748 3309 1818 loco-plebem
3345 1749 3697 1803 [sraeliticam

2119 1839 2506 1909 intelligamus,
2560 1840 2685 1908 quia
2736 1839 2946 1893 cunctis
3007 1838 3195 1892 diebus
3245 1837 3531 1892 sacerdotii
3583 1834 3698 1901 ejus

431 1927 516 1976 est
547 1922 614 1974 ad
634 1922 1014 1985 sacerdotium,
1044 1923 1146 1977 nisi
1174 1923 1386 1977 Aaron?
1414 1923 1488 1978 De
1511 1922 1670 1991 hujus
1693 1939 1820 1995 ergo
1848 1925 2015 1994 stirpe
2042 1913 2090 1972 Β
2118 1931 2345 1985 Domino
2375 1930 2642 1990 servierit,
2677 1930 2742 1983 de
2769 1945 2873 1997 quo
2905 1929 3164 1996 scriptum
3187 1935 3272 1981 est
3300 1945 3313 1980 :
3354 1944 3372 1976 ‹
3393 1926 3459 1979 Et
3482 1926 3695 1992 requie—

431 2010 538 2066 isto
563 2012 680 2067 loco
711 2013 846 2067 dixit
875 2012 1117 2067 futurum
1147 2013 1314 2068 fuisse
1349 2023 1412 2068 ut
1448 2031 1553 2068 non
1577 2024 1760 2070 essent
1786 2016 2014 2069 ulterius

431 2104 762 2171 sacerdotes,
794 2106 937 2175 quod
957 2105 1070 2174 jam
1099 2107 1344 2162 videmus
1372 2107 1671 2177 impletum.
1703 2107 1890 2162 Nullus
1924 2124 2012 2162 sa—

430 2195 621 2250 cerdos
647 2203 729 2250 est
767 2197 1062 2250 secundum
1091 2198 1338 2251 ordinem
1366 2198 1566 2252 Aaron.
1606 2199 1674 2252 Et
1710 2199 2014 2268 quicunque

429 2300 498 2340 ex
524 2285 640 2353 ejus
671 2302 866 2356 genere
893 2296 978 2342 est
1003 2289 1186 2353 homo,
1209 2305 1331 2344 cum
1349 2291 1495 2344 videt
1520 2290 1843 2344 sacriﬁcium
1864 2290 2016 2346 Chri-

429 2376 732 2431 stianorum
779 2384 892 2432 toto
942 2380 1074 2433 orbe
1104 2380 1323 2448 pollere,
1370 2381 1474 2434 sibi
1529 2389 1709 2434 autem
1754 2383 2013 2435 honorem

431 2465 580 2521 illum
611 2483 863 2539 magnum
890 2486 1009 2526 esse
1038 2473 1398 2536 subtractum,
1423 2474 1682 2528 deﬁciunt
1707 2475 1843 2528 oculi
1873 2474 2009 2542 ejus.

430 2564 486 2611 et
505 2556 690 2612 deﬂuit
716 2560 894 2613 anima
917 2561 1034 2630 ejus
1058 2578 1168 2630 prae
1187 2562 1467 2617 nimietate
1491 2564 1761 2618 mmroris.
1791 2564 2015 2633 Proprie

431 2655 612 2702 autem
663 2650 730 2704 ad
773 2653 932 2721 hujus
975 2653 1194 2707 domum
1235 2653 1372 2720 Heli,
1402 2656 1489 2709 cui
1533 2656 1649 2710 haic
1676 2657 2011 2721 dicebantur,

431 2739 576 2809 quod
605 2741 852 2810 sequitur
881 2745 1151 2813 pertinet:
1201 2764 1218 2796 ι
1264 2746 1333 2800 Et
1383 2748 1560 2802 omnis
1603 2749 1693 2817 qui
1745 2751 2017 2816 supererit

434 2832 616 2888 domui
645 2841 750 2889 tuae
797 2836 1010 2891 decidet
1060 2838 1114 2892 in
1163 2839 1340 2909 gladio
1385 2841 1644 2895 virorum.
1674 2842 1741 2895 Et
1765 2843 1868 2895 hoc
1918 2841 2017 2896 tibi

432 2925 667 2997 signum,
699 2929 841 2999 quod
864 2940 1154 2986 venturum
1175 2941 1261 2988 est
1286 2933 1494 2988 duobus
1517 2934 1642 2988 ﬁliis
1673 2935 1799 2997 tuis,
1838 2934 2016 3003 Opimi

433 3025 489 3071 et
533 3016 766 3074 Phinees
819 3020 906 3076 die
960 3038 1068 3077 uno
1108 3024 1409 3078 morientur
1447 3027 1624 3080 ambo.
1674 3045 1693 3077 ›
1737 3025 1850 3080 Hoc
1887 3041 2016 3094 ergo

433 3109 647 3180 signum
706 3111 908 3167 factum
962 3125 1046 3170 est
1100 3119 1340 3172 mutandi
1394 3120 1684 3173 sacerdotii
1743 3121 1809 3173 de
1857 3121 2018 3174 domo

434 3197 764 3270 hujus:quo
813 3203 965 3273 signo
1000 3206 1358 3275 signiﬁcatum
1419 3216 1502 3262 est
1548 3211 1866 3263 mutandum
1929 3226 2018 3264 sa-

2117 2021 2190 2074 vit
2227 2021 2402 2075 omnis
2423 2022 2613 2074 domus
2629 2020 2792 2074 Israel
2822 2028 2940 2088 post
2964 2019 3248 2071 Dominum
3278 2017 3330 2088 (I
3351 2015 3477 2084 Reg.
3507 2015 3637 2085 vn);
3672 2033 3690 2064 ι

2115 2120 2171 2165 et
2203 2111 2361 2179 paulo
2398 2119 2520 2180 post
2555 2128 2566 2162 :
2610 2129 2628 2160 ‹
2661 2110 3018 2163 Abstuleruut
3062 2123 3191 2178 ergo
3224 2107 3316 2161 ﬁlii
3357 2106 3517 2160 lsrael
3559 2106 3696 2158 Baa-

2115 2201 2225 2265 lim,
2253 2210 2308 2256 et
2338 2201 2689 2266 Astaroth,et
2717 2201 3025 2254 servierunt
3054 2199 3282 2253 Domino
3309 2197 3408 2252 soli
3430 2195 3640 2267 (lbid.).
3672 2214 3692 2246 ι

2118 2292 2270 2358 Quod
2308 2307 2438 2346 vero
2470 2293 2717 2346 subditur
2741 2310 2753 2343 :

2193 2401 2211 2431 ‹
2246 2380 2510 2434 Futurum
2553 2389 2636 2433 est
2672 2387 2851 2434 autem
2899 2387 2958 2432 ut
3003 2377 3262 2447 quidquid
3293 2374 3614 2430 remanserit
3643 2373 3698 2426 in

2123 2492 2142 2524 ‹
2190 2473 2348 2527 domo
2375 2482 2483 2538 tua,
2502 2473 2706 2537 veniat,
2734 2484 2795 2525 ut
2822 2481 3008 2525 oretur
3029 2486 3128 2540 pro
3152 2478 3306 2534 eo,et
3331 2468 3522 2522 offerat
3546 2480 3701 2519 num-

2117 2579 2262 2617 mum
2293 2573 2607 2631 argenteum
2640 2572 2696 2616 et
2741 2571 2937 2616 tortam
2983 2563 3154 2630 panis.
3200 2581 3218 2612 ›
3252 2559 3366 2613 Non
3395 2558 3608 2628 proprie
3635 2556 3701 2610 de

2118 2657 2279 2712 domo
2315 2657 2512 2710 dicitur
2552 2654 2712 2722 hujus
2760 2654 2896 2717 Heli,
2921 2653 3014 2706 sed
3059 2653 3200 2705 illius
3241 2651 3442 2712 Aaron,
3476 2648 3542 2700 de
3592 2660 3700 2714 quo

2118 2763 2316 2820 genere
2345 2749 2508 2802 etiam
2533 2748 2809 2816 hucusque
2850 2761 2956 2799 non
3003 2745 3195 2799 desunt
3239 2742 3331 2812 qui
3378 2742 3600 2796 veniant
3646 2745 3701 2793 et

2118 2849 2525 2896 convertantur.
2552 2841 2628 2894 De
2649 2839 2844 2909 quibus
2875 2837 3010 2891 alius
3036 2837 3298 2906 propheta
3324 2833 3459 2886 dixit
3483 2849 3496 2885 :
3534 2849 3552 2881 ί
3587 2830 3696 2883 Re—

2118 2930 2299 3000 liquis:
2355 2930 2519 2984 salva
2563 2928 2695 2984 ﬁent
2743 2927 2888 2999 (Isa.
2936 2926 3078 2994 xvr).
3116 2945 3134 2977 ›
3175 2923 3329 2979 Unde
3360 2920 3696 2991 Apostolus:

2125 3039 2144 3072 ‹
2191 3019 2283 3075 Sic
2311 3035 2460 3090 ergo,
2495 3019 2690 3088 inquit,
2720 3027 2776 3072 et
2827 3018 2879 3070 in
2916 3017 3020 3070 hoc
3069 3023 3309 3083 tempore
3356 3011 3598 3079 reliquiae
3623 3021 3704 3063 se-

2119 3112 2354 3167 cundum
2384 3111 2702 3164 electionem
2729 3108 2915 3178 gratia:
2951 3106 3112 3160 salvae
3145 3104 3302 3158 factae
3335 3110 3460 3156 sunt
3507 3098 3700 3169 (Rom.

2119 3204 2236 3273 ιι).
2297 3224 2314 3254 ι
2360 3203 2434 3257 De
2466 3203 2663 3256 talibus
2709 3202 2851 3255 enim
2904 3199 3147 3266 reliquiis
3195 3198 3332 3250 bene
3387 3192 3704 3261 intelligitur

431 3290 736 3347 eerdotium
756 3255 948 3350 domans
977 3255 1178 3351 Aaj‘on.
1205 3297 1348 3352 Mors
1374 3300 1572 3368 quippe
1596 3299 1827 3354 ﬁliorum
1850 3302 2016 3371 signi-
2042 3255 2088 3322 Ο
2119 3255 2262 3366 quod
2288 3296 2495 3350 dictum
2537 3302 2621 3350 est
2645 3309 2660 3348 :
2700 3312 2717 3344 ί
2757 3293 2859 3359 Qui
2906 3289 3231 3346 remanserit
3277 3291 3332 3342 in
3377 3287 3536 3340 domo
3587 3293 3701 3347 tua,

435 3379 618 3436 ﬁcavit
646 3393 899 3449 mortem,
929 3402 1037 3440 non
1069 3387 1369 3453 hominum,
1395 3389 1489 3442 sed
1529 3389 1698 3458 ipsius
1727 3391 2016 3444 sacerdotii

436 3473 504 3528 de
559 3471 686 3528 ﬁliis
739 3473 944 3529 Aaron.
994 3476 1148 3542 Quod
1205 3487 1384 3532 autem
1441 3481 1688 3549 sequitur
1739 3481 1808 3535 ad
1864 3481 2017 3535 illum

426 3559 545 3632 jam
570 3565 803 3632 pertinet
839 3568 1170 3622 sacerdotem
1216 3567 1370 3637 cujus
1407 3567 1638 3639 ﬁguram
1674 3571 1841 3640 gessit
1891 3572 2020 3625 huic

437 3653 774 3709 succedendo
833 3655 1071 3710 Samuel.
1111 3657 1344 3712 Proinde
1404 3673 1522 3726 quae
1579 3667 1897 3728 sequuntur,
1951 3659 2019 3713 de

436 3738 655 3796 Christo
719 3741 875 3810 Jesu,
929 3744 1065 3799 Novi
1115 3747 1447 3802 Testamenti
1507 3763 1638 3804 vero
1694 3749 1975 3804 sacerdote
2001 3789 2016 3814 ,

441 3833 696 3890 dicuntur
733 3855 746 3890 :

515 3941 537 3976 ‹
571 3925 642 3980 Et
668 3927 941 3982 suscitabo
967 3929 1100 3983 mihi
1126 3930 1462 3985 sacerdotem
1485 3930 1700 3987 ﬁdelem
1723 3934 1816 4003 qui
1837 3935 2019 3988 omnia

443 4035 467 4072 ι
511 4033 632 4088 qua:
655 4020 710 4074 in
740 4022 903 4075 corde
931 4035 1052 4076 meo
1087 4029 1142 4076 et
1166 4037 1284 4091 qua:
1311 4023 1366 4077 in
1395 4024 1576 4078 anima
1605 4040 1724 4079 mea
1754 4025 1941 4090 faciat,
1966 4033 2022 4080 et

445 4128 468 4164 ι
511 4113 789 4168 aediﬁcabo
815 4115 863 4168 ei
886 4115 1104 4169 domum
1132 4114 1365 4170 ﬁdelem.
1403 4136 1422 4168 ι
1455 4117 1571 4185 lpsa
1598 4125 1801 4172 aaterna
1829 4126 1887 4172 et
1934 4132 2023 4171 su—

438 4219 611 4275 perna
641 4213 725 4259 est
755 4204 1074 4261 Jerusalem.
1124 4224 1142 4256 ‹
1187 4207 1256 4261 Et
1282 4208 1571 4272 transibit,
1611 4210 1804 4275 inquit,
1837 4224 2024 4261 coram

447 4313 469 4347 ι
515 4295 730 4351 Christo
750 4312 870 4350 meo
891 4297 1141 4352 omnibus
1161 4297 1369 4352 diebus.
1407 4318 1424 4350 ι
1453 4315 1471 4348 ι
1491 4297 1788 4364 Transibit,
1819 4317 1838 4349 ι
1866 4298 2018 4362 dixit,

442 4387 855 4442 conversabitur
879 4429 894 4454 ,
949 4389 1090 4443 sicut
1151 4391 1398 4459 superius
1463 4391 1674 4446 dixerat
1733 4393 1799 4447 de
1865 4393 2024 4446 domo

441 4476 622 4533 Aaron
649 4496 661 4532 :
687 4496 706 4530 ς
743 4479 884 4544 Dixi,
903 4479 1093 4535 domus
1121 4487 1215 4534 tua
1243 4489 1298 4535 et
1333 4481 1524 4536 domus
1541 4482 1712 4550 patris
1743 4482 1818 4535 tui
1851 4489 2027 4537 trans-

443 4570 603 4626 ibunt
645 4585 830 4626 coram
873 4586 960 4625 me
987 4571 1043 4624 in
1082 4579 1367 4626 aeternum.
1425 4592 1443 4624 ι
1492 4571 1643 4638 Quod
1687 4582 1866 4634 autem
1916 4573 2020 4638 ait,
2048 4590 2232 4654 une
2268 4595 2280 4629 :

448 4677 472 4717 ι
513 4678 638 4716 cum
663 4660 882 4717 Christo
915 4676 1036 4716 meo
1071 4662 1349 4728 transibit,
1382 4684 1400 4716 ι
1434 4663 1499 4718 de
1519 4664 1635 4733 ipsa
1656 4664 1816 4718 domo
1837 4665 2025 4734 utique

441 4753 851 4823 intelligendum
878 4762 980 4817 est,
998 4768 1105 4808 non
1133 4754 1199 4807 de
1231 4753 1323 4808 illo
1350 4755 1626 4809 sacerdote
1642 4755 1734 4823 qui
1760 4763 1846 4810 est
1869 4755 2026 4811 Chri-

442 4858 562 4905 stus
593 4848 708 4918 ipse
736 4848 997 4904 Mediator
1026 4857 1186 4917 atque
1217 4847 1483 4903 Salvator.
1516 4848 1717 4902 Domus
1762 4849 1878 4918 ejus
1932 4865 2026 4904 co-

447 4954 569 4995 ram
605 4939 696 4994 illo
721 4938 989 4993 transibit.
1015 4937 1200 4993 Potest
1225 4947 1280 4993 et
1314 4957 1331 4989 ι
1369 4938 1621 4992 transibit
1655 4957 1673 4989 ι
1707 4937 1932 5007 intelligi
1959 4939 2026 4994 de

446 5037 625 5086 morte
669 5030 738 5084 ad
785 5031 972 5096 vitam,
1019 5028 1268 5083 omnibus
1298 5029 1486 5084 diebus
1523 5029 1716 5098 quibus
1749 5029 2028 5099 peragitur

448 5135 622 5191 usque
648 5121 703 5174 in
735 5119 897 5174 ﬁnem
939 5121 1120 5176 sreculi
1169 5119 1327 5189 hujus
1371 5121 1474 5175 ista
1523 5119 1846 5174 mortalitas.
1874 5119 2028 5184 Quod

450 5213 528 5268 ait
549 5211 689 5266 Deus
714 5229 728 5266 :
766 5231 784 5262 ι
819 5211 922 5278 Qui
951 5213 1154 5276 omnia,
1177 5227 1296 5281 qua:
1326 5213 1379 5265 in
1408 5211 1570 5266 corde
1599 5226 1721 5265 meo
1747 5219 1802 5264 et
1825 5225 1944 5280 qua:
1971 5211 2029 5265 in

451 5303 631 5359 anima
663 5317 786 5358 mea
809 5301 992 5368 faciat,
1023 5320 1040 5352 ‹
1084 5318 1191 5356 non
1221 5302 1548 5356 arbitremur
1565 5301 1767 5355 habere
1792 5301 2030 5354 animam

452 5394 648 5460 Deum,
683 5409 807 5449 cum
833 5393 903 5446 sit
925 5393 1173 5448 conditor
1205 5392 1420 5455 animae,
1453 5390 1544 5444 sed
1576 5390 1650 5443 ita
1684 5390 1790 5444 hoc
1825 5390 1891 5444 de
1920 5388 2032 5444 Deo

454 5486 680 5554 tropice,
713 5500 821 5540 non
849 5484 1065 5556 proprie
1085 5525 1098 5548 ,
1125 5483 1354 5548 dicitur,
1389 5481 1530 5537 sicut
1559 5496 1752 5536 manus
1778 5492 1833 5536 et
1855 5497 1949 5552 pes
1973 5489 2030 5536 et

455 5577 562 5633 alia
590 5577 834 5647 corporis
863 5576 1124 5630 membra.
1149 5571 1226 5627 De
1256 5571 1508 5630 Samuele
1530 5574 1748 5644 quidem
1770 5583 1916 5628 recte
1943 5589 2034 5642 po-

456 5677 564 5726 test
595 5670 798 5740 accipi,
830 5667 972 5737 quod
1019 5667 1075 5720 in
1123 5665 1373 5720 omnibus
1419 5665 1536 5736 ejus
1582 5666 1866 5729 voluntati,
1892 5665 2032 5719 sicut

456 5763 638 5826 homo,
671 5761 781 5815 Deo
810 5757 1072 5829 paruerit.
1104 5755 1181 5810 De
1221 5756 1449 5811 Domino
1497 5765 1679 5812 autem
1730 5755 2030 5821 Salvatore,

461 5853 626 5923 quod,
651 5851 792 5905 sicut
811 5847 982 5904 Filius
1003 5848 1327 5920 unigenitus,
1355 5857 1703 5919 paternorum
1728 5849 1799 5905 sit
1827 5848 1883 5902 in
1910 5863 2030 5902 om-

2116 3386 2297 3440 veniet
2342 3396 2402 3439 ut
2442 3393 2631 3441 oretur
2675 3401 2775 3455 pro
2815 3399 2899 3438 eo.
2953 3403 2971 3436 ›
3017 3381 3265 3436 Profecto
3311 3379 3401 3448 qui
3441 3376 3614 3431 credit
3647 3376 3705 3428 in

2119 3476 2356 3540 Christo,
2387 3478 2527 3532 sicut
2555 3477 2886 3545 temporibus
2915 3475 3281 3544 apostolorum
3307 3488 3374 3526 ex
3403 3472 3518 3540 ipsa
3546 3477 3704 3540 gente

2116 3571 2334 3641 plurimi
2362 3579 2626 3625 venerunt
2650 3579 2703 3623 et
2729 3569 3092 3624 crediderunt.
3131 3566 3316 3636 Neque
3342 3580 3484 3620 nunc
3510 3565 3710 3618 desunt

2119 3662 2234 3731 qui,
2260 3661 2387 3715 licet
2416 3661 2704 3724 rarissimi,
2735 3669 2912 3713 tamen
2944 3659 3190 3724 credant,
3221 3664 3282 3710 ut
3327 3656 3615 3725 impleatur
3650 3655 3704 3707 in

2119 3755 2204 3808 his
2232 3754 2376 3823 quod
2405 3753 2494 3808 hic
2521 3753 2682 3806 homo
2713 3751 2808 3805 Dei
2851 3751 3061 3805 locutus
3091 3759 3192 3804 est.
3233 3748 3387 3815 Quod
3417 3761 3546 3800 vero
3574 3760 3706 3799 con-

2119 3843 2272 3896 tinuo
2303 3849 2520 3897 secutus
2546 3841 2831 3910 adjungit:
2877 3860 2894 3890 ι
2935 3839 3135 3895 Oﬁ'eret
3177 3853 3459 3893 nummum
3507 3850 3705 3904 argen-

2121 3940 2286 3996 teum,
2322 3938 2377 3985 et
2401 3939 2600 3986 tortam
2621 3931 2776 4000 panis
2799 3928 2976 4000 (Rom.
3003 3929 3082 4002 x),
3115 3950 3132 3982 ι
3161 3928 3288 3999 quid
3308 3943 3407 3997 per
3427 3938 3708 3981 nummum

2121 4032 2460 4092 argenteum,
2488 4022 2592 4076 nisi
2609 4023 2719 4076 oris
2734 4021 3003 4077 confessio
3024 4020 3356 4088 designatur,
3374 4031 3492 4083 qua:
3516 4015 3705 4067 ﬁtcre—

2121 4116 2375 4169 dentibus
2405 4115 2472 4168 ad
2499 4113 2765 4168 salutem?
2814 4113 3108 4180 Argentum
3152 4108 3297 4162 enim
3347 4122 3445 4174 pro
3491 4103 3709 4173 eloquio

2121 4209 2246 4276 poni
2296 4209 2452 4270 solet,
2510 4204 2797 4258 Psalmista
2843 4208 3094 4263 testante,
3127 4198 3216 4252 ubi
3247 4198 3495 4252 canitur:
3529 4215 3546 4247 ι
3579 4195 3706 4250 Elo-

2124 4301 2248 4371 quia
2279 4300 2515 4364 Domini,
2545 4299 2758 4367 eloquia
2790 4303 2970 4360 casta,
2999 4299 3281 4363 argentum
3330 4291 3453 4360 igne
3503 4287 3708 4342 exarui-

2123 4401 2311 4447 natum
2339 4389 2512 4463 (Psal.
2543 4389 2661 4458 xu).
2712 4408 2729 4439 ι
2766 4386 2970 4442 Oﬁerat
2997 4395 3051 4439 et
3075 4397 3268 4451 panem
3295 4379 3546 4435 sacriﬁcii
3573 4379 3710 4432 alta-

2125 4487 2224 4547 ris,
2253 4483 2478 4552 abjectis
2512 4480 2818 4536 carnalibus
2861 4477 3116 4548 legalium
3145 4474 3508 4536 victimarum,
3537 4471 3708 4524 dicat-

2211 4685 2229 4718 ‹
2275 4662 2498 4719 Dimitte
2526 4676 2636 4726 me,
2667 4661 2914 4725 obsecro,
2936 4657 3000 4712 ad
3028 4671 3193 4712 unam
3217 4661 3430 4724 partem
3455 4650 3708 4705 sacerdo-

2125 4757 2312 4821 talem,
2351 4775 2370 4807 ›
2399 4755 2454 4809 id
2480 4753 2585 4818 est,
2617 4752 2685 4806 ad
2712 4753 2881 4821 ipsam
2903 4748 3116 4819 plebem
3165 4744 3381 4800 Christo
3425 4741 3706 4796 sacerdote

2125 4845 2464 4918 praeclaram.
2497 4842 2595 4897 Cui
2624 4842 2817 4895 Petrus
2843 4839 2920 4892 ait
2949 4855 2962 4892 :
3001 4855 3021 4889 ‹
3060 4836 3170 4891 Vos
3194 4843 3376 4889 autem
3403 4847 3572 4903 genus
3597 4831 3707 4885 ele-

2127 4945 2298 5002 ctum,
2329 4933 2507 5006 regale
2539 4930 2902 4988 sacerdotium
2947 4926 3000 5000 (I
3027 4925 3169 4980 Patr.
3204 4924 3284 4997 ιι).
3313 4943 3331 4975 ι
3359 4923 3495 4989 Quia
3526 4931 3706 4975 autem

2123 5023 2320 5084 addit:
2369 5046 2388 5079 ‹
2432 5025 2504 5082 Ut
2549 5025 2827 5079 comedam
2879 5019 3175 5075 buccellam
3239 5016 3416 5085 panis,
3473 5033 3492 5067 ι
3541 5013 3707 5068 etiam

2129 5120 2306 5189 ipsum
2333 5115 2584 5172 sacriﬁcii
2615 5129 2783 5186 genus
2829 5111 3104 5181 eleganter
3148 5104 3432 5176 expressit.
3472 5101 3552 5157 De
3600 5115 3707 5170 quo

2128 5213 2261 5268 dicit
2294 5209 2560 5267 Sacerdos
2605 5208 2718 5276 ipse
2752 5225 2762 5258 :
2809 5224 2827 5255 ι
2863 5203 3028 5257 Panis
3066 5214 3226 5270 quem
3254 5212 3352 5267 ego
3387 5197 3546 5258 dabo,
3579 5205 3707 5246 caro

2130 5318 2252 5359 mea
2279 5309 2364 5356 est
2388 5315 2487 5370 pro
2513 5297 2697 5352 mundi
2734 5295 2842 5349 vita
2873 5294 3053 5365 (Joan.
3086 5290 3185 5362 vt).
3223 5309 3241 5341 ι
3287 5287 3423 5353 Quia
3449 5284 3595 5338 enim
3623 5281 3704 5336 di-

2131 5398 2290 5447 xerat
2314 5388 2564 5459 superius
2589 5385 2801 5440 dedisse
2828 5397 2886 5438 se
2926 5383 3077 5438 cibos
3104 5378 3284 5435 domui
3324 5374 3505 5428 Aaron
3531 5373 3599 5426 de
3627 5371 3706 5425 vi-

2131 5479 2310 5536 ctimis
2356 5476 2566 5532 Veteris
2615 5473 2965 5539 Testamenti,
3012 5487 3131 5541 qua:
3175 5469 3390 5521 fuerant
3440 5461 3706 5518 sacriﬁcia

2130 5571 2460 5632 Iudaeorum,
2486 5566 2608 5620 ideo
2631 5565 2720 5620 hic
2746 5565 2882 5620 dixit
2909 5559 3280 5634 postulandam
3323 5556 3389 5609 ad
3418 5553 3703 5607 comeden-

2133 5664 2258 5717 dum
2288 5658 2584 5713 buccellam
2609 5656 2784 5724 panis,
2818 5655 2960 5724 quod
2993 5661 3075 5707 est
3101 5653 3156 5706 in
3186 5648 3334 5704 Novo
3359 5648 3704 5701 Testamento

2132 5750 2461 5807 sacriﬁcium
2489 5747 2914 5802 Christianorum
2936 5754 2996 5799 ut
3025 5744 3277 5814 pabulum
3308 5741 3546 5796 ﬁdelium
3579 5739 3699 5795 ani-

2135 5858 2366 5900 marum.
2401 5841 2656 5909 Sequitur
2689 5859 2703 5894 :
