4074 6478
3533 440 3650 509 Ξεε

1946 537 2006 599 Α
2026 533 2181 600 Quod
2206 536 2411 594 dictum
2433 548 2518 595 est
2539 542 2606 596 de
2632 542 2907 612 Samuele,
2936 554 3222 618 postquam
3246 552 3410 608 verba
3434 552 3647 627 divini“

2029 627 2270 695 oraculi,
2301 645 2421 699 qua:
2469 640 2631 687 noctu
2676 646 2980 705 acceperat,
3030 655 3189 695 mane
3236 640 3354 696 Heli
3399 643 3644 721 retulit,"

351 416 423 472 25
1168 413 1520 471 COMMENT.
1561 416 1627 474 IN
1663 417 1909 477 LIBROS
1943 418 2011 481 Π
2052 420 2312 479 REGUM.
2352 457 2423 467 -
2458 426 2527 484 IN
2566 428 2695 487 LIB.
2735 431 2779 486 I.

963 526 1189 584 CAPUT
1223 528 1311 584 III.

352 647 428 701 De
460 644 752 714 ministerio
778 640 1038 699 Samuelis
1063 645 1117 697 in
1146 643 1358 711 templo,
1389 652 1438 697 et
1466 645 1530 697 de
1552 661 1765 714 excessu
1794 645 1931 714 filio-

418 734 537 770 rum
562 713 684 768 Heli
702 714 1004 785 sacerdotis.
1025 713 1176 779 Quod
1198 714 1497 783 increpantr
1516 713 1638 768 Heli
1657 732 1749 785 per
1761 713 1930 771 virum

417 787 516 841 Dei
539 802 651 868 pro.
666 783 854 838 scelere
884 782 1117 852 ﬁliorum
1131 782 1367 850 suorum,
1385 801 1513 855 quos
1539 802 1640 839 non
1657 782 1762 839 'rite
1781 795 1930 856 pater

420 856 694 927 corripuit.

419 992 571 1064 (Cn.
604 988 709 1061 ιιι).
750 1008 770 1041 ‹
804 988 946 1044 Puer
977 996 1156 1044 autem
1200 987 1417 1044 Samuel
1452 989 1795 1045 ministrabat
1822 990 1929 1046 Do-

354 1100 375 1134 c
420 1082 569 1136 mino
591 1094 776 1135 coram
806 1077 956 1143 Heli,
986 1086 1041 1133 et
1089 1093 1267 1133 sermo
1312 1078 1525 1133 Domini
1570 1087 1688 1133 erat
1727 1080 1929 1150 pretio-

353 1191 374 1223 ι
415 1188 529 1237 sus,
564 1192 582 1224 ι
617 1172 719 1226 hoc
746 1178 859 1236 est,
891 1185 1068 1236 rarus,
1100 1171 1243 1239 quod
1273 1171 1328 1224 in
1363 1170 1713 1239 sequentibus
1748 1170 1927 1225 mani-

348 1265 598 1328 festatur,
630 1278 754 1318 cum
803 1263 934 1318 dicit
962 1282 973 1315 :
1012 1282 1032 1314 ‹
1066 1262 1125 1316 In
1156 1263 1344 1318 diebus
1375 1262 1483 1316 illis
1508 1278 1613 1317 non
1641 1270 1760 1317 erat
1788 1263 1927 1318 visio

347 1353 653 1410 manifesta.
703 1372 721 1404 ι
774 1353 999 1421 Propter
1023 1362 1244 1421 peccata
1269 1351 1413 1405 enim
1443 1352 1627 1421 populi
1654 1360 1709 1407 et
1737 1367 1927 1407 eorum

345 1445 438 1515 qui
482 1443 812 1514 prmiuerunt
831 1441 1048 1512 populo,
1080 1441 1339 1496 Dominus
1361 1441 1473 1510 jam
1501 1432 1608 1496 non
1639 1441 1926 1496 manifeste

346 1550 445 1605 per
477 1535 717 1589 visiones
760 1542 855 1587 aut
902 1548 999 1602 per
1042 1532 1314 1603 angelicas
1359 1533 1738 1601 responsiones
1783 1533 1925 1603 plebi

344 1626 510 1682 Israel
537 1625 807 1696 apparuit,
836 1625 977 1678 sicut
1002 1622 1248 1692 patribus
1292 1638 1479 1677 eorum
1516 1622 1665 1677 fecit.
1698 1623 1765 1677 Et
1803 1624 1925 1680 ideo

346 1719 477 1775 dicit
500 1719 736 1786 scriptor
761 1716 999 1771 historiae
1027 1729 1327 1771 sermonem
1349 1714 1564 1769 Domini
1592 1715 1648 1768 in
1677 1714 1768 1768 illo
1790 1723 1926 1770 tem-

343 1825 476 1879 pore
495 1825 615 1864 esse
653 1810 975 1879 pretiosum.

2036 738 2055 773 ι
2092 731 2148 778 et
2174 738 2283 779 non
2306 726 2500 780 cecidit
2527 742 2595 781 ex
2625 730 2878 785 omnibus
2904 733 3084 788 verbis
3106 735 3223 805 ejus
3243 736 3299 790 in
3326 746 3548 805 terram,
3578 757 3638 810 ιη,

2028 811 2297 883 signiﬁcat
2320 816 2447 884 quia
2470 816 2605 871 nihil
2629 831 2696 872 ex
2723 818 2808 874 his
2836 836 2956 891 quae
2996 822 3207 880 locutus
3257 833 3340 882 est
3386 827 3643 902 irritumn

2026 902 2150 971 fuit,
2176 906 2271 960 sed
2296 907 2478 963 omnia
2510 917 2637 964 sunt
2664 912 2828 966 rebus
2856 914 3122 985 completa
3150 933 3269 987 qua:
3297 920 3451 974 dixit.
3495 920 3637 992 0am

2027 996 2161 1051 dunt
2185 1013 2418 1068 namque
2445 999 2500 1054 in
2535 1008 2737 1057 terram
2762 1005 2929 1059 verba
2957 1021 3312 1075 supervacua,
3341 1026 3462 1080 qua:
3505 1028 3639 1084 pro;

2027 1087 2197 1142 nihilo
2226 1089 2472 1145 habenda
2499 1086 2556 1146 et
2584 1092 2959 1150 universorum
2984 1106 3109 1152 sunt
3136 1098 3392 1155 calcanda
3412 1102 3638 1175 despc—A

2027 1187 2138 1245 ctu,
2174 1181 2314 1235 sicut
2339 1190 2395 1237 et
2420 1183 2612 1240 beatus
2640 1183 2740 1241 Job
2779 1187 2916 1242 dixit
2952 1204 2967 1243 :
3003 1209 3022 1241 ‹
3060 1190 3129 1246 Ει
3156 1191 3246 1247 lux
3274 1194 3455 1250 vultus
3497 1198 3637 1267 mei)

2025 1285 2133 1325 non
2163 1273 2389 1329 cadebat
2415 1274 2471 1328 in
2501 1284 2704 1330 terram
2733 1276 2874 1349 (Job.
2900 1280 3074 1351 xxxx).
3112 1302 3131 1334 ι
3160 1281 3294 1350 Quia
3343 1285 3640 1372 nimirum;

2024 1360 2079 1415 in
2103 1368 2252 1417 tanta
2274 1366 2540 1434 gravitate
2561 1368 2767 1423 vultum
2788 1380 2973 1425 tenere
2996 1384 3375 1441 consueverat,
3390 1385 3448 1430 ut
3473 1360 3639 1450 num-3:

2023 1468 2184 1524 quam
2232 1460 2621 1528 contemptibili
2669 1462 2855 1519 latitia
2900 1466 3283 1535 resolveretur,
3338 1471 3433 1525 sed
3471 1455 3633 1541 quoa’,

2024 1545 2341 1616 tiescunque
2401 1549 2715 1607 hilariorem
2778 1570 2838 1609 se
2889 1559 3247 1626 praesentibus
3298 1562 3639 1631 exhiberem

2022 1644 2169 1691 certa
2197 1654 2412 1710 semper
2436 1641 2537 1698 hoc
2568 1660 2732 1699 causa
2756 1646 3007 1704 utilitatis
3030 1665 3218 1706 eorum
3244 1652 3466 1708 faceret.

2098 1746 2118 1779 ‹
2154 1728 2224 1783 Ει
2244 1733 2498 1801 cognovit
2529 1735 2814 1793 universus
2838 1738 3005 1794 Israel
3040 1757 3070 1795 a
3122 1741 3239 1797 Dan
3280 1757 3451 1812 usque
3473 1743 3631 1816 Bern

2029 1836 2049 1870 ι
2093 1822 2453 1892 sabee,quod
2506 1824 2681 1881 ﬁdelis
2736 1827 2954 1884 Samuel
3000 1834 3263 1902 propheta
3310 1843 3455 1890 esset
3497 1835 3636 1905 D01;

422 1920 441 1995 ι
482 1902 707 1957 Factum
731 1909 814 1956 est
841 1915 972 1995 ergo
1002 1901 1055 1995 in
1078 1899 1167 1955 die
1195 1899 1455 1995 quadam.
1480 1897 1598 1954 Heli
1620 1899 1839 1969 iacebat
1866 1898 1921 1954 in
1950 1915 1998 1975 B
2030 1934 2050 1966 (
2094 1916 2243 1980 mini,
2283 1938 2301 1969 ι
2330 1928 2434 1972 etc.
2474 1918 2582 1989 (Ea:
2608 1920 2976 1995 Hieronymo.)
3000 1897 3119 1979 Per
3153 1928 3413 1982 terminos
3442 1897 3633 1991 terra;

353 2009 372 2042 ι
413 1992 533 2047 loco
581 2007 699 2057 suo,
732 1999 789 2045 et
811 1990 952 2045 oculi
979 1989 1098 2059 ejus
1142 1989 1532 2060 caligaverant,
1563 2005 1664 2044 nec
1708 1996 1921 2058 poterat

351 2099 371 2133 ε
414 2082 597 2136 videre
626 2080 906 2136 lucernam
937 2080 1052 2147 Dei,
1082 2088 1372 2150 antequam
1400 2081 1856 2149 exstingueretur,
1893 2100 1913 2132 ι

343 2180 447 2228 etc.
476 2172 593 2225 Prae
621 2171 787 2224 nimia
811 2171 954 2224 enim
990 2178 1271 2227 senectute
1314 2170 1432 2226 Heli
1475 2171 1614 2225 oculi
1651 2171 1921 2241 caligave-

344 2272 483 2326 rant,
518 2277 617 2317 nec
639 2270 854 2332 poterat
880 2262 1064 2317 videre
1087 2261 1365 2317 lucernam
1403 2262 1637 2326 Domini,
1673 2278 1797 2317 cum
1825 2278 1916 2316 ar-

344 2354 497 2409 deret
527 2355 581 2407 in
612 2352 977 2417 tabernaculo,
1024 2362 1311 2423 antequam
1353 2354 1441 2407 lux
1494 2354 1685 2409 diurna
1733 2353 1916 2422 ﬁeret,

342 2443 559 2513 quando
582 2443 770 2497 eadem
800 2443 1190 2513 exstinguenda
1215 2451 1333 2498 erat
1362 2443 1603 2499 lucerna.
1638 2442 1730 2498 Sic
1773 2444 1919 2498 enim

341 2548 374 2587 a
403 2535 629 2590 Domino
657 2550 755 2605 per
780 2534 996 2605 Moysen
1026 2533 1240 2603 jussum
1265 2543 1350 2590 est
1377 2545 1437 2590 ut
1466 2538 1655 2591 eadem
1696 2535 1919 2591 lucerna

342 2629 549 2683 luceret
569 2645 740 2698 usque
762 2644 940 2694 mane,
972 2630 1111 2684 sicut
1150 2637 1232 2683 est
1276 2628 1403 2683 illud
1435 2630 1491 2683 in
1519 2628 1659 2684 libro
1686 2628 1860 2684 Exodi
1903 2646 1917 2683 :

352 2739 366 2771 ι
411 2719 667 2789 Praecipe,
706 2740 727 2774 ι
764 2721 841 2775 ait
877 2721 1159 2787 Dominus,
1191 2741 1211 2772 ς
1246 2721 1372 2776 ﬁliis
1396 2721 1561 2776 Israel
1593 2731 1651 2776 ut
1690 2720 1921 2777 afferant

343 2812 438 2866 tibi
471 2812 650 2867 oleum
686 2814 753 2868 de
779 2814 1065 2869 arboribus
1091 2814 1360 2868 olivarum
1385 2814 1758 2884 purissimum,
1783 2813 1921 2882 pilo-

342 2916 446 2971 que
470 2910 769 2967 contusum,
796 2912 858 2959 ut
881 2904 1070 2959 ardeat
1097 2904 1317 2958 lucerna
1344 2919 1558 2974 semper
1578 2905 1632 2958 in
1667 2905 1921 2959 taberna-

341 2994 464 3048 culo
490 2996 722 3062 Domini,
754 3007 814 3051 et
831 2996 1173 3052 collocabunt
1216 3012 1337 3052 eam
1360 2997 1543 3051 Aaron
1575 3006 1631 3051 et
1656 2997 1751 3050 ﬁlii
1780 2997 1918 3067 ejus,

340 3094 402 3139 ut
425 3092 594 3157 uSque
624 3103 784 3144 mane
824 3089 1000 3144 luceat
1029 3105 1212 3145 coram
1240 3090 1469 3145 Domino
1500 3088 1697 3162 (Exod.
1723 3087 1916 3160 xxvn).

342 3177 468 3233 Sive
496 3180 601 3235 hoc
631 3180 898 3248 signiﬁcat
926 3182 1070 3251 quod
1111 3182 1167 3236 in
1218 3182 1463 3238 caecitate
1514 3198 1611 3238 sua
1652 3184 1766 3251 ipse
1799 3181 1918 3236 Heli

2020 2004 2218 2063 Iudaea:
2247 2010 2546 2080 descriptos
2580 2014 2987 2070 universitatem
3018 2017 3190 2086 plebis
3223 2020 3427 2088 pariter
3454 2034 3631 2079 coma;

2019 2101 2323 2169 prehendit.
2354 2103 2467 2156 Dan
2498 2104 2706 2159 viculus
2734 2118 2817 2160 est
2841 2107 2896 2161 in
2926 2118 3121 2177 quarto
3151 2126 3181 2163 a
3210 2110 3456 2166 Paneade
3482 2111 3629 2173 mil-g

2019 2190 2175 2245 liario
2202 2192 2453 2246 euntibus
2484 2193 2716 2264 Tyrum,
2745 2197 2836 2265 qui
2870 2213 3040 2267 usque
3068 2200 3228 2254 hodie
3255 2201 3333 2255 sic
3351 2208 3629 2269 vocatur,,

2022 2279 2308 2334 Terminus
2335 2279 2533 2336 Iudaeae
2568 2284 2861 2352 provinciae
2909 2296 3100 2342 contra
3152 2291 3598 2359 septentrionem.
3616 2344 3629 2351 ,.

2020 2369 2096 2423 De
2131 2385 2239 2439 quo
2262 2378 2318 2424 et
2343 2368 2595 2426 Iordanis
2620 2373 2819 2428 ﬁumen
2847 2390 3170 2446 erumpens,
3198 2394 3229 2432 a
3277 2380 3396 2435 loco
3443 2384 3623 2448 sorti-,

2020 2466 2110 2515 tus
2134 2469 2219 2515 est
2243 2476 2438 2516 nomen
2465 2481 2477 2516 :
2505 2479 2566 2516 or
2590 2464 2787 2534 quippe
2811 2467 3035 2534 ﬂuvium
3066 2468 3179 2523 sive
3202 2470 3368 2524 rivum
3390 2471 3621 2531 Hebraei.

2019 2559 2237 2606 vocant.
2281 2552 2395 2607 Dan
2444 2554 2833 2624 interpretatur
2856 2557 3145 2626 judicium,
3182 2561 3296 2616 sive
3323 2561 3596 2630 judicans.

2019 2641 2286 2697 Bersabee
2314 2643 2369 2697 in
2392 2645 2534 2700 tribu
2554 2643 2690 2700 Iuda
2712 2648 2827 2703 sive
2852 2647 3119 2705 Simeonis
3146 2660 3231 2706 est
3251 2668 3422 2722 usque
3445 2654 3604 2711 hodie

2017 2734 2171 2790 vicus
2197 2736 2418 2804 grandis
2444 2736 2499 2791 in
2525 2737 2784 2793 vicesimo
2805 2755 2835 2794 a
2858 2739 3070 2796 Cehron
3094 2742 3349 2799 milliario
3373 2758 3617 2815 vergens.

2020 2828 2088 2882 ad
2111 2838 2380 2896 austrum,
2410 2830 2463 2883 in
2492 2845 2602 2900 quo
2628 2840 2686 2887 et
2728 2831 3099 2889 Romanorum
3139 2835 3370 2888 militum
3409 2834 3604 2905 praesi-

2020 2918 2168 2973 dium
2195 2920 2430 2989 positum
2460 2930 2561 2977 est.
2587 2921 2637 2976 A
2664 2938 2773 2993 quo
2802 2924 2923 2980 loco
2955 2925 3169 2980 termini
3201 2924 3399 2980 Iudaeae
3442 2933 3613 2996 terrae,

2019 3009 2363 3080 incipientes,
2394 3013 2754 3069 tendebantur
2781 3030 2951 3084 usque
2997 3017 3063 3072 ad
3107 3016 3256 3083 Dan,
3288 3032 3408 3087 quae
3445 3018 3602 3087 juxta

2020 3103 2326 3158 Paneadem
2380 3106 2641 3160 cernitur.
2712 3106 3105 3176 Interpretatur
3155 3123 3287 3163 vero
3333 3107 3611 3163 Bersabee.

2016 3205 2205 3266 puteus
2237 3197 2496 3251 satietatis
2514 3237 2528 3262 ,
2552 3197 2639 3253 vel
2682 3207 2869 3269 puteus
2908 3199 3028 3264 viri,
3055 3200 3170 3255 sive
3185 3199 3506 3269 juramenti,
3536 3213 3607 3254 eo

338 3282 681 3339 Ρεηηειηθτεῑ
724 3274 895 3329 donec
945 3273 1188 3329 Ῑυῐιάίῑυε
1234 3289 1355 3329 cum
1398 3274 1551 3343 Ρτοιθ
1582 3290 1678 3329 sua
1709 3275 1916 3329 θκεῐίη·
1944 3272 1991 3335 C
2022 3288 2165 3357 quod
2193 3288 2267 3342 ibi
2300 3288 2576 3343 Abraham
2616 3297 2673 3344 et
2711 3289 2864 3345 Isaac
2892 3289 3068 3346 foedus
3116 3307 3240 3347 cum
3288 3290 3613 3353 Abimelech

338 3368 618 3431 gueretur,
643 3362 747 3416 hoc
770 3372 874 3427 est,
896 3364 1005 3417 vita
1020 3374 1235 3419 careret
1258 3365 1544 3433 corporali.
1576 3364 1797 3435 Mystice
1826 3381 1922 3419 au-

337 3456 451 3503 tem
482 3450 701 3506 caecitas
732 3450 851 3507 Heli
879 3453 1153 3524 signiﬁcat
1177 3456 1478 3510 caecitatem
1500 3456 1679 3510 cordis
1700 3454 1917 3512 Iudaeo-

338 3559 485 3609 rum,
510 3545 603 3619 qui
632 3555 955 3616 praesentem
983 3547 1321 3603 Salvatorem
1349 3564 1643 3619 agnoscere
1682 3565 1790 3606 non
1817 3564 1919 3619 po-

341 3644 540 3701 terant,
571 3650 671 3691 nec
704 3638 1085 3693 miraculorum
1130 3639 1416 3711 fulgorem,
1458 3656 1577 3711 quae
1605 3640 1675 3695 ab
1715 3656 1782 3698 eo
1824 3640 1922 3698 ﬁe-

342 3727 491 3792 bant,
520 3727 841 3799 intelligere,
872 3744 973 3785 nec
1002 3731 1304 3786 doctrinam
1345 3729 1461 3800 ejus
1506 3732 1668 3788 corde
1712 3733 1920 3790 intento

341 3832 555 3886 capere,
581 3818 753 3874 donec
778 3819 950 3890 ipsum
973 3822 1335 3878 sacerdotium
1363 3822 1523 3879 simul
1557 3839 1682 3879 cum
1718 3824 1920 3897 templo

336 3914 392 3960 et
418 3905 613 3976 populo
638 3907 879 3965 funditus
924 3919 1278 3969 everteretur.
1316 3914 1526 3971 Interea
1559 3914 1778 3972 Samuel
1801 3916 1920 3971 dor-

339 3998 541 4053 miebat
564 3999 619 4053 in
668 4001 867 4071 templo
922 4004 1156 4071 Domini,
1180 4005 1274 4059 ubi
1332 4014 1451 4061 erat
1502 4022 1630 4063 arca
1679 4007 1916 4075 Domini,

334 4097 390 4145 et
417 4105 446 4144 a
473 4090 700 4145 Domino
747 4100 830 4145 ter
872 4102 1117 4159 vocatus,
1161 4096 1488 4161 novissime,
1516 4097 1752 4165 qualiter
1795 4095 1918 4152 Heli

333 4189 553 4252 propter
586 4182 819 4238 ﬁliorum
848 4193 1071 4253 peccata
1102 4185 1264 4239 simul
1287 4202 1410 4241 cum
1435 4186 1565 4255 ipsis
1594 4188 1918 4244 interiturus

335 4281 500 4336 esset,
528 4287 657 4326 voce
687 4272 900 4327 Domini
934 4275 1232 4328 instructus
1258 4283 1359 4328 est.
1392 4274 1576 4330 Potest
1610 4274 1715 4331 hac
1754 4277 1915 4332 tertia

332 4362 617 4418 vocatione
666 4364 999 4433 praeﬁgurari
1047 4364 1192 4433 quod
1228 4364 1340 4433 ipse
1375 4380 1512 4435 puer
1551 4364 1769 4422 futurus
1799 4374 1917 4421 erat

330 4453 618 4523 propheta,
647 4454 755 4507 dux
784 4462 839 4508 et
886 4453 1160 4509 sacerdos.
1212 4452 1366 4521 Quod
1420 4463 1602 4510 autem
1650 4454 1914 4525 scriptum

330 4555 413 4600 est
443 4565 455 4600 :
484 4566 501 4597 ι
537 4545 707 4601 Porro
738 4544 958 4602 Samuel
985 4560 1086 4601 nec
1119 4546 1247 4601 dum
1285 4545 1489 4602 sciebat
1536 4545 1847 4612 Dominum,
1887 4566 1906 4599 ι

329 4636 543 4692 nescire
575 4637 863 4692 Dominum
893 4637 1110 4704 dicitur,
1134 4638 1260 4709 quia
1279 4653 1377 4707 per
1394 4639 1693 4708 prophetim
1712 4606 1909 4710 myste-
1934 4614 1989 4678 Ῑ)
2084 4606 2133 4652 et

328 4728 467 4782 rium
497 4729 728 4784 necdum
756 4729 807 4784 ei
844 4729 1116 4785 revelatus
1143 4728 1324 4784 fuerat
1347 4745 1526 4785 sermo
1566 4730 1797 4787 Domini.
1842 4731 1910 4787 Et

326 4818 470 4887 quod
496 4817 743 4888 sequitur
782 4835 797 4872 :

403 4928 421 4960 ι
460 4908 610 4963 Dixit
638 4908 899 4963 Dominus
942 4907 1009 4963 ad
1055 4907 1363 4963 Samuelem
1394 4908 1575 4963 :Ecce
1621 4924 1721 4978 ego
1766 4907 1908 4964 facio

331 5019 349 5049 ι
400 5000 621 5054 verbum
638 4999 693 5053 in
713 4998 902 5063 Israel,
916 4998 1060 5069 quod
1079 4998 1389 5069 quicunque
1409 4998 1661 5064 audierit,
1678 4998 1909 5054 tinnient

332 5107 351 5140 ι
398 5090 571 5144 ambae
593 5104 755 5145 aures
784 5088 917 5157 ejus,
954 5108 973 5139 ι
1004 5098 1061 5143 et
1080 5098 1295 5144 caetera.
1320 5088 1434 5145 Hoc
1461 5089 1518 5143 in
1544 5090 1663 5144 loco
1684 5090 1910 5146 commi-

324 5182 473 5236 natio
504 5181 599 5238 Dei
630 5188 714 5236 est
738 5195 901 5249 super
931 5179 1081 5245 Heli,
1105 5188 1160 5235 et
1187 5196 1349 5251 super
1396 5181 1614 5236 domum
1657 5179 1794 5250 ejus,
1840 5197 1908 5238 eo

324 5273 550 5342 quodin
593 5282 816 5343 peccato
846 5270 1080 5324 ﬁliorum
1128 5269 1245 5325 Heli
1295 5286 1421 5327 arca
1466 5271 1562 5325 Dei
1599 5280 1901 5342 caperetur,

325 5372 378 5415 et
414 5360 580 5416 Israel
632 5369 836 5425 rueret,
880 5369 935 5416 et
981 5359 1097 5429 ejus
1140 5359 1237 5416 ﬁlii
1285 5361 1588 5426 interirent,
1630 5369 1686 5417 et
1712 5362 1905 5418 domus

331 5449 445 5505 lleli
476 5451 778 5506 sacerdotio
825 5451 1017 5506 domus
1065 5449 1276 5506 Domini
1315 5452 1641 5521 privaretur,
1667 5461 1724 5507 et
1748 5453 1819 5508 ob
1847 5453 1903 5509 id

329 5543 532 5598 factum
581 5543 911 5597 audientium
953 5557 1112 5598 aures
1157 5543 1419 5598 tinnirent
1466 5551 1685 5612 stupore
1730 5543 1898 5599 vehe-

325 5639 512 5692 menti.

399 5752 415 5783 ‹
455 5730 638 5786 Crevit
665 5737 846 5784 autem
875 5727 1088 5784 Samuel
1130 5736 1187 5782 et
1219 5727 1478 5783 Dominus
1503 5734 1621 5783 erat
1649 5743 1774 5782 cum
1807 5744 1893 5794 eo,

331 5846 350 5878 ε
394 5834 448 5880 et
475 5838 582 5879 non
607 5822 802 5878 cecidit
820 5837 887 5876 ex
913 5821 1164 5876 omnibus
1185 5821 1365 5875 verbis
1385 5820 1502 5889 ejus
1532 5821 1585 5875 in
1606 5829 1832 5876 terram.
1868 5839 1889 5876 ι

2023 3380 2299 3435 sociavere
2332 3379 2582 3449 jurantes
2629 3380 2783 3455 (Gen.
2807 3399 2899 3437 χχι
2922 3393 2971 3437 et
2998 3384 3171 3455 xxvr).
3223 3383 3336 3439 Nec
3385 3398 3606 3453 movere

2021 3468 2183 3525 debet
2208 3472 2539 3540 quempiam,
2565 3473 2612 3527 si
2641 3474 2912 3529 interdum
2935 3475 3185 3531 civitates
3208 3474 3361 3531 Iuda:
3382 3474 3603 3545 easdem

2019 3560 2076 3616 in
2106 3562 2249 3618 tribu
2298 3562 2568 3620 Simeonis
2605 3566 2722 3621 sive
2768 3566 3048 3637 Benjamin
3090 3568 3347 3637 reperiat.
3404 3566 3613 3652 Tribus

2017 3656 2164 3711 enim
2214 3656 2350 3713 Iuda
2388 3658 2520 3713 viris
2568 3658 2992 3715 bellicosissimis
3040 3660 3277 3730 pollens,
3321 3666 3376 3714 et
3409 3659 3604 3723 crebro

2019 3751 2358 3807 adversarios
2388 3767 2685 3821 superans,
2726 3754 2782 3807 in
2830 3754 3083 3809 omnibus
3135 3753 3380 3807 tribubus
3427 3749 3604 3807 tenuit

2016 3841 2398 3912 principatum.
2427 3843 2494 3897 Et
2519 3843 2722 3898 idcirco
2756 3843 2921 3898 etiam
2956 3843 3185 3897 aliarum
3214 3842 3452 3897 tribuum
3481 3856 3601 3907 sor:—

2017 3941 2100 3990 tes
2129 3935 2185 3989 in
2213 3933 2330 4004 ejus
2354 3936 2630 3990 interdum
2652 3935 2891 3991 funiculo
2918 3943 3317 4005 nuncupantur.
3344 3933 3595 4002 Alioquin

2016 4024 2071 4079 in
2100 4026 2279 4080 medio
2308 4026 2481 4081 tribus
2507 4025 2658 4082 Judae
2686 4027 2963 4082 habitasse
2985 4024 3291 4081 Simeonem
3317 4022 3598 4095 Scriptura

2018 4116 2464 4195 manifestissime
2490 4119 2666 4175 docet.

2622 4253 2851 4312 CAPUT
2885 4253 2974 4313 IV.

2013 4387 2093 4442 De
2116 4388 2404 4460 mutatione
2425 4388 2707 4460 sacerdotii
2733 4390 2918 4444 veteris
2944 4389 3089 4460 legis.
3121 4387 3389 4460 iPra’lium
3424 4387 3597 4455 Phili;

2083 4458 2467 4531 stltiintcongra
2487 4457 2677 4531 Israel,
2712 4460 2771 4512 in
2806 4476 2921 4531 quo
2943 4457 3069 4531 arca
3101 4459 3198 4531 Dei
3229 4468 3389 4531 capta
3414 4468 3489 4512 est
3508 4499 3522 4523 ,
3545 4467 3595 4531 et

2085 4526 2314 4599 duoﬁlii
2332 4525 2465 4599 Heli
2498 4528 2675 4592 occisi,
2689 4537 2737 4582 et
2760 4525 2984 4599 populus
3005 4525 3331 4581 Israeliticus
3354 4525 3591 4597 fugatus‘,

2218 4596 2286 4651 eli
2307 4597 2607 4667 defunctus.
2761 4596 2770 4599 ’
2830 4596 2837 4598 '
3114 4598 3115 4601 “
3420 4596 3429 4597 ί
3552 4608 3581 4645 ’.ν

2078 4713 2249 4786 Igitur
2273 4723 2629 4785 posteaquam
2660 4714 2776 4769 haec
2800 4714 2855 4769 in
2879 4712 3051 4785 ﬁgura
3080 4713 3395 4769 mutationis
3436 4706 3593 4769 Vetti-

2013 4808 2087 4862 ris
2115 4807 2451 4862 Testamenti
2476 4822 2507 4861 a
2534 4808 2794 4878 prapheta
2825 4807 2917 4863 illo
2940 4807 3302 4878 praenuntiata
3345 4813 3473 4861 sunt
3523 4794 3591 4860 ad

2010 4897 2128 4954 Heli
2184 4898 2544 4954 oﬁ'endentem
2608 4899 2891 4955 Dominum
2955 4900 3152 4967 Israel,
3212 4894 3590 4953 instruxerunt

2009 4991 2181 5046 aciem
2206 4990 2529 5057 Philisthaai,
2557 4990 2662 5047 hoc
2689 4999 2793 5057 est,
2820 4990 3114 5054 Palaestini,
3148 4997 3339 5044 contra
3378 4988 3481 5044 eos
3528 4984 3588 5044 ih

2010 5081 2216 5153 Aphec,
2240 5083 2330 5152 qui
2358 5083 2509 5139 locus
2533 5082 2792 5152 estjuxta
2838 5083 3017 5141 vicum
3061 5081 3246 5137 Endor
3286 5066 3589 5138 Ezechielis

2010 5176 2264 5242 civitatis,
2293 5176 2383 5230 ubi
2434 5177 2710 5234 dimicavit
2754 5175 2884 5232 Saul
2931 5176 2988 5230 in
3038 5183 3183 5230 sorte
3215 5175 3373 5241 Aser,
3398 5176 3452 5229 in
3479 5170 3587 5246 qua

2008 5267 2344 5323 habitatores
2364 5269 2579 5337 pristini
2600 5274 3032 5339 permanserunt.
3070 5266 3465 5338 Interpretatur
3491 5275 3587 5320 att-

2008 5365 2120 5412 tem
2163 5358 2349 5429 Aphec
2395 5359 2548 5429 furor
2591 5374 2785 5423 novus,
2814 5358 2928 5414 sive
2976 5358 3385 5430 apprehendens.
3431 5356 3584 5425 Quod

1986 5456 2143 5521 bene
2167 5456 2417 5511 convenit
2445 5456 2606 5511 rebus
2642 5454 2827 5525 gestis.
2871 5452 2973 5522 Qui
3014 5455 3159 5509 enim
3200 5454 3337 5509 iram
3368 5454 3582 5537 Domini

2005 5558 2340 5614 meruerunt,
2367 5552 2435 5605 ab
2458 5548 2704 5604 hostibus
2726 5548 3047 5620 apprehensi
3072 5557 3219 5604 sunt.
3246 5547 3461 5603 Tolluut
3489 5546 3583 5625 ati-

2005 5651 2113 5698 tem
2144 5642 2401 5699 Israelita:
2442 5656 2624 5696 arcam
2664 5643 2731 5698 ad
2758 5641 3039 5696 tuitionem
3066 5656 3238 5696 suam.
3286 5640 3454 5709 Capta
3499 5639 3582 5715 est

2003 5733 2070 5788 ab
2103 5731 2351 5788 hostibus
2388 5747 2531 5796 arca,
2562 5733 2772 5803 ipsique
2802 5749 2910 5789 non
2946 5733 3120 5789 solum
3146 5733 3277 5789 victi
3299 5739 3426 5788 sunt
3449 5739 3502 5787 et
3524 5732 3580 5785 in

2000 5821 2182 5893 fugam
2207 5824 2371 5888 versi,
2403 5824 2511 5879 imo
2544 5826 2707 5880 ctiam
2750 5838 2946 5896 magna
2967 5832 3180 5896 strages
3213 5823 3358 5880 facta
3378 5830 3463 5878 est
3483 5837 3577 5879 oc-
