4074 6462
492 396 558 454 97
1122 384 1185 439 Β.
1225 380 1478 441 RABANI
1519 379 1737 439 unum
1772 372 2096 432 ARCHIEP.
2140 356 2450 431 MOGUNT.
2490 368 2778 429 OPEBUM
2814 368 2999 427 PARS
3036 369 3076 426 ι.
3679 380 3746 438 ω

494 508 749 565 eiset-mn.
808 499 1062 561 Nonnihil
1101 508 1280 555 tamen
1326 496 1630 551 futurorum
1676 492 1946 564 signiﬁcat
1973 502 2060 542 res
2087 491 2145 555 Α
2170 502 2307 540 rum.
2336 486 2519 556 Dagon
2552 487 2933 554 interpretatur
2953 484 3110 557 piscis
3143 486 3403 553 tristitiw,
3429 490 3745 561 signiﬁcans

494 597 611 657 haec
631 602 782 665 gesta
802 591 1116 665 prophetiae.
1142 589 1282 645 Area
1312 588 1458 643 enim
1508 586 1598 641 illa
1646 585 1713 639 ab
1752 582 2066 652 alienigenis

497 694 683 757 capta,
717 683 986 745 indicabat
1019 686 1399 739 testamentum
1458 676 1551 731 Dei
1600 675 1951 729 transiturum
2000 672 2067 727 ad

418 838 436 851 _
492 785 696 848 gentes.
728 773 950 843 Quando
975 772 1120 837 enim
1164 770 1467 827 nuntiatum
1502 776 1585 823 cst
1628 766 1745 820 Heli
1801 762 2065 825 sacerdoti

494 876 701 937 captam
731 865 897 921 fuisse
924 880 1106 921 arcam
1135 861 1250 925 Dei,
1269 860 1460 915 cecidit
1492 860 1557 915 de
1585 858 1714 913 sella
1744 865 2063 919 retrorsum,

492 966 807 1021 etmortuus
835 964 938 1013 est.
968 956 1036 1012 Et
1062 954 1273 1009 merito.
1302 951 1438 1023 Quia
1484 950 1724 1021 quisquis
1768 958 2067 1003 retrorsum

491 1048 825 1111 convertitur
854 1064 885 1102 a
913 1048 1015 1103 ﬁde
1040 1054 1095 1101 et
1116 1045 1363 1109 veritate,
1388 1056 1609 1096 necesse
1636 1048 1719 1094 est
1748 1048 1805 1093 ut
1831 1040 1989 1093 cadat
2012 1045 2069 1091 et

489 1141 742 1195 continuo
786 1140 1069 1203 moriatur.
1102 1136 1326 1208 Mystice
1352 1142 1551 1198 autem,
1586 1140 1896 1187 transeunte
1940 1145 2067 1184 arca

488 1229 703 1285 Domini
728 1229 794 1283 ad
821 1235 1033 1299 gentes,
1065 1226 1229 1296 periit
1267 1233 1429 1292 atque
1468 1222 1673 1281 interiit
1702 1221 2066 1276 sacerdotium

487 1302 837 1375 Iudaeorum.
866 1316 982 1381 Duo
1012 1331 1224 1387 quoque
1252 1314 1346 1369 ﬁlii
1400 1313 1518 1367 Heli
1565 1321 1909 1377 corruerunt,
1933 1326 2068 1383 quo-

464 1433 606 1478 rum
639 1416 796 1471 unius
833 1429 970 1477 uxor
1008 1414 1257 1477 viduata,
1286 1420 1340 1466 et
1382 1427 1504 1465 mox
1536 1409 1591 1467 in
1642 1416 1800 1481 partu
1854 1416 2065 1461 mortua

484 1518 566 1563 est
594 1516 814 1578 propter
857 1505 1100 1569 eamdem
1154 1503 1638 1583 perturbationem.
1677 1500 1753 1553 De
1782 1516 1889 1571 quo
1913 1498 2066 1555 Jose-

484 1602 623 1671 phus
646 1601 721 1654 ita
752 1599 917 1657 refert
945 1617 958 1653 :
990 1615 1009 1653 s
1037 1596 1170 1651 Cum
1198 1596 1282 1655 vir
1313 1593 1429 1649 Heli
1469 1595 1631 1648 etiam
1667 1607 1849 1647 arcam
1889 1591 2068 1645 audis-

484 1700 566 1753 set
597 1692 664 1745 ab
691 1690 937 1745 hostibus
968 1697 1203 1756 captam,
1228 1683 1414 1743 dolore
1458 1684 1723 1747 turbatus,
1756 1697 1820 1737 eo
1845 1680 1987 1751 quod
2014 1680 2065 1734 ei

481 1789 681 1852 prieter
703 1794 852 1849 spem
880 1786 1088 1837 tantum
1128 1792 1262 1831 onus
1291 1783 1620 1839 accesserat,
1646 1788 1809 1829 ruens
1835 1773 1901 1828 de
1939 1773 2065 1827 sede

2168 578 2378 631 hostem
2400 577 2699 645 antiquum,
2723 576 2813 645 qui
2842 576 2893 629 in
2925 591 3075 630 mare
3098 576 3255 630 istius
3276 581 3462 633 mundi
3510 584 3744 655 positus,

2166 670 2393 725 devorat
2421 670 2737 740 piscatores.
2765 669 2935 736 Quem
2961 668 3099 722 liber
3121 666 3220 724 Job
3242 668 3531 745 Devialhan
3564 683 3619 730 et
3642 676 3746 731 Be-

2167 762 2374 815 ltemoth
2403 763 2544 829 (Job.
2570 779 2629 816 ιιι
2655 772 2702 816 et
2735 761 2865 833 xxx)
2897 770 3188 830 nuncupat.
3218 761 3327 833 (Ea:
3354 763 3610 836 Isidoro.)
3638 768 3745 825 Sed

2168 854 2295 921 quid
2322 862 2404 907 est
2434 853 2577 923 quod
2602 853 2724 906 dum
2770 852 3075 922 posuissent
3129 868 3311 906 arcam
3363 854 3575 910 Domini
3619 855 3746 913 Phi-

2166 943 2393 1001 listhiim
2443 946 2497 999 in
2542 945 2796 1014 templum
2842 945 3077 1017 Dagonis
3134 945 3219 999 dei
3274 946 3391 1012 sui,
3421 948 3747 1005 introierunt

2170 1036 2447 1105 templum,
2473 1044 2529 1089 et
2553 1037 2876 1091 invenerunt
2902 1037 3171 1108 Dagonem
3204 1045 3557 1106 prostratum,
3581 1047 3744 1109 atque

2169 1127 2505 1187 confractum
2528 1136 2690 1197 caput
2708 1130 2845 1198 ejus,
2863 1130 3085 1200 duaeque
3110 1144 3299 1184 manus
3328 1131 3552 1186 abscisae
3580 1133 3745 1187 sunt?

2170 1220 2367 1277 Statim
2394 1228 2452 1274 ut
2478 1229 2858 1276 testamentum
2886 1223 3094 1277 Domini
3117 1223 3360 1292 pervenit
3389 1225 3441 1279 in
3472 1225 3741 1295 gentibus,

2166 1312 2455 1368 confestim
2487 1312 2651 1377 idola,
2681 1329 2801 1383 quae
2844 1314 3125 1383 deceptum
3153 1315 3500 1384 possidebant
3533 1317 3740 1384 orbem,

2168 1404 2444 1459 destructa
2472 1414 2618 1469 sunt,
2641 1406 2924 1475 omnisque
2969 1392 3123 1461 error
3169 1406 3581 1462 simulacrorum
3619 1422 3741 1462 cor-

2168 1495 2300 1559 ruit,
2332 1495 2676 1563 prmsentiam
2699 1495 2911 1550 Domini
2945 1495 3089 1550 ferre
3129 1511 3236 1553 non
3281 1498 3572 1553 sustinens.
3611 1498 3744 1553 Nam
3776 1493 3783 1499 ’

2168 1588 2224 1644 in
2258 1588 2506 1643 manibus
2532 1589 2713 1659 Dagon
2742 1588 3013 1658 prmscisis
3054 1604 3192 1659 opus
3220 1589 3535 1644 idololatriae
3563 1606 3747 1660 ampu-

2168 1688 2333 1744 tatur,
2364 1682 2498 1736 etin
2524 1683 2703 1751 capite
2730 1682 2845 1749 ejus
2890 1683 3142 1751 superbia
3188 1683 3384 1738 diaboli
3425 1684 3636 1739 abscisa
3675 1685 3749 1739 si-

2170 1774 2481 1844 gniﬁcatur,
2509 1792 2537 1827 a
2564 1791 2670 1843 quo
2708 1776 2919 1830 initium
2947 1777 3155 1844 peccati
3187 1777 3308 1830 fuit.
3340 1777 3495 1845 Quod
3522 1794 3651 1833 vero
3692 1777 3745 1831 in

485 1845 772 1925 defunctus
799 1876 902 1932 est,
933 1867 1057 1921 dum
1090 1882 1187 1919 VIII
1232 1875 1285 1919 et
1334 1881 1397 1919 xc
1438 1864 1661 1918 vixisset
1709 1878 1899 1926 annos,
1931 1878 2066 1931 quo-
2099 1845 2145 1903 Β
2173 1864 2377 1927 limine,
2403 1874 2462 1918 ut
2487 1874 2694 1921 certum
2718 1865 2925 1921 scilicet
2968 1865 3401 1936 praefinitumque
3447 1868 3530 1921 sui
3578 1867 3748 1922 idolo-

487 1977 607 2019 rum
634 1978 699 2017 κιρ
730 1966 977 2015 tenuerat
999 1955 1380 2029 principatum.
1412 1955 1486 2008 Ea
1519 1952 1785 2023 siquidem
1829 1954 1913 2007 die
1966 1954 2062 2007 de-

486 2052 670 2107 functa
702 2058 861 2106 estet
889 2047 1085 2116 conqu
1112 2047 1342 2101 Phinees
1371 2044 1486 2113 ejus
1516 2044 1630 2110 ﬁlii,
1665 2046 1793 2099 dum
1838 2060 1935 2115 per
1973 2059 2066 2099 oc-

485 2160 673 2207 casum
704 2143 886 2205 mariti
916 2155 1257 2212 nequaquam
1280 2140 1462 2193 vivere
1488 2138 1788 2201 tolerasset,
1817 2138 1902 2193 cui
1926 2152 2065 2208 prai-

484 2237 670 2310 gnanti
709 2236 925 2307 quidem
973 2233 1254 2287 nuntiatus
1303 2239 1387 2284 est
1431 2229 1608 2285 luctus
1670 2230 1802 2294 viri,
1854 2228 2065 2299 peperit

484 2335 665 2383 autem
696 2326 865 2381 ﬁlium
902 2332 1106 2395 septem
1134 2323 1422 2389 mensium,
1450 2337 1609 2391 quem
1655 2323 1724 2376 ob
1753 2322 1856 2379 hoc
1882 2320 2064 2393 appel-

482 2417 731 2477 laverunt
775 2416 1026 2481 lchabod,
1063 2416 1206 2486 quod
1255 2430 1451 2473 nomen
1479 2415 1724 2485 designat
1750 2414 2059 2485 inglorium,

484 2524 549 2567 eo
571 2509 714 2581 quod
736 2508 824 2563 illo
856 2517 1095 2579 tempore
1123 2506 1385 2567 exercitui
1408 2505 1713 2576 huiusmodi
1744 2506 2063 2565 deformitas

481 2598 818 2657 accessisset.
855 2617 874 2650 ι

551 2687 749 2745 Habuit
776 2694 958 2749 autem
988 2685 1349 2758 principatum
1372 2687 1585 2757 primus
1627 2685 1746 2743 Heli
1794 2703 1862 2742 ex
1901 2688 2062 2749 domo

480 2778 843 2852 Thamar,qui
869 2778 969 2833 fuit
994 2794 1134 2849 unus
1156 2779 1391 2837 ﬁliorum
1410 2779 1615 2839 Aaron.
1650 2780 1784 2835 Nam
1811 2780 2062 2851 primitus

478 2871 547 2927 de
585 2872 745 2927 domo
787 2871 1032 2937 Eleazari
1079 2872 1390 2927 sacerdotes
1417 2880 1573 2927 erant
1602 2890 1614 2924 :
1652 2888 1720 2927 ex
1755 2888 1863 2943 quo
1893 2873 2062 2931 hono-

480 2977 596 3017 rem
636 2960 778 3019 ﬁlius
828 2978 859 3016 a
898 2970 1055 3033 patre
1101 2962 1468 3034 percipiebat,
1492 2970 1546 3017 et
1572 2963 1799 3018 Eleazar
1830 2963 2063 3021 Phincos

478 3067 577 3112 suo
606 3052 718 3109 ﬁlio
742 3053 980 3113 tradidit.
1007 3053 1137 3111 Post
1166 3070 1328 3125 quem
1354 3055 1586 3109 Abiezer
1606 3055 1724 3125 ejus
1753 3054 1893 3109 ﬁlius
1917 3055 2063 3110 hunc

477 3142 739 3198 honorem
781 3144 1013 3214 accepit,
1038 3159 1197 3216 quem
1233 3144 1330 3200 Ozi
1374 3161 1472 3205 suo
1494 3146 1604 3200 ﬁlio
1627 3146 1934 3217 dereliquit.
1962 3146 2061 3207 Coi

476 3247 694 3287 rursum
723 3231 819 3289 Ozi
860 3203 1001 3289 ﬁlius
1033 3203 1297 3291 successit
1338 3252 1486 3291 suos.
1514 3236 1581 3291 Et
1605 3245 1729 3306 post
1762 3203 1908 3291 hunc
1942 3236 2061 3293 Heli
2089 3203 2136 3271 δ

478 3323 652 3383 tenuit
695 3324 1083 3393 sacerdotium,
1115 3328 1180 3383 de
1218 3343 1326 3401 quo
1370 3343 1513 3387 nunc
1559 3345 1739 3385 sermo
1779 3330 1936 3389 nobis
1979 3338 2064 3386 est

477 3410 711 3471 habitus.
744 3414 913 3489 Cujus
936 3433 1107 3491 genus
1138 3434 1308 3493 usque
1353 3421 1421 3477 ad
1471 3431 1714 3494 tempora
1752 3422 2062 3481 Salomonis

479 3502 582 3557 hoc
642 3504 924 3569 habuerat.
978 3506 1128 3564 Tunc
1178 3510 1321 3571 enim
1365 3512 1733 3571 sacerdotium
1785 3528 1853 3567 ex
1899 3514 2061 3568 domo

476 3592 721 3657 Eleazari
750 3596 925 3651 denuo
951 3609 1292 3669 receperunt.
1319 3600 1427 3672 (Ea:
1450 3601 1707 3673 Isidoro.)
1760 3603 1916 3661 Unde
1950 3605 2063 3663 evi-

478 3685 622 3745 denti
652 3687 804 3758 signo
829 3690 1232 3760 prmﬁguratum
1254 3702 1355 3758 est,
1374 3703 1494 3763 post
1523 3695 1853 3750 exstinctum
1887 3711 2063 3752 sacer-

477 3778 1012 3841 dotiumJudzeorum
1057 3785 1330 3840 carnalem
1374 3786 1644 3843 interiisse
1694 3790 2057 3862 Synagogam,

479 3868 554 3925 illi
599 3873 892 3931 carnaliter
938 3875 1326 3933 adhaerentem.
1386 3880 1775 3954 Prostratoque
1831 3884 1948 3939 lleli
1993 3884 2060 3941 de

477 3962 628 4030 sella,
654 3966 939 4036 pontiﬁces
962 3968 1272 4027 Iudaeorum
1299 3974 1482 4031 sedem
1526 3978 1766 4035 habuere
1806 3995 2057 4046 vacuam,

477 4063 533 4109 et
559 4055 787 4125 gloriam
818 4061 1108 4116 sacerdotii
1138 4065 1397 4133 regnique
1424 4068 1773 4131 exstinctam.

1104 4175 1331 4235 CAPUT
1371 4180 1436 4234 γ.

481 4276 562 4331 De
587 4295 647 4331 eo
668 4281 815 4357 quod
838 4279 1161 4357 Philistfiiim
1204 4286 1562 4357 imposuerunt
1606 4308 1783 4346 arcam
1814 4292 1909 4346 Dei
1938 4310 2063 4349 con-

547 4359 629 4431 tra
656 4351 1210 4433 simulacrumpogon
1229 4397 1244 4423 ,
1266 4351 1476 4433 promer
1499 4363 1639 4431 quod
1668 4366 1920 4433 percussit
1950 4365 2059 4419 Do-

548 4422 717 4499 minus
740 4438 916 4477 omnes
944 4422 1284 4483 Philis'lbwos
1314 4422 1371 4482 iri
1396 4422 1772 4499 posterioribus
1802 4435 1863 4489 ob
1894 4434 2061 4490 insul-

549 4491 815 4549 tationem.

552 4603 701 4674 (Car.
729 4604 807 4676 v.)
847 4623 865 4655 ι
897 4605 1225 4663 Philisthiim
1255 4619 1436 4668 autem
1466 4614 1706 4671 tulerunt
1727 4633 1910 4673 arcam
1940 4619 2057 4687 Dei,

487 4714 506 4747 ι
551 4702 607 4750 et
643 4704 1054 4766 asportaverunt
1096 4690 1215 4756 eam
1241 4719 1269 4757 a
1309 4704 1485 4775 lapide
1530 4708 1781 4779 adjutorii
1832 4711 1885 4765 in
1915 4709 2058 4768 Azo-

482 4802 503 4835 ι
551 4794 683 4850 ιιιιιι,
717 4806 735 4837 ι
769 4794 826 4841 et
861 4788 1087 4859 reliqua.
1131 4792 1256 4862 (Ex
1299 4794 1680 4869 Hieronymo.)
1714 4799 1872 4873 Lapis
1902 4801 2058 4872 adju-

478 4877 605 4932 torii
636 4878 836 4933 dicitur
858 4880 1010 4937 locus
1037 4883 1124 4939 ille
1162 4886 1215 4939 in
1246 4904 1353 4957 quo
1382 4890 1561 4957 posuit
1585 4891 1801 4947 Samuel
1825 4892 2057 4965 lapidem

478 4984 644 5024 unum
666 4972 808 5027 inter
834 4974 1078 5046 Masphat
1104 4983 1161 5032 et
1190 4979 1331 5034 inter
1359 4981 1507 5047 Sem,
1532 4984 1673 5038 sicut
1699 4984 1751 5038 in
1783 4986 2057 5056 sequenti-

480 5061 580 5116 bus
614 5063 1036 5122 demonstratur.
1062 5069 1285 5139 Azotns,
1313 5088 1433 5142 quae
1463 5083 1517 5129 et
1542 5074 1703 5131 Astro
1732 5077 1949 5144 dicitur,
1980 5089 2065 5135 est

482 5160 650 5221 usque
678 5154 836 5209 hodie
863 5158 1040 5213 nobile
1064 5162 1416 5233 municipium
1448 5164 2058 5237 Palestinzeprovincim,

483 5251 539 5296 et
565 5258 671 5298 una
695 5245 761 5298 de
784 5249 1023 5319 quinque
1046 5253 1360 5309 civitatibus
1387 5257 1815 5327 Allophylornm,
1841 5260 2059 5315 decreta

481 5337 696 5405 quidem
727 5341 888 5396 tribui
908 5342 1079 5411 Judte,
1114 5363 1218 5400 non
1247 5355 1456 5402 retenta
1484 5361 1664 5406 tamen
1706 5354 1774 5408 ab
1819 5370 1902 5418 ea,
1933 5356 2058 5425 quia

482 5444 822 5500 nequaquam
849 5444 1057 5492 veteres
1085 5441 1261 5508 potuit
1304 5442 1514 5496 accolas
1543 5446 1833 5514 expellere.
1886 5448 2059 5504 Inter-

482 5531 726 5591 pretatur
767 5536 946 5583 autem
978 5531 1115 5599 ignis
1159 5534 1324 5600 patris
1360 5535 1492 5598 mei,
1514 5536 1599 5591 vel
1643 5538 1963 5595 incendium.
1998 5542 2064 5596 Et

482 5614 619 5669 bene
641 5616 939 5674 incendium
967 5622 1131 5690 patris
1160 5623 1309 5679 locus
1339 5626 1427 5681 ille
1472 5630 1689 5695 dicitur,
1721 5633 1808 5687 ubi
1860 5633 2062 5689 idolum

481 5702 665 5777 Dagon
694 5711 1023 5765 consistebat
1050 5728 1062 5765 :
1092 5714 1218 5782 quia
1249 5717 1513 5775 adventus
1544 5736 1682 5776 arca:
1720 5723 1812 5777 Dei
1844 5724 1895 5777 in
1921 5723 2064 5779 Azo-

483 5803 618 5871 tum,
647 5799 955 5859 incendium
978 5812 1097 5861 erat
1124 5805 1344 5881 diaboli,
1376 5812 1551 5891 patris
1584 5815 1824 5875 omnium
1849 5816 2067 5895 iniquo-

2167 1955 2324 2010 latria
2356 1956 2515 2010 ﬁnem
2564 1965 2901 2027 agnosceret.
2954 1956 3134 2013 Limes
3162 1958 3307 2012 enim
3350 1958 3508 2017 ﬁnem
3537 1958 3748 2013 itineris

2166 2047 2454 2115 signiﬁcat.
2484 2047 2659 2101 Etiam
2682 2055 2736 2101 et
2763 2048 2891 2102 illud
2920 2047 2986 2101 ad
3014 2063 3262 2118 magnam
3288 2049 3522 2117 pertinet
3548 2049 3748 2119 signiﬁ-

2166 2137 2526 2199 cationem,in
2554 2137 2667 2206 ipsa
2698 2137 2851 2193 ruina
2875 2138 3056 2207 Dagon
3083 2137 3167 2192 dei
3194 2140 3273 2192 sui
3297 2145 3460 2206 atque
3484 2136 3745 2204 fractura,

2166 2229 2312 2298 quod
2347 2230 2566 2284 dorsum
2616 2229 2761 2284 illius
2800 2229 2973 2284 solum
3015 2229 3382 2292 inveniretur,
3409 2228 3594 2294 fractis
3632 2229 3749 2297 eius

2167 2320 2419 2377 omnibus
2442 2321 2719 2377 membris.
2745 2322 2971 2377 Dorsum
2999 2322 3197 2392 quippe
3233 2322 3412 2393 fugam
3459 2322 3745 2393 signiﬁcat.

2166 2410 2487 2481 Quicunque
2514 2412 2658 2467 enim
2684 2403 2892 2482 fugiunt
2913 2453 2928 2476 ,
2958 2414 3407 2482 persequentibus
3455 2415 3584 2469 dant
3621 2415 3749 2469 dor-

2164 2517 2307 2560 sum.
2337 2501 2489 2559 Unde
2510 2510 2566 2555 et
2590 2503 2850 2571 scriptum
2883 2511 2965 2557 est
2986 2503 3053 2556 de
3093 2503 3343 2560 hostibus
3376 2522 3389 2559 ε
3430 2522 3448 2555 ι
3484 2502 3749 2569 Quoniam

2164 2608 2334 2663 pones
2361 2608 2454 2648 cos
2483 2595 2699 2649 dorsum
2732 2593 2904 2665 (Psal.
2927 2591 3040 2664 xx).
3075 2613 3095 2644 ι
3128 2593 3228 2649 Ubi
3248 2602 3380 2649 sunt
3400 2593 3545 2648 enim
3575 2593 3751 2649 idola?

2164 2684 2467 2751 Perierunt,
2492 2697 2547 2745 et
2572 2688 2617 2743 si
2656 2687 2835 2758 aliqua
2868 2690 3203 2757 remanentia
3230 2689 3298 2744 ab
3324 2690 3593 2760 aliquibus
3622 2691 3753 2746 abs-

2164 2778 2491 2843 conduntur,
2520 2778 2751 2849 fugiunt.
2812 2780 2965 2847 Quod
3010 2789 3190 2837 autem
3230 2782 3476 2852 percussi
3525 2790 3651 2837 sunt
3695 2783 3749 2837 in

2166 2870 2563 2940 posterioribus
2592 2872 2647 2926 bi
2685 2873 2779 2941 qui
2809 2888 2991 2927 arcam
3036 2873 3131 2928 Dei
3177 2875 3608 2943 captivavcrunt,
3635 2875 3752 2929 base

2165 2977 2326 3031 poena
2356 2964 2570 3034 signum
2597 2965 2832 3030 videtur,
2871 2966 2998 3035 quia
3028 2966 3072 3022 si
3101 2967 3194 3035 qui
3220 2968 3559 3036 susceperint
3588 2975 3753 3022 testa-

2166 3063 2407 3109 mentum
2445 3055 2562 3120 Dei,
2590 3064 2644 3113 et
2672 3058 2975 3125 posteriora
3004 3058 3319 3121 dilexerint,
3348 3066 3403 3113 et
3429 3057 3754 3127 ipsisjustis-

2167 3147 2305 3201 sime
2333 3147 2744 3215 cruciabuntur,
2782 3150 2897 3218 qui,
2935 3150 3075 3204 sicut
3112 3148 3402 3219 Apostolus
3449 3145 3615 3220 (Phil.
3641 3148 3749 3219 ιιι),

2167 3240 2443 3295 aestimare
2469 3239 2665 3296 debent
2685 3241 2872 3297 eadem
2903 3240 3061 3297 sicuti
3091 3249 3352 3296 stercora.
3375 3238 3476 3305 Qui
3505 3238 3650 3293 enim
3674 3239 3751 3293 sic

2168 3337 2453 3385 assumunt
2484 3330 2725 3388 divinum
2750 3330 3155 3389 Testamentum
3175 3340 3234 3386 ut
3258 3330 3559 3400 posteriora
3582 3330 3753 3400 respi—

2166 3422 2394 3487 cientes,
2417 3424 2590 3478 veteri
2618 3438 2676 3479 se
2706 3425 2946 3481 vanitate
2978 3438 3085 3481 non
3112 3430 3337 3488 exuant,
3370 3422 3577 3479 similes
3625 3428 3751 3476 sunt

2168 3513 2415 3568 hostibus
2442 3513 2548 3569 illis
2578 3514 2667 3582 qui
2708 3529 2892 3569 arcam
2928 3514 3243 3569 testamenti
3285 3514 3555 3582 captivam
3595 3510 3752 3580 juxta

2165 3603 2311 3663 idola
2357 3620 2453 3658 sua
2491 3613 2809 3673 posuerunt.
2860 3605 2930 3663 Et
2976 3604 3067 3659 illa
3118 3604 3339 3674 quidem
3377 3612 3560 3659 vetera
3587 3604 3752 3658 etiam

2164 3697 2474 3757 nolentibus
2496 3698 2697 3752 cadunt
2728 3717 2740 3751 :
2771 3698 2898 3766 quia
2935 3716 2952 3749 ι
2995 3698 3173 3753 omnis
3194 3713 3324 3752 caro
3345 3696 3553 3762 fenum,
3576 3703 3630 3751 et
3650 3695 3755 3750 cla-

2165 3789 2301 3845 ritas
2327 3790 2563 3849 hominis
2589 3788 2765 3847 utﬁos
2793 3789 2925 3844 feni.
2961 3789 3120 3845 Aruit
3146 3789 3350 3856 fenum,
3384 3789 3481 3845 ﬁos
3509 3789 3626 3859 ejus
3661 3787 3756 3841 de-

2163 3881 2297 3941 cidit
2333 3881 2469 3952 (Isa.
2521 3881 2635 3953 XL),
2669 3900 2687 3933 ι
2720 3896 2845 3939 arca
2886 3882 3099 3939 Domini
3146 3889 3330 3937 manet
3374 3880 3429 3935 in
3470 3886 3751 3941 aeternum,

2166 3984 2435 4030 secretum
2480 3975 2688 4033 scilicet
2741 3981 3128 4031 testamentum
3168 3973 3321 4044 regni
3352 3970 3637 4036 cmlorum,
3662 3968 3754 4025 ubi

2165 4073 2249 4121 est
2278 4067 2503 4121 verbum
2529 4066 2648 4123 Dei.

2768 4175 2999 4233 CAPUT
3041 4174 3122 4229 Vl.

2166 4288 2320 4356 Quod
2348 4285 2645 4342 Philistha’i
2667 4289 2916 4358 facientes
2943 4287 3447 4358 plaustrumporum
3474 4282 3645 4338 vaccis
3676 4282 3752 4358 fe-

2236 4362 2301 4414 tis
2323 4360 2648 4413 trahentibus
2667 4354 2983 4413 remiserunt
3023 4372 3202 4410 arcam
3230 4354 3569 4419 Bethsames;
3610 4363 3658 4407 el
3687 4354 3752 4408 de

2233 4432 2351 4501 ejus
2374 4431 2447 4484 rei
2471 4430 2689 4500 mystica
2709 4428 3112 4499 signiﬁcatione.

2084 4566 2140 4629 Β
2238 4541 2388 4614 (ΟΜ).
2421 4540 2519 4611 vi.)
2548 4560 2566 4592 ε
2596 4540 2721 4594 Fuit
2750 4555 2878 4610 ergo
2910 4556 3035 4593 arca
3070 4538 3282 4593 Domini
3306 4536 3609 4629 inregione
3630 4535 3753 4591 Phi-

2172 4653 2190 4685 ‹
2231 4632 2578 4688 listbinorum
2606 4638 2813 4701 septem
2837 4631 3134 4696 mensibus,
3167 4650 3185 4681 ι
3218 4638 3323 4684 etc.
3361 4628 3576 4699 Septem
3602 4644 3754 4683 men-

2167 4738 2273 4787 ses,
2306 4723 2505 4792 quibus
2547 4736 2675 4775 arca
2726 4719 2822 4773 Dei
2866 4720 3008 4773 inter
3055 4724 3240 4790 gentes
3276 4718 3394 4782 fuit,
3452 4718 3754 4790 ﬁguraliter

2165 4816 2475 4886 exprimunt
2504 4815 2913 4869 universitatem
2939 4824 3263 4882 temporum,
3301 4828 3420 4884 qum
3450 4812 3752 4882 septenario

2165 4922 2394 4963 numero
2418 4907 2629 4960 dierum
2660 4905 2936 4969 discurrit,
2968 4914 3021 4959 et
3048 4904 3318 4975 significat
3346 4904 3750 4960 Testamentum

2166 4998 2379 5053 Domini
2405 5013 2578 5067 usque
2609 4996 2675 5050 ad
2705 4997 3228 5052 consummationem
3270 4996 3451 5051 saeculi
3499 4996 3554 5051 in
3576 4995 3751 5067 genti-

2164 5091 2267 5146 bus
2297 5106 2733 5161 permansurum.

2243 5199 2261 5231 ι
2294 5181 2361 5234 Et
2394 5188 2827 5235 convocaverunt
2867 5179 3195 5235 Philistbiim
3235 5178 3544 5235 sacerdotes
3575 5186 3630 5232 et
3671 5176 3751 5231 di-

2172 5290 2190 5324 ι
2222 5270 2397 5335 vinos,
2423 5272 2666 5327 dicentes
2692 5290 2705 5326 :
2736 5271 2876 5339 Quid
2915 5272 3179 5328 faciemus
3199 5273 3264 5328 de
3299 5287 3424 5325 arca
3450 5268 3579 5323 Dei?
3608 5267 3751 5323 indi-

2171 5382 2189 5416 ‹
2226 5372 2347 5419 cate
2400 5365 2555 5420 nobis
2607 5367 2879 5436 quomodo
2925 5368 3261 5421 remittemus
3295 5378 3412 5417 eam
3468 5364 3522 5416 in
3573 5363 3747 5418 locum

2173 5474 2192 5508 ι
2231 5458 2424 5511 suum?
2446 5457 2545 5524 Qui
2572 5458 2857 5512 dixerunt:
2879 5456 2937 5511 Si
2956 5457 3229 5512 remittitis
3251 5470 3431 5509 arcam
3452 5454 3545 5509 Dei
3565 5455 3745 5522 Israel,

2174 5565 2192 5600 ι
2229 5548 2394 5603 nolite
2416 5549 2691 5602 dimittere
2711 5564 2829 5601 eam
2856 5564 3102 5611 vacuam,
3132 5548 3223 5601 sed
3248 5546 3387 5615 quod
3410 5548 3614 5603 debetis
3636 5550 3748 5603 red-

2174 5656 2193 5687 ‹
2232 5638 2342 5691 dite
2368 5639 2415 5690 ei
2443 5654 2539 5705 pro
2562 5645 2805 5705 peccato,
2855 5647 2907 5692 et
2941 5648 3068 5692 tunc
3090 5638 3427 5703 curabimini,
3468 5648 3523 5694 et
3564 5641 3747 5695 scietis

2174 5744 2192 5777 ι
2228 5740 2397 5795 quare
2425 5743 2532 5780 non
2581 5728 2797 5783 recedat
2822 5744 3015 5782 manus
3042 5727 3157 5798 ejus
3199 5745 3227 5783 a
3254 5728 3428 5784 vobis.
3458 5730 3558 5797 Qui
3598 5731 3749 5785 dixe-

2176 5835 2195 5871 ‹
2234 5816 2556 5889 runtzQuid
2601 5826 2685 5875 est
2728 5817 2869 5891 quod
2911 5835 3011 5891 pro
3059 5819 3256 5879 delicto
3301 5822 3523 5881 reddere
3550 5822 3746 5880 debea-
