4074 6476
300 442 374 499 99
1123 428 1475 489 ΟΟΜΜΕΝΤ.
1516 428 1583 484 IN
1618 427 1865 487 LIBROS
1900 429 1970 489 IV
2008 428 2271 490 REGUM.
2309 456 2383 477 ·-·-
2413 430 2484 490 IN
2519 431 2654 490 LIB.
2688 434 2731 490 I.
3488 434 3558 499 δῦ

305 577 326 612 ι
360 571 483 614 mus
532 553 618 609 ei?
662 551 1175 623 Responderuntque
1222 550 1301 605 eis
1336 567 1348 604 :
1382 546 1543 605 Juxta
1594 561 1879 603 numerum
1903 546 1958 607 Α
2058 564 2077 596 σ
2112 544 2320 601 Interea
2345 546 2615 605 Palaestini
2640 548 2898 606 facientes
2923 551 3219 621 plaustrum
3247 566 3472 624 novum,
3502 559 3557 614 in

305 667 326 702 ι
356 644 757 719 provinciarum
786 639 1113 697 Philisthiim
1143 639 1382 711 quinque
1411 653 1545 695 auos
1566 652 1761 693 aureos
1796 636 1877 691 fa-

305 757 326 797 t
360 737 535 802 cietis,
575 741 629 789 et
675 732 911 805 quinque
946 744 1131 789 mures
1158 746 1371 797 aureos,
1416 731 1542 800 quia
1571 730 1727 803 plaga
1768 742 1877 784 una

304 849 325 887 ι
362 829 464 885 fuit
487 826 737 889 omnibus
758 823 909 883 vobis
932 832 985 881 et
1020 825 1253 894 satrapis
1291 824 1507 881 vestris.
1540 822 1878 892 Facietisque

305 940 325 981 ι
359 918 739 977 similitudines
777 931 1002 972 auorum
1048 926 1372 982 vestrorum,
1404 923 1457 972 et
1502 915 1879 975 similitudines

305 1031 324 1065 ι
361 1011 595 1066 murium
624 1009 715 1080 qui
755 1008 996 1065 demoliti
1045 1016 1166 1064 sunt
1197 1016 1417 1071 terram,
1448 1015 1503 1062 ot
1546 1007 1742 1061 dabitis
1768 1006 1877 1061 Deo

303 1121 322 1157 ι
361 1100 523 1156 Israel
554 1099 779 1171 gloriam
807 1100 851 1154 si
896 1098 1036 1159 forte
1060 1100 1234 1157 elevet
1277 1115 1493 1157 manum
1540 1114 1691 1153 suam
1730 1114 1761 1153 a
1789 1114 1879 1153 vo-

301 1211 322 1246 t
359 1194 463 1256 bis,
511 1201 568 1247 et
612 1207 642 1247 a
677 1191 781 1247 diis
814 1192 1029 1256 vestris,
1074 1200 1129 1247 et
1181 1206 1211 1253 a
1268 1200 1413 1247 terra
1464 1200 1669 1256 vestra,
1713 1210 1732 1243 ι
1768 1199 1871 1244 etc.

295 1284 545 1355 Quinque
568 1283 656 1339 ani
681 1283 831 1338 aurei
856 1290 911 1338 et
941 1284 1178 1352 quinque
1222 1299 1404 1338 mures
1431 1282 1681 1341 similiter
1704 1282 1874 1348 aurei,

295 1389 431 1451 quos
470 1373 711 1429 fecerunt
737 1371 1028 1431 Philisthtei
1053 1384 1173 1445 post
1202 1374 1417 1447 plagam
1444 1390 1605 1446 quam
1634 1374 1877 1445 perpessi

294 1469 440 1526 sunt,
496 1468 551 1515 et
603 1459 899 1519 attulerunt
943 1463 1011 1515 ad
1057 1478 1241 1518 arcam
1298 1463 1531 1528 Domini,
1572 1464 1878 1534 signiﬁcant

292 1552 437 1621 quod
466 1551 684 1623 quidam
708 1552 956 1607 carnales
978 1553 1216 1623 quinque
1242 1556 1488 1626 corporis
1516 1555 1761 1617 sensibus
1782 1557 1877 1612 de-

292 1641 415 1705 diti,
445 1649 499 1696 et
534 1640 818 1696 illecebras
858 1642 1193 1712 voluptatum
1250 1654 1556 1714 sequentes,
1604 1661 1725 1700 cum
1759 1662 1877 1701 cor-

292 1733 433 1802 repti
478 1732 680 1795 fuerint
730 1750 760 1788 a
797 1733 1043 1800 Domino,
1083 1736 1286 1793 scelera
1339 1752 1435 1791 sua
1467 1745 1873 1809 cognoscentes,

290 1823 438 1894 ipsas
459 1823 644 1894 plagas
684 1824 828 1897 justc
858 1841 916 1881 se
941 1828 1146 1899 perpeti
1187 1818 1220 1880 5
1253 1827 1480 1883 Domino
1528 1828 1873 1893 conﬁtentur,

1984 652 2006 693 ι
2038 650 2144 705 quo
2175 647 2473 706 posuerunt
2506 653 2712 705 arcam,
2735 641 2960 711 etjuxta
2985 659 3107 698 eam
3147 645 3438 717 capsellam
3463 648 3561 703 ba-

1983 744 2002 778 (
2042 728 2254 783 bentem
2294 743 2427 784 auos
2467 738 2523 786 et
2570 745 2752 787 mures
2792 748 3007 799 aureos,
3040 751 3179 805 quos
3206 738 3561 797 exsolvebant

1984 836 2002 869 ι
2039 835 2140 893 pro
2183 819 2397 887 delicto,
2426 820 2849 888 collocaverunt,
2880 823 3234 897 adjungentes
3269 828 3405 883 duas
3433 843 3561 884 vac-

1983 933 2002 969 ι
2041 931 2134 977 cas
2161 914 2317 983 fetas,
2346 916 2541 987 quibus
2589 931 2699 973 non
2746 925 2865 977 erat
2915 920 3225 989 impositum
3271 921 3480 994 iugum,
3506 931 3566 979 et

1983 1024 2003 1059 ι
2039 1007 2236 1067 vitulos
2272 1024 2457 1063 earum
2488 1008 2868 1069 concluserunt
2905 1010 3072 1075 domi,
3113 1032 3134 1066 ι
3170 1021 3231 1068 ut
3268 1015 3563 1082 probarent

1977 1098 2117 1155 unde
2144 1100 2223 1154 eis
2246 1099 2403 1171 plaga
2425 1102 2684 1168 venisset,
2705 1110 2812 1159 etc.
2844 1101 2954 1171 (Ea:
2974 1102 3231 1173 Isidoro.)
3257 1103 3445 1161 Vacca!
3469 1122 3564 1160 au-

1977 1199 2089 1249 tem
2116 1193 2219 1249 illre
2239 1193 2646 1264 Allophylorum
2680 1209 2862 1253 arcam
2890 1204 3167 1266 gestantes
3186 1196 3419 1267 figurant
3442 1211 3564 1252 san-

1977 1293 2185 1339 ctorum
2242 1286 2672 1339 reuuntiantium
2732 1285 2928 1343 saeculo
2974 1285 3415 1356 designaverunt,
3469 1287 3564 1355 qui

1977 1376 2181 1433 nullum
2219 1376 2397 1433 delicti
2413 1375 2606 1447 iugum
2636 1384 2938 1435 traxerunt.
2964 1376 3100 1433 Nam
3151 1378 3293 1432 sicut
3331 1375 3435 1431 illa:
3484 1377 3568 1446 pi-

1977 1483 2205 1539 gnorum
2239 1468 2519 1523 affectibus
2562 1483 2591 1521 a
2648 1476 2797 1523 recto
2828 1467 3025 1525 itinere
3057 1467 3281 1523 minimc
3311 1466 3568 1537 digressae

1977 1568 2122 1627 sunt.
2154 1561 2229 1619 ita
2280 1561 2453 1619 sancti
2504 1561 2705 1616 mundo
2752 1560 3127 1616 renuntiantes
3165 1559 3428 1629 parentali
3471 1558 3570 1613 ob-

1977 1661 2131 1713 tentu
2164 1668 2271 1708 non
2301 1653 2499 1713 debent
2525 1669 2557 1707 a
2596 1653 2737 1709 bono
2762 1652 3047 1722 praepediri
3090 1652 3389 1721 proposito,
3427 1652 3569 1705 sicut

1978 1742 2191 1816 Moyses
2221 1743 2295 1798 ait
2329 1761 2342 1798 :
2373 1761 2392 1795 ι
2431 1742 2531 1810 Qui
2556 1742 2744 1797 dicunt
2782 1742 2923 1811 patri
2945 1756 3043 1797 suo
3062 1748 3117 1797 et
3141 1741 3300 1797 matri
3334 1758 3347 1794 :
3373 1738 3569 1795 Nescio

1978 1850 2097 1900 vos,
2128 1842 2183 1889 et
2211 1833 2470 1889 fratribus
2512 1833 2623 1887 suis
2656 1851 2668 1886 :
2697 1832 2890 1903 Ignoro
2916 1847 3035 1896 vos,
3075 1839 3131 1886 et
3158 1830 3472 1886 nescierunt
3501 1829 3567 1884 fi-

289 1924 343 1968 et
370 1915 496 1970 licet
514 1916 707 1981 coacti,
737 1918 977 1977 studium
996 1919 1123 1977 vita:
1160 1934 1271 1975 sua:
1317 1919 1635 1975 mclioraudi
1667 1920 1874 1990 impen-
1900 1904 1948 1965 B
1976 1925 2077 1979 lios
2101 1940 2248 1988 suos,
2274 1924 2330 1978 hi
2358 1923 2733 1983 custodierunt
2764 1918 3150 1979 testamentum
3179 1921 3295 1986 Dei,
3337 1928 3394 1975 et
3433 1935 3569 1989 prm-

288 2005 443 2061 dunt.
473 2007 626 2075 Quod
650 2009 788 2069 bene
840 2010 1149 2082 signiﬁcant
1177 2012 1413 2082 quinque
1459 2011 1706 2071 civitates
1747 2012 1873 2068 Phi-

288 2096 653 2164 listhinorum,
699 2100 754 2161 id
797 2111 904 2165 est,
944 2101 1165 2166 Azotus,
1213 2102 1379 2168 Gaza,
1423 2102 1678 2169 Ascalon,
1710 2102 1867 2166 Geth,

284 2188 561 2257 Accaron,
602 2190 996 2249 illos‘videlicet
1042 2192 1406 2263 exprimentes
1444 2194 1538 2264 qui
1588 2194 1874 2248 exterioris

284 2279 525 2341 hominis
553 2289 707 2343 actus
738 2293 1058 2355 sequuntur.
1093 2281 1200 2354 (Ex
1232 2282 1597 2355 Hieronymo.)
1626 2281 1771 2340 Gaza
1798 2284 1875 2338 ci-

283 2375 428 2433 vitas
463 2383 547 2431 est
575 2376 881 2443 Evaeorum,
912 2376 967 2431 in
1016 2390 1123 2446 qua
1158 2375 1471 2433 habitavere
1503 2374 1867 2446 Cappadoces,

281 2468 535 2537 pristinis
580 2468 880 2529 cultoribus
926 2468 1247 2525 interfectis.
1297 2468 1453 2539 Apud
1496 2477 1707 2523 veteres
1755 2474 1875 2522 erat

283 2557 551 2617 terminus
594 2556 1021 2615 Cbananaaorum
1044 2559 1200 2628 juxta
1229 2556 1542 2631 Egyptum,
1573 2557 1873 2627 ceciditque

284 2646 345 2703 in
368 2656 571 2707 sortem
614 2648 789 2707 tribus
811 2646 982 2712 Iudae.
1018 2648 1115 2709 sed
1145 2662 1264 2711 eam
1311 2657 1496 2705 tenere
1540 2662 1647 2702 non
1676 2648 1870 2718 potuit,

282 2742 411 2812 quia
438 2740 721 2807 Eaachim,
753 2743 806 2801 id
851 2756 956 2807 est,
1000 2742 1247 2814 gigantes
1290 2742 1725 2814 Allophylorum,
1754 2742 1871 2798 for—

284 2835 497 2893 tissime
523 2837 861 2897 restiterunt.
888 2835 957 2891 Et
981 2844 1065 2897 est
1089 2851 1260 2907 usque
1302 2837 1461 2892 hodie
1488 2837 1716 2908 insignis
1744 2837 1874 2893 civi-

284 2938 369 2991 tas
400 2930 717 2993 Palaestinas.
744 2931 1016 3001 Quaeritur
1035 2939 1218 2989 autem
1261 2932 1533 3000 quomodo
1559 2931 1615 2987 in
1636 2932 1872 3000 quodam

279 3019 546 3089 propheta
572 3019 759 3093 (Soph.
791 3020 855 3092 ιι)
884 3020 1098 3077 dicatur
1122 3020 1267 3077 Gaza
1315 3020 1498 3077 futura
1529 3022 1583 3077 in
1607 3021 1873 3076 tumulum

281 3109 709 3178 sempiternum?
759 3110 916 3180 Quod
958 3110 1185 3169 solvitur
1210 3110 1306 3176 ita,
1363 3110 1603 3180 antiquae
1638 3111 1875 3166 civitatis

280 3199 463 3257 locum
510 3200 602 3261 vix
654 3199 1126 3259 fundamentorum
1170 3202 1413 3272 praebere
1450 3201 1707 3272 vestigia;
1760 3202 1876 3256 haec

281 3297 486 3355 autem,
508 3305 630 3360 quae
655 3305 800 3347 nunc
833 3290 1092 3355 cernitur,
1127 3290 1182 3344 in
1213 3289 1319 3344 alio
1353 3289 1472 3345 loco
1502 3305 1601 3359 pro
1629 3290 1719 3344 illa
1746 3290 1875 3345 tedi-

279 3379 467 3435 ficata.
503 3379 738 3439 Ascalon
781 3387 961 3433 autem
1008 3381 1141 3434 urbs
1188 3387 1273 3435 est
1318 3380 1512 3435 nobilis
1548 3380 1871 3446 Palaestinae,

280 3471 417 3541 Qua:
439 3478 494 3525 et
524 3470 640 3539 ipsa
667 3470 967 3539 antiquitus
991 3485 1096 3525 una
1132 3468 1234 3525 fuit
1270 3471 1336 3525 de
1366 3470 1605 3541 quinque
1628 3470 1877 3540 satrapiis

279 3560 711 3632 Allophylorum,
742 3569 993 3632 separata
1016 3556 1235 3638 quidem
1270 3570 1327 3617 et
1363 3576 1462 3635 per
1485 3570 1687 3621 sortem
1714 3561 1877 3617 tribui

281 3649 435 3705 ludat
461 3650 699 3721 decreta,
728 3667 829 3715 nec
851 3660 1031 3713 tamen
1060 3660 1271 3713 retenta
1299 3652 1366 3708 ab
1390 3668 1474 3717 ea,
1502 3654 1630 3727 quia
1661 3654 1873 3715 habita-

283 3749 431 3796 tores
466 3742 582 3811 ejus
628 3757 883 3814 superare
913 3758 1022 3803 non
1067 3744 1260 3812 potuit.
1292 3744 1453 3808 Geth,
1485 3744 1554 3798 ad
1593 3758 1754 3816 quem
1791 3744 1873 3799 lo-

284 3848 411 3889 cum
436 3835 828 3890 transtulerunt
854 3850 1038 3891 arcam
1075 3837 1383 3897 testamenti
1420 3836 1486 3890 de
1505 3836 1699 3903 Aeeto,
1730 3852 1875 3892 nunc

284 3924 437 3980 vicus
484 3926 724 3995 grandis,
777 3935 1004 3987 vocatur
1054 3926 1354 3985 Gecbtbam
1386 3928 1529 3983 inter
1576 3928 1875 3999 Antipatri-

284 4017 406 4073 dem
436 4026 491 4073 et
514 4014 803 4075 Iamniam.
829 4016 936 4073 Sed
959 4026 1012 4074 et
1034 4018 1139 4072 alia
1161 4019 1285 4075 villa
1306 4018 1605 4095 appellatur
1624 4017 1870 4074 Gechiln.

284 4106 531 4167 Accaron
561 4109 615 4163 in
649 4109 791 4167 tribu
820 4116 904 4163 cst
950 4108 1086 4175 Dan,
1120 4110 1234 4164 sive
1263 4108 1346 4181 (ut
1384 4125 1484 4180 ego
1533 4108 1788 4181 arbitror)
1818 4110 1873 4165 in

188 4248 195 4255 ,
285 4199 430 4255 tribu
470 4197 620 4261 Iuda:
655 4198 725 4255 ad
769 4197 955 4257 lavam
999 4197 1446 4263 Chananteorum,
1493 4199 1622 4253 urbs
1669 4215 1774 4253 una
1807 4199 1874 4261 de

285 4288 526 4359 quinque
549 4287 675 4341 olim
699 4288 950 4365 satrapiis
976 4286 1293 4354 Palaestinae,
1319 4298 1374 4343 et
1393 4290 1613 4345 decreta
1641 4297 1725 4344 est
1748 4289 1873 4363 qui-

286 4379 408 4433 dem
437 4379 597 4432 tribui
617 4378 792 4444 Judae,
808 4396 907 4433 nec
937 4389 1114 4433 tamen
1143 4389 1289 4433 tenta
1309 4382 1376 4433 ab
1398 4396 1486 4444 ea,
1508 4383 1634 4450 quia
1656 4381 1870 4436 habita-

284 4474 435 4521 tores
466 4467 723 4536 pristinos
752 4467 997 4536 nequivit
1025 4468 1312 4538 expellere.
1349 4467 1456 4522 Sed
1487 4476 1542 4521 et
1573 4482 1743 4537 usque
1774 4468 1869 4521 ho-

282 4560 372 4616 die
400 4560 618 4631 grandis
648 4561 798 4619 vicus
844 4561 1043 4617 civium
1070 4561 1378 4623 Iudaeorum
1400 4564 1645 4621 Accaron
1669 4563 1869 4627 dicitur

282 4653 426 4708 inter
453 4652 685 4708 Asotum
717 4662 773 4713 et
815 4652 1086 4715 Iamuiam
1125 4657 1194 4715 ad
1232 4657 1499 4715 orientem
1546 4658 1860 4728 respiciens.

281 4744 512 4812 Quidam
561 4752 752 4814 putant
803 4743 1048 4801 Accaron
1098 4756 1302 4802 turrem
1331 4747 1638 4818 Stratonis,
1675 4761 1864 4821 postea

281 4833 582 4888 Ctesareain
621 4844 1005 4905 nuncupatam.
1059 4835 1261 4892 Azotus
1298 4838 1381 4909 (ut
1427 4840 1673 4908 superius
1725 4841 1862 4894 dixi-

280 4925 431 4994 mus)
460 4925 848 4997 interpretatur
890 4926 1025 5003 ignis
1064 4928 1229 4998 patris
1278 4929 1379 4981 mei
1425 4929 1509 4983 vel
1538 4930 1858 4985 incendium.

280 5015 425 5069 Gaza
458 5016 847 5086 interpretatur
885 5015 1160 5084 fortitudo.
1183 5014 1435 5082 Ascalon,
1458 5018 1592 5088 ignis
1620 5019 1856 5090 infamis,

282 5115 376 5160 aut
399 5107 532 5178 ignis
560 5105 825 5177 ignobilis.
853 5106 991 5161 Geth
1011 5148 1026 5173 ,
1063 5107 1316 5162 torcular.
1357 5108 1603 5164 Accaron
1648 5124 1861 5181 quoque

279 5195 669 5266 interpretatur
689 5196 915 5255 eruditio
945 5198 1171 5252 tristitia:
1202 5198 1285 5253 vel
1318 5198 1629 5254 sterilitatis.
1672 5198 1860 5256 Omnis

279 5288 422 5343 enim
451 5287 893 5358 concupiscentia
924 5287 1138 5344 infamis
1167 5297 1329 5361 atque
1353 5291 1601 5363 ignobilis
1627 5308 1723 5363 per
1744 5294 1859 5347 dia-

276 5379 459 5436 bolum
490 5380 838 5446 inflammata,
867 5389 1029 5452 atque
1064 5398 1161 5455 per
1184 5386 1485 5439 contrarias
1514 5384 1859 5443 fortitudines

277 5472 554 5543 instigata,
582 5480 637 5526 et
668 5472 819 5541 quasi
867 5488 963 5543 per
1023 5472 1256 5528 torcular
1282 5475 1539 5544 nequitim
1577 5491 1854 5546 expressa,

277 5563 463 5617 vinum
519 5561 795 5633 profundit
845 5564 1220 5619 amaritudinis
1275 5564 1331 5619 in
1389 5565 1636 5621 doctrina
1692 5583 1856 5639 prava

277 5660 332 5705 et
354 5652 409 5705 in
438 5652 753 5729 operatione
777 5667 1051 5724 perversa.
1086 5652 1239 5708 Unde
1267 5671 1486 5711 necesse
1520 5664 1604 5710 est
1646 5665 1706 5709 ut
1742 5665 1859 5711 ten-

278 5742 374 5799 dat
398 5744 467 5801 ad
493 5753 745 5817 mortem.
766 5746 857 5815 ubi
877 5756 961 5805 est
983 5747 1202 5807 triStitia
1223 5764 1349 5804 vera
1378 5757 1433 5805 et
1456 5748 1709 5806 sterilitas
1734 5765 1858 5835 per-

1973 2025 2126 2091 cepta
2171 2016 2289 2086 ejus
2343 2022 2698 2071 servaverunt
2731 2032 2743 2065 :
2773 2012 2985 2069 Iudicia
3027 2020 3140 2076 tua,
3176 2009 3362 2077 Iacob,
3393 2021 3447 2067 et
3493 2011 3571 2066 le-

1974 2121 2091 2176 gem
2137 2116 2306 2168 tuam,
2337 2104 2502 2159 Israel
2549 2103 2728 2175 (Deut.
2774 2102 2991 2171 xxxut).
3033 2122 3051 2154 ι
3087 2102 3178 2155 Ille
3225 2102 3372 2156 enim
3425 2102 3569 2157 scire

1972 2195 2144 2251 Deum
2165 2195 2484 2250 familiarius
2511 2195 2734 2263 appetit,
2759 2194 2851 2262 qui
2878 2208 2991 2264 prie
3018 2208 3204 2249 amore
3232 2194 3452 2263 pietatis
3478 2208 3570 2249 ne-

1975 2288 2118 2347 scire
2148 2289 2423 2345 desiderat
2450 2287 2812 2356 quodcunque
2837 2286 3130 2345 carnaliter
3155 2286 3352 2343 sciunt.

2052 2397 2070 2433 ι
2100 2378 2256 2434 Ibant
2286 2386 2488 2443 autem,
2515 2377 2713 2446 inquit,
2740 2378 2796 2439 in
2819 2376 3084 2435 directum
3105 2391 3285 2432 vaccae
3305 2392 3405 2448 per
3425 2378 3570 2433 viam

1980 2489 1999 2523 ι
2031 2487 2154 2540 quae
2203 2471 2353 2529 ducit
2394 2471 2749 2537 Betbsames,
2801 2493 2820 2527 ι
2867 2481 2972 2529 etc.
3024 2473 3146 2543 (Ea:
3187 2474 3569 2547 Hieronymo.)

1974 2560 2280 2625 Bethsamis
2302 2562 2493 2618 civitas
2522 2570 2605 2617 est
2633 2562 2986 2620 sacerdotalis
3011 2564 3066 2618 in
3095 2565 3238 2620 tribu
3266 2564 3568 2633 Beniamin,

1975 2669 2095 2724 quae
2141 2669 2314 2725 usque
2362 2654 2524 2711 hodie
2574 2656 2977 2713 demonstratur
3031 2658 3099 2712 de
3158 2655 3564 2727 Eleutheropeli

1973 2743 2324 2817 pergentibus
2346 2743 2669 2814 Nicopolim,
2727 2745 2783 2802 in
2840 2745 3051 2811 decimo
3080 2746 3335 2803 milliario
3379 2753 3571 2801 contra

1974 2834 2295 2889 orientalem
2324 2834 2560 2906 plagam.
2591 2835 2901 2893 Bethsamis
2928 2835 3097 2895 altera
3134 2836 3190 2890 in
3219 2834 3362 2890 tribu
3391 2834 3573 2906 Neph-

1977 2924 2190 2993 thalim.
2250 2925 2303 2981 in
2356 2939 2463 2995 qua
2504 2933 2561 2981 et
2612 2926 2716 2995 ipsi
2770 2925 3010 2983 cultores
3058 2926 3272 2997 pristini
3321 2938 3568 2998 perinan-

1977 3028 2117 3077 sere.

2054 3122 2072 3157 ‹
2105 3104 2176 3164 Et
2200 3104 2397 3167 itinere
2444 3119 2557 3161 uno
2601 3105 2990 3176 gradiebantur
3025 3114 3314 3178 pergentes
3349 3113 3406 3167 et
3452 3116 3573 3161 tnu-

1984 3214 2003 3247 ι
2039 3195 2268 3266 gientcs,
2300 3203 2353 3255 et
2375 3212 2483 3253 non
2513 3196 2860 3255 declinabant
2878 3214 3057 3268 neque
3082 3200 3153 3256 ad
3171 3199 3451 3257 dexteram
3474 3213 3571 3256 ne-

1986 3306 2007 3340 ‹
2044 3303 2149 3357 que
2175 3288 2240 3342 ad
2271 3287 2570 3354 sinistram,
2609 3308 2628 3342 ι
2664 3296 2771 3345 etc.
2805 3289 2951 3347 Bene
3004 3290 3138 3347 dicit
3186 3291 3330 3361 quod
3374 3291 3572 3348 itinere
3657 3336 3665 3342 .

1979 3395 2089 3435 uno
2126 3380 2512 3451 gradiebantur
2538 3380 2867 3447 Bcthsamis,
2897 3382 3001 3437 hoc
3037 3390 3144 3448 est,
3174 3382 3319 3437 viam
3365 3382 3571 3452 regiam

1980 3470 2295 3529 incedentes
2324 3469 2380 3525 in
2407 3470 2628 3527 domum
2656 3470 2809 3538 solis,
2840 3471 2894 3526 in
2927 3471 3104 3529 locum
3144 3471 3572 3541 videlieetjustt-

1979 3560 2071 3617 tite
2094 3567 2150 3619 et
2193 3560 2459 3619 veritatis.
2494 3560 2808 3621 Bethsamis
2845 3563 2991 3621 enim
3038 3564 3429 3634 interpretatur
3477 3565 3573 3620 do-

1978 3666 2096 3707 mus
2124 3650 2274 3716 solis,
2298 3660 2353 3707 et
2375 3651 2644 3723 signiﬁcat
2679 3652 2958 3715 caelestem
2986 3652 3308 3715 Jerusalem.
3344 3656 3436 3710 ubi
3477 3654 3573 3712 Sol

1970 3739 2196 3811 justitia:
2250 3757 2463 3812 semper
2517 3742 2681 3803 lucet.
2712 3762 2729 3795 ι
2762 3742 2915 3801 Ibant
2967 3752 3151 3801 autem
3200 3746 3257 3801 in
3302 3746 3571 3803 directum

1978 3847 2178 3897 vaccae,
2202 3843 2256 3889 et
2292 3848 2404 3888 non
2433 3833 2779 3895 declinabant
2798 3848 2977 3904 neque
3003 3836 3070 3891 ad
3090 3836 3371 3893 dexteram
3394 3853 3573 3910 neque

1978 3922 2045 3977 ad
2092 3923 2392 3987 sinistram,
2434 3942 2451 3975 ι
2485 3931 2588 3979 etc.
2618 3922 2677 3983 Id
2726 3930 2832 3991 est,
2872 3938 2981 3985 non
3026 3924 3422 3987 extollebantur
3446 3942 3572 3998 pro-

1978 4012 2171 4083 speris,
2193 4028 2369 4081 neque
2395 4011 2787 4083 frangebantur
2810 4014 3073 4081 adversis.
3098 4014 3249 4072 Unde
3269 4016 3400 4071 dicit
3422 4018 3567 4087 Apo-

1978 4103 2189 4158 stolus:
2223 4122 2241 4155 ι
2277 4102 2382 4161 Per
2416 4118 2569 4165 arma
2589 4104 2815 4173 iustitia:
2849 4119 2881 4159 a
2911 4104 3121 4167 dextris
3145 4114 3202 4163 et
3232 4123 3263 4162 a
3310 4108 3566 4176 sinistris,

1976 4211 2073 4273 per
2092 4195 2321 4267 gloriam
2352 4202 2405 4247 et
2431 4196 2845 4267 ignobilitatem,
2862 4211 2959 4267 per
2983 4197 3263 4259 infamiam
3290 4209 3346 4256 et
3370 4200 3567 4257 bonam

1975 4284 2200 4350 famam,
2224 4294 2283 4339 ut
2314 4284 2628 4339 seductorcs
2650 4292 2704 4343 et
2722 4300 2967 4353 veraces,
3004 4306 3024 4339 ι
3050 4296 3157 4349 etc.
3197 4289 3280 4361 (Il
3311 4289 3432 4345 Cor.
3464 4290 3565 4361 vl.)

1977 4372 2085 4445 (Ex
2114 4371 2409 4445 Gregorio.)
2431 4372 2488 4427 Si
2512 4374 2675 4442 igitur
2695 4374 2763 4429 ad
2787 4375 2975 4437 aeterni
3002 4375 3144 4431 Solis
3174 4377 3563 4443 habitationem

1976 4466 2269 4533 tendimus,
2313 4467 2536 4537 dignum
2566 4466 2816 4536 profecto
2839 4477 2922 4527 est
2947 4477 3009 4527 ut
3035 4469 3104 4525 de
3132 4471 3228 4526 Dei
3259 4472 3450 4527 itinere
3465 4487 3565 4541 pro

1975 4556 2284 4612 carnalibus
2337 4555 2620 4613 affectibus
2670 4571 2780 4611 non
2834 4557 3183 4619 declinemus.
3240 4558 3375 4614 Tota
3419 4562 3561 4619 enim

1971 4648 2170 4703 virtute
2196 4646 2536 4719 pensandum
2562 4655 2645 4701 est
2662 4647 2808 4718 quod
2830 4663 3007 4707 vacca:
3030 4647 3128 4703 Dei
3157 4648 3403 4720 plaustro
3429 4665 3560 4721 sup-

1971 4741 2160 4810 positae
2186 4748 2420 4810 pergunt
2448 4747 2502 4793 et
2536 4746 2777 4809 gemunt,
2802 4739 2933 4793 dant
2962 4741 3030 4795 ab
3052 4741 3257 4798 intimis
3300 4743 3557 4814 mugitus,

1970 4840 2026 4887 et
2060 4840 2240 4886 tamen
2292 4832 2358 4885 de
2388 4831 2584 4886 itinere
2622 4845 2730 4884 non
2778 4829 3061 4896 reﬂectunt
3110 4848 3346 4902 gressus.
3389 4833 3558 4888 Amo-

1971 4937 2088 4977 rem
2116 4921 2332 4991 quidem
2378 4935 2478 4991 per
2528 4921 2959 4991 compassiunem
2990 4922 3368 4985 sentiunt,sed
3421 4921 3557 4977 colla

1969 5012 2241 5085 posterius
2270 5027 2377 5067 non
2411 5008 2723 5071 deflectunt.
2754 5011 2847 5067 Sic
2890 5012 3148 5073 nimirum
3175 5013 3557 5081 praedicatores

1969 5106 2083 5169 Dei,
2112 5104 2191 5159 sic
2210 5102 2394 5159 ﬁdeles
2415 5102 2616 5172 quique
2645 5116 2768 5159 esse
2793 5102 2937 5157 intra
2964 5110 3206 5161 sanctam
3256 5102 3556 5163 Ecclesium

1968 5196 2185 5262 debent,
2212 5202 2269 5249 ut
2295 5204 2349 5249 ct
2370 5194 2770 5264 compatiuntur
2789 5193 3054 5263 proximis
3086 5208 3183 5262 per
3210 5195 3552 5261 charitatetn,

1966 5294 2021 5339 et
2048 5295 2226 5340 tamen
2264 5286 2330 5341 de
2360 5285 2445 5340 via
2477 5284 2576 5343 Dei
2608 5299 2714 5338 non
2750 5283 3058 5345 esorbitent,
3080 5299 3177 5353 per
3220 5287 3553 5356 compassio-

1964 5392 2107 5431 nem.
2124 5374 2323 5430 Arcam
2349 5375 2547 5451 quippe
2566 5372 2964 5445 superpositam
2979 5372 3281 5437 Bcthsamis
3301 5392 3555 5449 pergere,

1963 5477 2046 5525 est
2074 5485 2196 5524 cum
2222 5483 2453 5540 superna
2475 5467 2701 5524 scientia
2732 5467 2799 5523 ad
2828 5467 3055 5529 internae
3098 5469 3234 5533 lucis
3262 5471 3548 5529 habiiacu-

1957 5561 2071 5616 lum
2100 5563 2484 5633 propinquare.
2540 5559 2645 5613 Sed
2678 5568 2806 5619 tunc
2860 5576 2985 5616 vere
3013 5561 3318 5623 Bethsamis
3368 5566 3535 5625 tendi-

1959 5670 2099 5717 mus,
2134 5670 2258 5708 cum
2283 5654 2367 5706 via
2398 5651 2739 5707 rectitudinis
2760 5653 3070 5725 gradientes
3103 5655 3171 5715 ad
3199 5655 3375 5710 vicina
3395 5672 3547 5715 erro-

1960 5746 2037 5801 ris
2066 5747 2231 5799 latera
2260 5759 2358 5815 pro
2391 5743 2582 5799 affectu
2605 5744 2890 5821 pignorum
2914 5762 3024 5813 non
3067 5746 3422 5813 declinamus.
3451 5748 3544 5805 Sic

1961 5851 2198 5913 namque
2230 5850 2375 5893 nunc
2398 5852 2619 5907 necesse
2650 5847 2738 5901 est
2780 5846 2839 5907 ut
2878 5837 3129 5915 incedere
3170 5840 3421 5915 debeas;
3447 5839 3541 5923 qui
