4074 6462
522 403 610 458 £3!

1204 406 1267 463 Β.
1304 396 1561 466 [imm
1598 410 1819 472 MAURI
1856 408 2174 473 ARCHIEP.
2217 419 2523 479 MOGUNT.
2565 426 2848 484 OPERUM
2886 430 3066 487 PARS
3105 434 3146 488 ι.
3734 445 3809 499 ss

522 524 729 576 πεπονώ
748 521 894 594 legis
915 522 1047 594 jugo
1074 518 1339 614 suppositi
1359 526 1479 598 ‘ja‘m
1508 542 1606 598 per
1648 531 1915 587 intcrnam
1947 538 2122 592 scien-
2148 540 2197 600 Α
2226 539 2533 608 signiﬁcare
2566 543 2758 599 melius
2784 556 2962 616 potest
2989 565 3151 618 quam
3181 553 3589 613 translationem
3618 560 3808 619 Testa-

518 610 679 668 “tiam
708 612 919 670 Domini
943 630 1125 670 arcam
1149 610 1389 686 portant,
1431 620 1696 690 quatenus
1723 639 1821 694 per
1849 626 1952 684 hoc
1995 647 2123 700 pro-

546 712 870 783 pinquorum
919 715 1331 772 necessitatibus
1377 712 1742 787 oondolentes,
1778 740 1807 780 a
1835 739 2011 798 coepto
2039 746 2123 786 re—

546 804 824 859 ctitudinis
873 804 1067 861 itinere
1113 822 1222 862 non
1251 808 1539 867 declinent.
1582 813 1821 881 Quorum
1866 820 2125 879 nimirum

489 894 491 897 ’
545 895 718 964 gratia
748 903 982 952 mentem
1012 908 1253 955 nostram
1295 911 1479 958 tenere
1520 904 1703 974 debet,
1732 911 1826 965 sed
1849 913 2125 971 rellectere

543 1001 652 1042 non
674 988 855 1056 debet,
904 1006 972 1046 ne
1013 992 1129 1048 haec
1159 996 1349 1051 eadem
1382 1012 1536 1055 mens
1575 1009 1668 1055 aut
1694 1004 1737 1058 si
1766 1004 1961 1061 aﬁ‘cctu
2012 1025 2121 1065 non

542 1074 803 1145 tangitur,
836 1079 968 1133 dura
998 1081 1071 1135 sit
1100 1100 1112 1135 :
1139 1092 1233 1138 aut
1259 1084 1379 1155 plus
1407 1096 1571 1156 tacta,
1601 1092 1647 1146 si
1690 1092 2003 1165 inﬂectitur,
2034 1116 2121 1156 re-

540 1166 724 1222 missa.
758 1168 887 1225 Post
928 1175 1293 1232 reversionem
1321 1195 1463 1237 arcae
1508 1184 1574 1238 de
1617 1194 1761 1242 terra
1795 1188 2122 1249 Philisthiim

540 1259 788 1329 sequitur
810 1259 1090 1333 Scriptura
1117 1268 1306 1326 dicens
1338 1289 1352 1326 :

523 1380 527 1385 ο
614 1370 634 1402 ι
664 1352 729 1407 Hi
758 1364 883 1410 sunt
909 1366 1088 1414 autem
1118 1363 1207 1417 ani
1235 1365 1409 1433 aurei,
1452 1382 1590 1438 quos
1618 1373 1968 1432 reddiderunt
1995 1378 2124 1435 Phi-

541 1458 562 1493 ‹
594 1441 819 1503 listhiim
864 1463 962 1517 pro
997 1450 1192 1507 delicto
1221 1454 1467 1514 Domino.
1506 1460 1711 1518 Azotus
1761 1480 1946 1533 unum,
1975 1467 2117 1524 Gaza

541 1550 562 1584 ι
593 1550 778 1603 unum,
807 1535 1041 1596 Ascalon
1066 1559 1253 1612 unum,
1276 1545 1415 1603 Geth
1439 1565 1626 1618 unum,
1654 1553 1901 1611 Accaron
1928 1574 2116 1627 unum,

539 1642 560 1676 ‹
594 1635 702 1682 etc.
736 1647 754 1680 ι
782 1627 891 1701 (Ea:
916 1630 1186 1700 Hebrum.)
1215 1637 1463 1711 Quinque
1500 1658 1629 1699 anos
1654 1654 1706 1699 et
1734 1648 1972 1718 quinque
2001 1667 2119 1706 mu-

666 1718 750 1772 hae
777 1721 1015 1791 quinque
1043 1725 1293 1784 civitates
1340 1730 1623 1788 dederunt.
1654 1736 1895 1808 Reliquae
1938 1753 2117 1799 autem

530 1805 779 1864 civitates
825 1814 1225 1879 provinciarum
1276 1830 1330 1875 et
1369 1821 1509 1877 villa:
1541 1842 1661 1894 quae
1706 1805 1862 1884 era—nt
1916 1834 2119 1904 absque

533 1908 710 1961 muro,
743 1913 927 1955 mures
945 1909 1157 1959 tantum
1184 1906 1465 1966 dederunt.
1495 1913 1701 1971 idcirco
1731 1918 1930 1975 dicitur
1955 1943 1967 1977 :
2001 1944 2019 1975 ‹
2048 1927 2115 1980 ab

528 1983 666 2040 urbe
710 1999 925 2045 murata
982 2009 1155 2064 usque
1206 1998 1274 2052 ad
1327 2001 1509 2058 villam
1568 2022 1688 2075 quae
1743 2021 1860 2066 erat
1913 2015 2116 2085 absque

531 2090 708 2133 muro.
748 2099 768 2131 ι

601 2167 755 2234 Quod
808 2182 988 2229 autem
1033 2180 1318 2249 sequitur:
1349 2201 1369 2234 ι
1402 2184 1472 2240 Ει
1518 2203 1688 2258 usque
1732 2194 1798 2247 ad
1824 2195 1959 2251 Abel
2003 2216 2118 2253 ma-

534 2274 553 2307 ι
588 2274 772 2328 gnum,
806 2278 969 2333 super
1009 2284 1171 2336 quem
1196 2284 1496 2340 posuerunt
1548 2295 1729 2334 arcam
1777 2284 1891 2337 Dei.
1926 2306 1944 2338 ι
1981 2288 2117 2344 Abel

524 2363 782 2450 magnum
811 2353 1004 2411 civitas
1028 2368 1110 2414 est
1137 2361 1191 2415 in
1223 2367 1454 2421 termino
1483 2368 1665 2424 lsrael.
1697 2373 1831 2429 Abel
1861 2394 2115 2450 magnum

528 2437 736 2495 idcirco
764 2453 1002 2513 vocatur,
1055 2465 1176 2505 cum
1210 2463 1369 2510 antea
1410 2457 1715 2518 Bethsamis
1759 2437 1994 2522 vocitata
2024 2473 2112 2538 sit,

523 2527 641 2619 sive
685 2544 908 2603 propter
958 2538 1164 2597 luctum
1192 2561 1358 2617 super
1391 2550 1525 2606 viris
1569 2553 1993 2617 Bethsamitibus
2041 2527 2115 2619 ibi

522 2617 745 2709 factum,
804 2626 918 2682 sive
962 2642 1186 2701 propter
1231 2637 1636 2698 distinctionem
1692 2648 1929 2706 civitatis
1979 2617 2112 2709 Aliel

523 2707 867 2810 Dethmatha,
918 2718 983 2773 de
1032 2737 1137 2791 qua
1184 2727 1507 2787 exclamavit
1556 2736 1753 2791 mulier
1783 2741 1999 2810 sapiens

523 2797 683 2899 dead:
712 2805 896 2864 dicens
925 2827 939 2862 :
970 2829 990 2862 ‹
1025 2812 1125 2880 Qui
1148 2815 1483 2891 interrogant
1509 2797 1920 2899 interrogent-in
1942 2797 2111 2889 Abela

521 2888 607 2992 (ιι
636 2891 768 2964 Reg.
799 2896 915 2970 xx).
953 2920 973 2953 ι
1003 2900 1094 2958 Sic
1120 2904 1302 2977 itaque
1323 2888 1747 2984 intelligendum
1763 2930 1847 2975 est
1875 2926 2017 2992 quod
2040 2888 2112 2981 ξω

518 2980 655 3035 urbe
683 2996 899 3043 murata
919 3005 1091 3061 usque
1111 2995 1179 3049 ad
1205 2997 1387 3055 villam
1417 2980 1537 3072 qua:
1561 3016 1679 3062 erat
1705 2980 1911 3080 absque
1930 3031 2105 3081 muro,

517 3079 575 3125 et
597 3088 771 3179 usque
814 3079 882 3134 ad
910 3081 1045 3139 Abel
1091 3102 1368 3161 magnum,
1396 3095 1643 3154 dederint
1683 3079 1888 3159 mures.
1934 3079 2111 3179 Super

510 3182 701 3262 quem,
748 3172 804 3228 id
847 3184 949 3243 est,
1001 3195 1163 3251 super
1198 3184 1423 3255 luctum,
1452 3206 1753 3262 posuerunt
1789 3213 1973 3255 arcam
2003 3172 2108 3259 Do-

514 3258 648 3361 mini
676 3276 799 3331 qua:
841 3276 964 3324 erat
1008 3287 1179 3342 usque
1224 3277 1279 3331 in
1324 3278 1470 3335 illam
1501 3284 1646 3339 diem
1688 3287 1745 3342 in
1789 3306 1920 3361 agro
1945 3291 2108 3351 Josue

454 3370 464 3377 ~
510 3348 885 3445 Bothsamitis.
910 3362 1036 3419 Fuit
1079 3366 1244 3438 igitur
1267 3371 1322 3425 in
1353 3388 1483 3445 agro
1519 3377 1664 3434 illius
1693 3348 1866 3437 donec
1912 3348 2111 3442 mica;

517 3441 824 3544 riathiarim
849 3450 1012 3507 ducta
1033 3464 1135 3511 est.
1168 3458 1321 3525 Quod
1346 3441 1549 3520 dictum
1587 3477 1672 3523 est
1697 3470 1765 3526 de
1799 3474 1879 3528 eis
1908 3476 2001 3544 qui
2029 3441 2110 3532 vi-

514 3532 643 3590 dere
671 3552 855 3596 arcam
903 3544 1135 3613 Domini,
1170 3566 1448 3610 reversam
1480 3560 1547 3615 de
1578 3568 1725 3618 terra
1754 3532 2108 3627 Philisihino—

512 3638 653 3724 rain,
684 3630 800 3684 ausi
831 3642 977 3702 sunt,
1002 3653 1127 3692 cum
1154 3655 1263 3697 non
1308 3656 1493 3702 essent
1527 3650 1594 3705 de
1623 3653 1793 3724 stirpe
1816 3656 2057 3716 Levitica
2088 3681 2102 3718 :

516 3732 539 3767 ι
570 3715 640 3771 Et
660 3724 943 3823 percussi-t-
962 3727 1029 3783 de
1054 3732 1252 3800 populo
1280 3740 1621 3810 septuaginta
1656 3715 1821 3813 viros,
1848 3758 1903 3804 et
1942 3715 2104 3823 quin;

511 3807 766 3907 quaginta
815 3813 978 3869 millia
1023 3818 1215 3888 plebis.
1257 3843 1277 3877 ι
1306 3807 1541 3897 Populus
1566 3841 1621 3886 et
1649 3807 1820 3903 plebs,
1843 3807 1975 3907 pro.
1998 3807 2104 3899 una

510 3901 808 3997 eademque
860 3925 919 3965 re
964 3912 1335 3976 indifferenter
1370 3901 1679 3996 accipitur}
1707 3949 1833 3989 nam
1884 3954 1951 3993 ex
1996 3957 2103 3997 uno

512 3988 739 4092 graeco,
763 4000 907 4092 quod
962 4015 1048 4059 est
1090 4008 1228 4078 λαός,
1270 4013 1407 4071 solet
1445 4028 1737 4092 utrumque
1792 4031 2098 4086 transferri.

510 4078 618 4136 Sed
646 4085 779 4139 mihi
811 4089 1026 4185 videtur
1056 4111 1176 4154 esse
1205 4101 1457 4161 distantia
1488 4113 1632 4177 quod
1750 4078 2100 4185 plicis-Eam-

507 4182 654 4277 mata
682 4179 937 4237 versiculi
990 4188 1229 4245 additum
1267 4202 1368 4261 est,
1418 4216 1438 4249 ‹
1468 4201 1614 4255 viros
1667 4179 2029 4277 septuaginta.
2072 4231 2092 4264 ι

510 4263 671 4365 Viros
698 4270 842 4370 enim
885 4276 1121 4345 majores
1159 4291 1290 4336 natu
1334 4286 1621 4358 signiﬁcat,
1653 4263 1832 4350 ut.sit
1861 4263 2095 4370 "sensus,

504 4353 647 4457 quia.
684 4356 752 4462 de
780 4362 1133 4461 optimatibus
1168 4373 1352 4441 populi
1391 4353 1743 4452 septuaginta
1793 4398 1919 4443 sunt

506 4445 681 4546 cussi;
706 4447 783 4549 de.
800 4449 915 4518 ipsa
938 4463 1120 4511 autem
1150 4461 1308 4517 turba
1333 4445 1543 4537 vulgari
1563 4445 1812 4529 homines
1826 4445 2095 4549 quinqua-

2228 633 2394 687 menti
2415 631 2627 688 Domini
2655 651 2685 689 a
2707 637 2902 706 populo
2926 638 3149 696 Iudaico
3176 643 3241 696 ad
3269 647 3490 714 gentes?
3511 647 3648 715 Quia
3679 668 3806 709 cum

2226 723 2300 777 illi
2329 740 2358 777 a
2382 733 2601 794 patrum
2649 728 2823 782 orbita
2855 729 3150 794 deviantes,
3192 735 3396 789 carnali
3427 737 3802 810 observantia,

2225 824 2280 871 et
2303 815 2627 873 Pharisaicis
2657 820 3129 889 superstitionibus
3158 822 3330 895 legem
3368 824 3650 894 foedarent,
3680 829 3804 885 Sal-

2224 908 2427 962 vatoris
2458 910 2598 964 dicta
2623 912 2977 980 spernebant,
3011 922 3067 969 et
3100 928 3198 983 per
3224 916 3502 974 ministros
3535 920 3669 975 Novi
3700 920 3802 976 Te-

2227 1001 2479 1061 stamenti
2505 1002 2729 1057 verbum
2755 1004 2943 1060 salutis
2968 1004 3074 1060 illis
3100 1007 3381 1075 prmdicari
3409 1011 3622 1080 penitus
3648 1026 3804 1067 recu-

2225 1091 2434 1145 sabant.
2470 1092 2622 1148 Unde
2666 1095 2852 1150 dicunt
2896 1096 2962 1151 ad
3011 1113 3104 1153 eos
3132 1100 3358 1169 apostoli
3393 1110 3513 1171 post
3559 1117 3802 1159 resurre-

2224 1181 2460 1236 ctionem
2504 1184 2760 1238 Domini:
2800 1203 2819 1236 ‹
2848 1184 3036 1253 Vobis,
3059 1187 3327 1257 inquiunt,
3368 1192 3650 1259 oportebat
3690 1192 3803 1260 pri-

2221 1288 2372 1327 mum
2412 1274 2705 1344 przedicarc
2739 1278 2962 1331 verbum
2994 1278 3127 1333 Dei:
3155 1280 3247 1333 sed
3283 1281 3407 1349 quia
3448 1282 3716 1347 noluistis,
3746 1290 3803 1338 et

2221 1365 2472 1438 udignos
2499 1384 2596 1423 vos
2628 1370 2911 1438 iudicastis
2935 1380 3151 1425 aeterna:
3196 1372 3341 1437 vine,
3374 1388 3500 1428 ecce
3529 1375 3803 1429 converti-

2222 1475 2346 1513 mur
2360 1462 2426 1516 ad
2442 1469 2629 1531 gentes
2644 1460 2781 1533 (Act.
2797 1462 2940 1534 xm).
2958 1482 2974 1514 ι
2998 1461 3105 1532 (Ea:
3125 1461 3488 1534 Hieronymo.)
3502 1463 3571 1517 Ca
3582 1464 3804 1518 riathia—

2223 1550 2348 1615 rim,
2383 1564 2502 1618 qua:
2529 1558 2585 1604 et
2610 1549 2897 1605 Cariadbal
2932 1552 3151 1616 dicitur,
3196 1551 3390 1606 civitas
3416 1561 3500 1606 est
3538 1553 3799 1618 saltuum,

2222 1656 2329 1694 una
2367 1640 2434 1694 de
2457 1641 2679 1697 urbibus
2704 1640 3148 1706 Gabaonitarum,
3194 1642 3468 1711 pertinens
3498 1644 3566 1695 ad
3598 1644 3803 1696 tribum

2222 1729 2392 1795 Iudae,
2426 1732 2679 1786 euntibus
2714 1734 2779 1786 ad
2821 1733 3140 1804 Heliopolim
3173 1733 3228 1786 in
3254 1732 3502 1788 milliario
3526 1749 3687 1787 nono.
3723 1734 3803 1789 De

2222 1823 2324 1877 hac
2348 1822 2449 1876 fuit
2473 1823 2630 1878 Urias
2661 1826 2944 1894 propheta,
2972 1840 3131 1895 quem
3165 1824 3711 1885 interfecitJoachim
3744 1826 3801 1879 in

2219 1910 2540 1979 Jerusalem,
2569 1914 2709 1968 sicut
2733 1913 2995 1969 Jeremias
3017 1916 3224 1969 scribit.
3250 1916 3383 1987 (Jer.
3414 1915 3586 1985 xxvi.)
3609 1915 3716 1970 Sed
3744 1915 3799 1968 in

2219 2003 2668 2074 Paralipomenon
2713 2006 2851 2061 libro
2893 2006 3033 2061 ﬁlius
3065 2006 3228 2061 Sobal
3276 2008 3573 2079 appellatur
3615 2008 3804 2061 Caria-

2219 2100 2439 2152 thiarim
2474 2098 2527 2169 (1
2548 2096 2679 2151 Par.
2713 2107 2811 2168 ιιι).
2839 2098 2907 2152 Et
2943 2099 3332 2168 interpretatur
3355 2100 3466 2168 ipsa
3502 2096 3802 2151 Cariathia-

2220 2191 2321 2245 rim
2348 2190 2529 2243 civitas
2556 2190 2640 2246 vel
2658 2190 2783 2243 villa
2799 2189 3069 2243 silvarum.
3098 2191 3171 2243 De
3200 2206 3304 2258 qua
3327 2189 3548 2243 civitate
3575 2189 3803 2259 mystice

2219 2284 2273 2337 in
2302 2284 2509 2353 psalmo
2536 2284 2795 2351 scriptum
2824 2291 2943 2337 est:
2979 2301 2996 2333 ι
3030 2282 3317 2335 Inveniam-
3332 2280 3510 2334 locum
3548 2280 3800 2345 Domino,

2219 2374 2629 2427 tabernaculum
2662 2374 2774 2427 Deo
2830 2372 3016 2427 Jacob.
3065 2372 3206 2425 Ecce
3235 2368 3539 2424 audivimus
3581 2384 3699 2422 eam
3743 2368 3803 2422 in

2218 2463 2475 2532 Ephrata,
2532 2463 2838 2517 invenimus
2887 2478 3007 2516 eam
3052 2462 3107 2516 in
3156 2460 3361 2529 campis
3410 2458 3559 2513 silva:
3609 2457 3797 2530 (Psal.

2216 2552 2438 2623 cxxxr).
2488 2573 2506 2603 )
2555 2552 2731 2607 Locus
2782 2554 2927 2607 enim
2976 2552 3189 2606 Domini
3246 2561 3331 2605 est
3390 2546 3800 2605 tabernaculum

2214 2645 2450 2712 pectoris
2477 2644 2771 2699 Christiani
2801 2644 3003 2714 populi,
3029 2652 3084 2697 et
3117 2643 3256 2698 atria
3284 2642 3543 2698 Ecclesia:
3564 2638 3798 2717 catholi-

2215 2754 2310 2804 (ιω,
2339 2754 2459 2807 quze
2488 2738 2575 2792 ille
2608 2746 2861 2806 tauquam
2895 2737 3094 2792 caelum
3142 2751 3355 2806 semper
3398 2734 3683 2789 inhabitat.
3716 2730 3805 2787 Ci-

2213 2833 2354 2887 vitas
2381 2834 2526 2887 enim
2555 2833 2834 2897 silvarum,
2879 2833 2931 2887 id
2962 2842 3065 2899 est,
3094 2842 3394 2887 conventus
3434 2831 3694 2902 gentium,
3718 2827 3801 2882 ef-

2214 2922 2393 2977 ﬁcitur
2421 2922 2572 2978 locus
2604 2932 2760 2993 aptus
2795 2924 2859 2978 ad
2910 2924 3307 2993 suscipiendam
3361 2938 3545 2977 arcam
3584 2920 3800 2975 Domini

2211 3016 2265 3070 in
2299 3017 2516 3071 domum
2543 3017 2794 3071 videlicet
2820 3016 3123 3081 Abinadab,
3156 3017 3249 3085 qui
3272 3016 3661 3086 interpretatur
3690 3012 3799 3067 Pa-

2211 3114 2288 3158 ter
2324 3121 2468 3159 meus
2496 3114 2837 3175 spontaneus,
2869 3105 2959 3173 qui
2989 3119 3110 3157 cum
3139 3103 3425 3158 Psalmista
3471 3103 3654 3157 dicere
3674 3113 3800 3170 pos-

2211 3200 2281 3254 sit
2315 3219 2328 3254 :
2359 3219 2377 3250 ‹
2409 3197 2728 3255 Voluntarie
2771 3197 3090 3253 sacrificabo
3122 3196 3241 3262 tibi,
3271 3206 3327 3251 et
3365 3194 3666 3251 conﬁtebor
3696 3209 3795 3249 ne-

2212 3291 2342 3345 mini
2376 3299 2493 3355 tuo,
2517 3290 2765 3356 Domine,
2796 3288 3053 3358 quoniam
3074 3288 3275 3342 bonum
3302 3294 3387 3341 est
3416 3283 3591 3357 (Psal.
3618 3284 3736 3355 LII).
3772 3302 3791 3335 ι

2209 3382 2396 3438 Gabaa
2422 3383 2808 3451 interpretatur
2838 3378 2984 3434 collis
3011 3378 3094 3433 vel
3120 3378 3436 3433 sublimitas.
3461 3376 3539 3431 lbi
3570 3374 3798 3429 Eleazar

2210 3475 2352 3530 ﬁlius
2392 3474 2675 3529 Abinabad
2712 3473 3065 3529 constituitur
3105 3472 3382 3537 sacerdos,
3425 3479 3485 3524 ut
3528 3468 3798 3524 custodiat

2208 3579 2392 3619 arcam
2420 3563 2653 3618 Domini.
2686 3562 2909 3617 Eleazar
2935 3563 3132 3630 quippe
3152 3560 3253 3614 Dei
3276 3559 3607 3629 adjutorium
3630 3558 3796 3612 inter-

2207 3664 2471 3726 pretatur.
2504 3655 2572 3708 Et
2617 3654 2755 3708 bene
2807 3653 2899 3722 qui
2931 3651 3169 3706 custodit
3215 3664 3396 3704 arcani
3436 3646 3670 3707 Domini,
3698 3645 3796 3700 Dei

2208 3746 2533 3816 adjutorium
2563 3744 2794 3809 dicitur;
2837 3743 2964 3813 quia
2999 3741 3172 3797 sancti
3211 3740 3315 3795 viri
3362 3738 3625 3810 quidquid
3666 3737 3795 3792 boni

2206 3842 2430 3905 habent,
2459 3858 2567 3895 non
2599 3840 2665 3894 ad
2696 3855 2773 3904 se,
2807 3840 2900 3894 sed
2930 3839 2999 3894 ad
3043 3838 3214 3892 Deum
3242 3836 3506 3893 referunt.
3538 3834 3690 3890 Unde
3720 3833 3797 3888 di-

2204 3932 2279 3986 cit
2301 3931 2590 4001 Apostolus
2618 3948 2631 3983 :
2671 3949 2688 3980 (
2723 3929 3001 3985 Fiduciam
3032 3929 3195 3984 talem
3218 3929 3483 3982 habemus
3508 3940 3606 3994 per
3631 3922 3792 3977 Chri-

2204 4032 2345 4078 stum
2377 4023 2443 4076 ad
2475 4021 2785 4086 Dominum,
2818 4037 2927 4076 non
2953 4020 3098 4089 quod
3139 4018 3467 4073 suilicientes
3506 4016 3674 4068 simus
3701 4027 3794 4067 co-

2201 4115 2373 4186 gitare
2400 4113 2601 4183 aliquid
2628 4129 2658 4165 a
2683 4114 2860 4177 nobis,
2890 4111 3045 4180 quasi
3071 4125 3135 4162 ex
3167 4109 3342 4170 nobis,
3392 4106 3487 4161 sed
3530 4104 3794 4160 suﬂicien-

2199 4203 2274 4257 tia
2332 4211 2518 4257 nostra
2562 4218 2629 4257 ex
2683 4203 2794 4256 Deo
2832 4210 2938 4267 est,
2978 4200 3072 4270 qui
3127 4206 3183 4253 et
3234 4199 3458 4252 idoneos
3509 4211 3608 4250 nos
3661 4196 3793 4250 fecit

2198 4298 2477 4352 ministros
2505 4297 2639 4353 Novi
2670 4295 3028 4361 Testamenti,
3052 4309 3160 4349 non
3201 4292 3404 4357 littera,
3455 4289 3548 4344 sed
3590 4290 3791 4359 spiritu

2200 4388 2285 4463 (II
2315 4390 2438 4445 Cor.
2466 4390 2569 4461 ιιι).
2603 4409 2622 4442 ι

2795 4479 3024 4535 CAPUT
3070 4477 3181 4533 VII.

502 4534 861 4654 gintalmillia.
887 4544 1040 4610 Quod
1071 4564 1139 4654 pe
1167 4534 1464 4654 pateretur,
1496 4560 1550 4614 in
1581 4561 1770 4619 Exodo
1792 4534 1942 4639 (έαρ.
1972 4534 2091 4644 ὲκ),
2117 4592 2173 4654 D
2196 4571 2276 4627 De
2296 4589 2356 4627 eo
2382 4573 2524 4654 quod
2554 4571 2771 4654 nguel
2812 4570 3073 4654 allocutus
3106 4578 3192 4654 est
3223 4567 3490 4654 Isi-acleo;
3618 4567 3783 4654 retin:

504 4627 785 4729 populpsa
806 4631 964 4729 longe
984 4639 1163 4695 stabat
1185 4650 1240 4697 et
1262 4647 1472 4716 orabat,
1501 4651 1648 4709 solus
1669 4627 1880 4729 Moyses
1891 4627 2094 4718 ascen:

503 4718 582 4773 dit
609 4719 680 4775 ad
713 4721 1021 4781 Dominum.

578 4829 597 4862 ι
625 4812 694 4867 Ει
722 4815 978 4873 dixerunt
997 4822 1101 4877 viri
1131 4826 1480 4888 Bethsamitae
1508 4852 1521 4886 :
1553 4834 1685 4902 Quis
1718 4843 1921 4909 poterit
1942 4853 2090 4903 stare

508 4924 527 4958 ι
563 4908 619 4961 in
655 4917 950 5004 conspectu
983 4911 1195 5004 Domini
1222 4918 1318 4974 Dei
1344 4924 1517 4978 sancti
1546 4925 1725 4995 hujus,
1751 4939 1806 4984 et
1834 4934 1902 4988 ad
1924 4949 2086 5004 quem

506 5010 527 5047 α
563 4999 820 5053 ascendet
851 5015 882 5055 a
912 5003 1106 5059 nobis?
1133 5005 1502 5083 Miserumque
1526 5018 1747 5074 nuntios
1772 5023 1838 5076 ad
1872 4999 2087 5082 habita-

504 5105 526 5141 ‹
563 5095 710 5144 tores
756 5090 1162 5164 Cariathiarim,
1206 5100 1451 5158 dicentes
1483 5123 1495 5159 :
1526 5106 1883 5167 Reduxerunt
1912 5114 2083 5171 Phili-

507 5195 527 5230 ς
563 5179 747 5235 sthiim
784 5196 967 5239 arcam
998 5188 1230 5245 Domini.
1270 5192 1589 5252 Deswndite
1628 5208 1685 5254 et
1731 5204 1912 5261 ducite
1960 5223 2083 5264 eam

503 5288 525 5323 ι
561 5273 630 5327 ad
669 5288 784 5330 vos.
819 5275 967 5349 (Car.
998 5282 1119 5355 vn.)
1146 5284 1423 5341 Venerunt
1469 5304 1600 5360 ergo
1648 5293 1749 5349 viri
1783 5296 2086 5356 Cariathia-

503 5381 525 5415 ε
561 5364 684 5432 riui,
716 5375 772 5423 et
794 5368 1064 5427 duxerunt
1096 5388 1279 5430 arcam
1303 5376 1537 5448 Domini,
1565 5392 1619 5438 et
1645 5386 1942 5447 intulerunt
1962 5408 2082 5449 eam

504 5460 523 5506 α
561 5457 614 5510 in
657 5460 876 5517 domum
895 5463 1179 5520 Abinadah
1203 5465 1257 5520 in
1282 5466 1468 5526 Gabaa
1494 5490 1507 5526 :
1532 5473 1849 5535 Eleazarum
1899 5494 2079 5543 autem

503 5566 525 5601 ε
559 5549 730 5607 ﬁlium
754 5553 872 5624 ejus
912 5558 1411 5632 sanctiﬁcaverunt,
1453 5574 1513 5621 ut
1548 5573 1847 5629 custodiret
1896 5594 2079 5634 arcam

499 5848 621 5895 cam
645 5838 882 5909 Domini,
932 5845 1199 5907 miserunt
1229 5836 1467 5911 eam'ad
1506 5853 1917 5929 Cariathiarim;
1952 5865 2083 5935 quid

2266 4637 2683 4720 queretjiaalim
2720 4652 2770 4695 et
2798 4640 3043 4720 ligarat-Ia
3071 4650 3118 4694 et
3157 4639 3417 4720 servirent
3440 4637 3781 4720 Domi'qoict

2269 4705 2409 4790 ᾆμοᾴ
2444 4712 2536 4766 illo
2574 4721 2757 4790 orante
2802 4710 3009 4790 liberati
3056 4718 3178 4790 sunt
3208 4706 3559 4790 ζῇζαεζίιωηα.
3584 4705 3783 4790 Phillis-

2268 4774 2417 4839 t'lia'is
2467 4798 2559 4837 nec
2588 4782 2729 4836 ultra
2770 4781 3156 4851 praevalueruut
3210 4778 3316 4831 illis
3353 4779 3408 4832 in
3456 4778 3636 4832 diebus
3676 4774 3782 4830 Sa-

2267 4854 2473 4908 muelis.

2268 4965 2288 4998 ‹
2323 4947 2391 5001 Et
2410 4946 2610 5001 factum
2636 4954 2738 5009 est,
2763 4959 2831 4999 ex
2850 4957 2957 5013 qua
2985 4943 3071 4997 die
3100 4942 3299 4997 mansit
3324 4956 3449 4996 arca
3474 4939 3686 4994 Domini
3723 4938 3778 4993 in

2195 5058 2215 5090 ‹
2251 5037 2655 5104 Cariathiarim,
2670 5035 3010 5105 multiplicati
3026 5043 3153 5090 sunt
3168 5034 3284 5089 dies
3298 5031 3645 5105 (eratquippe
3661 5027 3777 5096 jam

2196 5150 2215 5184 ‹
2252 5147 2426 5185 annus
2448 5128 2781 5200 vicesimus),
2807 5135 2863 5182 et
2883 5125 3151 5197 requievit
3169 5124 3347 5180 omnis
3385 5123 3576 5178 domus
3610 5119 3777 5175 lsrael

2195 5241 2214 5276 ι
2244 5230 2365 5293 post
2396 5222 2703 5284 Dominum,
2736 5239 2754 5271 ι
2785 5226 2890 5273 etc.
2915 5216 3026 5289 (Ea:
3056 5215 3246 5287 Beda.)
3271 5213 3421 5281 Quod
3443 5211 3643 5265 dictum
3669 5214 3772 5273 cst,

2194 5332 2212 5366 ι
2253 5314 2377 5383 quia
2392 5329 2459 5367 ex
2482 5328 2586 5382 qua
2616 5312 2704 5367 die
2720 5312 2920 5366 mansit
2940 5325 3062 5365 arca
3091 5310 3143 5363 in
3161 5302 3565 5365 Cariathiarim,
3598 5299 3776 5355 multi-

2188 5404 2373 5475 plicati
2397 5413 2521 5458 sunt
2542 5403 2657 5459 dies
2680 5401 3030 5475 (e'ratquippe
3042 5399 3153 5468 jam
3169 5410 3341 5451 annus
3362 5389 3695 5461 vicesimus),
3715 5397 3774 5445 et

2190 5496 2457 5567 requievit
2484 5496 2661 5551 omnis
2683 5496 2875 5550 domus
2908 5491 3070 5547 lsrael
3091 5495 3211 5558 post
3250 5484 3570 5549 Dominum;
3610 5502 3629 5535 ι
3662 5496 3771 5537 non

2189 5589 2265 5643 ita
2297 5587 2700 5658 intelligendum
2730 5590 2813 5637 est
2834 5582 2989 5651 quasi
3023 5577 3206 5647 viginti
3249 5576 3396 5642 anni,
3417 5575 3615 5644 quibus
3641 5587 3769 5627 arca

2190 5687 2436 5735 maneret
2468 5680 2521 5732 in
2543 5676 2946 5739 Cariathiarim,
2976 5673 3041 5727 ad
3081 5678 3331 5725 octavum
3362 5683 3535 5739 usque
3564 5682 3768 5722 annum

2190 5770 2341 5843 regni
2364 5768 2554 5835 David,
2584 5769 2799 5840 quando
2827 5780 2946 5821 eam
2968 5770 3290 5833 congregata
3310 5759 3492 5832 p0puli
3515 5758 3765 5828 frequen-

2191 5865 2266 5921 tia
2308 5865 2364 5919 in
2390 5861 2693 5919 Jerusalem
2736 5859 2981 5928 adduxit,
3012 5860 3120 5915 sint
3151 5854 3517 5928 computandi.
3558 5850 3741 5909 Inveni
