  <div class='ocr_page' id='page_1' title='image "/cluster/home/n/w/nwhite01/storage/ocr_20150623/109/hvd.32044015466857/022.png"; bbox 0 0 4074 6474; ppageno 0'>
   <div class='ocr_carea' id='block_1_1' title="bbox 283 411 1858 481">
    <p class='ocr_par' dir='ltr' id='par_1_1' title="bbox 283 411 1847 472">
     <span class='ocr_line' id='line_1_1' title="bbox 283 411 1847 472; baseline -0.001 -1"><span class='ocrx_word' id='word_1_1' title='bbox 283 411 360 471; x_wconf 73' lang='grc'>33</span> <span class='ocrx_word' id='word_1_2' title='bbox 1101 413 1455 472; x_wconf 81' lang='lat' dir='ltr'><strong>COMMENT.</strong></span> <span class='ocrx_word' id='word_1_3' title='bbox 1494 413 1564 470; x_wconf 87' lang='lat' dir='ltr'><strong>IN</strong></span> <span class='ocrx_word' id='word_1_4' title='bbox 1597 411 1847 472; x_wconf 74' lang='lat' dir='ltr'><strong>LIBROS</strong></span> 
     </span>
    </p>
   </div>
   <div class='ocr_carea' id='block_1_2' title="bbox 1959 411 3554 481">
    <p class='ocr_par' dir='ltr' id='par_1_2' title="bbox 1986 412 3554 481">
     <span class='ocr_line' id='line_1_2' title="bbox 1986 412 3554 481; baseline 0.008 -13"><span class='ocrx_word' id='word_1_5' title='bbox 1986 412 2251 471; x_wconf 79' lang='lat' dir='ltr'><strong>REGUM.</strong></span> <span class='ocrx_word' id='word_1_6' title='bbox 2289 442 2363 458; x_wconf 70' lang='grc' dir='ltr'><strong>-η</strong></span> <span class='ocrx_word' id='word_1_7' title='bbox 2397 415 2466 471; x_wconf 83' lang='grc' dir='ltr'>ΙΝ</span> <span class='ocrx_word' id='word_1_8' title='bbox 2500 414 2630 472; x_wconf 85' lang='lat' dir='ltr'><strong>LIB.</strong></span> <span class='ocrx_word' id='word_1_9' title='bbox 2662 417 2708 473; x_wconf 12' lang='lat' dir='ltr'><strong>tl.</strong></span> <span class='ocrx_word' id='word_1_10' title='bbox 2752 448 2763 479; x_wconf 62' lang='grc' dir='ltr'>,ο</span> <span class='ocrx_word' id='word_1_11' title='bbox 3481 425 3554 481; x_wconf 67' lang='grc' dir='ltr'><strong>ΞΔ</strong></span> 
     </span>
    </p>
   </div>
   <div class='ocr_carea' id='block_1_3' title="bbox 286 524 3554 608">
    <p class='ocr_par' dir='ltr' id='par_1_3' title="bbox 286 524 3554 608">
     <span class='ocr_line' id='line_1_3' title="bbox 286 524 3554 608; baseline 0.002 -25"><span class='ocrx_word' id='word_1_12' title='bbox 286 535 377 587; x_wconf 85' lang='lat' dir='ltr'><strong>tur</strong></span> <span class='ocrx_word' id='word_1_13' title='bbox 400 540 636 599; x_wconf 85' lang='lat' dir='ltr'><strong>namque</strong></span> <span class='ocrx_word' id='word_1_14' title='bbox 663 526 716 581; x_wconf 91' lang='lat' dir='ltr'><strong>in</strong></span> <span class='ocrx_word' id='word_1_15' title='bbox 757 525 1108 596; x_wconf 69' lang='lat' dir='ltr'><strong>sequentibus</strong></span> <span class='ocrx_word' id='word_1_16' title='bbox 1131 525 1275 597; x_wconf 89' lang='lat' dir='ltr'><strong>quod</strong></span> <span class='ocrx_word' id='word_1_17' title='bbox 1315 525 1657 596; x_wconf 78' lang='lat' dir='ltr'><strong>temporibus</strong></span> <span class='ocrx_word' id='word_1_18' title='bbox 1694 524 1874 582; x_wconf 85' lang='lat' dir='ltr'><strong>Saulis</strong></span> <span class='ocrx_word' id='word_1_19' title='bbox 1899 527 1954 589; x_wconf 76' lang='grc' dir='ltr'><strong>Α</strong></span> <span class='ocrx_word' id='word_1_20' title='bbox 1983 543 2003 578; x_wconf 74' lang='grc' dir='ltr'><strong>ι</strong></span> <span class='ocrx_word' id='word_1_21' title='bbox 2040 526 2144 580; x_wconf 90' lang='lat' dir='ltr'><strong>rati</strong></span> <span class='ocrx_word' id='word_1_22' title='bbox 2183 533 2329 593; x_wconf 90' lang='lat' dir='ltr'><strong>sunt,</strong></span> <span class='ocrx_word' id='word_1_23' title='bbox 2365 533 2422 581; x_wconf 91' lang='lat' dir='ltr'><strong>et</strong></span> <span class='ocrx_word' id='word_1_24' title='bbox 2441 536 2827 597; x_wconf 87' lang='lat' dir='ltr'><strong>percusserunt</strong></span> <span class='ocrx_word' id='word_1_25' title='bbox 2844 542 2939 585; x_wconf 85' lang='lat' dir='ltr'><strong>eos</strong></span> <span class='ocrx_word' id='word_1_26' title='bbox 2963 544 3135 600; x_wconf 89' lang='lat' dir='ltr'><strong>usque</strong></span> <span class='ocrx_word' id='word_1_27' title='bbox 3161 545 3228 588; x_wconf 87' lang='lat' dir='ltr'><strong>au</strong></span> <span class='ocrx_word' id='word_1_28' title='bbox 3250 547 3428 591; x_wconf 88' lang='lat' dir='ltr'><strong>.ocum</strong></span> <span class='ocrx_word' id='word_1_29' title='bbox 3456 536 3554 608; x_wconf 84' lang='lat' dir='ltr'><strong>qui</strong></span> 
     </span>
    </p>
   </div>
   <div class='ocr_carea' id='block_1_4' title="bbox 283 618 1870 688">
    <p class='ocr_par' dir='ltr' id='par_1_4' title="bbox 283 618 1870 688">
     <span class='ocr_line' id='line_1_4' title="bbox 283 618 1870 688; baseline -0.003 -10"><span class='ocrx_word' id='word_1_30' title='bbox 283 620 447 679; x_wconf 83' lang='lat' dir='ltr'><strong>fuerit</strong></span> <span class='ocrx_word' id='word_1_31' title='bbox 474 619 614 675; x_wconf 88' lang='lat' dir='ltr'><strong>elata</strong></span> <span class='ocrx_word' id='word_1_32' title='bbox 646 618 713 674; x_wconf 90' lang='lat' dir='ltr'><strong>de</strong></span> <span class='ocrx_word' id='word_1_33' title='bbox 761 619 865 674; x_wconf 90' lang='lat' dir='ltr'><strong>hac</strong></span> <span class='ocrx_word' id='word_1_34' title='bbox 905 619 1144 685; x_wconf 74' lang='lat' dir='ltr'><strong>civitate,</strong></span> <span class='ocrx_word' id='word_1_35' title='bbox 1173 626 1228 674; x_wconf 90' lang='lat' dir='ltr'><strong>et</strong></span> <span class='ocrx_word' id='word_1_36' title='bbox 1264 618 1424 673; x_wconf 89' lang='lat' dir='ltr'><strong>allata</strong></span> <span class='ocrx_word' id='word_1_37' title='bbox 1450 618 1506 672; x_wconf 91' lang='lat' dir='ltr'><strong>in</strong></span> <span class='ocrx_word' id='word_1_38' title='bbox 1544 626 1744 685; x_wconf 89' lang='lat' dir='ltr'><strong>castra,</strong></span> <span class='ocrx_word' id='word_1_39' title='bbox 1775 634 1870 688; x_wconf 81' lang='lat' dir='ltr'><strong>pu-</strong></span> 
     </span>
    </p>
   </div>
   <div class='ocr_carea' id='block_1_5' title="bbox 282 709 1869 786">
    <p class='ocr_par' dir='ltr' id='par_1_5' title="bbox 282 709 1869 786">
     <span class='ocr_line' id='line_1_5' title="bbox 282 709 1869 786; baseline -0.003 -18"><span class='ocrx_word' id='word_1_40' title='bbox 282 722 484 786; x_wconf 87' lang='lat' dir='ltr'><strong>gnante</strong></span> <span class='ocrx_word' id='word_1_41' title='bbox 511 727 578 767; x_wconf 91' lang='lat' dir='ltr'><strong>eo</strong></span> <span class='ocrx_word' id='word_1_42' title='bbox 622 712 910 765; x_wconf 88' lang='lat' dir='ltr'><strong>adversum</strong></span> <span class='ocrx_word' id='word_1_43' title='bbox 959 709 1320 765; x_wconf 74' lang='lat' dir='ltr'><strong>Philisthaeos.</strong></span> <span class='ocrx_word' id='word_1_44' title='bbox 1364 709 1456 765; x_wconf 85' lang='lat' dir='ltr'><strong>Sic</strong></span> <span class='ocrx_word' id='word_1_45' title='bbox 1504 710 1703 764; x_wconf 89' lang='lat' dir='ltr'><strong>etenim</strong></span> <span class='ocrx_word' id='word_1_46' title='bbox 1734 709 1869 765; x_wconf 91' lang='lat' dir='ltr'><strong>seri-</strong></span> 
     </span>
    </p>
   </div>
   <div class='ocr_carea' id='block_1_6' title="bbox 278 799 1867 875">
    <p class='ocr_par' dir='ltr' id='par_1_6' title="bbox 278 799 1867 875">
     <span class='ocr_line' id='line_1_6' title="bbox 278 799 1867 875; baseline -0.002 -17"><span class='ocrx_word' id='word_1_47' title='bbox 278 813 435 875; x_wconf 88' lang='lat' dir='ltr'><strong>ptum</strong></span> <span class='ocrx_word' id='word_1_48' title='bbox 459 811 545 858; x_wconf 91' lang='lat' dir='ltr'><strong>est</strong></span> <span class='ocrx_word' id='word_1_49' title='bbox 572 820 586 856; x_wconf 91' lang='lat'><strong>:</strong></span> <span class='ocrx_word' id='word_1_50' title='bbox 623 819 642 851; x_wconf 73' lang='grc' dir='ltr'>α</span> <span class='ocrx_word' id='word_1_51' title='bbox 680 801 748 856; x_wconf 85' lang='grc' dir='ltr'>Ει</span> <span class='ocrx_word' id='word_1_52' title='bbox 783 802 861 855; x_wconf 90' lang='lat' dir='ltr'><strong>ait</strong></span> <span class='ocrx_word' id='word_1_53' title='bbox 885 799 1015 856; x_wconf 91' lang='lat' dir='ltr'><strong>Saul</strong></span> <span class='ocrx_word' id='word_1_54' title='bbox 1050 800 1118 855; x_wconf 88' lang='lat' dir='ltr'><strong>ad</strong></span> <span class='ocrx_word' id='word_1_55' title='bbox 1142 800 1368 856; x_wconf 83' lang='lat' dir='ltr'><strong>Achiam</strong></span> <span class='ocrx_word' id='word_1_56' title='bbox 1399 799 1660 870; x_wconf 86' lang='lat' dir='ltr'><strong>:Applica</strong></span> <span class='ocrx_word' id='word_1_57' title='bbox 1684 815 1867 855; x_wconf 89' lang='lat' dir='ltr'><strong>arcam</strong></span> 
     </span>
    </p>
   </div>
   <div class='ocr_carea' id='block_1_7' title="bbox 279 891 1867 949">
    <p class='ocr_par' dir='ltr' id='par_1_7' title="bbox 279 891 1867 949">
     <span class='ocr_line' id='line_1_7' title="bbox 279 891 1867 949; baseline -0.001 0"><span class='ocrx_word' id='word_1_58' title='bbox 279 894 398 949; x_wconf 87' lang='lat' dir='ltr'><strong>Dei.</strong></span> <span class='ocrx_word' id='word_1_59' title='bbox 430 894 562 949; x_wconf 85' lang='lat' dir='ltr'><strong>Erat</strong></span> <span class='ocrx_word' id='word_1_60' title='bbox 589 893 736 948; x_wconf 90' lang='lat' dir='ltr'><strong>enim</strong></span> <span class='ocrx_word' id='word_1_61' title='bbox 783 892 857 948; x_wconf 86' lang='lat' dir='ltr'><strong>ibi</strong></span> <span class='ocrx_word' id='word_1_62' title='bbox 906 907 1032 949; x_wconf 86' lang='lat' dir='ltr'><strong>arca</strong></span> <span class='ocrx_word' id='word_1_63' title='bbox 1067 892 1164 948; x_wconf 90' lang='lat' dir='ltr'><strong>Dei</strong></span> <span class='ocrx_word' id='word_1_64' title='bbox 1201 892 1258 948; x_wconf 93' lang='lat' dir='ltr'><strong>in</strong></span> <span class='ocrx_word' id='word_1_65' title='bbox 1304 892 1393 947; x_wconf 90' lang='lat' dir='ltr'><strong>die</strong></span> <span class='ocrx_word' id='word_1_66' title='bbox 1445 892 1536 947; x_wconf 92' lang='lat' dir='ltr'><strong>illo</strong></span> <span class='ocrx_word' id='word_1_67' title='bbox 1573 908 1695 949; x_wconf 91' lang='lat' dir='ltr'><strong>cum</strong></span> <span class='ocrx_word' id='word_1_68' title='bbox 1739 891 1867 948; x_wconf 87' lang='lat' dir='ltr'><strong>filiis</strong></span> 
     </span>
    </p>
   </div>
   <div class='ocr_carea' id='block_1_8' title="bbox 278 982 1865 1059">
    <p class='ocr_par' dir='ltr' id='par_1_8' title="bbox 278 982 1865 1059">
     <span class='ocr_line' id='line_1_8' title="bbox 278 982 1865 1059; baseline -0.002 -18"><span class='ocrx_word' id='word_1_69' title='bbox 278 986 446 1043; x_wconf 74' lang='lat' dir='ltr'><strong>ISrael</strong></span> <span class='ocrx_word' id='word_1_70' title='bbox 471 986 522 1059; x_wconf 90' lang='grc'><strong>(1</strong></span> <span class='ocrx_word' id='word_1_71' title='bbox 562 985 689 1056; x_wconf 81' lang='lat' dir='ltr'><strong>Reg.</strong></span> <span class='ocrx_word' id='word_1_72' title='bbox 727 984 863 1056; x_wconf 69' lang='lat' dir='ltr'><strong>xxv).</strong></span> <span class='ocrx_word' id='word_1_73' title='bbox 902 1004 923 1037; x_wconf 72' lang='grc' dir='ltr'><strong>ι</strong></span> <span class='ocrx_word' id='word_1_74' title='bbox 957 985 1027 1039; x_wconf 91' lang='grc' dir='ltr'>Ει</span> <span class='ocrx_word' id='word_1_75' title='bbox 1078 985 1204 1055; x_wconf 88' lang='lat' dir='ltr'><strong>quia</strong></span> <span class='ocrx_word' id='word_1_76' title='bbox 1248 991 1463 1039; x_wconf 81' lang='lat' dir='ltr'><strong>constat</strong></span> <span class='ocrx_word' id='word_1_77' title='bbox 1506 983 1649 1053; x_wconf 90' lang='lat' dir='ltr'><strong>quod</strong></span> <span class='ocrx_word' id='word_1_78' title='bbox 1696 982 1865 1038; x_wconf 88' lang='lat' dir='ltr'><strong>David</strong></span> 
     </span>
    </p>
   </div>
   <div class='ocr_carea' id='block_1_9' title="bbox 278 1075 1864 1144">
    <p class='ocr_par' dir='ltr' id='par_1_9' title="bbox 278 1075 1864 1144">
     <span class='ocr_line' id='line_1_9' title="bbox 278 1075 1864 1144; baseline -0.004 -8"><span class='ocrx_word' id='word_1_79' title='bbox 278 1097 399 1136; x_wconf 86' lang='lat' dir='ltr'><strong>eam</strong></span> <span class='ocrx_word' id='word_1_80' title='bbox 426 1082 482 1136; x_wconf 92' lang='lat' dir='ltr'><strong>in</strong></span> <span class='ocrx_word' id='word_1_81' title='bbox 509 1079 812 1135; x_wconf 81' lang='lat' dir='ltr'><strong>Jerusalem</strong></span> <span class='ocrx_word' id='word_1_82' title='bbox 843 1078 1149 1144; x_wconf 82' lang='lat' dir='ltr'><strong>adduxerit,</strong></span> <span class='ocrx_word' id='word_1_83' title='bbox 1173 1078 1406 1134; x_wconf 87' lang='lat' dir='ltr'><strong>ablatam</strong></span> <span class='ocrx_word' id='word_1_84' title='bbox 1445 1077 1510 1132; x_wconf 92' lang='lat' dir='ltr'><strong>de</strong></span> <span class='ocrx_word' id='word_1_85' title='bbox 1549 1076 1708 1131; x_wconf 89' lang='lat' dir='ltr'><strong>domo</strong></span> <span class='ocrx_word' id='word_1_86' title='bbox 1730 1075 1864 1130; x_wconf 88' lang='lat' dir='ltr'><strong>Abi-</strong></span> 
     </span>
    </p>
   </div>
   <div class='ocr_carea' id='block_1_10' title="bbox 277 1169 1867 1243">
    <p class='ocr_par' dir='ltr' id='par_1_10' title="bbox 277 1169 1867 1243">
     <span class='ocr_line' id='line_1_10' title="bbox 277 1169 1867 1243; baseline -0.005 -13"><span class='ocrx_word' id='word_1_87' title='bbox 277 1176 476 1239; x_wconf 90' lang='lat' dir='ltr'><strong>nabad,</strong></span> <span class='ocrx_word' id='word_1_88' title='bbox 508 1174 565 1229; x_wconf 93' lang='lat' dir='ltr'><strong>in</strong></span> <span class='ocrx_word' id='word_1_89' title='bbox 593 1189 756 1243; x_wconf 91' lang='lat' dir='ltr'><strong>quam</strong></span> <span class='ocrx_word' id='word_1_90' title='bbox 784 1188 927 1228; x_wconf 91' lang='lat' dir='ltr'><strong>nunc</strong></span> <span class='ocrx_word' id='word_1_91' title='bbox 973 1172 1123 1226; x_wconf 91' lang='lat' dir='ltr'><strong>illata</strong></span> <span class='ocrx_word' id='word_1_92' title='bbox 1158 1186 1279 1227; x_wconf 89' lang='lat' dir='ltr'><strong>esse</strong></span> <span class='ocrx_word' id='word_1_93' title='bbox 1302 1169 1647 1242; x_wconf 87' lang='lat' dir='ltr'><strong>perhibetur,</strong></span> <span class='ocrx_word' id='word_1_94' title='bbox 1695 1175 1867 1223; x_wconf 85' lang='lat' dir='ltr'><strong>restat</strong></span> 
     </span>
    </p>
   </div>
   <div class='ocr_carea' id='block_1_11' title="bbox 276 1261 1864 1336">
    <p class='ocr_par' dir='ltr' id='par_1_11' title="bbox 276 1261 1864 1336">
     <span class='ocr_line' id='line_1_11' title="bbox 276 1261 1864 1336; baseline -0.005 -14"><span class='ocrx_word' id='word_1_95' title='bbox 276 1266 501 1336; x_wconf 84' lang='lat' dir='ltr'><strong>intelligi</strong></span> <span class='ocrx_word' id='word_1_96' title='bbox 528 1264 672 1335; x_wconf 90' lang='lat' dir='ltr'><strong>quod</strong></span> <span class='ocrx_word' id='word_1_97' title='bbox 697 1265 752 1318; x_wconf 90' lang='lat' dir='ltr'><strong>in</strong></span> <span class='ocrx_word' id='word_1_98' title='bbox 773 1263 964 1319; x_wconf 91' lang='lat' dir='ltr'><strong>diebus</strong></span> <span class='ocrx_word' id='word_1_99' title='bbox 990 1262 1169 1319; x_wconf 90' lang='lat' dir='ltr'><strong>Saulis</strong></span> <span class='ocrx_word' id='word_1_100' title='bbox 1195 1263 1367 1318; x_wconf 90' lang='lat' dir='ltr'><strong>relata</strong></span> <span class='ocrx_word' id='word_1_101' title='bbox 1387 1262 1453 1317; x_wconf 93' lang='lat' dir='ltr'><strong>de</strong></span> <span class='ocrx_word' id='word_1_102' title='bbox 1478 1262 1695 1325; x_wconf 84' lang='lat' dir='ltr'><strong>castris,</strong></span> <span class='ocrx_word' id='word_1_103' title='bbox 1729 1267 1784 1315; x_wconf 90' lang='lat' dir='ltr'><strong>et</strong></span> <span class='ocrx_word' id='word_1_104' title='bbox 1809 1261 1864 1315; x_wconf 93' lang='lat' dir='ltr'><strong>in</strong></span> 
     </span>
    </p>
   </div>
   <div class='ocr_carea' id='block_1_12' title="bbox 270 1356 1865 1434">
    <p class='ocr_par' dir='ltr' id='par_1_12' title="bbox 270 1356 1865 1434">
     <span class='ocr_line' id='line_1_12' title="bbox 270 1356 1865 1434; baseline -0.004 -19"><span class='ocrx_word' id='word_1_105' title='bbox 270 1359 553 1434; x_wconf 65' lang='lat' dir='ltr'><strong>praefatam</strong></span> <span class='ocrx_word' id='word_1_106' title='bbox 587 1358 657 1413; x_wconf 93' lang='lat' dir='ltr'><strong>sit</strong></span> <span class='ocrx_word' id='word_1_107' title='bbox 696 1357 845 1425; x_wconf 82' lang='lat' dir='ltr'><strong>illata</strong></span> <span class='ocrx_word' id='word_1_108' title='bbox 871 1357 1169 1424; x_wconf 89' lang='lat' dir='ltr'><strong>civitatem,</strong></span> <span class='ocrx_word' id='word_1_109' title='bbox 1201 1358 1345 1411; x_wconf 91' lang='lat' dir='ltr'><strong>unde</strong></span> <span class='ocrx_word' id='word_1_110' title='bbox 1367 1356 1566 1421; x_wconf 88' lang='lat' dir='ltr'><strong>denuo,</strong></span> <span class='ocrx_word' id='word_1_111' title='bbox 1602 1362 1865 1427; x_wconf 78' lang='lat' dir='ltr'><strong>regnante</strong></span> 
     </span>
    </p>
   </div>
   <div class='ocr_carea' id='block_1_13' title="bbox 274 1446 1864 1518">
    <p class='ocr_par' dir='ltr' id='par_1_13' title="bbox 274 1446 1864 1518">
     <span class='ocr_line' id='line_1_13' title="bbox 274 1446 1864 1518; baseline -0.004 -12"><span class='ocrx_word' id='word_1_112' title='bbox 274 1451 472 1516; x_wconf 85' lang='lat' dir='ltr'><strong>David,</strong></span> <span class='ocrx_word' id='word_1_113' title='bbox 495 1449 751 1506; x_wconf 81' lang='lat' dir='ltr'><strong>afferetur</strong></span> <span class='ocrx_word' id='word_1_114' title='bbox 779 1450 834 1504; x_wconf 93' lang='lat' dir='ltr'><strong>in</strong></span> <span class='ocrx_word' id='word_1_115' title='bbox 862 1446 1185 1504; x_wconf 78' lang='lat' dir='ltr'><strong>Jerusalem.</strong></span> <span class='ocrx_word' id='word_1_116' title='bbox 1220 1447 1317 1502; x_wconf 89' lang='lat' dir='ltr'><strong>Est</strong></span> <span class='ocrx_word' id='word_1_117' title='bbox 1353 1462 1483 1518; x_wconf 87' lang='lat' dir='ltr'><strong>ergo</strong></span> <span class='ocrx_word' id='word_1_118' title='bbox 1527 1460 1719 1501; x_wconf 90' lang='lat' dir='ltr'><strong>sensus</strong></span> <span class='ocrx_word' id='word_1_119' title='bbox 1748 1460 1864 1499; x_wconf 87' lang='lat' dir='ltr'><strong>me-</strong></span> 
     </span>
    </p>
   </div>
   <div class='ocr_carea' id='block_1_14' title="bbox 272 1536 1864 1609">
    <p class='ocr_par' dir='ltr' id='par_1_14' title="bbox 272 1536 1864 1609">
     <span class='ocr_line' id='line_1_14' title="bbox 272 1536 1864 1609; baseline -0.004 -12"><span class='ocrx_word' id='word_1_120' title='bbox 272 1550 498 1598; x_wconf 63' lang='lat' dir='ltr'><strong>moratae</strong></span> <span class='ocrx_word' id='word_1_121' title='bbox 525 1540 809 1598; x_wconf 76' lang='lat' dir='ltr'><strong>sententia:</strong></span> <span class='ocrx_word' id='word_1_122' title='bbox 832 1558 846 1593; x_wconf 89' lang='lat'><strong>:</strong></span> <span class='ocrx_word' id='word_1_123' title='bbox 872 1538 1006 1607; x_wconf 87' lang='lat' dir='ltr'><strong>Quia</strong></span> <span class='ocrx_word' id='word_1_124' title='bbox 1036 1554 1104 1594; x_wconf 85' lang='lat' dir='ltr'><strong>ex</strong></span> <span class='ocrx_word' id='word_1_125' title='bbox 1145 1554 1253 1609; x_wconf 90' lang='lat' dir='ltr'><strong>quo</strong></span> <span class='ocrx_word' id='word_1_126' title='bbox 1278 1539 1479 1594; x_wconf 84' lang='lat' dir='ltr'><strong>mansit</strong></span> <span class='ocrx_word' id='word_1_127' title='bbox 1506 1554 1631 1593; x_wconf 89' lang='lat' dir='ltr'><strong>arca</strong></span> <span class='ocrx_word' id='word_1_128' title='bbox 1661 1538 1713 1593; x_wconf 89' lang='lat' dir='ltr'><strong>in</strong></span> <span class='ocrx_word' id='word_1_129' title='bbox 1761 1536 1864 1592; x_wconf 88' lang='lat' dir='ltr'><strong>Ca-</strong></span> 
     </span>
    </p>
   </div>
   <div class='ocr_carea' id='block_1_15' title="bbox 272 1628 1864 1699">
    <p class='ocr_par' dir='ltr' id='par_1_15' title="bbox 272 1628 1864 1699">
     <span class='ocr_line' id='line_1_15' title="bbox 272 1628 1864 1699; baseline -0.004 -11"><span class='ocrx_word' id='word_1_130' title='bbox 272 1634 616 1699; x_wconf 89' lang='lat' dir='ltr'><strong>riathiarim,</strong></span> <span class='ocrx_word' id='word_1_131' title='bbox 663 1641 785 1688; x_wconf 90' lang='lat' dir='ltr'><strong>erat</strong></span> <span class='ocrx_word' id='word_1_132' title='bbox 835 1647 1010 1687; x_wconf 90' lang='lat' dir='ltr'><strong>annus</strong></span> <span class='ocrx_word' id='word_1_133' title='bbox 1053 1630 1344 1686; x_wconf 88' lang='lat' dir='ltr'><strong>vicesimus</strong></span> <span class='ocrx_word' id='word_1_134' title='bbox 1392 1646 1515 1685; x_wconf 91' lang='lat' dir='ltr'><strong>cum</strong></span> <span class='ocrx_word' id='word_1_135' title='bbox 1570 1644 1691 1685; x_wconf 90' lang='lat' dir='ltr'><strong>eam</strong></span> <span class='ocrx_word' id='word_1_136' title='bbox 1736 1628 1864 1682; x_wconf 90' lang='lat' dir='ltr'><strong>inde</strong></span> 
     </span>
    </p>
   </div>
   <div class='ocr_carea' id='block_1_16' title="bbox 273 1719 1860 1794">
    <p class='ocr_par' dir='ltr' id='par_1_16' title="bbox 273 1719 1860 1794">
     <span class='ocr_line' id='line_1_16' title="bbox 273 1719 1860 1794; baseline -0.003 -17"><span class='ocrx_word' id='word_1_137' title='bbox 273 1722 559 1779; x_wconf 88' lang='lat' dir='ltr'><strong>transferri</strong></span> <span class='ocrx_word' id='word_1_138' title='bbox 586 1723 919 1794; x_wconf 88' lang='lat' dir='ltr'><strong>temporibus</strong></span> <span class='ocrx_word' id='word_1_139' title='bbox 944 1722 1075 1778; x_wconf 92' lang='lat' dir='ltr'><strong>Saul</strong></span> <span class='ocrx_word' id='word_1_140' title='bbox 1093 1738 1259 1778; x_wconf 85' lang='lat' dir='ltr'><strong>causa</strong></span> <span class='ocrx_word' id='word_1_141' title='bbox 1281 1721 1404 1777; x_wconf 91' lang='lat' dir='ltr'><strong>belli</strong></span> <span class='ocrx_word' id='word_1_142' title='bbox 1432 1722 1738 1791; x_wconf 80' lang='lat' dir='ltr'><strong>contigerit.</strong></span> <span class='ocrx_word' id='word_1_143' title='bbox 1764 1719 1860 1776; x_wconf 80' lang='lat' dir='ltr'><strong>Vel</strong></span> 
     </span>
    </p>
   </div>
   <div class='ocr_carea' id='block_1_17' title="bbox 268 1813 1859 1871">
    <p class='ocr_par' dir='ltr' id='par_1_17' title="bbox 268 1813 1859 1871">
     <span class='ocr_line' id='line_1_17' title="bbox 268 1813 1859 1871; baseline -0.002 -1"><span class='ocrx_word' id='word_1_144' title='bbox 268 1824 417 1870; x_wconf 86' lang='lat' dir='ltr'><strong>certe</strong></span> <span class='ocrx_word' id='word_1_145' title='bbox 432 1814 736 1871; x_wconf 40' lang='lat' dir='ltr'><strong>[vicesimus</strong></span> <span class='ocrx_word' id='word_1_146' title='bbox 757 1822 877 1869; x_wconf 89' lang='lat' dir='ltr'><strong>erat</strong></span> <span class='ocrx_word' id='word_1_147' title='bbox 901 1830 1075 1869; x_wconf 88' lang='lat' dir='ltr'><strong>annus</strong></span> <span class='ocrx_word' id='word_1_148' title='bbox 1107 1829 1231 1869; x_wconf 91' lang='lat' dir='ltr'><strong>cum</strong></span> <span class='ocrx_word' id='word_1_149' title='bbox 1260 1813 1435 1868; x_wconf 91' lang='lat' dir='ltr'><strong>adhuc</strong></span> <span class='ocrx_word' id='word_1_150' title='bbox 1465 1813 1643 1867; x_wconf 89' lang='lat' dir='ltr'><strong>omnis</strong></span> <span class='ocrx_word' id='word_1_151' title='bbox 1668 1813 1859 1867; x_wconf 89' lang='lat' dir='ltr'><strong>domus</strong></span> 
     </span>
    </p>
   </div>
   <div class='ocr_carea' id='block_1_18' title="bbox 1978 618 3556 697">
    <p class='ocr_par' dir='ltr' id='par_1_18' title="bbox 1978 618 3556 697">
     <span class='ocr_line' id='line_1_18' title="bbox 1978 618 3556 697; baseline 0.011 -28"><span class='ocrx_word' id='word_1_152' title='bbox 1978 636 1997 669; x_wconf 72' lang='grc' dir='ltr'><strong>ι</strong></span> <span class='ocrx_word' id='word_1_153' title='bbox 2033 625 2153 673; x_wconf 90' lang='lat' dir='ltr'><strong>erat</strong></span> <span class='ocrx_word' id='word_1_154' title='bbox 2203 618 2389 673; x_wconf 89' lang='lat' dir='ltr'><strong>subter</strong></span> <span class='ocrx_word' id='word_1_155' title='bbox 2421 618 2672 676; x_wconf 81' lang='lat' dir='ltr'><strong>Bethcar.</strong></span> <span class='ocrx_word' id='word_1_156' title='bbox 2711 639 2732 674; x_wconf 73' lang='grc' dir='ltr'><strong>ι</strong></span> <span class='ocrx_word' id='word_1_157' title='bbox 2765 620 2998 679; x_wconf 87' lang='lat' dir='ltr'><strong>Bethear</strong></span> <span class='ocrx_word' id='word_1_158' title='bbox 3037 623 3427 697; x_wconf 86' lang='lat' dir='ltr'><strong>interpretatur</strong></span> <span class='ocrx_word' id='word_1_159' title='bbox 3464 630 3556 687; x_wconf 85' lang='lat' dir='ltr'><strong>do-</strong></span> 
     </span>
    </p>
   </div>
   <div class='ocr_carea' id='block_1_19' title="bbox 1967 711 3553 793">
    <p class='ocr_par' dir='ltr' id='par_1_19' title="bbox 1967 711 3553 793">
     <span class='ocr_line' id='line_1_19' title="bbox 1967 711 3553 793; baseline 0.011 -30"><span class='ocrx_word' id='word_1_160' title='bbox 1967 726 2084 764; x_wconf 82' lang='lat' dir='ltr'><strong>mus</strong></span> <span class='ocrx_word' id='word_1_161' title='bbox 2114 711 2396 781; x_wconf 79' lang='lat' dir='ltr'><strong>agnitionis</strong></span> <span class='ocrx_word' id='word_1_162' title='bbox 2423 712 2509 768; x_wconf 91' lang='lat' dir='ltr'><strong>vel</strong></span> <span class='ocrx_word' id='word_1_163' title='bbox 2529 713 2715 768; x_wconf 72' lang='lat' dir='ltr'><strong>domus</strong></span> <span class='ocrx_word' id='word_1_164' title='bbox 2761 717 2906 787; x_wconf 74' lang='lat' dir='ltr'><strong>agni.</strong></span> <span class='ocrx_word' id='word_1_165' title='bbox 2931 716 3065 772; x_wconf 90' lang='lat' dir='ltr'><strong>Cum</strong></span> <span class='ocrx_word' id='word_1_166' title='bbox 3090 735 3189 791; x_wconf 92' lang='lat' dir='ltr'><strong>per</strong></span> <span class='ocrx_word' id='word_1_167' title='bbox 3234 723 3553 793; x_wconf 65' lang='lat' dir='ltr'><strong>praedicato-</strong></span> 
     </span>
    </p>
   </div>
   <div class='ocr_carea' id='block_1_20' title="bbox 1967 800 3554 882">
    <p class='ocr_par' dir='ltr' id='par_1_20' title="bbox 1967 800 3554 882">
     <span class='ocr_line' id='line_1_20' title="bbox 1967 800 3554 882; baseline 0.011 -28"><span class='ocrx_word' id='word_1_168' title='bbox 1967 815 2056 855; x_wconf 90' lang='lat' dir='ltr'><strong>res</strong></span> <span class='ocrx_word' id='word_1_169' title='bbox 2083 800 2359 872; x_wconf 80' lang='lat' dir='ltr'><strong>Evangelii</strong></span> <span class='ocrx_word' id='word_1_170' title='bbox 2393 802 2655 860; x_wconf 90' lang='lat' dir='ltr'><strong>Dominus</strong></span> <span class='ocrx_word' id='word_1_171' title='bbox 2678 819 2842 876; x_wconf 89' lang='lat' dir='ltr'><strong>super</strong></span> <span class='ocrx_word' id='word_1_172' title='bbox 2878 806 3063 864; x_wconf 87' lang='lat' dir='ltr'><strong>hostes</strong></span> <span class='ocrx_word' id='word_1_173' title='bbox 3105 812 3379 882; x_wconf 86' lang='lat' dir='ltr'><strong>spiritales</strong></span> <span class='ocrx_word' id='word_1_174' title='bbox 3415 816 3554 872; x_wconf 92' lang='lat' dir='ltr'><strong>into-</strong></span> 
     </span>
    </p>
   </div>
   <div class='ocr_carea' id='block_1_21' title="bbox 1967 891 3550 972">
    <p class='ocr_par' dir='ltr' id='par_1_21' title="bbox 1967 891 3550 972">
     <span class='ocr_line' id='line_1_21' title="bbox 1967 891 3550 972; baseline 0.011 -28"><span class='ocrx_word' id='word_1_175' title='bbox 1967 891 2105 957; x_wconf 90' lang='lat' dir='ltr'><strong>nuit,</strong></span> <span class='ocrx_word' id='word_1_176' title='bbox 2138 891 2193 946; x_wconf 94' lang='lat' dir='ltr'><strong>in</strong></span> <span class='ocrx_word' id='word_1_177' title='bbox 2220 892 2401 964; x_wconf 90' lang='lat' dir='ltr'><strong>fugam</strong></span> <span class='ocrx_word' id='word_1_178' title='bbox 2423 894 2568 949; x_wconf 82' lang='lat' dir='ltr'><strong>versi</strong></span> <span class='ocrx_word' id='word_1_179' title='bbox 2589 906 2911 952; x_wconf 88' lang='lat' dir='ltr'><strong>corruerunt</strong></span> <span class='ocrx_word' id='word_1_180' title='bbox 2941 913 3124 955; x_wconf 88' lang='lat' dir='ltr'><strong>coram</strong></span> <span class='ocrx_word' id='word_1_181' title='bbox 3154 902 3340 971; x_wconf 89' lang='lat' dir='ltr'><strong>Israel,</strong></span> <span class='ocrx_word' id='word_1_182' title='bbox 3363 905 3419 961; x_wconf 93' lang='lat' dir='ltr'><strong>id</strong></span> <span class='ocrx_word' id='word_1_183' title='bbox 3445 914 3550 972; x_wconf 91' lang='lat' dir='ltr'><strong>est,</strong></span> 
     </span>
    </p>
   </div>
   <div class='ocr_carea' id='block_1_22' title="bbox 1967 984 3552 1066">
    <p class='ocr_par' dir='ltr' id='par_1_22' title="bbox 1967 984 3552 1066">
     <span class='ocr_line' id='line_1_22' title="bbox 1967 984 3552 1066; baseline 0.01 -29"><span class='ocrx_word' id='word_1_184' title='bbox 1967 997 2151 1037; x_wconf 90' lang='lat' dir='ltr'><strong>coram</strong></span> <span class='ocrx_word' id='word_1_185' title='bbox 2179 984 2374 1055; x_wconf 90' lang='lat' dir='ltr'><strong>populo</strong></span> <span class='ocrx_word' id='word_1_186' title='bbox 2426 985 2541 1041; x_wconf 91' lang='lat' dir='ltr'><strong>Dei.</strong></span> <span class='ocrx_word' id='word_1_187' title='bbox 2574 985 2641 1040; x_wconf 90' lang='lat' dir='ltr'><strong>Et</strong></span> <span class='ocrx_word' id='word_1_188' title='bbox 2673 989 2945 1058; x_wconf 89' lang='lat' dir='ltr'><strong>persecuti</strong></span> <span class='ocrx_word' id='word_1_189' title='bbox 2992 998 3119 1045; x_wconf 91' lang='lat' dir='ltr'><strong>sunt</strong></span> <span class='ocrx_word' id='word_1_190' title='bbox 3162 1006 3258 1049; x_wconf 90' lang='lat' dir='ltr'><strong>eos</strong></span> <span class='ocrx_word' id='word_1_191' title='bbox 3296 1011 3469 1066; x_wconf 89' lang='lat' dir='ltr'><strong>usque</strong></span> <span class='ocrx_word' id='word_1_192' title='bbox 3494 998 3552 1052; x_wconf 91' lang='lat' dir='ltr'><strong>in</strong></span> 
     </span>
    </p>
   </div>
   <div class='ocr_carea' id='block_1_23' title="bbox 1966 1074 3553 1152">
    <p class='ocr_par' dir='ltr' id='par_1_23' title="bbox 1966 1074 3553 1152">
     <span class='ocr_line' id='line_1_23' title="bbox 1966 1074 3553 1152; baseline 0.01 -24"><span class='ocrx_word' id='word_1_193' title='bbox 1966 1074 2184 1129; x_wconf 90' lang='lat' dir='ltr'><strong>domum</strong></span> <span class='ocrx_word' id='word_1_194' title='bbox 2223 1076 2531 1148; x_wconf 79' lang='lat' dir='ltr'><strong>agnitionis,</strong></span> <span class='ocrx_word' id='word_1_195' title='bbox 2560 1077 2665 1134; x_wconf 91' lang='lat' dir='ltr'><strong>hoc</strong></span> <span class='ocrx_word' id='word_1_196' title='bbox 2706 1086 2809 1146; x_wconf 86' lang='lat' dir='ltr'><strong>est,</strong></span> <span class='ocrx_word' id='word_1_197' title='bbox 2863 1094 3147 1152; x_wconf 89' lang='lat' dir='ltr'><strong>quousque</strong></span> <span class='ocrx_word' id='word_1_198' title='bbox 3185 1086 3362 1142; x_wconf 88' lang='lat' dir='ltr'><strong>omnis</strong></span> <span class='ocrx_word' id='word_1_199' title='bbox 3396 1102 3553 1145; x_wconf 85' lang='lat' dir='ltr'><strong>error</strong></span> 
     </span>
    </p>
   </div>
   <div class='ocr_carea' id='block_1_24' title="bbox 1965 1170 3088 1244">
    <p class='ocr_par' dir='ltr' id='par_1_24' title="bbox 1965 1170 3088 1244">
     <span class='ocr_line' id='line_1_24' title="bbox 1965 1170 3088 1244; baseline 0.008 -25"><span class='ocrx_word' id='word_1_200' title='bbox 1965 1175 2324 1236; x_wconf 78' lang='lat' dir='ltr'><strong>expugnetur,</strong></span> <span class='ocrx_word' id='word_1_201' title='bbox 2347 1178 2402 1224; x_wconf 92' lang='lat' dir='ltr'><strong>et</strong></span> <span class='ocrx_word' id='word_1_202' title='bbox 2425 1184 2553 1225; x_wconf 89' lang='lat' dir='ltr'><strong>vere</strong></span> <span class='ocrx_word' id='word_1_203' title='bbox 2579 1170 2721 1226; x_wconf 92' lang='lat' dir='ltr'><strong>Deus</strong></span> <span class='ocrx_word' id='word_1_204' title='bbox 2744 1181 3088 1244; x_wconf 78' lang='lat' dir='ltr'><strong>agnoscatur.</strong></span> 
     </span>
    </p>
   </div>
   <div class='ocr_carea' id='block_1_25' title="bbox 2041 1258 3556 1336">
    <p class='ocr_par' dir='ltr' id='par_1_25' title="bbox 2041 1258 3556 1336">
     <span class='ocr_line' id='line_1_25' title="bbox 2041 1258 3556 1336; baseline 0.013 -26"><span class='ocrx_word' id='word_1_205' title='bbox 2041 1277 2061 1309; x_wconf 71' lang='grc' dir='ltr'><strong>ι</strong></span> <span class='ocrx_word' id='word_1_206' title='bbox 2100 1258 2251 1316; x_wconf 83' lang='grc' dir='ltr'>Τιιηε</span> <span class='ocrx_word' id='word_1_207' title='bbox 2282 1263 2576 1332; x_wconf 86' lang='lat' dir='ltr'><strong>assumpsit</strong></span> <span class='ocrx_word' id='word_1_208' title='bbox 2621 1262 2838 1320; x_wconf 88' lang='lat' dir='ltr'><strong>Samuel</strong></span> <span class='ocrx_word' id='word_1_209' title='bbox 2878 1266 3114 1336; x_wconf 89' lang='lat' dir='ltr'><strong>lapidem</strong></span> <span class='ocrx_word' id='word_1_210' title='bbox 3149 1284 3338 1336; x_wconf 91' lang='lat' dir='ltr'><strong>unum,</strong></span> <span class='ocrx_word' id='word_1_211' title='bbox 3359 1280 3415 1326; x_wconf 88' lang='lat' dir='ltr'><strong>et</strong></span> <span class='ocrx_word' id='word_1_212' title='bbox 3442 1280 3556 1329; x_wconf 87' lang='lat' dir='ltr'><strong>sta-</strong></span> 
     </span>
    </p>
   </div>
   <div class='ocr_carea' id='block_1_26' title="bbox 1971 1353 3555 1435">
    <p class='ocr_par' dir='ltr' id='par_1_26' title="bbox 1971 1353 3555 1435">
     <span class='ocr_line' id='line_1_26' title="bbox 1971 1353 3555 1435; baseline 0.01 -31"><span class='ocrx_word' id='word_1_213' title='bbox 1971 1371 1990 1404; x_wconf 75' lang='grc' dir='ltr'><strong>ι</strong></span> <span class='ocrx_word' id='word_1_214' title='bbox 2023 1353 2125 1409; x_wconf 90' lang='lat' dir='ltr'><strong>tuit</strong></span> <span class='ocrx_word' id='word_1_215' title='bbox 2165 1354 2317 1411; x_wconf 90' lang='lat' dir='ltr'><strong>illum</strong></span> <span class='ocrx_word' id='word_1_216' title='bbox 2347 1357 2489 1412; x_wconf 90' lang='lat' dir='ltr'><strong>inter</strong></span> <span class='ocrx_word' id='word_1_217' title='bbox 2511 1356 2759 1429; x_wconf 88' lang='lat' dir='ltr'><strong>Maspbat</strong></span> <span class='ocrx_word' id='word_1_218' title='bbox 2782 1367 2838 1414; x_wconf 91' lang='lat' dir='ltr'><strong>et</strong></span> <span class='ocrx_word' id='word_1_219' title='bbox 2879 1360 3021 1415; x_wconf 91' lang='lat' dir='ltr'><strong>inter</strong></span> <span class='ocrx_word' id='word_1_220' title='bbox 3052 1359 3161 1417; x_wconf 91' lang='lat' dir='ltr'><strong>Sen</strong></span> <span class='ocrx_word' id='word_1_221' title='bbox 3203 1361 3329 1435; x_wconf 88' lang='lat' dir='ltr'><strong>(vel,</strong></span> <span class='ocrx_word' id='word_1_222' title='bbox 3358 1372 3420 1419; x_wconf 91' lang='lat' dir='ltr'><strong>ut</strong></span> <span class='ocrx_word' id='word_1_223' title='bbox 3445 1365 3555 1420; x_wconf 88' lang='lat' dir='ltr'><strong>alia</strong></span> 
     </span>
    </p>
   </div>
   <div class='ocr_carea' id='block_1_27' title="bbox 1963 1444 3547 1527">
    <p class='ocr_par' dir='ltr' id='par_1_27' title="bbox 1963 1444 3547 1527">
     <span class='ocr_line' id='line_1_27' title="bbox 1963 1444 3547 1527; baseline 0.006 -28"><span class='ocrx_word' id='word_1_224' title='bbox 1963 1444 2130 1499; x_wconf 88' lang='lat' dir='ltr'><strong>editio</strong></span> <span class='ocrx_word' id='word_1_225' title='bbox 2155 1447 2336 1513; x_wconf 85' lang='lat' dir='ltr'><strong>habet,</strong></span> <span class='ocrx_word' id='word_1_226' title='bbox 2373 1468 2390 1500; x_wconf 84' lang='grc'><strong>‹</strong></span> <span class='ocrx_word' id='word_1_227' title='bbox 2419 1450 2561 1506; x_wconf 90' lang='lat' dir='ltr'><strong>inter</strong></span> <span class='ocrx_word' id='word_1_228' title='bbox 2604 1451 2853 1523; x_wconf 85' lang='lat' dir='ltr'><strong>Maspbat</strong></span> <span class='ocrx_word' id='word_1_229' title='bbox 2878 1468 3077 1509; x_wconf 91' lang='lat' dir='ltr'><strong>novum</strong></span> <span class='ocrx_word' id='word_1_230' title='bbox 3123 1462 3179 1509; x_wconf 90' lang='lat' dir='ltr'><strong>et</strong></span> <span class='ocrx_word' id='word_1_231' title='bbox 3203 1460 3489 1527; x_wconf 88' lang='lat' dir='ltr'><strong>veterem).</strong></span> <span class='ocrx_word' id='word_1_232' title='bbox 3526 1479 3547 1509; x_wconf 72' lang='grc' dir='ltr'><strong>ι</strong></span> 
     </span>
    </p>
   </div>
   <div class='ocr_carea' id='block_1_28' title="bbox 1968 1536 3563 1617">
    <p class='ocr_par' dir='ltr' id='par_1_28' title="bbox 1968 1536 3563 1617">
     <span class='ocr_line' id='line_1_28' title="bbox 1968 1536 3563 1617; baseline 0.012 -30"><span class='ocrx_word' id='word_1_233' title='bbox 1968 1554 1987 1586; x_wconf 87' lang='grc'><strong>‹</strong></span> <span class='ocrx_word' id='word_1_234' title='bbox 2021 1536 2089 1590; x_wconf 88' lang='lat' dir='ltr'><strong>Et</strong></span> <span class='ocrx_word' id='word_1_235' title='bbox 2116 1541 2330 1595; x_wconf 82' lang='lat' dir='ltr'><strong>vocavit</strong></span> <span class='ocrx_word' id='word_1_236' title='bbox 2354 1557 2551 1597; x_wconf 90' lang='lat' dir='ltr'><strong>nomen</strong></span> <span class='ocrx_word' id='word_1_237' title='bbox 2579 1542 2699 1613; x_wconf 87' lang='lat' dir='ltr'><strong>ejus</strong></span> <span class='ocrx_word' id='word_1_238' title='bbox 2744 1543 3087 1615; x_wconf 82' lang='lat' dir='ltr'><strong>Abenneger,</strong></span> <span class='ocrx_word' id='word_1_239' title='bbox 3136 1548 3281 1617; x_wconf 88' lang='lat' dir='ltr'><strong>quod</strong></span> <span class='ocrx_word' id='word_1_240' title='bbox 3304 1556 3408 1615; x_wconf 90' lang='lat' dir='ltr'><strong>est,</strong></span> <span class='ocrx_word' id='word_1_241' title='bbox 3444 1548 3563 1605; x_wconf 44' lang='lat' dir='ltr'><strong>Lam</strong></span> 
     </span>
    </p>
   </div>
   <div class='ocr_carea' id='block_1_29' title="bbox 1969 1634 3555 1713">
    <p class='ocr_par' dir='ltr' id='par_1_29' title="bbox 1969 1634 3555 1713">
     <span class='ocr_line' id='line_1_29' title="bbox 1969 1634 3555 1713; baseline 0.008 -28"><span class='ocrx_word' id='word_1_242' title='bbox 1969 1652 1987 1685; x_wconf 85' lang='grc'><em>‹</em></span> <span class='ocrx_word' id='word_1_243' title='bbox 2025 1634 2156 1701; x_wconf 87' lang='lat' dir='ltr'><strong>tine,</strong></span> <span class='ocrx_word' id='word_1_244' title='bbox 2203 1634 2337 1706; x_wconf 86' lang='lat' dir='ltr'><strong>lapis</strong></span> <span class='ocrx_word' id='word_1_245' title='bbox 2366 1639 2643 1709; x_wconf 84' lang='lat' dir='ltr'><strong>adjutorii.</strong></span> <span class='ocrx_word' id='word_1_246' title='bbox 2677 1640 2747 1695; x_wconf 89' lang='lat' dir='ltr'><strong>Et</strong></span> <span class='ocrx_word' id='word_1_247' title='bbox 2782 1641 2920 1697; x_wconf 82' lang='lat' dir='ltr'><strong>dixit</strong></span> <span class='ocrx_word' id='word_1_248' title='bbox 2948 1660 2961 1696; x_wconf 87' lang='lat'><strong>:</strong></span> <span class='ocrx_word' id='word_1_249' title='bbox 2994 1641 3177 1713; x_wconf 88' lang='lat' dir='ltr'><strong>Usque</strong></span> <span class='ocrx_word' id='word_1_250' title='bbox 3199 1644 3309 1699; x_wconf 84' lang='lat' dir='ltr'><strong>huc</strong></span> <span class='ocrx_word' id='word_1_251' title='bbox 3348 1643 3555 1713; x_wconf 86' lang='lat' dir='ltr'><strong>adjuvit</strong></span> 
     </span>
    </p>
   </div>
   <div class='ocr_carea' id='block_1_30' title="bbox 1967 1725 3565 1805">
    <p class='ocr_par' dir='ltr' id='par_1_30' title="bbox 1967 1725 3565 1805">
     <span class='ocr_line' id='line_1_30' title="bbox 1967 1725 3565 1805; baseline 0.008 -30"><span class='ocrx_word' id='word_1_252' title='bbox 1967 1741 1986 1774; x_wconf 77' lang='grc' dir='ltr'><strong>ι</strong></span> <span class='ocrx_word' id='word_1_253' title='bbox 2022 1740 2122 1780; x_wconf 92' lang='lat' dir='ltr'><strong>nos</strong></span> <span class='ocrx_word' id='word_1_254' title='bbox 2165 1725 2450 1795; x_wconf 88' lang='lat' dir='ltr'><strong>Dominus,</strong></span> <span class='ocrx_word' id='word_1_255' title='bbox 2487 1749 2507 1782; x_wconf 76' lang='grc' dir='ltr'><strong><em>ι</em></strong></span> <span class='ocrx_word' id='word_1_256' title='bbox 2543 1738 2650 1786; x_wconf 91' lang='lat' dir='ltr'><strong>etc.</strong></span> <span class='ocrx_word' id='word_1_257' title='bbox 2698 1730 2942 1800; x_wconf 89' lang='lat' dir='ltr'><strong>Maspbat</strong></span> <span class='ocrx_word' id='word_1_258' title='bbox 2965 1732 3046 1803; x_wconf 91' lang='lat' dir='ltr'><strong>(ut</strong></span> <span class='ocrx_word' id='word_1_259' title='bbox 3093 1747 3256 1802; x_wconf 84' lang='lat' dir='ltr'><strong>supra</strong></span> <span class='ocrx_word' id='word_1_260' title='bbox 3294 1732 3565 1805; x_wconf 78' lang='lat' dir='ltr'><strong>diximus)</strong></span> 
     </span>
    </p>
   </div>
   <div class='ocr_carea' id='block_1_31' title="bbox 1962 1814 3552 1895">
    <p class='ocr_par' dir='ltr' id='par_1_31' title="bbox 1962 1814 3552 1895">
     <span class='ocr_line' id='line_1_31' title="bbox 1962 1814 3552 1895; baseline 0.007 -26"><span class='ocrx_word' id='word_1_261' title='bbox 1962 1814 2351 1887; x_wconf 88' lang='lat' dir='ltr'><strong>interpretatur</strong></span> <span class='ocrx_word' id='word_1_262' title='bbox 2371 1820 2607 1876; x_wconf 80' lang='lat' dir='ltr'><strong>intentio.</strong></span> <span class='ocrx_word' id='word_1_263' title='bbox 2635 1821 2755 1895; x_wconf 82' lang='lat' dir='ltr'><strong>(Ea:</strong></span> <span class='ocrx_word' id='word_1_264' title='bbox 2781 1821 3049 1895; x_wconf 82' lang='lat' dir='ltr'><strong>Isidoro.)</strong></span> <span class='ocrx_word' id='word_1_265' title='bbox 3073 1824 3236 1895; x_wconf 87' lang='lat' dir='ltr'><strong>Lapis</strong></span> <span class='ocrx_word' id='word_1_266' title='bbox 3268 1825 3356 1880; x_wconf 91' lang='lat' dir='ltr'><strong>ille</strong></span> <span class='ocrx_word' id='word_1_267' title='bbox 3396 1824 3552 1894; x_wconf 87' lang='lat' dir='ltr'><strong>adju-</strong></span> 
     </span>
    </p>
   </div>
   <div class='ocr_carea' id='block_1_32' title="bbox 266 1898 3549 1985">
    <p class='ocr_par' dir='ltr' id='par_1_32' title="bbox 266 1898 3549 1985">
     <span class='ocr_line' id='line_1_32' title="bbox 266 1898 3549 1985; baseline 0.003 -25"><span class='ocrx_word' id='word_1_268' title='bbox 266 1905 435 1961; x_wconf 89' lang='lat' dir='ltr'><strong>lsrael</strong></span> <span class='ocrx_word' id='word_1_269' title='bbox 494 1906 760 1976; x_wconf 90' lang='lat' dir='ltr'><strong>requievit</strong></span> <span class='ocrx_word' id='word_1_270' title='bbox 812 1914 935 1975; x_wconf 90' lang='lat' dir='ltr'><strong>post</strong></span> <span class='ocrx_word' id='word_1_271' title='bbox 974 1906 1284 1971; x_wconf 88' lang='lat' dir='ltr'><strong>Dominum,</strong></span> <span class='ocrx_word' id='word_1_272' title='bbox 1334 1903 1559 1973; x_wconf 87' lang='lat' dir='ltr'><strong>abjectis</strong></span> <span class='ocrx_word' id='word_1_273' title='bbox 1599 1903 1854 1958; x_wconf 84' lang='lat' dir='ltr'><strong>videlicet</strong></span> <span class='ocrx_word' id='word_1_274' title='bbox 1881 1898 1930 1958; x_wconf 91' lang='lat' dir='ltr'><strong>B</strong></span> <span class='ocrx_word' id='word_1_275' title='bbox 1961 1908 2084 1963; x_wconf 88' lang='lat' dir='ltr'><strong>torii</strong></span> <span class='ocrx_word' id='word_1_276' title='bbox 2115 1910 2378 1966; x_wconf 87' lang='lat' dir='ltr'><strong>medietas</strong></span> <span class='ocrx_word' id='word_1_277' title='bbox 2403 1920 2488 1967; x_wconf 91' lang='lat' dir='ltr'><strong>est</strong></span> <span class='ocrx_word' id='word_1_278' title='bbox 2510 1910 2831 1980; x_wconf 86' lang='lat' dir='ltr'><strong>Salvatoris,</strong></span> <span class='ocrx_word' id='word_1_279' title='bbox 2852 1929 2951 1985; x_wconf 89' lang='lat' dir='ltr'><strong>per</strong></span> <span class='ocrx_word' id='word_1_280' title='bbox 2972 1930 3133 1985; x_wconf 92' lang='lat' dir='ltr'><strong>quem</strong></span> <span class='ocrx_word' id='word_1_281' title='bbox 3159 1916 3549 1971; x_wconf 89' lang='lat' dir='ltr'><strong>transeundum</strong></span> 
     </span>
    </p>
   </div>
   <div class='ocr_carea' id='block_1_33' title="bbox 266 1997 1862 2065">
    <p class='ocr_par' dir='ltr' id='par_1_33' title="bbox 266 1997 1862 2065">
     <span class='ocr_line' id='line_1_33' title="bbox 266 1997 1862 2065; baseline -0.003 -12"><span class='ocrx_word' id='word_1_282' title='bbox 266 1999 446 2065; x_wconf 88' lang='lat' dir='ltr'><strong>idolis,</strong></span> <span class='ocrx_word' id='word_1_283' title='bbox 476 1999 551 2054; x_wconf 90' lang='lat' dir='ltr'><strong>illi</strong></span> <span class='ocrx_word' id='word_1_284' title='bbox 588 1999 688 2055; x_wconf 91' lang='lat' dir='ltr'><strong>soli</strong></span> <span class='ocrx_word' id='word_1_285' title='bbox 720 1999 984 2055; x_wconf 87' lang='lat' dir='ltr'><strong>serviens.</strong></span> <span class='ocrx_word' id='word_1_286' title='bbox 1014 1997 1169 2065; x_wconf 85' lang='lat' dir='ltr'><strong>Quod</strong></span> <span class='ocrx_word' id='word_1_287' title='bbox 1216 2014 1336 2054; x_wconf 90' lang='lat' dir='ltr'><strong>eam</strong></span> <span class='ocrx_word' id='word_1_288' title='bbox 1365 1997 1560 2052; x_wconf 88' lang='lat' dir='ltr'><strong>fecisse</strong></span> <span class='ocrx_word' id='word_1_289' title='bbox 1582 2005 1696 2051; x_wconf 88' lang='lat' dir='ltr'><strong>toto</strong></span> <span class='ocrx_word' id='word_1_290' title='bbox 1726 2004 1862 2050; x_wconf 90' lang='lat' dir='ltr'><strong>tem-</strong></span> 
     </span>
    </p>
   </div>
   <div class='ocr_carea' id='block_1_34' title="bbox 263 2089 1862 2163">
    <p class='ocr_par' dir='ltr' id='par_1_34' title="bbox 263 2089 1862 2163">
     <span class='ocr_line' id='line_1_34' title="bbox 263 2089 1862 2163; baseline -0.003 -16"><span class='ocrx_word' id='word_1_291' title='bbox 263 2106 398 2162; x_wconf 88' lang='lat' dir='ltr'><strong>pore</strong></span> <span class='ocrx_word' id='word_1_292' title='bbox 426 2092 750 2163; x_wconf 70' lang='lat' dir='ltr'><strong>praesulatus</strong></span> <span class='ocrx_word' id='word_1_293' title='bbox 776 2090 1071 2155; x_wconf 87' lang='lat' dir='ltr'><strong>Samuelis,</strong></span> <span class='ocrx_word' id='word_1_294' title='bbox 1113 2092 1205 2162; x_wconf 91' lang='lat' dir='ltr'><strong>qui</strong></span> <span class='ocrx_word' id='word_1_295' title='bbox 1235 2091 1490 2163; x_wconf 85' lang='lat' dir='ltr'><strong>(Josepho</strong></span> <span class='ocrx_word' id='word_1_296' title='bbox 1515 2089 1673 2159; x_wconf 88' lang='lat' dir='ltr'><strong>teste)</strong></span> <span class='ocrx_word' id='word_1_297' title='bbox 1708 2090 1862 2159; x_wconf 87' lang='lat' dir='ltr'><strong>quin-</strong></span> 
     </span>
    </p>
   </div>
   <div class='ocr_carea' id='block_1_35' title="bbox 263 2179 1861 2254">
    <p class='ocr_par' dir='ltr' id='par_1_35' title="bbox 263 2179 1861 2254">
     <span class='ocr_line' id='line_1_35' title="bbox 263 2179 1861 2254; baseline -0.003 -16"><span class='ocrx_word' id='word_1_298' title='bbox 263 2183 441 2238; x_wconf 88' lang='lat' dir='ltr'><strong>decim</strong></span> <span class='ocrx_word' id='word_1_299' title='bbox 469 2184 629 2238; x_wconf 88' lang='lat' dir='ltr'><strong>annis</strong></span> <span class='ocrx_word' id='word_1_300' title='bbox 657 2183 957 2254; x_wconf 90' lang='lat' dir='ltr'><strong>completus</strong></span> <span class='ocrx_word' id='word_1_301' title='bbox 981 2191 1086 2249; x_wconf 88' lang='lat' dir='ltr'><strong>est,</strong></span> <span class='ocrx_word' id='word_1_302' title='bbox 1131 2190 1187 2238; x_wconf 92' lang='lat' dir='ltr'><strong>et</strong></span> <span class='ocrx_word' id='word_1_303' title='bbox 1214 2182 1393 2253; x_wconf 88' lang='lat' dir='ltr'><strong>primo</strong></span> <span class='ocrx_word' id='word_1_304' title='bbox 1436 2190 1678 2251; x_wconf 86' lang='lat' dir='ltr'><strong>tempore</strong></span> <span class='ocrx_word' id='word_1_305' title='bbox 1707 2179 1861 2251; x_wconf 80' lang='lat' dir='ltr'><strong>regni</strong></span> 
     </span>
    </p>
   </div>
   <div class='ocr_carea' id='block_1_36' title="bbox 264 2272 1862 2349">
    <p class='ocr_par' dir='ltr' id='par_1_36' title="bbox 264 2272 1862 2349">
     <span class='ocr_line' id='line_1_36' title="bbox 264 2272 1862 2349; baseline -0.004 -18"><span class='ocrx_word' id='word_1_306' title='bbox 264 2276 422 2345; x_wconf 90' lang='lat' dir='ltr'><strong>Saul,</strong></span> <span class='ocrx_word' id='word_1_307' title='bbox 449 2278 591 2348; x_wconf 89' lang='lat' dir='ltr'><strong>quod</strong></span> <span class='ocrx_word' id='word_1_308' title='bbox 621 2277 836 2349; x_wconf 90' lang='lat' dir='ltr'><strong>(eodem</strong></span> <span class='ocrx_word' id='word_1_309' title='bbox 879 2275 1140 2331; x_wconf 90' lang='lat' dir='ltr'><strong>historico</strong></span> <span class='ocrx_word' id='word_1_310' title='bbox 1183 2273 1517 2345; x_wconf 75' lang='lat' dir='ltr'><strong>affirmante)</strong></span> <span class='ocrx_word' id='word_1_311' title='bbox 1548 2272 1740 2343; x_wconf 84' lang='lat' dir='ltr'><strong>viginti</strong></span> <span class='ocrx_word' id='word_1_312' title='bbox 1770 2287 1862 2325; x_wconf 84' lang='lat' dir='ltr'><strong>an-</strong></span> 
     </span>
    </p>
   </div>
   <div class='ocr_carea' id='block_1_37' title="bbox 262 2364 1856 2437">
    <p class='ocr_par' dir='ltr' id='par_1_37' title="bbox 262 2364 1856 2437">
     <span class='ocr_line' id='line_1_37' title="bbox 262 2364 1856 2437; baseline -0.004 -17"><span class='ocrx_word' id='word_1_313' title='bbox 262 2368 351 2421; x_wconf 90' lang='lat' dir='ltr'><strong>nis</strong></span> <span class='ocrx_word' id='word_1_314' title='bbox 382 2367 571 2431; x_wconf 89' lang='lat' dir='ltr'><strong>tenuit,</strong></span> <span class='ocrx_word' id='word_1_315' title='bbox 603 2366 782 2422; x_wconf 91' lang='lat' dir='ltr'><strong>nullus</strong></span> <span class='ocrx_word' id='word_1_316' title='bbox 824 2378 1025 2421; x_wconf 68' lang='lat' dir='ltr'><strong>sancta:</strong></span> <span class='ocrx_word' id='word_1_317' title='bbox 1061 2364 1302 2420; x_wconf 91' lang='lat' dir='ltr'><strong>historiae</strong></span> <span class='ocrx_word' id='word_1_318' title='bbox 1329 2364 1579 2418; x_wconf 89' lang='lat' dir='ltr'><strong>curiosus</strong></span> <span class='ocrx_word' id='word_1_319' title='bbox 1607 2364 1856 2437; x_wconf 79' lang='lat' dir='ltr'><strong>ignorat:</strong></span> 
     </span>
    </p>
   </div>
   <div class='ocr_carea' id='block_1_38' title="bbox 261 2450 1860 2527">
    <p class='ocr_par' dir='ltr' id='par_1_38' title="bbox 261 2450 1860 2527">
     <span class='ocr_line' id='line_1_38' title="bbox 261 2450 1860 2527; baseline -0.005 -15"><span class='ocrx_word' id='word_1_320' title='bbox 261 2474 498 2527; x_wconf 85' lang='lat' dir='ltr'><strong>namque</strong></span> <span class='ocrx_word' id='word_1_321' title='bbox 516 2458 865 2527; x_wconf 86' lang='lat' dir='ltr'><strong>postmodum</strong></span> <span class='ocrx_word' id='word_1_322' title='bbox 890 2472 1014 2512; x_wconf 91' lang='lat' dir='ltr'><strong>cum</strong></span> <span class='ocrx_word' id='word_1_323' title='bbox 1064 2454 1381 2511; x_wconf 89' lang='lat' dir='ltr'><strong>recessisset</strong></span> <span class='ocrx_word' id='word_1_324' title='bbox 1420 2468 1451 2507; x_wconf 90' lang='lat' dir='ltr'><strong>a</strong></span> <span class='ocrx_word' id='word_1_325' title='bbox 1482 2451 1645 2507; x_wconf 90' lang='lat' dir='ltr'><strong>Saulo</strong></span> <span class='ocrx_word' id='word_1_326' title='bbox 1688 2450 1860 2520; x_wconf 89' lang='lat' dir='ltr'><strong>Spiri-</strong></span> 
     </span>
    </p>
   </div>
   <div class='ocr_carea' id='block_1_39' title="bbox 262 2541 1859 2617">
    <p class='ocr_par' dir='ltr' id='par_1_39' title="bbox 262 2541 1859 2617">
     <span class='ocr_line' id='line_1_39' title="bbox 262 2541 1859 2617; baseline -0.004 -16"><span class='ocrx_word' id='word_1_327' title='bbox 262 2557 352 2601; x_wconf 88' lang='lat' dir='ltr'><strong>tus</strong></span> <span class='ocrx_word' id='word_1_328' title='bbox 379 2547 626 2612; x_wconf 91' lang='lat' dir='ltr'><strong>Domini,</strong></span> <span class='ocrx_word' id='word_1_329' title='bbox 655 2555 710 2601; x_wconf 89' lang='lat' dir='ltr'><strong>et</strong></span> <span class='ocrx_word' id='word_1_330' title='bbox 736 2548 968 2617; x_wconf 84' lang='lat' dir='ltr'><strong>agitaret</strong></span> <span class='ocrx_word' id='word_1_331' title='bbox 988 2562 1113 2601; x_wconf 86' lang='lat' dir='ltr'><strong>eum</strong></span> <span class='ocrx_word' id='word_1_332' title='bbox 1140 2545 1364 2614; x_wconf 88' lang='lat' dir='ltr'><strong>spiritus</strong></span> <span class='ocrx_word' id='word_1_333' title='bbox 1402 2558 1654 2612; x_wconf 88' lang='lat' dir='ltr'><strong>nequam,</strong></span> <span class='ocrx_word' id='word_1_334' title='bbox 1684 2541 1859 2596; x_wconf 87' lang='lat' dir='ltr'><strong>maxi-</strong></span> 
     </span>
    </p>
   </div>
   <div class='ocr_carea' id='block_1_40' title="bbox 256 2632 1854 2709">
    <p class='ocr_par' dir='ltr' id='par_1_40' title="bbox 256 2632 1854 2709">
     <span class='ocr_line' id='line_1_40' title="bbox 256 2632 1854 2709; baseline -0.004 -16"><span class='ocrx_word' id='word_1_335' title='bbox 256 2654 350 2693; x_wconf 87' lang='lat' dir='ltr'><strong>me</strong></span> <span class='ocrx_word' id='word_1_336' title='bbox 402 2639 470 2693; x_wconf 85' lang='lat' dir='ltr'><strong>ad</strong></span> <span class='ocrx_word' id='word_1_337' title='bbox 508 2639 945 2709; x_wconf 85' lang='lat' dir='ltr'><strong>persequendum</strong></span> <span class='ocrx_word' id='word_1_338' title='bbox 996 2637 1169 2692; x_wconf 87' lang='lat' dir='ltr'><strong>David</strong></span> <span class='ocrx_word' id='word_1_339' title='bbox 1203 2636 1484 2691; x_wconf 84' lang='lat' dir='ltr'><strong>innoxium</strong></span> <span class='ocrx_word' id='word_1_340' title='bbox 1524 2643 1579 2689; x_wconf 91' lang='lat' dir='ltr'><strong>et</strong></span> <span class='ocrx_word' id='word_1_341' title='bbox 1621 2632 1854 2701; x_wconf 87' lang='lat' dir='ltr'><strong>justum,</strong></span> 
     </span>
    </p>
   </div>
   <div class='ocr_carea' id='block_1_41' title="bbox 256 2723 1855 2801">
    <p class='ocr_par' dir='ltr' id='par_1_41' title="bbox 256 2723 1855 2801">
     <span class='ocr_line' id='line_1_41' title="bbox 256 2723 1855 2801; baseline -0.005 -17"><span class='ocrx_word' id='word_1_342' title='bbox 256 2743 487 2785; x_wconf 81' lang='lat' dir='ltr'><strong>necesse</strong></span> <span class='ocrx_word' id='word_1_343' title='bbox 509 2738 628 2785; x_wconf 88' lang='lat' dir='ltr'><strong>erat</strong></span> <span class='ocrx_word' id='word_1_344' title='bbox 651 2739 864 2801; x_wconf 87' lang='lat' dir='ltr'><strong>partem</strong></span> <span class='ocrx_word' id='word_1_345' title='bbox 900 2728 1106 2783; x_wconf 61' lang='lat' dir='ltr'><strong>militiae</strong></span> <span class='ocrx_word' id='word_1_346' title='bbox 1146 2728 1231 2782; x_wconf 86' lang='lat' dir='ltr'><strong>vel</strong></span> <span class='ocrx_word' id='word_1_347' title='bbox 1274 2725 1449 2795; x_wconf 85' lang='lat' dir='ltr'><strong>plebis</strong></span> <span class='ocrx_word' id='word_1_348' title='bbox 1476 2723 1593 2794; x_wconf 88' lang='lat' dir='ltr'><strong>ejus</strong></span> <span class='ocrx_word' id='word_1_349' title='bbox 1619 2723 1855 2778; x_wconf 89' lang='lat' dir='ltr'><strong>nonnul-</strong></span> 
     </span>
    </p>
   </div>
   <div class='ocr_carea' id='block_1_42' title="bbox 255 2809 1498 2890">
    <p class='ocr_par' dir='ltr' id='par_1_42' title="bbox 255 2809 1498 2890">
     <span class='ocr_line' id='line_1_42' title="bbox 255 2809 1498 2890; baseline -0.004 -13"><span class='ocrx_word' id='word_1_350' title='bbox 255 2822 366 2877; x_wconf 91' lang='lat' dir='ltr'><strong>lam</strong></span> <span class='ocrx_word' id='word_1_351' title='bbox 396 2823 616 2879; x_wconf 74' lang='lat' dir='ltr'><strong>malitia:</strong></span> <span class='ocrx_word' id='word_1_352' title='bbox 646 2823 787 2877; x_wconf 90' lang='lat' dir='ltr'><strong>illius</strong></span> <span class='ocrx_word' id='word_1_353' title='bbox 813 2823 1090 2877; x_wconf 83' lang='lat' dir='ltr'><strong>exstitisse</strong></span> <span class='ocrx_word' id='word_1_354' title='bbox 1124 2820 1463 2890; x_wconf 90' lang='lat' dir='ltr'><strong>complicem.</strong></span> <span class='ocrx_word' id='word_1_355' title='bbox 1492 2809 1498 2815; x_wconf 72' lang='grc'><em>’</em></span> 
     </span>
    </p>
   </div>
   <div class='ocr_carea' id='block_1_43' title="bbox 337 2908 1851 2984">
    <p class='ocr_par' dir='ltr' id='par_1_43' title="bbox 337 2908 1851 2984">
     <span class='ocr_line' id='line_1_43' title="bbox 337 2908 1851 2984; baseline -0.002 -19"><span class='ocrx_word' id='word_1_356' title='bbox 337 2933 357 2965; x_wconf 76' lang='grc' dir='ltr'><strong>ι</strong></span> <span class='ocrx_word' id='word_1_357' title='bbox 384 2914 744 2970; x_wconf 80' lang='lat' dir='ltr'><strong>Abstulerunt</strong></span> <span class='ocrx_word' id='word_1_358' title='bbox 768 2929 898 2984; x_wconf 91' lang='lat' dir='ltr'><strong>ergo</strong></span> <span class='ocrx_word' id='word_1_359' title='bbox 930 2913 1024 2967; x_wconf 88' lang='lat' dir='ltr'><strong>filii</strong></span> <span class='ocrx_word' id='word_1_360' title='bbox 1050 2911 1216 2967; x_wconf 89' lang='lat' dir='ltr'><strong>Israel</strong></span> <span class='ocrx_word' id='word_1_361' title='bbox 1255 2910 1459 2965; x_wconf 90' lang='lat' dir='ltr'><strong>Baalim</strong></span> <span class='ocrx_word' id='word_1_362' title='bbox 1500 2918 1555 2966; x_wconf 88' lang='lat' dir='ltr'><strong>et</strong></span> <span class='ocrx_word' id='word_1_363' title='bbox 1575 2908 1851 2975; x_wconf 76' lang='lat' dir='ltr'><strong>Astaroth,</strong></span> 
     </span>
    </p>
   </div>
   <div class='ocr_carea' id='block_1_44' title="bbox 262 3003 1856 3072">
    <p class='ocr_par' dir='ltr' id='par_1_44' title="bbox 262 3003 1856 3072">
     <span class='ocr_line' id='line_1_44' title="bbox 262 3003 1856 3072; baseline -0.001 -16"><span class='ocrx_word' id='word_1_364' title='bbox 262 3024 282 3056; x_wconf 74' lang='grc' dir='ltr'><strong>ι</strong></span> <span class='ocrx_word' id='word_1_365' title='bbox 318 3014 374 3061; x_wconf 88' lang='grc' dir='ltr'><strong>ει</strong></span> <span class='ocrx_word' id='word_1_366' title='bbox 416 3006 724 3062; x_wconf 88' lang='lat' dir='ltr'><strong>servierunt</strong></span> <span class='ocrx_word' id='word_1_367' title='bbox 766 3006 996 3060; x_wconf 90' lang='lat' dir='ltr'><strong>Domino</strong></span> <span class='ocrx_word' id='word_1_368' title='bbox 1026 3005 1147 3060; x_wconf 92' lang='lat' dir='ltr'><strong>soli.</strong></span> <span class='ocrx_word' id='word_1_369' title='bbox 1184 3024 1204 3055; x_wconf 83' lang='grc'><strong>›</strong></span> <span class='ocrx_word' id='word_1_370' title='bbox 1239 3003 1498 3059; x_wconf 89' lang='lat' dir='ltr'><strong>Astaroth</strong></span> <span class='ocrx_word' id='word_1_371' title='bbox 1530 3003 1856 3072; x_wconf 82' lang='lat' dir='ltr'><strong>interpreta-</strong></span> 
     </span>
    </p>
   </div>
   <div class='ocr_carea' id='block_1_45' title="bbox 254 3095 1856 3169">
    <p class='ocr_par' dir='ltr' id='par_1_45' title="bbox 254 3095 1856 3169">
     <span class='ocr_line' id='line_1_45' title="bbox 254 3095 1856 3169; baseline -0.004 -16"><span class='ocrx_word' id='word_1_372' title='bbox 254 3107 349 3155; x_wconf 90' lang='lat' dir='ltr'><strong>tur</strong></span> <span class='ocrx_word' id='word_1_373' title='bbox 399 3099 611 3169; x_wconf 81' lang='lat' dir='ltr'><strong>factura</strong></span> <span class='ocrx_word' id='word_1_374' title='bbox 688 3097 1104 3168; x_wconf 71' lang='lat' dir='ltr'><strong>exploratorum.</strong></span> <span class='ocrx_word' id='word_1_375' title='bbox 1186 3095 1394 3149; x_wconf 88' lang='lat' dir='ltr'><strong>Baalim</strong></span> <span class='ocrx_word' id='word_1_376' title='bbox 1468 3095 1856 3162; x_wconf 90' lang='lat' dir='ltr'><strong>interpretatur</strong></span> 
     </span>
    </p>
   </div>
   <div class='ocr_carea' id='block_1_46' title="bbox 1961 2000 3553 2073">
    <p class='ocr_par' dir='ltr' id='par_1_46' title="bbox 1961 2000 3553 2073">
     <span class='ocr_line' id='line_1_46' title="bbox 1961 2000 3553 2073; baseline 0.007 -19"><span class='ocrx_word' id='word_1_377' title='bbox 1961 2009 2047 2055; x_wconf 88' lang='lat' dir='ltr'><strong>est</strong></span> <span class='ocrx_word' id='word_1_378' title='bbox 2073 2016 2103 2055; x_wconf 86' lang='lat' dir='ltr'><strong>a</strong></span> <span class='ocrx_word' id='word_1_379' title='bbox 2127 2000 2375 2072; x_wconf 86' lang='lat' dir='ltr'><strong>Maspbat</strong></span> <span class='ocrx_word' id='word_1_380' title='bbox 2397 2011 2585 2060; x_wconf 85' lang='lat' dir='ltr'><strong>vetere</strong></span> <span class='ocrx_word' id='word_1_381' title='bbox 2607 2005 2675 2061; x_wconf 91' lang='lat' dir='ltr'><strong>ad</strong></span> <span class='ocrx_word' id='word_1_382' title='bbox 2695 2020 2915 2072; x_wconf 89' lang='lat' dir='ltr'><strong>novam,</strong></span> <span class='ocrx_word' id='word_1_383' title='bbox 2937 2006 2993 2062; x_wconf 93' lang='lat' dir='ltr'><strong>id</strong></span> <span class='ocrx_word' id='word_1_384' title='bbox 3020 2015 3127 2073; x_wconf 90' lang='lat' dir='ltr'><strong>est,</strong></span> <span class='ocrx_word' id='word_1_385' title='bbox 3152 2008 3222 2062; x_wconf 92' lang='lat' dir='ltr'><strong>ab</strong></span> <span class='ocrx_word' id='word_1_386' title='bbox 3249 2007 3553 2065; x_wconf 87' lang='lat' dir='ltr'><strong>intentione</strong></span> 
     </span>
    </p>
   </div>
   <div class='ocr_carea' id='block_1_47' title="bbox 1960 2095 3551 2169">
    <p class='ocr_par' dir='ltr' id='par_1_47' title="bbox 1960 2095 3551 2169">
     <span class='ocr_line' id='line_1_47' title="bbox 1960 2095 3551 2169; baseline 0.006 -23"><span class='ocrx_word' id='word_1_387' title='bbox 1960 2108 2065 2164; x_wconf 91' lang='lat' dir='ltr'><strong>qua</strong></span> <span class='ocrx_word' id='word_1_388' title='bbox 2094 2095 2513 2164; x_wconf 84' lang='lat' dir='ltr'><strong>exspectabatur</strong></span> <span class='ocrx_word' id='word_1_389' title='bbox 2559 2097 2615 2152; x_wconf 91' lang='lat' dir='ltr'><strong>in</strong></span> <span class='ocrx_word' id='word_1_390' title='bbox 2661 2098 2866 2153; x_wconf 88' lang='lat' dir='ltr'><strong>carnali</strong></span> <span class='ocrx_word' id='word_1_391' title='bbox 2895 2113 3064 2169; x_wconf 89' lang='lat' dir='ltr'><strong>regno</strong></span> <span class='ocrx_word' id='word_1_392' title='bbox 3101 2100 3378 2156; x_wconf 90' lang='lat' dir='ltr'><strong>beatitudo</strong></span> <span class='ocrx_word' id='word_1_393' title='bbox 3415 2099 3551 2155; x_wconf 90' lang='lat' dir='ltr'><strong>falsa</strong></span> 
     </span>
    </p>
   </div>
   <div class='ocr_carea' id='block_1_48' title="bbox 1960 2183 3554 2258">
    <p class='ocr_par' dir='ltr' id='par_1_48' title="bbox 1960 2183 3554 2258">
     <span class='ocr_line' id='line_1_48' title="bbox 1960 2183 3554 2258; baseline 0.003 -20"><span class='ocrx_word' id='word_1_394' title='bbox 1960 2183 2214 2249; x_wconf 86' lang='lat' dir='ltr'><strong>carnalis,</strong></span> <span class='ocrx_word' id='word_1_395' title='bbox 2248 2184 2317 2238; x_wconf 90' lang='lat' dir='ltr'><strong>ad</strong></span> <span class='ocrx_word' id='word_1_396' title='bbox 2370 2184 2750 2254; x_wconf 89' lang='lat' dir='ltr'><strong>intentionem,</strong></span> <span class='ocrx_word' id='word_1_397' title='bbox 2801 2202 2909 2258; x_wconf 91' lang='lat' dir='ltr'><strong>qua</strong></span> <span class='ocrx_word' id='word_1_398' title='bbox 2956 2203 3062 2258; x_wconf 74' lang='lat' dir='ltr'><strong>per.</strong></span> <span class='ocrx_word' id='word_1_399' title='bbox 3104 2188 3313 2244; x_wconf 88' lang='lat' dir='ltr'><strong>Novum</strong></span> <span class='ocrx_word' id='word_1_400' title='bbox 3365 2188 3554 2243; x_wconf 88' lang='lat' dir='ltr'><strong>Testa-</strong></span> 
     </span>
    </p>
   </div>
   <div class='ocr_carea' id='block_1_49' title="bbox 1959 2276 3554 2349">
    <p class='ocr_par' dir='ltr' id='par_1_49' title="bbox 1959 2276 3554 2349">
     <span class='ocr_line' id='line_1_49' title="bbox 1959 2276 3554 2349; baseline 0.005 -22"><span class='ocrx_word' id='word_1_401' title='bbox 1959 2285 2202 2329; x_wconf 87' lang='lat' dir='ltr'><strong>mentum</strong></span> <span class='ocrx_word' id='word_1_402' title='bbox 2229 2284 2578 2345; x_wconf 80' lang='lat' dir='ltr'><strong>exspectatur</strong></span> <span class='ocrx_word' id='word_1_403' title='bbox 2602 2276 2659 2330; x_wconf 89' lang='lat' dir='ltr'><strong>in</strong></span> <span class='ocrx_word' id='word_1_404' title='bbox 2681 2292 2850 2349; x_wconf 88' lang='lat' dir='ltr'><strong>regno</strong></span> <span class='ocrx_word' id='word_1_405' title='bbox 2878 2278 3139 2334; x_wconf 69' lang='lat' dir='ltr'><strong>caelorum</strong></span> <span class='ocrx_word' id='word_1_406' title='bbox 3164 2280 3442 2335; x_wconf 87' lang='lat' dir='ltr'><strong>beatitudo</strong></span> <span class='ocrx_word' id='word_1_407' title='bbox 3461 2295 3554 2335; x_wconf 90' lang='lat' dir='ltr'><strong>ve—</strong></span> 
     </span>
    </p>
   </div>
   <div class='ocr_carea' id='block_1_50' title="bbox 1960 2364 3553 2436">
    <p class='ocr_par' dir='ltr' id='par_1_50' title="bbox 1960 2364 3553 2436">
     <span class='ocr_line' id='line_1_50' title="bbox 1960 2364 3553 2436; baseline 0.006 -19"><span class='ocrx_word' id='word_1_408' title='bbox 1960 2364 2177 2420; x_wconf 88' lang='lat' dir='ltr'><strong>rissima</strong></span> <span class='ocrx_word' id='word_1_409' title='bbox 2205 2366 2483 2435; x_wconf 87' lang='lat' dir='ltr'><strong>spiritalis.</strong></span> <span class='ocrx_word' id='word_1_410' title='bbox 2513 2366 2631 2434; x_wconf 91' lang='lat' dir='ltr'><strong>Qua</strong></span> <span class='ocrx_word' id='word_1_411' title='bbox 2659 2368 2919 2436; x_wconf 91' lang='lat' dir='ltr'><strong>quoniam</strong></span> <span class='ocrx_word' id='word_1_412' title='bbox 2940 2369 3073 2423; x_wconf 89' lang='lat' dir='ltr'><strong>nihil</strong></span> <span class='ocrx_word' id='word_1_413' title='bbox 3101 2378 3189 2424; x_wconf 90' lang='lat' dir='ltr'><strong>est</strong></span> <span class='ocrx_word' id='word_1_414' title='bbox 3205 2371 3415 2436; x_wconf 89' lang='lat' dir='ltr'><strong>melius,</strong></span> <span class='ocrx_word' id='word_1_415' title='bbox 3445 2371 3553 2426; x_wconf 89' lang='lat' dir='ltr'><strong>huc</strong></span> 
     </span>
    </p>
   </div>
   <div class='ocr_carea' id='block_1_51' title="bbox 1957 2457 3554 2532">
    <p class='ocr_par' dir='ltr' id='par_1_51' title="bbox 1957 2457 3554 2532">
     <span class='ocr_line' id='line_1_51' title="bbox 1957 2457 3554 2532; baseline 0.006 -20"><span class='ocrx_word' id='word_1_416' title='bbox 1957 2474 2130 2528; x_wconf 89' lang='lat' dir='ltr'><strong>usque</strong></span> <span class='ocrx_word' id='word_1_417' title='bbox 2160 2457 2379 2527; x_wconf 90' lang='lat' dir='ltr'><strong>adjuvat</strong></span> <span class='ocrx_word' id='word_1_418' title='bbox 2406 2460 2569 2516; x_wconf 93' lang='lat' dir='ltr'><strong>Deus.</strong></span> <span class='ocrx_word' id='word_1_419' title='bbox 2607 2478 2627 2511; x_wconf 74' lang='grc' dir='ltr'><strong>ι</strong></span> <span class='ocrx_word' id='word_1_420' title='bbox 2662 2460 2905 2532; x_wconf 88' lang='lat' dir='ltr'><strong>Eratque</strong></span> <span class='ocrx_word' id='word_1_421' title='bbox 2956 2478 3059 2532; x_wconf 83' lang='lat' dir='ltr'><strong>pax</strong></span> <span class='ocrx_word' id='word_1_422' title='bbox 3115 2464 3258 2520; x_wconf 90' lang='lat' dir='ltr'><strong>inter</strong></span> <span class='ocrx_word' id='word_1_423' title='bbox 3295 2464 3460 2520; x_wconf 89' lang='lat' dir='ltr'><strong>Israel</strong></span> <span class='ocrx_word' id='word_1_424' title='bbox 3495 2474 3554 2521; x_wconf 88' lang='lat' dir='ltr'><strong>et</strong></span> 
     </span>
    </p>
   </div>
   <div class='ocr_carea' id='block_1_52' title="bbox 1964 2549 3549 2624">
    <p class='ocr_par' dir='ltr' id='par_1_52' title="bbox 1964 2549 3549 2624">
     <span class='ocr_line' id='line_1_52' title="bbox 1964 2549 3549 2624; baseline 0.008 -25"><span class='ocrx_word' id='word_1_425' title='bbox 1964 2566 1982 2598; x_wconf 73' lang='grc' dir='ltr'><strong>ε</strong></span> <span class='ocrx_word' id='word_1_426' title='bbox 2009 2549 2408 2605; x_wconf 69' lang='lat' dir='ltr'><strong>Amorrhaaum.</strong></span> <span class='ocrx_word' id='word_1_427' title='bbox 2448 2571 2467 2602; x_wconf 74' lang='grc' dir='ltr'><strong>ι</strong></span> <span class='ocrx_word' id='word_1_428' title='bbox 2502 2550 2852 2608; x_wconf 64' lang='lat' dir='ltr'><strong>Amorrhaeus</strong></span> <span class='ocrx_word' id='word_1_429' title='bbox 2892 2554 3282 2624; x_wconf 88' lang='lat' dir='ltr'><strong>interpretatur</strong></span> <span class='ocrx_word' id='word_1_430' title='bbox 3310 2572 3549 2623; x_wconf 77' lang='lat' dir='ltr'><strong>amarus,</strong></span> 
     </span>
    </p>
   </div>
   <div class='ocr_carea' id='block_1_53' title="bbox 1956 2639 3549 2714">
    <p class='ocr_par' dir='ltr' id='par_1_53' title="bbox 1956 2639 3549 2714">
     <span class='ocr_line' id='line_1_53' title="bbox 1956 2639 3549 2714; baseline 0.006 -22"><span class='ocrx_word' id='word_1_431' title='bbox 1956 2639 2041 2693; x_wconf 86' lang='lat' dir='ltr'><strong>vel</strong></span> <span class='ocrx_word' id='word_1_432' title='bbox 2062 2640 2297 2711; x_wconf 76' lang='lat' dir='ltr'><strong>loquens.</strong></span> <span class='ocrx_word' id='word_1_433' title='bbox 2327 2641 2395 2695; x_wconf 88' lang='lat' dir='ltr'><strong>Et</strong></span> <span class='ocrx_word' id='word_1_434' title='bbox 2419 2642 2711 2712; x_wconf 83' lang='lat' dir='ltr'><strong>Apostolus</strong></span> <span class='ocrx_word' id='word_1_435' title='bbox 2730 2645 2798 2699; x_wconf 90' lang='lat' dir='ltr'><strong>ad</strong></span> <span class='ocrx_word' id='word_1_436' title='bbox 2820 2644 3085 2714; x_wconf 88' lang='lat' dir='ltr'><strong>Ephesios</strong></span> <span class='ocrx_word' id='word_1_437' title='bbox 3106 2646 3182 2700; x_wconf 89' lang='lat' dir='ltr'><strong>ita</strong></span> <span class='ocrx_word' id='word_1_438' title='bbox 3201 2645 3351 2701; x_wconf 90' lang='lat' dir='ltr'><strong>dicit.</strong></span> <span class='ocrx_word' id='word_1_439' title='bbox 3374 2665 3394 2697; x_wconf 73' lang='grc' dir='ltr'><strong>ι</strong></span> <span class='ocrx_word' id='word_1_440' title='bbox 3418 2646 3549 2713; x_wconf 78' lang='lat' dir='ltr'><strong>Vos,</strong></span> 
     </span>
    </p>
   </div>
   <div class='ocr_carea' id='block_1_54' title="bbox 1955 2730 3553 2807">
    <p class='ocr_par' dir='ltr' id='par_1_54' title="bbox 1955 2730 3553 2807">
     <span class='ocr_line' id='line_1_54' title="bbox 1955 2730 3553 2807; baseline 0.006 -25"><span class='ocrx_word' id='word_1_441' title='bbox 1955 2730 2050 2800; x_wconf 89' lang='lat' dir='ltr'><strong>qui</strong></span> <span class='ocrx_word' id='word_1_442' title='bbox 2083 2730 2375 2799; x_wconf 89' lang='lat' dir='ltr'><strong>aliquando</strong></span> <span class='ocrx_word' id='word_1_443' title='bbox 2401 2732 2570 2787; x_wconf 82' lang='lat' dir='ltr'><strong>eratis</strong></span> <span class='ocrx_word' id='word_1_444' title='bbox 2592 2732 2770 2805; x_wconf 88' lang='lat' dir='ltr'><strong>longe,</strong></span> <span class='ocrx_word' id='word_1_445' title='bbox 2819 2733 2950 2789; x_wconf 87' lang='lat' dir='ltr'><strong>facti</strong></span> <span class='ocrx_word' id='word_1_446' title='bbox 2977 2735 3112 2790; x_wconf 89' lang='lat' dir='ltr'><strong>estis</strong></span> <span class='ocrx_word' id='word_1_447' title='bbox 3131 2751 3299 2807; x_wconf 91' lang='lat' dir='ltr'><strong>prope</strong></span> <span class='ocrx_word' id='word_1_448' title='bbox 3328 2737 3383 2791; x_wconf 88' lang='lat' dir='ltr'><strong>in</strong></span> <span class='ocrx_word' id='word_1_449' title='bbox 3426 2752 3553 2792; x_wconf 84' lang='lat' dir='ltr'><strong>san-</strong></span> 
     </span>
    </p>
   </div>
   <div class='ocr_carea' id='block_1_55' title="bbox 1957 2822 3556 2897">
    <p class='ocr_par' dir='ltr' id='par_1_55' title="bbox 1957 2822 3556 2897">
     <span class='ocr_line' id='line_1_55' title="bbox 1957 2822 3556 2897; baseline 0.005 -22"><span class='ocrx_word' id='word_1_450' title='bbox 1957 2822 2119 2892; x_wconf 88' lang='lat' dir='ltr'><strong>guine</strong></span> <span class='ocrx_word' id='word_1_451' title='bbox 2148 2822 2372 2877; x_wconf 92' lang='lat' dir='ltr'><strong>Christi.</strong></span> <span class='ocrx_word' id='word_1_452' title='bbox 2396 2823 2518 2893; x_wconf 92' lang='lat' dir='ltr'><strong>Ipse</strong></span> <span class='ocrx_word' id='word_1_453' title='bbox 2562 2824 2710 2879; x_wconf 89' lang='lat' dir='ltr'><strong>enim</strong></span> <span class='ocrx_word' id='word_1_454' title='bbox 2744 2833 2830 2881; x_wconf 91' lang='lat' dir='ltr'><strong>est</strong></span> <span class='ocrx_word' id='word_1_455' title='bbox 2882 2841 2986 2896; x_wconf 85' lang='lat' dir='ltr'><strong>pax</strong></span> <span class='ocrx_word' id='word_1_456' title='bbox 3021 2834 3243 2891; x_wconf 91' lang='lat' dir='ltr'><strong>nostra,</strong></span> <span class='ocrx_word' id='word_1_457' title='bbox 3287 2828 3380 2897; x_wconf 92' lang='lat' dir='ltr'><strong>qui</strong></span> <span class='ocrx_word' id='word_1_458' title='bbox 3420 2826 3556 2883; x_wconf 87' lang='lat' dir='ltr'><strong>fecit</strong></span> 
     </span>
    </p>
   </div>
   <div class='ocr_carea' id='block_1_56' title="bbox 1956 2914 3555 2986">
    <p class='ocr_par' dir='ltr' id='par_1_56' title="bbox 1956 2914 3555 2986">
     <span class='ocr_line' id='line_1_56' title="bbox 1956 2914 3555 2986; baseline 0.001 -20"><span class='ocrx_word' id='word_1_459' title='bbox 1956 2920 2187 2982; x_wconf 91' lang='lat' dir='ltr'><strong>utraque</strong></span> <span class='ocrx_word' id='word_1_460' title='bbox 2213 2929 2399 2967; x_wconf 90' lang='lat' dir='ltr'><strong>unum.</strong></span> <span class='ocrx_word' id='word_1_461' title='bbox 2446 2914 2515 2968; x_wconf 89' lang='lat' dir='ltr'><strong>Et</strong></span> <span class='ocrx_word' id='word_1_462' title='bbox 2563 2914 2800 2970; x_wconf 88' lang='lat' dir='ltr'><strong>medium</strong></span> <span class='ocrx_word' id='word_1_463' title='bbox 2839 2916 3106 2986; x_wconf 90' lang='lat' dir='ltr'><strong>parietem</strong></span> <span class='ocrx_word' id='word_1_464' title='bbox 3155 2915 3406 2972; x_wconf 80' lang='lat' dir='ltr'><strong>maceriae</strong></span> <span class='ocrx_word' id='word_1_465' title='bbox 3452 2914 3555 2970; x_wconf 90' lang='lat' dir='ltr'><strong>sol-</strong></span> 
     </span>
    </p>
   </div>
   <div class='ocr_carea' id='block_1_57' title="bbox 1955 3004 3552 3076">
    <p class='ocr_par' dir='ltr' id='par_1_57' title="bbox 1955 3004 3552 3076">
     <span class='ocr_line' id='line_1_57' title="bbox 1955 3004 3552 3076; baseline 0.003 -19"><span class='ocrx_word' id='word_1_466' title='bbox 1955 3019 2109 3068; x_wconf 90' lang='lat' dir='ltr'><strong>vens,</strong></span> <span class='ocrx_word' id='word_1_467' title='bbox 2134 3004 2451 3060; x_wconf 89' lang='lat' dir='ltr'><strong>inimicitias</strong></span> <span class='ocrx_word' id='word_1_468' title='bbox 2504 3006 2559 3059; x_wconf 93' lang='lat' dir='ltr'><strong>in</strong></span> <span class='ocrx_word' id='word_1_469' title='bbox 2590 3020 2755 3062; x_wconf 89' lang='lat' dir='ltr'><strong>carne</strong></span> <span class='ocrx_word' id='word_1_470' title='bbox 2804 3021 2903 3062; x_wconf 92' lang='lat' dir='ltr'><strong>sua</strong></span> <span class='ocrx_word' id='word_1_471' title='bbox 2950 3006 3124 3076; x_wconf 86' lang='lat' dir='ltr'><strong>legem</strong></span> <span class='ocrx_word' id='word_1_472' title='bbox 3170 3007 3552 3063; x_wconf 86' lang='lat' dir='ltr'><strong>mandatorum</strong></span> 
     </span>
    </p>
   </div>
   <div class='ocr_carea' id='block_1_58' title="bbox 1958 3093 3550 3167">
    <p class='ocr_par' dir='ltr' id='par_1_58' title="bbox 1958 3093 3550 3167">
     <span class='ocr_line' id='line_1_58' title="bbox 1958 3093 3550 3167; baseline 0.003 -21"><span class='ocrx_word' id='word_1_473' title='bbox 1958 3093 2190 3148; x_wconf 84' lang='lat' dir='ltr'><strong>decretis</strong></span> <span class='ocrx_word' id='word_1_474' title='bbox 2218 3109 2513 3159; x_wconf 86' lang='lat' dir='ltr'><strong>evacuans,</strong></span> <span class='ocrx_word' id='word_1_475' title='bbox 2542 3103 2602 3148; x_wconf 90' lang='lat' dir='ltr'><strong>ut</strong></span> <span class='ocrx_word' id='word_1_476' title='bbox 2620 3096 2755 3151; x_wconf 90' lang='lat' dir='ltr'><strong>duos</strong></span> <span class='ocrx_word' id='word_1_477' title='bbox 2783 3097 2985 3152; x_wconf 91' lang='lat' dir='ltr'><strong>condat</strong></span> <span class='ocrx_word' id='word_1_478' title='bbox 3008 3097 3065 3151; x_wconf 90' lang='lat' dir='ltr'><strong>in</strong></span> <span class='ocrx_word' id='word_1_479' title='bbox 3107 3097 3461 3167; x_wconf 89' lang='lat' dir='ltr'><strong>semetipsum</strong></span> <span class='ocrx_word' id='word_1_480' title='bbox 3494 3096 3550 3152; x_wconf 91' lang='lat' dir='ltr'><strong>in</strong></span> 
     </span>
    </p>
   </div>
   <div class='ocr_carea' id='block_1_59' title="bbox 252 3186 3557 3263">
    <p class='ocr_par' dir='ltr' id='par_1_59' title="bbox 252 3186 3557 3263">
     <span class='ocr_line' id='line_1_59' title="bbox 252 3186 3557 3263; baseline -0.001 -18"><span class='ocrx_word' id='word_1_481' title='bbox 252 3191 592 3247; x_wconf 78' lang='lat' dir='ltr'><strong>ascendentes</strong></span> <span class='ocrx_word' id='word_1_482' title='bbox 620 3193 733 3248; x_wconf 90' lang='lat' dir='ltr'><strong>sive</strong></span> <span class='ocrx_word' id='word_1_483' title='bbox 779 3193 1094 3263; x_wconf 83' lang='lat' dir='ltr'><strong>superiores.</strong></span> <span class='ocrx_word' id='word_1_484' title='bbox 1134 3190 1237 3257; x_wconf 93' lang='lat' dir='ltr'><strong>Qui</strong></span> <span class='ocrx_word' id='word_1_485' title='bbox 1264 3205 1395 3263; x_wconf 88' lang='lat' dir='ltr'><strong>ergo</strong></span> <span class='ocrx_word' id='word_1_486' title='bbox 1424 3204 1589 3244; x_wconf 88' lang='lat' dir='ltr'><strong>verus</strong></span> <span class='ocrx_word' id='word_1_487' title='bbox 1610 3187 1854 3242; x_wconf 89' lang='lat' dir='ltr'><strong>Israelita</strong></span> <span class='ocrx_word' id='word_1_488' title='bbox 1893 3257 1926 3263; x_wconf 81' lang='lat'>_</span> <span class='ocrx_word' id='word_1_489' title='bbox 1958 3202 2126 3240; x_wconf 89' lang='lat' dir='ltr'><strong>unum</strong></span> <span class='ocrx_word' id='word_1_490' title='bbox 2155 3201 2353 3253; x_wconf 91' lang='lat' dir='ltr'><strong>novum</strong></span> <span class='ocrx_word' id='word_1_491' title='bbox 2381 3186 2656 3242; x_wconf 90' lang='lat' dir='ltr'><strong>hominem</strong></span> <span class='ocrx_word' id='word_1_492' title='bbox 2678 3186 2887 3242; x_wconf 83' lang='lat' dir='ltr'><strong>faciens</strong></span> <span class='ocrx_word' id='word_1_493' title='bbox 2914 3202 3128 3257; x_wconf 87' lang='lat' dir='ltr'><strong>pacem,</strong></span> <span class='ocrx_word' id='word_1_494' title='bbox 3152 3195 3215 3241; x_wconf 90' lang='lat' dir='ltr'><strong>ut</strong></span> <span class='ocrx_word' id='word_1_495' title='bbox 3236 3186 3557 3242; x_wconf 85' lang='lat' dir='ltr'><strong>reconciliet</strong></span> 
     </span>
    </p>
   </div>
   <div class='ocr_carea' id='block_1_60' title="bbox 251 3257 3552 3350">
    <p class='ocr_par' dir='ltr' id='par_1_60' title="bbox 251 3257 3552 3350">
     <span class='ocr_line' id='line_1_60' title="bbox 251 3257 3552 3350; baseline -0.002 -11"><span class='ocrx_word' id='word_1_496' title='bbox 251 3291 358 3347; x_wconf 87' lang='lat' dir='ltr'><strong>est,</strong></span> <span class='ocrx_word' id='word_1_497' title='bbox 400 3283 453 3338; x_wconf 91' lang='lat' dir='ltr'><strong>id</strong></span> <span class='ocrx_word' id='word_1_498' title='bbox 482 3293 588 3350; x_wconf 90' lang='lat' dir='ltr'><strong>est,</strong></span> <span class='ocrx_word' id='word_1_499' title='bbox 638 3284 720 3337; x_wconf 81' lang='lat' dir='ltr'><strong>uir</strong></span> <span class='ocrx_word' id='word_1_500' title='bbox 766 3283 945 3337; x_wconf 80' lang='lat' dir='ltr'><strong>videns</strong></span> <span class='ocrx_word' id='word_1_501' title='bbox 989 3282 1301 3346; x_wconf 86' lang='lat' dir='ltr'><strong>Dominam,</strong></span> <span class='ocrx_word' id='word_1_502' title='bbox 1333 3282 1446 3336; x_wconf 91' lang='lat' dir='ltr'><strong>sive</strong></span> <span class='ocrx_word' id='word_1_503' title='bbox 1485 3296 1629 3333; x_wconf 83' lang='lat' dir='ltr'><strong>mens</strong></span> <span class='ocrx_word' id='word_1_504' title='bbox 1673 3278 1853 3333; x_wconf 78' lang='lat' dir='ltr'><strong>videns</strong></span> <span class='ocrx_word' id='word_1_505' title='bbox 1882 3257 1929 3321; x_wconf 63' lang='grc' dir='ltr'><strong>(ἶ</strong></span> <span class='ocrx_word' id='word_1_506' title='bbox 1961 3279 2150 3333; x_wconf 91' lang='lat' dir='ltr'><strong>ambos</strong></span> <span class='ocrx_word' id='word_1_507' title='bbox 2177 3279 2232 3332; x_wconf 90' lang='lat' dir='ltr'><strong>in</strong></span> <span class='ocrx_word' id='word_1_508' title='bbox 2270 3295 2379 3333; x_wconf 90' lang='lat' dir='ltr'><strong>uno</strong></span> <span class='ocrx_word' id='word_1_509' title='bbox 2425 3293 2653 3349; x_wconf 88' lang='lat' dir='ltr'><strong>corpore</strong></span> <span class='ocrx_word' id='word_1_510' title='bbox 2677 3277 2788 3333; x_wconf 91' lang='lat' dir='ltr'><strong>Deo</strong></span> <span class='ocrx_word' id='word_1_511' title='bbox 2813 3293 2912 3348; x_wconf 93' lang='lat' dir='ltr'><strong>per</strong></span> <span class='ocrx_word' id='word_1_512' title='bbox 2952 3294 3192 3343; x_wconf 90' lang='lat' dir='ltr'><strong>crucem,</strong></span> <span class='ocrx_word' id='word_1_513' title='bbox 3218 3276 3552 3332; x_wconf 81' lang='lat' dir='ltr'><strong>interficiens</strong></span> 
     </span>
    </p>
   </div>
   <div class='ocr_carea' id='block_1_61' title="bbox 249 3371 1854 3441">
    <p class='ocr_par' dir='ltr' id='par_1_61' title="bbox 249 3371 1854 3441">
     <span class='ocr_line' id='line_1_61' title="bbox 249 3371 1854 3441; baseline -0.003 -13"><span class='ocrx_word' id='word_1_514' title='bbox 249 3375 568 3441; x_wconf 86' lang='lat' dir='ltr'><strong>Dominum,</strong></span> <span class='ocrx_word' id='word_1_515' title='bbox 613 3373 792 3429; x_wconf 80' lang='lat' dir='ltr'><strong>aufert</strong></span> <span class='ocrx_word' id='word_1_516' title='bbox 818 3390 849 3428; x_wconf 89' lang='lat' dir='ltr'><strong>a</strong></span> <span class='ocrx_word' id='word_1_517' title='bbox 877 3389 936 3427; x_wconf 91' lang='lat' dir='ltr'><strong>se</strong></span> <span class='ocrx_word' id='word_1_518' title='bbox 961 3389 1176 3428; x_wconf 88' lang='lat' dir='ltr'><strong>omnem</strong></span> <span class='ocrx_word' id='word_1_519' title='bbox 1204 3373 1470 3427; x_wconf 86' lang='lat' dir='ltr'><strong>facturam</strong></span> <span class='ocrx_word' id='word_1_520' title='bbox 1493 3371 1854 3440; x_wconf 88' lang='lat' dir='ltr'><strong>malignorum</strong></span> 
     </span>
    </p>
   </div>
   <div class='ocr_carea' id='block_1_62' title="bbox 249 3462 1855 3536">
    <p class='ocr_par' dir='ltr' id='par_1_62' title="bbox 249 3462 1855 3536">
     <span class='ocr_line' id='line_1_62' title="bbox 249 3462 1855 3536; baseline -0.003 -17"><span class='ocrx_word' id='word_1_521' title='bbox 249 3466 572 3536; x_wconf 84' lang='lat' dir='ltr'><strong>spirituum,</strong></span> <span class='ocrx_word' id='word_1_522' title='bbox 621 3465 800 3520; x_wconf 87' lang='lat' dir='ltr'><strong>aufert</strong></span> <span class='ocrx_word' id='word_1_523' title='bbox 843 3465 1166 3536; x_wconf 89' lang='lat' dir='ltr'><strong>jactantiam</strong></span> <span class='ocrx_word' id='word_1_524' title='bbox 1214 3472 1377 3532; x_wconf 87' lang='lat' dir='ltr'><strong>atque</strong></span> <span class='ocrx_word' id='word_1_525' title='bbox 1420 3462 1748 3531; x_wconf 89' lang='lat' dir='ltr'><strong>superbiam,</strong></span> <span class='ocrx_word' id='word_1_526' title='bbox 1790 3475 1855 3515; x_wconf 91' lang='lat' dir='ltr'><strong>ac</strong></span> 
     </span>
    </p>
   </div>
   <div class='ocr_carea' id='block_1_63' title="bbox 252 3552 1857 3626">
    <p class='ocr_par' dir='ltr' id='par_1_63' title="bbox 252 3552 1857 3626">
     <span class='ocr_line' id='line_1_63' title="bbox 252 3552 1857 3626; baseline -0.004 -13"><span class='ocrx_word' id='word_1_527' title='bbox 252 3557 333 3614; x_wconf 89' lang='lat' dir='ltr'><strong>sic</strong></span> <span class='ocrx_word' id='word_1_528' title='bbox 361 3560 562 3612; x_wconf 86' lang='lat' dir='ltr'><strong>serviet</strong></span> <span class='ocrx_word' id='word_1_529' title='bbox 590 3558 821 3612; x_wconf 92' lang='lat' dir='ltr'><strong>Domino</strong></span> <span class='ocrx_word' id='word_1_530' title='bbox 850 3558 974 3620; x_wconf 93' lang='lat' dir='ltr'><strong>soli,</strong></span> <span class='ocrx_word' id='word_1_531' title='bbox 1000 3556 1127 3626; x_wconf 89' lang='lat' dir='ltr'><strong>quia</strong></span> <span class='ocrx_word' id='word_1_532' title='bbox 1158 3575 1177 3608; x_wconf 86' lang='grc'><strong>‹</strong></span> <span class='ocrx_word' id='word_1_533' title='bbox 1211 3555 1356 3610; x_wconf 91' lang='lat' dir='ltr'><strong>nulla</strong></span> <span class='ocrx_word' id='word_1_534' title='bbox 1382 3555 1614 3610; x_wconf 91' lang='lat' dir='ltr'><strong>societas</strong></span> <span class='ocrx_word' id='word_1_535' title='bbox 1659 3561 1746 3609; x_wconf 88' lang='lat' dir='ltr'><strong>est</strong></span> <span class='ocrx_word' id='word_1_536' title='bbox 1778 3552 1857 3607; x_wconf 91' lang='lat' dir='ltr'><strong>Iu-</strong></span> 
     </span>
    </p>
   </div>
   <div class='ocr_carea' id='block_1_64' title="bbox 251 3643 1855 3713">
    <p class='ocr_par' dir='ltr' id='par_1_64' title="bbox 251 3643 1855 3713">
     <span class='ocr_line' id='line_1_64' title="bbox 251 3643 1855 3713; baseline -0.006 -7"><span class='ocrx_word' id='word_1_537' title='bbox 251 3649 336 3706; x_wconf 87' lang='lat' dir='ltr'><strong>cis</strong></span> <span class='ocrx_word' id='word_1_538' title='bbox 365 3649 434 3703; x_wconf 90' lang='lat' dir='ltr'><strong>ad</strong></span> <span class='ocrx_word' id='word_1_539' title='bbox 465 3650 742 3713; x_wconf 89' lang='lat' dir='ltr'><strong>tenebras,</strong></span> <span class='ocrx_word' id='word_1_540' title='bbox 770 3664 871 3703; x_wconf 90' lang='lat' dir='ltr'><strong>nec</strong></span> <span class='ocrx_word' id='word_1_541' title='bbox 902 3648 1009 3702; x_wconf 90' lang='lat' dir='ltr'><strong>ulla</strong></span> <span class='ocrx_word' id='word_1_542' title='bbox 1037 3648 1327 3703; x_wconf 88' lang='lat' dir='ltr'><strong>conventio</strong></span> <span class='ocrx_word' id='word_1_543' title='bbox 1357 3646 1561 3701; x_wconf 85' lang='lat' dir='ltr'><strong>Christi</strong></span> <span class='ocrx_word' id='word_1_544' title='bbox 1583 3645 1651 3701; x_wconf 89' lang='lat' dir='ltr'><strong>ad</strong></span> <span class='ocrx_word' id='word_1_545' title='bbox 1684 3643 1855 3699; x_wconf 90' lang='lat' dir='ltr'><strong>Belial</strong></span> 
     </span>
    </p>
   </div>
   <div class='ocr_carea' id='block_1_65' title="bbox 255 3736 683 3811">
    <p class='ocr_par' dir='ltr' id='par_1_65' title="bbox 255 3736 683 3811">
     <span class='ocr_line' id='line_1_65' title="bbox 255 3736 683 3811; baseline -0.002 -20"><span class='ocrx_word' id='word_1_546' title='bbox 255 3737 343 3811; x_wconf 88' lang='grc' dir='ltr'><strong>(ΙΙ</strong></span> <span class='ocrx_word' id='word_1_547' title='bbox 382 3736 505 3792; x_wconf 83' lang='lat' dir='ltr'><strong>Cor.</strong></span> <span class='ocrx_word' id='word_1_548' title='bbox 536 3737 635 3809; x_wconf 84' lang='lat' dir='ltr'><strong>v1).</strong></span> <span class='ocrx_word' id='word_1_549' title='bbox 665 3758 683 3790; x_wconf 78' lang='grc' dir='ltr'><strong>ι</strong></span> 
     </span>
    </p>
   </div>
   <div class='ocr_carea' id='block_1_66' title="bbox 334 3830 1844 3904">
    <p class='ocr_par' dir='ltr' id='par_1_66' title="bbox 334 3830 1844 3904">
     <span class='ocr_line' id='line_1_66' title="bbox 334 3830 1844 3904; baseline -0.002 -19"><span class='ocrx_word' id='word_1_550' title='bbox 334 3853 354 3885; x_wconf 69' lang='grc' dir='ltr'><em>ς</em></span> <span class='ocrx_word' id='word_1_551' title='bbox 384 3832 762 3904; x_wconf 85' lang='lat' dir='ltr'><strong>Judicavitque</strong></span> <span class='ocrx_word' id='word_1_552' title='bbox 809 3832 1031 3890; x_wconf 90' lang='lat' dir='ltr'><strong>Samuel</strong></span> <span class='ocrx_word' id='word_1_553' title='bbox 1070 3832 1211 3888; x_wconf 87' lang='lat' dir='ltr'><strong>ﬁlios</strong></span> <span class='ocrx_word' id='word_1_554' title='bbox 1237 3831 1401 3887; x_wconf 89' lang='lat' dir='ltr'><strong>Israel</strong></span> <span class='ocrx_word' id='word_1_555' title='bbox 1429 3831 1485 3885; x_wconf 93' lang='lat' dir='ltr'><strong>in</strong></span> <span class='ocrx_word' id='word_1_556' title='bbox 1524 3830 1794 3901; x_wconf 81' lang='lat' dir='ltr'><strong>Maspbat,</strong></span> <span class='ocrx_word' id='word_1_557' title='bbox 1826 3848 1844 3881; x_wconf 76' lang='grc' dir='ltr'><strong>ι</strong></span> 
     </span>
    </p>
   </div>
   <div class='ocr_carea' id='block_1_67' title="bbox 255 3922 1855 3997">
    <p class='ocr_par' dir='ltr' id='par_1_67' title="bbox 255 3922 1855 3997">
     <span class='ocr_line' id='line_1_67' title="bbox 255 3922 1855 3997; baseline -0.005 -14"><span class='ocrx_word' id='word_1_558' title='bbox 255 3934 364 3983; x_wconf 87' lang='lat' dir='ltr'><strong>etc.</strong></span> <span class='ocrx_word' id='word_1_559' title='bbox 412 3926 519 3995; x_wconf 73' lang='lat' dir='ltr'><strong>(Ex</strong></span> <span class='ocrx_word' id='word_1_560' title='bbox 549 3926 917 3997; x_wconf 81' lang='lat' dir='ltr'><strong>Hieronymo.)</strong></span> <span class='ocrx_word' id='word_1_561' title='bbox 961 3925 1207 3995; x_wconf 84' lang='lat' dir='ltr'><strong>Maspbat</strong></span> <span class='ocrx_word' id='word_1_562' title='bbox 1243 3931 1328 3979; x_wconf 90' lang='lat' dir='ltr'><strong>est</strong></span> <span class='ocrx_word' id='word_1_563' title='bbox 1363 3923 1554 3978; x_wconf 89' lang='lat' dir='ltr'><strong>civitas</strong></span> <span class='ocrx_word' id='word_1_564' title='bbox 1602 3923 1658 3976; x_wconf 92' lang='lat' dir='ltr'><strong>in</strong></span> <span class='ocrx_word' id='word_1_565' title='bbox 1708 3922 1855 3976; x_wconf 91' lang='lat' dir='ltr'><strong>tribu</strong></span> 
     </span>
    </p>
   </div>
   <div class='ocr_carea' id='block_1_68' title="bbox 255 4013 1853 4090">
    <p class='ocr_par' dir='ltr' id='par_1_68' title="bbox 255 4013 1853 4090">
     <span class='ocr_line' id='line_1_68' title="bbox 255 4013 1853 4090; baseline -0.006 -15"><span class='ocrx_word' id='word_1_566' title='bbox 255 4018 418 4085; x_wconf 71' lang='lat' dir='ltr'><strong>Iuda,</strong></span> <span class='ocrx_word' id='word_1_567' title='bbox 435 4019 574 4090; x_wconf 91' lang='lat' dir='ltr'><strong>apud</strong></span> <span class='ocrx_word' id='word_1_568' title='bbox 596 4035 760 4089; x_wconf 84' lang='lat' dir='ltr'><strong>quam</strong></span> <span class='ocrx_word' id='word_1_569' title='bbox 783 4019 1049 4073; x_wconf 87' lang='lat' dir='ltr'><strong>habitavit</strong></span> <span class='ocrx_word' id='word_1_570' title='bbox 1066 4018 1280 4087; x_wconf 83' lang='lat' dir='ltr'><strong>Jephte,</strong></span> <span class='ocrx_word' id='word_1_571' title='bbox 1300 4015 1451 4085; x_wconf 82' lang='lat' dir='ltr'><strong>juxta</strong></span> <span class='ocrx_word' id='word_1_572' title='bbox 1468 4013 1853 4069; x_wconf 88' lang='lat' dir='ltr'><strong>Cariathiarim</strong></span> 
     </span>
    </p>
   </div>
   <div class='ocr_carea' id='block_1_69' title="bbox 256 4104 1856 4180">
    <p class='ocr_par' dir='ltr' id='par_1_69' title="bbox 256 4104 1856 4180">
     <span class='ocr_line' id='line_1_69' title="bbox 256 4104 1856 4180; baseline -0.006 -13"><span class='ocrx_word' id='word_1_573' title='bbox 256 4111 473 4176; x_wconf 89' lang='lat' dir='ltr'><strong>urbem,</strong></span> <span class='ocrx_word' id='word_1_574' title='bbox 503 4110 573 4166; x_wconf 90' lang='lat' dir='ltr'><strong>de</strong></span> <span class='ocrx_word' id='word_1_575' title='bbox 597 4126 705 4180; x_wconf 90' lang='lat' dir='ltr'><strong>qua</strong></span> <span class='ocrx_word' id='word_1_576' title='bbox 726 4125 888 4180; x_wconf 91' lang='lat' dir='ltr'><strong>supra</strong></span> <span class='ocrx_word' id='word_1_577' title='bbox 903 4107 1165 4164; x_wconf 79' lang='lat' dir='ltr'><strong>&#39;diximus.</strong></span> <span class='ocrx_word' id='word_1_578' title='bbox 1194 4108 1694 4177; x_wconf 88' lang='lat' dir='ltr'><strong>Interpretaturque</strong></span> <span class='ocrx_word' id='word_1_579' title='bbox 1716 4104 1856 4159; x_wconf 83' lang='lat' dir='ltr'><strong>Mas-</strong></span> 
     </span>
    </p>
   </div>
   <div class='ocr_carea' id='block_1_70' title="bbox 253 4194 1856 4275">
    <p class='ocr_par' dir='ltr' id='par_1_70' title="bbox 253 4194 1856 4275">
     <span class='ocr_line' id='line_1_70' title="bbox 253 4194 1856 4275; baseline -0.006 -16"><span class='ocrx_word' id='word_1_580' title='bbox 253 4204 395 4275; x_wconf 88' lang='lat' dir='ltr'><strong>pbat</strong></span> <span class='ocrx_word' id='word_1_581' title='bbox 437 4202 744 4274; x_wconf 79' lang='lat' dir='ltr'><strong>speculatio,</strong></span> <span class='ocrx_word' id='word_1_582' title='bbox 797 4201 883 4256; x_wconf 87' lang='lat' dir='ltr'><strong>vel</strong></span> <span class='ocrx_word' id='word_1_583' title='bbox 918 4198 1305 4270; x_wconf 79' lang='lat' dir='ltr'><strong>contemplatio,</strong></span> <span class='ocrx_word' id='word_1_584' title='bbox 1350 4199 1465 4254; x_wconf 87' lang='lat' dir='ltr'><strong>sive</strong></span> <span class='ocrx_word' id='word_1_585' title='bbox 1489 4198 1735 4263; x_wconf 85' lang='lat' dir='ltr'><strong>intentio,</strong></span> <span class='ocrx_word' id='word_1_586' title='bbox 1770 4194 1856 4250; x_wconf 92' lang='lat' dir='ltr'><strong>vel</strong></span> 
     </span>
    </p>
   </div>
   <div class='ocr_carea' id='block_1_71' title="bbox 257 4286 1857 4362">
    <p class='ocr_par' dir='ltr' id='par_1_71' title="bbox 257 4286 1857 4362">
     <span class='ocr_line' id='line_1_71' title="bbox 257 4286 1857 4362; baseline -0.005 -14"><span class='ocrx_word' id='word_1_587' title='bbox 257 4294 407 4351; x_wconf 76' lang='lat' dir='ltr'><strong>locus</strong></span> <span class='ocrx_word' id='word_1_588' title='bbox 451 4292 666 4362; x_wconf 85' lang='lat' dir='ltr'><strong>judicii.</strong></span> <span class='ocrx_word' id='word_1_589' title='bbox 724 4292 932 4361; x_wconf 90' lang='lat' dir='ltr'><strong>Saphat</strong></span> <span class='ocrx_word' id='word_1_590' title='bbox 980 4291 1125 4345; x_wconf 90' lang='lat' dir='ltr'><strong>enim</strong></span> <span class='ocrx_word' id='word_1_591' title='bbox 1172 4288 1422 4360; x_wconf 83' lang='lat' dir='ltr'><strong>judicare</strong></span> <span class='ocrx_word' id='word_1_592' title='bbox 1470 4296 1572 4343; x_wconf 88' lang='lat' dir='ltr'><strong>est.</strong></span> <span class='ocrx_word' id='word_1_593' title='bbox 1618 4287 1685 4341; x_wconf 87' lang='lat' dir='ltr'><strong>Et</strong></span> <span class='ocrx_word' id='word_1_594' title='bbox 1718 4286 1857 4341; x_wconf 89' lang='lat' dir='ltr'><strong>bene</strong></span> 
     </span>
    </p>
   </div>
   <div class='ocr_carea' id='block_1_72' title="bbox 259 4378 1855 4449">
    <p class='ocr_par' dir='ltr' id='par_1_72' title="bbox 259 4378 1855 4449">
     <span class='ocr_line' id='line_1_72' title="bbox 259 4378 1855 4449; baseline -0.004 -10"><span class='ocrx_word' id='word_1_595' title='bbox 259 4383 514 4439; x_wconf 89' lang='lat' dir='ltr'><strong>convenit</strong></span> <span class='ocrx_word' id='word_1_596' title='bbox 559 4383 663 4438; x_wconf 89' lang='lat' dir='ltr'><strong>iste</strong></span> <span class='ocrx_word' id='word_1_597' title='bbox 698 4382 851 4438; x_wconf 90' lang='lat' dir='ltr'><strong>locus</strong></span> <span class='ocrx_word' id='word_1_598' title='bbox 879 4390 988 4436; x_wconf 88' lang='lat' dir='ltr'><strong>tam</strong></span> <span class='ocrx_word' id='word_1_599' title='bbox 1018 4388 1207 4436; x_wconf 91' lang='lat' dir='ltr'><strong>sancto</strong></span> <span class='ocrx_word' id='word_1_600' title='bbox 1235 4380 1373 4443; x_wconf 91' lang='lat' dir='ltr'><strong>viro,</strong></span> <span class='ocrx_word' id='word_1_601' title='bbox 1400 4380 1492 4449; x_wconf 92' lang='lat' dir='ltr'><strong>qui</strong></span> <span class='ocrx_word' id='word_1_602' title='bbox 1516 4379 1728 4448; x_wconf 90' lang='lat' dir='ltr'><strong>plebem</strong></span> <span class='ocrx_word' id='word_1_603' title='bbox 1751 4378 1855 4434; x_wconf 89' lang='lat' dir='ltr'><strong>sibi</strong></span> 
     </span>
    </p>
   </div>
   <div class='ocr_carea' id='block_1_73' title="bbox 258 4472 1857 4545">
    <p class='ocr_par' dir='ltr' id='par_1_73' title="bbox 258 4472 1857 4545">
     <span class='ocr_line' id='line_1_73' title="bbox 258 4472 1857 4545; baseline -0.004 -13"><span class='ocrx_word' id='word_1_604' title='bbox 258 4475 606 4532; x_wconf 89' lang='lat' dir='ltr'><strong>commissam</strong></span> <span class='ocrx_word' id='word_1_605' title='bbox 631 4475 685 4529; x_wconf 89' lang='lat' dir='ltr'><strong>in</strong></span> <span class='ocrx_word' id='word_1_606' title='bbox 703 4474 912 4545; x_wconf 87' lang='lat' dir='ltr'><strong>justitia</strong></span> <span class='ocrx_word' id='word_1_607' title='bbox 932 4482 988 4529; x_wconf 91' lang='lat' dir='ltr'><strong>et</strong></span> <span class='ocrx_word' id='word_1_608' title='bbox 1008 4475 1238 4530; x_wconf 89' lang='lat' dir='ltr'><strong>veritate</strong></span> <span class='ocrx_word' id='word_1_609' title='bbox 1270 4472 1535 4542; x_wconf 90' lang='lat' dir='ltr'><strong>judicavit</strong></span> <span class='ocrx_word' id='word_1_610' title='bbox 1563 4480 1619 4529; x_wconf 90' lang='lat' dir='ltr'><strong>et</strong></span> <span class='ocrx_word' id='word_1_611' title='bbox 1644 4487 1857 4527; x_wconf 87' lang='lat' dir='ltr'><strong>summa</strong></span> 
     </span>
    </p>
   </div>
   <div class='ocr_carea' id='block_1_74' title="bbox 256 4566 938 4638">
    <p class='ocr_par' dir='ltr' id='par_1_74' title="bbox 256 4566 938 4638">
     <span class='ocr_line' id='line_1_74' title="bbox 256 4566 938 4638; baseline -0.003 -17"><span class='ocrx_word' id='word_1_612' title='bbox 256 4566 550 4638; x_wconf 89' lang='lat' dir='ltr'><strong>prudentia</strong></span> <span class='ocrx_word' id='word_1_613' title='bbox 594 4566 938 4637; x_wconf 85' lang='lat' dir='ltr'><strong>gubernavit.</strong></span> 
     </span>
    </p>
   </div>
   <div class='ocr_carea' id='block_1_75' title="bbox 1958 3367 3555 3439">
    <p class='ocr_par' dir='ltr' id='par_1_75' title="bbox 1958 3367 3555 3439">
     <span class='ocr_line' id='line_1_75' title="bbox 1958 3367 3555 3439; baseline 0.001 -18"><span class='ocrx_word' id='word_1_614' title='bbox 1958 3368 2271 3423; x_wconf 88' lang='lat' dir='ltr'><strong>inimicitias</strong></span> <span class='ocrx_word' id='word_1_615' title='bbox 2294 3370 2352 3422; x_wconf 84' lang='lat' dir='ltr'><strong>in</strong></span> <span class='ocrx_word' id='word_1_616' title='bbox 2375 3368 2688 3437; x_wconf 87' lang='lat' dir='ltr'><strong>semetipso,</strong></span> <span class='ocrx_word' id='word_1_617' title='bbox 2711 3376 2768 3424; x_wconf 92' lang='lat' dir='ltr'><strong>et</strong></span> <span class='ocrx_word' id='word_1_618' title='bbox 2794 3370 3019 3424; x_wconf 88' lang='lat' dir='ltr'><strong>veniens</strong></span> <span class='ocrx_word' id='word_1_619' title='bbox 3046 3367 3437 3439; x_wconf 87' lang='lat' dir='ltr'><strong>evangelizavit</strong></span> <span class='ocrx_word' id='word_1_620' title='bbox 3459 3382 3555 3438; x_wconf 53' lang='lat' dir='ltr'><strong>pa.</strong></span> 
     </span>
    </p>
   </div>
   <div class='ocr_carea' id='block_1_76' title="bbox 1957 3459 3549 3531">
    <p class='ocr_par' dir='ltr' id='par_1_76' title="bbox 1957 3459 3549 3531">
     <span class='ocr_line' id='line_1_76' title="bbox 1957 3459 3549 3531; baseline 0.001 -18"><span class='ocrx_word' id='word_1_621' title='bbox 1957 3474 2078 3514; x_wconf 86' lang='lat' dir='ltr'><strong>cem</strong></span> <span class='ocrx_word' id='word_1_622' title='bbox 2097 3460 2271 3524; x_wconf 89' lang='lat' dir='ltr'><strong>vobis,</strong></span> <span class='ocrx_word' id='word_1_623' title='bbox 2296 3460 2388 3529; x_wconf 87' lang='lat' dir='ltr'><strong>qui</strong></span> <span class='ocrx_word' id='word_1_624' title='bbox 2419 3460 2576 3531; x_wconf 88' lang='lat' dir='ltr'><strong>longe</strong></span> <span class='ocrx_word' id='word_1_625' title='bbox 2596 3459 2799 3527; x_wconf 87' lang='lat' dir='ltr'><strong>fuistis,</strong></span> <span class='ocrx_word' id='word_1_626' title='bbox 2830 3471 2886 3514; x_wconf 93' lang='lat' dir='ltr'><strong>et</strong></span> <span class='ocrx_word' id='word_1_627' title='bbox 2903 3475 3096 3531; x_wconf 91' lang='lat' dir='ltr'><strong>pacem</strong></span> <span class='ocrx_word' id='word_1_628' title='bbox 3116 3461 3204 3515; x_wconf 92' lang='lat' dir='ltr'><strong>his</strong></span> <span class='ocrx_word' id='word_1_629' title='bbox 3228 3461 3322 3530; x_wconf 89' lang='lat' dir='ltr'><strong>qui</strong></span> <span class='ocrx_word' id='word_1_630' title='bbox 3346 3472 3513 3530; x_wconf 89' lang='lat' dir='ltr'><strong>prope</strong></span> <span class='ocrx_word' id='word_1_631' title='bbox 3533 3475 3549 3523; x_wconf 83' lang='lat'><strong>;</strong></span> 
     </span>
    </p>
   </div>
   <div class='ocr_carea' id='block_1_77' title="bbox 1958 3550 3552 3622">
    <p class='ocr_par' dir='ltr' id='par_1_77' title="bbox 1958 3550 3552 3622">
     <span class='ocr_line' id='line_1_77' title="bbox 1958 3550 3552 3622; baseline 0.001 -18"><span class='ocrx_word' id='word_1_632' title='bbox 1958 3550 2210 3621; x_wconf 89' lang='lat' dir='ltr'><strong>quoniam</strong></span> <span class='ocrx_word' id='word_1_633' title='bbox 2240 3566 2341 3620; x_wconf 91' lang='lat' dir='ltr'><strong>per</strong></span> <span class='ocrx_word' id='word_1_634' title='bbox 2370 3551 2546 3622; x_wconf 92' lang='lat' dir='ltr'><strong>ipsum</strong></span> <span class='ocrx_word' id='word_1_635' title='bbox 2573 3552 2839 3606; x_wconf 90' lang='lat' dir='ltr'><strong>habemus</strong></span> <span class='ocrx_word' id='word_1_636' title='bbox 2868 3566 3150 3608; x_wconf 89' lang='lat' dir='ltr'><strong>accessum</strong></span> <span class='ocrx_word' id='word_1_637' title='bbox 3174 3552 3336 3608; x_wconf 91' lang='lat' dir='ltr'><strong>ambo</strong></span> <span class='ocrx_word' id='word_1_638' title='bbox 3361 3551 3418 3606; x_wconf 88' lang='lat' dir='ltr'><strong>in</strong></span> <span class='ocrx_word' id='word_1_639' title='bbox 3441 3563 3552 3606; x_wconf 89' lang='lat' dir='ltr'><strong>uno</strong></span> 
     </span>
    </p>
   </div>
   <div class='ocr_carea' id='block_1_78' title="bbox 1959 3642 3504 3715">
    <p class='ocr_par' dir='ltr' id='par_1_78' title="bbox 1959 3642 3504 3715">
     <span class='ocr_line' id='line_1_78' title="bbox 1959 3642 3504 3715; baseline 0.002 -20"><span class='ocrx_word' id='word_1_640' title='bbox 1959 3643 2165 3713; x_wconf 87' lang='lat' dir='ltr'><strong>Spiritu</strong></span> <span class='ocrx_word' id='word_1_641' title='bbox 2188 3644 2254 3697; x_wconf 89' lang='lat' dir='ltr'><strong>ad</strong></span> <span class='ocrx_word' id='word_1_642' title='bbox 2288 3659 2499 3714; x_wconf 91' lang='lat' dir='ltr'><strong>pacem.</strong></span> <span class='ocrx_word' id='word_1_643' title='bbox 2538 3663 2558 3695; x_wconf 68' lang='lat' dir='ltr'><strong>i</strong></span> <span class='ocrx_word' id='word_1_644' title='bbox 2584 3643 2859 3698; x_wconf 86' lang='lat' dir='ltr'><strong>Hactenus</strong></span> <span class='ocrx_word' id='word_1_645' title='bbox 2878 3642 3189 3715; x_wconf 88' lang='lat' dir='ltr'><strong>Apostolus.</strong></span> <span class='ocrx_word' id='word_1_646' title='bbox 3500 3647 3504 3650; x_wconf 78' lang='grc'><strong>’</strong></span> 
     </span>
    </p>
   </div>
   <div class='ocr_carea' id='block_1_79' title="bbox 2034 3733 3553 3805">
    <p class='ocr_par' dir='ltr' id='par_1_79' title="bbox 2034 3733 3553 3805">
     <span class='ocr_line' id='line_1_79' title="bbox 2034 3733 3553 3805; baseline 0.005 -21"><span class='ocrx_word' id='word_1_647' title='bbox 2034 3753 2052 3784; x_wconf 74' lang='grc' dir='ltr'><strong>ι</strong></span> <span class='ocrx_word' id='word_1_648' title='bbox 2091 3733 2374 3790; x_wconf 70' lang='lat' dir='ltr'><strong>Iudicabat</strong></span> <span class='ocrx_word' id='word_1_649' title='bbox 2401 3749 2616 3805; x_wconf 88' lang='lat' dir='ltr'><strong>quoque</strong></span> <span class='ocrx_word' id='word_1_650' title='bbox 2650 3734 2871 3790; x_wconf 89' lang='lat' dir='ltr'><strong>Samuel</strong></span> <span class='ocrx_word' id='word_1_651' title='bbox 2917 3734 3084 3790; x_wconf 89' lang='lat' dir='ltr'><strong>Israel</strong></span> <span class='ocrx_word' id='word_1_652' title='bbox 3108 3734 3317 3790; x_wconf 91' lang='lat' dir='ltr'><strong>cunctis</strong></span> <span class='ocrx_word' id='word_1_653' title='bbox 3359 3733 3553 3791; x_wconf 87' lang='lat' dir='ltr'><strong>diebus</strong></span> 
     </span>
    </p>
   </div>
   <div class='ocr_carea' id='block_1_80' title="bbox 1962 3824 3553 3897">
    <p class='ocr_par' dir='ltr' id='par_1_80' title="bbox 1962 3824 3553 3897">
     <span class='ocr_line' id='line_1_80' title="bbox 1962 3824 3553 3897; baseline 0.002 -20"><span class='ocrx_word' id='word_1_654' title='bbox 1962 3846 1979 3877; x_wconf 73' lang='grc' dir='ltr'><strong>ι</strong></span> <span class='ocrx_word' id='word_1_655' title='bbox 2020 3826 2143 3881; x_wconf 65' lang='lat' dir='ltr'><strong>vitae</strong></span> <span class='ocrx_word' id='word_1_656' title='bbox 2193 3842 2323 3882; x_wconf 77' lang='lat' dir='ltr'><strong>suae.</strong></span> <span class='ocrx_word' id='word_1_657' title='bbox 2366 3826 2436 3881; x_wconf 87' lang='lat' dir='ltr'><strong>Et</strong></span> <span class='ocrx_word' id='word_1_658' title='bbox 2484 3826 2599 3881; x_wconf 89' lang='lat' dir='ltr'><strong>ibat</strong></span> <span class='ocrx_word' id='word_1_659' title='bbox 2650 3840 2751 3897; x_wconf 88' lang='lat' dir='ltr'><strong>per</strong></span> <span class='ocrx_word' id='word_1_660' title='bbox 2792 3824 3035 3897; x_wconf 89' lang='lat' dir='ltr'><strong>singulos</strong></span> <span class='ocrx_word' id='word_1_661' title='bbox 3072 3840 3243 3881; x_wconf 90' lang='lat' dir='ltr'><strong>annos</strong></span> <span class='ocrx_word' id='word_1_662' title='bbox 3279 3824 3553 3881; x_wconf 85' lang='lat' dir='ltr'><strong>circuiens</strong></span> 
     </span>
    </p>
   </div>
   <div class='ocr_carea' id='block_1_81' title="bbox 1962 3914 3549 3988">
    <p class='ocr_par' dir='ltr' id='par_1_81' title="bbox 1962 3914 3549 3988">
     <span class='ocr_line' id='line_1_81' title="bbox 1962 3914 3549 3988; baseline 0.001 -19"><span class='ocrx_word' id='word_1_663' title='bbox 1962 3937 1981 3969; x_wconf 77' lang='grc' dir='ltr'><strong>ι</strong></span> <span class='ocrx_word' id='word_1_664' title='bbox 2016 3917 2297 3984; x_wconf 89' lang='lat' dir='ltr'><strong>Bethel,et</strong></span> <span class='ocrx_word' id='word_1_665' title='bbox 2314 3917 2538 3988; x_wconf 70' lang='lat' dir='ltr'><strong>Calgala</strong></span> <span class='ocrx_word' id='word_1_666' title='bbox 2559 3925 2615 3973; x_wconf 93' lang='lat' dir='ltr'><strong>et</strong></span> <span class='ocrx_word' id='word_1_667' title='bbox 2636 3915 2903 3987; x_wconf 85' lang='lat' dir='ltr'><strong>Maspbat,</strong></span> <span class='ocrx_word' id='word_1_668' title='bbox 2932 3929 2989 3972; x_wconf 89' lang='lat' dir='ltr'><strong>et</strong></span> <span class='ocrx_word' id='word_1_669' title='bbox 3006 3914 3270 3985; x_wconf 90' lang='lat' dir='ltr'><strong>judicavit</strong></span> <span class='ocrx_word' id='word_1_670' title='bbox 3292 3916 3549 3971; x_wconf 90' lang='lat' dir='ltr'><strong>lsraelem</strong></span> 
     </span>
    </p>
   </div>
   <div class='ocr_carea' id='block_1_82' title="bbox 1963 4007 3551 4078">
    <p class='ocr_par' dir='ltr' id='par_1_82' title="bbox 1963 4007 3551 4078">
     <span class='ocr_line' id='line_1_82' title="bbox 1963 4007 3551 4078; baseline 0.001 -18"><span class='ocrx_word' id='word_1_671' title='bbox 1963 4028 1981 4060; x_wconf 76' lang='grc' dir='ltr'><strong>ι</strong></span> <span class='ocrx_word' id='word_1_672' title='bbox 2018 4009 2076 4064; x_wconf 88' lang='lat' dir='ltr'><strong>in</strong></span> <span class='ocrx_word' id='word_1_673' title='bbox 2131 4009 2457 4078; x_wconf 89' lang='lat' dir='ltr'><strong>supradictis</strong></span> <span class='ocrx_word' id='word_1_674' title='bbox 2503 4008 2660 4075; x_wconf 89' lang='lat' dir='ltr'><strong>locis,</strong></span> <span class='ocrx_word' id='word_1_675' title='bbox 2689 4028 2710 4061; x_wconf 78' lang='grc' dir='ltr'><strong>ι</strong></span> <span class='ocrx_word' id='word_1_676' title='bbox 2753 4017 2859 4064; x_wconf 89' lang='lat' dir='ltr'><strong>etc.</strong></span> <span class='ocrx_word' id='word_1_677' title='bbox 2908 4007 3096 4063; x_wconf 90' lang='lat' dir='ltr'><strong>Bethel</strong></span> <span class='ocrx_word' id='word_1_678' title='bbox 3124 4015 3209 4063; x_wconf 90' lang='lat' dir='ltr'><strong>est</strong></span> <span class='ocrx_word' id='word_1_679' title='bbox 3263 4007 3458 4064; x_wconf 91' lang='lat' dir='ltr'><strong>civitas</strong></span> <span class='ocrx_word' id='word_1_680' title='bbox 3491 4007 3551 4063; x_wconf 90' lang='lat' dir='ltr'><strong>in</strong></span> 
     </span>
    </p>
   </div>
   <div class='ocr_carea' id='block_1_83' title="bbox 1956 4099 3548 4172">
    <p class='ocr_par' dir='ltr' id='par_1_83' title="bbox 1956 4099 3548 4172">
     <span class='ocr_line' id='line_1_83' title="bbox 1956 4099 3548 4172; baseline -0.001 -17"><span class='ocrx_word' id='word_1_681' title='bbox 1956 4100 2276 4155; x_wconf 89' lang='lat' dir='ltr'><strong>duodecimo</strong></span> <span class='ocrx_word' id='word_1_682' title='bbox 2306 4103 2373 4155; x_wconf 88' lang='lat' dir='ltr'><strong>ab</strong></span> <span class='ocrx_word' id='word_1_683' title='bbox 2413 4100 2788 4172; x_wconf 85' lang='lat' dir='ltr'><strong>Hierosolyma</strong></span> <span class='ocrx_word' id='word_1_684' title='bbox 2832 4100 3031 4171; x_wconf 89' lang='lat' dir='ltr'><strong>lapide,</strong></span> <span class='ocrx_word' id='word_1_685' title='bbox 3063 4117 3094 4155; x_wconf 90' lang='lat' dir='ltr'><strong>a</strong></span> <span class='ocrx_word' id='word_1_686' title='bbox 3125 4101 3331 4157; x_wconf 79' lang='lat' dir='ltr'><strong>dextris</strong></span> <span class='ocrx_word' id='word_1_687' title='bbox 3365 4099 3548 4155; x_wconf 85' lang='lat' dir='ltr'><strong>eunti-</strong></span> 
     </span>
    </p>
   </div>
   <div class='ocr_carea' id='block_1_84' title="bbox 1954 4189 3549 4264">
    <p class='ocr_par' dir='ltr' id='par_1_84' title="bbox 1954 4189 3549 4264">
     <span class='ocr_line' id='line_1_84' title="bbox 1954 4189 3549 4264; baseline 0.001 -19"><span class='ocrx_word' id='word_1_688' title='bbox 1954 4191 2056 4246; x_wconf 90' lang='lat' dir='ltr'><strong>bus</strong></span> <span class='ocrx_word' id='word_1_689' title='bbox 2086 4189 2385 4261; x_wconf 85' lang='lat' dir='ltr'><strong>Neapolim,</strong></span> <span class='ocrx_word' id='word_1_690' title='bbox 2433 4206 2555 4261; x_wconf 64' lang='lat' dir='ltr'><strong>quae</strong></span> <span class='ocrx_word' id='word_1_691' title='bbox 2596 4191 2750 4261; x_wconf 88' lang='lat' dir='ltr'><strong>prius</strong></span> <span class='ocrx_word' id='word_1_692' title='bbox 2773 4191 2945 4258; x_wconf 84' lang='lat' dir='ltr'><strong>Luza,</strong></span> <span class='ocrx_word' id='word_1_693' title='bbox 2996 4191 3052 4246; x_wconf 91' lang='lat' dir='ltr'><strong>id</strong></span> <span class='ocrx_word' id='word_1_694' title='bbox 3107 4200 3210 4258; x_wconf 89' lang='lat' dir='ltr'><strong>est,</strong></span> <span class='ocrx_word' id='word_1_695' title='bbox 3242 4191 3549 4264; x_wconf 84' lang='lat' dir='ltr'><strong>amigdalon</strong></span> 
     </span>
    </p>
   </div>
   <div class='ocr_carea' id='block_1_85' title="bbox 1954 4283 3551 4355">
    <p class='ocr_par' dir='ltr' id='par_1_85' title="bbox 1954 4283 3551 4355">
     <span class='ocr_line' id='line_1_85' title="bbox 1954 4283 3551 4355; baseline 0.001 -17"><span class='ocrx_word' id='word_1_696' title='bbox 1954 4285 2273 4350; x_wconf 89' lang='lat' dir='ltr'><strong>vocabatur,</strong></span> <span class='ocrx_word' id='word_1_697' title='bbox 2298 4294 2355 4339; x_wconf 92' lang='lat' dir='ltr'><strong>et</strong></span> <span class='ocrx_word' id='word_1_698' title='bbox 2376 4285 2573 4339; x_wconf 90' lang='lat' dir='ltr'><strong>cecidit</strong></span> <span class='ocrx_word' id='word_1_699' title='bbox 2599 4284 2655 4339; x_wconf 89' lang='lat' dir='ltr'><strong>in</strong></span> <span class='ocrx_word' id='word_1_700' title='bbox 2682 4292 2883 4341; x_wconf 87' lang='lat' dir='ltr'><strong>sortem</strong></span> <span class='ocrx_word' id='word_1_701' title='bbox 2914 4284 3092 4340; x_wconf 90' lang='lat' dir='ltr'><strong>tribus</strong></span> <span class='ocrx_word' id='word_1_702' title='bbox 3113 4283 3412 4355; x_wconf 90' lang='lat' dir='ltr'><strong>Benjamin.</strong></span> <span class='ocrx_word' id='word_1_703' title='bbox 3443 4283 3551 4339; x_wconf 83' lang='lat' dir='ltr'><strong>Vo-</strong></span> 
     </span>
    </p>
   </div>
   <div class='ocr_carea' id='block_1_86' title="bbox 1957 4372 3550 4446">
    <p class='ocr_par' dir='ltr' id='par_1_86' title="bbox 1957 4372 3550 4446">
     <span class='ocr_line' id='line_1_86' title="bbox 1957 4372 3550 4446; baseline -0.002 -13"><span class='ocrx_word' id='word_1_704' title='bbox 1957 4378 2182 4433; x_wconf 91' lang='lat' dir='ltr'><strong>cabatur</strong></span> <span class='ocrx_word' id='word_1_705' title='bbox 2210 4384 2394 4433; x_wconf 90' lang='lat' dir='ltr'><strong>autem</strong></span> <span class='ocrx_word' id='word_1_706' title='bbox 2420 4376 2574 4446; x_wconf 86' lang='lat' dir='ltr'><strong>prius</strong></span> <span class='ocrx_word' id='word_1_707' title='bbox 2618 4374 2766 4431; x_wconf 84' lang='lat' dir='ltr'><strong>Luza</strong></span> <span class='ocrx_word' id='word_1_708' title='bbox 2800 4376 3011 4442; x_wconf 86' lang='lat' dir='ltr'><strong>Bethel,</strong></span> <span class='ocrx_word' id='word_1_709' title='bbox 3039 4384 3100 4430; x_wconf 92' lang='lat' dir='ltr'><strong>ut</strong></span> <span class='ocrx_word' id='word_1_710' title='bbox 3130 4372 3384 4432; x_wconf 77' lang='lat' dir='ltr'><strong>diximus.</strong></span> <span class='ocrx_word' id='word_1_711' title='bbox 3404 4374 3550 4430; x_wconf 80' lang='lat' dir='ltr'><strong>Nam</strong></span> 
     </span>
    </p>
   </div>
   <div class='ocr_carea' id='block_1_87' title="bbox 1956 4467 3549 4538">
    <p class='ocr_par' dir='ltr' id='par_1_87' title="bbox 1956 4467 3549 4538">
     <span class='ocr_line' id='line_1_87' title="bbox 1956 4467 3549 4538; baseline -0.003 -13"><span class='ocrx_word' id='word_1_712' title='bbox 1956 4479 2012 4525; x_wconf 89' lang='lat' dir='ltr'><strong>et</strong></span> <span class='ocrx_word' id='word_1_713' title='bbox 2037 4471 2142 4524; x_wconf 92' lang='lat' dir='ltr'><strong>hoc</strong></span> <span class='ocrx_word' id='word_1_714' title='bbox 2170 4470 2314 4538; x_wconf 89' lang='lat' dir='ltr'><strong>quod</strong></span> <span class='ocrx_word' id='word_1_715' title='bbox 2362 4468 2639 4524; x_wconf 89' lang='lat' dir='ltr'><strong>Bethauen</strong></span> <span class='ocrx_word' id='word_1_716' title='bbox 2690 4467 2839 4523; x_wconf 90' lang='lat' dir='ltr'><strong>aliud</strong></span> <span class='ocrx_word' id='word_1_717' title='bbox 2887 4468 3143 4537; x_wconf 91' lang='lat' dir='ltr'><strong>oppidum</strong></span> <span class='ocrx_word' id='word_1_718' title='bbox 3178 4467 3549 4535; x_wconf 86' lang='lat' dir='ltr'><strong>suspicantur,</strong></span> 
     </span>
    </p>
   </div>
   <div class='ocr_carea' id='block_1_88' title="bbox 1956 4556 3551 4629">
    <p class='ocr_par' dir='ltr' id='par_1_88' title="bbox 1956 4556 3551 4629">
     <span class='ocr_line' id='line_1_88' title="bbox 1956 4556 3551 4629; baseline -0.003 -11"><span class='ocrx_word' id='word_1_719' title='bbox 1956 4578 2065 4618; x_wconf 87' lang='lat' dir='ltr'><strong>non</strong></span> <span class='ocrx_word' id='word_1_720' title='bbox 2092 4563 2166 4616; x_wconf 89' lang='lat' dir='ltr'><strong>ita</strong></span> <span class='ocrx_word' id='word_1_721' title='bbox 2187 4570 2295 4627; x_wconf 86' lang='lat' dir='ltr'><strong>est,</strong></span> <span class='ocrx_word' id='word_1_722' title='bbox 2319 4560 2413 4616; x_wconf 88' lang='lat' dir='ltr'><strong>sed</strong></span> <span class='ocrx_word' id='word_1_723' title='bbox 2444 4574 2513 4615; x_wconf 85' lang='lat' dir='ltr'><strong>ex</strong></span> <span class='ocrx_word' id='word_1_724' title='bbox 2537 4574 2603 4615; x_wconf 89' lang='lat' dir='ltr'><strong>eo</strong></span> <span class='ocrx_word' id='word_1_725' title='bbox 2657 4565 2897 4629; x_wconf 89' lang='lat' dir='ltr'><strong>tempore</strong></span> <span class='ocrx_word' id='word_1_726' title='bbox 2932 4572 3041 4628; x_wconf 90' lang='lat' dir='ltr'><strong>quo</strong></span> <span class='ocrx_word' id='word_1_727' title='bbox 3074 4556 3150 4611; x_wconf 89' lang='lat' dir='ltr'><strong>ibi</strong></span> <span class='ocrx_word' id='word_1_728' title='bbox 3175 4572 3206 4611; x_wconf 91' lang='lat' dir='ltr'><strong>a</strong></span> <span class='ocrx_word' id='word_1_729' title='bbox 3235 4556 3551 4625; x_wconf 86' lang='lat' dir='ltr'><strong>Jeroboam,</strong></span> 
     </span>
    </p>
   </div>
   <div class='ocr_carea' id='block_1_89' title="bbox 336 4641 3550 4728">
    <p class='ocr_par' dir='ltr' id='par_1_89' title="bbox 336 4641 3550 4728">
     <span class='ocr_line' id='line_1_89' title="bbox 336 4641 3550 4728; baseline -0.001 -19"><span class='ocrx_word' id='word_1_730' title='bbox 336 4676 354 4708; x_wconf 74' lang='grc' dir='ltr'><strong>ι</strong></span> <span class='ocrx_word' id='word_1_731' title='bbox 393 4656 540 4711; x_wconf 90' lang='lat' dir='ltr'><strong>Tulit</strong></span> <span class='ocrx_word' id='word_1_732' title='bbox 587 4665 768 4712; x_wconf 89' lang='lat' dir='ltr'><strong>autem</strong></span> <span class='ocrx_word' id='word_1_733' title='bbox 819 4656 1036 4713; x_wconf 89' lang='lat' dir='ltr'><strong>Samuel</strong></span> <span class='ocrx_word' id='word_1_734' title='bbox 1083 4672 1281 4728; x_wconf 89' lang='lat' dir='ltr'><strong>agnum</strong></span> <span class='ocrx_word' id='word_1_735' title='bbox 1326 4657 1621 4712; x_wconf 89' lang='lat' dir='ltr'><strong>laetantem</strong></span> <span class='ocrx_word' id='word_1_736' title='bbox 1660 4673 1847 4724; x_wconf 89' lang='lat' dir='ltr'><strong>unum,</strong></span> <span class='ocrx_word' id='word_1_737' title='bbox 1874 4641 1929 4701; x_wconf 82' lang='grc' dir='ltr'>Ῑ)</span> <span class='ocrx_word' id='word_1_738' title='bbox 1956 4655 2068 4710; x_wconf 87' lang='lat' dir='ltr'><strong>filio</strong></span> <span class='ocrx_word' id='word_1_739' title='bbox 2112 4653 2347 4720; x_wconf 87' lang='lat' dir='ltr'><strong>Nabath,</strong></span> <span class='ocrx_word' id='word_1_740' title='bbox 2381 4653 2535 4709; x_wconf 92' lang='lat' dir='ltr'><strong>vituli</strong></span> <span class='ocrx_word' id='word_1_741' title='bbox 2566 4652 2717 4708; x_wconf 87' lang='lat' dir='ltr'><strong>aurei</strong></span> <span class='ocrx_word' id='word_1_742' title='bbox 2748 4651 3002 4708; x_wconf 86' lang='lat' dir='ltr'><strong>fabricati</strong></span> <span class='ocrx_word' id='word_1_743' title='bbox 3046 4659 3173 4706; x_wconf 90' lang='lat' dir='ltr'><strong>sunt</strong></span> <span class='ocrx_word' id='word_1_744' title='bbox 3216 4658 3271 4706; x_wconf 88' lang='lat' dir='ltr'><strong>et</strong></span> <span class='ocrx_word' id='word_1_745' title='bbox 3295 4667 3328 4705; x_wconf 91' lang='lat' dir='ltr'><strong>a</strong></span> <span class='ocrx_word' id='word_1_746' title='bbox 3359 4651 3550 4706; x_wconf 91' lang='lat' dir='ltr'><strong>decem</strong></span> 
     </span>
    </p>
   </div>
   <div class='ocr_carea' id='block_1_90' title="bbox 265 4748 1855 4805">
    <p class='ocr_par' dir='ltr' id='par_1_90' title="bbox 265 4748 1855 4805">
     <span class='ocr_line' id='line_1_90' title="bbox 265 4748 1855 4805; baseline 0.003 -4"><span class='ocrx_word' id='word_1_747' title='bbox 265 4768 285 4801; x_wconf 84' lang='grc'><strong>‹</strong></span> <span class='ocrx_word' id='word_1_748' title='bbox 322 4756 379 4803; x_wconf 86' lang='lat' dir='ltr'><strong>et</strong></span> <span class='ocrx_word' id='word_1_749' title='bbox 405 4748 605 4804; x_wconf 89' lang='lat' dir='ltr'><strong>obtulit</strong></span> <span class='ocrx_word' id='word_1_750' title='bbox 629 4748 780 4803; x_wconf 90' lang='lat' dir='ltr'><strong>illum</strong></span> <span class='ocrx_word' id='word_1_751' title='bbox 806 4748 1184 4803; x_wconf 70' lang='lat' dir='ltr'><strong>holocaustum</strong></span> <span class='ocrx_word' id='word_1_752' title='bbox 1210 4749 1460 4805; x_wconf 91' lang='lat' dir='ltr'><strong>Domino.</strong></span> <span class='ocrx_word' id='word_1_753' title='bbox 1506 4749 1574 4803; x_wconf 84' lang='lat' dir='ltr'><strong>Et</strong></span> <span class='ocrx_word' id='word_1_754' title='bbox 1599 4749 1855 4805; x_wconf 88' lang='lat' dir='ltr'><strong>clamavit</strong></span> 
     </span>
    </p>
   </div>
   <div class='ocr_carea' id='block_1_91' title="bbox 267 4841 1854 4910">
    <p class='ocr_par' dir='ltr' id='par_1_91' title="bbox 267 4841 1854 4910">
     <span class='ocr_line' id='line_1_91' title="bbox 267 4841 1854 4910; baseline 0.003 -17"><span class='ocrx_word' id='word_1_755' title='bbox 267 4860 286 4893; x_wconf 79' lang='grc' dir='ltr'><strong>ι</strong></span> <span class='ocrx_word' id='word_1_756' title='bbox 327 4841 549 4897; x_wconf 88' lang='lat' dir='ltr'><strong>Samuel</strong></span> <span class='ocrx_word' id='word_1_757' title='bbox 597 4842 666 4897; x_wconf 89' lang='lat' dir='ltr'><strong>ad</strong></span> <span class='ocrx_word' id='word_1_758' title='bbox 717 4842 1001 4896; x_wconf 91' lang='lat' dir='ltr'><strong>Dominum</strong></span> <span class='ocrx_word' id='word_1_759' title='bbox 1056 4856 1156 4910; x_wconf 88' lang='lat' dir='ltr'><strong>pro</strong></span> <span class='ocrx_word' id='word_1_760' title='bbox 1204 4841 1410 4907; x_wconf 89' lang='lat' dir='ltr'><strong>Israel,</strong></span> <span class='ocrx_word' id='word_1_761' title='bbox 1468 4849 1524 4895; x_wconf 91' lang='lat' dir='ltr'><strong>et</strong></span> <span class='ocrx_word' id='word_1_762' title='bbox 1576 4841 1854 4897; x_wconf 84' lang='lat' dir='ltr'><strong>exaudivit</strong></span> 
     </span>
    </p>
   </div>
   <div class='ocr_carea' id='block_1_92' title="bbox 268 4929 1852 5002">
    <p class='ocr_par' dir='ltr' id='par_1_92' title="bbox 268 4929 1852 5002">
     <span class='ocr_line' id='line_1_92' title="bbox 268 4929 1852 5002; baseline 0.001 -17"><span class='ocrx_word' id='word_1_763' title='bbox 268 4952 287 4985; x_wconf 74' lang='grc' dir='ltr'><strong>ι</strong></span> <span class='ocrx_word' id='word_1_764' title='bbox 323 4950 467 5001; x_wconf 88' lang='lat' dir='ltr'><strong>eum,</strong></span> <span class='ocrx_word' id='word_1_765' title='bbox 505 4953 525 4985; x_wconf 71' lang='grc' dir='ltr'><strong>ι</strong></span> <span class='ocrx_word' id='word_1_766' title='bbox 559 4941 663 4988; x_wconf 89' lang='lat' dir='ltr'><strong>etc.</strong></span> <span class='ocrx_word' id='word_1_767' title='bbox 699 4950 717 4983; x_wconf 74' lang='grc' dir='ltr'><strong>ι</strong></span> <span class='ocrx_word' id='word_1_768' title='bbox 746 4932 1103 4995; x_wconf 81' lang='lat' dir='ltr'><strong>Exclamavit,</strong></span> <span class='ocrx_word' id='word_1_769' title='bbox 1138 4932 1331 5002; x_wconf 88' lang='lat' dir='ltr'><strong>inquit,</strong></span> <span class='ocrx_word' id='word_1_770' title='bbox 1385 4929 1605 4985; x_wconf 88' lang='lat' dir='ltr'><strong>Samuel</strong></span> <span class='ocrx_word' id='word_1_771' title='bbox 1647 4931 1714 4984; x_wconf 88' lang='lat' dir='ltr'><strong>ad</strong></span> <span class='ocrx_word' id='word_1_772' title='bbox 1744 4931 1852 4986; x_wconf 90' lang='lat' dir='ltr'><strong>Do-</strong></span> 
     </span>
    </p>
   </div>
   <div class='ocr_carea' id='block_1_93' title="bbox 263 5020 1854 5095">
    <p class='ocr_par' dir='ltr' id='par_1_93' title="bbox 263 5020 1854 5095">
     <span class='ocr_line' id='line_1_93' title="bbox 263 5020 1854 5095; baseline -0.002 -16"><span class='ocrx_word' id='word_1_773' title='bbox 263 5026 472 5080; x_wconf 89' lang='lat' dir='ltr'><strong>minum</strong></span> <span class='ocrx_word' id='word_1_774' title='bbox 501 5040 602 5095; x_wconf 92' lang='lat' dir='ltr'><strong>pro</strong></span> <span class='ocrx_word' id='word_1_775' title='bbox 626 5024 814 5089; x_wconf 90' lang='lat' dir='ltr'><strong>Israel,</strong></span> <span class='ocrx_word' id='word_1_776' title='bbox 850 5043 870 5075; x_wconf 76' lang='grc' dir='ltr'><strong>ι</strong></span> <span class='ocrx_word' id='word_1_777' title='bbox 895 5032 952 5077; x_wconf 88' lang='grc' dir='ltr'><strong>ει</strong></span> <span class='ocrx_word' id='word_1_778' title='bbox 993 5023 1269 5077; x_wconf 83' lang='lat' dir='ltr'><strong>exaudivit</strong></span> <span class='ocrx_word' id='word_1_779' title='bbox 1297 5038 1419 5077; x_wconf 92' lang='lat' dir='ltr'><strong>eum</strong></span> <span class='ocrx_word' id='word_1_780' title='bbox 1447 5040 1461 5075; x_wconf 88' lang='lat'><strong>:</strong></span> <span class='ocrx_word' id='word_1_781' title='bbox 1495 5040 1514 5072; x_wconf 86' lang='grc'><strong>‹</strong></span> <span class='ocrx_word' id='word_1_782' title='bbox 1548 5021 1685 5088; x_wconf 90' lang='lat' dir='ltr'><strong>Quia</strong></span> <span class='ocrx_word' id='word_1_783' title='bbox 1713 5020 1854 5076; x_wconf 91' lang='lat' dir='ltr'><strong>oculi</strong></span> 
     </span>
    </p>
   </div>
   <div class='ocr_carea' id='block_1_94' title="bbox 261 5111 1851 5187">
    <p class='ocr_par' dir='ltr' id='par_1_94' title="bbox 261 5111 1851 5187">
     <span class='ocr_line' id='line_1_94' title="bbox 261 5111 1851 5187; baseline -0.003 -14"><span class='ocrx_word' id='word_1_784' title='bbox 261 5117 476 5174; x_wconf 90' lang='lat' dir='ltr'><strong>Domini</strong></span> <span class='ocrx_word' id='word_1_785' title='bbox 504 5132 669 5187; x_wconf 89' lang='lat' dir='ltr'><strong>super</strong></span> <span class='ocrx_word' id='word_1_786' title='bbox 689 5114 888 5184; x_wconf 89' lang='lat' dir='ltr'><strong>justos,</strong></span> <span class='ocrx_word' id='word_1_787' title='bbox 919 5124 975 5170; x_wconf 88' lang='lat' dir='ltr'><strong>et</strong></span> <span class='ocrx_word' id='word_1_788' title='bbox 999 5131 1159 5170; x_wconf 91' lang='lat' dir='ltr'><strong>aures</strong></span> <span class='ocrx_word' id='word_1_789' title='bbox 1188 5111 1303 5182; x_wconf 84' lang='lat' dir='ltr'><strong>eius</strong></span> <span class='ocrx_word' id='word_1_790' title='bbox 1338 5115 1407 5170; x_wconf 89' lang='lat' dir='ltr'><strong>ad</strong></span> <span class='ocrx_word' id='word_1_791' title='bbox 1450 5129 1640 5184; x_wconf 90' lang='lat' dir='ltr'><strong>preces</strong></span> <span class='ocrx_word' id='word_1_792' title='bbox 1661 5128 1851 5168; x_wconf 88' lang='lat' dir='ltr'><strong>eorum</strong></span> 
     </span>
    </p>
   </div>
   <div class='ocr_carea' id='block_1_95' title="bbox 264 5206 1851 5284">
    <p class='ocr_par' dir='ltr' id='par_1_95' title="bbox 264 5206 1851 5284">
     <span class='ocr_line' id='line_1_95' title="bbox 264 5206 1851 5284; baseline -0.003 -21"><span class='ocrx_word' id='word_1_793' title='bbox 264 5209 439 5284; x_wconf 67' lang='lat' dir='ltr'><strong>(Paul.</strong></span> <span class='ocrx_word' id='word_1_794' title='bbox 463 5209 645 5282; x_wconf 69' lang='grc' dir='ltr'>χχιιι).</span> <span class='ocrx_word' id='word_1_795' title='bbox 679 5227 698 5261; x_wconf 75' lang='grc' dir='ltr'><strong>ι</strong></span> <span class='ocrx_word' id='word_1_796' title='bbox 735 5207 803 5263; x_wconf 88' lang='lat' dir='ltr'><strong>Et</strong></span> <span class='ocrx_word' id='word_1_797' title='bbox 830 5224 955 5263; x_wconf 90' lang='lat' dir='ltr'><strong>cum</strong></span> <span class='ocrx_word' id='word_1_798' title='bbox 981 5207 1203 5263; x_wconf 80' lang='lat' dir='ltr'><strong>oﬁ&#39;erret</strong></span> <span class='ocrx_word' id='word_1_799' title='bbox 1242 5224 1443 5279; x_wconf 85' lang='lat' dir='ltr'><strong>agnum</strong></span> <span class='ocrx_word' id='word_1_800' title='bbox 1475 5206 1763 5262; x_wconf 88' lang='lat' dir='ltr'><strong>laetantem</strong></span> <span class='ocrx_word' id='word_1_801' title='bbox 1796 5206 1851 5260; x_wconf 90' lang='lat' dir='ltr'><strong>in</strong></span> 
     </span>
    </p>
   </div>
   <div class='ocr_carea' id='block_1_96' title="bbox 263 5299 1854 5369">
    <p class='ocr_par' dir='ltr' id='par_1_96' title="bbox 263 5299 1854 5369">
     <span class='ocr_line' id='line_1_96' title="bbox 263 5299 1854 5369; baseline -0.004 -12"><span class='ocrx_word' id='word_1_802' title='bbox 263 5304 664 5369; x_wconf 87' lang='lat' dir='ltr'><strong>holocaustum,</strong></span> <span class='ocrx_word' id='word_1_803' title='bbox 691 5300 796 5356; x_wconf 91' lang='lat' dir='ltr'><strong>hoc</strong></span> <span class='ocrx_word' id='word_1_804' title='bbox 829 5308 935 5367; x_wconf 90' lang='lat' dir='ltr'><strong>est,</strong></span> <span class='ocrx_word' id='word_1_805' title='bbox 978 5299 1323 5354; x_wconf 87' lang='lat' dir='ltr'><strong>innocentem</strong></span> <span class='ocrx_word' id='word_1_806' title='bbox 1367 5300 1555 5365; x_wconf 88' lang='lat' dir='ltr'><strong>vitam,</strong></span> <span class='ocrx_word' id='word_1_807' title='bbox 1593 5313 1692 5369; x_wconf 88' lang='lat' dir='ltr'><strong>per</strong></span> <span class='ocrx_word' id='word_1_808' title='bbox 1723 5312 1854 5352; x_wconf 91' lang='lat' dir='ltr'><strong>con-</strong></span> 
     </span>
    </p>
   </div>
   <div class='ocr_carea' id='block_1_97' title="bbox 264 5388 1851 5452">
    <p class='ocr_par' dir='ltr' id='par_1_97' title="bbox 264 5388 1851 5452">
     <span class='ocr_line' id='line_1_97' title="bbox 264 5388 1851 5452; baseline -0.003 -6"><span class='ocrx_word' id='word_1_809' title='bbox 264 5392 550 5448; x_wconf 88' lang='lat' dir='ltr'><strong>tinentiam</strong></span> <span class='ocrx_word' id='word_1_810' title='bbox 588 5390 881 5446; x_wconf 89' lang='lat' dir='ltr'><strong>salutarem</strong></span> <span class='ocrx_word' id='word_1_811' title='bbox 930 5390 1161 5445; x_wconf 88' lang='lat' dir='ltr'><strong>hostiam</strong></span> <span class='ocrx_word' id='word_1_812' title='bbox 1187 5388 1418 5446; x_wconf 89' lang='lat' dir='ltr'><strong>Domino</strong></span> <span class='ocrx_word' id='word_1_813' title='bbox 1472 5388 1754 5452; x_wconf 88' lang='lat' dir='ltr'><strong>mactavit,</strong></span> <span class='ocrx_word' id='word_1_814' title='bbox 1785 5401 1851 5442; x_wconf 90' lang='lat' dir='ltr'><strong>ac</strong></span> 
     </span>
    </p>
   </div>
   <div class='ocr_carea' id='block_1_98' title="bbox 265 5481 1853 5557">
    <p class='ocr_par' dir='ltr' id='par_1_98' title="bbox 265 5481 1853 5557">
     <span class='ocr_line' id='line_1_98' title="bbox 265 5481 1853 5557; baseline -0.003 -17"><span class='ocrx_word' id='word_1_815' title='bbox 265 5486 389 5557; x_wconf 88' lang='lat' dir='ltr'><strong>igne</strong></span> <span class='ocrx_word' id='word_1_816' title='bbox 428 5481 711 5540; x_wconf 86' lang='lat' dir='ltr'><strong>charitatis</strong></span> <span class='ocrx_word' id='word_1_817' title='bbox 753 5484 811 5538; x_wconf 90' lang='lat' dir='ltr'><strong>in</strong></span> <span class='ocrx_word' id='word_1_818' title='bbox 836 5482 1060 5539; x_wconf 90' lang='lat' dir='ltr'><strong>odorem</strong></span> <span class='ocrx_word' id='word_1_819' title='bbox 1103 5484 1385 5539; x_wconf 89' lang='lat' dir='ltr'><strong>suavitatis</strong></span> <span class='ocrx_word' id='word_1_820' title='bbox 1426 5490 1596 5537; x_wconf 89' lang='lat' dir='ltr'><strong>totam</strong></span> <span class='ocrx_word' id='word_1_821' title='bbox 1626 5494 1853 5538; x_wconf 87' lang='lat' dir='ltr'><strong>concre-</strong></span> 
     </span>
    </p>
   </div>
   <div class='ocr_carea' id='block_1_99' title="bbox 265 5580 1407 5635">
    <p class='ocr_par' dir='ltr' id='par_1_99' title="bbox 265 5580 1407 5635">
     <span class='ocr_line' id='line_1_99' title="bbox 265 5580 1407 5635; baseline 0 0"><span class='ocrx_word' id='word_1_822' title='bbox 265 5580 454 5635; x_wconf 86' lang='lat' dir='ltr'><strong>mavit.</strong></span> <span class='ocrx_word' id='word_1_823' title='bbox 1400 5629 1407 5635; x_wconf 91' lang='lat'><strong>.</strong></span> 
     </span>
    </p>
   </div>
   <div class='ocr_carea' id='block_1_100' title="bbox 341 5668 1854 5739">
    <p class='ocr_par' dir='ltr' id='par_1_100' title="bbox 341 5668 1854 5739">
     <span class='ocr_line' id='line_1_100' title="bbox 341 5668 1854 5739; baseline 0 -16"><span class='ocrx_word' id='word_1_824' title='bbox 341 5691 361 5723; x_wconf 69' lang='grc' dir='ltr'>ί</span> <span class='ocrx_word' id='word_1_825' title='bbox 397 5669 733 5726; x_wconf 83' lang='lat' dir='ltr'><strong>Accedentes</strong></span> <span class='ocrx_word' id='word_1_826' title='bbox 759 5668 1075 5738; x_wconf 54' lang='lat' dir='ltr'><strong>alienigena</strong></span> <span class='ocrx_word' id='word_1_827' title='bbox 1112 5668 1181 5722; x_wconf 90' lang='lat' dir='ltr'><strong>ad</strong></span> <span class='ocrx_word' id='word_1_828' title='bbox 1206 5682 1441 5739; x_wconf 90' lang='lat' dir='ltr'><strong>pugnam</strong></span> <span class='ocrx_word' id='word_1_829' title='bbox 1469 5678 1659 5724; x_wconf 89' lang='lat' dir='ltr'><strong>contra</strong></span> <span class='ocrx_word' id='word_1_830' title='bbox 1682 5684 1854 5739; x_wconf 82' lang='lat' dir='ltr'><strong>popu-</strong></span> 
     </span>
    </p>
   </div>
   <div class='ocr_carea' id='block_1_101' title="bbox 276 5758 1851 5828">
    <p class='ocr_par' dir='ltr' id='par_1_101' title="bbox 276 5758 1851 5828">
     <span class='ocr_line' id='line_1_101' title="bbox 276 5758 1851 5828; baseline -0.002 -13"><span class='ocrx_word' id='word_1_831' title='bbox 276 5783 296 5815; x_wconf 77' lang='grc' dir='ltr'><strong>ι</strong></span> <span class='ocrx_word' id='word_1_832' title='bbox 331 5762 441 5817; x_wconf 91' lang='lat' dir='ltr'><strong>lum</strong></span> <span class='ocrx_word' id='word_1_833' title='bbox 464 5760 699 5826; x_wconf 89' lang='lat' dir='ltr'><strong>Domini,</strong></span> <span class='ocrx_word' id='word_1_834' title='bbox 728 5759 963 5815; x_wconf 89' lang='lat' dir='ltr'><strong>intonuit</strong></span> <span class='ocrx_word' id='word_1_835' title='bbox 990 5758 1252 5815; x_wconf 83' lang='lat' dir='ltr'><strong>Dominus</strong></span> <span class='ocrx_word' id='word_1_836' title='bbox 1276 5773 1439 5828; x_wconf 90' lang='lat' dir='ltr'><strong>super</strong></span> <span class='ocrx_word' id='word_1_837' title='bbox 1474 5774 1593 5825; x_wconf 90' lang='lat' dir='ltr'><strong>eos,</strong></span> <span class='ocrx_word' id='word_1_838' title='bbox 1634 5767 1691 5813; x_wconf 90' lang='lat' dir='ltr'><strong>et</strong></span> <span class='ocrx_word' id='word_1_839' title='bbox 1718 5773 1851 5815; x_wconf 87' lang='lat' dir='ltr'><strong>con-</strong></span> 
     </span>
    </p>
   </div>
   <div class='ocr_carea' id='block_1_102' title="bbox 272 5851 1853 5923">
    <p class='ocr_par' dir='ltr' id='par_1_102' title="bbox 272 5851 1853 5923">
     <span class='ocr_line' id='line_1_102' title="bbox 272 5851 1853 5923; baseline 0 -15"><span class='ocrx_word' id='word_1_840' title='bbox 272 5862 297 5908; x_wconf 77' lang='lat' dir='ltr'><strong>t</strong></span> <span class='ocrx_word' id='word_1_841' title='bbox 330 5854 439 5910; x_wconf 86' lang='lat' dir='ltr'><strong>fusi</strong></span> <span class='ocrx_word' id='word_1_842' title='bbox 463 5860 610 5921; x_wconf 89' lang='lat' dir='ltr'><strong>sunt,</strong></span> <span class='ocrx_word' id='word_1_843' title='bbox 633 5859 688 5908; x_wconf 89' lang='lat' dir='ltr'><strong>et</strong></span> <span class='ocrx_word' id='word_1_844' title='bbox 711 5851 1053 5910; x_wconf 83' lang='lat' dir='ltr'><strong>oll&#39;euderunt</strong></span> <span class='ocrx_word' id='word_1_845' title='bbox 1082 5858 1270 5908; x_wconf 86' lang='lat' dir='ltr'><strong>contra</strong></span> <span class='ocrx_word' id='word_1_846' title='bbox 1313 5851 1473 5907; x_wconf 90' lang='lat' dir='ltr'><strong>Israel</strong></span> <span class='ocrx_word' id='word_1_847' title='bbox 1501 5860 1664 5922; x_wconf 89' lang='lat' dir='ltr'><strong>atque</strong></span> <span class='ocrx_word' id='word_1_848' title='bbox 1690 5867 1853 5923; x_wconf 86' lang='lat' dir='ltr'><strong>supe-</strong></span> 
     </span>
    </p>
   </div>
   <div class='ocr_carea' id='block_1_103' title="bbox 1957 4743 3551 4817">
    <p class='ocr_par' dir='ltr' id='par_1_103' title="bbox 1957 4743 3551 4817">
     <span class='ocr_line' id='line_1_103' title="bbox 1957 4743 3551 4817; baseline -0.004 -14"><span class='ocrx_word' id='word_1_849' title='bbox 1957 4749 2208 4803; x_wconf 90' lang='lat' dir='ltr'><strong>tribubus</strong></span> <span class='ocrx_word' id='word_1_850' title='bbox 2260 4746 2471 4803; x_wconf 89' lang='lat' dir='ltr'><strong>adorati</strong></span> <span class='ocrx_word' id='word_1_851' title='bbox 2507 4745 2627 4814; x_wconf 88' lang='grc' dir='ltr'><em>(ΙΙΙ</em></span> <span class='ocrx_word' id='word_1_852' title='bbox 2669 4743 2801 4816; x_wconf 87' lang='lat' dir='ltr'><strong>Reg.</strong></span> <span class='ocrx_word' id='word_1_853' title='bbox 2840 4743 2965 4817; x_wconf 85' lang='lat' dir='ltr'><strong>xu),</strong></span> <span class='ocrx_word' id='word_1_854' title='bbox 2996 4751 3247 4799; x_wconf 90' lang='lat' dir='ltr'><strong>vocatum</strong></span> <span class='ocrx_word' id='word_1_855' title='bbox 3284 4757 3405 4799; x_wconf 87' lang='lat' dir='ltr'><strong>esse</strong></span> <span class='ocrx_word' id='word_1_856' title='bbox 3447 4743 3551 4797; x_wconf 89' lang='lat' dir='ltr'><strong>Be-</strong></span> 
     </span>
    </p>
   </div>
   <div class='ocr_carea' id='block_1_104' title="bbox 1957 4836 3551 4908">
    <p class='ocr_par' dir='ltr' id='par_1_104' title="bbox 1957 4836 3551 4908">
     <span class='ocr_line' id='line_1_104' title="bbox 1957 4836 3551 4908; baseline -0.005 -12"><span class='ocrx_word' id='word_1_857' title='bbox 1957 4842 2177 4906; x_wconf 90' lang='lat' dir='ltr'><strong>thauen,</strong></span> <span class='ocrx_word' id='word_1_858' title='bbox 2212 4840 2265 4895; x_wconf 90' lang='lat' dir='ltr'><strong>id</strong></span> <span class='ocrx_word' id='word_1_859' title='bbox 2316 4850 2417 4906; x_wconf 90' lang='lat' dir='ltr'><strong>est,</strong></span> <span class='ocrx_word' id='word_1_860' title='bbox 2447 4839 2634 4894; x_wconf 78' lang='lat' dir='ltr'><strong>domus</strong></span> <span class='ocrx_word' id='word_1_861' title='bbox 2688 4836 2838 4904; x_wconf 83' lang='lat' dir='ltr'><strong>idoli,</strong></span> <span class='ocrx_word' id='word_1_862' title='bbox 2877 4853 2997 4908; x_wconf 71' lang='lat' dir='ltr'><strong>quae</strong></span> <span class='ocrx_word' id='word_1_863' title='bbox 3053 4846 3214 4892; x_wconf 89' lang='lat' dir='ltr'><strong>antea</strong></span> <span class='ocrx_word' id='word_1_864' title='bbox 3251 4836 3551 4890; x_wconf 87' lang='lat' dir='ltr'><strong>vocabatur</strong></span> 
     </span>
    </p>
   </div>
   <div class='ocr_carea' id='block_1_105' title="bbox 1954 4925 3546 5002">
    <p class='ocr_par' dir='ltr' id='par_1_105' title="bbox 1954 4925 3546 5002">
     <span class='ocr_line' id='line_1_105' title="bbox 1954 4925 3546 5002; baseline -0.004 -17"><span class='ocrx_word' id='word_1_865' title='bbox 1954 4931 2156 4986; x_wconf 78' lang='lat' dir='ltr'><strong>Domus</strong></span> <span class='ocrx_word' id='word_1_866' title='bbox 2180 4931 2300 4999; x_wconf 78' lang='lat' dir='ltr'><strong>Dei.</strong></span> <span class='ocrx_word' id='word_1_867' title='bbox 2329 4930 2549 5002; x_wconf 88' lang='lat' dir='ltr'><strong>Calgala</strong></span> <span class='ocrx_word' id='word_1_868' title='bbox 2577 4931 2694 4986; x_wconf 70' lang='lat' dir='ltr'><strong>haec</strong></span> <span class='ocrx_word' id='word_1_869' title='bbox 2719 4937 2823 4996; x_wconf 90' lang='lat' dir='ltr'><strong>est,</strong></span> <span class='ocrx_word' id='word_1_870' title='bbox 2852 4944 3018 4999; x_wconf 88' lang='lat' dir='ltr'><strong>quam</strong></span> <span class='ocrx_word' id='word_1_871' title='bbox 3043 4942 3207 4997; x_wconf 89' lang='lat' dir='ltr'><strong>supra</strong></span> <span class='ocrx_word' id='word_1_872' title='bbox 3239 4925 3546 4995; x_wconf 86' lang='lat' dir='ltr'><strong>posuimus,</strong></span> 
     </span>
    </p>
   </div>
   <div class='ocr_carea' id='block_1_106' title="bbox 1955 5016 3551 5094">
    <p class='ocr_par' dir='ltr' id='par_1_106' title="bbox 1955 5016 3551 5094">
     <span class='ocr_line' id='line_1_106' title="bbox 1955 5016 3551 5094; baseline -0.001 -17"><span class='ocrx_word' id='word_1_873' title='bbox 1955 5022 2163 5094; x_wconf 87' lang='lat' dir='ltr'><strong>Galgol,</strong></span> <span class='ocrx_word' id='word_1_874' title='bbox 2192 5021 2261 5076; x_wconf 90' lang='lat' dir='ltr'><strong>ad</strong></span> <span class='ocrx_word' id='word_1_875' title='bbox 2308 5022 2628 5077; x_wconf 88' lang='lat' dir='ltr'><strong>orientalem</strong></span> <span class='ocrx_word' id='word_1_876' title='bbox 2671 5021 2888 5094; x_wconf 83' lang='lat' dir='ltr'><strong>plagam</strong></span> <span class='ocrx_word' id='word_1_877' title='bbox 2935 5021 3167 5090; x_wconf 87' lang='lat' dir='ltr'><strong>antiquae</strong></span> <span class='ocrx_word' id='word_1_878' title='bbox 3211 5016 3429 5074; x_wconf 68' lang='lat' dir='ltr'><strong>Iericho</strong></span> <span class='ocrx_word' id='word_1_879' title='bbox 3468 5018 3551 5076; x_wconf 81' lang='lat' dir='ltr'><strong>cis</strong></span> 
     </span>
    </p>
   </div>
   <div class='ocr_carea' id='block_1_107' title="bbox 1954 5109 3549 5181">
    <p class='ocr_par' dir='ltr' id='par_1_107' title="bbox 1954 5109 3549 5181">
     <span class='ocr_line' id='line_1_107' title="bbox 1954 5109 3549 5181; baseline -0.001 -15"><span class='ocrx_word' id='word_1_880' title='bbox 1954 5112 2269 5178; x_wconf 74' lang='lat' dir='ltr'><strong>Iordanem,</strong></span> <span class='ocrx_word' id='word_1_881' title='bbox 2293 5113 2383 5168; x_wconf 92' lang='lat' dir='ltr'><strong>ubi</strong></span> <span class='ocrx_word' id='word_1_882' title='bbox 2426 5111 2585 5169; x_wconf 86' lang='lat' dir='ltr'><strong>Jesus</strong></span> <span class='ocrx_word' id='word_1_883' title='bbox 2636 5113 2873 5169; x_wconf 67' lang='lat' dir='ltr'><strong>mundo</strong></span> <span class='ocrx_word' id='word_1_884' title='bbox 2897 5110 3155 5181; x_wconf 88' lang='lat' dir='ltr'><strong>populum</strong></span> <span class='ocrx_word' id='word_1_885' title='bbox 3184 5109 3549 5177; x_wconf 69' lang='lat' dir='ltr'><strong>circumcidit,</strong></span> 
     </span>
    </p>
   </div>
   <div class='ocr_carea' id='block_1_108' title="bbox 1952 5200 3549 5274">
    <p class='ocr_par' dir='ltr' id='par_1_108' title="bbox 1952 5200 3549 5274">
     <span class='ocr_line' id='line_1_108' title="bbox 1952 5200 3549 5274; baseline -0.002 -14"><span class='ocrx_word' id='word_1_886' title='bbox 1952 5215 2009 5260; x_wconf 91' lang='lat' dir='ltr'><strong>et</strong></span> <span class='ocrx_word' id='word_1_887' title='bbox 2047 5207 2248 5274; x_wconf 87' lang='lat' dir='ltr'><strong>pascha</strong></span> <span class='ocrx_word' id='word_1_888' title='bbox 2278 5206 2598 5272; x_wconf 88' lang='lat' dir='ltr'><strong>celebravit,</strong></span> <span class='ocrx_word' id='word_1_889' title='bbox 2627 5221 2714 5273; x_wconf 90' lang='lat' dir='ltr'><strong>ac,</strong></span> <span class='ocrx_word' id='word_1_890' title='bbox 2743 5204 3029 5269; x_wconf 82' lang='lat' dir='ltr'><strong>deﬁciente</strong></span> <span class='ocrx_word' id='word_1_891' title='bbox 3078 5218 3295 5267; x_wconf 90' lang='lat' dir='ltr'><strong>manna,</strong></span> <span class='ocrx_word' id='word_1_892' title='bbox 3317 5200 3549 5257; x_wconf 83' lang='lat' dir='ltr'><strong>triticeis</strong></span> 
     </span>
    </p>
   </div>
   <div class='ocr_carea' id='block_1_109' title="bbox 1951 5292 3551 5370">
    <p class='ocr_par' dir='ltr' id='par_1_109' title="bbox 1951 5292 3551 5370">
     <span class='ocr_line' id='line_1_109' title="bbox 1951 5292 3551 5370; baseline -0.001 -18"><span class='ocrx_word' id='word_1_893' title='bbox 1951 5298 2185 5369; x_wconf 90' lang='lat' dir='ltr'><strong>panibus</strong></span> <span class='ocrx_word' id='word_1_894' title='bbox 2206 5314 2337 5354; x_wconf 90' lang='lat' dir='ltr'><strong>usus</strong></span> <span class='ocrx_word' id='word_1_895' title='bbox 2365 5310 2449 5354; x_wconf 90' lang='lat' dir='ltr'><strong>est</strong></span> <span class='ocrx_word' id='word_1_896' title='bbox 2467 5298 2634 5354; x_wconf 90' lang='lat' dir='ltr'><strong>Israel</strong></span> <span class='ocrx_word' id='word_1_897' title='bbox 2658 5296 2795 5370; x_wconf 78' lang='lat' dir='ltr'><strong>(Ias.</strong></span> <span class='ocrx_word' id='word_1_898' title='bbox 2827 5296 2904 5366; x_wconf 91' lang='lat' dir='ltr'><strong>v).</strong></span> <span class='ocrx_word' id='word_1_899' title='bbox 2927 5295 2986 5349; x_wconf 91' lang='lat' dir='ltr'><strong>In</strong></span> <span class='ocrx_word' id='word_1_900' title='bbox 3026 5295 3141 5365; x_wconf 88' lang='lat' dir='ltr'><strong>ipso</strong></span> <span class='ocrx_word' id='word_1_901' title='bbox 3191 5294 3310 5351; x_wconf 91' lang='lat' dir='ltr'><strong>loco</strong></span> <span class='ocrx_word' id='word_1_902' title='bbox 3339 5292 3551 5364; x_wconf 73' lang='lat' dir='ltr'><strong>lapides</strong></span> 
     </span>
    </p>
   </div>
   <div class='ocr_carea' id='block_1_110' title="bbox 1953 5385 3549 5460">
    <p class='ocr_par' dir='ltr' id='par_1_110' title="bbox 1953 5385 3549 5460">
     <span class='ocr_line' id='line_1_110' title="bbox 1953 5385 3549 5460; baseline -0.004 -17"><span class='ocrx_word' id='word_1_903' title='bbox 1953 5405 2171 5460; x_wconf 90' lang='lat' dir='ltr'><strong>quoque</strong></span> <span class='ocrx_word' id='word_1_904' title='bbox 2198 5406 2336 5460; x_wconf 91' lang='lat' dir='ltr'><strong>quos</strong></span> <span class='ocrx_word' id='word_1_905' title='bbox 2374 5391 2442 5446; x_wconf 90' lang='lat' dir='ltr'><strong>de</strong></span> <span class='ocrx_word' id='word_1_906' title='bbox 2475 5391 2629 5446; x_wconf 90' lang='lat' dir='ltr'><strong>alveo</strong></span> <span class='ocrx_word' id='word_1_907' title='bbox 2653 5385 2906 5443; x_wconf 70' lang='lat' dir='ltr'><strong>Iordanis</strong></span> <span class='ocrx_word' id='word_1_908' title='bbox 2927 5386 3180 5452; x_wconf 90' lang='lat' dir='ltr'><strong>tulerant,</strong></span> <span class='ocrx_word' id='word_1_909' title='bbox 3215 5389 3549 5451; x_wconf 87' lang='lat' dir='ltr'><strong>statuerunt,</strong></span> 
     </span>
    </p>
   </div>
   <div class='ocr_carea' id='block_1_111' title="bbox 1956 5476 3548 5545">
    <p class='ocr_par' dir='ltr' id='par_1_111' title="bbox 1956 5476 3548 5545">
     <span class='ocr_line' id='line_1_111' title="bbox 1956 5476 3548 5545; baseline -0.003 -12"><span class='ocrx_word' id='word_1_910' title='bbox 1956 5477 2049 5533; x_wconf 91' lang='lat' dir='ltr'><strong>ubi</strong></span> <span class='ocrx_word' id='word_1_911' title='bbox 2078 5488 2136 5535; x_wconf 91' lang='lat' dir='ltr'><strong>et</strong></span> <span class='ocrx_word' id='word_1_912' title='bbox 2154 5481 2563 5537; x_wconf 90' lang='lat' dir='ltr'><strong>tabernaculum</strong></span> <span class='ocrx_word' id='word_1_913' title='bbox 2583 5476 2881 5534; x_wconf 82' lang='lat' dir='ltr'><strong>testimonii</strong></span> <span class='ocrx_word' id='word_1_914' title='bbox 2905 5477 3074 5533; x_wconf 88' lang='lat' dir='ltr'><strong>fixum</strong></span> <span class='ocrx_word' id='word_1_915' title='bbox 3102 5476 3274 5531; x_wconf 88' lang='lat' dir='ltr'><strong>multo</strong></span> <span class='ocrx_word' id='word_1_916' title='bbox 3303 5483 3548 5545; x_wconf 91' lang='lat' dir='ltr'><strong>tempore</strong></span> 
     </span>
    </p>
   </div>
   <div class='ocr_carea' id='block_1_112' title="bbox 1958 5564 3549 5645">
    <p class='ocr_par' dir='ltr' id='par_1_112' title="bbox 1958 5564 3549 5645">
     <span class='ocr_line' id='line_1_112' title="bbox 1958 5564 3549 5645; baseline -0.002 -21"><span class='ocrx_word' id='word_1_917' title='bbox 1958 5570 2062 5625; x_wconf 88' lang='lat' dir='ltr'><strong>fuit</strong></span> <span class='ocrx_word' id='word_1_918' title='bbox 2084 5570 2220 5641; x_wconf 84' lang='lat' dir='ltr'><strong>(Jos.</strong></span> <span class='ocrx_word' id='word_1_919' title='bbox 2244 5572 2341 5645; x_wconf 79' lang='grc' dir='ltr'><strong>ιν).</strong></span> <span class='ocrx_word' id='word_1_920' title='bbox 2365 5571 2573 5626; x_wconf 90' lang='lat' dir='ltr'><strong>Cecidit</strong></span> <span class='ocrx_word' id='word_1_921' title='bbox 2596 5575 2777 5625; x_wconf 89' lang='lat' dir='ltr'><strong>autem</strong></span> <span class='ocrx_word' id='word_1_922' title='bbox 2796 5569 2854 5625; x_wconf 92' lang='lat' dir='ltr'><strong>in</strong></span> <span class='ocrx_word' id='word_1_923' title='bbox 2875 5575 3078 5625; x_wconf 90' lang='lat' dir='ltr'><strong>sortem</strong></span> <span class='ocrx_word' id='word_1_924' title='bbox 3106 5567 3282 5622; x_wconf 88' lang='lat' dir='ltr'><strong>tribus</strong></span> <span class='ocrx_word' id='word_1_925' title='bbox 3304 5564 3463 5632; x_wconf 85' lang='lat' dir='ltr'><strong>Juda,</strong></span> <span class='ocrx_word' id='word_1_926' title='bbox 3490 5572 3549 5621; x_wconf 91' lang='lat' dir='ltr'><strong>et</strong></span> 
     </span>
    </p>
   </div>
   <div class='ocr_carea' id='block_1_113' title="bbox 1958 5653 3546 5730">
    <p class='ocr_par' dir='ltr' id='par_1_113' title="bbox 1958 5653 3546 5730">
     <span class='ocr_line' id='line_1_113' title="bbox 1958 5653 3546 5730; baseline -0.004 -13"><span class='ocrx_word' id='word_1_927' title='bbox 1958 5662 2265 5717; x_wconf 89' lang='lat' dir='ltr'><strong>ostenditur</strong></span> <span class='ocrx_word' id='word_1_928' title='bbox 2292 5676 2465 5730; x_wconf 87' lang='lat' dir='ltr'><strong>usque</strong></span> <span class='ocrx_word' id='word_1_929' title='bbox 2490 5659 2652 5717; x_wconf 88' lang='lat' dir='ltr'><strong>hodie</strong></span> <span class='ocrx_word' id='word_1_930' title='bbox 2692 5658 2847 5725; x_wconf 88' lang='lat' dir='ltr'><strong>locus</strong></span> <span class='ocrx_word' id='word_1_931' title='bbox 2895 5659 3143 5713; x_wconf 89' lang='lat' dir='ltr'><strong>desertus</strong></span> <span class='ocrx_word' id='word_1_932' title='bbox 3170 5658 3225 5710; x_wconf 90' lang='lat' dir='ltr'><strong>in</strong></span> <span class='ocrx_word' id='word_1_933' title='bbox 3249 5653 3484 5711; x_wconf 88' lang='lat' dir='ltr'><strong>secundo</strong></span> <span class='ocrx_word' id='word_1_934' title='bbox 3511 5666 3546 5710; x_wconf 83' lang='lat' dir='ltr'><strong>a</strong></span> 
     </span>
    </p>
   </div>
   <div class='ocr_carea' id='block_1_114' title="bbox 1959 5745 3544 5820">
    <p class='ocr_par' dir='ltr' id='par_1_114' title="bbox 1959 5745 3544 5820">
     <span class='ocr_line' id='line_1_114' title="bbox 1959 5745 3544 5820; baseline -0.003 -13"><span class='ocrx_word' id='word_1_935' title='bbox 1959 5750 2178 5808; x_wconf 87' lang='lat' dir='ltr'><strong>Jerieho</strong></span> <span class='ocrx_word' id='word_1_936' title='bbox 2221 5752 2490 5818; x_wconf 88' lang='lat' dir='ltr'><strong>milliario,</strong></span> <span class='ocrx_word' id='word_1_937' title='bbox 2521 5752 2590 5807; x_wconf 90' lang='lat' dir='ltr'><strong>ab</strong></span> <span class='ocrx_word' id='word_1_938' title='bbox 2617 5750 2765 5808; x_wconf 89' lang='lat' dir='ltr'><strong>illius</strong></span> <span class='ocrx_word' id='word_1_939' title='bbox 2792 5749 3031 5820; x_wconf 84' lang='lat' dir='ltr'><strong>regionis</strong></span> <span class='ocrx_word' id='word_1_940' title='bbox 3057 5747 3378 5805; x_wconf 87' lang='lat' dir='ltr'><strong>mortalibus</strong></span> <span class='ocrx_word' id='word_1_941' title='bbox 3405 5745 3544 5803; x_wconf 86' lang='lat' dir='ltr'><strong>miro</strong></span> 
     </span>
    </p>
   </div>
   <div class='ocr_carea' id='block_1_115' title="bbox 1962 5839 3542 5917">
    <p class='ocr_par' dir='ltr' id='par_1_115' title="bbox 1962 5839 3542 5917">
     <span class='ocr_line' id='line_1_115' title="bbox 1962 5839 3542 5917; baseline -0.007 -12"><span class='ocrx_word' id='word_1_942' title='bbox 1962 5849 2109 5906; x_wconf 89' lang='lat' dir='ltr'><strong>cultu</strong></span> <span class='ocrx_word' id='word_1_943' title='bbox 2136 5847 2372 5903; x_wconf 84' lang='lat' dir='ltr'><strong>habitus.</strong></span> <span class='ocrx_word' id='word_1_944' title='bbox 2405 5844 2509 5903; x_wconf 87' lang='lat' dir='ltr'><strong>Sed</strong></span> <span class='ocrx_word' id='word_1_945' title='bbox 2535 5844 2761 5917; x_wconf 89' lang='lat' dir='ltr'><strong>etjuxta</strong></span> <span class='ocrx_word' id='word_1_946' title='bbox 2780 5844 2964 5901; x_wconf 84' lang='lat' dir='ltr'><strong>Bethel</strong></span> <span class='ocrx_word' id='word_1_947' title='bbox 2988 5844 3206 5915; x_wconf 78' lang='lat' dir='ltr'><strong>quidam</strong></span> <span class='ocrx_word' id='word_1_948' title='bbox 3235 5843 3395 5899; x_wconf 91' lang='lat' dir='ltr'><strong>aliam</strong></span> <span class='ocrx_word' id='word_1_949' title='bbox 3417 5839 3542 5896; x_wconf 85' lang='lat' dir='ltr'><strong>Gal-</strong></span> 
     </span>
    </p>
   </div>
  </div>
