4074 6486
520 426 589 484 ss
1159 418 1222 476 B.
1258 414 1513 476 RABANI
1552 377 1770 474 metu
1805 406 2125 472 menter.
2164 401 2476 471 uocum.
2517 402 2802 471 orsauu
2837 406 3021 470 rans
3056 411 3097 468 1.
3702 413 3773 475 se

516 540 692 618 galam
740 538 1098 611 Suspicantur.
1147 532 1367 605 Galgala
1422 536 1811 605 interpretatur
1853 533 2099 588 volutatio
2128 534 2180 594 Α
2204 540 2311 587 non
2340 530 2395 585 in
2427 529 2678 585 inchoata
2693 528 2905 601 iustitia
2940 532 3375 618 permanserunt,
3402 531 3784 618 etum-nit..-

515 634 629 689 sive
665 631 929 687 revelatio.
965 627 1101 698 Apte
1146 627 1310 698 Igitur
1353 627 1613 698 propheta
1662 626 1758 680 Dei
1801 626 1857 679 in
1884 624 2096 691 Bethel,

516 723 739 793 Galgala
762 730 816 776 et
842 719 1087 790 Maspbat
1099 717 1363 788 judicavit
1385 717 1570 773 Israel.
1595 717 1793 788 Sicque
1820 725 2100 772 revertens

514 811 569 866 in
594 811 881 877 Ramatha,
906 810 999 865 ubi
1020 819 1138 864 erat
1168 811 1357 865 domus
1373 809 1512 880 ejus,
1532 809 1607 864 ibi
1624 806 1885 877 judicavit
1906 806 2097 876 Israel,

514 903 905 972 aediﬁcavitque
953 903 1026 957 ibi
1078 903 1250 957 altare
1293 900 1527 957 Domino
1560 920 1571 955 :
1605 902 1758 956 nobis
1793 902 2096 970 exemplum

512 991 781 1056 tribuens,
809 1004 931 1047 cum
962 993 1214 1047 consistit
1239 993 1395 1047 nobis
1419 991 1724 1047 faciendum
1750 992 2015 1063 judicium
2041 994 2097 1048 in

512 1080 670 1138 domo
700 1083 812 1147 Dei,
846 1100 956 1140 non
989 1092 1242 1153 proterve
1272 1083 1356 1137 vel
1406 1083 1825 1148 inconsiderate,
1854 1081 1938 1137 vel
1978 1097 2096 1137 ma-

508 1172 672 1229 livola
703 1186 910 1241 mente,
953 1173 1048 1230 sed
1075 1173 1232 1243 juxta
1278 1173 1331 1229 id
1379 1176 1523 1245 quod
1573 1174 1730 1229 nobis
1765 1173 1969 1229 revelat
2019 1189 2099 1230 sa-

507 1277 603 1317 cra
648 1263 950 1333 Scriptura,
992 1272 1046 1319 et
1099 1264 1401 1319 intentione
1442 1265 1602 1329 bona,
1645 1273 1699 1320 et
1752 1278 1935 1320 amore
1983 1265 2088 1320 fra-

508 1360 665 1408 terno
687 1353 990 1422 judicemus
1016 1355 1293 1425 prosimus
1317 1364 1551 1412 nostros.
1583 1356 1781 1428 Sicque
1817 1358 1876 1411 in
1905 1356 2098 1413 Batna-

506 1444 606 1498 tha
638 1445 859 1499 domum
910 1453 1152 1500 nostram
1205 1457 1584 1502 revertamur:
1630 1449 1733 1503 hoc
1778 1457 1881 1515 est,
1917 1448 1984 1502 ad
2014 1449 2098 1503 in-

508 1540 664 1588 terna
688 1536 1003 1603 pectoribus
1028 1537 1229 1592 nostris
1254 1538 1563 1605 redeamus,
1578 1548 1637 1594 ut
1656 1541 2095 1610 contemplationi

508 1622 604 1680 Dei
632 1636 907 1694 vacemus,
932 1637 989 1684 et
1020 1630 1193 1684 vitam
1219 1641 1461 1685 nostram
1487 1632 1543 1685 in
1588 1632 1990 1702 nobismetipsis
2016 1634 2096 1687 di-

501 1711 828 1784 iudicemus,
858 1726 1125 1788 quatenus
1144 1721 1200 1775 in
1220 1721 1381 1776 altari
1415 1722 1535 1776 ﬁdei
1563 1730 1744 1792 gratas
1774 1724 1980 1779 bestias
1998 1724 2096 1779 bo-

506 1820 703 1862 norum
726 1817 946 1865 actuum
967 1818 1025 1866 et
1051 1812 1207 1867 bonae
1249 1812 1541 1869 voluntatis
1582 1813 1813 1868 Domino
1850 1813 2095 1870 immole-

509 1910 653 1954 ῙΙΙυΒ.

1104 2006 1332 2069 CAPUT
1375 2013 1506 2070 VIII.

506 2110 664 2201 Quod
674 2118 889 2176 Samuel
914 2123 1046 2178 duos
1064 2125 1205 2194 ﬁlios
1221 2145 1343 2182 suos
1357 2127 1566 2201 judice;
1591 2128 1783 2185 Israeli
1801 2132 2087 2201 constituit,
2132 2186 2137 2197 ,

574 2190 664 2260 qui
694 2205 1023 2272 efcesserun-t
1047 2190 1075 2261 ;’
1097 2190 1428 2272 quapropter
1439 2200 1698 2272 petierunt
1727 2212 1914 2272 regem,
1949 2190 2086 2270 ipse:

576 2276 673 2329 que
704 2262 837 2342 Sani
862 2262 1130 2334 requirens
1154 2262 1333 2322 asinae
1361 2269 1429 2322 ad
1439 2262 1754 2339 prophetam
1779 2262 2031 2342 pervenit,
2057 2286 2091 2327 α

573 2346 677 2396 quo
708 2348 764 2386 tn
788 2349 959 2419 regem
995 2347 1182 2393 unctus
1205 2347 1302 2393 est.

572 2439 724 2513 (Car.
750 2445 891 2516 vin.)
927 2465 948 2497 ι
971 2447 1196 2503 Factum
1221 2454 1521 2518 astantem,
1538 2461 1665 2508 cum
1697 2454 1965 2509 senuisset
1992 2453 2091 2509 Sa-

508 2550 528 2585 ι
558 2535 723 2599 muel,
738 2538 917 2605 posuit
930 2539 1072 2595 illius
1090 2554 1218 2596 suos
1224 2541 1435 2611 judiees
1447 2542 1631 2599 Israel.
1650 2546 1880 2617 Fuitque
1894 2560 2093 2601 nomen

506 2640 528 2674 ‹
558 2624 653 2678 ﬁlii
683 2624 799 2694 ejus
824 2629 1167 2701 primogeniti
1206 2630 1344 2700 Joel,
1372 2642 1429 2691 et
1452 2649 1651 2691 nomen
1680 2638 1901 2692 secundi
1931 2637 2088 2704 Ahia,

513 2730 530 2764 ι
554 2706 799 2782 iudicum
842 2717 898 2771 in
945 2718 1230 2776 Bersabee.
1305 2725 1372 2779 Et
1398 2736 1510 2781 non
1544 2727 1960 2782 ambulaverunt
1997 2728 2091 2783 lilii

505 2823 528 2856 ί
554 2807 700 2863 illius
748 2808 804 2866 in
845 2811 949 2866 viis
995 2811 1130 2881 ejus,
1172 2816 1270 2871 sed
1316 2818 1725 2875 declinaverunt
1768 2824 1892 2891 post
1925 2822 2094 2875 avari-

508 2915 526 2947 ι
558 2898 715 2965 tiam,
745 2917 764 2952 ο
807 2910 915 2955 etc.
968 2903 1043 2957 De
1078 2905 1181 2959 hoc
1203 2904 1472 2978 Iosephus
1508 2909 1582 2963 ita
1621 2909 1828 2964 refert:
1875 2929 1893 2960 ι
1926 2909 2094 2981 Igitur

499 2987 591 3043 illo
606 2996 854 3061 tempore
885 2992 1028 3048 inter
1054 2995 1326 3054 lsraelitas
1372 3008 1430 3055 et
1470 3001 1709 3071 reliquos
1756 3000 2091 3057 Chananaeos

499 3082 761 3149 propheta
802 3082 1021 3139 Samuel
1072 3087 1145 3141 ita
1174 3088 1435 3156 decrevit,
1490 3098 1550 3144 ut
1600 3092 1844 3160 deposito
1894 3093 2093 3164 populo

2205 632 2312 678 tem
2344 622 2556 677 Domini
2596 634 2814 676 servare
2842 618 3214 688 neglexerunt,
3268 616 3371 684 {uit
3399 615 3497 670 Dei
3523 618 3607 673 vel
3636 631 3788 691 pater

2201 716 2325 787 fuit,
2356 714 2723 779 nominantur,
2756 719 2814 766 ut
2842 710 3183 781 signiﬁcetur
3198 709 3528 778 paternitate
3572 711 3670 766 Dei
3691 730 3789 772 eos

2201 820 2321 861 esse
2343 806 2592 876 indignos
2612 805 2722 875 qui,
2744 804 2957 873 jnstitia
2984 802 3196 867 relicta,
3220 802 3273 855 in
3294 801 3636 872 iniquitatem
3664 821 3786 860 eor-

2201 908 2445 955 ruerunt.
2496 898 2603 955 Sed
2616 899 2747 969 quia
2771 898 2867 952 ﬁlii
2898 896 3116 951 Samuel
3136 895 3299 965 (sicut
3312 897 3558 965 superius
3582 897 3787 953 dictum

2200 990 2303 1061 est)
2334 989 2741 1045 declinaverunt
2762 996 2884 1058 post
2915 986 3221 1050 avaritiam,
3245 995 3299 1040 et
3321 995 3645 1054 acceperunt
3668 1001 3789 1040 mu-

2199 1094 2349 1143 nera,
2385 1087 2440 1134 et
2471 1088 2579 1132 tam
2612 1076 2783 1147 iniqui
2804 1075 3018 1144 judiees
3049 1075 3396 1138 exstiterunt,
3451 1082 3512 1127 ut
3554 1074 3788 1143 populus

2198 1184 2541 1245 nequaquam
2570 1188 2665 1228 eos
2692 1172 2893 1236 ferens,
2920 1183 3106 1240 regem
3147 1169 3250 1224 sibi
3274 1169 3328 1222 in
3374 1167 3787 1223 similitudinem

2200 1276 2520 1323 eaeterarum
2574 1264 2814 1336 gentium
2866 1261 3165 1332 postularet
3193 1296 3208 1326 ,
3280 1259 3364 1315 his
3429 1260 3785 1329 petitionibus

2200 1359 2342 1413 Deus
2393 1358 2638 1412 irritatus
2692 1356 2759 1411 ad
2809 1355 3082 1410 dolentem
3127 1353 3451 1423 prophetam
3504 1352 3581 1408 ita
3632 1353 3761 1410 locu

2197 1455 2285 1505 tus
2321 1456 2406 1504 est
2436 1466 2451 1501 :

2274 1558 2292 1593 ι
2339 1541 2476 1597 Audi
2503 1555 2688 1597 vocem
2714 1539 2898 1611 populi
2952 1540 3009 1594 in
3048 1538 3298 1595 omnibus
3342 1550 3463 1610 qua
3490 1539 3789 1609 loquuntur

2204 1648 2224 1682 ι
2271 1631 2387 1686 tibi.
2443 1631 2561 1685 Non
2590 1632 2737 1685 enim
2768 1638 2820 1686 te
2854 1629 3188 1699 abjecerunt,
3215 1631 3307 1685 sed
3332 1645 3440 1696 me,
3470 1647 3540 1689 ne
3562 1646 3786 1701 regnem

2205 1743 2225 1777 ι
2270 1740 2431 1795 super
2455 1739 2567 1780 eos.
2597 1723 2759 1781 Juxta
2785 1725 2965 1779 omnia
2990 1736 3155 1794 opera
3180 1737 3277 1779 sua
3325 1738 3448 1794 quae
3474 1725 3721 1781 fecerunt
3753 1741 3788 1780 ι

2204 1835 2223 1868 ι
2269 1818 2356 1873 die
2379 1834 2482 1888 qua
2504 1818 2666 1874 eduxi
2692 1834 2786 1873 eos
2814 1820 2878 1874 de
2900 1817 3136 1889 Egypto
3155 1830 3329 1888 usqu
3352 1819 3423 1872 ad
3451 1819 3593 1874 diem
3618 1819 3783 1884 hanc,

2119 1899 2167 1959 B
2202 1930 2220 1963 ι
2268 1913 2408 1968 sicut
2427 1913 2833 1983 dereliquerunt
2855 1929 2963 1978 me,
2995 1920 3051 1967 et
3074 1914 3384 1968 servierunt
3424 1913 3530 1966 diis
3565 1913 3782 1978 alienis,

2198 2022 2216 2054 ι
2261 2004 2339 2059 sic
2380 2004 2586 2059 faciunt
2634 2006 2796 2059 etiam
2849 2005 2945 2059 tibi
2986 2023 2999 2059 :
3053 2019 3198 2058 nunc
3240 2014 3369 2075 ergo
3413 2005 3537 2059 audi
3582 2016 3778 2061 vocem

2198 2114 2217 2148 ι
2279 2110 2465 2150 eorum
2502 2110 2517 2149 :
2574 2107 2948 2151 verumtamen
2976 2104 3283 2151 eontestare
3321 2110 3433 2163 eos,
3490 2106 3547 2152 et
3575 2099 3781 2167 praedic

2200 2204 2217 2237 ι
2260 2186 2339 2241 eis
2371 2185 2460 2255 jus
2484 2188 2630 2257 regis
2664 2188 2756 2257 qui
2786 2196 3109 2257 regnaturus
3155 2197 3241 2242 est
3267 2202 3431 2257 super
3456 2202 3573 2254 eos,
3614 2209 3632 2242 ι
3671 2200 3780 2244 etc.

2193 2277 2323 2332 Saul
2363 2293 2511 2348 ergo,
2550 2278 2662 2347 qui,
2700 2278 2904 2333 oﬁ'enso
2946 2278 3078 2344 Deo,
3129 2279 3459 2335 constitutus
3504 2289 3589 2333 est
3621 2295 3786 2349 super

2190 2369 2467 2425 Israelitas
2497 2385 2614 2435 rex,
2640 2379 2829 2441 typum
2859 2377 3007 2425 terret
3039 2371 3219 2440 populi
3256 2370 3585 2425 Iudaeorum.
3645 2371 3783 2425 Nam

2194 2462 2333 2516 sicut
2356 2461 2472 2530 ipse
2520 2462 2574 2514 in
2614 2462 2796 2532 regale
2818 2462 3040 2517 culmen
3071 2462 3380 2516 sublevatus
3402 2453 3559 2529 juxta
3582 2476 3784 2519 conve—

2192 2552 2403 2606 nientes
2440 2566 2621 2605 mores
2642 2564 2830 2606 eorum
2857 2552 2950 2621 qui
2979 2553 3254 2621 petierunt
3278 2566 3441 2621 super
3466 2564 3527 2607 se
3552 2565 3675 2607 esse
3696 2567 3785 2608 re-

2194 2657 2312 2714 gem
2348 2644 2406 2697 ‘e't
2448 2643 2914 2698 mansuetudinem
2965 2643 3179 2697 Domini
3229 2644 3579 2713 spernebant,
3613 2644 3784 2700 durus

2194 2749 2258 2789 ac
2280 2734 2487 2805 rigidus
2511 2750 2574 2789 ae
2603 2736 2868 2804 superbus
2896 2735 3122 2791 ell‘ectus
3148 2744 3252 2802 est,
3286 2737 3363 2791 ita
3392 2746 3457 2791 ut
3477 2746 3573 2792 eos
3594 2737 3782 2792 servili

2192 2842 2358 2881 onere
2387 2828 2555 2897 magis
2584 2837 2876 2897 premeret,
2908 2844 3071 2899 quam
3096 2829 3333 2884 libertati
3364 2830 3592 2885 donaret
3625 2848 3639 2884 :
3701 2830 3783 2886 sic

2194 2926 2247 2973 et
2278 2919 2509 2989 pepulus
2547 2919 2825 2986 Judaicus,
2886 2920 3015 2976 licet
3056 2929 3254 2977 unctus
3308 2923 3362 2977 in
3405 2923 3784 2979 saterﬂoﬁbus

2195 3019 2248 3066 et
2278 3012 2494 3082 regibus
2522 3011 2683 3079 foret,
2714 3022 2896 3069 tamen
2918 3015 3045 3085 quia
3078 3014 3221 3070 ﬁlius
3253 3016 3462 3071 ancillae
3483 3023 3630 3082 erat,
3662 3028 3782 3085 quae

2194 3105 2247 3158 in
2285 3106 2600 3159 servitutem
2630 3108 2948 3177 generabat,
2995 3120 3271 3177 nunquam
3321 3108 3625 3163 liberta-tem
3658 3122 3784 3177 per-

500 3169 946 3269 Chana'fm’m“:
977 3172 1285 3269 διξάεείείιυθ
1317 3179 1525 3234 reddi“
1547 3181 1791 3248 θίνίιθῐθ,
1819 3183 1969 3237 ill-ea
1994 3196 2090 3238 €05
2124 3257 2159 3269 Α
2193 3193 2391 3249 feetam
2412 3212 2510 3266 per
2534 3169 2709 3268 ipsam
2738 3169 3053 3253 unctionem
3090 3169 3350 3269 consequi
3404 3199 3585 3268 potuit
3608 3217 3625 3252 ε
3662 3169 3784 3253 ma-

499 3262 789 3361 θθηνθηίηξ
816 3267 1092 3361 ρι’ωςθρίι,
1122 3276 1177 3323 et
1199 3270 1432 3327 divertiis
1467 3273 1678 3329 artibus
1729 3276 1798 3329 ad
1853 3276 2087 3331 invicem
2116 3257 2162 3319 C
2192 3286 2337 3341 xime
2359 3257 2484 3356 quia
2531 3257 2678 3343 illum
2721 3291 2788 3345 ad
2813 3306 2871 3345 se
2893 3291 3222 3357 venientem,
3252 3257 3495 3361 quivere
3523 3300 3614 3345 rex
3640 3297 3780 3357 erat,

748 3356 897 3453 diu?
1094 3373 1224 3415 νεα)
1245 3364 1482 3418 Secundo
1506 3365 1564 3418 ίη
1595 3378 1738 3420 anno
1758 3366 2088 3425 εὶτουωὶθηε
2193 3385 2249 3432 et
2276 3386 2594 3435 mansuetus
2633 3382 2701 3436 ad
2743 3398 2838 3438 eos
2885 3392 3130 3449 venerat,
3181 3356 3425 3453 recipere
3467 3383 3778 3452 noluerunt,

422 3452 435 3463 ’
500 3443 750 3548 fili“wa
784 3447 1173 3548 ἱξιάὶρίώἒιηεξ
1192 3454 1365 3509 multo
1393 3464 1637 3524 tempore
1680 3458 1780 3513 sub
1832 3461 2087 3528 aequitate
2189 3480 2289 3539 per
2311 3473 2466 3541 cujus
2495 3472 2921 3529 dominationem
2965 3443 3144 3541 liberi,
3176 3476 3224 3530 si
3273 3443 3517 3543 mallent,
3539 3475 3657 3531 ﬁeri

500 3537 682 3622 omnia
704 3537 958 3605 explevit.
1002 3540 1208 3597 Deinde
1231 3554 1508 3599 senectute
1528 3556 1803 3617 gravatus,
1851 3560 1905 3605 et
1927 3564 2088 3622 agere
2190 3537 2444 3617 sinissent.

498 3621 762 3679 solemnia
785 3631 1133 3698 praepeditus,
1180 3633 1305 3688 ﬁliis
1330 3637 1443 3691 suis
1474 3639 1663 3693 tribuit
1700 3642 2082 3713 principatum,

501 3725 747 3814 quorum
761 3719 945 3773 senior
969 3723 1192 3814 quidem
1220 3725 1503 3782 dicebatur
1523 3728 1659 3797 Joel,
1683 3729 1868 3799 junior
1902 3745 2085 3791 autem
2706 3740 2955 3811 Sequitur
2982 3753 3036 3796 ut
3071 3761 3255 3814 supra.

700 3804 1008 3911 ᾈΡ
1034 3820 1217 3911 alltc!!!
1245 3816 1411 3911 alium
1439 3821 1655 3889 quidem
1690 3824 1749 3877 in
1770 3825 2085 3881 Bethlehem
2262 3832 2391 3888 Saul
2422 3849 2553 3905 ergo
2574 3835 2752 3904 petitio
2787 3800 3204 3904 interpretatur,
3244 3837 3337 3907 qui
3362 3836 3464 3891 fuit
3510 3838 3577 3891 de
3604 3834 3775 3908 stirpe

497 3900 741 3995 invitato,
781 3900 978 3995 ut_illic
1010 3905 1224 3960 sederet
1246 3916 1302 3962 et
1322 3907 1597 3976 iudicaret
1625 3930 1640 3978 ;
1675 3915 1839 3969 alium
1871 3931 2000 3973 vero
2027 3920 2082 3973 in
2189 3900 2513 3995 Βιξιιεῖιιιῐιίιι,⁷
2542 3900 2596 3979 et
2626 3924 2767 3978 ﬁlius
2789 3925 2880 3979 Cis
2914 3900 2949 3975 ί
2969 3926 3062 3979 ﬁlii
3084 3900 3235 3981 Abiel
3328 3927 3419 3980 ﬁlii
3453 3927 3639 3992 Seror,
3680 3900 3777 3982 lilii

824 3991 938 4093 .Sed
968 4003 1028 4093 ut
1055 3998 1178 4052 boni
1207 4002 1423 4070 quidem
1449 4012 1504 4059 et
1524 4008 1789 4063 moderati
1816 4026 1885 4065 ex
1902 4013 2079 4079 malis,
2186 3982 2515 4080 Becliorath,
2540 4015 2635 4069 ﬁlii
2660 4015 2856 4085 Aphia.
2900 4034 2921 4067 θ
2976 4016 3044 4069 Et
3098 4019 3212 4071 luce
3256 3982 3477 4071 nomina
3506 3982 3643 4072 bene
3671 4034 3773 4071 ex-

498 4082 576 4177 Ῐιέξ
601 4085 657 4179 ei
684 4082 840 4179 PfaVi
884 4087 1263 4153 producuntur
1308 4108 1375 4146 ex
1424 4095 1601 4150 bonis.
1682 4098 1886 4155 Namet
1914 4104 2082 4171 patris
2186 4109 2426 4177 primunt
2467 4123 2636 4178 .ypum
2667 4082 2995 4162 Μύκοι-ατη.
3059 4108 3333 4179 Benjamin
3360 4108 3576 4178 quidem
3607 4110 3776 4165 inter-

497 4170 585 4269 sui
606 4170 843 4269 studium
858 4190 965 4230 non
993 4182 1435 4249 recordantes,et
1453 4187 1597 4240 viam
1618 4193 1951 4246 contrariam
1966 4210 2082 4248 am-
2183 4170 2429 4269 pretatur
2474 4170 2617 4267 littus
2665 4200 2881 4253 dextra’.
2943 4200 3052 4263 Cis,
3087 4170 3253 4252 durus
3280 4198 3361 4255 vel
3376 4170 3616 4253 uomitus
3649 4201 3773 4267 viri,

497 4254 768 4363 ξὐιθηιξὲεν
797 4272 874 4363 Ιθι
901 4269 1215 4363 muneribus
1236 4275 1589 4363 turpibusque
1612 4279 1777 4335 lucris
1809 4282 2079 4351 justitiam
2183 4254 2269 4346 .vel
2295 4254 2503 4345 vomeris
2532 4294 2626 4345 vir.
2675 4293 2849 4356 Abiel,
2878 4254 3205 4346 Pater'meus
3234 4290 3394 4345 Deus.
3426 4291 3616 4358 Seror,
3649 4254 3772 4363 par:

497 4353 968 4456 ξῗψριςίωθδξηιν-
995 4366 1051 4411 ει
1077 4357 1280 4456 indidi!
1319 4379 1425 4418 non
1477 4382 1629 4434 vera,
1660 4371 1755 4425 sed
1783 4377 2078 4430 secundum
2184 4384 2334 4439 uulua
2361 4387 2475 4440 sive
2507 4353 2854 4439 turbulentus.
2908 4386 2978 4439 Et
3029 4386 3330 4440 Becboratb
3382 4353 3775 4456 interpretatur

493 4453 717 4548 Ιξῗαξξυιθ
734 4444 1103 4548 meel'fllan‘.
1158 4454 1224 4507 ad
1253 4456 1440 4525 θρυιῖιε
1466 4467 1520 4513 (ξι
1563 4462 1801 4529 prcliosa
1829 4468 2078 4521 00Mth
2181 4480 2557 4548 primogenitus
2582 4486 2723 4531 tuus.
2793 4478 2895 4545 Qui
2924 4494 3052 4547 ergo
3086 4479 3188 4532 fuit
3227 4444 3620 4548 primogenitus
3653 4480 3767 4548 Dei,

2804 3649 3035 3706 CAPUT
3074 3651 3166 3706 IX.

496 4531 847 4621 declinantes.
905 4538 1141 4597 Primum
1169 4548 1423 4615 quidem,
1477 4566 1599 4620 quae
1641 4564 1799 4611 erant
1854 4559 2078 4615 inimica

494 4623 605 4678 Deo
630 4630 887 4695 gerebant
911 4648 924 4696 ;
963 4638 1199 4692 secundo
1223 4642 1385 4696 etiam
1432 4648 1572 4713 patri
1604 4650 1966 4707 reddebantur
1990 4656 2081 4710 ad-

497 4718 661 4814 versi,
835 4725 1003 4781 multo
1058 4732 1235 4786 studio
1272 4748 1336 4789 ac
1371 4717 1713 4805 providentia
1746 4753 1989 4814 gesserat
2023 4755 2082 4802 ut

494 4809 658 4905 etiam
679 4812 832 4880 plebs
857 4818 1023 4873 sciret
1049 4835 1268 4879 servare
1288 4824 1575 4899 justitiam.
1620 4809 1854 4901 Populus
1876 4836 2075 4905 itaque,

496 4901 623 4995 dum
652 4908 1035 4963 contumeliam
1060 4914 1226 4983 priori
1256 4923 1652 4977 eonversatioui
1683 4901 2077 4995 prophetat-ﬁlii

495 4992 761 5061 fecerunt,
790 5002 1027 5068 graviter
1070 5006 1170 5060 hoc
1194 5009 1392 5078 ferens,
1428 5014 1493 5067 ad
1520 4992 1730 5085 patrem
1766 4992 1943 5074 denuo
1994 5036 2079 5075 re-

496 5087 715 5188 meavit,
761 5092 931 5188 quiin
956 5094 1219 5154 Ramatha
1240 5105 1461 5160 etvitate
1505 5111 1969 5176 commorabatur,
2002 5113 2079 5165 ei-

496 5190 600 5244 que
636 5179 926 5248 injustitias
978 5186 1212 5245 ﬁliorum
1262 5206 1450 5252 omnes
1509 5202 1778 5268 exposuit.
1834 5203 1901 5255 Et
1948 5205 2076 5271 quia

496 5278 618 5317 cum
676 5280 843 5324 senex
893 5284 1060 5342 esset,
1105 5289 1158 5334 et
1195 5289 1435 5352 tempore
1479 5287 1590 5357 jam
1619 5288 1880 5357 defeetus,
1914 5294 2077 5349 rebus

495 5369 729 5455 praeesse
748 5376 857 5418 non
883 5375 1131 5435 poterat:
1179 5376 1555 5443 supplicabant
1581 5396 1701 5435 eum
1730 5392 1893 5453 atque
1918 5398 2076 5455 roga-

494 5448 644 5516 bant,
676 5463 737 5508 ut
773 5456 1004 5529 aliquem
1026 5476 1214 5520 eertum
1238 5482 1426 5539 regem
1453 5473 1694 5544 eligeret,
1739 5448 1833 5546 qui
1868 5488 1925 5532 et
1944 5448 2075 5534 cou—

498 5548 580 5595 tra
608 5546 967 5642 principatum
994 5558 1169 5626 gentis
1183 5560 1423 5627 haberet,
1455 5574 1511 5620 et
1536 5565 1853 5623 Palaestinos
1875 5566 2074 5642 adlige-

496 5642 579 5687 ret
606 5638 701 5707 qui
728 5641 812 5696 eis
835 5653 991 5699 erant
1013 5646 1211 5715 prioris
1232 5650 1508 5720 iujustitite
1552 5658 1843 5715 debitores.
1878 5680 1898 5713 ι
1956 5638 2072 5717 Joel

496 5722 883 5796 interpretatur
906 5735 1174 5806 incipiens,
1201 5742 1287 5795 vel
1325 5743 1425 5813 fuit
1456 5746 1567 5801 Dei.
1624 5748 1758 5805 Abia
1800 5750 2068 5821 interpre-

498 5826 643 5874 tatur
665 5832 814 5891 pater
837 5827 1113 5899 Dominus,
1146 5834 1227 5889 vel
1259 5849 1407 5906 pater
1434 5841 1553 5910 fuit.
1613 5843 1778 5900 Recte
1800 5862 1931 5914 ergo
1976 5850 2066 5917 qui

2106 4609 2160 4673 Β
2185 4570 2477 4624 secundum
2503 4570 2554 4622 id
2588 4569 2729 4638 quod
2753 4569 2805 4622 in
2830 4571 3089 4638 propheta
3112 4570 3371 4638 scriptum
3398 4579 3515 4624 est:
3547 4594 3565 4621 ι
3598 4571 3772 4627 Filius

2183 4662 2578 4731 primogenitus
2598 4676 2754 4715 meus
2778 4661 2939 4715 Israel
2971 4660 3104 4732 (Jer.
3138 4658 3312 4731 aut),
3348 4680 3366 4710 ι
3393 4669 3449 4715 et
3476 4670 3631 4731 pater
3650 4661 3771 4731 ejus

2184 4751 2361 4817 Deus;
2412 4752 2555 4805 ﬁlius
2572 4751 2673 4804 fuit
2695 4752 2921 4814 dextrte,
2943 4752 3069 4820 quia
3097 4766 3236 4821 saepe
3262 4766 3359 4821 per
3384 4752 3638 4805 auxilium
3672 4753 3768 4807 Do-

2183 4843 2316 4898 mini
2348 4841 2688 4896 confortatus
2730 4842 2978 4895 hostibus
3006 4841 3118 4896 suis
3146 4842 3443 4913 praevaluit.
3492 4842 3597 4897 Sed
3637 4843 3765 4912 quia

2183 4948 2399 5002 semper
2433 4935 2676 5003 ingratus
2704 4934 2911 4987 exstitit
2960 4934 3344 4987 beneﬁciorum
3374 4933 3491 4999 Del,
3524 4942 3579 4987 et
3599 4934 3768 4989 durus

2183 5027 2395 5079 cervice
2430 5025 2485 5078 in
2510 5024 2898 5094 blasphemiam
2926 5025 3123 5093 erupit,
3160 5026 3228 5078 de
3258 5036 3454 5094 magno
3479 5024 3762 5094 parvulus,

2181 5122 2237 5169 et
2259 5115 2323 5169 de
2347 5114 2559 5184 placido
2606 5114 2948 5169 turbulentus
2973 5114 3196 5171 effectus
3216 5125 3319 5171 est.
3388 5116 3541 5183 Quod
3582 5126 3765 5171 autem

2181 5216 2377 5261 unctus
2402 5216 2487 5262 est
2510 5209 2561 5261 in
2582 5222 2786 5277 regem,
2805 5207 3094 5277 imaginem
3118 5208 3319 5264 Christi
3335 5208 3584 5279 portavit.
3613 5206 3764 5262 Unde

2181 5304 2237 5351 et
2277 5298 2468 5353 beatus
2504 5298 2691 5363 David,
2724 5306 2780 5352 et
2805 5300 2918 5369 ipse
2942 5299 3191 5355 Christus
3211 5307 3575 5368 nuncupatus,
3603 5299 3679 5351 ait
3694 5298 3764 5352 ad

2182 5400 2306 5445 eum
2337 5391 2430 5460 qui
2453 5406 2511 5446 se
2560 5391 2794 5445 ﬁnxerat
2850 5391 2981 5448 Saul
3030 5394 3346 5449 occidisse:
3416 5407 3436 5440 ι
3484 5389 3762 5457 Quomodo

2184 5494 2291 5537 non
2309 5483 2542 5538 timuisti
2586 5482 2809 5554 injicere
2840 5500 3057 5539 manum
3084 5492 3233 5537 tuam
3257 5483 3312 5537 lu
3356 5480 3634 5536 Christum
3657 5482 3763 5535 Do-

2181 5574 2315 5628 mini
2340 5576 2363 5627 ?
2393 5574 2474 5645 (II
2509 5574 2650 5645 Reg..
2668 5574 2730 5645 ι.)
2756 5595 2775 5628 ο
2819 5576 2957 5631 Hinc
2975 5585 3030 5631 et
3056 5575 3199 5645 quod
3220 5582 3276 5629 et
3301 5575 3370 5629 ab
3393 5574 3619 5631 humero
3647 5589 3763 5628 sur-

2179 5679 2298 5720 sum
2318 5665 2446 5719 Saul
2465 5668 2901 5736 supereminebat
2914 5668 3196 5735 omnibus,
3228 5667 3493 5741 signiﬁcat
3510 5670 3638 5739 quia
3667 5685 3757 5724 ca-

2175 5766 2273 5827 put
2290 5764 2541 5811 nostrum
2570 5757 2821 5815 Christus
2852 5772 3068 5815 sursum
3110 5775 3272 5833 super
3294 5776 3396 5817 nos
3430 5770 3536 5830 est,
3596 5776 3756 5832 quem

2177 5849 2338 5905 Pater
2366 5866 2527 5921 super
2547 5867 2761 5908 omnem
2789 5859 3135 5924 potestatem,
3168 5863 3227 5913 et
3246 5856 3754 5929 omnmprincipa—
