4074 6484
312 400 387 471 at
688 488 695 493 ,
1136 410 1597 471 οοηωτισιπ
1633 405 1884 471 LIBROS

2019 406 2288 472 REGUM‘.
2333 413 2749 474 ~INLIB.I.
3516 418 3591 485 88

315 538 454 594 tum,
475 533 533 582 et
563 488 729 598 super
750 534 911 582 omne
937 539 1137 583 nomen
1159 528 1305 598 quod
1333 528 1666 595 nominatur,
1698 528 1906 583 exalta-
1934 529 1991 591 Α
2011 532 2113 583 est.
2147 527 2302 596 Quod
2324 538 2506 585 autem
2528 530 2681 601 signa
2702 542 2822 599 quae
2840 528 3166 600 praedixerat
3180 530 3399 593 Samuel
3422 478 3641 606 Sauli,$

313 627 431 674 tum
460 618 758 674 consedere
787 633 969 673 secum
994 617 1123 674 fecit
1168 618 1225 672 in
1256 620 1570 674 etelestibus
1614 618 1775 691 (Eph.
1801 618 1901 691 χι).

313 710 426 768 Nec
452 724 561 767 non
594 720 650 765 et
677 708 782 765 hoc
810 710 955 780 quod
980 708 1048 766 de
1077 708 1209 767 Saul
1229 712 1427 768 dicitur
1451 711 1595 783 quod
1623 710 1828 767 electus
1852 720 1906 766 et

312 805 490 861 bonus
515 813 682 869 esset,
714 811 769 858 et
796 802 922 857 ﬁliis
953 803 1120 860 Israel
1140 820 1247 860 non
1275 814 1425 861 esset
1450 820 1517 861 eo
1542 804 1758 870 melior,
1791 820 1907 860 ma-

312 896 395 969 gis
422 897 491 952 ad
518 896 794 953 Christum
822 895 1058 966 pertinet
1097 910 1258 968 quam
1302 896 1369 952 ad
1397 899 1577 969 ipsum
1613 895 1763 952 Saul.
1828 895 1905 949 De

310 1006 421 1061 quo
454 990 720 1061 propheta
744 990 879 1045 dicit
904 1002 970 1045 ex
1000 1005 1232 1061 persona
1259 990 1473 1046 Domini
1502 1009 1516 1044 :
1548 1009 1567 1042 ι
1604 991 1743 1046 Ecce
1772 1004 1906 1060 puer

307 1098 466 1139 meus
498 1083 723 1150 electus,
752 1098 911 1153 quem
933 1084 1094 1155 elegi,
1116 1098 1318 1154 ponam
1368 1098 1534 1157 super
1567 1100 1693 1139 eum
1727 1085 1903 1156 Spiri-

308 1183 428 1230 tum
458 1190 682 1242 meum,
738 1184 798 1231 et
844 1168 1108 1244 judicium
1142 1177 1393 1248 gentibus
1445 1177 1715 1232 nuntiabit
1764 1175 1898 1248 (Ιεα.

306 1268 497 1340 nn)»
531 1267 604 1323 Et
637 1267 906 1324 Jeremias
930 1269 1004 1324 ita
1026 1270 1159 1325 dicit
1186 1285 1202 1325 :
1229 1284 1258 1322 4
1280 1269 1326 1326 Ο
1346 1285 1443 1326 rex
1467 1271 1727 1341 gentium,
1751 1278 1903 1326 tuum

270 1413 280 1428 ,
306 1366 392 1414 est
420 1358 565 1414 enim
602 1358 771 1416 decus
797 1360 943 1415 inter
992 1370 1221 1416 cunctos
1254 1362 1528 1431 sapientes
1558 1363 1819 1433 gentium,
1849 1370 1905 1417 et

306 1450 363 1505 in
392 1451 662 1507 universis
689 1452 872 1523 regnis
895 1452 1111 1508 illorum
1142 1454 1325 1509 nullus
1349 1462 1432 1509 est
1458 1455 1652 1509 similis
1670 1456 1747 1510 tui
1763 1455 1897 1527 (Jer.

305 1542 385 1613 χ).
432 1560 452 1596 ι
499 1540 568 1598 Et
614 1544 670 1598 in
713 1544 971 1613 psalmo:
1031 1562 1051 1596 t
1084 1545 1353 1613 Quoniam
1409 1547 1534 1617 quis
1583 1548 1637 1601 in
1666 1548 1902 1603 nubibus

303 1635 611 1705 aequabitur
635 1636 882 1701 Domino,
930 1645 1025 1692 aut
1079 1639 1201 1707 quis
1246 1639 1441 1693 similis
1479 1641 1580 1694 erit
1610 1639 1723 1694 Deo
1762 1638 1904 1695 inter

307 1725 448 1781 ﬁlios
478 1725 623 1781 Dei?
647 1725 821 1800 (Paul.
854 1729 1146 1801 LXXXVIII.)
1177 1749 1197 1782 ι
1249 1730 1404 1797 Quod
1429 1739 1610 1785 autem
1637 1730 1763 1784 Saul
1796 1731 1902 1785 asi-

306 1834 404 1874 nas
421 1820 593 1889 patris
615 1821 697 1876 sui
727 1820 817 1877 Cis
844 1821 1088 1891 perditas
1117 1823 1457 1893 quaesivit,et
1485 1823 1539 1877 in
1570 1824 1764 1877 itinere
1792 1838 1900 1891 quo

2011 629 2205 675 cuncta
2229 621 2304 676 ita
2342 630 2657 687 evenerunt,
2679 630 2735 677 et
2756 622 2872 692 ipse
2899 622 3047 689 Saul,
3074 628 3401 695 pertransita
3430 644 3593 699 quer-

2009 728 2078 768 cu
2107 713 2346 782 Thabor,
2374 716 2468 785 qui
2495 731 2651 772 mons
2694 724 2780 771 est
2808 717 2864 772 in
2908 720 3085 775 medio
3104 719 3359 787 Galiltete,
3401 738 3596 794 campo

2008 806 2161 862 mit-te
2188 805 2533 862 rotunditatis
2574 808 2839 874 sublimis,
2874 819 2931 865 et
2968 811 3359 882 interpretatur
3388 814 3596 871 mum

2009 897 2185 952 lumen
2207 940 2221 965 ,
2256 898 2321 953 ad
2351 898 2543 953 collem
2572 898 2784 954 Domini
2809 902 3130 969 perveniens
3168 905 3265 974 (ita
3302 906 3416 974 ipse
3436 919 3598 961 voca-

2009 1000 2099 1046 tur
2124 991 2274 1046 locus
2295 991 2366 1046 ob
2390 991 2606 1062 aliquod
2631 991 2883 1049 collatum
2914 1008 2945 1046 a
2978 994 3206 1050 Domino
3225 996 3595 1070 beneﬁcium),

2007 1084 2353 1153 prophetavit
2377 1084 2431 1138 in
2452 1084 2631 1140 medio
2654 1085 3043 1155 prophetarum
3065 1086 3138 1141 ibi
3159 1087 3593 1155 consistentium,

2009 1174 2282 1245 signiﬁcat
2303 1178 2447 1246 quod
2471 1175 2673 1231 Iudaeis
2693 1177 2876 1232 omnia
2899 1192 3019 1248 qua:
3037 1176 3105 1233 de
3132 1177 3213 1232 eis
3236 1176 3510 1247 legislator
3544 1190 3599 1234 et

2008 1265 2285 1335 propheta:
2304 1264 2686 1335 praedixerant,
2714 1265 2789 1321 ita
2820 1265 3266 1332 evenerunt,sive
3297 1265 3353 1321 in
3375 1281 3598 1337 prospe-

2009 1357 2108 1421 ris,
2132 1357 2248 1413 sive
2273 1358 2329 1413 in
2354 1358 2614 1413 adversis.
2665 1358 2917 1414 Attamen
2931 1358 3034 1429 ipsi
3064 1358 3230 1415 libros
3254 1346 3389 1431 legis
3411 1368 3598 1416 tenen-

2008 1458 2096 1504 tes
2114 1458 2167 1503 et
2192 1450 2602 1520 prophetarum,
2652 1450 2807 1519 quasi
2853 1449 3123 1506 divinasse
3148 1450 3419 1518 videntur,
3473 1467 3596 1508 cum

2008 1540 2193 1596 futura
2219 1541 2480 1611 mysteria
2513 1541 2579 1596 de
2623 1538 2841 1597 Christo
2867 1548 2923 1596 et
2955 1541 3199 1597 Ecclesia
3237 1541 3293 1599 in
3340 1542 3421 1598 eis
3461 1558 3595 1599 con-

2009 1633 2211 1703 scripta
2250 1633 2476 1702 legendo
2498 1642 2555 1687 et
2584 1634 2987 1703 pronuntiando
3010 1632 3256 1703 proferre
3277 1644 3593 1691 noscuntur.

2010 1724 2119 1794 (Ea:
2146 1724 2414 1797 Hebrum.)
2436 1724 2593 1792 Quod
2615 1736 2795 1781 autem
2817 1726 2883 1781 de
2911 1725 3030 1795 ipso
3069 1724 3195 1782 Saul
3225 1726 3484 1797 scriptum
3514 1736 3599 1782 est

2010 1816 2155 1885 quod
2193 1816 2436 1875 videntes
2462 1833 2589 1873 eum
2616 1831 2806 1874 omnes
2830 1819 2920 1887 qui
2941 1832 3064 1875 eum
3090 1826 3355 1874 noverant
3389 1819 3508 1874 beri
3543 1828 3599 1875 et

302 1912 540 1982 perrein
563 1912 632 1966 ad
653 1913 977 1982 prophetam
991 1913 1156 1979 venit,
1183 1915 1275 1983 qui
1297 1927 1419 1968 eum
1438 1914 1491 1968 in
1512 1928 1696 1985 regem
1719 1913 1894 1978 unxit,
1925 1910 1976 1975 B
2005 1908 2400 1965 nudiustertius
2430 1911 2575 1979 quod
2619 1918 2765 1966 esset
2787 1927 2910 1966 cum
2930 1912 3207 1982 prophetis
3230 1919 3286 1970 et
3304 1912 3598 1983 propheta-

303 2002 575 2075 signiﬁcat
601 2001 746 2073 quod
775 2003 945 2058 Judaei
994 2003 1280 2059 stultitiam
1315 2004 1553 2059 carnalis
1583 2020 1779 2060 sensus
1812 2020 1900 2059 seu

302 2105 549 2167 quentes,
597 2112 695 2168 per
721 2098 926 2153 erroris
955 2099 1109 2153 devia
1137 2099 1324 2153 luxum
1370 2099 1528 2154 istius
1553 2099 1740 2154 mundi
1770 2115 1898 2169 per-

302 2188 610 2259 quirebant.
669 2188 893 2261 (Asinus
922 2191 1068 2244 enim
1099 2192 1316 2245 brutum
1345 2199 1401 2245 et
1451 2189 1789 2245 luxuriosum
1817 2198 1901 2245 est

302 2279 549 2350 animal.)
582 2279 687 2348 Qui
724 2282 792 2335 ad
845 2282 1163 2353 prophetam
1186 2281 1490 2346 venientes,
1536 2282 1641 2335 hoc
1669 2286 1773 2345 est,
1830 2280 1900 2335 ad

303 2368 545 2441 Moysen,
588 2371 843 2426 inventas
868 2385 990 2427 esse
1017 2374 1202 2427 asinas
1231 2372 1301 2427 ab
1347 2386 1413 2427 eo
1457 2372 1764 2436 audierant,
1794 2371 1901 2426 hoc

301 2469 407 2530 est,
439 2464 583 2519 bona
611 2471 772 2519 terrae
798 2478 1113 2519 comesuros
1136 2474 1257 2519 esse
1278 2464 1605 2528 didicerant,
1635 2477 1666 2516 a
1692 2474 1799 2532 quo
1817 2462 1900 2516 eis

300 2556 578 2611 unctionis
600 2555 777 2610 oleum
802 2555 1062 2622 infusum,
1078 2566 1132 2611 et
1154 2555 1307 2626 regni
1331 2554 1698 2625 gubernacula
1716 2552 1898 2607 futura

300 2649 561 2718 praedicta
586 2658 733 2715 sunt,
765 2648 820 2704 in
848 2649 1045 2720 quibus
1090 2651 1290 2705 fratres
1318 2662 1446 2703 suos
1472 2648 1538 2702 ad
1590 2656 1805 2717 tempus
1833 2647 1901 2701 de

302 2742 554 2796 manibus
609 2742 847 2797 hostium
902 2754 1125 2796 suorum
1173 2742 1427 2812 eriperet.
1503 2740 1655 2805 Quod
1715 2745 1900 2793 autem

304 2828 524 2885 Samuel
553 2830 686 2887 Saul
734 2831 789 2886 in
822 2831 1100 2887 excelsum
1154 2832 1325 2899 ducit,
1355 2839 1411 2885 et
1440 2830 1513 2885 ibi
1542 2830 1899 2885 refectionem

302 2930 604 2993 prmparat,
653 2923 925 2995 signiﬁcat
976 2922 1195 2995 Moysen
1256 2931 1312 2979 et
1370 2938 1559 2979 omnes
1607 2923 1900 2993 prophetas

301 3013 565 3069 doctrinis
587 3015 701 3069 suis
726 3013 983 3085 populum
1010 3014 1359 3069 Hebraeorum
1381 3029 1596 3084 semper
1623 3014 1689 3067 ad
1705 3013 1899 3067 altiora

299 3117 647 3173 provocasse,
680 3113 741 3158 ut
761 3104 988 3159 scientia
1018 3106 1249 3175 spiritali
1303 3106 1512 3169 refecti,
1567 3106 1621 3159 in
1663 3103 1900 3159 culmine

298 3194 561 3250 virtutum
594 3196 976 3261 consisterent,
1007 3210 1108 3251 nec
1163 3195 1540 3250 relaberentur
1590 3194 1645 3248 in
1685 3192 1900 3249 foveam

2005 2010 2112 2068 ret,
2140 2004 2395 2057 dixerunt
2419 2003 2486 2057 ad
2513 2003 2746 2058 invicem
2780 2022 2791 2056 :

2081 2115 2101 2147 ι
2148 2097 2409 2162 Quaenam
2432 2111 2520 2151 res
2560 2096 2759 2152 accidit
2782 2096 2895 2153 ﬁlio
2927 2095 3019 2153 Cis
3046 2097 3071 2152 ’ἒ
3127 2095 3266 2152 Num
3301 2104 3358 2152 et
3383 2095 3516 2153 Saul
3542 2097 3597 2153 ln

2010 2208 2029 2239 ε
2071 2187 2396 2258 prophetis?
2445 2188 2744 2258 Respondit
2764 2188 2902 2245 alius
2924 2189 2992 2243 ad
3019 2188 3251 2243 alterum
3273 2187 3462 2244 dicens
3488 2206 3502 2243 ;
3531 2187 3599 2245 Et

2010 2299 2029 2331 ι
2075 2281 2198 2349 quis
2224 2289 2380 2351 pater
2394 2281 2617 2335 eorum?
2640 2279 2932 2350 Propterea
2948 2296 3167 2336 versum
3191 2280 3343 2337 estin
3374 2294 3596 2349 prover-

2010 2389 2029 2423 ς
2076 2370 2226 2424 bium
2254 2385 2268 2424 :
2318 2370 2460 2424 Num
2484 2379 2541 2425 et
2562 2369 2693 2424 Saul
2720 2371 2861 2424 inter
2885 2372 3180 2440 prophetas
3207 2370 3230 2423 ι
3262 2386 3282 2426 ι
3308 2378 3415 2427 etc.
3461 2371 3596 2427 Illud

2002 2446 2150 2531 quod
2168 2461 2406 2517 dicitur:
2458 2480 2476 2512 ι
2519 2462 2644 2532 quis
2687 2471 2843 2532 pater
2869 2464 3105 2518 eorum?
3136 2481 3156 2516 ι
3206 2462 3388 2518 taliter
3416 2462 3597 2532 prola-

2003 2560 2118 2608 tum
2140 2559 2227 2606 est
2246 2567 2311 2607 ac
2331 2552 2375 2607 si
2399 2552 2604 2609 diceret
2629 2569 2643 2606 ε
2692 2552 2825 2619 Quis
2852 2551 3027 2621 maior
3053 2553 3146 2608 illo
3173 2553 3227 2608 in
3247 2553 3513 2624 dignitate
3542 2561 3597 2608 et

2003 2640 2061 2695 in
2098 2642 2417 2711 sapientia?
2467 2642 2682 2714 Optime
2702 2643 2850 2699 enim
2894 2651 3076 2713 potest
3107 2644 3252 2699 inter
3300 2644 3595 2713 prophetas

2003 2736 2210 2790 versari
2239 2745 2294 2790 et
2315 2743 2472 2805 pater
2505 2750 2719 2800 eorum,
2750 2735 2805 2790 id
2839 2744 2924 2790 est
2954 2734 3232 2805 magister.
3270 2735 3478 2799 vocari,
3499 2732 3593 2803 qui

2005 2834 2114 2882 tam
2144 2829 2335 2884 doctus
2351 2836 2408 2883 et
2429 2829 2645 2899 sapiens
2671 2838 2773 2884 est.
2821 2829 2985 2884 Pater
3008 2829 3156 2883 enim
3178 2828 3465 2897 aliquando
3480 2844 3597 2884 ma-

2002 2919 2173 2988 gister
2194 2920 2251 2973 in
2275 2917 2576 2989 Scripturis
2601 2929 2827 2975 vocatur
2858 2938 2873 2973 :
2902 2920 3044 2975 sicut
3069 2919 3280 2976 Eliseus
3305 2920 3478 2975 Eliam
3496 2935 3596 2989 pa-

2004 3022 2167 3079 trem,
2213 3014 2268 3067 id
2306 3023 2411 3079 est,
2446 3015 2764 3084 magistrum
2786 3022 2965 3078 vocat,
2993 3012 3216 3068 dicens:
3250 3030 3271 3064 ι
3295 3012 3460 3068 Pater
3490 3011 3589 3078 ni,

2000 3111 2158 3172 pater
2178 3104 2276 3169 mi,
2303 3120 2496 3160 currus
2521 3105 2686 3160 Israel
2706 3112 2762 3159 et
2788 3105 2974 3175 auriga
3001 3103 3120 3172 ejus
3144 3103 3264 3176 (Ill
3296 3103 3428 3174 Reg.
3448 3105 3536 3175 tt).
3566 3120 3588 3156 ι

2003 3193 2072 3247 Εῑ
2101 3195 2154 3247 in
2179 3194 2316 3249 libro
2336 3193 2437 3251 Job
2462 3196 2583 3250 Eliu
2610 3197 2786 3265 ipsum
2820 3194 2925 3250 Job
2950 3204 3185 3264 patrem,
3226 3196 3327 3250 hoc
3348 3203 3454 3260 est,
3484 3208 3598 3249 mtto

299 3285 577 3342 vitiorum.
610 3287 765 3354 Quod
794 3296 978 3342 autem
1006 3286 1226 3342 Samuel
1257 3286 1409 3341 Sauli
1438 3285 1725 3342 Videntem
1753 3298 1895 3356 quae-
1922 3286 1968 3348 C
2000 3285 2231 3355 gistrum
2264 3296 2444 3351 vocat,
2496 3288 2600 3343 hoc
2623 3288 2783 3341 modo
2816 3305 2828 3339 :
2876 3286 3038 3342 Pater
3067 3287 3164 3353 mi,
3199 3286 3457 3356 probetur
3496 3284 3599 3341 Job

297 3378 444 3431 renti
464 3390 736 3447 apparens
756 3377 971 3431 locutus
995 3387 1101 3442 est,
1135 3378 1324 3432 dicens
1354 3394 1371 3431 ι

375 3466 530 3535 (αλιι.
561 3464 663 3538 ix.)
720 3483 740 3517 ι
775 3465 891 3538 Ego
921 3476 1042 3522 sum
1064 3466 1284 3533 Videns,
1318 3467 1550 3523 ascende
1579 3475 1705 3523 ante
1729 3481 1817 3521 me
1842 3467 1902 3522 in

307 3572 327 3608 ι
372 3557 669 3623 excelsum,
702 3566 762 3612 ut
795 3558 1092 3614 comedatis
1122 3573 1338 3614 mecum
1385 3558 1567 3625 hodie,
1607 3567 1663 3614 et
1716 3559 1900 3614 dimit-

309 3663 329 3697 ι
390 3653 500 3701 tam
552 3654 814 3707 tentane.
863 3654 919 3702 et
950 3648 1131 3702 omnia
1161 3660 1281 3719 quae
1331 3657 1461 3703 sunt
1510 3650 1564 3705 in
1614 3649 1778 3704 corde
1808 3658 1900 3704 tuo

308 3751 330 3788 ι
374 3737 627 3793 indicabo
659 3738 776 3803 tibi,
801 3744 853 3792 et
884 3738 952 3794 de
982 3738 1151 3793 asinis
1182 3752 1317 3809 quas
1345 3737 1627 3808 perdidisti
1668 3738 1898 3793 nudius-

308 3843 329 3879 ι
376 3829 567 3884 tertius
594 3845 661 3883 ne
690 3828 954 3885 sollicitus
984 3831 1077 3896 sis,
1102 3831 1235 3900 quia
1274 3833 1514 3886 inventa:
1536 3840 1684 3897 sunt,
1729 3852 1747 3884 ι
1787 3841 1894 3887 etc.

304 3917 415 3989 (Ex
443 3917 632 3990 Hebr.)
661 3919 790 3974 Erat
817 3922 869 3975 in
892 3924 1057 3977 corde
1076 3921 1226 3987 SauI,
1244 3923 1386 3978 sicut
1416 3922 1625 3978 Hebraei
1654 3925 1897 3990 tradunt,

303 4009 449 4079 quod
485 4022 580 4065 rex
604 4010 814 4066 futurus
838 4022 1001 4080 esset,
1053 4015 1181 4083 quia
1209 4016 1419 4069 viderat
1444 4028 1540 4084 per
1564 4018 1740 4071 visum
1759 4032 1817 4071 se
1846 4016 1901 4070 in

304 4104 510 4159 vertice
539 4106 753 4163 arboris
782 4107 975 4180 palmae
995 4108 1269 4165 collocari.
1314 4111 1445 4177 Quae
1502 4111 1641 4166 visio
1684 4112 1900 4181 signum

305 4197 487 4269 regale
523 4209 663 4255 erat.

920 4293 1157 4350 CAPUT
1221 4292 1289 4349 Χ.

833 4383 1083 4456 Sequitur
1110 4396 1167 4440 ut
1190 4402 1372 4457 supra.

387 4490 408 4523 ε
446 4471 689 4546 Cumque
717 4476 917 4532 abieris
940 4478 1086 4543 inde,
1119 4487 1175 4533 et
1218 4480 1359 4533 ultra
1388 4480 1697 4545 transieris,
1728 4488 1783 4535 et
1804 4495 1901 4535 vc-

313 4580 333 4615 t
380 4566 528 4619 neris
568 4567 635 4621 ad
664 4584 927 4639 quercum
974 4569 1214 4635 Thabor,
1260 4572 1539 4626 invenient
1576 4580 1633 4626 te
1689 4572 1760 4626 ibi
1794 4580 1903 4627 tres

314 4671 334 4704 ι
379 4655 482 4709 viri
507 4658 863 4715 ascendentes
891 4660 957 4714 ad
980 4658 1267 4715 Dominum
1291 4664 1342 4715 in
1366 4662 1571 4717 Bethel.
1610 4683 1628 4714 ι
1669 4662 1769 4718 libi
1803 4662 1902 4732 Hy-

307 4746 414 4801 biri
439 4745 459 4819 [
483 4747 539 4801 hi
572 4748 695 4820 viri]
719 4765 880 4805 causa
906 4753 1168 4806 orationis
1192 4750 1349 4806 ibant
1380 4753 1436 4807 in
1458 4751 1648 4808 Betbel
1668 4794 1681 4819 ,
1734 4752 1901 4808 Jaeob

308 4838 540 4910 lapidem
564 4851 836 4896 erexerat.

386 4953 407 4986 ι
454 4935 581 4990 Post
610 4937 727 4992 inec
750 4938 938 4995 venies
969 4940 1034 4994 ad
1066 4939 1257 4995 collem
1283 4941 1400 4996 Dei.
1441 4962 1460 4995 ι
1516 4941 1679 4997 Collis
1707 4943 1801 4998 Dei
1824 4942 1902 4998 lo-

310 5045 408 5087 cus
429 5038 547 5085 erat
572 5030 663 5085 ubi
690 5032 969 5101 prophetae
992 5034 1330 5087 habitabant.

385 5139 408 5176 ι
450 5122 519 5177 Et
542 5123 742 5178 insiliet
772 5124 826 5178 in
870 5133 922 5179 te
953 5124 1189 5195 Spiritus
1214 5125 1447 5192 Domini,
1473 5136 1527 5182 et
1556 5130 1902 5198 prophetabis

319 5237 338 5269 ι
382 5236 506 5273 cum
530 5220 629 5287 eis,
668 5243 687 5274 ι
724 5229 827 5277 etc.
882 5220 1245 5292 Proplie‘tasse
1270 5240 1394 5279 eum
1415 5224 1483 5278 ibi
1518 5223 1686 5280 Judtei
1718 5226 1903 5281 dicunt.

312 5310 380 5367 de
421 5311 602 5369 futuro
632 5314 846 5381 saeculo,
899 5316 964 5371 de
998 5316 1112 5387 Gog
1151 5324 1207 5372 et
1247 5312 1457 5389 Magog,
1491 5326 1545 5373 et
1573 5318 1639 5374 de
1664 5319 1902 5390 praemiis

307 5402 577 5473 justorum
598 5412 654 5458 et
679 5420 837 5475 poma
864 5406 1174 5476 impiorum.

390 5516 411 5549 ε
455 5496 684 5566 Quando
712 5515 843 5568 ergo
862 5498 1107 5555 venerint
1133 5502 1285 5574 signa
1308 5504 1423 5560 bare
1452 5504 1633 5559 omnia
1666 5498 1782 5571 tibi,
1819 5503 1903 5560 fac

323 5608 341 5641 ι
384 5607 718 5661 quaecunque
747 5591 1013 5647 invenerit
1042 5609 1233 5650 manus
1260 5605 1370 5661 tua,
1399 5598 1523 5667 quia
1558 5598 1698 5653 Deus
1725 5590 1903 5652 tecum

324 5700 344 5734 ι
389 5692 495 5750 est,
534 5703 554 5737 ι
584 5692 692 5739 etc.
746 5683 824 5739 Ae
854 5684 899 5739 si
951 5685 1152 5740 diceret
1186 5703 1200 5742 :
1240 5682 1340 5741 llis
1373 5688 1541 5759 signis
1570 5698 1730 5745 nosse
1756 5698 1907 5760 pote-

320 5773 398 5830 ris
428 5776 555 5845 quia
582 5774 727 5831 Deus
752 5782 806 5831 te
826 5793 1005 5848 regem
1036 5778 1151 5833 fore
1196 5778 1386 5847 voluit,
1418 5791 1473 5836 et
1499 5780 1704 5839 idcirco
1724 5780 1907 5839 omnia

325 5886 447 5942 quae
471 5868 565 5927 tibi
592 5871 800 5943 agenda
829 5883 975 5938 sunt,
1017 5873 1267 5946 regaliter
1307 5890 1423 5944 age,
1469 5883 1523 5931 et
1542 5877 1683 5933 Deus
1729 5886 1907 5935 tecum

2006 3392 2179 3447 usque
2198 3378 2268 3434 ad
2287 3379 2452 3433 ﬁnem
2474 3378 2615 3450 (Job.
2654 3377 2865 3450 xxxrv).

2624 3490 2855 3546 CAPUT
2894 3482 2984 3545 XI.

2004 3578 2210 3636 Bellum
2226 3580 2375 3655 Natis
2388 3581 2713 3655 Ammonitmf
2723 3581 2998 3636 adversum
3011 3578 3049 3634 Ι
3051 3580 3171 3637 abes
3186 3580 3415 3650 Galand,
3442 3584 3597 3655 'q'ttcm

2217 3652 2351 3708 Saul
2375 3666 2503 3706 cum
2524 3652 2786 3707 Israelita
2820 3670 3062 3724 pugnam
3086 3656 3386 3724 prostravit.

2076 3750 2225 3821 (CAP.
2254 3748 2356 3824 tu.)
2428 3768 2447 3801 ι
2483 3750 2612 3806 Post
2646 3752 2763 3806 haec
2792 3754 3038 3807 ascendit
3076 3752 3217 3809 Naas
3237 3752 3594 3820 Ammonites,

2011 3862 2029 3894 ι
2076 3851 2130 3897 et
2159 3857 2400 3913 pugnare
2433 3844 2599 3913 ctepit
2644 3845 2930 3900 adversum
2974 3845 3136 3901 Jabes
3159 3847 3382 3914 Galaad,
3424 3869 3442 3900 ι
3486 3858 3591 3904 etc.

2004 3934 2143 4000 Quid
2170 3934 2440 4005 signiﬁcat
2469 3935 2576 3989 hoc
2601 3933 2804 3989 factum
2846 3938 2989 4005 quod
3015 3935 3155 3991 Naas
3176 3937 3512 3993 Ammonites
3540 3938 3595 3992 in

2002 4025 2107 4081 hoc
2130 4023 2295 4080 ferire
2318 4040 2445 4081 cum
2471 4023 2631 4079 labes
2653 4024 2860 4080 Galaad
2877 4027 3041 4080 voluit
3064 4026 3261 4091 ftndus,
3294 4034 3354 4083 ut
3377 4034 3595 4082 erueret

2003 4118 2244 4171 omnium
2263 4117 2447 4175 oculos
2475 4117 2716 4182 dextros,
2740 4126 3006 4185 quatenus
3030 4118 3220 4173 ﬁerent
3245 4119 3593 4189 opprobrium

2004 4207 2061 4261 in
2103 4207 2357 4261 universo
2378 4206 2569 4271 Israel,
2626 4208 2731 4262 nisi
2766 4207 2966 4261 bellum
2994 4209 3371 4265 haereticorum
3407 4220 3595 4266 contra

2005 4297 2305 4353 Ecclesiam
2322 4299 2351 4351 2
2372 4298 2516 4353 Naas
2532 4299 2729 4368 quippe
2752 4299 3140 4368 interpretatur
3178 4316 3409 4373 serpens.
3461 4303 3596 4357 Am-

2005 4405 2155 4455 mon,
2179 4391 2525 4461 comprimens
2553 4391 2638 4445 vel
2663 4401 3036 4460 coangustana,
3060 4392 3143 4445 vel
3165 4393 3387 4462 populus
3412 4409 3599 4448 macro-

2006 4482 2103 4534 rt's.
2157 4479 2322 4536 Jabes
2359 4482 2746 4550 interpretatur
2770 4485 3076 4546 exsiccata;
3109 4482 3333 4549 Gaiaad,
3379 4502 3596 4541 acervus

2009 4575 2313 4629 testimonii.
2356 4576 2496 4644 Ergo
2534 4574 2676 4629 Naas
2715 4586 2940 4645 serpens
2987 4576 3243 4644 antiquus
3271 4584 3325 4630 et
3345 4576 3599 4647 princeps

2007 4668 2461 4735 Ammonitarunt,
2488 4670 2590 4725 hoc
2617 4680 2719 4735 est,
2756 4670 3159 4736 lnereticorum,
3210 4669 3299 4740 qui
3328 4671 3465 4724 bene
3497 4686 3594 4741 po-

2006 4760 2164 4829 pulus
2211 4762 2463 4816 mteroris
2508 4761 2721 4825 dicitur,
2770 4762 3024 4832 quoniam
3069 4762 3323 4832 gaudium
3363 4761 3599 4837 Spiritus

2010 4854 2185 4907 sancti
2216 4870 2322 4907 non
2350 4852 2569 4919 habent,
2598 4853 2835 4924 disponit
2864 4852 3039 4907 fmdus
3062 4870 3184 4908 cum
3203 4853 3400 4924 populo
3414 4854 3599 4908 Eccle-

2010 4950 2126 5013 site,
2152 4958 2210 5001 ut
2228 4957 2386 5002 eruat
2413 4948 2655 5003 omnium
2679 4949 2866 5003 oculos
2884 4950 3125 5014 dextros,
3166 4950 3383 5013 Ilocest,
3419 4948 3593 5005 visum

2010 5056 2157 5095 sanae
2180 5050 2235 5094 et
2258 5041 2573 5095 orthodoxae
2608 5039 2732 5094 ﬁdei
2762 5038 2992 5095 auferat.
3050 5039 3143 5093 Sic
3182 5040 3325 5095 enim
3356 5040 3470 5094 vult
3500 5055 3594 5096 eos

2011 5134 2213 5188 habere
2239 5131 2549 5195 fmderatos,
2580 5140 2641 5187 ut
2669 5132 2949 5187 sinistrum
2977 5130 3190 5186 oculum
3222 5132 3506 5197 habentes,
3528 5149 3592 5187 ea

2011 5235 2219 5279 tantum
2272 5241 2392 5295 qua:
2447 5240 2612 5295 prava
2662 5232 2807 5288 sunt,
2855 5223 3112 5277 sentiant.
3167 5222 3272 5279 Sed
3319 5224 3594 5283 exsiccata

2010 5333 2165 5372 mens
2190 5317 2426 5372 ﬁdelium
2458 5316 2527 5371 ab
2556 5315 2810 5371 omnibus
2846 5314 3100 5369 sordibus
3141 5315 3400 5374 vitiorum
3444 5336 3596 5375 acer-

2010 5425 2137 5465 vum
2178 5408 2494 5474 testimonii,
2533 5408 2642 5462 hoc
2660 5414 2766 5471 est,
2792 5407 3089 5461 sententias
3112 5418 3429 5467 sanctarum
3445 5410 3594 5466 Scri-

2011 5512 2295 5576 pturarum
2344 5499 2636 5572 congerit,
2695 5506 2962 5568 quatenus
3021 5502 3166 5559 hosti
3212 5504 3600 5560 nefandissimo

2012 5614 2200 5654 earum
2222 5596 2560 5668 protectione
2579 5594 2774 5649 muniti
2809 5595 3041 5654 viriliter
3074 5598 3332 5655 resistere
3358 5598 3594 5654 valeant.

2015 5690 2338 5758 Mittuntque
2363 5689 2417 5741 in
2449 5686 2726 5742 universos
2764 5689 3035 5746 terminos
3059 5691 3243 5758 Israel,
3269 5691 3373 5747 hoc
3394 5700 3500 5755 est,
3532 5687 3600 5743 ad

2016 5782 2265 5837 doctores
2289 5778 2542 5834 Ecclesim
2581 5779 2672 5849 qui
2694 5791 2937 5854 praesunt
2960 5782 3470 5854 populis,quatenus
3497 5778 3599 5833 sibi

2017 5889 2172 5946 opem
2206 5872 2401 5939 ferant,
2445 5883 2497 5927 et
2534 5881 2751 5930 scutum
2801 5875 2923 5931 ﬁdei
2960 5882 3149 5932 contra
3178 5875 3360 5929 hostes
3401 5887 3467 5928 ex
3505 5871 3599 5928 ad-
