4074 6460
483 390 559 451 39
1124 383 1185 437 Β.
1226 381 1481 438 RABANI
1515 379 1736 438 MAUBJ
1769 379 2063 436 ARCBIEP

2162 376 2440 436 IOGUNT.
2478 374 2763 435 OPERUM
2802 375 2984 433 PARS
3013 376 3057 432 Ι.
3370 449 3385 465 ⁸
3662 381 3730 441 ιι

484 522 643 567 verso
668 510 959 578 opponant.
1020 499 1248 570 Moxque
1277 498 1427 566 Saul,
1480 499 1686 569 Spiritu
1739 495 1953 552 Domini
1979 495 2058 549 in-
2080 502 2135 564 Α

2747 512 2974 569 CAPUT
3012 511 3147 567 XIII.

484 603 738 698 “ineius?
767 596 934 698 Simul-
954 609 1078 650 cum
1106 590 1725 698 δἎΨἾθῘθΡξῨΡΡθξξξξί
2151 625 2230 680 De
2255 642 2315 681 eo
2350 627 2490 698 quod
2524 625 2660 682 Saul
2688 644 2779 680 rex
2813 628 3122 698 constitutus
3156 629 3420 683 ordinavit
3449 632 3735 688 exercitum

484 689 757 749 recensuit
778 686 1051 759 populum,
1115 701 1133 735 ‹
1175 695 1230 738 et
1264 683 1470 739 invenit
1495 683 1563 738 de
1597 682 1723 736 ﬁliis
1749 680 1910 736 lsrael
1947 688 2057 734 tre-

483 781 822 841 centa‘ntillia
844 778 1186 844 bellatorum,
1211 778 1449 832 virorum
1477 782 1657 828 autem
1671 771 1808 826 Juda
1835 770 2055 840 triginta

483 875 672 931 millia.
717 891 737 925 ι

560 1006 580 1039 ι
621 987 688 1042 Et
706 983 978 1040 recensuit
1021 997 1132 1045 eos,
1146 979 1356 1054 inquit,
1380 979 1436 1034 in
1462 977 1692 1032 Bezech.
1730 994 1749 1028 ι
1792 973 1899 1046 (Ea:
1927 972 2057 1027 Hie-

482 1075 745 1146 ronymo.)
784 1074 993 1129 Bezech
1016 1074 1148 1127 urbs
1177 1081 1261 1126 est
1288 1069 1428 1139 regis
1450 1066 1849 1131 Adonibezech,
1874 1063 2057 1119 hodie-

481 1182 586 1237 que
614 1167 732 1221 duae
761 1165 902 1220 villae
927 1170 1050 1219 sunt
1084 1162 1300 1217 nomine
1345 1158 1577 1223 Bezech,
1615 1158 1807 1212 vicinae
1851 1155 1974 1221 sibi,
1999 1155 2056 1210 in

481 1260 710 1329 septimo
754 1257 982 1326 lapidea
1005 1252 1226 1324 Neapoli
1258 1250 1712 1306 descendentibus
1752 1247 2056 1318 Scythopo-

479 1350 594 1405 lim.
636 1349 841 1405 Besech
870 1348 1256 1416 interpretatur
1285 1351 1517 1414 egestas,
1551 1351 1605 1396 et
1643 1339 1947 1411 signiﬁcare
1978 1336 2056 1408 (ni

480 1439 656 1511 fallor)
695 1448 873 1509 potest
897 1436 1225 1508 paucitatem
1286 1435 1614 1498 electorum;
1654 1433 1795 1487 unde
1831 1439 1886 1486 et
1939 1431 2057 1500 ipsa

479 1529 692 1585 Veritas
717 1529 826 1581 ait:
893 1545 912 1577 ι
941 1525 1091 1581 Multi
1131 1532 1258 1579 sunt
1292 1524 1489 1589 vocati,
1520 1523 1680 1593 pauci
1722 1536 1850 1576 vero
1899 1520 2058 1576 electi

479 1617 695 1690 (Matth.
720 1614 878 1687 xm).
912 1635 931 1668 ι
966 1616 1083 1671 Rex
1110 1629 1324 1685 quoque
1350 1623 1540 1669 noster
1568 1612 1837 1676 Christus,
1862 1612 1955 1681 qui
1977 1617 2060 1666 est

478 1710 733 1766 sacerdos
759 1717 815 1763 et
830 1708 1114 1777 propheta,
1155 1706 1409 1776 congredi
1437 1707 1697 1760 adversus
1715 1705 1898 1758 hostes
1931 1717 2058 1758 suos

476 1814 697 1873 parans,
739 1798 805 1853 de
832 1806 1062 1867 utroque
1102 1796 1298 1867 populo
1344 1795 1542 1851 milites
1577 1794 1737 1865 elegit
1775 1793 2059 1847 Trinitatis

2222 696 2396 763 suum,
2444 706 2491 751 et
2524 698 2663 767 quod
2687 698 2798 767 ipse
2824 696 2957 751 Saul
2995 698 3050 751 in
3080 699 3345 767 offerendo
3372 700 3737 757 holocaustum

2224 768 2440 839 oﬁendit
2462 766 2767 839 Dominum,
2789 779 2838 821 et
2866 768 3006 839 quod
3039 766 3334 839 Phjlt’stltazi
3362 771 3739 839 prohibuerunt

2224 853 2374 890 arma
2397 836 2650 905 fabricari
2678 839 2733 891 in
2759 836 2902 891 omni
2935 847 3075 891 terra
3102 837 3295 892 Israel.

2226 950 2376 1022 (CAP.
2409 951 2551 1025 xm.)
2596 971 2615 1002 ι
2651 952 2819 1007 Filius
2844 962 2964 1008 erat
2998 952 3128 1009 Saul
3158 956 3318 1011 unius
3346 957 3477 1012 anni
3495 973 3619 1014 cum
3642 975 3736 1015 re-

2161 1057 2179 1090 ι
2225 1055 2393 1111 gnare
2415 1041 2692 1111 cmpisset.
2749 1041 2968 1099 Duobus
2989 1055 3172 1099 autem
3205 1046 3362 1102 annis
3388 1050 3635 1119 regnavit
3648 1066 3741 1105 su-

2162 1150 2180 1182 (
2223 1147 2321 1201 per
2346 1132 2527 1187 lsrael.
2565 1154 2583 1185 ι
2624 1133 2728 1187 Per
2753 1136 3195 1207 anticipationem
3228 1130 3365 1194 dixit
3405 1141 3472 1196 de
3494 1141 3742 1200 lsboseth

2156 1223 2268 1279 ﬁlio
2295 1224 2443 1280 Saul.
2474 1226 2550 1280 De
2572 1242 2677 1295 quo
2699 1234 2755 1282 et
2784 1228 2841 1283 in
2860 1230 3212 1298 sequentibus
3233 1230 3307 1284 ita
3327 1232 3590 1301 scriptum
3615 1242 3700 1290 est
3722 1249 3739 1289 :

2163 1332 2182 1364 ι
2220 1314 2588 1386 Quadraginta
2621 1332 2887 1371 annorum
2921 1327 3040 1373 erat
3087 1318 3329 1374 lsboseth
3355 1335 3478 1373 cum
3515 1336 3743 1390 regnare

2157 1410 2412 1480 caepisset
2428 1425 2589 1480 super
2618 1409 2799 1476 lsrael,
2833 1421 2889 1467 et
2915 1412 3133 1492 duobus.
3151 1413 3306 1468 annis
3329 1414 3592 1484 regnavit.
3629 1435 3647 1468 ι
3682 1414 3743 1471 Si

2157 1514 2287 1571 ergo
2306 1516 2338 1554 a
2370 1509 2542 1555 morte
2563 1500 2679 1555 Heli
2725 1501 2888 1556 simul
2937 1517 3099 1557 omne
3127 1512 3338 1574 tempus
3392 1504 3745 1561 concludatur

2160 1605 2266 1659 quo
2292 1588 2509 1644 Samuel
2537 1601 2592 1645 et
2621 1599 2811 1659 postea
2835 1590 2965 1646 Saul
2986 1591 3153 1658 Israel
3173 1600 3395 1658 rexerat
3415 1633 3431 1659 ,
3459 1593 3744 1650 inveniun-

2159 1688 2247 1734 tur
2272 1680 2398 1734 anni
2434 1680 2812 1750 quadraginta,
2829 1682 3125 1736 secundum
3139 1681 3531 1738 Chronicorum
3557 1682 3738 1748 ﬁdem,

2158 1787 2328 1841 usque
2345 1773 2413 1826 ad
2436 1773 2866 1829 interfectionem
2892 1773 3041 1829 Saul.
3072 1774 3200 1829 [nde
3211 1783 3359 1844 patet
3372 1777 3516 1846 quod
3528 1777 3743 1845 quando

478 1861 583 1946 ﬁde
608 1861 919 1961 praeclaros,
944 1861 999 1944 et
1023 1861 1287 1944 bonorum
1318 1896 1534 1942 actuum
1562 1861 1893 1956 perfectione
1917 1900 2056 1954 prm-

2162 1861 2289 1918 Saul
2316 1864 2631 1936 (secundum
2660 1864 2800 1919 hanc
2832 1865 3305 1935 computationem)
3353 1880 3583 1936 regnare
3633 1881 3743 1922 cte-

476 1981 666 2051 cipuos
697 1997 711 2045 ;
742 1981 926 2035 hostes
944 1995 1072 2036 suos
1106 1979 1273 2050 fugat,
1300 1987 1354 2033 et
1374 1978 1609 2048 percutit
1627 1992 1721 2032 eos
1740 1977 1919 2047 gladio
1940 1975 2060 2046 Spi—

477 2070 630 2136 ritus,
675 2086 705 2125 a
738 2085 898 2125 mane
946 2070 1308 2125 illucescentis
1339 2069 1464 2123 ﬁdei
1500 2084 1671 2137 usque
1717 2068 1844 2122 dum
1876 2067 2055 2121 lumen

473 2161 738 2226 scientias,
767 2168 823 2215 et
841 2162 1091 2216 ardorem
1114 2160 1395 2214 charitatis
1421 2174 1520 2229 per
1546 2167 1716 2214 totam
1746 2160 1934 2213 urbem
1958 2159 2060 2212 Ec-

474 2253 654 2309 clesia:
687 2252 967 2307 diffundat.
1011 2252 1164 2308 Unde
1190 2261 1245 2307 et
1272 2251 1411 2306 bene
1430 2251 1688 2321 scriptum
1711 2259 1795 2305 est
1816 2250 1960 2319 quod
1981 2249 2060 2304 illi

473 2346 568 2415 qui
603 2345 802 2399 residui
833 2344 1051 2398 fuerant
1070 2344 1134 2398 de
1166 2345 1267 2401 hac
1295 2343 1471 2409 clade,
1526 2342 1754 2413 dispersi
1803 2350 1948 2406 sunt,
1983 2340 2059 2424 ita

474 2444 535 2490 ut
564 2451 669 2490 non
716 2436 1147 2505 relinquerentur
1179 2450 1248 2489 ex
1280 2436 1360 2490 eis
1386 2436 1492 2491 duo
1522 2435 1748 2504 pariter,
1774 2434 1900 2502 quia
1936 2448 2061 2504 pra-

474 2543 665 2583 vorum
691 2528 1036 2599 congregatio
1079 2543 1200 2582 cum
1237 2543 1378 2582 vetas
1427 2527 1731 2582 dilectionis
1765 2526 1955 2596 copula
2007 2532 2063 2581 et

474 2616 600 2671 ﬁdei
624 2617 832 2671 unitate
863 2632 969 2671 non
990 2617 1257 2687 jungitur,
1291 2617 1360 2671 ab
1385 2617 1617 2671 invicem
1646 2631 1745 2685 per
1770 2614 2062 2670 dissensio-

474 2722 599 2762 nem
628 2717 967 2776 separantur,
1004 2717 1060 2762 et
1088 2709 1281 2762 incerti
1305 2718 1360 2762 et
1383 2707 1662 2763 instabiles
1684 2707 1834 2772 facti,
1864 2720 1961 2776 per
1981 2706 2063 2760 di-

477 2795 586 2849 vini
619 2796 889 2849 examinis
924 2797 1247 2864 potentiam,
1297 2796 1441 2851 sicut
1483 2796 1539 2849 in
1564 2795 1744 2849 animo
1791 2796 1866 2849 ita
1900 2803 1954 2849 et
2004 2796 2061 2851 in

474 2901 711 2955 corpore
741 2886 989 2954 sejuncti,
1031 2888 1098 2941 ab
1145 2888 1379 2942 invicem
1426 2888 1624 2956 ubique
1662 2887 2058 2957 dispergentur.

476 2973 613 3030 Hinc
639 2978 905 3046 Propheta
926 2980 994 3032 ad
1009 2978 1295 3033 Dominum
1319 2979 1455 3032 dixit
1478 2996 1491 3032 :
1522 2996 1541 3028 ι
1566 2978 1707 3033 Ecce
1732 2978 1939 3033 inimici
1962 2978 2059 3044 tui,

477 3066 722 3133 Domine,
744 3070 999 3139 peribunt
1020 3080 1075 3124 et
1104 3072 1479 3140 dispergentur
1504 3086 1695 3127 omnes
1715 3071 1806 3141 qui
1829 3085 2058 3142 operan-

477 3162 569 3211 tur
587 3158 927 3228 iniquitatem
960 3159 1131 3231 (Psal.
1165 3160 1299 3232 xei).
1336 3180 1355 3213 ι

1084 3298 1313 3356 CAPUT
1344 3299 1457 3355 XII.

998 3412 1246 3483 Sequitur
1284 3422 1339 3465 ut
1369 3430 1549 3483 supra.

549 3520 704 3588 Quod
731 3530 912 3578 autem
937 3522 990 3576 in
1013 3523 1195 3578 verbis
1221 3522 1440 3579 Samuel
1483 3540 1603 3593 qua:
1629 3524 1841 3580 locutus
1868 3532 1953 3580 est
1998 3524 2063 3581 ad

476 3615 758 3685 populum,
804 3616 1091 3684 increpans
1120 3631 1216 3670 eos
1261 3617 1326 3671 de
1370 3617 1557 3686 iniqua
1614 3617 1876 3672 electione
1921 3618 2065 3687 regis

482 3706 702 3770 terreni,
731 3721 854 3761 cum
880 3706 1145 3762 haberent
1163 3707 1339 3777 ipsum
1370 3708 1656 3763 Dominum
1680 3723 1882 3781 regem,
1907 3709 2065 3764 addi-

478 3804 596 3851 tum
620 3804 732 3851 est:

550 3907 700 3980 (Car.
727 3909 849 3982 xu.)
913 3927 933 3961 ι
962 3909 1031 3964 Et
1051 3910 1218 3976 misit,
1252 3910 1452 3980 inquit,
1487 3910 1747 3966 Dominus
1789 3908 2062 3976 Jerobaal,

486 4017 506 4051 ι
550 4008 605 4056 et
629 4001 834 4067 Bedan,
860 4009 917 4056 et
936 4002 1166 4067 Barach,
1220 4011 1276 4057 et
1320 4000 1571 4072 Jephthe,
1629 4010 1685 4057 et
1723 4000 1962 4067 Samuel,
2011 4007 2067 4056 et

486 4110 506 4145 ε
549 4095 693 4148 eruit
720 4109 817 4149 vos
845 4095 911 4149 de
930 4110 1093 4149 manu
1119 4095 1460 4149 inimicorum
1484 4104 1791 4150 vestrorum
1830 4109 1927 4164 per
1954 4094 2065 4147 cir-

487 4200 507 4234 c
551 4184 776 4248 ruitum,
807 4191 865 4238 et
890 4184 1175 4239 habitastis
1218 4185 1572 4252 conﬁdenter,
1598 4205 1617 4238 ι
1653 4193 1759 4240 etc.
1816 4183 2067 4241 Jerobaal

482 4277 657 4347 ipsum
681 4276 945 4342 nominat,
960 4278 1053 4347 qui
1076 4277 1183 4332 alio
1208 4277 1427 4332 nomine
1450 4279 1506 4332 in
1533 4277 1670 4333 libro
1687 4275 1934 4331 Judicum
1955 4274 2066 4331 Ge-

481 4369 618 4424 deon
641 4378 726 4423 est
755 4369 1083 4435 nominatus,
1109 4370 1354 4426 etBedan
1376 4372 1491 4440 ipse
1516 4380 1600 4425 est
1623 4369 1851 4426 Samson
1883 4369 2068 4425 fortis-

480 4460 685 4527 simus;
721 4462 786 4515 de
807 4462 986 4532 quoin
1013 4462 1272 4531 praedicto
1301 4462 1442 4517 libro
1464 4462 1701 4517 refertur
1728 4463 1876 4533 quod
1897 4461 2065 4519 lsrael

481 4560 673 4607 contra
702 4550 1031 4605 Philisthiim
1058 4549 1387 4606 defenderet.

561 4679 580 4712 ι
624 4660 692 4714 Et
718 4661 975 4715 clamavit
1014 4658 1233 4715 Samuel
1261 4662 1329 4715 ad
1363 4659 1669 4728 Dominum,
1702 4672 1757 4717 et
1787 4662 1934 4718 dedit
1952 4663 2063 4720 Do-

491 4773 510 4806 ‹
553 4754 733 4808 minus
757 4767 917 4808 voces
944 4761 1000 4809 et
1018 4753 1225 4822 pluvias
1256 4751 1309 4807 in
1338 4754 1424 4809 die
1456 4755 1567 4821 illa,
1609 4775 1626 4808 ι
1686 4764 1793 4810 etc.
1822 4756 1929 4811 lste
1958 4755 2064 4811 Sa-

484 4843 653 4909 muel,
669 4857 852 4912 quem,
876 4843 1125 4899 invocato
1136 4844 1353 4899 nomine
1365 4844 1597 4912 Domini,
1614 4848 2062 4914 exaudivitDeus,

486 4935 543 4990 in
598 4944 838 5005 tempore
894 4935 1086 4990 messis
1125 4935 1359 5007 pluviam
1412 4939 1738 5008 impetravit.
1802 4938 1910 5011 (Ea:
1959 4939 2066 4995 Isi-

486 5026 661 5098 doro.)
715 5026 902 5081 Pluvia
941 5029 1084 5082 enim
1127 5029 1180 5083 in
1207 5031 1377 5086 sacris
1431 5029 1725 5100 Scripturis
1746 5031 1910 5085 verba
1941 5041 2067 5087 sunt

488 5118 764 5190 Evangelii
790 5119 903 5174 sive
924 5120 1080 5191 legis,
1108 5122 1248 5178 sicut
1275 5124 1485 5195 Moyses
1507 5125 1642 5178 dixit
1679 5143 1692 5178 :
1725 5144 1743 5177 ι
1778 5124 2065 5195 Εχερθοιεο

492 5220 578 5266 tnr
599 5212 739 5267 sicut
762 5213 941 5282 pluvia
967 5214 1239 5285 eloquium
1271 5232 1470 5281 meum,
1496 5228 1551 5271 et
1572 5218 1900 5273 descendant
1925 5219 2065 5273 sicut

488 5318 581 5359 ros
608 5303 772 5358 verba
801 5321 920 5360 mea
950 5306 1128 5381 (Deut.
1161 5307 1356 5381 χχχιι).
1402 5329 1419 5360 ι
1474 5308 1625 5364 Hanc
1646 5310 1807 5380 igitur
1829 5312 2066 5382 pluviam

491 5394 639 5450 dedit
685 5398 886 5453 mundo
924 5397 1173 5453 Christus
1220 5399 1277 5453 in
1332 5408 1574 5471 tempore
1621 5404 1831 5471 messis,
1876 5404 1930 5459 id
1958 5413 2062 5472 est,

491 5487 708 5557 quando
735 5497 921 5559 gentes
932 5489 1112 5559 colligi
1133 5491 1453 5559 oportebat:
1481 5499 1543 5546 ut
1563 5494 1703 5549 sicut
1732 5494 2068 5553 frumentum

493 5577 549 5632 in
572 5579 802 5646 horreis,
840 5581 920 5636 sic
961 5581 1103 5636 intra
1131 5581 1387 5638 Ecclesiae
1414 5585 1592 5641 sinum
1626 5596 1813 5658 gentes
1836 5604 2065 5660 congre-

495 5677 774 5738 gerentur.

2159 1956 2259 2027 pit,
2284 1955 2449 2010 ﬁlium
2473 1956 2659 2011 habuit
2682 1957 2839 2011 unius
2860 1957 3009 2022 anni,
3029 1958 3133 2012 hoc
3152 1966 3236 2013 est
3257 1958 3419 2028 primi
3443 1959 3599 2023 anni;
3625 1958 3742 2027 qui,

2157 2056 2507 2119 posteaquam
2536 2046 2626 2101 ille
2649 2048 2790 2102 diem
2819 2048 3068 2101 ultimum
3084 2047 3301 2112 clausit,
3325 2063 3549 2118 regnum
3574 2046 3743 2103 lsrael

2160 2140 2369 2195 duobus
2399 2139 2558 2195 annis
2604 2139 2794 2205 tenuit,
2828 2140 3019 2206 donec,
3043 2155 3108 2194 eo
3148 2155 3181 2193 a
3210 2139 3511 2195 latronibus
3538 2141 3740 2205 occiso,

2159 2237 2331 2284 totum
2354 2245 2578 2301 regnum
2609 2229 2770 2285 simul
2798 2229 2866 2284 ad
2903 2230 3074 2284 David
3121 2233 3411 2287 concessit.
3467 2230 3605 2286 Sunt
3647 2232 3739 2303 qui

2159 2322 2346 2377 volunt
2377 2322 2443 2376 de
2469 2323 2585 2391 ipso
2607 2320 2735 2376 Saul
2776 2322 2979 2377 dictum
3010 2324 3275 2392 accipere,
3305 2332 3364 2378 ut
3414 2325 3575 2378 unius
3614 2325 3744 2379 anni

2161 2413 2370 2479 fuisset,
2420 2428 2545 2468 cum
2584 2428 2813 2483 regnare
2847 2413 3124 2483 coepisset,
3182 2413 3238 2468 id
3277 2423 3363 2468 est
3391 2415 3627 2479 humilis,
3688 2420 3745 2470 et

2160 2515 2495 2572 mansuetus,
2544 2506 2837 2561 secundum
2870 2507 2922 2560 id
2951 2509 3095 2576 quod
3115 2506 3399 2562 Psalmista
3428 2508 3588 2563 dicit:
3627 2527 3645 2559 ι
3684 2507 3740 2563 Si

2162 2615 2269 2653 non
2296 2598 2575 2653 humiliter
2595 2598 2913 2664 sentiebam,
2966 2598 3106 2653 sicut
3124 2597 3425 2654 ablactatus
3445 2614 3607 2678 super
3626 2616 3744 2654 ma-

2164 2697 2299 2744 trem
2329 2706 2483 2743 snani
2514 2687 2688 2761 (Psal.
2721 2689 2883 2760 cxxx)
2915 2706 2930 2755 ;
2964 2709 2981 2741 ι
3018 2689 3227 2744 duobus
3265 2697 3446 2745 autem
3474 2692 3630 2746 annis
3662 2705 3746 2745 re-

2163 2784 2427 2853 gnaverit,
2455 2784 2507 2837 id
2529 2792 2628 2847 est,
2652 2784 2754 2838 rite
2779 2799 3001 2853 regnum
3020 2784 3275 2849 tenuerit,
3300 2784 3440 2854 quod
3464 2784 3518 2839 in
3546 2785 3747 2854 princi-

2162 2874 2253 2942 pio
2276 2875 2428 2944 regni
2459 2874 2540 2927 sui
2572 2890 2694 2929 eum
2725 2873 2919 2930 fecisse
2942 2882 3175 2929 constat.
3217 2873 3325 2929 Sed
3344 2883 3627 2943 postquam
3647 2889 3747 2945 per

2164 2964 2580 3019 inobedientiam
2609 2980 2639 3018 a
2680 2965 2792 3021 Deo
2829 2967 3079 3021 desertus
3122 2975 3236 3032 est,
3273 2975 3327 3022 et
3373 2967 3607 3037 Spiritus
3632 2963 3748 3033 ejus

2166 3055 2232 3107 ab
2246 3069 2310 3107 co
2333 3055 2582 3117 recessit,
2608 3055 2736 3110 licet
2760 3062 3083 3125 potestatem
3110 3058 3362 3122 tenuerit,
3385 3058 3499 3127 jam
3529 3073 3635 3111 non
3664 3072 3752 3110 re.

2166 3146 2342 3216 gimcn
2363 3146 2692 3214 impendere,
2718 3148 2811 3201 sed
2823 3146 2992 3218 magis
3008 3147 3343 3218 tyrannicam
3361 3148 3528 3201 vitam
3551 3148 3752 3203 ducere

2085 3225 2131 3289 C
2162 3233 2311 3287 visus
2335 3244 2436 3288 est.
2472 3253 2490 3285 ι
2522 3235 2756 3289 Eterant
2777 3251 2898 3289 cum
2915 3235 3044 3289 Saul
3067 3237 3172 3290 duo
3189 3237 3354 3290 millia
3378 3238 3432 3291 in
3454 3236 3749 3300 Machmas,

2168 3342 2187 3375 ι
2219 3334 2271 3381 et
2294 3326 2349 3379 in
2364 3335 2547 3380 monte
2567 3325 2775 3381 Bethel.
2804 3327 2948 3381 mille
2968 3338 3149 3382 autem
3175 3344 3296 3382 cum
3320 3325 3553 3381 Jonatha
3575 3329 3632 3381 in
3653 3327 3755 3381 Ga-

2170 3435 2187 3466 α
2213 3417 2315 3471 baa
2337 3416 2638 3486 Benjamin.
2670 3438 2690 3470 ι
2714 3416 2822 3487 (Ea:
2849 3416 3219 3488 Hieronymo.)
3252 3418 3526 3471 Machmas
3544 3418 3649 3471 huc
3664 3431 3753 3471 us-

2162 3521 2267 3576 que
2289 3506 2440 3561 vieus
2467 3507 2687 3576 grandis
2731 3507 3033 3561 ostenditur
3078 3508 3132 3560 in
3161 3508 3361 3561 finibus
3393 3506 3572 3571 Elia},
3612 3506 3753 3561 anti-

2164 3611 2332 3665 quum
2358 3610 2553 3650 nomen
2581 3595 2841 3661 retinens,
2865 3604 2989 3651 octo
3028 3597 3095 3651 ab
3134 3612 3198 3650 ea
3238 3597 3477 3669 millibus
3521 3596 3750 3662 distans,

2158 3685 2313 3757 juxta
2339 3687 2523 3740 villam
2550 3686 2721 3741 Rama
2741 3728 2756 3752 ,
2786 3699 2841 3742 et
2867 3689 3258 3758 interpretatur
3302 3687 3591 3742 humilitas.
3646 3686 3754 3741 Ga-

2164 3778 2327 3832 baath
2356 3778 2410 3831 in
2442 3777 2585 3833 tribu
2613 3777 2921 3848 Benjamin,
2951 3780 3082 3835 urbs
3110 3788 3164 3833 et
3183 3778 3438 3842 Phinees,
3476 3777 3571 3831 ﬁlii
3596 3776 3751 3830 Elea-

2166 3886 2279 3936 zar,
2307 3871 2399 3925 ubi
2421 3871 2662 3940 sepultus
2690 3872 2804 3941 ipse
2833 3871 3077 3926 Eleazar.
3116 3872 3213 3925 Est
3242 3880 3424 3925 autem
3468 3883 3613 3923 nunc
3649 3867 3755 3922 Ga-

2164 3959 2328 4015 baath
2376 3961 2505 4015 villa
2556 3962 2612 4016 in
2660 3962 2980 4017 duodecimo
3030 3962 3205 4031 lapide
3254 3957 3749 4027 Eleutheropoleos,

2167 4051 2259 4104 ubi
2307 4061 2359 4105 et
2415 4051 2722 4120 sepulcrum
2782 4051 3056 4122 prophetae
3119 4049 3374 4105 Habacuc
3424 4050 3745 4104 ostenditur.

2166 4141 2411 4197 Gabaath
2470 4143 2860 4213 interpretatur
2911 4142 3057 4197 collis
3100 4141 3374 4213 patruelis.
3440 4140 3587 4196 Bene
3649 4141 3751 4195 tria

2167 4233 2334 4288 millia
2359 4234 2722 4289 lsraelitarum
2749 4236 2920 4290 electa
2945 4241 3070 4288 sunt
3095 4233 3161 4287 ad
3188 4233 3533 4304 pugnandum
3564 4241 3753 4288 contra

2167 4328 2525 4391 Philisthaaos,
2564 4331 2688 4400 quia
2716 4330 2761 4385 si
2813 4329 3146 4385 solummodo
3183 4328 3296 4400 apti
3328 4336 3456 4382 sunt
3479 4326 3545 4382 ad
3594 4327 3755 4397 spiri-

2169 4423 2332 4477 talem
2355 4423 2624 4488 militiam,
2648 4430 2708 4475 ut
2729 4432 2969 4491 pugnent
3018 4431 3205 4476 contra
3253 4423 3438 4477 hostes
3473 4420 3751 4486 Ecclesiae,

2170 4512 2260 4581 qui
2288 4512 2569 4567 Trinitatis
2589 4511 2749 4566 ﬁdem
2786 4512 3082 4582 perfectam
3106 4513 3325 4579 habent,
3353 4513 3407 4567 in
3435 4528 3541 4583 qua
3592 4526 3752 4581 supe-

2088 4578 2144 4640 Ῑ)
2170 4578 2343 4656 riores
2377 4602 2623 4656 hostibus
2644 4603 2756 4658 suis
2786 4578 3043 4659 resistere
3066 4611 3312 4675 possunt.
3356 4578 3470 4674 (Ea;
3483 4578 3751 4673 Hebrtro.)

2169 4691 2227 4747 In
2269 4693 2371 4746 hoc
2391 4708 2519 4763 ergo
2542 4692 2685 4761 quod
2740 4694 2974 4762 scriptor
3014 4693 3276 4760 historiae,
3335 4693 3428 4748 ubi
3449 4693 3516 4748 de
3565 4691 3753 4763 praelia

2173 4782 2301 4836 Saul
2324 4791 2511 4838 contra
2538 4782 2879 4838 Philisthazos
2920 4793 3337 4851 commemorat,
3385 4783 3749 4854 subsequitur,

2173 4874 2361 4929 dicens
2391 4892 2403 4928 :
2443 4892 2461 4925 ι
2496 4874 2650 4941 Quod
2673 4891 2797 4930 cum
2825 4875 3088 4931 vidissent
3114 4876 3217 4931 viri
3238 4878 3403 4933 lsrael
3433 4893 3493 4932 se
3519 4877 3575 4930 in
3601 4883 3751 4931 arcto

2179 4984 2198 5018 ι
2241 4968 2447 5037 positos
2477 4966 2727 5039 (alllictus
2761 4976 2845 5023 est
2882 4969 3024 5023 enim
3058 4968 3331 5041 populus),
3358 4968 3752 5024 absconderunt

2177 5076 2197 5110 ‹
2244 5074 2302 5115 se
2327 5058 2383 5113 in
2420 5058 2709 5130 speluncis,
2739 5069 2794 5115 et
2822 5060 2878 5114 in
2909 5060 3125 5125 abditis,
3170 5059 3222 5113 in
3250 5059 3419 5130 petris
3445 5072 3656 5130 quoque
3695 5064 3752 5111 et

2179 5169 2198 5201 ι
2244 5152 2435 5217 antris,
2469 5161 2526 5206 et
2552 5151 2608 5206 in
2635 5152 2908 5206 cisternis.
2959 5151 3174 5206 Hebraei
3214 5160 3392 5207 autem
3425 5150 3753 5206 transierunt

2178 5258 2198 5290 ι
2242 5239 2556 5306 Iordanem,
2606 5242 2661 5295 in
2709 5250 2912 5296 terram
2932 5240 3047 5297 Gad
3078 5251 3134 5298 et
3176 5241 3414 5307 Galaad,
3449 5259 3468 5292 ι
3524 5239 3750 5307 quaastio

2171 5347 2280 5388 non
2302 5331 2519 5404 indigna
2556 5332 2820 5388 oboritur.
2856 5332 2913 5387 Si
2934 5347 2993 5388 se
3024 5333 3169 5389 enim
3201 5330 3483 5387 abscondit
3503 5327 3668 5382 lsrael
3694 5328 3749 5387 in

2172 5423 2413 5496 praefatis
2467 5425 2619 5491 locis,
2652 5425 2783 5495 quid
2821 5432 2905 5480 est
2930 5426 3075 5495 quod
3111 5423 3232 5478 ait:
3274 5440 3294 5473 ‹
3321 5420 3531 5476 Hebraei
3569 5428 3749 5474 autem

2174 5514 2509 5570 transierunt
2532 5514 2864 5570 Jordanem?
2894 5534 2913 5568 ι
2959 5514 3113 5583 Quod
3142 5515 3217 5568 ita
3234 5511 3474 5568 solvitur.
3508 5510 3723 5567 Abscon

2175 5606 2252 5660 sis
2271 5607 2419 5662 enim
2445 5607 2767 5676 quibusdam
2793 5607 3076 5672 lsraelitis,
3113 5606 3205 5674 qui
3243 5603 3369 5660 Saul
3404 5612 3458 5659 et
3493 5602 3746 5674 populum

2174 5697 2269 5767 qui
2307 5714 2431 5754 cum
2456 5713 2523 5753 eo
2552 5708 2674 5755 erat
2697 5701 3046 5773 reliquerant,
3077 5699 3318 5768 qumdam
3356 5714 3483 5770 pars
3509 5697 3745 5761 illorum,

2170 5792 2272 5865 qui
2296 5793 2387 5850 hic
2420 5791 2633 5851 Hebraei
2659 5802 2940 5857 vocantur,
2969 5792 3161 5848 timore
3214 5791 3485 5864 perterriti
3537 5790 3740 5847 defece-

4071 694 4074 833 φ
