4074 6482
345 435 411 492 M
1157 429 1518 488 COMMENT.
1560 427 1627 484 IN
1666 424 1926 479 LIBROS“
1950 422 2015 476 l'v'
2061 424 2324 482 IiEGUM.
2357 457 2427 467 —
2463 427 2530 483 IN
2568 429 2696 484 LIB.
2736 429 2776 484 I.
3533 434 3604 489 42

343 554 470 605 runt
509 559 540 600 a
564 544 694 602 Saul
723 553 777 600 et
797 559 828 600 a
857 545 989 600 viris
1021 544 1114 614 qui
1151 559 1274 598 cum
1324 559 1389 600 eo
1416 551 1592 607 erant,
1619 552 1675 598 et
1699 543 1920 598 descen—
1945 544 2000 605 Α
2026 539 2135 595 Deo
2162 539 2343 606 Patri,
2370 555 2557 595 verum
2603 541 2703 611 ipsi
2748 556 2960 613 quoque
3011 542 3298 614 Unigenito
3343 543 3481 614 ejus,
3511 547 3604 616 qui

344 639 541 695 derunt
581 637 636 691 in
668 645 844 692 castra
864 635 1210 692 Philisthiim.
1263 635 1432 702 Quem
1467 635 1644 690 locum
1665 634 1734 689 ad
1762 634 1922 690 intel-

344 732 575 804 geudum
625 729 823 784 clarius
865 739 920 785 et
963 728 1302 786 manifestius
1362 729 1642 799 sequentia
1694 730 1920 784 demon-

344 830 522 880 strant
555 820 612 876 in
638 835 704 876 eo
733 819 852 876 loco
879 821 970 876 ubi
1009 821 1085 876 ait
1113 840 1126 875 :
1181 840 1200 872 ι
1231 819 1339 876 Sed
1371 829 1426 876 et
1454 820 1664 878 Hebraei
1694 822 1786 891 qui
1807 820 1924 876 fue-

350 931 370 966 c
415 919 539 968 rant
560 927 683 968 eum
707 909 1036 967 Philisthiim
1080 911 1198 967 beri
1228 920 1282 966 et
1321 911 1710 968 nudiustertius
1736 926 1924 967 ascen-

349 1024 370 1058 ι
413 1005 711 1074 derantque
745 1019 871 1060 cum
911 1005 991 1060 eis
1019 1005 1077 1059 in
1102 1005 1317 1069 castris,
1353 1004 1555 1060 reversi
1587 1013 1713 1059 sunt
1741 1013 1801 1058 ut
1842 1020 1926 1060 es-

350 1117 369 1150 ¢
415 1106 536 1154 sent
559 1111 683 1153 cum
707 1096 893 1161 Israel,
919 1097 1188 1167 quierant
1221 1112 1343 1152 cum
1359 1095 1488 1152 Saul
1509 1096 1866 1152 etJonathan.
1898 1117 1916 1150 ι

343 1189 544 1243 Omnes
577 1202 705 1258 ergo
733 1186 991 1242 Israelitae
1018 1189 1110 1257 qui
1139 1203 1196 1244 se
1235 1188 1630 1244 absconderant
1656 1189 1710 1243 in
1742 1196 1926 1244 monte

343 1278 624 1350 Ephraim,
663 1277 947 1333 audientes
979 1279 1123 1349 quod
1160 1278 1416 1334 fecissent
1452 1277 1800 1346 Philisthiim,
1838 1293 1926 1334 so-

344 1371 625 1426 ciaverunt
651 1384 710 1426 se
740 1385 864 1425 cum
887 1371 1001 1426 suis
1030 1370 1085 1425 in
1109 1371 1317 1440 praelia.

421 1480 440 1513 ι
477 1461 718 1532 Cumque
743 1462 920 1517 adhuc
947 1470 1094 1518 esset
1124 1461 1253 1517 Saul
1284 1464 1339 1518 in
1368 1461 1610 1534 Galgala,
1639 1464 1926 1520 universus

351 1570 370 1604 ι
403 1551 630 1623 populus
651 1553 970 1622 perterritus
993 1561 1096 1620 est,
1121 1554 1213 1623 qui
1241 1556 1568 1624 sequebatur
1589 1570 1733 1622 eum,
1750 1563 1806 1610 et
1832 1571 1926 1610 ex-

349 1665 368 1698 c
406 1645 673 1716 spectavit
701 1654 908 1715 septem
939 1645 1127 1701 diebus
1164 1644 1311 1714 iuxta
1342 1647 1600 1716 placitum
1637 1645 1924 1715 Samuelis,

349 1753 370 1788 ί
406 1744 596 1792 etnon
642 1736 792 1791 venit
837 1734 1055 1791 Samuel
1091 1737 1143 1791 in
1171 1736 1413 1809 Galgala.
1445 1737 1804 1808 Dilapsusque
1844 1749 1929 1794 est

348 1846 370 1882 ι
405 1828 632 1900 populus
655 1828 721 1883 ab
749 1843 833 1884 eo.
879 1830 971 1883 Ait
1017 1845 1145 1901 ergo
1183 1829 1310 1885 Saul
1337 1848 1349 1884 :
1373 1829 1576 1886 All‘erte
1601 1831 1734 1886 mihi
1777 1832 1929 1887 holo-

2025 632 2174 688 venit
2199 647 2440 702 quaerere
2463 634 2606 702 quod
2625 633 2880 703 perierat,
2907 649 3076 704 usque
3101 635 3236 690 adeo
3251 634 3364 704 jam
3384 652 3605 694 eramus

2025 723 2164 789 noti,
2192 722 2335 778 utin
2364 722 2480 792 ipso
2517 738 2761 778 essemus
2798 723 2955 779 electi
2994 735 3118 782 ante
3163 728 3602 783 constitutionem

2025 815 2231 869 mundi.
2258 813 2473 880 Quaeret
2497 815 2600 870 sibi
2621 830 2768 885 ergo,
2798 815 2953 881 dixit,
2984 831 3140 870 suum
3172 818 3410 874 habebit.
3449 819 3604 875 Unde

2026 905 2082 960 in
2114 904 2306 960 Latina
2331 905 2513 975 lingua
2542 906 2646 961 hoc
2673 906 2897 961 verbum
2923 907 3118 977 accipit
3142 909 3602 979 praepositionem,

2027 1006 2082 1052 et
2111 999 2362 1068 adquirit,
2391 999 2618 1064 dicitur;
2651 999 2794 1068 quod
2823 998 2957 1054 satis
2986 1008 3233 1070 apertum
3259 1010 3343 1056 est
3371 1003 3500 1072 quid
3527 1003 3603 1058 si-

2028 1091 2266 1161 gniﬁcet,
2300 1107 2609 1161 quanquam
2637 1100 2691 1147 et
2733 1092 2849 1147 sine
2877 1092 3242 1148 additamento
3269 1095 3604 1164 praepositio-

2028 1185 2134 1251 nis,
2177 1202 2432 1256 quaerere,
2464 1185 2813 1257 intelligatur,
2857 1186 3156 1257 acquirere.
3197 1201 3265 1241 ex
3300 1202 3408 1256 quo
3456 1187 3606 1242 lucra

2027 1285 2292 1331 vocantur
2315 1285 2370 1331 et
2397 1284 2653 1347 quaestus.

2106 1388 2125 1420 ι
2161 1369 2333 1424 Porro
2357 1367 2512 1424 faber
2541 1367 2804 1424 ferrarius
2830 1384 2938 1424 non
2982 1368 3355 1424 inveniebatur
3379 1368 3435 1423 in
3462 1367 3610 1422 omni

2032 1479 2052 1512 ς
2090 1470 2239 1517 terra
2270 1461 2452 1518 Israel.
2487 1461 2755 1517 Caverant
2799 1462 2944 1517 enim
2986 1461 3312 1516 Philisthiim
3360 1475 3428 1514 ne
3473 1459 3614 1515 forte

2033 1577 2052 1610 ‹
2091 1559 2334 1615 facerent
2361 1559 2602 1613 Hebraeis
2631 1557 2867 1629 gladium
2894 1567 2948 1612 et
2975 1557 3247 1623 lanceam,
3273 1576 3291 1608 ι
3320 1563 3425 1611 etc.
3457 1552 3614 1622 Quod

2028 1660 2209 1708 autem
2255 1651 2552 1706 Philisthaei
2571 1691 2585 1716 ,
2615 1666 2722 1721 quo
2747 1649 2961 1706 facilius
2991 1649 3246 1705 Hebraeos
3273 1655 3496 1720 possent
3522 1661 3616 1700 su-

2028 1757 2244 1814 perare,
2295 1742 2694 1812 prohibuerunt
2741 1758 2809 1797 ne
2857 1741 3010 1796 faber
3054 1740 3316 1795 ferrarius
3367 1747 3514 1795 esset
3559 1739 3616 1793 in
3713 1794 3718 1800 ,

2031 1833 2179 1890 omni
2207 1833 2565 1898 terra-Israel,
2592 1847 2660 1887 ne
2688 1831 2829 1886 forte
2850 1831 3093 1886 facerent
3120 1830 3355 1902 gladium
3378 1838 3473 1884 aut
3495 1828 3616 1884 lan-

350 1940 370 1972 ι
410 1927 681 1984 caustum,
703 1927 760 1974 et
783 1919 1033 1989 paciﬁca,
1057 1927 1112 1975 et
1138 1920 1332 1975 obtulit
1354 1921 1751 1987 holocaustum,
1774 1941 1792 1972 ›
1815 1929 1922 1977 etc.
1956 1919 2003 1978 B
2031 1940 2203 1991 ceam,
2237 1923 2505 1997 significat
2537 1924 2682 1993 quod
2715 1923 2965 1979 diabolus
3010 1923 3210 1993 partim
3238 1938 3336 1992 per
3359 1935 3616 1992 paganos,

345 2010 568 2067 Videtur
593 2010 918 2080 quibusdam
947 2010 1345 2081 inculpabiliter
1373 2013 1501 2067 Saul
1529 2014 1791 2070 obtulisse
1831 2017 1928 2071 ho-

343 2099 678 2167 locaustum,
712 2116 837 2156 cum
889 2099 1110 2158 Samuel
1160 2103 1229 2158 ab
1278 2117 1343 2157 eo
1391 2113 1740 2174 exspectatus
1772 2105 1928 2174 juxta

342 2192 604 2265 placitum
629 2201 836 2264 septem
858 2192 1068 2247 dierum
1093 2207 1203 2247 non
1223 2194 1450 2248 venerit.
1483 2194 1636 2262 Quod
1665 2197 1758 2264 qui
1785 2197 1931 2253 hunc

342 2283 524 2339 locum
569 2284 708 2339 bene
741 2283 1070 2348 distinxerit,
1097 2283 1337 2338 inveniet
1362 2298 1485 2338 eum
1516 2299 1623 2339 non
1655 2285 1929 2342 immerito

342 2373 620 2445 culpatum
647 2373 816 2430 fuisse
849 2382 905 2429 et
932 2373 1314 2434 inobedientize
1356 2373 1724 2444 redargutum.
1753 2377 1930 2432 Locus

344 2475 527 2521 autem
555 2465 645 2522 hic
683 2467 824 2535 apud
865 2465 1119 2522 Hebraeos
1168 2466 1244 2520 ita
1288 2465 1674 2536 distinguitur:
1703 2485 1722 2517 c
1747 2467 1814 2521 Et
1841 2467 1931 2524 de-

344 2561 574 2616 scendes
615 2569 740 2616 ante
765 2576 852 2616 me
887 2561 944 2614 in
971 2559 1220 2631 Galgala,
1255 2575 1355 2632 ego
1381 2560 1577 2630 quippe
1607 2559 1930 2615 descendam

346 2649 416 2705 ad
441 2658 514 2706 te.
535 2670 555 2703 ι
597 2651 667 2705 Et
693 2659 881 2721 postea
910 2650 1140 2705 infertur
1172 2668 1184 2703 :
1216 2670 1234 2702 ‹
1264 2649 1347 2705 Ad
1375 2648 1678 2705 offerendas
1703 2651 1932 2706 oblatio-

350 2760 370 2793 ι
401 2756 519 2807 nes,
551 2749 606 2798 et
633 2741 992 2796 immolandas
1030 2741 1279 2796 victimas
1307 2741 1564 2811 pacificas
1591 2750 1797 2812 septem
1819 2742 1934 2798 die-

352 2853 372 2886 ι
408 2833 510 2888 bus
538 2832 896 2904 exspectabis,
921 2833 1094 2888 donec
1127 2834 1340 2888 veniam
1368 2833 1437 2888 ad
1463 2841 1538 2900 te,
1564 2842 1620 2888 et
1645 2833 1931 2889 ostendam

352 2943 371 2976 α
406 2925 504 2980 tibi
538 2939 659 2993 quae
685 2923 876 2980 facias.
899 2944 919 2976 ι
955 2923 1073 2979 Non
1103 2939 1233 2996 ergo
1275 2924 1494 2980 Samuel
1524 2939 1678 2980 suum
1710 2931 1934 2994 praesto-

345 3015 449 3070 lari
479 3016 768 3071 adventum
806 3016 956 3072 Sauli
987 3026 1194 3087 septem
1217 3017 1428 3072 dierum
1467 3025 1707 3088 tempore
1734 3031 1936 3088 ιιι-κω

343 3109 459 3180 pit,
489 3109 586 3164 sed
639 3109 708 3164 ad
757 3108 1060 3165 offerendas
1118 3110 1440 3177 oblationes,
1469 3119 1524 3165 et
1575 3109 1935 3165 immolandas

345 3199 596 3256 victimas
637 3199 892 3270 paciﬁcus
939 3215 997 3256 se
1038 3202 1105 3256 ab
1135 3215 1201 3256 eo
1244 3200 1450 3256 eisdem
1494 3209 1702 3271 septem
1745 3199 1936 3254 diebus

2031 2017 2231 2088 partim
2259 2033 2357 2088 per
2384 2017 2688 2081 haereticos,
2714 2015 2914 2086 partim
2940 2029 3039 2086 per
3068 2013 3236 2069 falsos
3277 2012 3620 2070 Christianos

2030 2109 2320 2180 prohibere
2341 2110 2522 2164 studet
2542 2123 2612 2163 ne
2633 2108 2742 2163 sint
2763 2107 3012 2162 doctores
3034 2106 3089 2160 in
3110 2105 3350 2160 Ecclesia
3375 2105 3487 2174 qui,
3512 2104 3623 2173 spi-

2032 2200 2250 2254 ritualia
2273 2215 2424 2253 arma
2445 2197 2799 2262 fabricantes,
2819 2197 3230 2252 accommodent
3255 2194 3623 2266 pugnantibus

2030 2279 2373 2347 Christianis.
2424 2289 2626 2360 Pagani
2674 2289 2820 2343 enim
2845 2287 2926 2359 (ut
2973 2289 3028 2342 in
3074 2286 3319 2341 historiis
3367 2282 3622 2356 legimus)

2029 2382 2426 2452 prohibuerunt
2472 2395 2540 2434 ne
2575 2379 2870 2434 Christiani
2914 2377 3230 2432 liberalibus
3257 2375 3474 2440 studiis,
3501 2388 3624 2445 quae

2030 2473 2110 2528 illi
2143 2488 2242 2542 pro
2283 2471 2520 2526 maximo
2564 2471 2852 2534 ducebant,
2883 2469 3279 2522 imbuerentur.
3331 2465 3625 2521 Haereticos

2033 2565 2283 2620 similiter
2310 2563 2538 2634 legimus
2565 2561 2902 2632 persuasisse
2926 2557 3260 2629 principibus
3294 2556 3536 2627 gentium
3564 2563 3626 2609 ut

2035 2656 2320 2713 catholicae
2341 2655 2466 2710 fidei
2495 2653 2810 2710 defensores
2839 2653 2894 2706 in
2921 2651 3170 2705 exsilium
3192 2649 3490 2712 traderent,
3517 2662 3626 2718 quo

2034 2749 2248 2804 facilius
2292 2748 2504 2819 plebem
2542 2755 2765 2815 pastore
2809 2743 3124 2798 destitutam
3149 2756 3181 2795 a
3215 2741 3444 2796 veritate
3471 2753 3626 2794 aver-

2036 2849 2152 2896 tere
2171 2847 2412 2910 possent.
2439 2838 2594 2893 Nunc
2619 2837 2784 2891 etiam
2811 2836 2954 2890 idem
2973 2833 3146 2888 hostis
3175 2831 3431 2901 antiquus
3461 2830 3627 2886 simili

2035 2933 2198 2990 modo
2241 2917 2297 2986 in
2343 2946 2475 3002 pace
2519 2928 2777 2985 Ecclesia:
2831 2941 2924 2980 eos
2967 2925 3059 2994 qui
3108 2923 3319 2994 populis
3364 2929 3623 2993 praesunt,

2038 3039 2394 3097 quoscunque
2418 3030 2617 3094 potest,
2645 3021 2714 3075 ab
2740 3017 3001 3074 instantia
3030 3014 3351 3071 eruditionis
3380 3019 3628 3068 avertere

2038 3116 2259 3186 satagit,
2284 3129 2353 3169 ne
2379 3113 2610 3169 subditis
2637 3113 2832 3182 dogma
2861 3107 3108 3163 veritatis
3134 3105 3466 3176 impendant,
3495 3117 3630 3172 qua-

2038 3215 2202 3264 tenus
2243 3207 2362 3262 illos
2411 3207 2656 3262 incautos
2706 3203 2882 3258 lenius
2939 3199 3192 3270 decipere
3241 3196 3430 3268 possit.
3469 3213 3487 3245 ‹
3523 3193 3630 3250 Per

343 3291 516 3346 voluit
541 3291 865 3361 exspectari.
888 3290 1042 3358 Quod
1070 3291 1157 3345 ille
1178 3305 1522 3362 nequaquam
1547 3289 1702 3356 fecit;
1730 3299 1786 3344 et
1812 3288 1934 3344 ideo
1962 3288 2008 3350 C
2040 3299 2300 3354 invidiam
2321 3297 2466 3352 enim
2492 3293 2693 3350 diaboli
2720 3306 2869 3347 mors
2896 3289 3142 3344 introivit
3160 3287 3215 3342 in
3240 3295 3412 3341 totum
3437 3286 3629 3340 orbem

344 3385 545 3438 merito
593 3383 862 3453 culpatur,
891 3393 946 3436 et
994 3383 1237 3438 stultitiae
1268 3381 1444 3453 elogio
1491 3382 1796 3436 denotatur.
1831 3381 1939 3453 (Ex

343 3471 702 3545 Augustino.)
751 3473 904 3541 Quod
952 3481 1132 3527 autem
1182 3471 1312 3528 Saul
1363 3473 1679 3528 mandatum
1722 3473 1936 3528 Domini

345 3565 767 3636 transgredienti
820 3564 1038 3620 Samuel
1078 3566 1152 3620 ita
1197 3565 1400 3620 dixisse
1450 3564 1683 3635 legitur:
1713 3583 1730 3615 ι
1764 3564 1940 3622 Stulte

351 3675 371 3707 ι
409 3654 587 3726 egisti,
615 3669 718 3710 nec
745 3655 1028 3710 custodisti
1057 3653 1316 3708 mandata
1342 3653 1558 3709 Domini
1592 3653 1687 3708 Dei
1717 3655 1794 3708 tui
1818 3669 1939 3724 quae

353 3765 374 3799 ι
410 3746 668 3817 praecepit
694 3746 809 3802 tibi.
841 3745 994 3813 Quod
1023 3745 1070 3800 si
1094 3760 1200 3800 non
1229 3744 1256 3799 f
1268 3745 1478 3810 icisses,
1498 3743 1615 3813 jam
1639 3759 1783 3811 nunc
1804 3758 1942 3813 prae-

352 3852 375 3888 s
411 3844 656 3905 parasset
697 3835 957 3890 Dominus
990 3851 1221 3906 regnum
1269 3843 1421 3890 tuum
1471 3851 1636 3906 super
1681 3834 1848 3890 Israel
1881 3835 1938 3890 in

357 3949 376 3982 ι
413 3931 822 4001 sempiternum.
854 3928 959 3985 Sed
991 3945 1333 4001 nequaquam
1359 3947 1586 4002 regnum
1618 3937 1768 3985 tuum
1795 3931 1936 3987 ultra

357 4040 378 4074 ι
413 4028 719 4092 consurget.
757 4019 1015 4088 Quaesivit
1043 4021 1303 4077 Dominus
1329 4022 1432 4077 sibi
1460 4023 1637 4076 virum
1661 4023 1816 4092 juxta
1846 4037 1940 4078 cor

357 4131 378 4164 ‹
412 4127 566 4166 suum
585 4151 600 4177 ,
633 4119 690 4166 et
716 4110 974 4182 praecepit
999 4109 1051 4165 ei
1094 4110 1355 4166 Dominus
1378 4120 1439 4165 ut
1466 4119 1612 4166 esset
1639 4111 1748 4166 dux
1776 4126 1941 4182 super

362 4221 382 4255 ι
417 4203 672 4274 populum
719 4218 894 4270 suum,
926 4218 992 4258 eo
1016 4203 1160 4274 quod
1185 4219 1294 4258 non
1319 4204 1624 4259 servaveris
1656 4219 1775 4274 quae
1801 4218 1942 4274 prae-

359 4314 379 4347 ι
414 4295 557 4365 cepit
600 4293 892 4362 Dominus;
918 4313 936 4346 ι
971 4309 1078 4349 non
1128 4296 1206 4348 sic
1252 4294 1627 4364 accipiendum
1660 4304 1746 4348 est
1789 4309 1853 4348 ac
1893 4294 1942 4349 si

353 4390 530 4459 ipsum
557 4387 774 4444 Saulem
812 4387 952 4443 Deus
979 4388 1034 4441 in
1062 4397 1322 4441 aeternum
1367 4386 1641 4456 paraverit
1688 4395 1941 4456 regnatu-

354 4494 501 4546 rum,
528 4479 709 4535 ethoc
729 4486 916 4550 postea
944 4478 1178 4534 noluerit
1205 4491 1426 4532 servare
1452 4476 1700 4546 peccanti
1728 4493 1741 4529 :
1766 4489 1942 4546 neque

353 4571 500 4626 enim
528 4585 651 4626 eum
681 4578 1028 4642 peccaturum
1060 4585 1179 4625 esse
1203 4569 1510 4635 nesciebat,
1539 4569 1634 4624 sed
1661 4583 1936 4639 praepara-

2040 3399 2312 3446 terrarum
2340 3387 2496 3459 (Sap.
2529 3386 2612 3457 ιι).
2644 3405 2662 3436 ι
2699 3383 2983 3438 Imitantur
3028 3395 3152 3435 eum
3192 3379 3334 3434 enim
3375 3378 3468 3448 qui
3502 3385 3631 3432 sunt

2039 3501 2106 3543 ex
2134 3492 2288 3554 parte
2328 3481 2462 3551 ejus.
2510 3481 2663 3537 Unde
2690 3487 2746 3538 et
2783 3477 2984 3547 duplici
3025 3483 3180 3530 reatu
3215 3473 3461 3529 diabolus
3502 3488 3630 3529 con-

2040 3575 2348 3647 stringitur,
2375 3575 2479 3628 hoc
2535 3579 2619 3626 est
2654 3567 2920 3639 superbiae
2965 3574 3021 3621 et
3064 3563 3626 3634 invidiaezsuperbiaz,

2040 3683 2148 3738 qua
2176 3667 2290 3737 ipse
2318 3665 2542 3730 cecidit;
2574 3661 2809 3725 invidiae,
2843 3674 2950 3730 qua
2985 3657 3121 3712 alios
3146 3655 3377 3725 dejicere
3405 3663 3629 3710 conten-

2041 3759 2138 3814 dit.
2190 3754 2520 3811 Philisthiim
2563 3752 2708 3808 enim
2751 3751 3183 3820 interpretantur
3219 3745 3414 3814 duplex
3447 3745 3625 3811 ruina,

2039 3857 2094 3904 et
2118 3847 2350 3912 Hebraei,
2380 3852 2727 3900 transeuntes.
2765 3859 2784 3892 ‹
2814 3839 2931 3895 Non
2957 3838 3100 3894 enim
3126 3839 3216 3892 hic
3239 3836 3503 3892 habemus
3535 3837 3630 3890 do-

2040 3957 2190 3998 mum
2234 3946 2566 4002 manentem,
2605 3935 2700 3993 sed
2747 3942 3006 3990 aeternam
3034 3930 3364 4002 requirimus
3391 3930 3447 3984 in
3475 3927 3631 3985 caelis

2044 4032 2230 4106 (Hebr.
2261 4031 2406 4104 xm).
2433 4051 2451 4082 ι

2623 4158 2851 4216 CAPUT
2889 4155 3023 4210 XIV.

2045 4299 2200 4366 Quod
2228 4296 2364 4354 Saul
2389 4294 2736 4366 dimicaturus
2756 4291 3004 4366 adversus
3030 4287 3354 4366 Philisthiim
3387 4286 3628 4366 universo

2113 4367 2366 4423 exercitui
2397 4365 2588 4418 indixit
2609 4363 2899 4436 jejunium,
2925 4359 3063 4436 quod
3087 4356 3349 4436 Jonatltas
3380 4356 3630 4436 ignorans

2114 4455 2205 4508 per
2234 4436 2583 4508 gustationem
2609 4425 2796 4508 'niellis
2837 4425 3026 4508 fregit,
3058 4437 3104 4481 et
3135 4427 3196 4479 ob
3225 4428 3322 4480 hoc
3350 4425 3436 4481 vix
3459 4425 3630 4495 preci-

2115 4501 2210 4562 bus
2234 4501 2416 4577 populi
2443 4520 2476 4556 a
2505 4518 2626 4557 nece
2648 4501 2898 4553 liberatus
2927 4507 3023 4551 est.

353 4671 509 4717 verat
535 4634 760 4730 regnum
784 4660 920 4730 ejus,
948 4661 1003 4715 in
1031 4676 1138 4731 quo
1163 4661 1334 4732 ﬁgura
1359 4660 1514 4732 regni
1558 4634 1700 4716 esset
1724 4634 1933 4715 aaierni.
1961 4634 2017 4695 D
2114 4662 2325 4718 Interea
2367 4658 2514 4724 Saul,
2546 4658 2670 4712 dum
2695 4660 2940 4726 pergeret
2987 4650 3340 4707 dimicaturus
3369 4647 3628 4703 adversus

353 4754 479 4810 Ideo
503 4769 630 4825 ergo
651 4755 889 4810 addidit:
921 4772 938 4804 ι
973 4753 1040 4808 Ει
1059 4769 1201 4808 nunc
1222 4769 1450 4824 regnum
1472 4744 1628 4807 tuum
1645 4769 1752 4808 non
1777 4751 1943 4808 stabit

355 4845 475 4901 tibi.
508 4864 526 4897 ι
559 4844 722 4900 Stetit
765 4859 894 4915 ergo
919 4851 975 4898 et
1001 4843 1165 4898 stabit
1200 4843 1344 4912 quod
1374 4843 1429 4896 in
1455 4842 1547 4896 illo
1578 4842 1938 4914 significatum

355 4945 460 4992 est.
495 4934 603 4992 Sed
633 4951 743 4992 non
774 4936 902 4990 hinc
926 4934 1110 5001 stabit,
1139 4933 1266 5004 quia
1295 4949 1402 4988 non
1431 4933 1487 4986 in
1532 4943 1796 4987 aeternum
1825 4933 1941 5001 ipse

357 5026 538 5083 fuerat
561 5034 902 5097 regnaturus,
928 5041 1029 5081 nec
1049 5025 1334 5096 progenies
1355 5024 1472 5095 ejus
1497 5043 1510 5078 :
1534 5035 1593 5078 ut
1619 5023 1811 5079 saltem
1840 5038 1939 5094 per

357 5128 627 5190 posteros,
658 5119 887 5174 alterum
931 5118 1086 5173 alteri
1131 5115 1502 5183 succedentes,
1531 5116 1808 5172 videretur
1837 5117 1938 5171 im-

357 5210 518 5282 pleri,
547 5211 690 5280 quod
715 5210 919 5265 dictum
939 5217 1042 5274 est,
1080 5225 1098 5259 ι
1126 5209 1181 5263 in
1202 5217 1487 5275 aeternum,
1513 5228 1532 5260 ι
1561 5216 1667 5264 etc.

315 5374 323 5380 _
439 5322 458 5356 ι
492 5304 560 5359 Et
587 5303 800 5376 quaerit,
828 5302 1020 5372 inquit,
1053 5301 1312 5356 Dominus
1337 5302 1439 5357 sibi
1464 5302 1756 5365 hominem,
1783 5321 1802 5352 ι
1829 5309 1937 5356 etc.

364 5395 492 5451 Sive
532 5396 720 5460 David,
753 5395 865 5449 sive
894 5394 1070 5462 ipsum
1099 5391 1450 5448 Mediatorem
1496 5391 1807 5463 significans
1835 5390 1940 5446 Te-

363 5489 618 5545 stamenti
646 5487 800 5554 Novi,
836 5488 928 5558 qui
961 5487 1290 5557 ﬁgurabatur
1336 5487 1390 5541 in
1436 5486 1732 5541 chrismate
1777 5486 1944 5540 etiam

363 5581 421 5636 in
447 5596 555 5651 quo
585 5589 778 5635 unctus
811 5587 894 5634 est
922 5579 1036 5649 ipse
1069 5578 1237 5632 David
1263 5587 1318 5632 et
1344 5577 1629 5647 progenies
1655 5575 1799 5645 ejus;
1830 5591 1940 5631 non

367 5682 549 5728 autem
595 5674 746 5743 quasi
787 5673 991 5726 nesciat
1024 5671 1114 5724 ubi
1151 5670 1237 5734 sit,
1265 5669 1339 5723 ita
1367 5669 1469 5723 sibi
1497 5668 1769 5722 hominem
1800 5667 1941 5722 Deus

367 5767 562 5837 quaerit
590 5785 603 5820 :
627 5765 717 5820 sed
746 5780 844 5833 per
871 5764 1168 5828 hominem,
1196 5776 1346 5816 more
1372 5761 1650 5817 hominum
1680 5758 1938 5828 loquitur,

369 5862 497 5932 quia
528 5871 584 5916 et
618 5861 697 5916 sic
734 5859 1000 5919 loquendo
1033 5873 1130 5912 nos
1171 5855 1382 5927 quaerit.
1424 5853 1544 5911 Non
1584 5853 1758 5910 solum
1796 5853 1941 5908 enim

618 5959 888 6018 Punon.
936 5950 1098 6014 CIX.

2045 4753 2396 4814 Philisthiim,
2430 4748 2625 4804 indixit
2665 4753 2864 4801 cuncto
2891 4740 3156 4799 exercitui
3177 4738 3463 4810 jejunium,
3493 4751 3628 4807 quo-

2042 4859 2216 4914 usque
2264 4847 2668 4898 reverterentur
2702 4852 2732 4890 a
2772 4834 2978 4906 praelio.
3026 4831 3133 4888 Sed
3177 4829 3438 4885 Jonathas
3486 4827 3630 4882 ﬁlius

2045 4939 2182 5008 ejus,
2212 4949 2371 5006 super
2397 4932 2590 4988 faciem
2633 4930 2747 5001 agri
2788 4928 2894 4984 mel
2921 4927 3129 4990 videns,
3160 4941 3178 4974 ‹
3207 4919 3451 4976 extendit
3478 4932 3628 4972 sum-

2048 5029 2293 5083 mitatem
2320 5024 2507 5094 virgae,
2535 5031 2589 5077 et
2609 5019 2828 5075 intinxit
2849 5017 2904 5072 in
2927 5016 3107 5070 favum
3136 5009 3332 5075 mellis,
3358 5016 3409 5062 et
3438 5015 3625 5079 gusta-

2049 5119 2148 5184 vit,
2174 5124 2230 5172 et
2259 5112 2544 5170 illuminati
2567 5118 2690 5166 sunt
2717 5107 2862 5164 oculi
2890 5105 3026 5174 ejus,
3057 5121 3076 5153 ι
3103 5108 3211 5156 etc.
3237 5097 3347 5170 (Ex
3370 5096 3626 5169 Isidoro.)

2048 5214 2166 5270 Non
2193 5212 2380 5282 utique
2408 5210 2476 5264 ad
2501 5207 2786 5263 videndum
2836 5197 3121 5256 illuminati
3139 5236 3155 5262 ,
3185 5194 3278 5266 qui
3321 5199 3449 5248 ante
3476 5189 3629 5243 vide-

2045 5309 2167 5374 bat;
2202 5307 2296 5362 sed
2351 5305 2416 5358 ad
2471 5297 2908 5359 discernendum,
2955 5292 3082 5363 quia
3132 5288 3298 5345 vetita
3350 5284 3625 5355 tetigerat.

2047 5400 2198 5454 Tunc
2227 5395 2371 5450 enim
2399 5407 2557 5448 casus
2585 5389 2693 5452 ille,
2719 5385 2858 5440 sicut
2887 5391 2942 5439 et
2974 5381 3166 5444 Adam,
3200 5377 3329 5433 fecit
3369 5374 3521 5429 illum
3545 5377 3628 5424 at-

2048 5496 2275 5551 tentum,
2317 5482 2654 5549 reddiditque
2689 5474 2992 5531 confusum.
3043 5471 3161 5538 Quo
3200 5467 3344 5522 facto
3374 5469 3628 5518 monetur

2047 5592 2235 5635 omnes
2264 5573 2545 5630 illecebras
2580 5567 2911 5636 voluptatum
2942 5564 2997 5617 in
3026 5558 3223 5616 saeculo
3251 5555 3449 5610 debere
3491 5565 3624 5605 con—

2049 5678 2289 5722 temnere
2316 5665 2364 5718 is
2395 5661 2486 5730 qui
2516 5660 2627 5714 Deo
2655 5657 2846 5711 nititur
2871 5653 3123 5714 militare,
3156 5655 3211 5702 et
3241 5644 3475 5715 Spiritus
3503 5654 3627 5730 san-

2047 5758 2118 5813 cti
2140 5726 2538 5826 particeps‘jam
2565 5748 2759 5810 factus,
2788 5741 3118 5814 spiritalibus
3135 5736 3329 5792 castris
3349 5748 3407 5787 sc
3429 5726 3623 5826 inserit

2047 5820 2402 5919 pugnaturus.
2441 5839 2595 5908 Quod
2641 5839 2777 5893 bene
2815 5833 3056 5889 Jonathar
3105 5842 3302 5972 "0111;"
3344 5820 3616 5890 exprimit.
